  <div class='ocr_page' id='page_1' title='image "/cluster/home/n/w/nwhite01/storage/ocr_20150623/22/mdp.39015078384388/609.png"; bbox 0 0 3926 6260; ppageno 0'>
   <div class='ocr_carea' id='block_1_1' title="bbox 420 339 559 395">
    <p class='ocr_par' dir='ltr' id='par_1_1' title="bbox 420 339 559 395">
     <span class='ocr_line' id='line_1_1' title="bbox 420 339 559 395; baseline 0.014 -2"><span class='ocrx_word' id='word_1_1' title='bbox 420 339 559 395; x_wconf 70' lang='grc'>1133</span> 
     </span>
    </p>
   </div>
   <div class='ocr_carea' id='block_1_2' title="bbox 1106 331 3043 393">
    <p class='ocr_par' dir='ltr' id='par_1_2' title="bbox 1106 331 3043 393">
     <span class='ocr_line' id='line_1_2' title="bbox 1106 331 3043 393; baseline -0.001 -5"><span class='ocrx_word' id='word_1_2' title='bbox 1106 332 1375 391; x_wconf 81' lang='lat' dir='ltr'>EUSEBII</span> <span class='ocrx_word' id='word_1_3' title='bbox 1408 332 1885 390; x_wconf 63' lang='lat' dir='ltr'>CAESARIENSIS</span> <span class='ocrx_word' id='word_1_4' title='bbox 1920 331 2072 391; x_wconf 82' lang='lat' dir='ltr'>OPP.</span> <span class='ocrx_word' id='word_1_5' title='bbox 2110 332 2309 391; x_wconf 79' lang='lat' dir='ltr'><strong>PARS.</strong></span> <span class='ocrx_word' id='word_1_6' title='bbox 2349 334 2437 393; x_wconf 82' lang='lat' dir='ltr'><strong>Ill.</strong></span> <span class='ocrx_word' id='word_1_7' title='bbox 2475 366 2546 377; x_wconf 93' lang='grc'>--</span> <span class='ocrx_word' id='word_1_8' title='bbox 2581 331 2987 389; x_wconf 73' lang='lat' dir='ltr'><strong>EXECETICA.</strong></span> <span class='ocrx_word' id='word_1_9' title='bbox 3030 375 3043 387; x_wconf 53' lang='grc' dir='ltr'>ι</span> 
     </span>
    </p>
   </div>
   <div class='ocr_carea' id='block_1_3' title="bbox 3516 331 3645 387">
    <p class='ocr_par' dir='ltr' id='par_1_3' title="bbox 3516 331 3645 387">
     <span class='ocr_line' id='line_1_3' title="bbox 3516 331 3645 387; baseline 0.016 -2"><span class='ocrx_word' id='word_1_10' title='bbox 3516 331 3645 387; x_wconf 63' lang='grc'>1181</span> 
     </span>
    </p>
   </div>
   <div class='ocr_carea' id='block_1_4' title="bbox 417 445 1994 522">
    <p class='ocr_par' dir='ltr' id='par_1_4' title="bbox 417 448 1993 519">
     <span class='ocr_line' id='line_1_4' title="bbox 417 448 1993 519; baseline -0.002 -13"><span class='ocrx_word' id='word_1_11' title='bbox 417 451 622 507; x_wconf 82' lang='lat' dir='ltr'><strong>Novem</strong></span> <span class='ocrx_word' id='word_1_12' title='bbox 668 455 723 506; x_wconf 85' lang='lat' dir='ltr'>et</span> <span class='ocrx_word' id='word_1_13' title='bbox 762 449 1040 519; x_wconf 76' lang='lat' dir='ltr'><strong>sexaginta</strong></span> <span class='ocrx_word' id='word_1_14' title='bbox 1083 448 1299 505; x_wconf 78' lang='lat' dir='ltr'><strong>emuent</strong></span> <span class='ocrx_word' id='word_1_15' title='bbox 1330 448 1728 516; x_wconf 78' lang='lat' dir='ltr'><strong>hebdomadas,</strong></span> <span class='ocrx_word' id='word_1_16' title='bbox 1784 449 1993 506; x_wconf 83' lang='lat' dir='ltr'><strong>scilicet</strong></span> 
     </span>
    </p>
   </div>
   <div class='ocr_carea' id='block_1_5' title="bbox 2098 445 3646 522">
    <p class='ocr_par' dir='ltr' id='par_1_5' title="bbox 2098 445 3646 522">
     <span class='ocr_line' id='line_1_5' title="bbox 2098 445 3646 522; baseline -0.006 -17"><span class='ocrx_word' id='word_1_17' title='bbox 2098 453 2121 505; x_wconf 75' lang='grc' dir='ltr'>δ</span> <span class='ocrx_word' id='word_1_18' title='bbox 2152 452 2244 505; x_wconf 76' lang='grc' dir='ltr'>καὶ</span> <span class='ocrx_word' id='word_1_19' title='bbox 2289 449 2711 522; x_wconf 79' lang='grc' dir='ltr'>Ἀριστόϐουλος,</span> <span class='ocrx_word' id='word_1_20' title='bbox 2744 448 3041 519; x_wconf 73' lang='grc' dir='ltr'>διαδέχεται</span> <span class='ocrx_word' id='word_1_21' title='bbox 3059 463 3073 478; x_wconf 82' lang='grc'><em>’</em></span> <span class='ocrx_word' id='word_1_22' title='bbox 3104 446 3198 500; x_wconf 78' lang='grc' dir='ltr'>καὶ</span> <span class='ocrx_word' id='word_1_23' title='bbox 3222 445 3438 517; x_wconf 83' lang='grc' dir='ltr'>πρῶτος</span> <span class='ocrx_word' id='word_1_24' title='bbox 3461 445 3556 498; x_wconf 65' lang='grc' dir='ltr'>ἔπι</span> <span class='ocrx_word' id='word_1_25' title='bbox 3587 448 3646 516; x_wconf 69' lang='grc' dir='ltr'>τῇ</span> 
     </span>
    </p>
   </div>
   <div class='ocr_carea' id='block_1_6' title="bbox 420 538 1988 610">
    <p class='ocr_par' dir='ltr' id='par_1_6' title="bbox 420 538 1988 610">
     <span class='ocr_line' id='line_1_6' title="bbox 420 538 1988 610; baseline -0.002 -13"><span class='ocrx_word' id='word_1_26' title='bbox 420 544 583 598; x_wconf 86' lang='lat' dir='ltr'><strong>trium</strong></span> <span class='ocrx_word' id='word_1_27' title='bbox 624 550 677 597; x_wconf 91' lang='lat' dir='ltr'>et</span> <span class='ocrx_word' id='word_1_28' title='bbox 724 540 999 610; x_wconf 89' lang='lat' dir='ltr'><strong>octoginta</strong></span> <span class='ocrx_word' id='word_1_29' title='bbox 1038 547 1092 594; x_wconf 93' lang='lat' dir='ltr'>et</span> <span class='ocrx_word' id='word_1_30' title='bbox 1147 538 1665 610; x_wconf 70' lang='lat' dir='ltr'><strong>quadringentorum</strong></span> <span class='ocrx_word' id='word_1_31' title='bbox 1719 554 1988 595; x_wconf 90' lang='lat' dir='ltr'><strong>annorum</strong></span> 
     </span>
    </p>
   </div>
   <div class='ocr_carea' id='block_1_7' title="bbox 418 630 1992 705">
    <p class='ocr_par' dir='ltr' id='par_1_7' title="bbox 418 630 1992 705">
     <span class='ocr_line' id='line_1_7' title="bbox 418 630 1992 705; baseline -0.003 -15"><span class='ocrx_word' id='word_1_32' title='bbox 418 638 689 705; x_wconf 87' lang='lat' dir='ltr'><strong>spatium,</strong></span> <span class='ocrx_word' id='word_1_33' title='bbox 748 632 802 687; x_wconf 92' lang='lat' dir='ltr'>in</span> <span class='ocrx_word' id='word_1_34' title='bbox 855 648 970 703; x_wconf 91' lang='lat' dir='ltr'>quo</span> <span class='ocrx_word' id='word_1_35' title='bbox 1020 632 1260 687; x_wconf 87' lang='lat' dir='ltr'><strong>christus</strong></span> <span class='ocrx_word' id='word_1_36' title='bbox 1310 647 1666 702; x_wconf 86' lang='lat' dir='ltr'><strong>summusque</strong></span> <span class='ocrx_word' id='word_1_37' title='bbox 1732 630 1992 687; x_wconf 78' lang='lat' dir='ltr'>sacerdos</span> 
     </span>
    </p>
   </div>
   <div class='ocr_carea' id='block_1_8' title="bbox 420 721 1991 793">
    <p class='ocr_par' dir='ltr' id='par_1_8' title="bbox 420 721 1991 793">
     <span class='ocr_line' id='line_1_8' title="bbox 420 721 1991 793; baseline -0.001 -15"><span class='ocrx_word' id='word_1_38' title='bbox 420 728 537 780; x_wconf 79' lang='lat' dir='ltr'><strong>vice</strong></span> <span class='ocrx_word' id='word_1_39' title='bbox 583 723 840 779; x_wconf 87' lang='lat' dir='ltr'><strong>continua</strong></span> <span class='ocrx_word' id='word_1_40' title='bbox 901 722 1007 777; x_wconf 80' lang='lat' dir='ltr'><strong>dux</strong></span> <span class='ocrx_word' id='word_1_41' title='bbox 1071 722 1255 792; x_wconf 86' lang='lat' dir='ltr'><strong>populi</strong></span> <span class='ocrx_word' id='word_1_42' title='bbox 1307 723 1468 778; x_wconf 81' lang='lat' dir='ltr'><strong>rebus</strong></span> <span class='ocrx_word' id='word_1_43' title='bbox 1518 721 1751 793; x_wconf 66' lang='lat' dir='ltr'><strong>praeerit.</strong></span> <span class='ocrx_word' id='word_1_44' title='bbox 1815 722 1991 792; x_wconf 82' lang='lat' dir='ltr'><strong>Atque</strong></span> 
     </span>
    </p>
   </div>
   <div class='ocr_carea' id='block_1_9' title="bbox 419 813 1991 886">
    <p class='ocr_par' dir='ltr' id='par_1_9' title="bbox 419 813 1991 886">
     <span class='ocr_line' id='line_1_9' title="bbox 419 813 1991 886; baseline -0.001 -18"><span class='ocrx_word' id='word_1_45' title='bbox 419 817 585 886; x_wconf 81' lang='lat' dir='ltr'><strong>igitur</strong></span> <span class='ocrx_word' id='word_1_46' title='bbox 613 815 836 870; x_wconf 87' lang='lat' dir='ltr'><strong>cuilibet</strong></span> <span class='ocrx_word' id='word_1_47' title='bbox 866 813 1211 869; x_wconf 86' lang='lat' dir='ltr'><strong>manifestum</strong></span> <span class='ocrx_word' id='word_1_48' title='bbox 1240 814 1453 868; x_wconf 90' lang='lat' dir='ltr'><strong>videtur</strong></span> <span class='ocrx_word' id='word_1_49' title='bbox 1489 813 1556 870; x_wconf 90' lang='lat' dir='ltr'>iis</span> <span class='ocrx_word' id='word_1_50' title='bbox 1605 829 1727 883; x_wconf 75' lang='lat' dir='ltr'><strong>qua:</strong></span> <span class='ocrx_word' id='word_1_51' title='bbox 1763 813 1991 868; x_wconf 82' lang='lat' dir='ltr'><strong>demon-</strong></span> 
     </span>
    </p>
   </div>
   <div class='ocr_carea' id='block_1_10' title="bbox 418 905 1989 977">
    <p class='ocr_par' dir='ltr' id='par_1_10' title="bbox 418 905 1989 977">
     <span class='ocr_line' id='line_1_10' title="bbox 418 905 1989 977; baseline -0.003 -13"><span class='ocrx_word' id='word_1_52' title='bbox 418 907 710 964; x_wconf 80' lang='lat' dir='ltr'><strong>stravimus</strong></span> <span class='ocrx_word' id='word_1_53' title='bbox 739 915 817 960; x_wconf 92' lang='lat' dir='ltr'>tot</span> <span class='ocrx_word' id='word_1_54' title='bbox 844 907 1059 976; x_wconf 79' lang='lat' dir='ltr'><strong>elapsos</strong></span> <span class='ocrx_word' id='word_1_55' title='bbox 1091 905 1262 961; x_wconf 88' lang='lat' dir='ltr'><strong>fuisse</strong></span> <span class='ocrx_word' id='word_1_56' title='bbox 1287 921 1463 960; x_wconf 86' lang='lat' dir='ltr'><strong>annos</strong></span> <span class='ocrx_word' id='word_1_57' title='bbox 1489 921 1518 959; x_wconf 91' lang='lat' dir='ltr'>a</span> <span class='ocrx_word' id='word_1_58' title='bbox 1564 906 1707 977; x_wconf 90' lang='lat' dir='ltr'><strong>Cyro</strong></span> <span class='ocrx_word' id='word_1_59' title='bbox 1751 906 1817 960; x_wconf 90' lang='lat' dir='ltr'>ad</span> <span class='ocrx_word' id='word_1_60' title='bbox 1858 906 1989 960; x_wconf 89' lang='lat' dir='ltr'><strong>Ale-</strong></span> 
     </span>
    </p>
   </div>
   <div class='ocr_carea' id='block_1_11' title="bbox 418 995 1993 1066">
    <p class='ocr_par' dir='ltr' id='par_1_11' title="bbox 418 995 1993 1066">
     <span class='ocr_line' id='line_1_11' title="bbox 418 995 1993 1066; baseline -0.002 -14"><span class='ocrx_word' id='word_1_61' title='bbox 418 997 610 1053; x_wconf 76' lang='lat' dir='ltr'><strong>xandri</strong></span> <span class='ocrx_word' id='word_1_62' title='bbox 646 1005 896 1058; x_wconf 89' lang='lat' dir='ltr'><strong>mortem,</strong></span> <span class='ocrx_word' id='word_1_63' title='bbox 933 996 1106 1049; x_wconf 79' lang='lat' dir='ltr'><strong>ultimi</strong></span> <span class='ocrx_word' id='word_1_64' title='bbox 1129 1012 1159 1051; x_wconf 91' lang='lat' dir='ltr'>e</span> <span class='ocrx_word' id='word_1_65' title='bbox 1180 996 1411 1052; x_wconf 87' lang='lat' dir='ltr'><strong>summis</strong></span> <span class='ocrx_word' id='word_1_66' title='bbox 1435 996 1812 1051; x_wconf 77' lang='lat' dir='ltr'><strong>sacerdotibus</strong></span> <span class='ocrx_word' id='word_1_67' title='bbox 1841 995 1993 1066; x_wconf 85' lang='lat' dir='ltr'><strong>prin-</strong></span> 
     </span>
    </p>
   </div>
   <div class='ocr_carea' id='block_1_12' title="bbox 419 1088 1992 1161">
    <p class='ocr_par' dir='ltr' id='par_1_12' title="bbox 419 1088 1992 1161">
     <span class='ocr_line' id='line_1_12' title="bbox 419 1088 1992 1161; baseline -0.001 -16"><span class='ocrx_word' id='word_1_68' title='bbox 419 1090 576 1161; x_wconf 81' lang='lat' dir='ltr'><strong>cipis.</strong></span> <span class='ocrx_word' id='word_1_69' title='bbox 610 1090 727 1143; x_wconf 81' lang='lat' dir='ltr'><strong>Hoc</strong></span> <span class='ocrx_word' id='word_1_70' title='bbox 760 1088 906 1143; x_wconf 90' lang='lat' dir='ltr'><strong>enim</strong></span> <span class='ocrx_word' id='word_1_71' title='bbox 938 1097 1152 1141; x_wconf 89' lang='lat' dir='ltr'><strong>mortuo</strong></span> <span class='ocrx_word' id='word_1_72' title='bbox 1182 1090 1296 1144; x_wconf 86' lang='lat' dir='ltr'><strong>sola</strong></span> <span class='ocrx_word' id='word_1_73' title='bbox 1320 1089 1559 1142; x_wconf 89' lang='lat' dir='ltr'><strong>omnium</strong></span> <span class='ocrx_word' id='word_1_74' title='bbox 1600 1104 1772 1158; x_wconf 90' lang='lat' dir='ltr'><strong>usque</strong></span> <span class='ocrx_word' id='word_1_75' title='bbox 1798 1088 1865 1142; x_wconf 90' lang='lat' dir='ltr'>ad</span> <span class='ocrx_word' id='word_1_76' title='bbox 1887 1089 1992 1143; x_wconf 90' lang='lat' dir='ltr'>hoc</span> 
     </span>
    </p>
   </div>
   <div class='ocr_carea' id='block_1_13' title="bbox 419 1178 1993 1252">
    <p class='ocr_par' dir='ltr' id='par_1_13' title="bbox 419 1178 1993 1252">
     <span class='ocr_line' id='line_1_13' title="bbox 419 1178 1993 1252; baseline -0.003 -14"><span class='ocrx_word' id='word_1_77' title='bbox 419 1181 682 1252; x_wconf 80' lang='lat' dir='ltr'><strong>temporis</strong></span> <span class='ocrx_word' id='word_1_78' title='bbox 730 1181 925 1235; x_wconf 88' lang='lat' dir='ltr'><strong>mulier</strong></span> <span class='ocrx_word' id='word_1_79' title='bbox 970 1180 1148 1250; x_wconf 84' lang='lat' dir='ltr'><strong>gentis</strong></span> <span class='ocrx_word' id='word_1_80' title='bbox 1200 1180 1437 1234; x_wconf 82' lang='lat' dir='ltr'><strong>obtinuit</strong></span> <span class='ocrx_word' id='word_1_81' title='bbox 1476 1195 1724 1250; x_wconf 78' lang='lat' dir='ltr'><strong>regnum.</strong></span> <span class='ocrx_word' id='word_1_82' title='bbox 1773 1178 1845 1232; x_wconf 73' lang='lat' dir='ltr'><strong>Ex</strong></span> <span class='ocrx_word' id='word_1_83' title='bbox 1882 1194 1993 1250; x_wconf 91' lang='lat' dir='ltr'>quo</span> 
     </span>
    </p>
   </div>
   <div class='ocr_carea' id='block_1_14' title="bbox 417 1270 1993 1341">
    <p class='ocr_par' dir='ltr' id='par_1_14' title="bbox 417 1270 1993 1341">
     <span class='ocr_line' id='line_1_14' title="bbox 417 1270 1993 1341; baseline -0.003 -11"><span class='ocrx_word' id='word_1_84' title='bbox 417 1272 728 1330; x_wconf 65' lang='lat' dir='ltr'><strong>Iudaeorum</strong></span> <span class='ocrx_word' id='word_1_85' title='bbox 762 1271 1099 1341; x_wconf 85' lang='lat' dir='ltr'><strong>principatus</strong></span> <span class='ocrx_word' id='word_1_86' title='bbox 1128 1270 1290 1326; x_wconf 88' lang='lat' dir='ltr'><strong>simul</strong></span> <span class='ocrx_word' id='word_1_87' title='bbox 1332 1280 1386 1325; x_wconf 91' lang='lat' dir='ltr'>et</span> <span class='ocrx_word' id='word_1_88' title='bbox 1431 1285 1704 1326; x_wconf 88' lang='lat' dir='ltr'><strong>summum</strong></span> <span class='ocrx_word' id='word_1_89' title='bbox 1736 1271 1993 1325; x_wconf 80' lang='lat' dir='ltr'><strong>sacerdo-</strong></span> 
     </span>
    </p>
   </div>
   <div class='ocr_carea' id='block_1_15' title="bbox 419 1361 1990 1433">
    <p class='ocr_par' dir='ltr' id='par_1_15' title="bbox 419 1361 1990 1433">
     <span class='ocr_line' id='line_1_15' title="bbox 419 1361 1990 1433; baseline -0.003 -13"><span class='ocrx_word' id='word_1_90' title='bbox 419 1366 588 1427; x_wconf 89' lang='lat' dir='ltr'><strong>tium,</strong></span> <span class='ocrx_word' id='word_1_91' title='bbox 633 1362 782 1433; x_wconf 89' lang='lat' dir='ltr'><strong>prius</strong></span> <span class='ocrx_word' id='word_1_92' title='bbox 831 1362 1124 1431; x_wconf 85' lang='lat' dir='ltr'><strong>copulata,</strong></span> <span class='ocrx_word' id='word_1_93' title='bbox 1173 1369 1516 1431; x_wconf 85' lang='lat' dir='ltr'><strong>separantur.</strong></span> <span class='ocrx_word' id='word_1_94' title='bbox 1565 1361 1803 1431; x_wconf 87' lang='lat' dir='ltr'><strong>Accepto</strong></span> <span class='ocrx_word' id='word_1_95' title='bbox 1845 1361 1990 1416; x_wconf 77' lang='lat' dir='ltr'><strong>enim</strong></span> 
     </span>
    </p>
   </div>
   <div class='ocr_carea' id='block_1_16' title="bbox 418 1452 1993 1525">
    <p class='ocr_par' dir='ltr' id='par_1_16' title="bbox 418 1452 1993 1525">
     <span class='ocr_line' id='line_1_16' title="bbox 418 1452 1993 1525; baseline -0.002 -14"><span class='ocrx_word' id='word_1_96' title='bbox 418 1456 725 1512; x_wconf 77' lang='lat' dir='ltr'><strong>Alexandra</strong></span> <span class='ocrx_word' id='word_1_97' title='bbox 784 1455 1039 1524; x_wconf 84' lang='lat' dir='ltr'><strong>imperio,</strong></span> <span class='ocrx_word' id='word_1_98' title='bbox 1096 1468 1368 1508; x_wconf 90' lang='lat' dir='ltr'><strong>summum</strong></span> <span class='ocrx_word' id='word_1_99' title='bbox 1427 1454 1537 1508; x_wconf 85' lang='lat' dir='ltr'><strong>filio</strong></span> <span class='ocrx_word' id='word_1_100' title='bbox 1592 1469 1693 1509; x_wconf 90' lang='lat' dir='ltr'>suo</span> <span class='ocrx_word' id='word_1_101' title='bbox 1740 1452 1993 1525; x_wconf 86' lang='lat' dir='ltr'><strong>Hyrcano</strong></span> 
     </span>
    </p>
   </div>
   <div class='ocr_carea' id='block_1_17' title="bbox 418 1542 1984 1612">
    <p class='ocr_par' dir='ltr' id='par_1_17' title="bbox 418 1542 1984 1612">
     <span class='ocr_line' id='line_1_17' title="bbox 418 1542 1984 1612; baseline -0.003 -12"><span class='ocrx_word' id='word_1_102' title='bbox 418 1544 784 1601; x_wconf 77' lang='lat' dir='ltr'><strong>sacerdotium</strong></span> <span class='ocrx_word' id='word_1_103' title='bbox 837 1542 1103 1606; x_wconf 88' lang='lat' dir='ltr'><strong>tradidit,</strong></span> <span class='ocrx_word' id='word_1_104' title='bbox 1159 1549 1215 1597; x_wconf 91' lang='lat' dir='ltr'>et</span> <span class='ocrx_word' id='word_1_105' title='bbox 1275 1552 1399 1612; x_wconf 90' lang='lat' dir='ltr'><strong>post</strong></span> <span class='ocrx_word' id='word_1_106' title='bbox 1466 1559 1659 1600; x_wconf 85' lang='lat' dir='ltr'><strong>novem</strong></span> <span class='ocrx_word' id='word_1_107' title='bbox 1717 1559 1984 1599; x_wconf 90' lang='lat' dir='ltr'><strong>annorum</strong></span> 
     </span>
    </p>
   </div>
   <div class='ocr_carea' id='block_1_18' title="bbox 420 1634 1993 1708">
    <p class='ocr_par' dir='ltr' id='par_1_18' title="bbox 420 1634 1993 1708">
     <span class='ocr_line' id='line_1_18' title="bbox 420 1634 1993 1708; baseline 0.001 -19"><span class='ocrx_word' id='word_1_108' title='bbox 420 1651 647 1705; x_wconf 86' lang='lat' dir='ltr'><strong>regnum</strong></span> <span class='ocrx_word' id='word_1_109' title='bbox 690 1636 840 1690; x_wconf 90' lang='lat' dir='ltr'><strong>obiit.</strong></span> <span class='ocrx_word' id='word_1_110' title='bbox 879 1634 1083 1690; x_wconf 89' lang='lat' dir='ltr'><strong>Deinde</strong></span> <span class='ocrx_word' id='word_1_111' title='bbox 1127 1634 1507 1699; x_wconf 84' lang='lat' dir='ltr'><strong>Aristobulus.</strong></span> <span class='ocrx_word' id='word_1_112' title='bbox 1543 1638 1683 1694; x_wconf 88' lang='lat' dir='ltr'><strong>alius</strong></span> <span class='ocrx_word' id='word_1_113' title='bbox 1718 1638 1833 1708; x_wconf 91' lang='lat' dir='ltr'><strong>ipse</strong></span> <span class='ocrx_word' id='word_1_114' title='bbox 1879 1638 1993 1707; x_wconf 86' lang='lat' dir='ltr'><strong>ple-</strong></span> 
     </span>
    </p>
   </div>
   <div class='ocr_carea' id='block_1_19' title="bbox 420 1724 1992 1798">
    <p class='ocr_par' dir='ltr' id='par_1_19' title="bbox 420 1724 1992 1798">
     <span class='ocr_line' id='line_1_19' title="bbox 420 1724 1992 1798; baseline 0.001 -20"><span class='ocrx_word' id='word_1_115' title='bbox 420 1740 652 1794; x_wconf 81' lang='lat' dir='ltr'><strong>rumque</strong></span> <span class='ocrx_word' id='word_1_116' title='bbox 678 1740 801 1779; x_wconf 87' lang='lat' dir='ltr'>cum</span> <span class='ocrx_word' id='word_1_117' title='bbox 836 1724 1001 1781; x_wconf 83' lang='lat' dir='ltr'><strong>fratre</strong></span> <span class='ocrx_word' id='word_1_118' title='bbox 1027 1726 1265 1798; x_wconf 88' lang='lat' dir='ltr'><strong>litigans,</strong></span> <span class='ocrx_word' id='word_1_119' title='bbox 1302 1727 1452 1783; x_wconf 90' lang='lat' dir='ltr'><strong>illum</strong></span> <span class='ocrx_word' id='word_1_120' title='bbox 1492 1743 1705 1783; x_wconf 87' lang='lat' dir='ltr'><strong>summo</strong></span> <span class='ocrx_word' id='word_1_121' title='bbox 1736 1728 1992 1782; x_wconf 76' lang='lat' dir='ltr'><strong>sacerdo-</strong></span> 
     </span>
    </p>
   </div>
   <div class='ocr_carea' id='block_1_20' title="bbox 2089 535 3647 613">
    <p class='ocr_par' dir='ltr' id='par_1_20' title="bbox 2089 535 3647 613">
     <span class='ocr_line' id='line_1_20' title="bbox 2089 535 3647 613; baseline -0.005 -17"><span class='ocrx_word' id='word_1_122' title='bbox 2089 541 2459 613; x_wconf 73' lang='grc' dir='ltr'>ἀρχιερωσύνη</span> <span class='ocrx_word' id='word_1_123' title='bbox 2506 543 2599 596; x_wconf 82' lang='grc' dir='ltr'>καὶ</span> <span class='ocrx_word' id='word_1_124' title='bbox 2634 540 2877 612; x_wconf 78' lang='grc' dir='ltr'>βασιλείᾳ</span> <span class='ocrx_word' id='word_1_125' title='bbox 2921 538 3200 610; x_wconf 74' lang='grc' dir='ltr'>περιέθετο</span> <span class='ocrx_word' id='word_1_126' title='bbox 3234 537 3494 607; x_wconf 85' lang='grc' dir='ltr'>διάδημα.</span> <span class='ocrx_word' id='word_1_127' title='bbox 3523 535 3647 589; x_wconf 74' lang='grc' dir='ltr'>Μεθ’</span> 
     </span>
    </p>
   </div>
   <div class='ocr_carea' id='block_1_21' title="bbox 2087 628 3649 707">
    <p class='ocr_par' dir='ltr' id='par_1_21' title="bbox 2087 628 3649 707">
     <span class='ocr_line' id='line_1_21' title="bbox 2087 628 3649 707; baseline -0.005 -20"><span class='ocrx_word' id='word_1_128' title='bbox 2087 633 2146 687; x_wconf 82' lang='grc' dir='ltr'>δν</span> <span class='ocrx_word' id='word_1_129' title='bbox 2178 633 2275 704; x_wconf 80' lang='grc' dir='ltr'>τὴν</span> <span class='ocrx_word' id='word_1_130' title='bbox 2300 633 2707 707; x_wconf 79' lang='grc' dir='ltr'>ἀρχιερωσύνην</span> <span class='ocrx_word' id='word_1_131' title='bbox 2737 631 2873 702; x_wconf 84' lang='grc' dir='ltr'>ὁμοῦ</span> <span class='ocrx_word' id='word_1_132' title='bbox 2908 633 3001 685; x_wconf 74' lang='grc' dir='ltr'>καὶ</span> <span class='ocrx_word' id='word_1_133' title='bbox 3035 630 3135 701; x_wconf 75' lang='grc' dir='ltr'>τὴν</span> <span class='ocrx_word' id='word_1_134' title='bbox 3170 628 3445 700; x_wconf 88' lang='grc' dir='ltr'>βασιλείαν</span> <span class='ocrx_word' id='word_1_135' title='bbox 3481 644 3649 700; x_wconf 77' lang='grc' dir='ltr'>παρα-</span> 
     </span>
    </p>
   </div>
   <div class='ocr_carea' id='block_1_22' title="bbox 2089 721 3651 799">
    <p class='ocr_par' dir='ltr' id='par_1_22' title="bbox 2089 721 3651 799">
     <span class='ocr_line' id='line_1_22' title="bbox 2089 721 3651 799; baseline -0.003 -21"><span class='ocrx_word' id='word_1_136' title='bbox 2089 726 2266 781; x_wconf 73' lang='grc' dir='ltr'>λαϐὼν</span> <span class='ocrx_word' id='word_1_137' title='bbox 2303 727 2645 799; x_wconf 76' lang='grc' dir='ltr'>Ἀλέξανδρος</span> <span class='ocrx_word' id='word_1_138' title='bbox 2671 727 2762 780; x_wconf 68' lang='grc' dir='ltr'>ἐπὶ</span> <span class='ocrx_word' id='word_1_139' title='bbox 2786 724 3013 795; x_wconf 83' lang='grc' dir='ltr'>διαδόχῳ</span> <span class='ocrx_word' id='word_1_140' title='bbox 3044 722 3262 792; x_wconf 73' lang='grc' dir='ltr'>γυναικὶ</span> <span class='ocrx_word' id='word_1_141' title='bbox 3298 721 3560 791; x_wconf 75' lang='grc' dir='ltr'>τελευτᾷ·</span> <span class='ocrx_word' id='word_1_142' title='bbox 3602 722 3651 773; x_wconf 79' lang='grc' dir='ltr'>ὲν</span> 
     </span>
    </p>
   </div>
   <div class='ocr_carea' id='block_1_23' title="bbox 2087 811 3652 889">
    <p class='ocr_par' dir='ltr' id='par_1_23' title="bbox 2087 811 3652 889">
     <span class='ocr_line' id='line_1_23' title="bbox 2087 811 3652 889; baseline -0.006 -17"><span class='ocrx_word' id='word_1_143' title='bbox 2087 811 2132 885; x_wconf 83' lang='grc' dir='ltr'><strong>ᾧ</strong></span> <span class='ocrx_word' id='word_1_144' title='bbox 2163 818 2271 872; x_wconf 86' lang='grc' dir='ltr'>τῶν</span> <span class='ocrx_word' id='word_1_145' title='bbox 2313 821 2368 871; x_wconf 84' lang='grc' dir='ltr'>ὲν</span> <span class='ocrx_word' id='word_1_146' title='bbox 2410 818 2488 889; x_wconf 82' lang='grc' dir='ltr'>τῷ</span> <span class='ocrx_word' id='word_1_147' title='bbox 2526 819 2722 889; x_wconf 82' lang='grc' dir='ltr'>Δανιὴλ</span> <span class='ocrx_word' id='word_1_148' title='bbox 2750 814 3235 888; x_wconf 84' lang='grc' dir='ltr'>συμπερασθεισῶν</span> <span class='ocrx_word' id='word_1_149' title='bbox 3271 812 3585 883; x_wconf 71' lang='grc' dir='ltr'>ἑϐδομάδων</span> <span class='ocrx_word' id='word_1_150' title='bbox 3610 812 3652 864; x_wconf 82' lang='lat' dir='ltr'>oi</span> 
     </span>
    </p>
   </div>
   <div class='ocr_carea' id='block_1_24' title="bbox 2090 902 3654 981">
    <p class='ocr_par' dir='ltr' id='par_1_24' title="bbox 2090 902 3654 981">
     <span class='ocr_line' id='line_1_24' title="bbox 2090 902 3654 981; baseline -0.006 -17"><span class='ocrx_word' id='word_1_151' title='bbox 2090 910 2151 975; x_wconf 68' lang='grc' dir='ltr'>ἐξ</span> <span class='ocrx_word' id='word_1_152' title='bbox 2173 910 2360 981; x_wconf 82' lang='grc' dir='ltr'>ἱερέων</span> <span class='ocrx_word' id='word_1_153' title='bbox 2388 910 2643 980; x_wconf 78' lang='grc' dir='ltr'>ἄρχοντες</span> <span class='ocrx_word' id='word_1_154' title='bbox 2670 908 2880 981; x_wconf 76' lang='grc' dir='ltr'>χριστοὶ</span> <span class='ocrx_word' id='word_1_155' title='bbox 2913 906 3443 978; x_wconf 77' lang='grc' dir='ltr'>προσαγορευόμενοι</span> <span class='ocrx_word' id='word_1_156' title='bbox 3468 902 3654 956; x_wconf 87' lang='grc' dir='ltr'>διαλεί-</span> 
     </span>
    </p>
   </div>
   <div class='ocr_carea' id='block_1_25' title="bbox 2091 995 3653 1071">
    <p class='ocr_par' dir='ltr' id='par_1_25' title="bbox 2091 995 3653 1071">
     <span class='ocr_line' id='line_1_25' title="bbox 2091 995 3653 1071; baseline -0.004 -16"><span class='ocrx_word' id='word_1_157' title='bbox 2091 1019 2283 1055; x_wconf 89' lang='grc' dir='ltr'>πουσιν</span> <span class='ocrx_word' id='word_1_158' title='bbox 2302 1019 2315 1031; x_wconf 90' lang='grc'><strong>·</strong></span> <span class='ocrx_word' id='word_1_159' title='bbox 2344 1000 2484 1055; x_wconf 83' lang='grc' dir='ltr'>ὥστε</span> <span class='ocrx_word' id='word_1_160' title='bbox 2505 1000 2696 1071; x_wconf 78' lang='grc' dir='ltr'>δηλοῦν</span> <span class='ocrx_word' id='word_1_161' title='bbox 2724 1000 2784 1053; x_wconf 81' lang='grc' dir='ltr'>τὸ</span> <span class='ocrx_word' id='word_1_162' title='bbox 2814 1000 3021 1068; x_wconf 82' lang='grc' dir='ltr'>φάσκον</span> <span class='ocrx_word' id='word_1_163' title='bbox 3050 997 3245 1065; x_wconf 83' lang='grc' dir='ltr'>λόγιον,</span> <span class='ocrx_word' id='word_1_164' title='bbox 3270 1014 3290 1045; x_wconf 82' lang='grc' dir='ltr'>ι</span> <span class='ocrx_word' id='word_1_165' title='bbox 3313 997 3419 1060; x_wconf 74' lang='grc' dir='ltr'>ἕως</span> <span class='ocrx_word' id='word_1_166' title='bbox 3442 995 3653 1067; x_wconf 75' lang='grc' dir='ltr'>χριστοῦ</span> 
     </span>
    </p>
   </div>
   <div class='ocr_carea' id='block_1_26' title="bbox 2093 1087 3658 1165">
    <p class='ocr_par' dir='ltr' id='par_1_26' title="bbox 2093 1087 3658 1165">
     <span class='ocr_line' id='line_1_26' title="bbox 2093 1087 3658 1165; baseline -0.004 -17"><span class='ocrx_word' id='word_1_167' title='bbox 2093 1093 2417 1165; x_wconf 70' lang='grc' dir='ltr'>ἡγουμένου,</span> <span class='ocrx_word' id='word_1_168' title='bbox 2450 1113 2468 1144; x_wconf 72' lang='grc' dir='ltr'>ι</span> <span class='ocrx_word' id='word_1_169' title='bbox 2503 1092 2726 1147; x_wconf 79' lang='grc' dir='ltr'>τοσάσδε</span> <span class='ocrx_word' id='word_1_170' title='bbox 2772 1089 2991 1144; x_wconf 73' lang='grc' dir='ltr'>ἔσεσθαι</span> <span class='ocrx_word' id='word_1_171' title='bbox 3036 1087 3362 1157; x_wconf 76' lang='grc' dir='ltr'>ἑϐδομάδας·</span> <span class='ocrx_word' id='word_1_172' title='bbox 3396 1087 3532 1140; x_wconf 81' lang='grc' dir='ltr'>ὡσεὶ</span> <span class='ocrx_word' id='word_1_173' title='bbox 3573 1104 3658 1141; x_wconf 83' lang='grc' dir='ltr'>σα-</span> 
     </span>
    </p>
   </div>
   <div class='ocr_carea' id='block_1_27' title="bbox 2093 1178 3657 1257">
    <p class='ocr_par' dir='ltr' id='par_1_27' title="bbox 2093 1178 3657 1257">
     <span class='ocr_line' id='line_1_27' title="bbox 2093 1178 3657 1257; baseline -0.005 -18"><span class='ocrx_word' id='word_1_174' title='bbox 2093 1188 2352 1257; x_wconf 86' lang='grc' dir='ltr'>φέστερον</span> <span class='ocrx_word' id='word_1_175' title='bbox 2400 1186 2631 1256; x_wconf 79' lang='grc' dir='ltr'>εἰρήκει,</span> <span class='ocrx_word' id='word_1_176' title='bbox 2662 1182 2707 1237; x_wconf 85' lang='grc' dir='ltr'>θ’</span> <span class='ocrx_word' id='word_1_177' title='bbox 2734 1183 2826 1235; x_wconf 74' lang='grc' dir='ltr'>καὶ</span> <span class='ocrx_word' id='word_1_178' title='bbox 2861 1180 2901 1248; x_wconf 79' lang='grc' dir='ltr'>ξ’</span> <span class='ocrx_word' id='word_1_179' title='bbox 2930 1178 3294 1239; x_wconf 78' lang='grc' dir='ltr'>διελεύσεσθαι</span> <span class='ocrx_word' id='word_1_180' title='bbox 3335 1179 3473 1232; x_wconf 73' lang='grc' dir='ltr'>ἐτῶν</span> <span class='ocrx_word' id='word_1_181' title='bbox 3517 1179 3657 1232; x_wconf 69' lang='grc' dir='ltr'>εὗδο-</span> 
     </span>
    </p>
   </div>
   <div class='ocr_carea' id='block_1_28' title="bbox 2094 1270 3659 1349">
    <p class='ocr_par' dir='ltr' id='par_1_28' title="bbox 2094 1270 3659 1349">
     <span class='ocr_line' id='line_1_28' title="bbox 2094 1270 3659 1349; baseline -0.004 -19"><span class='ocrx_word' id='word_1_182' title='bbox 2094 1277 2287 1349; x_wconf 89' lang='grc' dir='ltr'>μάδας,</span> <span class='ocrx_word' id='word_1_183' title='bbox 2317 1275 2461 1329; x_wconf 81' lang='grc' dir='ltr'>τοῦτ’</span> <span class='ocrx_word' id='word_1_184' title='bbox 2487 1275 2601 1328; x_wconf 80' lang='grc' dir='ltr'>ἐστι</span> <span class='ocrx_word' id='word_1_185' title='bbox 2635 1271 2944 1345; x_wconf 75' lang='grc' dir='ltr'>χρόνωνζον)</span> <span class='ocrx_word' id='word_1_186' title='bbox 2969 1279 3017 1340; x_wconf 86' lang='grc' dir='ltr'>γ’</span> <span class='ocrx_word' id='word_1_187' title='bbox 3037 1271 3128 1326; x_wconf 78' lang='grc' dir='ltr'>καὶ</span> <span class='ocrx_word' id='word_1_188' title='bbox 3157 1278 3207 1324; x_wconf 86' lang='grc' dir='ltr'>π’</span> <span class='ocrx_word' id='word_1_189' title='bbox 3240 1271 3331 1323; x_wconf 78' lang='grc' dir='ltr'>καὶ</span> <span class='ocrx_word' id='word_1_190' title='bbox 3355 1277 3401 1323; x_wconf 83' lang='grc' dir='ltr'>υ¹</span> <span class='ocrx_word' id='word_1_191' title='bbox 3428 1270 3589 1336; x_wconf 76' lang='grc' dir='ltr'>ἐτῶν,</span> <span class='ocrx_word' id='word_1_192' title='bbox 3608 1272 3659 1324; x_wconf 75' lang='grc' dir='ltr'>ὲν</span> 
     </span>
    </p>
   </div>
   <div class='ocr_carea' id='block_1_29' title="bbox 2090 1361 3660 1440">
    <p class='ocr_par' dir='ltr' id='par_1_29' title="bbox 2090 1361 3660 1440">
     <span class='ocr_line' id='line_1_29' title="bbox 2090 1361 3660 1440; baseline -0.023 -1"><span class='ocrx_word' id='word_1_193' title='bbox 2090 1363 2134 1438; x_wconf 70' lang='grc' dir='ltr'>ᾧ</span> <span class='ocrx_word' id='word_1_194' title='bbox 2161 1369 2381 1440; x_wconf 73' lang='grc' dir='ltr'>Χριστός</span> <span class='ocrx_word' id='word_1_195' title='bbox 2415 1386 2496 1432; x_wconf 75' lang='grc' dir='ltr'>τις</span> <span class='ocrx_word' id='word_1_196' title='bbox 2528 1367 2622 1420; x_wconf 76' lang='grc' dir='ltr'>καὶ</span> <span class='ocrx_word' id='word_1_197' title='bbox 2644 1367 2933 1437; x_wconf 81' lang='grc' dir='ltr'>ἀρχιερεὺς</span> <span class='ocrx_word' id='word_1_198' title='bbox 2978 1362 3118 1417; x_wconf 76' lang='grc' dir='ltr'>κατὰ</span> <span class='ocrx_word' id='word_1_199' title='bbox 3148 1362 3396 1433; x_wconf 77' lang='grc' dir='ltr'>διαδοχὴν</span> <span class='ocrx_word' id='word_1_200' title='bbox 3429 1361 3660 1432; x_wconf 44' lang='lat' dir='ltr'>ﬁre-39,5.</span> 
     </span>
    </p>
   </div>
   <div class='ocr_carea' id='block_1_30' title="bbox 2090 1452 3660 1530">
    <p class='ocr_par' dir='ltr' id='par_1_30' title="bbox 2090 1452 3660 1530">
     <span class='ocr_line' id='line_1_30' title="bbox 2090 1452 3660 1530; baseline -0.008 -15"><span class='ocrx_word' id='word_1_201' title='bbox 2090 1480 2179 1526; x_wconf 87' lang='grc' dir='ltr'>νος</span> <span class='ocrx_word' id='word_1_202' title='bbox 2218 1460 2326 1514; x_wconf 86' lang='grc' dir='ltr'>τῶν</span> <span class='ocrx_word' id='word_1_203' title='bbox 2362 1459 2455 1513; x_wconf 89' lang='grc' dir='ltr'>τοῦ</span> <span class='ocrx_word' id='word_1_204' title='bbox 2486 1458 2615 1512; x_wconf 86' lang='grc' dir='ltr'>λαοῦ</span> <span class='ocrx_word' id='word_1_205' title='bbox 2658 1459 3019 1530; x_wconf 80' lang='grc' dir='ltr'>προστήσεται</span> <span class='ocrx_word' id='word_1_206' title='bbox 3066 1454 3427 1524; x_wconf 80' lang='grc' dir='ltr'>πραγμάτων.</span> <span class='ocrx_word' id='word_1_207' title='bbox 3461 1452 3575 1506; x_wconf 78' lang='lat' dir='ltr'><strong>Ka&#39;t</strong></span> <span class='ocrx_word' id='word_1_208' title='bbox 3603 1452 3660 1524; x_wconf 76' lang='grc' dir='ltr'>δὴ</span> 
     </span>
    </p>
   </div>
   <div class='ocr_carea' id='block_1_31' title="bbox 2092 1542 3661 1622">
    <p class='ocr_par' dir='ltr' id='par_1_31' title="bbox 2092 1542 3661 1622">
     <span class='ocr_line' id='line_1_31' title="bbox 2092 1542 3661 1622; baseline -0.006 -18"><span class='ocrx_word' id='word_1_209' title='bbox 2092 1552 2254 1606; x_wconf 81' lang='grc' dir='ltr'>παντί</span> <span class='ocrx_word' id='word_1_210' title='bbox 2301 1568 2377 1622; x_wconf 85' lang='grc' dir='ltr'>τῳ</span> <span class='ocrx_word' id='word_1_211' title='bbox 2422 1550 2587 1618; x_wconf 72' lang='grc' dir='ltr'>σαφὲς</span> <span class='ocrx_word' id='word_1_212' title='bbox 2617 1547 2805 1603; x_wconf 79' lang='grc' dir='ltr'>ἐκτῶν</span> <span class='ocrx_word' id='word_1_213' title='bbox 2840 1545 3361 1619; x_wconf 80' lang='grc' dir='ltr'>προπαρατεθέντων</span> <span class='ocrx_word' id='word_1_214' title='bbox 3394 1545 3550 1615; x_wconf 78' lang='grc' dir='ltr'>ἡμῖν,</span> <span class='ocrx_word' id='word_1_215' title='bbox 3594 1542 3661 1605; x_wconf 84' lang='grc' dir='ltr'>ὼς</span> 
     </span>
    </p>
   </div>
   <div class='ocr_carea' id='block_1_32' title="bbox 2091 1634 3664 1711">
    <p class='ocr_par' dir='ltr' id='par_1_32' title="bbox 2091 1634 3664 1711">
     <span class='ocr_line' id='line_1_32' title="bbox 2091 1634 3664 1711; baseline -0.005 -16"><span class='ocrx_word' id='word_1_216' title='bbox 2091 1642 2342 1705; x_wconf 88' lang='grc' dir='ltr'>τοσοῦτος</span> <span class='ocrx_word' id='word_1_217' title='bbox 2380 1641 2515 1694; x_wconf 77' lang='grc' dir='ltr'>ἐτῶν</span> <span class='ocrx_word' id='word_1_218' title='bbox 2555 1640 2784 1711; x_wconf 76' lang='grc' dir='ltr'>ἀριθμὸς</span> <span class='ocrx_word' id='word_1_219' title='bbox 2821 1637 2930 1691; x_wconf 87' lang='grc' dir='ltr'>τῶν</span> <span class='ocrx_word' id='word_1_220' title='bbox 2960 1636 3067 1689; x_wconf 82' lang='grc' dir='ltr'>ἀπὸ</span> <span class='ocrx_word' id='word_1_221' title='bbox 3100 1636 3280 1707; x_wconf 83' lang='grc' dir='ltr'>Κύρου</span> <span class='ocrx_word' id='word_1_222' title='bbox 3309 1635 3405 1688; x_wconf 73' lang='grc' dir='ltr'>καὶ</span> <span class='ocrx_word' id='word_1_223' title='bbox 3448 1635 3542 1687; x_wconf 71' lang='grc' dir='ltr'>ἐπὶ</span> <span class='ocrx_word' id='word_1_224' title='bbox 3571 1634 3664 1707; x_wconf 78' lang='grc' dir='ltr'>τὴν</span> 
     </span>
    </p>
   </div>
   <div class='ocr_carea' id='block_1_33' title="bbox 2091 1725 3665 1804">
    <p class='ocr_par' dir='ltr' id='par_1_33' title="bbox 2091 1725 3665 1804">
     <span class='ocr_line' id='line_1_33' title="bbox 2091 1725 3665 1804; baseline -0.006 -17"><span class='ocrx_word' id='word_1_225' title='bbox 2091 1733 2343 1804; x_wconf 79' lang='grc' dir='ltr'>τελευτὴν</span> <span class='ocrx_word' id='word_1_226' title='bbox 2389 1730 2734 1801; x_wconf 78' lang='grc' dir='ltr'>Ἀλεξάνδρου</span> <span class='ocrx_word' id='word_1_227' title='bbox 2768 1727 2861 1782; x_wconf 90' lang='grc' dir='ltr'>τοῦ</span> <span class='ocrx_word' id='word_1_228' title='bbox 2902 1727 3132 1780; x_wconf 84' lang='grc' dir='ltr'>ὑστάτου</span> <span class='ocrx_word' id='word_1_229' title='bbox 3176 1725 3351 1779; x_wconf 78' lang='grc' dir='ltr'>αὐτῶν</span> <span class='ocrx_word' id='word_1_230' title='bbox 3392 1725 3665 1795; x_wconf 80' lang='grc' dir='ltr'>ἡγησαμέ·</span> 
     </span>
    </p>
   </div>
   <div class='ocr_carea' id='block_1_34' title="bbox 421 1815 1994 1895">
    <p class='ocr_par' dir='ltr' id='par_1_34' title="bbox 421 1816 1991 1890">
     <span class='ocr_line' id='line_1_34' title="bbox 421 1816 1991 1890; baseline 0.003 -20"><span class='ocrx_word' id='word_1_231' title='bbox 421 1816 499 1871; x_wconf 91' lang='lat' dir='ltr'>tio</span> <span class='ocrx_word' id='word_1_232' title='bbox 527 1817 746 1885; x_wconf 86' lang='lat' dir='ltr'><strong>spoliat,</strong></span> <span class='ocrx_word' id='word_1_233' title='bbox 774 1827 827 1872; x_wconf 90' lang='lat' dir='ltr'>et</span> <span class='ocrx_word' id='word_1_234' title='bbox 854 1819 971 1887; x_wconf 88' lang='lat' dir='ltr'><strong>ipse</strong></span> <span class='ocrx_word' id='word_1_235' title='bbox 1000 1827 1125 1887; x_wconf 83' lang='lat' dir='ltr'><strong>post</strong></span> <span class='ocrx_word' id='word_1_236' title='bbox 1162 1827 1271 1873; x_wconf 89' lang='lat' dir='ltr'><strong>tres</strong></span> <span class='ocrx_word' id='word_1_237' title='bbox 1301 1835 1474 1873; x_wconf 90' lang='lat' dir='ltr'><strong>annos</strong></span> <span class='ocrx_word' id='word_1_238' title='bbox 1515 1836 1683 1889; x_wconf 85' lang='lat' dir='ltr'><strong>regno</strong></span> <span class='ocrx_word' id='word_1_239' title='bbox 1723 1820 1991 1890; x_wconf 86' lang='lat' dir='ltr'><strong>dejicitur.</strong></span> 
     </span>
    </p>
   </div>
   <div class='ocr_carea' id='block_1_35' title="bbox 2098 1815 3664 1895">
    <p class='ocr_par' dir='ltr' id='par_1_35' title="bbox 2098 1815 3664 1895">
     <span class='ocr_line' id='line_1_35' title="bbox 2098 1815 3664 1895; baseline -0.006 -17"><span class='ocrx_word' id='word_1_240' title='bbox 2098 1842 2188 1878; x_wconf 90' lang='grc' dir='ltr'>νου</span> <span class='ocrx_word' id='word_1_241' title='bbox 2214 1824 2515 1895; x_wconf 78' lang='grc' dir='ltr'>ἀρχιερέως</span> <span class='ocrx_word' id='word_1_242' title='bbox 2542 1821 2893 1893; x_wconf 82' lang='grc' dir='ltr'>παρίσταται.</span> <span class='ocrx_word' id='word_1_243' title='bbox 2918 1817 3051 1872; x_wconf 80' lang='grc' dir='ltr'>Μεθ’</span> <span class='ocrx_word' id='word_1_244' title='bbox 3075 1817 3131 1871; x_wconf 83' lang='grc' dir='ltr'>δν</span> <span class='ocrx_word' id='word_1_245' title='bbox 3159 1817 3291 1888; x_wconf 89' lang='grc' dir='ltr'>μόνη</span> <span class='ocrx_word' id='word_1_246' title='bbox 3316 1816 3425 1869; x_wconf 90' lang='grc' dir='ltr'>τῶν</span> <span class='ocrx_word' id='word_1_247' title='bbox 3451 1815 3664 1869; x_wconf 69' lang='grc' dir='ltr'>πώποτε</span> 
     </span>
    </p>
   </div>
   <div class='ocr_carea' id='block_1_36' title="bbox 418 1906 1990 1981">
    <p class='ocr_par' dir='ltr' id='par_1_36' title="bbox 418 1906 1990 1981">
     <span class='ocr_line' id='line_1_36' title="bbox 418 1906 1990 1981; baseline 0.004 -20"><span class='ocrx_word' id='word_1_248' title='bbox 418 1906 693 1963; x_wconf 82' lang='lat' dir='ltr'><strong>Continuo</strong></span> <span class='ocrx_word' id='word_1_249' title='bbox 722 1907 1087 1964; x_wconf 78' lang='lat' dir='ltr'><strong>Romanorum</strong></span> <span class='ocrx_word' id='word_1_250' title='bbox 1120 1908 1229 1964; x_wconf 81' lang='lat' dir='ltr'>dux</span> <span class='ocrx_word' id='word_1_251' title='bbox 1261 1908 1551 1981; x_wconf 78' lang='lat' dir='ltr'><strong>Pompeius</strong></span> <span class='ocrx_word' id='word_1_252' title='bbox 1580 1912 1990 1981; x_wconf 86' lang='lat' dir='ltr'><strong>superveniens,</strong></span> 
     </span>
    </p>
   </div>
   <div class='ocr_carea' id='block_1_37' title="bbox 422 1996 1993 2073">
    <p class='ocr_par' dir='ltr' id='par_1_37' title="bbox 422 1996 1993 2073">
     <span class='ocr_line' id='line_1_37' title="bbox 422 1996 1993 2073; baseline 0.003 -20"><span class='ocrx_word' id='word_1_253' title='bbox 422 1996 727 2054; x_wconf 74' lang='lat' dir='ltr'><strong>Jerusalem</strong></span> <span class='ocrx_word' id='word_1_254' title='bbox 750 1999 802 2053; x_wconf 90' lang='lat' dir='ltr'>vi</span> <span class='ocrx_word' id='word_1_255' title='bbox 834 2007 1134 2071; x_wconf 85' lang='lat' dir='ltr'><strong>oppugnat,</strong></span> <span class='ocrx_word' id='word_1_256' title='bbox 1166 2009 1465 2071; x_wconf 88' lang='lat' dir='ltr'><strong>sanctaque</strong></span> <span class='ocrx_word' id='word_1_257' title='bbox 1493 2003 1703 2073; x_wconf 90' lang='lat' dir='ltr'><strong>polluit,</strong></span> <span class='ocrx_word' id='word_1_258' title='bbox 1734 2019 1906 2073; x_wconf 85' lang='lat' dir='ltr'><strong>usque</strong></span> <span class='ocrx_word' id='word_1_259' title='bbox 1926 2003 1993 2058; x_wconf 88' lang='lat' dir='ltr'>ad</span> 
     </span>
    </p>
   </div>
   <div class='ocr_carea' id='block_1_38' title="bbox 422 2088 1995 2163">
    <p class='ocr_par' dir='ltr' id='par_1_38' title="bbox 422 2088 1995 2163">
     <span class='ocr_line' id='line_1_38' title="bbox 422 2088 1995 2163; baseline 0.005 -21"><span class='ocrx_word' id='word_1_260' title='bbox 422 2088 583 2159; x_wconf 83' lang='lat' dir='ltr'><strong>adyta</strong></span> <span class='ocrx_word' id='word_1_261' title='bbox 642 2091 826 2159; x_wconf 88' lang='lat' dir='ltr'><strong>templi</strong></span> <span class='ocrx_word' id='word_1_262' title='bbox 864 2106 1222 2159; x_wconf 85' lang='lat' dir='ltr'><strong>progressus,</strong></span> <span class='ocrx_word' id='word_1_263' title='bbox 1267 2092 1650 2163; x_wconf 87' lang='lat' dir='ltr'><strong>captivumque</strong></span> <span class='ocrx_word' id='word_1_264' title='bbox 1701 2109 1825 2147; x_wconf 90' lang='lat' dir='ltr'>cum</span> <span class='ocrx_word' id='word_1_265' title='bbox 1868 2092 1995 2150; x_wconf 81' lang='lat' dir='ltr'><strong>ﬁliis</strong></span> 
     </span>
    </p>
   </div>
   <div class='ocr_carea' id='block_1_39' title="bbox 421 2180 1994 2255">
    <p class='ocr_par' dir='ltr' id='par_1_39' title="bbox 421 2180 1994 2255">
     <span class='ocr_line' id='line_1_39' title="bbox 421 2180 1994 2255; baseline 0.003 -20"><span class='ocrx_word' id='word_1_266' title='bbox 421 2180 795 2237; x_wconf 80' lang='lat' dir='ltr'><strong>Aristobulum</strong></span> <span class='ocrx_word' id='word_1_267' title='bbox 842 2181 1068 2237; x_wconf 80' lang='lat' dir='ltr'><strong>Romam</strong></span> <span class='ocrx_word' id='word_1_268' title='bbox 1113 2183 1355 2237; x_wconf 88' lang='lat' dir='ltr'><strong>abducit.</strong></span> <span class='ocrx_word' id='word_1_269' title='bbox 1406 2182 1539 2239; x_wconf 90' lang='lat' dir='ltr'><strong>Dein</strong></span> <span class='ocrx_word' id='word_1_270' title='bbox 1592 2191 1645 2238; x_wconf 92' lang='lat' dir='ltr'>et</span> <span class='ocrx_word' id='word_1_271' title='bbox 1682 2182 1929 2255; x_wconf 83' lang='lat' dir='ltr'><strong>Hyrcano</strong></span> <span class='ocrx_word' id='word_1_272' title='bbox 1963 2200 1994 2238; x_wconf 88' lang='lat' dir='ltr'>a</span> 
     </span>
    </p>
   </div>
   <div class='ocr_carea' id='block_1_40' title="bbox 422 2270 1993 2346">
    <p class='ocr_par' dir='ltr' id='par_1_40' title="bbox 422 2270 1993 2346">
     <span class='ocr_line' id='line_1_40' title="bbox 422 2270 1993 2346; baseline 0.002 -19"><span class='ocrx_word' id='word_1_273' title='bbox 422 2270 640 2329; x_wconf 73' lang='lat' dir='ltr'><strong>Parthis</strong></span> <span class='ocrx_word' id='word_1_274' title='bbox 678 2274 733 2328; x_wconf 91' lang='lat' dir='ltr'>in</span> <span class='ocrx_word' id='word_1_275' title='bbox 766 2275 1132 2344; x_wconf 87' lang='lat' dir='ltr'><strong>captivitatem</strong></span> <span class='ocrx_word' id='word_1_276' title='bbox 1189 2275 1387 2338; x_wconf 90' lang='lat' dir='ltr'><strong>ducto,</strong></span> <span class='ocrx_word' id='word_1_277' title='bbox 1415 2273 1727 2330; x_wconf 63' lang='lat' dir='ltr'><strong>Iudaeorum</strong></span> <span class='ocrx_word' id='word_1_278' title='bbox 1770 2291 1993 2346; x_wconf 86' lang='lat' dir='ltr'><strong>regnum</strong></span> 
     </span>
    </p>
   </div>
   <div class='ocr_carea' id='block_1_41' title="bbox 423 2365 1994 2437">
    <p class='ocr_par' dir='ltr' id='par_1_41' title="bbox 423 2365 1994 2437">
     <span class='ocr_line' id='line_1_41' title="bbox 423 2365 1994 2437; baseline 0.002 -18"><span class='ocrx_word' id='word_1_279' title='bbox 423 2367 634 2437; x_wconf 87' lang='lat' dir='ltr'><strong>primus</strong></span> <span class='ocrx_word' id='word_1_280' title='bbox 680 2381 710 2420; x_wconf 89' lang='lat' dir='ltr'>e</span> <span class='ocrx_word' id='word_1_281' title='bbox 747 2367 999 2436; x_wconf 87' lang='lat' dir='ltr'><strong>gentibus</strong></span> <span class='ocrx_word' id='word_1_282' title='bbox 1030 2366 1270 2421; x_wconf 83' lang='lat' dir='ltr'><strong>Herodes</strong></span> <span class='ocrx_word' id='word_1_283' title='bbox 1318 2382 1347 2419; x_wconf 88' lang='lat' dir='ltr'>a</span> <span class='ocrx_word' id='word_1_284' title='bbox 1385 2365 1755 2421; x_wconf 77' lang='lat' dir='ltr'><strong>Romanorum</strong></span> <span class='ocrx_word' id='word_1_285' title='bbox 1803 2379 1994 2423; x_wconf 87' lang='lat' dir='ltr'><strong>senatu</strong></span> 
     </span>
    </p>
   </div>
   <div class='ocr_carea' id='block_1_42' title="bbox 423 2454 1997 2529">
    <p class='ocr_par' dir='ltr' id='par_1_42' title="bbox 423 2454 1997 2529">
     <span class='ocr_line' id='line_1_42' title="bbox 423 2454 1997 2529; baseline 0.003 -19"><span class='ocrx_word' id='word_1_286' title='bbox 423 2455 653 2524; x_wconf 84' lang='lat' dir='ltr'><strong>accepit.</strong></span> <span class='ocrx_word' id='word_1_287' title='bbox 696 2454 765 2511; x_wconf 88' lang='lat' dir='ltr'><strong>Ut</strong></span> <span class='ocrx_word' id='word_1_288' title='bbox 794 2456 961 2511; x_wconf 82' lang='lat' dir='ltr'><strong>refert</strong></span> <span class='ocrx_word' id='word_1_289' title='bbox 987 2455 1255 2527; x_wconf 90' lang='lat' dir='ltr'><strong>Iosephus</strong></span> <span class='ocrx_word' id='word_1_290' title='bbox 1288 2456 1402 2527; x_wconf 79' lang='grc' dir='ltr'>(ι),</span> <span class='ocrx_word' id='word_1_291' title='bbox 1462 2455 1729 2516; x_wconf 72' lang='lat' dir='ltr'><strong>ldumteus</strong></span> <span class='ocrx_word' id='word_1_292' title='bbox 1772 2470 1997 2529; x_wconf 76' lang='lat' dir='ltr'><strong>patente</strong></span> 
     </span>
    </p>
   </div>
   <div class='ocr_carea' id='block_1_43' title="bbox 422 2547 1997 2618">
    <p class='ocr_par' dir='ltr' id='par_1_43' title="bbox 422 2547 1997 2618">
     <span class='ocr_line' id='line_1_43' title="bbox 422 2547 1997 2618; baseline 0.001 -14"><span class='ocrx_word' id='word_1_293' title='bbox 422 2556 540 2604; x_wconf 89' lang='lat' dir='ltr'><strong>erat</strong></span> <span class='ocrx_word' id='word_1_294' title='bbox 567 2562 795 2617; x_wconf 83' lang='lat' dir='ltr'><strong>genere,</strong></span> <span class='ocrx_word' id='word_1_295' title='bbox 835 2547 1009 2602; x_wconf 83' lang='lat' dir='ltr'><strong>Arabs</strong></span> <span class='ocrx_word' id='word_1_296' title='bbox 1043 2564 1172 2603; x_wconf 86' lang='lat' dir='ltr'><strong>vero</strong></span> <span class='ocrx_word' id='word_1_297' title='bbox 1202 2559 1465 2603; x_wconf 88' lang='lat' dir='ltr'><strong>materno.</strong></span> <span class='ocrx_word' id='word_1_298' title='bbox 1500 2550 1576 2618; x_wconf 70' lang='lat'>(2)</span> <span class='ocrx_word' id='word_1_299' title='bbox 1617 2550 1812 2605; x_wconf 84' lang='lat' dir='ltr'><strong>Narrat</strong></span> <span class='ocrx_word' id='word_1_300' title='bbox 1849 2552 1997 2605; x_wconf 76' lang='lat' dir='ltr'><strong>Mri-</strong></span> 
     </span>
    </p>
   </div>
   <div class='ocr_carea' id='block_1_44' title="bbox 423 2640 1997 2715">
    <p class='ocr_par' dir='ltr' id='par_1_44' title="bbox 423 2640 1997 2715">
     <span class='ocr_line' id='line_1_44' title="bbox 423 2640 1997 2715; baseline 0.003 -21"><span class='ocrx_word' id='word_1_301' title='bbox 423 2655 595 2695; x_wconf 88' lang='lat' dir='ltr'><strong>canus</strong></span> <span class='ocrx_word' id='word_1_302' title='bbox 619 2656 727 2694; x_wconf 89' lang='lat' dir='ltr'>non</span> <span class='ocrx_word' id='word_1_303' title='bbox 769 2642 938 2695; x_wconf 91' lang='lat' dir='ltr'><strong>multo</strong></span> <span class='ocrx_word' id='word_1_304' title='bbox 967 2654 1124 2711; x_wconf 90' lang='lat' dir='ltr'><strong>post:</strong></span> <span class='ocrx_word' id='word_1_305' title='bbox 1174 2661 1192 2692; x_wconf 79' lang='grc' dir='ltr'>ι</span> <span class='ocrx_word' id='word_1_306' title='bbox 1232 2640 1474 2706; x_wconf 86' lang='lat' dir='ltr'><strong>Ferunt,</strong></span> <span class='ocrx_word' id='word_1_307' title='bbox 1519 2642 1611 2713; x_wconf 88' lang='lat' dir='ltr'>qui</span> <span class='ocrx_word' id='word_1_308' title='bbox 1663 2643 1784 2713; x_wconf 86' lang='lat' dir='ltr'><strong>ejus</strong></span> <span class='ocrx_word' id='word_1_309' title='bbox 1829 2644 1997 2715; x_wconf 73' lang='lat' dir='ltr'><strong>erigi-</strong></span> 
     </span>
    </p>
   </div>
   <div class='ocr_carea' id='block_1_45' title="bbox 424 2734 1998 2806">
    <p class='ocr_par' dir='ltr' id='par_1_45' title="bbox 424 2734 1998 2806">
     <span class='ocr_line' id='line_1_45' title="bbox 424 2734 1998 2806; baseline 0.003 -19"><span class='ocrx_word' id='word_1_310' title='bbox 424 2747 547 2787; x_wconf 89' lang='lat' dir='ltr'>nem</span> <span class='ocrx_word' id='word_1_311' title='bbox 573 2744 825 2787; x_wconf 88' lang='lat' dir='ltr'><strong>accurate</strong></span> <span class='ocrx_word' id='word_1_312' title='bbox 857 2734 1291 2803; x_wconf 85' lang='lat' dir='ltr'><strong>inquisiverunt,</strong></span> <span class='ocrx_word' id='word_1_313' title='bbox 1327 2735 1667 2805; x_wconf 86' lang='lat' dir='ltr'><strong>Antipatrem</strong></span> <span class='ocrx_word' id='word_1_314' title='bbox 1694 2736 1806 2806; x_wconf 72' lang='lat' dir='ltr'><strong>(qui</strong></span> <span class='ocrx_word' id='word_1_315' title='bbox 1845 2744 1998 2806; x_wconf 79' lang='lat' dir='ltr'><strong>pater</strong></span> 
     </span>
    </p>
   </div>
   <div class='ocr_carea' id='block_1_46' title="bbox 422 2824 2000 2895">
    <p class='ocr_par' dir='ltr' id='par_1_46' title="bbox 422 2824 2000 2895">
     <span class='ocr_line' id='line_1_46' title="bbox 422 2824 2000 2895; baseline 0.003 -17"><span class='ocrx_word' id='word_1_316' title='bbox 422 2825 542 2893; x_wconf 84' lang='lat' dir='ltr'><strong>ejus</strong></span> <span class='ocrx_word' id='word_1_317' title='bbox 560 2824 728 2881; x_wconf 89' lang='lat' dir='ltr'><strong>fuisse</strong></span> <span class='ocrx_word' id='word_1_318' title='bbox 746 2826 1098 2895; x_wconf 86' lang='lat' dir='ltr'><strong>perhibetur),</strong></span> <span class='ocrx_word' id='word_1_319' title='bbox 1119 2827 1400 2895; x_wconf 87' lang='lat' dir='ltr'><strong>cujusdam</strong></span> <span class='ocrx_word' id='word_1_320' title='bbox 1424 2826 1651 2883; x_wconf 87' lang='lat' dir='ltr'><strong>llerodis</strong></span> <span class='ocrx_word' id='word_1_321' title='bbox 1678 2828 2000 2883; x_wconf 66' lang='lat' dir='ltr'><strong>Ascalonita:</strong></span> 
     </span>
    </p>
   </div>
   <div class='ocr_carea' id='block_1_47' title="bbox 427 2917 1997 2989">
    <p class='ocr_par' dir='ltr' id='par_1_47' title="bbox 427 2917 1997 2989">
     <span class='ocr_line' id='line_1_47' title="bbox 427 2917 1997 2989; baseline 0.001 -18"><span class='ocrx_word' id='word_1_322' title='bbox 427 2917 619 2983; x_wconf 81' lang='lat' dir='ltr'><strong>filium,</strong></span> <span class='ocrx_word' id='word_1_323' title='bbox 651 2919 815 2973; x_wconf 90' lang='lat' dir='ltr'><strong>unius</strong></span> <span class='ocrx_word' id='word_1_324' title='bbox 840 2934 906 2973; x_wconf 78' lang='lat' dir='ltr'><strong>ex</strong></span> <span class='ocrx_word' id='word_1_325' title='bbox 941 2919 1208 2989; x_wconf 82' lang='lat' dir='ltr'><strong>Apollinis</strong></span> <span class='ocrx_word' id='word_1_326' title='bbox 1232 2920 1415 2989; x_wconf 91' lang='lat' dir='ltr'><strong>templi</strong></span> <span class='ocrx_word' id='word_1_327' title='bbox 1436 2920 1661 2975; x_wconf 63' lang='lat' dir='ltr'><strong>servis.»</strong></span> <span class='ocrx_word' id='word_1_328' title='bbox 1690 2918 1811 2985; x_wconf 83' lang='lat' dir='ltr'><strong>Quo</strong></span> <span class='ocrx_word' id='word_1_329' title='bbox 1834 2919 1997 2989; x_wconf 73' lang='lat' dir='ltr'><strong>igitur</strong></span> 
     </span>
    </p>
   </div>
   <div class='ocr_carea' id='block_1_48' title="bbox 422 3007 1999 3079">
    <p class='ocr_par' dir='ltr' id='par_1_48' title="bbox 422 3007 1999 3079">
     <span class='ocr_line' id='line_1_48' title="bbox 422 3007 1999 3079; baseline 0.001 -16"><span class='ocrx_word' id='word_1_330' title='bbox 422 3007 730 3063; x_wconf 62' lang='lat' dir='ltr'><strong>Iudeorum</strong></span> <span class='ocrx_word' id='word_1_331' title='bbox 764 3025 987 3079; x_wconf 81' lang='lat' dir='ltr'><strong>regnum</strong></span> <span class='ocrx_word' id='word_1_332' title='bbox 1031 3019 1322 3066; x_wconf 90' lang='lat' dir='ltr'><strong>consecuto</strong></span> <span class='ocrx_word' id='word_1_333' title='bbox 1347 3053 1361 3076; x_wconf 90' lang='lat'>,</span> <span class='ocrx_word' id='word_1_334' title='bbox 1395 3010 1611 3079; x_wconf 90' lang='lat' dir='ltr'><strong>impleta</strong></span> <span class='ocrx_word' id='word_1_335' title='bbox 1639 3019 1721 3065; x_wconf 89' lang='lat' dir='ltr'>est</span> <span class='ocrx_word' id='word_1_336' title='bbox 1749 3018 1860 3065; x_wconf 89' lang='lat' dir='ltr'>tum</span> <span class='ocrx_word' id='word_1_337' title='bbox 1893 3025 1999 3065; x_wconf 61' lang='lat' dir='ltr'><strong>caa—</strong></span> 
     </span>
    </p>
   </div>
   <div class='ocr_carea' id='block_1_49' title="bbox 423 3101 1997 3172">
    <p class='ocr_par' dir='ltr' id='par_1_49' title="bbox 423 3101 1997 3172">
     <span class='ocr_line' id='line_1_49' title="bbox 423 3101 1997 3172; baseline 0.003 -19"><span class='ocrx_word' id='word_1_338' title='bbox 423 3110 661 3154; x_wconf 84' lang='lat' dir='ltr'><strong>terorum</strong></span> <span class='ocrx_word' id='word_1_339' title='bbox 725 3101 1143 3170; x_wconf 82' lang='lat' dir='ltr'><strong>prOpbetarum,</strong></span> <span class='ocrx_word' id='word_1_340' title='bbox 1203 3111 1314 3155; x_wconf 91' lang='lat' dir='ltr'>tum</span> <span class='ocrx_word' id='word_1_341' title='bbox 1367 3102 1637 3171; x_wconf 68' lang='lat' dir='ltr'><strong>praecipue</strong></span> <span class='ocrx_word' id='word_1_342' title='bbox 1690 3102 1804 3156; x_wconf 65' lang='lat' dir='ltr'><strong>haec</strong></span> <span class='ocrx_word' id='word_1_343' title='bbox 1852 3102 1997 3172; x_wconf 87' lang='lat' dir='ltr'><strong>apud</strong></span> 
     </span>
    </p>
   </div>
   <div class='ocr_carea' id='block_1_50' title="bbox 2092 1907 3665 1985">
    <p class='ocr_par' dir='ltr' id='par_1_50' title="bbox 2092 1907 3665 1985">
     <span class='ocr_line' id='line_1_50' title="bbox 2092 1907 3665 1985; baseline -0.006 -15"><span class='ocrx_word' id='word_1_344' title='bbox 2092 1917 2154 1970; x_wconf 76' lang='grc' dir='ltr'>τὸ</span> <span class='ocrx_word' id='word_1_345' title='bbox 2184 1914 2480 1985; x_wconf 75' lang='grc' dir='ltr'>τηνικαῦτα</span> <span class='ocrx_word' id='word_1_346' title='bbox 2503 1913 2638 1984; x_wconf 86' lang='grc' dir='ltr'>γυνὴ</span> <span class='ocrx_word' id='word_1_347' title='bbox 2676 1912 2774 1984; x_wconf 85' lang='grc' dir='ltr'>τὴν</span> <span class='ocrx_word' id='word_1_348' title='bbox 2798 1910 2892 1964; x_wconf 79' lang='grc' dir='ltr'>τοῦ</span> <span class='ocrx_word' id='word_1_349' title='bbox 2919 1909 3103 1973; x_wconf 77' lang='grc' dir='ltr'>ἔθνους</span> <span class='ocrx_word' id='word_1_350' title='bbox 3135 1907 3407 1979; x_wconf 85' lang='grc' dir='ltr'>βασιλείαν</span> <span class='ocrx_word' id='word_1_351' title='bbox 3438 1907 3665 1980; x_wconf 74' lang='grc' dir='ltr'>διαλαμο</span> 
     </span>
    </p>
   </div>
   <div class='ocr_carea' id='block_1_51' title="bbox 2093 2000 3667 2079">
    <p class='ocr_par' dir='ltr' id='par_1_51' title="bbox 2093 2000 3667 2079">
     <span class='ocr_line' id='line_1_51' title="bbox 2093 2000 3667 2079; baseline -0.006 -17"><span class='ocrx_word' id='word_1_352' title='bbox 2093 2009 2264 2073; x_wconf 72' lang='grc' dir='ltr'>δάνει,</span> <span class='ocrx_word' id='word_1_353' title='bbox 2293 2007 2350 2074; x_wconf 75' lang='grc' dir='ltr'>ἐξ</span> <span class='ocrx_word' id='word_1_354' title='bbox 2377 2003 2443 2079; x_wconf 84' lang='grc' dir='ltr'>ἦς</span> <span class='ocrx_word' id='word_1_355' title='bbox 2467 2004 2600 2077; x_wconf 84' lang='grc' dir='ltr'>ὁμοῦ</span> <span class='ocrx_word' id='word_1_356' title='bbox 2631 2005 2702 2058; x_wconf 80' lang='grc' dir='ltr'>τά</span> <span class='ocrx_word' id='word_1_357' title='bbox 2732 2021 2789 2056; x_wconf 88' lang='grc' dir='ltr'>τε</span> <span class='ocrx_word' id='word_1_358' title='bbox 2814 2003 2914 2073; x_wconf 80' lang='grc' dir='ltr'>τῆς</span> <span class='ocrx_word' id='word_1_359' title='bbox 2940 2002 3205 2056; x_wconf 72' lang='grc' dir='ltr'>Ἰουδαίων</span> <span class='ocrx_word' id='word_1_360' title='bbox 3232 2000 3555 2072; x_wconf 80' lang='grc' dir='ltr'>ἡγεμονίας,</span> <span class='ocrx_word' id='word_1_361' title='bbox 3580 2000 3667 2053; x_wconf 83' lang='grc' dir='ltr'>καὶ</span> 
     </span>
    </p>
   </div>
   <div class='ocr_carea' id='block_1_52' title="bbox 2093 2091 3668 2169">
    <p class='ocr_par' dir='ltr' id='par_1_52' title="bbox 2093 2091 3668 2169">
     <span class='ocr_line' id='line_1_52' title="bbox 2093 2091 3668 2169; baseline -0.006 -15"><span class='ocrx_word' id='word_1_362' title='bbox 2093 2100 2163 2154; x_wconf 86' lang='grc' dir='ltr'>τὰ</span> <span class='ocrx_word' id='word_1_363' title='bbox 2184 2102 2282 2168; x_wconf 79' lang='grc' dir='ltr'>τῆς</span> <span class='ocrx_word' id='word_1_364' title='bbox 2313 2100 2376 2151; x_wconf 79' lang='grc' dir='ltr'>ἐκ</span> <span class='ocrx_word' id='word_1_365' title='bbox 2405 2097 2682 2169; x_wconf 84' lang='grc' dir='ltr'>προγόνων</span> <span class='ocrx_word' id='word_1_366' title='bbox 2717 2093 2994 2157; x_wconf 77' lang='grc' dir='ltr'>εὐσταθῶς</span> <span class='ocrx_word' id='word_1_367' title='bbox 3020 2092 3313 2164; x_wconf 78' lang='grc' dir='ltr'>προϊούσης</span> <span class='ocrx_word' id='word_1_368' title='bbox 3334 2091 3668 2163; x_wconf 82' lang='grc' dir='ltr'>ἀρχιερωσύ-</span> 
     </span>
    </p>
   </div>
   <div class='ocr_carea' id='block_1_53' title="bbox 2094 2184 3668 2263">
    <p class='ocr_par' dir='ltr' id='par_1_53' title="bbox 2094 2184 3668 2263">
     <span class='ocr_line' id='line_1_53' title="bbox 2094 2184 3668 2263; baseline -0.005 -18"><span class='ocrx_word' id='word_1_369' title='bbox 2094 2210 2190 2263; x_wconf 83' lang='grc' dir='ltr'>νης</span> <span class='ocrx_word' id='word_1_370' title='bbox 2249 2194 2542 2260; x_wconf 87' lang='grc' dir='ltr'>συγχεῖται.</span> <span class='ocrx_word' id='word_1_371' title='bbox 2580 2186 2918 2242; x_wconf 65' lang='grc' dir='ltr'>Διαλαὼῦσα</span> <span class='ocrx_word' id='word_1_372' title='bbox 2960 2186 3090 2256; x_wconf 88' lang='grc' dir='ltr'>γοῦν</span> <span class='ocrx_word' id='word_1_373' title='bbox 3142 2186 3175 2258; x_wconf 80' lang='grc' dir='ltr'>ἠ</span> <span class='ocrx_word' id='word_1_374' title='bbox 3220 2184 3668 2255; x_wconf 82' lang='grc' dir='ltr'>προδεδηλωμένη</span> 
     </span>
    </p>
   </div>
   <div class='ocr_carea' id='block_1_54' title="bbox 2094 2274 3668 2355">
    <p class='ocr_par' dir='ltr' id='par_1_54' title="bbox 2094 2274 3668 2355">
     <span class='ocr_line' id='line_1_54' title="bbox 2094 2274 3668 2355; baseline -0.006 -18"><span class='ocrx_word' id='word_1_375' title='bbox 2094 2283 2191 2355; x_wconf 80' lang='grc' dir='ltr'>τὴν</span> <span class='ocrx_word' id='word_1_376' title='bbox 2222 2282 2415 2354; x_wconf 85' lang='grc' dir='ltr'>ἀρχὴν,</span> <span class='ocrx_word' id='word_1_377' title='bbox 2447 2282 2544 2353; x_wconf 80' lang='grc' dir='ltr'>τὴν</span> <span class='ocrx_word' id='word_1_378' title='bbox 2572 2282 2668 2352; x_wconf 81' lang='grc' dir='ltr'>μὲν</span> <span class='ocrx_word' id='word_1_379' title='bbox 2698 2278 3107 2353; x_wconf 80' lang='grc' dir='ltr'>ἀρχιερωσύνην</span> <span class='ocrx_word' id='word_1_380' title='bbox 3133 2276 3379 2349; x_wconf 86' lang='grc' dir='ltr'>’Υρκανῷ</span> <span class='ocrx_word' id='word_1_381' title='bbox 3413 2274 3491 2347; x_wconf 79' lang='grc' dir='ltr'>τῷ</span> <span class='ocrx_word' id='word_1_382' title='bbox 3524 2275 3668 2329; x_wconf 76' lang='grc' dir='ltr'>παιδὶ</span> 
     </span>
    </p>
   </div>
   <div class='ocr_carea' id='block_1_55' title="bbox 2093 2370 3669 2444">
    <p class='ocr_par' dir='ltr' id='par_1_55' title="bbox 2093 2370 3669 2444">
     <span class='ocr_line' id='line_1_55' title="bbox 2093 2370 3669 2444; baseline -0.003 -16"><span class='ocrx_word' id='word_1_383' title='bbox 2093 2375 2327 2439; x_wconf 86' lang='grc' dir='ltr'>δίδωσιν,</span> <span class='ocrx_word' id='word_1_384' title='bbox 2359 2374 2496 2444; x_wconf 78' lang='grc' dir='ltr'>αὐτη</span> <span class='ocrx_word' id='word_1_385' title='bbox 2525 2373 2582 2426; x_wconf 83' lang='grc' dir='ltr'>δὲ</span> <span class='ocrx_word' id='word_1_386' title='bbox 2611 2372 2705 2443; x_wconf 76' lang='grc' dir='ltr'>τὴν</span> <span class='ocrx_word' id='word_1_387' title='bbox 2729 2371 3003 2442; x_wconf 82' lang='grc' dir='ltr'>βασιλείαν</span> <span class='ocrx_word' id='word_1_388' title='bbox 3030 2371 3122 2442; x_wconf 75' lang='grc' dir='ltr'>ἔτη</span> <span class='ocrx_word' id='word_1_389' title='bbox 3151 2370 3193 2423; x_wconf 84' lang='grc' dir='ltr'>θ’</span> <span class='ocrx_word' id='word_1_390' title='bbox 3218 2370 3570 2440; x_wconf 76' lang='grc' dir='ltr'>κατασχοῦσα</span> <span class='ocrx_word' id='word_1_391' title='bbox 3594 2385 3669 2423; x_wconf 73' lang='grc' dir='ltr'>τερ</span> 
     </span>
    </p>
   </div>
   <div class='ocr_carea' id='block_1_56' title="bbox 2094 2458 3668 2535">
    <p class='ocr_par' dir='ltr' id='par_1_56' title="bbox 2094 2458 3668 2535">
     <span class='ocr_line' id='line_1_56' title="bbox 2094 2458 3668 2535; baseline -0.003 -18"><span class='ocrx_word' id='word_1_392' title='bbox 2094 2464 2277 2535; x_wconf 78' lang='grc' dir='ltr'>λευτᾷ.</span> <span class='ocrx_word' id='word_1_393' title='bbox 2311 2463 2446 2517; x_wconf 78' lang='grc' dir='ltr'>Μεθ’</span> <span class='ocrx_word' id='word_1_394' title='bbox 2473 2464 2538 2533; x_wconf 79' lang='grc' dir='ltr'>ἢν</span> <span class='ocrx_word' id='word_1_395' title='bbox 2581 2460 3004 2535; x_wconf 74' lang='grc' dir='ltr'>Ἀριστόϐουλος,</span> <span class='ocrx_word' id='word_1_396' title='bbox 3034 2460 3218 2532; x_wconf 73' lang='grc' dir='ltr'>ἕτερος</span> <span class='ocrx_word' id='word_1_397' title='bbox 3249 2459 3410 2524; x_wconf 85' lang='grc' dir='ltr'>αὐτὸς</span> <span class='ocrx_word' id='word_1_398' title='bbox 3446 2458 3668 2513; x_wconf 83' lang='grc' dir='ltr'>πλεῖστα</span> 
     </span>
    </p>
   </div>
   <div class='ocr_carea' id='block_1_57' title="bbox 2097 2551 3669 2627">
    <p class='ocr_par' dir='ltr' id='par_1_57' title="bbox 2097 2551 3669 2627">
     <span class='ocr_line' id='line_1_57' title="bbox 2097 2551 3669 2627; baseline -0.004 -17"><span class='ocrx_word' id='word_1_399' title='bbox 2097 2557 2392 2621; x_wconf 85' lang='grc' dir='ltr'>στασιάσας</span> <span class='ocrx_word' id='word_1_400' title='bbox 2432 2556 2565 2627; x_wconf 86' lang='grc' dir='ltr'>πρὸς</span> <span class='ocrx_word' id='word_1_401' title='bbox 2591 2555 2678 2609; x_wconf 74' lang='grc' dir='ltr'>τὸν</span> <span class='ocrx_word' id='word_1_402' title='bbox 2708 2553 2954 2622; x_wconf 75' lang='grc' dir='ltr'>ἀδελφὸν,</span> <span class='ocrx_word' id='word_1_403' title='bbox 2987 2555 3191 2607; x_wconf 76' lang='grc' dir='ltr'>ἐκεῖνον</span> <span class='ocrx_word' id='word_1_404' title='bbox 3224 2552 3320 2622; x_wconf 83' lang='grc' dir='ltr'>μὲν</span> <span class='ocrx_word' id='word_1_405' title='bbox 3347 2551 3449 2622; x_wconf 79' lang='grc' dir='ltr'>τὴν</span> <span class='ocrx_word' id='word_1_406' title='bbox 3488 2553 3669 2623; x_wconf 84' lang='grc' dir='ltr'>ἀρχιε-</span> 
     </span>
    </p>
   </div>
   <div class='ocr_carea' id='block_1_58' title="bbox 2101 2642 3669 2721">
    <p class='ocr_par' dir='ltr' id='par_1_58' title="bbox 2101 2642 3669 2721">
     <span class='ocr_line' id='line_1_58' title="bbox 2101 2642 3669 2721; baseline -0.004 -19"><span class='ocrx_word' id='word_1_407' title='bbox 2101 2649 2342 2721; x_wconf 89' lang='grc' dir='ltr'>ρωσύνην</span> <span class='ocrx_word' id='word_1_408' title='bbox 2391 2649 2725 2718; x_wconf 86' lang='grc' dir='ltr'>ἀφαιρεῖται,</span> <span class='ocrx_word' id='word_1_409' title='bbox 2752 2644 2912 2709; x_wconf 76' lang='grc' dir='ltr'>αὐτὸς</span> <span class='ocrx_word' id='word_1_410' title='bbox 2957 2644 3014 2697; x_wconf 76' lang='grc' dir='ltr'>δὲ</span> <span class='ocrx_word' id='word_1_411' title='bbox 3061 2642 3195 2716; x_wconf 80' lang='grc' dir='ltr'>πρὸς</span> <span class='ocrx_word' id='word_1_412' title='bbox 3236 2643 3409 2717; x_wconf 79' lang='grc' dir='ltr'>ταύτῃ</span> <span class='ocrx_word' id='word_1_413' title='bbox 3441 2643 3537 2696; x_wconf 82' lang='grc' dir='ltr'>καὶ</span> <span class='ocrx_word' id='word_1_414' title='bbox 3573 2643 3669 2714; x_wconf 73' lang='grc' dir='ltr'>τῆς</span> 
     </span>
    </p>
   </div>
   <div class='ocr_carea' id='block_1_59' title="bbox 2099 2732 3667 2813">
    <p class='ocr_par' dir='ltr' id='par_1_59' title="bbox 2099 2732 3667 2813">
     <span class='ocr_line' id='line_1_59' title="bbox 2099 2732 3667 2813; baseline -0.004 -17"><span class='ocrx_word' id='word_1_415' title='bbox 2099 2741 2372 2813; x_wconf 80' lang='grc' dir='ltr'>βασιλείας</span> <span class='ocrx_word' id='word_1_416' title='bbox 2441 2740 2578 2811; x_wconf 76' lang='grc' dir='ltr'>μετὰ</span> <span class='ocrx_word' id='word_1_417' title='bbox 2635 2739 2814 2810; x_wconf 84' lang='grc' dir='ltr'>τρίτον</span> <span class='ocrx_word' id='word_1_418' title='bbox 2855 2732 2981 2799; x_wconf 75' lang='grc' dir='ltr'>ἔτος</span> <span class='ocrx_word' id='word_1_419' title='bbox 3018 2735 3334 2789; x_wconf 88' lang='grc' dir='ltr'>ἀποπίπτει.</span> <span class='ocrx_word' id='word_1_420' title='bbox 3383 2733 3667 2806; x_wconf 73' lang='grc' dir='ltr'>Ῥωμαίων</span> 
     </span>
    </p>
   </div>
   <div class='ocr_carea' id='block_1_60' title="bbox 2096 2824 3669 2900">
    <p class='ocr_par' dir='ltr' id='par_1_60' title="bbox 2096 2824 3669 2900">
     <span class='ocr_line' id='line_1_60' title="bbox 2096 2824 3669 2900; baseline -0.003 -19"><span class='ocrx_word' id='word_1_421' title='bbox 2096 2829 2204 2900; x_wconf 83' lang='grc' dir='ltr'>γάρ</span> <span class='ocrx_word' id='word_1_422' title='bbox 2245 2828 2438 2882; x_wconf 71' lang='grc' dir='ltr'>αὐτίκα</span> <span class='ocrx_word' id='word_1_423' title='bbox 2491 2827 2792 2899; x_wconf 79' lang='grc' dir='ltr'>στρατηγὸς</span> <span class='ocrx_word' id='word_1_424' title='bbox 2828 2827 3107 2898; x_wconf 81' lang='grc' dir='ltr'>Πομπήϊος</span> <span class='ocrx_word' id='word_1_425' title='bbox 3155 2825 3404 2889; x_wconf 84' lang='grc' dir='ltr'>ὲπιστάς,</span> <span class='ocrx_word' id='word_1_426' title='bbox 3433 2824 3533 2896; x_wconf 77' lang='grc' dir='ltr'>τὴν</span> <span class='ocrx_word' id='word_1_427' title='bbox 3573 2825 3669 2896; x_wconf 76' lang='grc' dir='ltr'>μὲν</span> 
     </span>
    </p>
   </div>
   <div class='ocr_carea' id='block_1_61' title="bbox 2109 2915 3667 2989">
    <p class='ocr_par' dir='ltr' id='par_1_61' title="bbox 2109 2915 3667 2989">
     <span class='ocr_line' id='line_1_61' title="bbox 2109 2915 3667 2989; baseline -0.001 -18"><span class='ocrx_word' id='word_1_428' title='bbox 2109 2917 2460 2989; x_wconf 80' lang='grc' dir='ltr'>Ἰερουσαλὴμ</span> <span class='ocrx_word' id='word_1_429' title='bbox 2490 2919 2631 2971; x_wconf 79' lang='grc' dir='ltr'>κατὰ</span> <span class='ocrx_word' id='word_1_430' title='bbox 2684 2918 2881 2989; x_wconf 84' lang='grc' dir='ltr'>κράτος</span> <span class='ocrx_word' id='word_1_431' title='bbox 2934 2916 3227 2987; x_wconf 84' lang='grc' dir='ltr'>πολιορκεῖ,</span> <span class='ocrx_word' id='word_1_432' title='bbox 3258 2916 3461 2986; x_wconf 78' lang='grc' dir='ltr'>μιαίνει</span> <span class='ocrx_word' id='word_1_433' title='bbox 3498 2932 3559 2968; x_wconf 85' lang='grc' dir='ltr'>τε</span> <span class='ocrx_word' id='word_1_434' title='bbox 3600 2915 3667 2969; x_wconf 75' lang='grc' dir='ltr'>τά</span> 
     </span>
    </p>
   </div>
   <div class='ocr_carea' id='block_1_62' title="bbox 2098 3004 3668 3080">
    <p class='ocr_par' dir='ltr' id='par_1_62' title="bbox 2098 3004 3668 3080">
     <span class='ocr_line' id='line_1_62' title="bbox 2098 3004 3668 3080; baseline -0.002 -18"><span class='ocrx_word' id='word_1_435' title='bbox 2098 3008 2227 3077; x_wconf 71' lang='grc' dir='ltr'>ἅγια</span> <span class='ocrx_word' id='word_1_436' title='bbox 2274 3008 2435 3080; x_wconf 86' lang='grc' dir='ltr'>μέχρι</span> <span class='ocrx_word' id='word_1_437' title='bbox 2466 3007 2574 3061; x_wconf 90' lang='grc' dir='ltr'>τῶν</span> <span class='ocrx_word' id='word_1_438' title='bbox 2602 3007 2809 3061; x_wconf 86' lang='grc' dir='ltr'>ἀδύτων</span> <span class='ocrx_word' id='word_1_439' title='bbox 2846 3007 2937 3061; x_wconf 88' lang='grc' dir='ltr'>τοῦ</span> <span class='ocrx_word' id='word_1_440' title='bbox 2985 3006 3130 3079; x_wconf 86' lang='grc' dir='ltr'>ἱεροῦ</span> <span class='ocrx_word' id='word_1_441' title='bbox 3161 3004 3460 3078; x_wconf 84' lang='grc' dir='ltr'>προελθὼν,</span> <span class='ocrx_word' id='word_1_442' title='bbox 3493 3006 3584 3059; x_wconf 79' lang='grc' dir='ltr'>τὸν</span> <span class='ocrx_word' id='word_1_443' title='bbox 3613 3006 3668 3059; x_wconf 75' lang='grc' dir='ltr'>δὲ</span> 
     </span>
    </p>
   </div>
   <div class='ocr_carea' id='block_1_63' title="bbox 2111 3099 3671 3173">
    <p class='ocr_par' dir='ltr' id='par_1_63' title="bbox 2111 3099 3671 3173">
     <span class='ocr_line' id='line_1_63' title="bbox 2111 3099 3671 3173; baseline -0.001 -19"><span class='ocrx_word' id='word_1_444' title='bbox 2111 3101 2511 3173; x_wconf 80' lang='grc' dir='ltr'>Ἀριστόϐουλον</span> <span class='ocrx_word' id='word_1_445' title='bbox 2543 3100 2758 3171; x_wconf 80' lang='grc' dir='ltr'>δέσμιον</span> <span class='ocrx_word' id='word_1_446' title='bbox 2785 3100 2877 3154; x_wconf 76' lang='grc' dir='ltr'>έπὶ</span> <span class='ocrx_word' id='word_1_447' title='bbox 2921 3099 3136 3170; x_wconf 82' lang='grc' dir='ltr'>Ῥώμης</span> <span class='ocrx_word' id='word_1_448' title='bbox 3157 3100 3274 3170; x_wconf 83' lang='grc' dir='ltr'>ἆμα</span> <span class='ocrx_word' id='word_1_449' title='bbox 3293 3100 3508 3163; x_wconf 86' lang='grc' dir='ltr'>τέκνοις</span> <span class='ocrx_word' id='word_1_450' title='bbox 3546 3101 3671 3153; x_wconf 82' lang='grc' dir='ltr'>άνα·</span> 
     </span>
    </p>
   </div>
   <div class='ocr_carea' id='block_1_64' title="bbox 426 3190 1994 3265">
    <p class='ocr_par' dir='ltr' id='par_1_64' title="bbox 426 3190 1993 3264">
     <span class='ocr_line' id='line_1_64' title="bbox 426 3190 1993 3264; baseline 0.002 -21"><span class='ocrx_word' id='word_1_451' title='bbox 426 3190 661 3262; x_wconf 81' lang='lat' dir='ltr'><strong>Moysem</strong></span> <span class='ocrx_word' id='word_1_452' title='bbox 684 3190 869 3257; x_wconf 81' lang='lat' dir='ltr'><strong>Jacobi</strong></span> <span class='ocrx_word' id='word_1_453' title='bbox 895 3191 1204 3262; x_wconf 84' lang='lat' dir='ltr'><strong>praedictio:</strong></span> <span class='ocrx_word' id='word_1_454' title='bbox 1234 3212 1252 3244; x_wconf 80' lang='grc' dir='ltr'>ι</span> <span class='ocrx_word' id='word_1_455' title='bbox 1282 3192 1399 3246; x_wconf 82' lang='lat' dir='ltr'>Non</span> <span class='ocrx_word' id='word_1_456' title='bbox 1423 3192 1699 3248; x_wconf 79' lang='lat' dir='ltr'><strong>auferetur</strong></span> <span class='ocrx_word' id='word_1_457' title='bbox 1719 3202 1993 3264; x_wconf 87' lang='lat' dir='ltr'><strong>sceptrum</strong></span> 
     </span>
    </p>
   </div>
   <div class='ocr_carea' id='block_1_65' title="bbox 2098 3190 3669 3265">
    <p class='ocr_par' dir='ltr' id='par_1_65' title="bbox 2098 3190 3669 3265">
     <span class='ocr_line' id='line_1_65' title="bbox 2098 3190 3669 3265; baseline -0.003 -17"><span class='ocrx_word' id='word_1_458' title='bbox 2098 3195 2331 3265; x_wconf 68' lang='grc' dir='ltr'>πέμπεν</span> <span class='ocrx_word' id='word_1_459' title='bbox 2360 3192 2551 3265; x_wconf 79' lang='grc' dir='ltr'>μεθ’ὂν</span> <span class='ocrx_word' id='word_1_460' title='bbox 2582 3194 2673 3246; x_wconf 81' lang='grc' dir='ltr'>καὶ</span> <span class='ocrx_word' id='word_1_461' title='bbox 2688 3192 2779 3246; x_wconf 86' lang='grc' dir='ltr'>τοῦ</span> <span class='ocrx_word' id='word_1_462' title='bbox 2808 3192 3071 3262; x_wconf 77' lang='grc' dir='ltr'>Ὑρκανοῦ</span> <span class='ocrx_word' id='word_1_463' title='bbox 3090 3192 3193 3245; x_wconf 79' lang='grc' dir='ltr'>ὑπὸ</span> <span class='ocrx_word' id='word_1_464' title='bbox 3211 3190 3444 3263; x_wconf 86' lang='grc' dir='ltr'>Πάρθων</span> <span class='ocrx_word' id='word_1_465' title='bbox 3473 3194 3669 3262; x_wconf 77' lang='grc' dir='ltr'>αἰχμα-</span> 
     </span>
    </p>
   </div>
   <div class='ocr_carea' id='block_1_66' title="bbox 425 3278 1997 3354">
    <p class='ocr_par' dir='ltr' id='par_1_66' title="bbox 425 3278 1997 3354">
     <span class='ocr_line' id='line_1_66' title="bbox 425 3278 1997 3354; baseline 0.003 -19"><span class='ocrx_word' id='word_1_466' title='bbox 425 3280 494 3337; x_wconf 89' lang='lat' dir='ltr'>de</span> <span class='ocrx_word' id='word_1_467' title='bbox 523 3278 682 3345; x_wconf 87' lang='lat' dir='ltr'><strong>Iuda,</strong></span> <span class='ocrx_word' id='word_1_468' title='bbox 714 3290 768 3338; x_wconf 90' lang='lat' dir='ltr'>et</span> <span class='ocrx_word' id='word_1_469' title='bbox 816 3283 921 3337; x_wconf 79' lang='lat' dir='ltr'>dux</span> <span class='ocrx_word' id='word_1_470' title='bbox 957 3283 1025 3339; x_wconf 89' lang='lat' dir='ltr'>de</span> <span class='ocrx_word' id='word_1_471' title='bbox 1073 3283 1276 3340; x_wconf 75' lang='lat' dir='ltr'><strong>femore</strong></span> <span class='ocrx_word' id='word_1_472' title='bbox 1308 3284 1449 3353; x_wconf 88' lang='lat' dir='ltr'><strong>ejus,</strong></span> <span class='ocrx_word' id='word_1_473' title='bbox 1480 3283 1653 3341; x_wconf 83' lang='lat' dir='ltr'><strong>donec.</strong></span> <span class='ocrx_word' id='word_1_474' title='bbox 1688 3287 1871 3340; x_wconf 89' lang='lat' dir='ltr'><strong>veniat</strong></span> <span class='ocrx_word' id='word_1_475' title='bbox 1902 3286 1997 3354; x_wconf 85' lang='lat' dir='ltr'>qui</span> 
     </span>
    </p>
   </div>
   <div class='ocr_carea' id='block_1_67' title="bbox 426 3372 1990 3448">
    <p class='ocr_par' dir='ltr' id='par_1_67' title="bbox 426 3372 1990 3448">
     <span class='ocr_line' id='line_1_67' title="bbox 426 3372 1990 3448; baseline 0.001 -20"><span class='ocrx_word' id='word_1_476' title='bbox 426 3372 723 3430; x_wconf 85' lang='lat' dir='ltr'><strong>mittendus</strong></span> <span class='ocrx_word' id='word_1_477' title='bbox 750 3382 866 3444; x_wconf 87' lang='lat' dir='ltr'><strong>est;</strong></span> <span class='ocrx_word' id='word_1_478' title='bbox 896 3385 948 3430; x_wconf 88' lang='lat' dir='ltr'>et</span> <span class='ocrx_word' id='word_1_479' title='bbox 978 3376 1093 3446; x_wconf 89' lang='lat' dir='ltr'><strong>ipse</strong></span> <span class='ocrx_word' id='word_1_480' title='bbox 1108 3377 1210 3431; x_wconf 90' lang='lat' dir='ltr'><strong>erit</strong></span> <span class='ocrx_word' id='word_1_481' title='bbox 1228 3377 1564 3447; x_wconf 79' lang='lat' dir='ltr'><strong>exspectatio</strong></span> <span class='ocrx_word' id='word_1_482' title='bbox 1586 3378 1826 3448; x_wconf 86' lang='lat' dir='ltr'><strong>gentium</strong></span> <span class='ocrx_word' id='word_1_483' title='bbox 1858 3377 1923 3432; x_wconf 68' lang='grc'>³³.</span> <span class='ocrx_word' id='word_1_484' title='bbox 1973 3396 1990 3429; x_wconf 80' lang='grc' dir='ltr'>ι</span> 
     </span>
    </p>
   </div>
   <div class='ocr_carea' id='block_1_68' title="bbox 426 3463 1998 3539">
    <p class='ocr_par' dir='ltr' id='par_1_68' title="bbox 426 3463 1998 3539">
     <span class='ocr_line' id='line_1_68' title="bbox 426 3463 1998 3539; baseline 0.004 -21"><span class='ocrx_word' id='word_1_485' title='bbox 426 3463 588 3536; x_wconf 82' lang='lat' dir='ltr'><strong>Atqui</strong></span> <span class='ocrx_word' id='word_1_486' title='bbox 619 3466 964 3521; x_wconf 86' lang='lat' dir='ltr'><strong>manifestum</strong></span> <span class='ocrx_word' id='word_1_487' title='bbox 1007 3476 1090 3522; x_wconf 83' lang='lat' dir='ltr'>est</span> <span class='ocrx_word' id='word_1_488' title='bbox 1138 3468 1252 3523; x_wconf 89' lang='lat' dir='ltr'><strong>sive</strong></span> <span class='ocrx_word' id='word_1_489' title='bbox 1284 3469 1562 3535; x_wconf 87' lang='lat' dir='ltr'><strong>historiis,</strong></span> <span class='ocrx_word' id='word_1_490' title='bbox 1608 3469 1723 3525; x_wconf 90' lang='lat' dir='ltr'><strong>sive</strong></span> <span class='ocrx_word' id='word_1_491' title='bbox 1771 3469 1837 3525; x_wconf 90' lang='lat' dir='ltr'>iis</span> <span class='ocrx_word' id='word_1_492' title='bbox 1878 3484 1998 3539; x_wconf 61' lang='lat' dir='ltr'><strong>quae</strong></span> 
     </span>
    </p>
   </div>
   <div class='ocr_carea' id='block_1_69' title="bbox 426 3556 1997 3631">
    <p class='ocr_par' dir='ltr' id='par_1_69' title="bbox 426 3556 1997 3631">
     <span class='ocr_line' id='line_1_69' title="bbox 426 3556 1997 3631; baseline 0.004 -21"><span class='ocrx_word' id='word_1_493' title='bbox 426 3556 733 3621; x_wconf 85' lang='lat' dir='ltr'><strong>retulimus,</strong></span> <span class='ocrx_word' id='word_1_494' title='bbox 758 3573 931 3627; x_wconf 86' lang='lat' dir='ltr'><strong>usque</strong></span> <span class='ocrx_word' id='word_1_495' title='bbox 965 3558 1032 3612; x_wconf 90' lang='lat' dir='ltr'>ad</span> <span class='ocrx_word' id='word_1_496' title='bbox 1062 3558 1348 3623; x_wconf 86' lang='lat' dir='ltr'><strong>Herodem,</strong></span> <span class='ocrx_word' id='word_1_497' title='bbox 1381 3574 1490 3630; x_wconf 93' lang='lat' dir='ltr'>quo</span> <span class='ocrx_word' id='word_1_498' title='bbox 1536 3570 1795 3631; x_wconf 84' lang='lat' dir='ltr'><strong>regnante</strong></span> <span class='ocrx_word' id='word_1_499' title='bbox 1835 3569 1997 3617; x_wconf 89' lang='lat' dir='ltr'><strong>natus</strong></span> 
     </span>
    </p>
   </div>
   <div class='ocr_carea' id='block_1_70' title="bbox 426 3648 1997 3721">
    <p class='ocr_par' dir='ltr' id='par_1_70' title="bbox 426 3648 1997 3721">
     <span class='ocr_line' id='line_1_70' title="bbox 426 3648 1997 3721; baseline 0.002 -19"><span class='ocrx_word' id='word_1_500' title='bbox 426 3655 513 3702; x_wconf 84' lang='lat' dir='ltr'>est</span> <span class='ocrx_word' id='word_1_501' title='bbox 559 3648 847 3713; x_wconf 87' lang='lat' dir='ltr'><strong>Christus,</strong></span> <span class='ocrx_word' id='word_1_502' title='bbox 880 3650 1047 3704; x_wconf 90' lang='lat' dir='ltr'><strong>totius</strong></span> <span class='ocrx_word' id='word_1_503' title='bbox 1081 3650 1259 3720; x_wconf 88' lang='lat' dir='ltr'><strong>gentis</strong></span> <span class='ocrx_word' id='word_1_504' title='bbox 1292 3661 1565 3721; x_wconf 69' lang='lat' dir='ltr'><strong>scvptrum</strong></span> <span class='ocrx_word' id='word_1_505' title='bbox 1606 3667 1713 3704; x_wconf 92' lang='lat' dir='ltr'>non</span> <span class='ocrx_word' id='word_1_506' title='bbox 1756 3652 1997 3705; x_wconf 88' lang='lat' dir='ltr'><strong>ablatum</strong></span> 
     </span>
    </p>
   </div>
   <div class='ocr_carea' id='block_1_71' title="bbox 429 3738 1998 3812">
    <p class='ocr_par' dir='ltr' id='par_1_71' title="bbox 429 3738 1998 3812">
     <span class='ocr_line' id='line_1_71' title="bbox 429 3738 1998 3812; baseline 0.004 -21"><span class='ocrx_word' id='word_1_507' title='bbox 429 3738 600 3795; x_wconf 88' lang='lat' dir='ltr'><strong>fuisse</strong></span> <span class='ocrx_word' id='word_1_508' title='bbox 626 3740 693 3795; x_wconf 92' lang='lat' dir='ltr'>de</span> <span class='ocrx_word' id='word_1_509' title='bbox 718 3739 974 3796; x_wconf 65' lang='lat' dir='ltr'><strong>Hebrwis.</strong></span> <span class='ocrx_word' id='word_1_510' title='bbox 1004 3740 1184 3795; x_wconf 90' lang='lat' dir='ltr'><strong>Primo</strong></span> <span class='ocrx_word' id='word_1_511' title='bbox 1215 3740 1380 3811; x_wconf 84' lang='lat' dir='ltr'><strong>igitur</strong></span> <span class='ocrx_word' id='word_1_512' title='bbox 1410 3755 1477 3796; x_wconf 80' lang='lat' dir='ltr'>ex</span> <span class='ocrx_word' id='word_1_513' title='bbox 1503 3742 1677 3796; x_wconf 89' lang='lat' dir='ltr'><strong>aliena</strong></span> <span class='ocrx_word' id='word_1_514' title='bbox 1707 3751 1867 3812; x_wconf 89' lang='lat' dir='ltr'><strong>gente</strong></span> <span class='ocrx_word' id='word_1_515' title='bbox 1912 3759 1998 3798; x_wconf 90' lang='lat' dir='ltr'><strong>re-</strong></span> 
     </span>
    </p>
   </div>
   <div class='ocr_carea' id='block_1_72' title="bbox 429 3830 1997 3903">
    <p class='ocr_par' dir='ltr' id='par_1_72' title="bbox 429 3830 1997 3903">
     <span class='ocr_line' id='line_1_72' title="bbox 429 3830 1997 3903; baseline 0.002 -18"><span class='ocrx_word' id='word_1_516' title='bbox 429 3839 630 3903; x_wconf 81' lang='lat' dir='ltr'><strong>gnante</strong></span> <span class='ocrx_word' id='word_1_517' title='bbox 657 3830 887 3895; x_wconf 84' lang='lat' dir='ltr'><strong>Herode,</strong></span> <span class='ocrx_word' id='word_1_518' title='bbox 922 3832 1178 3887; x_wconf 91' lang='lat' dir='ltr'><strong>continuo</strong></span> <span class='ocrx_word' id='word_1_519' title='bbox 1207 3830 1411 3885; x_wconf 84' lang='lat' dir='ltr'><strong>Christi</strong></span> <span class='ocrx_word' id='word_1_520' title='bbox 1443 3831 1749 3887; x_wconf 86' lang='lat' dir='ltr'><strong>incarnatio</strong></span> <span class='ocrx_word' id='word_1_521' title='bbox 1777 3833 1997 3902; x_wconf 88' lang='lat' dir='ltr'><strong>impleta</strong></span> 
     </span>
    </p>
   </div>
   <div class='ocr_carea' id='block_1_73' title="bbox 428 3921 1999 3992">
    <p class='ocr_par' dir='ltr' id='par_1_73' title="bbox 428 3921 1999 3992">
     <span class='ocr_line' id='line_1_73' title="bbox 428 3921 1999 3992; baseline 0.001 -16"><span class='ocrx_word' id='word_1_522' title='bbox 428 3929 532 3983; x_wconf 85' lang='lat' dir='ltr'><strong>est,</strong></span> <span class='ocrx_word' id='word_1_523' title='bbox 578 3922 924 3991; x_wconf 82' lang='lat' dir='ltr'><strong>gentiumque</strong></span> <span class='ocrx_word' id='word_1_524' title='bbox 971 3921 1329 3992; x_wconf 66' lang='lat' dir='ltr'><strong>praenuntiata</strong></span> <span class='ocrx_word' id='word_1_525' title='bbox 1373 3923 1746 3991; x_wconf 80' lang='lat' dir='ltr'><strong>exspectatio,</strong></span> <span class='ocrx_word' id='word_1_526' title='bbox 1803 3923 1999 3977; x_wconf 82' lang='lat' dir='ltr'><strong>dilfusa</strong></span> 
     </span>
    </p>
   </div>
   <div class='ocr_carea' id='block_1_74' title="bbox 430 4011 1998 4082">
    <p class='ocr_par' dir='ltr' id='par_1_74' title="bbox 430 4011 1998 4082">
     <span class='ocr_line' id='line_1_74' title="bbox 430 4011 1998 4082; baseline 0.003 -19"><span class='ocrx_word' id='word_1_527' title='bbox 430 4026 527 4080; x_wconf 89' lang='lat' dir='ltr'>per</span> <span class='ocrx_word' id='word_1_528' title='bbox 577 4026 791 4066; x_wconf 89' lang='lat' dir='ltr'><strong>omnem</strong></span> <span class='ocrx_word' id='word_1_529' title='bbox 857 4020 1068 4082; x_wconf 88' lang='lat' dir='ltr'><strong>gentem</strong></span> <span class='ocrx_word' id='word_1_530' title='bbox 1126 4011 1425 4067; x_wconf 87' lang='lat' dir='ltr'><strong>Salvatoris</strong></span> <span class='ocrx_word' id='word_1_531' title='bbox 1476 4013 1649 4067; x_wconf 88' lang='lat' dir='ltr'><strong>nostri</strong></span> <span class='ocrx_word' id='word_1_532' title='bbox 1718 4013 1998 4082; x_wconf 89' lang='lat' dir='ltr'><strong>doctrina,</strong></span> 
     </span>
    </p>
   </div>
   <div class='ocr_carea' id='block_1_75' title="bbox 431 4104 1999 4174">
    <p class='ocr_par' dir='ltr' id='par_1_75' title="bbox 431 4104 1999 4174">
     <span class='ocr_line' id='line_1_75' title="bbox 431 4104 1999 4174; baseline 0.004 -21"><span class='ocrx_word' id='word_1_533' title='bbox 431 4116 619 4157; x_wconf 83' lang='lat' dir='ltr'><strong>revera</strong></span> <span class='ocrx_word' id='word_1_534' title='bbox 652 4105 1016 4157; x_wconf 90' lang='lat' dir='ltr'><strong>consummari</strong></span> <span class='ocrx_word' id='word_1_535' title='bbox 1049 4106 1231 4174; x_wconf 69' lang='lat' dir='ltr'><strong>cmpit.</strong></span> <span class='ocrx_word' id='word_1_536' title='bbox 1285 4104 1437 4160; x_wconf 86' lang='lat' dir='ltr'><strong>Tunc</strong></span> <span class='ocrx_word' id='word_1_537' title='bbox 1466 4114 1518 4159; x_wconf 92' lang='lat' dir='ltr'>et</span> <span class='ocrx_word' id='word_1_538' title='bbox 1573 4104 1832 4163; x_wconf 78' lang='lat' dir='ltr'><strong>Danielis.</strong></span> <span class='ocrx_word' id='word_1_539' title='bbox 1877 4113 1999 4174; x_wconf 90' lang='lat' dir='ltr'><strong>post</strong></span> 
     </span>
    </p>
   </div>
   <div class='ocr_carea' id='block_1_76' title="bbox 434 4193 2001 4265">
    <p class='ocr_par' dir='ltr' id='par_1_76' title="bbox 434 4193 2001 4265">
     <span class='ocr_line' id='line_1_76' title="bbox 434 4193 2001 4265; baseline 0.003 -18"><span class='ocrx_word' id='word_1_540' title='bbox 434 4193 796 4249; x_wconf 84' lang='lat' dir='ltr'><strong>hebdomades</strong></span> <span class='ocrx_word' id='word_1_541' title='bbox 828 4193 894 4249; x_wconf 90' lang='lat' dir='ltr'>de</span> <span class='ocrx_word' id='word_1_542' title='bbox 918 4195 1117 4265; x_wconf 88' lang='lat' dir='ltr'><strong>quibus</strong></span> <span class='ocrx_word' id='word_1_543' title='bbox 1148 4198 1536 4261; x_wconf 88' lang='lat' dir='ltr'><strong>disseruimus,</strong></span> <span class='ocrx_word' id='word_1_544' title='bbox 1583 4197 1785 4250; x_wconf 77' lang='lat' dir='ltr'><strong>exitum</strong></span> <span class='ocrx_word' id='word_1_545' title='bbox 1812 4198 2001 4253; x_wconf 88' lang='lat' dir='ltr'><strong>habuit</strong></span> 
     </span>
    </p>
   </div>
   <div class='ocr_carea' id='block_1_77' title="bbox 432 4284 1999 4358">
    <p class='ocr_par' dir='ltr' id='par_1_77' title="bbox 432 4284 1999 4358">
     <span class='ocr_line' id='line_1_77' title="bbox 432 4284 1999 4358; baseline 0.004 -21"><span class='ocrx_word' id='word_1_546' title='bbox 432 4284 734 4357; x_wconf 60' lang='lat' dir='ltr'><strong>praedictio,</strong></span> <span class='ocrx_word' id='word_1_547' title='bbox 764 4284 950 4341; x_wconf 88' lang='lat' dir='ltr'><strong>dicens</strong></span> <span class='ocrx_word' id='word_1_548' title='bbox 975 4304 987 4341; x_wconf 90' lang='lat'>:</span> <span class='ocrx_word' id='word_1_549' title='bbox 1031 4305 1049 4337; x_wconf 79' lang='grc' dir='ltr'>ι</span> <span class='ocrx_word' id='word_1_550' title='bbox 1079 4287 1144 4342; x_wconf 84' lang='lat' dir='ltr'><strong>Et</strong></span> <span class='ocrx_word' id='word_1_551' title='bbox 1175 4296 1297 4358; x_wconf 90' lang='lat' dir='ltr'><strong>post</strong></span> <span class='ocrx_word' id='word_1_552' title='bbox 1330 4288 1694 4342; x_wconf 86' lang='lat' dir='ltr'><strong>hebdomades</strong></span> <span class='ocrx_word' id='word_1_553' title='bbox 1720 4290 1999 4357; x_wconf 78' lang='lat' dir='ltr'><strong>sexaginta</strong></span> 
     </span>
    </p>
   </div>
   <div class='ocr_carea' id='block_1_78' title="bbox 430 4377 1995 4448">
    <p class='ocr_par' dir='ltr' id='par_1_78' title="bbox 430 4377 1995 4448">
     <span class='ocr_line' id='line_1_78' title="bbox 430 4377 1995 4448; baseline 0.001 -16"><span class='ocrx_word' id='word_1_554' title='bbox 430 4378 569 4432; x_wconf 87' lang='lat' dir='ltr'><strong>duas</strong></span> <span class='ocrx_word' id='word_1_555' title='bbox 596 4377 873 4431; x_wconf 90' lang='lat' dir='ltr'><strong>occidetur</strong></span> <span class='ocrx_word' id='word_1_556' title='bbox 901 4378 1175 4443; x_wconf 89' lang='lat' dir='ltr'><strong>Christus,</strong></span> <span class='ocrx_word' id='word_1_557' title='bbox 1202 4387 1255 4434; x_wconf 88' lang='lat' dir='ltr'>et</span> <span class='ocrx_word' id='word_1_558' title='bbox 1276 4378 1542 4448; x_wconf 90' lang='lat' dir='ltr'><strong>judicium</strong></span> <span class='ocrx_word' id='word_1_559' title='bbox 1574 4394 1680 4432; x_wconf 93' lang='lat' dir='ltr'>non</span> <span class='ocrx_word' id='word_1_560' title='bbox 1710 4389 1793 4434; x_wconf 89' lang='lat' dir='ltr'>est</span> <span class='ocrx_word' id='word_1_561' title='bbox 1824 4379 1877 4433; x_wconf 89' lang='lat' dir='ltr'>in</span> <span class='ocrx_word' id='word_1_562' title='bbox 1910 4395 1995 4434; x_wconf 91' lang='lat' dir='ltr'>eo.</span> 
     </span>
    </p>
   </div>
   <div class='ocr_carea' id='block_1_79' title="bbox 2098 3280 3671 3355">
    <p class='ocr_par' dir='ltr' id='par_1_79' title="bbox 2098 3280 3671 3355">
     <span class='ocr_line' id='line_1_79' title="bbox 2098 3280 3671 3355; baseline -0.003 -17"><span class='ocrx_word' id='word_1_563' title='bbox 2098 3284 2266 3339; x_wconf 85' lang='grc' dir='ltr'>λώτου</span> <span class='ocrx_word' id='word_1_564' title='bbox 2297 3284 2571 3355; x_wconf 79' lang='grc' dir='ltr'>ἀχθέντος,</span> <span class='ocrx_word' id='word_1_565' title='bbox 2598 3282 2693 3354; x_wconf 78' lang='grc' dir='ltr'>τὴν</span> <span class='ocrx_word' id='word_1_566' title='bbox 2726 3282 2868 3337; x_wconf 75' lang='grc' dir='ltr'>κατὰ</span> <span class='ocrx_word' id='word_1_567' title='bbox 2916 3280 3177 3336; x_wconf 74' lang='grc' dir='ltr'>Ἰουδαίων</span> <span class='ocrx_word' id='word_1_568' title='bbox 3214 3281 3494 3351; x_wconf 81' lang='grc' dir='ltr'>βασιλείαν</span> <span class='ocrx_word' id='word_1_569' title='bbox 3523 3280 3671 3353; x_wconf 72' lang='grc' dir='ltr'>πρῶο</span> 
     </span>
    </p>
   </div>
   <div class='ocr_carea' id='block_1_80' title="bbox 2096 3370 3669 3444">
    <p class='ocr_par' dir='ltr' id='par_1_80' title="bbox 2096 3370 3669 3444">
     <span class='ocr_line' id='line_1_80' title="bbox 2096 3370 3669 3444; baseline -0.002 -17"><span class='ocrx_word' id='word_1_570' title='bbox 2096 3391 2188 3438; x_wconf 91' lang='grc' dir='ltr'>τος</span> <span class='ocrx_word' id='word_1_571' title='bbox 2217 3372 2276 3436; x_wconf 76' lang='grc' dir='ltr'>ἐξ</span> <span class='ocrx_word' id='word_1_572' title='bbox 2304 3373 2470 3426; x_wconf 76' lang='grc' dir='ltr'>ἐθνῶν</span> <span class='ocrx_word' id='word_1_573' title='bbox 2499 3370 2740 3444; x_wconf 78' lang='grc' dir='ltr'>Ἡρώδης</span> <span class='ocrx_word' id='word_1_574' title='bbox 2770 3371 2921 3443; x_wconf 83' lang='grc' dir='ltr'>παρά</span> <span class='ocrx_word' id='word_1_575' title='bbox 2938 3370 3036 3441; x_wconf 74' lang='grc' dir='ltr'>τῆς</span> <span class='ocrx_word' id='word_1_576' title='bbox 3063 3370 3361 3441; x_wconf 77' lang='grc' dir='ltr'>συγκλήτου</span> <span class='ocrx_word' id='word_1_577' title='bbox 3388 3370 3669 3440; x_wconf 84' lang='grc' dir='ltr'>Ῥωμαίων</span> 
     </span>
    </p>
   </div>
   <div class='ocr_carea' id='block_1_81' title="bbox 2098 3462 3670 3536">
    <p class='ocr_par' dir='ltr' id='par_1_81' title="bbox 2098 3462 3670 3536">
     <span class='ocr_line' id='line_1_81' title="bbox 2098 3462 3670 3536; baseline -0.003 -17"><span class='ocrx_word' id='word_1_578' title='bbox 2098 3464 2457 3536; x_wconf 74' lang='grc' dir='ltr'>ἐγχειρίζεται</span> <span class='ocrx_word' id='word_1_579' title='bbox 2479 3482 2492 3495; x_wconf 89' lang='grc'><strong>·</strong></span> <span class='ocrx_word' id='word_1_580' title='bbox 2528 3465 2625 3527; x_wconf 69' lang='grc' dir='ltr'>ὡς.</span> <span class='ocrx_word' id='word_1_581' title='bbox 2639 3465 2735 3535; x_wconf 80' lang='grc' dir='ltr'>μὲν</span> <span class='ocrx_word' id='word_1_582' title='bbox 2763 3465 2792 3517; x_wconf 81' lang='grc' dir='ltr'>ὁ</span> <span class='ocrx_word' id='word_1_583' title='bbox 2827 3463 3085 3535; x_wconf 85' lang='grc' dir='ltr'>Ἰώσηπος</span> <span class='ocrx_word' id='word_1_584' title='bbox 3114 3462 3500 3534; x_wconf 84' lang='grc' dir='ltr'>παραδίδωσιν.</span> <span class='ocrx_word' id='word_1_585' title='bbox 3518 3464 3670 3517; x_wconf 79' lang='grc' dir='ltr'>Ἰδου-</span> 
     </span>
    </p>
   </div>
   <div class='ocr_carea' id='block_1_82' title="bbox 2102 3554 3670 3629">
    <p class='ocr_par' dir='ltr' id='par_1_82' title="bbox 2102 3554 3670 3629">
     <span class='ocr_line' id='line_1_82' title="bbox 2102 3554 3670 3629; baseline -0.003 -18"><span class='ocrx_word' id='word_1_586' title='bbox 2102 3561 2258 3629; x_wconf 84' lang='grc' dir='ltr'>μαῖος</span> <span class='ocrx_word' id='word_1_587' title='bbox 2306 3557 2447 3611; x_wconf 77' lang='grc' dir='ltr'>κατὰ</span> <span class='ocrx_word' id='word_1_588' title='bbox 2500 3557 2711 3627; x_wconf 78' lang='grc' dir='ltr'>πατέρα</span> <span class='ocrx_word' id='word_1_589' title='bbox 2751 3555 2812 3608; x_wconf 86' lang='grc' dir='ltr'>τὸ</span> <span class='ocrx_word' id='word_1_590' title='bbox 2852 3555 3006 3624; x_wconf 85' lang='grc' dir='ltr'>γένος</span> <span class='ocrx_word' id='word_1_591' title='bbox 3054 3554 3129 3608; x_wconf 83' lang='grc' dir='ltr'>ὢν</span> <span class='ocrx_word' id='word_1_592' title='bbox 3168 3555 3417 3626; x_wconf 78' lang='grc' dir='ltr'>’Δράόιος</span> <span class='ocrx_word' id='word_1_593' title='bbox 3450 3555 3508 3608; x_wconf 78' lang='grc' dir='ltr'>δὲ</span> <span class='ocrx_word' id='word_1_594' title='bbox 3536 3556 3670 3608; x_wconf 83' lang='grc' dir='ltr'>κατά</span> 
     </span>
    </p>
   </div>
   <div class='ocr_carea' id='block_1_83' title="bbox 2102 3641 3669 3727">
    <p class='ocr_par' dir='ltr' id='par_1_83' title="bbox 2102 3641 3669 3727">
     <span class='ocr_line' id='line_1_83' title="bbox 2102 3641 3669 3727; baseline -0.002 -26"><span class='ocrx_word' id='word_1_595' title='bbox 2102 3648 2330 3727; x_wconf 73' lang='grc' dir='ltr'>μητέρασ</span> <span class='ocrx_word' id='word_1_596' title='bbox 2351 3648 2424 3711; x_wconf 83' lang='grc' dir='ltr'>ὡς</span> <span class='ocrx_word' id='word_1_597' title='bbox 2453 3647 2496 3700; x_wconf 76' lang='grc' dir='ltr'>δ’</span> <span class='ocrx_word' id='word_1_598' title='bbox 2518 3650 2547 3700; x_wconf 85' lang='grc' dir='ltr'>δ</span> <span class='ocrx_word' id='word_1_599' title='bbox 2576 3647 2915 3718; x_wconf 80' lang='grc' dir='ltr'>Ἀφρικανὸς,</span> <span class='ocrx_word' id='word_1_600' title='bbox 2938 3641 2997 3701; x_wconf 73' lang='grc' dir='ltr'>οὗ</span> <span class='ocrx_word' id='word_1_601' title='bbox 3033 3645 3211 3718; x_wconf 85' lang='grc' dir='ltr'>μικρῴ</span> <span class='ocrx_word' id='word_1_602' title='bbox 3241 3645 3477 3717; x_wconf 81' lang='grc' dir='ltr'>πρόσθεν</span> <span class='ocrx_word' id='word_1_603' title='bbox 3509 3646 3669 3717; x_wconf 72' lang='grc' dir='ltr'>ἐμνή-</span> 
     </span>
    </p>
   </div>
   <div class='ocr_carea' id='block_1_84' title="bbox 2101 3736 3670 3812">
    <p class='ocr_par' dir='ltr' id='par_1_84' title="bbox 2101 3736 3670 3812">
     <span class='ocr_line' id='line_1_84' title="bbox 2101 3736 3670 3812; baseline -0.004 -19"><span class='ocrx_word' id='word_1_604' title='bbox 2101 3741 2325 3812; x_wconf 87' lang='grc' dir='ltr'>σθημεν·</span> <span class='ocrx_word' id='word_1_605' title='bbox 2369 3759 2386 3791; x_wconf 79' lang='grc' dir='ltr'>ι</span> <span class='ocrx_word' id='word_1_606' title='bbox 2417 3739 2584 3791; x_wconf 77' lang='grc' dir='ltr'>Φασὶν</span> <span class='ocrx_word' id='word_1_607' title='bbox 2627 3739 2674 3790; x_wconf 82' lang='grc' dir='ltr'>οἱ</span> <span class='ocrx_word' id='word_1_608' title='bbox 2708 3737 2775 3790; x_wconf 73' lang='grc' dir='ltr'>τὰ</span> <span class='ocrx_word' id='word_1_609' title='bbox 2828 3738 2945 3790; x_wconf 81' lang='grc' dir='ltr'>κατ’</span> <span class='ocrx_word' id='word_1_610' title='bbox 2974 3738 3134 3790; x_wconf 83' lang='grc' dir='ltr'>αὐτὸν</span> <span class='ocrx_word' id='word_1_611' title='bbox 3171 3736 3522 3809; x_wconf 75' lang='grc' dir='ltr'>ἀκριϐοῦντες</span> <span class='ocrx_word' id='word_1_612' title='bbox 3559 3736 3670 3788; x_wconf 78' lang='grc' dir='ltr'>Ἀν-</span> 
     </span>
    </p>
   </div>
   <div class='ocr_carea' id='block_1_85' title="bbox 2097 3825 3667 3902">
    <p class='ocr_par' dir='ltr' id='par_1_85' title="bbox 2097 3825 3667 3902">
     <span class='ocr_line' id='line_1_85' title="bbox 2097 3825 3667 3902; baseline -0.003 -18"><span class='ocrx_word' id='word_1_613' title='bbox 2097 3832 2357 3902; x_wconf 87' lang='grc' dir='ltr'>τίπατρον</span> <span class='ocrx_word' id='word_1_614' title='bbox 2403 3830 2622 3902; x_wconf 85' lang='grc' dir='ltr'>(τοῦτον</span> <span class='ocrx_word' id='word_1_615' title='bbox 2668 3830 2713 3882; x_wconf 82' lang='grc' dir='ltr'>δ’</span> <span class='ocrx_word' id='word_1_616' title='bbox 2746 3825 2883 3883; x_wconf 84' lang='grc' dir='ltr'>εἶναι</span> <span class='ocrx_word' id='word_1_617' title='bbox 2929 3827 3074 3900; x_wconf 79' lang='grc' dir='ltr'>αὐτῷ</span> <span class='ocrx_word' id='word_1_618' title='bbox 3120 3827 3361 3899; x_wconf 81' lang='grc' dir='ltr'>πατέρα)</span> <span class='ocrx_word' id='word_1_619' title='bbox 3430 3827 3667 3899; x_wconf 80' lang='grc' dir='ltr'>Ἡρώδου</span> 
     </span>
    </p>
   </div>
   <div class='ocr_carea' id='block_1_86' title="bbox 2097 3920 3673 3993">
    <p class='ocr_par' dir='ltr' id='par_1_86' title="bbox 2097 3920 3673 3993">
     <span class='ocr_line' id='line_1_86' title="bbox 2097 3920 3673 3993; baseline -0.003 -17"><span class='ocrx_word' id='word_1_620' title='bbox 2097 3924 2240 3986; x_wconf 80' lang='grc' dir='ltr'>τινὸς</span> <span class='ocrx_word' id='word_1_621' title='bbox 2278 3922 2665 3975; x_wconf 85' lang='grc' dir='ltr'>Ἀσκαλωνίτου</span> <span class='ocrx_word' id='word_1_622' title='bbox 2693 3921 2800 3974; x_wconf 90' lang='grc' dir='ltr'>τῶν</span> <span class='ocrx_word' id='word_1_623' title='bbox 2837 3922 2963 3993; x_wconf 81' lang='grc' dir='ltr'>περὶ</span> <span class='ocrx_word' id='word_1_624' title='bbox 2992 3921 3080 3974; x_wconf 83' lang='grc' dir='ltr'>τὸν</span> <span class='ocrx_word' id='word_1_625' title='bbox 3110 3921 3244 3974; x_wconf 85' lang='grc' dir='ltr'>νεὼν</span> <span class='ocrx_word' id='word_1_626' title='bbox 3276 3920 3370 3974; x_wconf 85' lang='grc' dir='ltr'>τοῦ</span> <span class='ocrx_word' id='word_1_627' title='bbox 3408 3920 3673 3973; x_wconf 77' lang='grc' dir='ltr'>Ἀπόλλω-</span> 
     </span>
    </p>
   </div>
   <div class='ocr_carea' id='block_1_87' title="bbox 2098 4008 3672 4086">
    <p class='ocr_par' dir='ltr' id='par_1_87' title="bbox 2098 4008 3672 4086">
     <span class='ocr_line' id='line_1_87' title="bbox 2098 4008 3672 4086; baseline 0 -20"><span class='ocrx_word' id='word_1_628' title='bbox 2098 4032 2187 4078; x_wconf 88' lang='grc' dir='ltr'>νος</span> <span class='ocrx_word' id='word_1_629' title='bbox 2216 4014 2526 4086; x_wconf 83' lang='grc' dir='ltr'>ἱεροδούλων</span> <span class='ocrx_word' id='word_1_630' title='bbox 2554 4014 2855 4083; x_wconf 85' lang='grc' dir='ltr'>γεγονέναι.</span> <span class='ocrx_word' id='word_1_631' title='bbox 2887 4032 2905 4064; x_wconf 73' lang='grc' dir='ltr'>ι</span> <span class='ocrx_word' id='word_1_632' title='bbox 2952 4014 3047 4077; x_wconf 82' lang='grc' dir='ltr'>Εἰς</span> <span class='ocrx_word' id='word_1_633' title='bbox 3088 4012 3150 4084; x_wconf 82' lang='grc' dir='ltr'>δὴ</span> <span class='ocrx_word' id='word_1_634' title='bbox 3191 4008 3282 4066; x_wconf 77' lang='grc' dir='ltr'>οῦν</span> <span class='ocrx_word' id='word_1_635' title='bbox 3309 4013 3401 4067; x_wconf 75' lang='grc' dir='ltr'>τὸν</span> <span class='ocrx_word' id='word_1_636' title='bbox 3434 4012 3672 4067; x_wconf 83' lang='grc' dir='ltr'>τοιοῦτον</span> 
     </span>
    </p>
   </div>
   <div class='ocr_carea' id='block_1_88' title="bbox 2099 4103 3671 4177">
    <p class='ocr_par' dir='ltr' id='par_1_88' title="bbox 2099 4103 3671 4177">
     <span class='ocr_line' id='line_1_88' title="bbox 2099 4103 3671 4177; baseline -0.001 -18"><span class='ocrx_word' id='word_1_637' title='bbox 2099 4106 2198 4177; x_wconf 82' lang='grc' dir='ltr'>τῆς</span> <span class='ocrx_word' id='word_1_638' title='bbox 2240 4106 2505 4159; x_wconf 80' lang='grc' dir='ltr'>Ἰουδαίων</span> <span class='ocrx_word' id='word_1_639' title='bbox 2532 4103 2915 4177; x_wconf 80' lang='grc' dir='ltr'>περιελθούσης</span> <span class='ocrx_word' id='word_1_640' title='bbox 2945 4106 3136 4176; x_wconf 81' lang='grc' dir='ltr'>ἀρχῆς,</span> <span class='ocrx_word' id='word_1_641' title='bbox 3165 4105 3222 4157; x_wconf 86' lang='grc' dir='ltr'>ὲν</span> <span class='ocrx_word' id='word_1_642' title='bbox 3264 4122 3330 4157; x_wconf 88' lang='grc' dir='ltr'>τα</span> <span class='ocrx_word' id='word_1_643' title='bbox 3367 4106 3492 4176; x_wconf 78' lang='lat' dir='ltr'><strong>(sic)</strong></span> <span class='ocrx_word' id='word_1_644' title='bbox 3529 4105 3671 4175; x_wconf 83' lang='grc' dir='ltr'>αύτῴ</span> 
     </span>
    </p>
   </div>
   <div class='ocr_carea' id='block_1_89' title="bbox 2102 4194 3676 4268">
    <p class='ocr_par' dir='ltr' id='par_1_89' title="bbox 2102 4194 3676 4268">
     <span class='ocr_line' id='line_1_89' title="bbox 2102 4194 3676 4268; baseline 0.001 -20"><span class='ocrx_word' id='word_1_645' title='bbox 2102 4196 2237 4268; x_wconf 86' lang='grc' dir='ltr'>μετά</span> <span class='ocrx_word' id='word_1_646' title='bbox 2272 4196 2378 4249; x_wconf 89' lang='grc' dir='ltr'>τῶν</span> <span class='ocrx_word' id='word_1_647' title='bbox 2408 4196 2578 4250; x_wconf 79' lang='grc' dir='ltr'>ἄλλων</span> <span class='ocrx_word' id='word_1_648' title='bbox 2610 4196 2900 4267; x_wconf 84' lang='grc' dir='ltr'>προφητῶν</span> <span class='ocrx_word' id='word_1_649' title='bbox 2927 4196 3019 4249; x_wconf 85' lang='grc' dir='ltr'>καὶ</span> <span class='ocrx_word' id='word_1_650' title='bbox 3048 4198 3080 4265; x_wconf 81' lang='grc' dir='ltr'>ἡ</span> <span class='ocrx_word' id='word_1_651' title='bbox 3110 4194 3259 4267; x_wconf 84' lang='grc' dir='ltr'>παρά</span> <span class='ocrx_word' id='word_1_652' title='bbox 3272 4197 3500 4250; x_wconf 84' lang='grc' dir='ltr'>Μωῦσεί</span> <span class='ocrx_word' id='word_1_653' title='bbox 3523 4212 3676 4267; x_wconf 84' lang='grc' dir='ltr'>φερο-</span> 
     </span>
    </p>
   </div>
   <div class='ocr_carea' id='block_1_90' title="bbox 2103 4284 3674 4358">
    <p class='ocr_par' dir='ltr' id='par_1_90' title="bbox 2103 4284 3674 4358">
     <span class='ocr_line' id='line_1_90' title="bbox 2103 4284 3674 4358; baseline 0.002 -21"><span class='ocrx_word' id='word_1_654' title='bbox 2103 4285 2237 4355; x_wconf 86' lang='grc' dir='ltr'>μένη</span> <span class='ocrx_word' id='word_1_655' title='bbox 2279 4285 2371 4338; x_wconf 90' lang='grc' dir='ltr'>τοῦ</span> <span class='ocrx_word' id='word_1_656' title='bbox 2412 4284 2599 4338; x_wconf 81' lang='grc' dir='ltr'>Ἰακὼῦ</span> <span class='ocrx_word' id='word_1_657' title='bbox 2631 4284 2924 4356; x_wconf 83' lang='grc' dir='ltr'>πληροῦται</span> <span class='ocrx_word' id='word_1_658' title='bbox 2953 4286 3251 4358; x_wconf 77' lang='grc' dir='ltr'>πρόρρησις</span> <span class='ocrx_word' id='word_1_659' title='bbox 3271 4298 3287 4315; x_wconf 91' lang='grc'><strong>·</strong></span> <span class='ocrx_word' id='word_1_660' title='bbox 3320 4305 3338 4337; x_wconf 75' lang='grc' dir='ltr'>ι</span> <span class='ocrx_word' id='word_1_661' title='bbox 3369 4288 3485 4340; x_wconf 85' lang='grc' dir='ltr'>Οὐκ</span> <span class='ocrx_word' id='word_1_662' title='bbox 3506 4286 3674 4340; x_wconf 75' lang='grc' dir='ltr'>ἐκλεί-</span> 
     </span>
    </p>
   </div>
   <div class='ocr_carea' id='block_1_91' title="bbox 2098 4374 3673 4448">
    <p class='ocr_par' dir='ltr' id='par_1_91' title="bbox 2098 4374 3673 4448">
     <span class='ocr_line' id='line_1_91' title="bbox 2098 4374 3673 4448; baseline 0.001 -19"><span class='ocrx_word' id='word_1_663' title='bbox 2098 4377 2187 4447; x_wconf 72' lang='grc' dir='ltr'>ψει</span> <span class='ocrx_word' id='word_1_664' title='bbox 2214 4377 2393 4448; x_wconf 82' lang='grc' dir='ltr'>ἄρχων</span> <span class='ocrx_word' id='word_1_665' title='bbox 2410 4374 2469 4442; x_wconf 80' lang='grc' dir='ltr'>ἐξ</span> <span class='ocrx_word' id='word_1_666' title='bbox 2508 4377 2674 4430; x_wconf 82' lang='grc' dir='ltr'>Ἰούδα</span> <span class='ocrx_word' id='word_1_667' title='bbox 2697 4396 2715 4429; x_wconf 73' lang='grc' dir='ltr'>ι</span> <span class='ocrx_word' id='word_1_668' title='bbox 2743 4378 2981 4447; x_wconf 81' lang='grc' dir='ltr'>φήσασα,</span> <span class='ocrx_word' id='word_1_669' title='bbox 3005 4395 3023 4428; x_wconf 79' lang='grc' dir='ltr'>ι</span> <span class='ocrx_word' id='word_1_670' title='bbox 3048 4378 3140 4429; x_wconf 71' lang='grc' dir='ltr'>καὶ</span> <span class='ocrx_word' id='word_1_671' title='bbox 3164 4376 3465 4448; x_wconf 76' lang='grc' dir='ltr'>ἡγούμενος</span> <span class='ocrx_word' id='word_1_672' title='bbox 3494 4378 3673 4431; x_wconf 79' lang='grc' dir='ltr'>ὲκτῶν</span> 
     </span>
    </p>
   </div>
   <div class='ocr_carea' id='block_1_92' title="bbox 432 4460 1994 4542">
    <p class='ocr_par' dir='ltr' id='par_1_92' title="bbox 432 4468 1994 4540">
     <span class='ocr_line' id='line_1_92' title="bbox 432 4468 1994 4540; baseline 0 -18"><span class='ocrx_word' id='word_1_673' title='bbox 432 4468 498 4522; x_wconf 85' lang='grc' dir='ltr'>Ει</span> <span class='ocrx_word' id='word_1_674' title='bbox 527 4469 798 4523; x_wconf 89' lang='lat' dir='ltr'><strong>civitatem</strong></span> <span class='ocrx_word' id='word_1_675' title='bbox 825 4478 875 4524; x_wconf 92' lang='lat' dir='ltr'>et</span> <span class='ocrx_word' id='word_1_676' title='bbox 904 4471 1272 4524; x_wconf 87' lang='lat' dir='ltr'><strong>sanctuarium</strong></span> <span class='ocrx_word' id='word_1_677' title='bbox 1300 4470 1585 4540; x_wconf 86' lang='lat' dir='ltr'><strong>dissipabit</strong></span> <span class='ocrx_word' id='word_1_678' title='bbox 1614 4470 1845 4540; x_wconf 86' lang='lat' dir='ltr'><strong>populus</strong></span> <span class='ocrx_word' id='word_1_679' title='bbox 1875 4486 1994 4523; x_wconf 88' lang='lat' dir='ltr'>cum</span> 
     </span>
    </p>
   </div>
   <div class='ocr_carea' id='block_1_93' title="bbox 2098 4460 3672 4542">
    <p class='ocr_par' dir='ltr' id='par_1_93' title="bbox 2108 4460 3672 4542">
     <span class='ocr_line' id='line_1_93' title="bbox 2108 4460 3672 4542; baseline 0.002 -23"><span class='ocrx_word' id='word_1_680' title='bbox 2108 4467 2296 4539; x_wconf 85' lang='grc' dir='ltr'>μηρῶν</span> <span class='ocrx_word' id='word_1_681' title='bbox 2332 4466 2520 4529; x_wconf 81' lang='grc' dir='ltr'>αὐτοῦ,</span> <span class='ocrx_word' id='word_1_682' title='bbox 2550 4466 2654 4530; x_wconf 77' lang='grc' dir='ltr'>ἕως</span> <span class='ocrx_word' id='word_1_683' title='bbox 2686 4467 2752 4520; x_wconf 86' lang='grc' dir='ltr'>ἂν</span> <span class='ocrx_word' id='word_1_684' title='bbox 2785 4467 2912 4542; x_wconf 76' lang='grc' dir='ltr'>ἔλθῃ</span> <span class='ocrx_word' id='word_1_685' title='bbox 2951 4460 2994 4535; x_wconf 83' lang='grc' dir='ltr'>ᾧ</span> <span class='ocrx_word' id='word_1_686' title='bbox 3037 4467 3353 4521; x_wconf 83' lang='grc' dir='ltr'>ἀπόκειται·</span> <span class='ocrx_word' id='word_1_687' title='bbox 3384 4470 3483 4521; x_wconf 71' lang='grc' dir='ltr'>καὶ</span> <span class='ocrx_word' id='word_1_688' title='bbox 3519 4468 3672 4530; x_wconf 80' lang='grc' dir='ltr'>αὐτὸς</span> 
     </span>
    </p>
   </div>
   <div class='ocr_carea' id='block_1_94' title="bbox 432 4535 1994 4632">
    <p class='ocr_par' dir='ltr' id='par_1_94' title="bbox 432 4535 1994 4632">
     <span class='ocr_line' id='line_1_94' title="bbox 432 4535 1994 4632; baseline 0.001 -19"><span class='ocrx_word' id='word_1_689' title='bbox 432 4558 571 4615; x_wconf 91' lang='lat' dir='ltr'><strong>duce</strong></span> <span class='ocrx_word' id='word_1_690' title='bbox 602 4570 866 4615; x_wconf 86' lang='lat' dir='ltr'><strong>venturo:</strong></span> <span class='ocrx_word' id='word_1_691' title='bbox 900 4567 953 4615; x_wconf 90' lang='lat' dir='ltr'>et</span> <span class='ocrx_word' id='word_1_692' title='bbox 992 4561 1114 4616; x_wconf 86' lang='lat' dir='ltr'><strong>ﬁnis</strong></span> <span class='ocrx_word' id='word_1_693' title='bbox 1148 4561 1267 4632; x_wconf 89' lang='lat' dir='ltr'><strong>ejus</strong></span> <span class='ocrx_word' id='word_1_694' title='bbox 1295 4535 1540 4624; x_wconf 72' lang='lat' dir='ltr'><strong>vastitas,</strong></span> <span class='ocrx_word' id='word_1_695' title='bbox 1573 4535 1631 4616; x_wconf 73' lang='lat' dir='ltr'>et</span> <span class='ocrx_word' id='word_1_696' title='bbox 1674 4535 1798 4631; x_wconf 81' lang='lat' dir='ltr'><strong>post</strong></span> <span class='ocrx_word' id='word_1_697' title='bbox 1840 4561 1994 4615; x_wconf 80' lang='lat' dir='ltr'><strong>tinem</strong></span> 
     </span>
    </p>
   </div>
   <div class='ocr_carea' id='block_1_95' title="bbox 2098 4535 3675 4632">
    <p class='ocr_par' dir='ltr' id='par_1_95' title="bbox 2108 4535 3675 4630">
     <span class='ocr_line' id='line_1_95' title="bbox 2108 4535 3675 4630; baseline 0.001 -20"><span class='ocrx_word' id='word_1_698' title='bbox 2108 4535 2400 4628; x_wconf 80' lang='grc' dir='ltr'>προσδοκία</span> <span class='ocrx_word' id='word_1_699' title='bbox 2431 4557 2618 4611; x_wconf 78' lang='grc' dir='ltr'>ἐθνῶν.</span> <span class='ocrx_word' id='word_1_700' title='bbox 2650 4577 2667 4608; x_wconf 73' lang='grc' dir='ltr'>ι</span> <span class='ocrx_word' id='word_1_701' title='bbox 2707 4557 2816 4611; x_wconf 73' lang='grc' dir='ltr'>Καὶ</span> <span class='ocrx_word' id='word_1_702' title='bbox 2850 4535 3112 4630; x_wconf 77' lang='grc' dir='ltr'>πρόδηλόν</span> <span class='ocrx_word' id='word_1_703' title='bbox 3136 4573 3199 4626; x_wconf 88' lang='grc' dir='ltr'>γε</span> <span class='ocrx_word' id='word_1_704' title='bbox 3227 4557 3289 4611; x_wconf 73' lang='grc' dir='ltr'>ἐκ</span> <span class='ocrx_word' id='word_1_705' title='bbox 3315 4574 3377 4611; x_wconf 86' lang='grc' dir='ltr'>τε</span> <span class='ocrx_word' id='word_1_706' title='bbox 3406 4556 3519 4610; x_wconf 89' lang='grc' dir='ltr'>τῶν</span> <span class='ocrx_word' id='word_1_707' title='bbox 3549 4559 3675 4611; x_wconf 81' lang='grc' dir='ltr'>ἱστο-</span> 
     </span>
    </p>
   </div>
   <div class='ocr_carea' id='block_1_96' title="bbox 433 4652 1166 4709">
    <p class='ocr_par' dir='ltr' id='par_1_96' title="bbox 433 4652 1166 4709">
     <span class='ocr_line' id='line_1_96' title="bbox 433 4652 1166 4709; baseline -0.003 -1"><span class='ocrx_word' id='word_1_708' title='bbox 433 4652 559 4708; x_wconf 87' lang='lat' dir='ltr'><strong>belli</strong></span> <span class='ocrx_word' id='word_1_709' title='bbox 589 4661 793 4708; x_wconf 88' lang='lat' dir='ltr'><strong>statuta</strong></span> <span class='ocrx_word' id='word_1_710' title='bbox 824 4653 1109 4709; x_wconf 87' lang='lat' dir='ltr'><strong>desolatio.</strong></span> <span class='ocrx_word' id='word_1_711' title='bbox 1147 4674 1166 4706; x_wconf 76' lang='grc' dir='ltr'>ι</span> 
     </span>
    </p>
   </div>
   <div class='ocr_carea' id='block_1_97' title="bbox 2112 4649 3674 4722">
    <p class='ocr_par' dir='ltr' id='par_1_97' title="bbox 2112 4649 3674 4722">
     <span class='ocr_line' id='line_1_97' title="bbox 2112 4649 3674 4722; baseline -0.001 -19"><span class='ocrx_word' id='word_1_712' title='bbox 2112 4650 2262 4721; x_wconf 89' lang='grc' dir='ltr'>ριῶν,</span> <span class='ocrx_word' id='word_1_713' title='bbox 2293 4650 2389 4703; x_wconf 80' lang='grc' dir='ltr'>καὶ</span> <span class='ocrx_word' id='word_1_714' title='bbox 2437 4649 2544 4702; x_wconf 88' lang='grc' dir='ltr'>τῶν</span> <span class='ocrx_word' id='word_1_715' title='bbox 2592 4651 2723 4721; x_wconf 84' lang='grc' dir='ltr'>ἡμῖν</span> <span class='ocrx_word' id='word_1_716' title='bbox 2776 4649 3206 4722; x_wconf 86' lang='grc' dir='ltr'>παρατεθέντων,</span> <span class='ocrx_word' id='word_1_717' title='bbox 3244 4651 3325 4703; x_wconf 87' lang='grc' dir='ltr'>ὃτι</span> <span class='ocrx_word' id='word_1_718' title='bbox 3367 4649 3432 4721; x_wconf 81' lang='grc' dir='ltr'>δὴ</span> <span class='ocrx_word' id='word_1_719' title='bbox 3486 4650 3674 4722; x_wconf 81' lang='grc' dir='ltr'>μέχρις</span> 
     </span>
    </p>
   </div>
   <div class='ocr_carea' id='block_1_98' title="bbox 446 4742 3673 4821">
    <p class='ocr_par' dir='ltr' id='par_1_98' title="bbox 446 4742 3673 4821">
     <span class='ocr_line' id='line_1_98' title="bbox 446 4742 3673 4821; baseline -0.002 -20"><span class='ocrx_word' id='word_1_720' title='bbox 446 4745 705 4819; x_wconf 80' lang='grc' dir='ltr'>Ἡρώδου,</span> <span class='ocrx_word' id='word_1_721' title='bbox 739 4747 859 4802; x_wconf 89' lang='grc' dir='ltr'>καθ’</span> <span class='ocrx_word' id='word_1_722' title='bbox 886 4747 943 4801; x_wconf 86' lang='grc' dir='ltr'>δν</span> <span class='ocrx_word' id='word_1_723' title='bbox 972 4751 999 4802; x_wconf 86' lang='grc' dir='ltr'>ὁ</span> <span class='ocrx_word' id='word_1_724' title='bbox 1032 4750 1265 4821; x_wconf 81' lang='grc' dir='ltr'>Χριστὸς</span> <span class='ocrx_word' id='word_1_725' title='bbox 1287 4750 1624 4820; x_wconf 86' lang='grc' dir='ltr'>γεγέννηται,</span> <span class='ocrx_word' id='word_1_726' title='bbox 1653 4750 1711 4803; x_wconf 79' lang='grc' dir='ltr'>ού</span> <span class='ocrx_word' id='word_1_727' title='bbox 1738 4746 2000 4802; x_wconf 87' lang='grc' dir='ltr'>διέλειπεν</span> <span class='ocrx_word' id='word_1_728' title='bbox 2035 4750 2068 4818; x_wconf 83' lang='grc' dir='ltr'><strong>ἡ</strong></span> <span class='ocrx_word' id='word_1_729' title='bbox 2114 4746 2173 4811; x_wconf 78' lang='grc' dir='ltr'>ἐξ</span> <span class='ocrx_word' id='word_1_730' title='bbox 2214 4745 2391 4800; x_wconf 83' lang='grc' dir='ltr'>αὐτῶν</span> <span class='ocrx_word' id='word_1_731' title='bbox 2462 4744 2727 4817; x_wconf 76' lang='grc' dir='ltr'>Ἐϐραίων</span> <span class='ocrx_word' id='word_1_732' title='bbox 2781 4745 2922 4799; x_wconf 86' lang='grc' dir='ltr'>κατά</span> <span class='ocrx_word' id='word_1_733' title='bbox 2970 4744 3030 4814; x_wconf 87' lang='lat' dir='ltr'><strong>(f.</strong></span> <span class='ocrx_word' id='word_1_734' title='bbox 3057 4744 3120 4799; x_wconf 74' lang='grc'>41</span> <span class='ocrx_word' id='word_1_735' title='bbox 3153 4745 3227 4816; x_wconf 79' lang='lat' dir='ltr'>v&quot;)</span> <span class='ocrx_word' id='word_1_736' title='bbox 3270 4744 3520 4816; x_wconf 82' lang='grc' dir='ltr'>διαδοχὴν</span> <span class='ocrx_word' id='word_1_737' title='bbox 3583 4742 3673 4797; x_wconf 80' lang='grc' dir='ltr'>τοῦ</span> 
     </span>
    </p>
   </div>
   <div class='ocr_carea' id='block_1_99' title="bbox 435 4836 3674 4915">
    <p class='ocr_par' dir='ltr' id='par_1_99' title="bbox 435 4836 3674 4915">
     <span class='ocr_line' id='line_1_99' title="bbox 435 4836 3674 4915; baseline -0.002 -22"><span class='ocrx_word' id='word_1_738' title='bbox 435 4840 635 4903; x_wconf 87' lang='grc' dir='ltr'>παντὸς</span> <span class='ocrx_word' id='word_1_739' title='bbox 665 4840 850 4904; x_wconf 82' lang='grc' dir='ltr'>έθνους</span> <span class='ocrx_word' id='word_1_740' title='bbox 893 4843 1252 4913; x_wconf 78' lang='grc' dir='ltr'>ἡγησαμένων</span> <span class='ocrx_word' id='word_1_741' title='bbox 1286 4844 1452 4915; x_wconf 85' lang='grc' dir='ltr'>ἀρχή.</span> <span class='ocrx_word' id='word_1_742' title='bbox 1491 4842 1715 4914; x_wconf 82' lang='grc' dir='ltr'>Πρώτου</span> <span class='ocrx_word' id='word_1_743' title='bbox 1746 4842 1801 4895; x_wconf 84' lang='grc' dir='ltr'>δὲ</span> <span class='ocrx_word' id='word_1_744' title='bbox 1830 4841 1891 4895; x_wconf 77' lang='grc' dir='ltr'>τὸ</span> <span class='ocrx_word' id='word_1_745' title='bbox 1917 4841 2073 4909; x_wconf 88' lang='grc' dir='ltr'>γένος</span> <span class='ocrx_word' id='word_1_746' title='bbox 2099 4838 2397 4908; x_wconf 86' lang='grc' dir='ltr'>ἀλλοφύλου</span> <span class='ocrx_word' id='word_1_747' title='bbox 2432 4837 2844 4908; x_wconf 84' lang='grc' dir='ltr'>βασιλεύσαντος</span> <span class='ocrx_word' id='word_1_748' title='bbox 2908 4837 3085 4892; x_wconf 79' lang='grc' dir='ltr'>αὐτῶν</span> <span class='ocrx_word' id='word_1_749' title='bbox 3151 4836 3410 4909; x_wconf 83' lang='grc' dir='ltr'>Ἡρώδου,</span> <span class='ocrx_word' id='word_1_750' title='bbox 3477 4836 3674 4889; x_wconf 76' lang='grc' dir='ltr'>αὐτίκα</span> 
     </span>
    </p>
   </div>
   <div class='ocr_carea' id='block_1_100' title="bbox 438 4928 3675 5008">
    <p class='ocr_par' dir='ltr' id='par_1_100' title="bbox 438 4928 3675 5008">
     <span class='ocr_line' id='line_1_100' title="bbox 438 4928 3675 5008; baseline -0.002 -23"><span class='ocrx_word' id='word_1_751' title='bbox 438 4932 536 5003; x_wconf 82' lang='grc' dir='ltr'>μὲν</span> <span class='ocrx_word' id='word_1_752' title='bbox 585 4934 680 4986; x_wconf 71' lang='grc' dir='ltr'>καὶ</span> <span class='ocrx_word' id='word_1_753' title='bbox 706 4934 739 5003; x_wconf 83' lang='grc' dir='ltr'>ἡ</span> <span class='ocrx_word' id='word_1_754' title='bbox 770 4933 864 4985; x_wconf 89' lang='grc' dir='ltr'>τοῦ</span> <span class='ocrx_word' id='word_1_755' title='bbox 894 4934 1130 5007; x_wconf 87' lang='grc' dir='ltr'>Χριστοῦ</span> <span class='ocrx_word' id='word_1_756' title='bbox 1176 4935 1445 5008; x_wconf 84' lang='grc' dir='ltr'>παρουσία</span> <span class='ocrx_word' id='word_1_757' title='bbox 1496 4932 1817 5005; x_wconf 86' lang='grc' dir='ltr'>πληροῦται,</span> <span class='ocrx_word' id='word_1_758' title='bbox 1853 4933 1946 4985; x_wconf 74' lang='grc' dir='ltr'>καὶ</span> <span class='ocrx_word' id='word_1_759' title='bbox 1974 4933 2007 5003; x_wconf 86' lang='grc' dir='ltr'><strong>ἡ</strong></span> <span class='ocrx_word' id='word_1_760' title='bbox 2046 4929 2153 4983; x_wconf 83' lang='grc' dir='ltr'>τῶν</span> <span class='ocrx_word' id='word_1_761' title='bbox 2178 4929 2345 4983; x_wconf 84' lang='grc' dir='ltr'>έθνῶν</span> <span class='ocrx_word' id='word_1_762' title='bbox 2373 4928 2830 5001; x_wconf 59' lang='grc' dir='ltr'>προθεσπισθεῶα</span> <span class='ocrx_word' id='word_1_763' title='bbox 2856 4928 3146 5001; x_wconf 85' lang='grc' dir='ltr'>προσδοκία</span> <span class='ocrx_word' id='word_1_764' title='bbox 3207 4928 3295 4981; x_wconf 81' lang='grc' dir='ltr'>διά</span> <span class='ocrx_word' id='word_1_765' title='bbox 3315 4930 3414 4998; x_wconf 80' lang='grc' dir='ltr'>τῆς</span> <span class='ocrx_word' id='word_1_766' title='bbox 3442 4930 3524 4991; x_wconf 82' lang='grc' dir='ltr'>είς</span> <span class='ocrx_word' id='word_1_767' title='bbox 3569 4928 3675 4979; x_wconf 76' lang='grc' dir='ltr'>πᾶν</span> 
     </span>
    </p>
   </div>
   <div class='ocr_carea' id='block_1_101' title="bbox 435 5018 3674 5099">
    <p class='ocr_par' dir='ltr' id='par_1_101' title="bbox 435 5018 3674 5099">
     <span class='ocr_line' id='line_1_101' title="bbox 435 5018 3674 5099; baseline -0.002 -23"><span class='ocrx_word' id='word_1_768' title='bbox 435 5023 585 5087; x_wconf 71' lang='grc' dir='ltr'>ἔθνος</span> <span class='ocrx_word' id='word_1_769' title='bbox 625 5023 1023 5096; x_wconf 87' lang='grc' dir='ltr'>διαδραμούσης</span> <span class='ocrx_word' id='word_1_770' title='bbox 1064 5026 1157 5079; x_wconf 90' lang='grc' dir='ltr'>τοῦ</span> <span class='ocrx_word' id='word_1_771' title='bbox 1202 5027 1451 5099; x_wconf 79' lang='grc' dir='ltr'>Σωτῆρος</span> <span class='ocrx_word' id='word_1_772' title='bbox 1478 5027 1631 5097; x_wconf 82' lang='grc' dir='ltr'>ἡμῶν</span> <span class='ocrx_word' id='word_1_773' title='bbox 1658 5025 2002 5088; x_wconf 90' lang='grc' dir='ltr'>διδασκαλίας</span> <span class='ocrx_word' id='word_1_774' title='bbox 2037 5024 2182 5096; x_wconf 82' lang='grc' dir='ltr'>ἔργῳ</span> <span class='ocrx_word' id='word_1_775' title='bbox 2211 5023 2574 5078; x_wconf 86' lang='grc' dir='ltr'>συντελεῖσθαι</span> <span class='ocrx_word' id='word_1_776' title='bbox 2615 5023 2844 5094; x_wconf 70' lang='grc' dir='ltr'>ἤρξατο·</span> <span class='ocrx_word' id='word_1_777' title='bbox 2906 5022 3026 5075; x_wconf 85' lang='grc' dir='ltr'>τότε</span> <span class='ocrx_word' id='word_1_778' title='bbox 3064 5023 3158 5075; x_wconf 77' lang='grc' dir='ltr'>καὶ</span> <span class='ocrx_word' id='word_1_779' title='bbox 3185 5025 3219 5091; x_wconf 82' lang='grc' dir='ltr'>η</span> <span class='ocrx_word' id='word_1_780' title='bbox 3254 5024 3309 5075; x_wconf 84' lang='grc' dir='ltr'>ὲν</span> <span class='ocrx_word' id='word_1_781' title='bbox 3344 5020 3419 5092; x_wconf 85' lang='grc' dir='ltr'>τῷ</span> <span class='ocrx_word' id='word_1_782' title='bbox 3480 5018 3674 5090; x_wconf 67' lang='grc' dir='ltr'>Δανιὴλ</span> 
     </span>
    </p>
   </div>
   <div class='ocr_carea' id='block_1_102' title="bbox 439 5110 3671 5191">
    <p class='ocr_par' dir='ltr' id='par_1_102' title="bbox 439 5110 3671 5191">
     <span class='ocr_line' id='line_1_102' title="bbox 439 5110 3671 5191; baseline -0.001 -23"><span class='ocrx_word' id='word_1_783' title='bbox 439 5115 577 5183; x_wconf 84' lang='grc' dir='ltr'>μετὰ</span> <span class='ocrx_word' id='word_1_784' title='bbox 623 5116 721 5179; x_wconf 76' lang='grc' dir='ltr'>τὰς</span> <span class='ocrx_word' id='word_1_785' title='bbox 770 5116 1152 5189; x_wconf 85' lang='grc' dir='ltr'>διαληφθείσας</span> <span class='ocrx_word' id='word_1_786' title='bbox 1190 5120 1318 5190; x_wconf 80' lang='grc' dir='ltr'>ἡμῖν</span> <span class='ocrx_word' id='word_1_787' title='bbox 1359 5119 1653 5190; x_wconf 77' lang='grc' dir='ltr'>έδδομάδας</span> <span class='ocrx_word' id='word_1_788' title='bbox 1702 5120 2003 5191; x_wconf 75' lang='grc' dir='ltr'>πρόρρησις</span> <span class='ocrx_word' id='word_1_789' title='bbox 2040 5118 2489 5188; x_wconf 73' lang='grc' dir='ltr'>ἐπεσφραγίζετο,</span> <span class='ocrx_word' id='word_1_790' title='bbox 2519 5117 2817 5185; x_wconf 85' lang='grc' dir='ltr'>φάσκουσα·</span> <span class='ocrx_word' id='word_1_791' title='bbox 2859 5134 2876 5165; x_wconf 79' lang='grc' dir='ltr'>ι</span> <span class='ocrx_word' id='word_1_792' title='bbox 2912 5115 3020 5168; x_wconf 73' lang='grc' dir='ltr'>Καὶ</span> <span class='ocrx_word' id='word_1_793' title='bbox 3047 5114 3181 5185; x_wconf 77' lang='grc' dir='ltr'>μετὰ</span> <span class='ocrx_word' id='word_1_794' title='bbox 3242 5114 3339 5177; x_wconf 77' lang='grc' dir='ltr'>τὰς</span> <span class='ocrx_word' id='word_1_795' title='bbox 3378 5110 3671 5182; x_wconf 76' lang='grc' dir='ltr'>ἑϐδομάδας</span> 
     </span>
    </p>
   </div>
   <div class='ocr_carea' id='block_1_103' title="bbox 434 5203 3671 5283">
    <p class='ocr_par' dir='ltr' id='par_1_103' title="bbox 434 5203 3671 5283">
     <span class='ocr_line' id='line_1_103' title="bbox 434 5203 3671 5283; baseline -0.002 -22"><span class='ocrx_word' id='word_1_796' title='bbox 434 5205 531 5269; x_wconf 79' lang='grc' dir='ltr'>τὰς</span> <span class='ocrx_word' id='word_1_797' title='bbox 557 5206 632 5277; x_wconf 81' lang='grc' dir='ltr'>ξβ¹</span> <span class='ocrx_word' id='word_1_798' title='bbox 657 5207 1161 5281; x_wconf 80' lang='grc' dir='ltr'>ἐξολοθρευθήσεται</span> <span class='ocrx_word' id='word_1_799' title='bbox 1182 5211 1410 5281; x_wconf 89' lang='grc' dir='ltr'>χρίσμα,</span> <span class='ocrx_word' id='word_1_800' title='bbox 1432 5214 1522 5265; x_wconf 71' lang='grc' dir='ltr'>καὶ</span> <span class='ocrx_word' id='word_1_801' title='bbox 1550 5215 1722 5283; x_wconf 88' lang='grc' dir='ltr'>κρίμα</span> <span class='ocrx_word' id='word_1_802' title='bbox 1742 5211 1841 5265; x_wconf 82' lang='grc' dir='ltr'>οὐκ</span> <span class='ocrx_word' id='word_1_803' title='bbox 1864 5210 2009 5263; x_wconf 75' lang='grc' dir='ltr'>ἔστιν</span> <span class='ocrx_word' id='word_1_804' title='bbox 2047 5211 2104 5261; x_wconf 84' lang='grc' dir='ltr'>ὲν</span> <span class='ocrx_word' id='word_1_805' title='bbox 2138 5208 2312 5279; x_wconf 77' lang='grc' dir='ltr'>αὐτῷ·</span> <span class='ocrx_word' id='word_1_806' title='bbox 2352 5209 2445 5261; x_wconf 81' lang='grc' dir='ltr'>καὶ</span> <span class='ocrx_word' id='word_1_807' title='bbox 2479 5208 2575 5278; x_wconf 78' lang='grc' dir='ltr'>τὴν</span> <span class='ocrx_word' id='word_1_808' title='bbox 2608 5207 2758 5259; x_wconf 84' lang='grc' dir='ltr'>πόλιν</span> <span class='ocrx_word' id='word_1_809' title='bbox 2793 5208 2886 5260; x_wconf 72' lang='grc' dir='ltr'>καὶ</span> <span class='ocrx_word' id='word_1_810' title='bbox 2937 5206 2998 5259; x_wconf 84' lang='grc' dir='ltr'>τὸ</span> <span class='ocrx_word' id='word_1_811' title='bbox 3039 5205 3190 5273; x_wconf 74' lang='grc' dir='ltr'>ἅγιον</span> <span class='ocrx_word' id='word_1_812' title='bbox 3232 5204 3516 5275; x_wconf 76' lang='grc' dir='ltr'>διαφθερεῖ</span> <span class='ocrx_word' id='word_1_813' title='bbox 3578 5203 3671 5253; x_wconf 62' lang='grc' dir='ltr'>σὺν</span> 
     </span>
    </p>
   </div>
   <div class='ocr_carea' id='block_1_104' title="bbox 438 5294 3667 5375">
    <p class='ocr_par' dir='ltr' id='par_1_104' title="bbox 438 5294 3667 5375">
     <span class='ocr_line' id='line_1_104' title="bbox 438 5294 3667 5375; baseline -0.003 -19"><span class='ocrx_word' id='word_1_814' title='bbox 438 5294 515 5365; x_wconf 83' lang='grc' dir='ltr'>τῷ</span> <span class='ocrx_word' id='word_1_815' title='bbox 538 5298 822 5369; x_wconf 80' lang='grc' dir='ltr'>ἡγουμένῳ</span> <span class='ocrx_word' id='word_1_816' title='bbox 851 5299 929 5371; x_wconf 78' lang='grc' dir='ltr'>τῷ</span> <span class='ocrx_word' id='word_1_817' title='bbox 969 5302 1278 5375; x_wconf 62' lang='grc' dir='ltr'>ἐρχομένην</span> <span class='ocrx_word' id='word_1_818' title='bbox 1348 5305 1443 5358; x_wconf 78' lang='grc' dir='ltr'>καὶ</span> <span class='ocrx_word' id='word_1_819' title='bbox 1488 5305 1813 5375; x_wconf 76' lang='grc' dir='ltr'>κοπήσονται</span> <span class='ocrx_word' id='word_1_820' title='bbox 1852 5306 1911 5357; x_wconf 84' lang='grc' dir='ltr'>ὲν</span> <span class='ocrx_word' id='word_1_821' title='bbox 1968 5303 2336 5375; x_wconf 82' lang='grc' dir='ltr'>κατακλυσμῷ</span> <span class='ocrx_word' id='word_1_822' title='bbox 2357 5345 2371 5370; x_wconf 90' lang='grc'>,</span> <span class='ocrx_word' id='word_1_823' title='bbox 2413 5302 2507 5356; x_wconf 62' lang='grc' dir='ltr'>καὶ⁵</span> <span class='ocrx_word' id='word_1_824' title='bbox 2553 5302 2656 5366; x_wconf 77' lang='grc' dir='ltr'>ἕως</span> <span class='ocrx_word' id='word_1_825' title='bbox 2701 5301 2887 5365; x_wconf 83' lang='grc' dir='ltr'>τέλους</span> <span class='ocrx_word' id='word_1_826' title='bbox 2934 5300 3166 5372; x_wconf 84' lang='grc' dir='ltr'>πολέμου</span> <span class='ocrx_word' id='word_1_827' title='bbox 3231 5296 3667 5370; x_wconf 82' lang='grc' dir='ltr'>συντετμημένον</span> 
     </span>
    </p>
   </div>
   <div class='ocr_carea' id='block_1_105' title="bbox 440 5383 1535 5457">
    <p class='ocr_par' dir='ltr' id='par_1_105' title="bbox 440 5383 1535 5457">
     <span class='ocr_line' id='line_1_105' title="bbox 440 5383 1535 5457; baseline 0.005 -20"><span class='ocrx_word' id='word_1_828' title='bbox 440 5383 784 5457; x_wconf 75' lang='grc' dir='ltr'>ἀφανισμοῖς.</span> <span class='ocrx_word' id='word_1_829' title='bbox 816 5408 836 5443; x_wconf 74' lang='lat' dir='ltr'>t</span> <span class='ocrx_word' id='word_1_830' title='bbox 1522 5401 1535 5410; x_wconf 82' lang='lat'><strong>&#39;</strong></span> 
     </span>
    </p>
   </div>
   <div class='ocr_carea' id='block_1_106' title="bbox 516 5474 2005 5556">
    <p class='ocr_par' dir='ltr' id='par_1_106' title="bbox 516 5474 2005 5556">
     <span class='ocr_line' id='line_1_106' title="bbox 516 5474 2005 5556; baseline 0.007 -28"><span class='ocrx_word' id='word_1_831' title='bbox 516 5489 537 5523; x_wconf 73' lang='grc' dir='ltr'>ι</span> <span class='ocrx_word' id='word_1_832' title='bbox 574 5474 820 5540; x_wconf 88' lang='lat' dir='ltr'><strong>Quodam</strong></span> <span class='ocrx_word' id='word_1_833' title='bbox 856 5478 1022 5550; x_wconf 89' lang='lat' dir='ltr'><strong>igitur</strong></span> <span class='ocrx_word' id='word_1_834' title='bbox 1052 5482 1235 5548; x_wconf 89' lang='lat' dir='ltr'><strong>modo,</strong></span> <span class='ocrx_word' id='word_1_835' title='bbox 1266 5484 1506 5555; x_wconf 88' lang='lat' dir='ltr'><strong>priorum</strong></span> <span class='ocrx_word' id='word_1_836' title='bbox 1547 5485 1613 5541; x_wconf 90' lang='lat' dir='ltr'>de</span> <span class='ocrx_word' id='word_1_837' title='bbox 1643 5483 1839 5556; x_wconf 88' lang='lat' dir='ltr'><strong>quibus</strong></span> <span class='ocrx_word' id='word_1_838' title='bbox 1862 5498 2005 5540; x_wconf 87' lang='lat' dir='ltr'><strong>men-</strong></span> 
     </span>
    </p>
   </div>
   <div class='ocr_carea' id='block_1_107' title="bbox 513 5584 1018 5660">
    <p class='ocr_par' dir='ltr' id='par_1_107' title="bbox 513 5584 1018 5660">
     <span class='ocr_line' id='line_1_107' title="bbox 513 5584 1018 5660; baseline 0.014 -17"><span class='ocrx_word' id='word_1_839' title='bbox 513 5584 560 5617; x_wconf 75' lang='grc'>³⁸</span> <span class='ocrx_word' id='word_1_840' title='bbox 583 5585 717 5644; x_wconf 85' lang='lat' dir='ltr'><strong>Gen.</strong></span> <span class='ocrx_word' id='word_1_841' title='bbox 747 5606 895 5660; x_wconf 71' lang='lat' dir='ltr'>ms,</span> <span class='ocrx_word' id='word_1_842' title='bbox 933 5595 1018 5650; x_wconf 76' lang='grc'>10.</span> 
     </span>
    </p>
   </div>
   <div class='ocr_carea' id='block_1_108' title="bbox 2189 5471 3662 5548">
    <p class='ocr_par' dir='ltr' id='par_1_108' title="bbox 2189 5471 3662 5548">
     <span class='ocr_line' id='line_1_108' title="bbox 2189 5471 3662 5548; baseline 0.003 -19"><span class='ocrx_word' id='word_1_843' title='bbox 2189 5496 2206 5529; x_wconf 78' lang='grc' dir='ltr'>ι</span> <span class='ocrx_word' id='word_1_844' title='bbox 2239 5478 2370 5531; x_wconf 86' lang='grc' dir='ltr'>Τίνα</span> <span class='ocrx_word' id='word_1_845' title='bbox 2408 5476 2503 5547; x_wconf 81' lang='grc' dir='ltr'>μὲν</span> <span class='ocrx_word' id='word_1_846' title='bbox 2535 5471 2626 5528; x_wconf 78' lang='grc' dir='ltr'>οὖν</span> <span class='ocrx_word' id='word_1_847' title='bbox 2664 5474 2859 5545; x_wconf 75' lang='grc' dir='ltr'>τρόπον</span> <span class='ocrx_word' id='word_1_848' title='bbox 2882 5476 2913 5545; x_wconf 77' lang='grc' dir='ltr'>η</span> <span class='ocrx_word' id='word_1_849' title='bbox 2934 5474 3038 5528; x_wconf 87' lang='grc' dir='ltr'>τῶν</span> <span class='ocrx_word' id='word_1_850' title='bbox 3071 5475 3478 5548; x_wconf 78' lang='grc' dir='ltr'>προρρηθεισῶν</span> <span class='ocrx_word' id='word_1_851' title='bbox 3522 5475 3662 5534; x_wconf 70' lang='grc' dir='ltr'>έϐδσσ</span> 
     </span>
    </p>
   </div>
   <div class='ocr_carea' id='block_1_109' title="bbox 516 5719 1994 5800">
    <p class='ocr_par' dir='ltr' id='par_1_109' title="bbox 516 5719 1355 5800">
     <span class='ocr_line' id='line_1_109' title="bbox 516 5719 1355 5800; baseline 0.012 -21"><span class='ocrx_word' id='word_1_852' title='bbox 516 5719 590 5788; x_wconf 84' lang='grc' dir='ltr'>(Ι)</span> <span class='ocrx_word' id='word_1_853' title='bbox 614 5722 837 5795; x_wconf 86' lang='lat' dir='ltr'><strong>Ioseph.</strong></span> <span class='ocrx_word' id='word_1_854' title='bbox 870 5728 1049 5797; x_wconf 80' lang='lat' dir='ltr'><strong>Autiq.</strong></span> <span class='ocrx_word' id='word_1_855' title='bbox 1080 5748 1190 5799; x_wconf 71' lang='lat' dir='ltr'><strong>xxv,</strong></span> <span class='ocrx_word' id='word_1_856' title='bbox 1224 5733 1275 5800; x_wconf 89' lang='grc'>7,</span> <span class='ocrx_word' id='word_1_857' title='bbox 1303 5730 1355 5789; x_wconf 77' lang='lat'><strong>5.</strong></span> 
     </span>
    </p>
   </div>
   <div class='ocr_carea' id='block_1_110' title="bbox 2098 5719 3075 5800">
    <p class='ocr_par' dir='ltr' id='par_1_110' title="bbox 2180 5730 3075 5800">
     <span class='ocr_line' id='line_1_110' title="bbox 2180 5730 3075 5800; baseline -0.001 -12"><span class='ocrx_word' id='word_1_858' title='bbox 2180 5734 2257 5800; x_wconf 78' lang='grc'>(2)</span> <span class='ocrx_word' id='word_1_859' title='bbox 2290 5733 2489 5789; x_wconf 86' lang='lat' dir='ltr'><strong>Euseb.</strong></span> <span class='ocrx_word' id='word_1_860' title='bbox 2526 5732 2665 5788; x_wconf 82' lang='lat' dir='ltr'><strong>Hist.</strong></span> <span class='ocrx_word' id='word_1_861' title='bbox 2708 5730 2833 5788; x_wconf 71' lang='lat' dir='ltr'><strong>accf.</strong></span> <span class='ocrx_word' id='word_1_862' title='bbox 2870 5745 2908 5796; x_wconf 84' lang='grc' dir='ltr'>ι,</span> <span class='ocrx_word' id='word_1_863' title='bbox 2941 5730 2992 5795; x_wconf 81' lang='grc'>7,</span> <span class='ocrx_word' id='word_1_864' title='bbox 3022 5730 3075 5788; x_wconf 85' lang='grc'><strong>8.</strong></span> 
     </span>
    </p>
   </div>
  </div>
