3926 6260
286 310 429 370 “ﬂ

1256 310 1567 369 τοιοοῶ
1608 308 2084 367 ΡΒΟΡΗΕΤΙΟᾸΕ.
2124 342 2194 353 --
2229 313 2358 368 LIB.
2397 312 2481 369 ill.

3388 318 3528 375 1186

293 428 475 500 μάδων
498 425 605 480 τῶν
622 443 679 481 τε
697 424 975 498 προτέρων
1013 422 1160 497 [ν]ξ’,
1180 425 1272 479 καὶ
1287 426 1395 480 τῶν
1411 427 1503 480 ἐπὶ
1519 425 1742 490 ταύταις
1759 426 1857 496 ξβ’,

1981 428 2168 483 .ionem
2215 429 2379 485 modo
2414 428 2664 492 fecimus,
2692 427 3090 485 hebdomadam
3144 428 3324 503 [1.]vn,
3366 445 3532 487 caete-

288 520 594 595 προφητεὶα
624 520 725 589 (1),
760 521 818 573 ὲν
854 511 942 582 αἷς
975 519 1115 573 κατά
1145 519 1243 590 τὴν
1275 518 1369 572 τοῦ
1402 519 1589 588 γένους
1611 519 1859 591 διαδοχὴν

290 614 555 686 προσήκει
596 610 1001 681 διαλαμϐάνειν,
1040 611 1133 663 καὶ
1164 614 1228 683 τῇ
1275 610 1435 682 μέχρι
1480 611 1585 664 τῶν
1625 610 1859 684 Ἡρώδου

288 701 493 774 χρόνων
519 700 727 772 ἱστορίᾳ
751 699 982 773 δηλούσῃ
1005 701 1128 763 τοὺς
1148 701 1287 753 κατά
1315 700 1560 772 διαδοχὴν
1588 702 1860 774 ἀρχιερεῖς

285 792 374 845 διὰ
402 792 583 862 πάσης
610 790 825 862 χριστός
846 807 928 854 τις
950 791 1043 843 καὶ
1075 792 1359 862 ἀρχιερεὺς
1383 794 1566 862 ἠγεῖτο
1592 792 1685 845 τοῦ
1707 791 1855 857 λαοῦ,

284 883 363 947 ώς
391 882 480 937 διὰ
505 883 651 936 τουτὶ
687 882 936 953 είρῆσθαι
967 882 1045 954 τῷ
1070 883 1300 954 χρησμῷ
1331 884 1409 947 τὸ,
1448 903 1466 935 ι
1501 884 1605 948 ἓως
1636 885 1855 955 χριστοῦ

283 972 613 1044 ἡγουμένου,
651 992 669 1025 ι
706 971 873 1043 πέρας
905 972 1121 1044 εἴληφεν
1165 974 1243 1036 εἱς
1280 974 1404 1037 τοὺς
1444 973 1584 1027 κατὰ
1616 973 1859 1046 Ἡρώδην

287 1064 530 1135 χρόνους,
574 1063 649 1127 ὼς
696 1062 923 1134 δύναμις
972 1065 1123 1134 ἡμῖν,
1153 1064 1469 1135 δεδήλωται.
1520 1064 1645 1128 Πῶς
1690 1065 1736 1118 δ’
1769 1067 1861 1120 ἐπὶ

285 1156 495 1218 τούτοις
544 1156 680 1228 μετά
712 1157 809 1228 τὴν
855 1157 1249 1229 συμπλήρωσιν
1287 1156 1379 1211 τοῦ
1426 1156 1861 1228 προδηλωθέντος

285 1246 394 1299 τῶν
415 1245 722 1315 ἑϐδομάδων
749 1246 940 1317 χρόνου
976 1266 996 1297 ι
1030 1246 1395 1319 ὲξωλοθρεύθη
1427 1247 1654 1318 χρίσμα,
1682 1249 1762 1301 ὅτι
1788 1249 1862 1320 μὴ

286 1340 462 1411 κρίμα
488 1334 555 1410 ἧν
582 1340 639 1391 ὲν
672 1340 840 1409 αὐτῷ,
876 1359 895 1390 »
928 1339 1118 1410 ὥσπερ
1146 1340 1191 1392 δ’
1222 1336 1315 1393 οὖν
1346 1340 1407 1393 τὸ
1440 1341 1618 1410 λόγιον
1649 1343 1862 1414 μηνύει,

288 1435 551 1505 σημαῖνον
603 1433 685 1488 ὃτι
732 1431 870 1503 μετά
913 1433 1148 1503 κρίσεως
1194 1433 1414 1502 εὐλόγου
1457 1435 1519 1487 τὸ
1556 1436 1763 1507 χρίσμα
1805 1436 1865 1490 τὸ

286 1524 428 1579 κατά
473 1525 572 1595 τὴν
602 1524 1009 1595 ἀρχιερωσύνην
1042 1526 1134 1578 ἐπὶ
1171 1525 1265 1578 τοῦ
1298 1526 1623 1598 δηλουμένου
1672 1528 1864 1598 καιροῦ

288 1612 789 1685 συντελεσθήσεται,
836 1614 1003 1681 σαφὲς
1046 1613 1111 1667 ἂν
1142 1614 1350 1682 γένοιτο
1397 1618 1508 1679 τοῖς
1542 1618 1865 1687 ἐπιστήσασι

286 1705 353 1775 τῇ
394 1721 452 1757 τε
478 1703 572 1757 τοῦ
604 1704 768 1772 νόμου
789 1702 1049 1767 διατάξει,
1071 1703 1148 1774 (ὲν
1176 1698 1313 1777 ᾖδιά
1340 1704 1456 1773 βίου
1485 1705 1677 1776 μέχρις
1700 1706 1865 1775 αὐτῆς

1970 534 2263 590 rarumque
2323 525 2445 590 post
2495 520 2615 575 illas
2669 534 2805 585 un,
2857 520 3163 592 prophetia,
3221 551 3293 563 --
3334 523 3534 592 quibus

1971 626 2243 666 summum
2302 611 2670 667 sacerdotium
2722 612 2939 683 generis
2982 612 3107 683 jure
3151 613 3364 683 obtigit,
3405 628 3532 668 cum

1976 718 2150 773 usque
2183 705 2249 758 ad
2282 702 2510 759 Herodis
2551 711 2794 774 tempora
2827 719 3019 759 omnes
3047 705 3288 760 ostendit
3308 704 3533 760 historia

1977 797 2289 853 sacerdotes
2342 809 2571 866 magnos
2627 796 2999 852 successionis
3045 798 3166 851 vice
3207 811 3304 866 per
3362 804 3532 851 totam

1970 905 2158 945 eorum
2176 892 2363 954 vitam,
2394 890 2615 959 quando
2638 888 2880 944 christus
2900 890 3077 957 quivis
3109 897 3163 943 et
3183 903 3429 943 summus
3453 902 3536 942 sa—

1969 978 2165 1034 cerdos
2196 980 2394 1050 populo
2428 986 2677 1049 praeerat,
2712 987 2770 1032 ut
2812 992 2931 1032 eam
2960 979 3031 1033 ob
3060 994 3283 1034 causam
3312 980 3535 1034 oraculo

1970 1069 2264 1136 diceretur,
2294 1089 2311 1122 ι
2340 1086 2513 1141 usque
2578 1071 2644 1125 ad
2691 1069 2957 1125 cltristum
3018 1070 3209 1124 ducem
3230 1112 3245 1136 ,
3276 1089 3295 1123 ι
3330 1072 3533 1127 exitum

1970 1162 2199 1219 Herodis
2232 1170 2475 1233 tempore
2492 1162 2698 1226 habuit,
2744 1164 2909 1224 sicut.
2942 1170 3209 1232 quantum
3258 1164 3413 1218 licuit
3441 1165 3534 1219 de—

1968 1256 2413 1311 monstravimus.
2457 1254 2746 1321 Quomodo
2798 1264 2977 1309 autem
3009 1263 3132 1326 post
3186 1270 3536 1312 consumma-

1963 1358 2076 1403 tum
2110 1348 2495 1419 praedictarum
2528 1347 2927 1402 hebdomadum
2956 1356 3195 1417 tempus,
3223 1366 3244 1398 ι
3274 1348 3535 1404 abolitum

1962 1450 2046 1496 est
2074 1441 2330 1507 chrisma,
2377 1439 2505 1510 quia
2543 1455 2653 1495 non
2683 1439 2950 1510 judicium
3002 1448 3120 1494 erat
3144 1440 3199 1494 in
3228 1454 3315 1503 eo,
3342 1458 3362 1493 ι
3393 1444 3536 1495 sicut

1966 1533 2069 1588 fert
2123 1532 2419 1604 Scripturze
2449 1540 2653 1599 textus,
2700 1534 3013 1603 significans
3041 1531 3209 1603 quod,
3244 1540 3368 1603 post
3391 1533 3538 1603 judio

1964 1627 2107 1681 cium
2168 1625 2428 1696 prudens.
2482 1626 2742 1691 chrisma,
2785 1626 3087 1681 secundum
3124 1613 3398 1682 summum
3447 1640 3538 1685 sa-

1966 1717 2291 1778 cerdotium,
2326 1718 2636 1773 absolutum
2683 1719 2809 1785 erit,
2843 1728 3092 1788 apertum
3135 1728 3282 1775 esset
3314 1720 3402 1776 his
3444 1721 3539 1793 qui

286 1795 539 1867 τελευτῆς
590 1795 985 1867 προστέτακται
1016 1796 1115 1866 τὴν
1163 1795 1570 1868 ἀρχιερωσύνην
1618 1797 1741 1860 τοὺς
1786 1791 1865 1860 οἷς

1981 1811 2105 1880 legis
2133 1809 2483 1880 praeceptioni
2536 1772 2809 1865 inhmrent'
2848 1772 2977 1882 (qua
3028 1826 3126 1881 per
3169 1819 3337 1866 totam
3369 1772 3540 1868 vitam

290 1886 431 1941 κατὰ
453 1885 552 1957 τὴν
572 1884 665 1938 τοῦ
687 1885 875 1953 γένους
897 1885 1142 1956 διαδοχὴν
1160 1888 1423 1957 προσήκει
1439 1884 1864 1956 διαλαμϐάνειν),

291 1979 385 2032 καὶ
410 1979 473 2048 τῇ
522 1976 683 2047 μέχρι
717 1975 823 2029 τῶν
867 1974 1105 2047 Ἡρώδου
1133 1976 1338 2047 χρόνων
1367 1976 1597 2047 ἱστορίᾳ,
1637 1974 1870 2047 δηλούσῃ

286 2071 414 2134 τοὺς
441 2068 583 2123 κατὰ
630 2066 879 2139 διαδοχὴν
918 2070 1191 2140 ἀρχιερεῖς
1218 2067 1306 2120 διὰ
1350 2067 1527 2139 πάσης
1557 2068 1653 2137 τῆς
1691 2066 1869 2121 αὐτῶν

287 2162 436 2234 ζωῆς
454 2161 762 2225 ἀκολούθως
790 2165 857 2233 τῇ
887 2163 1015 2233 περὶ
1056 2159 1233 2215 αὐτῶν
1265 2160 1555 2230 νομοθεσίᾳ
1585 2161 1680 2230 τῆς
1706 2158 1870 2228 τιμῆς

288 2251 571 2321 ἠξιῶσθαι.
617 2254 763 2315 ὅπως
792 2268 850 2305 τε
889 2252 1008 2304 κατ’
1041 2250 1201 2303 αὐτὸν
1237 2247 1480 2321 Ἡρώδην
1510 2249 1569 2301 οὐ
1607 2248 1764 2319 μόνον
1788 2249 1871 2303 ⁷τά

286 2343 391 2412 τῆς
424 2341 679 2412 τοιαύτης
712 2340 838 2412 περὶ
881 2340 1004 2403 τοὺς
1037 2340 1311 2412 ἀρχιερεῖς
1358 2341 1617 2409 διαταγῆς
1652 2340 1869 2408 συγχεῖ-

287 2433 380 2486 ταί
409 2451 469 2486 τε
503 2434 596 2487 καὶ
633 2433 1022 2504 διαφθείρεται,
1050 2432 1184 2486 ἀλλά
1207 2432 1305 2507 καὶ
1332 2431 1433 2501 τῆς
1471 2432 1631 2498 ἀγίας
1658 2430 1867 2501 στολῆς,

287 2527 360 2596 ἦν
382 2525 651 2596 ύπομόνον
676 2525 794 2595 (sic)
824 2523 951 2595 ἐξῆν
986 2519 1123 2577 εἶναι
1156 2524 1252 2577 τὸν
1292 2523 1573 2594 ἀρχιερέα,
1607 2524 1687 2575 ὅτι
1721 2522 1794 2593 μὴ
1825 2522 1869 2576 δ’

289 2615 463 2688 ἑτέρῳ
495 2616 527 2686 ἢ
560 2614 709 2686 αύτῴ
748 2615 892 2684 μόνῳ
938 2616 994 2667 ὲν
1044 2614 1216 2687 ταύτῃ
1259 2613 1591 2685 λειτουργεῖν
1625 2611 1743 2676 ἐξὸν
1780 2607 1869 2682 ἦν,

289 2709 392 2779 τὴν
421 2708 666 2773 ἐξουσίαν
693 2707 888 2770 αὐτοὺς
919 2705 1163 2776 Ἡρώδης
1186 2705 1515 2776 ἀφελόμενος
1543 2706 1630 2773 ὑφ’
1655 2704 1869 2769 ἑαυτὸν,

288 2802 387 2855 καὶ
417 2800 589 2854 ταῦτα
619 2800 912 2870 ἀλλόφυλος
939 2798 1036 2861 ὣν,
1070 2800 1322 2851 ποιεῖται.
1346 2797 1409 2849 Εἱ
1429 2796 1485 2848 δὲ
1517 2796 1623 2867 χρὴ
1645 2796 1739 2847 καὶ
1758 2793 1871 2846 τού-

290 2915 402 2951 των
427 2896 765 2968 παραθέσθαι
786 2894 1063 2966 ἐλέγχους,
1088 2893 1243 2963 δέχου
1264 2892 1327 2962 δὴ
1353 2891 1447 2945 τοῦ
1478 2892 1752 2963 μάρτυρος
1773 2890 1871 2955 τάς

292 2988 478 3057 φωνάς
504 2988 610 3058 (ἃς)
638 2989 667 3041 ό
700 2984 759 3053 ὲξ
798 2986 977 3040 αὐτῶν
1013 2985 1280 3056 Ἐϐραίων
1319 2982 1601 3055 Ἰώσηπος,
1634 2986 1732 3054 τῆς
1763 2982 1870 3036 τῶν

292 3081 486 3152 ἱερέων
526 3082 618 3133 καὶ
655 3079 815 3143 αὐτὸς
845 3077 1146 3148 ἠξιωμένος
1184 3076 1371 3145 τιμῆς,
1414 3076 1509 3128 καὶ
1561 3074 1749 3144 γένους
1777 3072 1871 3128 τοῦ
1900 3112 1943 3169 C

291 3176 424 3246 παρ’
452 3174 634 3237 αὐτοῖς
664 3174 1109 3242 διαφανέστατοι),
1139 3174 1196 3224 ὲν
1217 3170 1447 3242 εἰκοστῷ
1473 3174 1573 3241 τῆς
1612 3172 1875 3240 Ἀρχαιο-

291 3267 503 3336 λογίας
527 3265 900 3320 κατατέθειται
921 3262 1333 3334 συγγράμματι.
1365 3262 1501 3333 Περὶ
1530 3261 1626 3331 μὲν
1651 3258 1743 3315 οὖν
1774 3262 1872 3332 τῆς

290 3355 402 3408 τῶν
413 3354 712 3426 ἀρχιερέων
725 3352 1081 3424 παρατροπῆς
1096 3345 1200 3405 ὧδέ
1213 3367 1329 3413 πως
1337 3350 1478 3403 κατά
1492 3349 1633 3415 λέξιν
1648 3350 1871 3420 γράφει*

372 3466 391 3499 ι
430 3448 543 3517 Τὴν
575 3445 632 3498 δὲ
667 3444 941 3515 βασιλείαν
977 3441 1219 3513 Ἡρώδης
1245 3441 1394 3512 παρά
1423 3440 1761 3511 (Ῥω)μαίων
1783 3442 1876 3508 ἐγ-

292 3536 609 3609 χειρισθεὶς,
623 3535 802 3588 οὐκέτι
814 3534 939 3596 τοὺς
955 3534 1017 3584 ἐκ
1032 3532 1124 3585 τοῦ
1140 3530 1511 3602 Ἀσαμωναίου
1522 3529 1711 3595 γένους
1731 3527 1831 3581 καθ
1840 3529 1877 3581 ἱ-

296 3645 485 3701 στησιν
511 3630 804 3699 ἀρχιερεῖς,
825 3627 960 3681 ἀλλά
974 3640 1114 3679 τισιν
1129 3624 1362 3693 ἀσήμοις
1381 3623 1475 3675 καὶ
1490 3622 1589 3674 οὐκ
1609 3620 1667 3686 ἐξ
1687 3622 1873 3691 ἱερέων

228 3742 234 3749 ·
293 3715 466 3782 οὖσιν,
489 3719 628 3790 πλὴν
651 3718 767 3781 ἑνὸς
805 3713 1232 3787 Ἀριστοϐούλου,
1264 3711 1362 3782 τὴν
1392 3712 1556 3782 τιμὴν
1580 3711 1872 3780 ἀπένεμεν·

294 3812 389 3865 τὸν
440 3811 497 3865 δὲ
553 3809 977 3884 Ἀριστόϐουλον,
1019 3804 1285 3878 Ὑρκανοῦ
1329 3802 1423 3857 τοῦ
1482 3803 1590 3856 ἀπὸ
1644 3801 1874 3873 Παρθῶν

298 3902 863 3975 αἱχμαλωσιασθέντος
892 3900 1006 3953 υἱὸν
1056 3898 1183 3951 ὄντα
1216 3896 1560 3966 καταστήσας
1596 3894 1876 3965 ἀρχιερέα,

297 3998 368 4067 τῇ
391 3994 590 4064 ἀδελφῇ
632 3992 794 4046 αὑτοῦ
820 3991 1101 4061 συνῴκησε
1136 3987 1469 4059 Μαριάμμῃ,
1497 3986 1596 4057 τὴν
1621 3985 1715 4040 τοῦ
1748 3984 1879 4058 πλή-

298 4087 426 4151 θους
456 4087 590 4158 πρὸς
637 4086 827 4139 ἑαυτὸν
855 4082 915 4154 (f.
949 4081 1039 4152 42)
1071 4078 1385 4151 θηρώμενος
1414 4075 1624 4130 εὔνοιαν
1661 4076 1750 4131 διὰ
1778 4076 1877 4147 τὴν

309 4178 581 4250 Ὑρκανοῦ
611 4179 855 4249 μνήμην·
887 4172 1006 4229 εἶτα
1042 4172 1299 4244 φοϐηθεὶς
1328 4171 1401 4241 μὴ
1432 4170 1567 4242 πρὸς
1600 4171 1688 4223 τὸν
1729 4170 1879 4240 Ἀρι-

301 4269 588 4324 στόϐουλον
625 4270 824 4331 πάντες
846 4266 1228 4326 ἀποκλίνωσιν,
1253 4263 1459 4317 ἀνεῖλεν
1492 4262 1653 4317 αὐτὸν
1686 4264 1743 4316 ὲν
1780 4263 1879 4315 Ἰε-

304 4361 461 4434 ριχῷ,
504 4364 759 4433 πνιγῆναι
795 4364 1244 4434 μηχανησάμενος
1290 4359 1664 4431 κολυμϐῶντα,
1699 4357 1880 4423 καθὼς

1969 1915 2143 1970 usque
2167 1900 2233 1954 ad
2267 1911 2495 1956 mortem
2520 1916 2794 1955 summum
2813 1904 3120 1957 sortiuntur
3148 1902 3539 1973 sacerdotium,

1968 1991 2171 2062 quibus
2238 1991 2341 2045 hoc
2401 2007 2601 2046 munus
2666 1993 2881 2062 generis
2936 1994 3058 2063 jure
3117 1995 3354 2065 obtigit),
3379 2002 3542 2065 atque

1969 2100 2145 2155 usque
2208 2082 2276 2137 ad
2332 2082 2562 2140 Herodis
2614 2096 2827 2154 tempus
2868 2086 3267 2157 historia,qute
3302 2086 3542 2142 ostendit

1966 2176 2091 2246 jure
2125 2175 2496 2231 successionis
2514 2175 2828 2232 sacerdotes
2857 2193 3101 2233 summos
3131 2178 3236 2232 hac.
3278 2178 3543 2249 dignitate

1970 2275 2248 2337 pertotam
2286 2268 2452 2322 vitam
2479 2269 2781 2324 secundum
2834 2271 2980 2324 illam
3024 2270 3418 2341 legislationem
3443 2287 3544 2342 po-

1971 2360 2123 2423 titos,
2159 2358 2304 2429 quod
2356 2359 2575 2415 Herode
2628 2373 2892 2432 regnante
2938 2379 3046 2417 non
3083 2364 3251 2419 modo
3276 2365 3391 2419 haec
3424 2364 3540 2435 ipsa

1970 2452 2039 2506 do
2069 2450 2301 2505 srmunis
2323 2451 2700 2507 sacerdotibus
2731 2453 2815 2507 lex
2846 2453 3104 2522 abrogata
3153 2461 3206 2507 et
3231 2454 3405 2509 deleta
3434 2462 3540 2523 est,

1964 2532 2068 2597 'sed
2089 2548 2143 2595 et
2174 2548 2365 2597 sancta
2397 2543 2587 2606 vestis,
2622 2558 2727 2612 qua
2753 2544 2929 2598 solum
2956 2544 3108 2598 indui
3137 2545 3221 2601 lius
3250 2553 3367 2601 erat
3391 2561 3544 2601 sum-

1972 2649 2122 2688 mum
2177 2634 2538 2698 sacerdotem,
2572 2650 2845 2705 quamque
2896 2637 3031 2690 nulli
3084 2637 3189 2692 nisi
3224 2639 3326 2707 ipsi
3356 2637 3460 2693 soli
3485 2638 3541 2693 in

1972 2727 2310 2781 solemnibus
2340 2728 2538 2783 ritibus
2569 2726 2711 2782 ferre
2743 2729 2952 2782 licitum
2979 2738 3117 2793 erat,
3140 2740 3431 2800 postquam
3474 2730 3544 2786 ah

1973 2815 2041 2871 iis
2064 2815 2361 2871 detractam
2417 2818 2545 2881 sibi,
2581 2833 2703 2872 cum
2731 2827 2877 2875 esset
2924 2820 3247 2892 alienigena.
3302 2819 3544 2879 Herodes

1974 2906 2291 2975 assumpsit.
2324 2905 2569 2973 Quorum
2608 2904 2654 2962 si
2673 2908 2998 2964 documenta
3054 2921 3182 2965 sunt
3231 2911 3542 2981 praebenda,

1972 2995 2131 3050 testis
2156 2997 2482 3054 adhibeatur
2519 2996 2821 3052 Hebraicus
2847 3000 2965 3069 ipse
2992 2997 3283 3071 Iosephus,
3332 3016 3545 3058 necnon

1974 3088 2269 3143 sacerdotii
2300 3088 2565 3160 dignitate
2610 3089 2935 3155 honoratus,
2981 3100 3037 3145 et
3065 3107 3262 3162 genere
3276 3093 3419 3163 apud
3451 3107 3546 3148 eos

1979 3181 2429 3249 praeclarissimo,
2491 3187 2583 3252 qui
2638 3182 2695 3237 in
2740 3184 3003 3239 vicesimo
3043 3184 3423 3255 Archaeotogia:
3483 3186 3550 3239 li-

1973 3271 2077 3326 bro
2121 3272 2238 3326 haec
2294 3272 2537 3331 disserit.
2591 3272 2706 3330 Hoc
2760 3276 2928 3344 igitur
2985 3275 3148 3331 modo
3209 3276 3548 3332 immutatam

1972 3364 2177 3418 summi
2194 3365 2485 3419 sacerdotii
2514 3368 2921 3425 successionem
2953 3367 3218 3423 describit
3244 3388 3257 3424 ε

2052 3473 2070 3505 ι
2113 3454 2376 3523 Herodes,
2403 3474 2526 3512 cum
2562 3475 2592 3513 a
2624 3459 2884 3516 Romanis
2917 3477 3146 3532 regnum
3194 3463 3545 3530 obtinuisset,

1979 3563 2087 3603 non
2105 3548 2218 3618 jam
2244 3550 2598 3607 Asamonzeos
2625 3567 2870 3608 summos
2899 3555 3185 3609 constituit
3211 3555 3548 3621 sacerdotes,

1977 3640 2072 3696 sed
2112 3642 2253 3696 hanc
2274 3643 2593 3713 dignitatem
2628 3645 2955 3716 quihusdam
2985 3648 3246 3717 indignis,
3300 3663 3401 3702 nec
3448 3663 3542 3703 sa-

1976 3731 2237 3786 cerdotali
2263 3748 2461 3801 genere
2506 3735 2672 3799 natis,
2705 3747 2899 3806 praeter
2943 3753 3111 3791 unum
3152 3738 3549 3806 Aristobulum,

1982 3824 2301 3894 assignavit.
2336 3826 2712 3882 Aristobulum
2751 3844 2901 3894 vero,
2929 3827 3165 3901 Hyrcani
3190 3832 3464 3900 quondam
3496 3832 3551 3888 in

1979 3917 2348 3985 captivitatem
2378 3933 2408 3971 a
2443 3916 2659 3974 Parthis
2687 3918 2907 3974 abducti
2938 3922 3126 3986 tilium,
3151 3937 3425 3977 summum
3465 3938 3554 3979 sa-

1979 4008 2253 4062 cerdotem
2286 4009 2572 4065 constituit
2622 4027 2976 4083 sororemque
3011 4013 3132 4082 ejus
3184 4012 3405 4067 Mariam
3444 4014 3550 4070 sibi

1980 4098 2332 4154 matrimonio
2385 4100 2650 4164 devinxit,
2687 4103 3052 4160 uttlltitudinis
3082 4108 3312 4175 gratiam
3351 4107 3457 4162 sibi
3484 4108 3555 4162 ob

1989 4189 2224 4262 Hyrcani
2248 4194 2565 4247 memoriam
2597 4202 2856 4264 captans;
2911 4201 3102 4264 postea
3139 4195 3337 4250 timens
3378 4213 3445 4251 ne
3483 4197 3552 4251 ad

1982 4281 2355 4337 Aristobulum
2400 4299 2592 4340 omnes
2646 4284 2993 4349 inclinarent,
3046 4290 3271 4343 sustulit
3317 4304 3439 4343 eum
3498 4289 3554 4343 in

1980 4371 2218 4439 Iericho,
2252 4382 2530 4431 natantem
2567 4378 2725 4447 aquis
2752 4393 2986 4432 mersum
3004 4395 3124 4434 esse
3157 4384 3386 4451 lingens,
3414 4380 3555 4435 sicut

299 4451 405 4523 ἢδη
437 4450 832 4523 δεδηλώκαμεν.
865 4452 1017 4505 Μετά
1055 4451 1241 4504 τοῦτον
1278 4450 1457 4502 οὐκέτι
1500 4451 1614 4511 τοῖς
1639 4449 1872 4516 ἐγγόνοις

1981 4463 2093 4533 jam
2122 4468 2483 4522 ostendimus.
2519 4466 2638 4532 Quo
2663 4468 2985 4537 interempto
3022 4449 3299 4539 nunquam
3325 4468 3555 4523 Asamo-

299 4541 412 4596 τῶν
443 4543 815 4614 ’Δσαμωναίου
839 4544 1043 4597 παίδων
1075 4545 1172 4613 τὴν
1195 4541 1601 4614 ἀρχιερωσύνην
1634 4542 1883 4595 ἐπίστευ-

304 4653 418 4692 σεν.
445 4637 689 4709 Ἔπραξε
713 4638 770 4690 δὲ
794 4639 954 4709 ὅμοια
978 4636 1057 4708 τῷ
1088 4635 1304 4708 Ἡρώδῃ
1335 4636 1460 4708 περὶ
1489 4637 1586 4705 τῆς
1613 4632 1884 4688 καταστά-

306 4742 446 4790 σεως
475 4727 582 4781 τῶν
615 4727 915 4799 ἀρχιερέων
963 4725 1251 4798 Ἀρχέλαός
1278 4741 1339 4777 τε
1371 4728 1401 4778 ό
1427 4728 1555 4788 παῖς
1582 4722 1767 4785 αὑτοῦ,
1790 4723 1884 4777 καὶ

309 4819 449 4889 μετά
473 4819 660 4874 τοῦτον
702 4820 801 4891 τὴν
832 4818 1006 4890 ἀρχὴν
1041 4818 1298 4888 Ῥωμαῖοι
1334 4816 1443 4870 τῶν
1481 4816 1749 4870 Ἰουδαίων
1782 4832 1886 4868 πα-

311 4911 654 4984 ραλαϐόντες.
688 4931 707 4963 ι

379 5026 563 5081 Ταῦτα
611 5026 709 5097 μὲν
736 5024 862 5098 περὶ
897 5023 1102 5077 τούτων
1142 5024 1169 5076 ὁ
1200 5020 1492 5093 Ἰώσηποςο
1537 5019 1665 5092 περὶ
1702 5019 1758 5074 δὲ
1788 5020 1886 5091 τῆς

307 5117 700 5193 ἀρχιερατικῆς
734 5116 925 5186 στολῆς
958 5118 1016 5169 ὲν
1043 5115 1120 5185 τῷ
1158 5113 1606 5184 ὀκτωκαιδεκάτῳ
1631 5114 1729 5184 τῆς
1763 5114 1887 5182 Ἀρ-

309 5209 659 5281 χαιολογίας
684 5206 857 5260 ταῦτα
893 5207 1110 5279 ἱστορεῦ

392 5339 411 5372 ι
446 5318 689 5391 Ἡρώδης
723 5318 780 5372 δὲ
819 5317 1140 5389 βασιλεύσας
1174 5318 1270 5389 τήν
1293 5332 1350 5369 τε
1384 5314 1539 5386 βάριν
1582 5313 1786 5387 ταύτην
1828 5314 1887 5368 ὲν

385 5455 463 5525 (1)
490 5453 618 5524 Seq.
647 5456 728 5510 sic
756 5454 1056 5525 supplenda
1097 5462 1151 5509 et
1189 5451 1414 5525 legenda
1446 5467 1534 5507 me
1571 5452 1782 5525 monuit
1812 5449 1885 5525 Μ.

310 5521 379 5595 I._
393 5521 665 5580 Routhius
694 5521 1052 5595 collffblagd.
1096 5521 1297 5595 prafses
1330 5523 1707 5595 :_r:po<pq':e£;z,
1734 5551 1808 5595 ς·-
1829 5523 1889 5595 έν

315 5589 405 5659 αῖς
431 5596 527 5674 τῂν
553 5589 1132 5674 ἀρχιερωῖύγηνᾶατᾷ
1158 5594 1255 5674 silv
1285 5592 1383 5674 τοῦ
1416 5589 1605 5673 γένους
1642 5591 1889 5674 διαδοχὴν

317 5660 1012 5737 προςῆκείδίαλαμϐάνὲιν,
1044 5664 1137 5717 καὶ
1175 5660 1276 5737 τῆς
1320 5662 1480 5737 μέχρι
1507 5660 1625 5737 τῶν.
1649 5660 1888 5737 Ἡρώδου

317 5679 584 5737 προςηκει
612 5679 1012 5747 οιαλαμοανειγ,
1044 5679 1137 5717 και
1176 5680 1276 5732 της
1320 5679 1480 5785 μεχρι
1507 5679 1614 5714 των
1667 5679 1888 5787 ηερωοου

317 5734 525 5807 χρόνων
554 5734 792 5806 ἱστορίας
817 5733 1081 5805 δηλουσης
1110 5735 1233 5798 τοὺς
1260 5733 1403 5788 κατὰ
1461 5730 1673 5805 ιαδοχὴν
1747 5748 1890 5804 ρχιε-

1986 4557 2088 4612 nali
2124 4560 2249 4613 liliis
2278 4573 2549 4613 summum
2576 4558 2809 4612 credidit
2834 4559 3221 4615 sacerdotium.
3257 4558 3378 4630 Egit
3407 4559 3558 4614 simi'

1993 4650 2115 4705 liter
2173 4651 2228 4704 in
2283 4644 2548 4719 eligendis
2617 4651 2847 4704 summis
2892 4651 3275 4706 sacerdotibus
3322 4649 3555 4705 Herodis

1986 4744 2131 4801 ﬁlius
2177 4745 2497 4807 Archelaus,
2548 4751 2710 4814 atque
2753 4752 2876 4812 post
2911 4758 3034 4797 eum
3076 4741 3306 4798 Romani
3340 4741 3556 4799 Iudaeo—

1985 4853 2107 4893 rum
2136 4837 2424 4908 imperium
2454 4835 2734 4891 consecuti
2764 4834 2862 4907 (2).
2907 4853 2927 4888 ι

2057 5043 2182 5100 Haec
2211 5042 2427 5114 quidem
2469 5041 2535 5096 de
2576 5041 2659 5095 his
2697 5038 2968 5112 Iosephus
3000 5059 3013 5095 :
3041 5053 3227 5094 verum
3271 5036 3338 5092 de
3376 5050 3595 5117 sacer-l

1988 5140 2154 5195 dotali
2181 5146 2330 5193 veste
2370 5137 2423 5190 in
2451 5143 2645 5192 octavo
2677 5144 2731 5191 et
2763 5134 2976 5190 decimo
3012 5131 3387 5203 Archeologia:
3419 5129 3561 5186 libro

1988 5231 2103 5286 haec
2139 5238 2323 5284 narrat
2347 5246 2361 5281 :

2065 5342 2083 5373 ι
2126 5320 2367 5377 Herodes
2398 5336 2492 5375 rex
2528 5319 2631 5375 hoc
2660 5320 3088 5374 calceamentum
3122 5313 3561 5372 commodissime

2054 5457 2104 5517 ῖς
2131 5453 2226 5530 διά-
2252 5454 2432 5530 πάσης
2462 5454 2562 5524 τῆς
2586 5453 2771 5530 fxo-r6)!
2793 5452 2959 5530 ζωῆς,
2983 5453 3070 5530 ore
3108 5449 3327 5530 χριστός
3349 5465 3434 5530 τις
3465 5449 3562 5530 κα).

2030 5520 2489 5597 ρχιερεὺςξήγεῖτο
2518 5520 2611 5577 τοῦ
2644 5524 2796 5597 λαοῦ,
2818 5520 3007 5597 ὡςδιά
3031 5520 3179 5577 τουτὶ
3209 5520 3461 5597 είρῆσθαι
3484 5520 3563 5589 τῷ

1991 5591 2224 5670 χρησμῷ
2247 5591 2337 5661 τὸ,
2356 5591 2460 5670 ἕως
2485 5594 2708 5670 χριστοῦ
2737 5593 3041 5670 ἡγουμένου
3057 5633 3072 5662 ,
3096 5622 3166 5635 ——
3190 5591 3385 5665 πέρας.

2064 5663 2150 5738 (2)
2175 5663 2396 5737 Ioseph.
2428 5663 2607 5737 Antig.
2637 5680 2727 5732 xx,
2760 5663 2853 5731 ’ll,
2883 5663 2953 5719 ’5.
