3926 6260
446 299 585 357 1187

1146 298 1412 355 EUSEBII
1451 295 1926 356 CASSARIENSIS
1965 295 2115 356 om).
2157 295 2359 358 mas.
2403 301 2492 356 lll.
2534 333 2604 342 -
2635 269 3042 356 uiscerum.

3549 299 3670 353 H88

444 404 499 450 et
525 393 810 465 magnifice
843 399 1156 463 apparatum
1195 394 1485 447 Antoniam
1516 397 1730 450 vocavit
1775 397 1985 451 nomine

2116 396 2401 466 ἐπιτηδείῳ
2442 397 2695 466 κειμένην
2741 393 3151 456 κατασκευάσας
3197 392 3521 456 πολυτελῶς,
3569 395 3670 446 Ἀν-

441 495 497 543 et
536 487 712 549 magni
742 485 1039 542 sacerdotis
1074 485 1334 551 tunicam,
1380 495 1438 540 ut
1481 503 1601 543 sese
1642 490 1894 553 habebat,
1925 503 2011 542 as—

442 579 695 648 sumpsit,
749 577 882 631 nihil
937 577 1200 632 adversus
1253 594 1313 632 se
1364 594 1395 632 a
1438 579 2012 648 populo.moliendum

443 679 662 740 propter
703 684 821 724 eam
869 676 1038 722 ratus.
1096 668 1218 738 Egit
1267 670 1522 723 similiter
1565 669 1794 724 Herodis
1846 668 2012 730 ﬁlius,

443 762 697 830 regnique
730 775 1017 814 successor
1058 762 1377 826 Archelaus,
1413 776 1442 814 a
1491 777 1600 831 quo
1636 761 1867 816 Romani
1906 760 2011 813 im-

440 855 646 922 perium
695 853 1043 922 accipientes,
1092 856 1269 925 magni
1319 856 1620 910 sacerdotis
1669 857 1904 909 tunicam
1953 855 2008 910 in

438 944 600 1001 domo
641 947 788 1001 saxis
834 947 1097 1001 aediﬁcata
1135 949 1236 1002 sub
1271 949 1804 1020 sigilloincluserunt
1836 949 1932 1021 (Ι).
1984 968 2002 1001 ι

505 1213 712 1281 Quibus
758 1215 920 1281 igitur
949 1216 1250 1270 certissime
1282 1227 1445 1286 patet,
1479 1219 1750 1288 praedictis
1779 1229 2002 1295 ,tempo-

433 1307 586 1362 ribus
635 1308 943 1376 prophetias
989 1308 1237 1377 impletas
1285 1307 1474 1362 fuisse.
1525 1310 1679 1375 Quod
1715 1313 1758 1366 si
1796 1328 1901 1368 non
1935 1316 2002 1371 iis

434 1399 806 1452 consentirent
852 1398 1181 1459 circumcisi,
1229 1400 1548 1467 postulanda
1597 1411 1742 1456 esset
1808 1405 1874 1458 ab
1934 1403 2023 1461 iis'

435 1487 539 1541 alia
595 1502 658 1541 ac
695 1498 878 1541 nostra
921 1489 1082 1558 hujus
1128 1488 1421 1559 Scriptura:
1459 1491 1561 1546 loci
1603 1494 1996 1564 interpretatio,

433 1587 596 1647 atque
630 1579 695 1632 iis
725 1579 1201 1633 demonstrandum
1244 1582 1396 1650 juxta
1422 1583 1566 1652 ipsos
1604 1587 1885 1643 mendacio
1913 1605 2001 1643 ar-

429 1680 663 1738 guantur
701 1686 923 1725 necesse
951 1678 1034 1726 est
1071 1671 1336 1727 Gabrielis
1372 1675 1768 1742 praedictiones,
1801 1680 1846 1734 si
1879 1681 2000 1733 nul-

2117 489 2312 542 τωνίαν
2342 488 2495 542 καλεῖ
2513 488 2702 559 δνομα,
2729 489 2820 540 καί
2847 487 2943 558 τὴν
2966 485 3152 556 στολὴν
3175 484 3270 555 τὴν
3295 487 3670 556 ἀρχιερατικὴν

2119 580 2306 650 ὥσπερ
2355 579 2448 632 καὶ
2497 578 2759 649 λαμϐάνει
2790 578 2914 649 τῇδε
2972 576 3226 646 κειμένην
3275 579 3546 644 κατεῖχεν,
3601 593 3672 628 πι-

2120 672 2322 726 στεύων
2341 672 2488 726 οὑδὲν
2518 676 2820 742 νεωτεριεῖν
2849 671 2934 724 ἐπ’
2957 669 3102 739 αὑτῷ
3127 669 3217 721 τὸν
3246 668 3370 721 λαὸν
3393 669 3459 722 δι’
3490 670 3667 738 αὐτήν,

2121 766 2400 836 Ἔπρασσε
2425 764 2481 817 δὲ
2503 763 2571 817 τὰ
2604 765 2761 834 ὃμοια
2786 762 2863 834 τῷ
2907 746 3235 834 Ἦρώδτίκαὶ
3259 763 3286 813 6
3320 761 3671 813 ἐπικαταστα-

2115 853 2226 917 θεὶς
2258 853 2405 924 αὐτῷ
2428 854 2676 924 βασιλεὺς
2712 854 3016 924 Ἀρχέλαος,
3047 852 3160 914 υίὸς
3184 850 3278 914 ὢν,
3311 852 3439 920 παρ’
3469 847 3528 904 οὗ
3561 850 3671 902 Ῥωδ

2119 950 2267 1017 μαῖοι
2301 946 2670 1016 διαδεξάμενοι
2716 947 2813 1014 τὴν
2845 946 3018 1016 ἀρχὴν
3049 944 3310 1015 ἐκράτουν
3342 943 3442 1011 τῆς
3492 941 3671 1009 στολῆς

2106 1033 2200 1086 τοῦ
2232 1033 2530 1103 ἀρχιερέως
2553 1034 2917 1103 ἀποκειμένης
2950 1035 3007 1084 ὲν
3052 1032 3184 1101 οἴκῳ
3207 1030 3354 1084 λίθου
3397 1029 3670 1101 οἰκοδομη-

2107 1124 2255 1177 θέντι
2277 1125 2380 1177 ὑπὸ
2407 1125 2678 1195 σφραγῖδι.
2707 1144 2725 1177 ι

2189 1218 2282 1270 Ἐκ
2315 1216 2378 1288 δὴ
2410 1216 2611 1270 τούτων
2644 1215 3038 1286 ἀναμφίλεκτος
3073 1213 3264 1283 γένοιτ’
3315 1214 3381 1267 ἂν
3411 1212 3673 1275 ἀπόδειξις

2104 1311 2185 1364 ὅτι
2215 1309 2279 1380 δὴ
2323 1308 2461 1362 κατά
2490 1310 2614 1371 τοὺς
2651 1308 3011 1379 δηλουμένους
3054 1307 3274 1377 χρόνους
3315 1305 3384 1358 τὰ
3417 1306 3519 1375 τῆς
3549 1323 3672 1376 προσ

2107 1401 2331 1470 φητείας
2365 1399 2711 1470 περιγραφῆς
2745 1399 2946 1469 ἔτυχεν·
2984 1402 3032 1452 εἰ
3078 1400 3132 1451 δὲ
3166 1399 3238 1470 μὴ
3276 1398 3675 1468 συνομολογοῖεν

2105 1493 2312 1554 τούτοις
2338 1493 2384 1544 οἱ
2424 1493 2487 1543 ὲκ
2517 1491 2833 1562 περιτομῆς,
2865 1489 3110 1559 αἰτητέον
3137 1490 3330 1552 αὐτοὺς
3356 1491 3552 1560 ἑτέραν
3579 1509 3673 1544 πα-

2110 1583 2178 1654 ρά
2209 1584 2306 1653 τὴν
2337 1583 2608 1654 ἡμετέραν
2639 1581 2736 1650 τῆς
2767 1582 2986 1653 Γραφῆς
3017 1581 3282 1652 διήγησιν,
3317 1582 3413 1634 κα)⁵
3446 1581 3672 1634 δεικτέον

2105 1674 2179 1735 ὼς
2203 1671 2306 1744 ἄρα
2335 1673 2453 1726 κατ’
2487 1673 2680 1735 αὐτοὺς
2709 1673 2919 1741 ψευδεῖς
2953 1674 3161 1742 ἀνάγκη
3189 1673 3286 1735 τὰς
3311 1672 3404 1725 τοῦ
3432 1672 3674 1740 τηλικούο

430 1759 515 1813 lus
552 1775 820 1812 annorum
874 1759 940 1814 ab
985 1776 1048 1813 eo
1109 1776 1280 1830 usque
1322 1761 1388 1814 ad
1435 1762 1535 1816 hoc
1575 1765 1836 1834 temporis
1889 1767 1985 1821 fert

2102 1779 2194 1815 του
2222 1761 2458 1833 Γαϐριὴλ
2490 1762 2882 1832 ἀπελέγχεσθαι
2913 1764 3261 1834 προρρήσεις,
3297 1766 3344 1816 εἰ
3375 1763 3541 1834 μηδὲν
3569 1763 3672 1814 τῶν

429 1849 684 1915 millium,
737 1865 874 1919 quos
924 1852 1327 1920 praenuntiavit,
1373 1851 1548 1906 adhuc
1603 1858 1862 1909 evenerit.
1897 1855 2000 1910 Ve-

428 1956 550 1993 rum
596 1941 753 1996 nobis
805 1950 990 2012 aperte
1036 1959 1195 1997 verus
1241 1960 1421 1999 sermo
1476 1946 1805 2011 ostenditur,
1844 1948 1997 2016 juxta

427 2033 672 2088 sinceras
705 2049 842 2104 quas
878 2035 1203 2103 protulimus
1242 2037 1748 2106 interpretationes:
1783 2049 1837 2093 et
1871 2055 1994 2094 cum

427 2125 495 2178 iis
559 2135 919 2194 congruenter
976 2126 1216 2181 iudicare
1255 2127 1410 2182 facile
1449 2131 1552 2183 erit
1593 2131 1862 2198 quomodo
1897 2147 1996 2200 po-

423 2229 626 2272 strema
665 2228 787 2286 post
838 2219 971 2272 alias
1013 2219 1347 2273 hebdornada
1395 2235 1501 2273 una
1536 2223 1872 2275 conﬁrmavit
1903 2240 1997 2293 pa-

422 2319 571 2362 ctum
631 2311 848 2374 multis,
900 2309 1105 2364 Novum
1147 2311 1398 2367 salutaris
1453 2313 1850 2382 prazdicatiouis
1893 2317 1996 2371 Te-

421 2409 782 2462 stamentum,
823 2401 1184 2471 diﬂusumque
1246 2420 1341 2474 per
1407 2409 1714 2462 universam
1758 2418 1989 2470 terram.

420 2506 521 2545 nec
562 2491 673 2560 jam
712 2493 802 2546 uni
847 2493 947 2546 soli
992 2492 1300 2548 Iudaeorum
1351 2498 1530 2566 genti,
1586 2500 1679 2554 sed
1727 2512 1780 2554 et
1823 2503 1992 2571 pluri-

417 2584 522 2638 bus
577 2585 975 2647 annuntiatum,
1009 2587 1081 2638 ita
1130 2595 1186 2640 ut
1224 2586 1342 2641 ideo
1395 2589 1699 2644 diceretur:
1737 2611 1755 2642 ς
1785 2593 1993 2648 Conﬁr—

416 2675 586 2728 mabit
607 2683 823 2744 pactum
848 2677 1029 2730 inultis
1053 2677 1389 2734 hebdomade
1414 2697 1538 2735 una.
1581 2702 1599 2734 ι
1637 2684 1989 2740 Animadver-

415 2763 640 2817 tendum
663 2766 910 2834 estquod
932 2781 1036 2820 non
1052 2768 1311 2822 continuo
1329 2771 1550 2841 reliquis
1567 2773 1990 2831 hebdomadibus

416 2864 691 2924 pOstrema
722 2857 1057 2912 hebdomada
1089 2875 1194 2912 una
1209 2861 1469 2926 succedit,
1489 2881 1649 2934 quam
1671 2865 1833 2921 refert
1852 2867 1991 2923 Scri-

415 2955 576 3016 ptura
606 2949 1046 3003 conlirmaturam
1076 2968 1198 3006 esse
1227 2961 1440 3022 pactum
1473 2957 1674 3027 multis.
1707 2958 1822 3012 Non
1841 2963 1987 3016 enim

416 3039 668 3094 similiter
707 3040 762 3093 in
805 3051 1008 3110 septem
1043 3052 1094 3096 et
1136 3045 1413 3114 sexaginta
1449 3045 1661 3103 duabus
1703 3051 1986 3106 hebdoma-

2105 1855 2720 1926 προαναπεφωνημένων
2751 1856 2807 1921 ἑξ
2839 1857 3047 1909 ἑκείνου
3077 1857 3169 1908 καὶ
3193 1858 3269 1918 είς
3293 1856 3453 1926 δεῦρο
3493 1855 3671 1924 χιλίων

2103 1946 2200 2016 ἤδη
2251 1945 2650 2014 πλησιαζόντων
2691 1945 2828 1998 ἑτῶν
2877 1947 3181 2016 γεγένηται.
3252 1947 3388 1999 Ἀλλ’
3439 1949 3573 2017 ἡμῖν
3613 1963 3671 2014 γε

2104 2038 2288 2106 σαφῶς
2328 2038 2534 2108 ἀληθὴς
2560 2039 2588 2090 ὁ
2616 2038 2770 2106 λόγος
2814 2040 3191 2092 ἀποδείκνυται
3215 2039 3356 2091 κατὰ
3384 2040 3484 2102 τὰς
3516 2039 3669 2092 ἀϐιάο

2104 2145 2240 2191 στως
2287 2130 2680 2200 παρατεθείσας
2713 2133 2844 2200 ἡμῖν
2890 2130 3185 2201 διηγήσεις,
3234 2125 3320 2193 αἷς
3365 2131 3670 2196 ἀκολούθως

2100 2221 2322 2291 εὐχερὲς
2367 2221 2653 2273 ἀποδοῦναι
2691 2222 2814 2274 τίνα
2865 2223 3062 2292 τρόπον
3096 2223 3188 2274 καὶ
3231 2225 3262 2292 ὴ
3313 2221 3452 2292 μετά
3497 2224 3669 2286 πάσας

2100 2315 2302 2383 ὑστάτη
2331 2315 2696 2384 ἐπιφερομένη
2725 2314 2956 2384 ἑϐδομὰς
3002 2315 3098 2385 μία
3127 2315 3528 2385 ἐνεδυνάμωσέν
3555 2315 3668 2369 δια·

2099 2403 2271 2476 θήκην
2323 2404 2532 2468 πολλοῖς
2557 2445 2571 2470 ,
2614 2405 2710 2476 τὴν
2744 2407 2948 2475 Καινὴν
2984 2405 3251 2476 Διαθήκην
3274 2407 3366 2458 τοῦ
3400 2406 3664 2476 σωτηρίου

2098 2497 2469 2567 κηρύγματος,
2500 2497 2597 2567 τὴν
2645 2497 2737 2549 ἐπὶ
2784 2499 2962 2550 πᾶσαν
2993 2498 3320 2550 διαδοθεῐσαν
3362 2498 3461 2568 τὴν
3496 2499 3666 2550 οἰκου-

2100 2589 2284 2658 μένην,
2320 2587 2412 2641 καὶ
2442 2588 2621 2640 οὐκέτι
2651 2589 2747 2658 μὲν
2780 2588 2858 2640 ἑνὶ
2893 2589 3036 2658 μόνῳ
3067 2587 3143 2658 τῷ
3195 2588 3461 2641 Ἰουδαίων
3505 2589 3662 2652 ἔθνει,

2096 2679 2208 2732 ἀλλ’
2236 2679 2336 2749 ήδη
2364 2679 2456 2732 καὶ
2488 2679 2692 2730 πλείοσι
2722 2678 3103 2749 κηρυχθεῖσαν,
3126 2677 3253 2730 ὥστ’
3299 2678 3364 2731 ἂν
3397 2678 3487 2731 διὰ
3515 2679 3663 2731 τοῦτο

2095 2771 2342 2842 εἰρῆσθαι
2401 2771 2494 2823 καὶ
2551 2771 2631 2833 τὸ,
2695 2789 2712 2820 ι
2753 2769 3068 2841 Δυναμώσει
3129 2770 3399 2842 Διαθήκην
3455 2771 3662 2835 πολλοῖς

2095 2862 2323 2932 ἑϐδομὰς
2355 2863 2472 2932 μία.
2511 2881 2530 2912 ι
2570 2861 2888 2932 Ἐπιστῆσαι
2925 2861 2979 2913 δὲ
3015 2861 3249 2929 εὔλογον,
3285 2863 3367 2914 ὅτι
3416 2863 3491 2933 μὴ
3543 2863 3662 2932 ἑξῆς

2092 2957 2209 3016 ταῖς
2233 2953 2443 3016 λοιπαῖς
2471 2953 2756 3024 ἑϐδομάσιν
2785 2953 3116 3024 ἠτελευταία
3147 2954 3379 3024 ἑϐδομὰς
3415 2955 3515 3024 μία
3546 2971 3663 3006 ουν-

2091 3045 2278 3116 ῆπ-ται,
2314 3046 2380 3116 ἥν
2413 3064 2572 3118 φησιν
2618 3049 2645 3100 ὁ
2687 3047 2840 3114 λόγος
2871 3046 3208 3118 δυναμώσειν
3248 3047 3524 3118 Διαθήκην
3555 3048 3662 3108 τοῖς

413 3128 594 3193 dibus,
635 3139 797 3201 atque
823 3132 875 3184 in
910 3149 1014 3186 una
1046 3132 1190 3189 fecit.
1231 3133 1288 3189 In
1328 3138 1604 3208 prioribus
1641 3143 1785 3196 enim
1819 3147 1984 3202 totius

2094 3138 2322 3202 πολλοῖς·
2355 3141 2414 3191 οὺ
2449 3139 2556 3211 γάρ
2580 3140 2654 3203 ὼς
2683 3140 2773 3192 ἐπὶ
2798 3139 2905 3192 τῶν
2932 3139 2973 3204 ζ’
3001 3139 3093 3194 καὶ
3123 3139 3197 3208 es
3231 3139 3544 3210 ἑϐδομάδων
3571 3141 3659 3192 καὶ

412 3220 674 3290 temporis
693 3237 979 3277 numerum
1009 3226 1265 3294 partitus,
1305 3229 1447 3283 inter
1474 3238 1679 3301 septem
1697 3236 1985 3308 statimque

2094 3233 2181 3283 ἑπὶ
2207 3230 2304 3300 τῆς
2337 3233 2465 3302 μιᾶς
2498 3233 2811 3303 πεποίηκενο
2845 3233 2930 3285 ἐπ’
2958 3233 3178 3285 ἑκείνων
3193 3233 3289 3301 μὲν
3317 3234 3446 3303 γὰρ,
3479 3231 3659 3284 διελὼν

411 3312 692 3382 sexaginta
713 3312 848 3366 duas
882 3315 1247 3373 hebdomades
1276 3329 1420 3375 recte
1451 3331 1666 3392 tempus
1686 3327 1980 3395 ordinavit,

2094 3321 2178 3375 τοῦ
2213 3325 2413 3387 παντὸς
2437 3323 2625 3396 χρόνου
2655 3325 2746 3378 τὸν
2770 3323 2999 3396 ἀριθμὸν
3023 3326 3102 3389 εἷς
3127 3341 3186 3376 τε
3215 3325 3312 3387 τὰς
3346 3325 3390 3389 ζ’
3418 3326 3516 3378 καὶ
3535 3323 3658 3394 ἑξῆς

411 3410 616 3472 septem
661 3414 854 3476 aptans
889 3409 1164 3477 sexaginta
1207 3409 1442 3476 duabus,
1476 3415 1625 3469 nullo
1660 3417 1983 3488 interposito

2094 3415 2179 3479 τὰς
2229 3415 2308 3486 ξβ⁹
2343 3415 2660 3486 ἑϐδομάδας,
2692 3417 3039 3487 συνημμένην
3087 3417 3375 3487 πεποίηται
3402 3417 3500 3487 τὴν
3529 3417 3656 3468 διαί-

408 3498 670 3566 temporis
689 3501 884 3567 spatio,
912 3500 985 3552 ita
1014 3509 1071 3553 ut
1097 3501 1287 3554 harum
1309 3503 1710 3561 hebdomadum
1739 3510 1982 3567 historia:

2094 3521 2252 3568 οεσιν,
2282 3508 2400 3567 ταῖς
2426 3505 2468 3569 ζ’
2487 3505 2584 3567 τὰς
2608 3505 2687 3574 ξβ¹
2712 3505 2967 3574 συνάψας,
2994 3505 3086 3557 καὶ
3114 3505 3312 3574 μηδένα
3335 3504 3524 3575 χρόνον
3553 3521 3653 3574 μη-

407 3588 796 3644 coucordantia
829 3593 977 3646 nullo
1009 3595 1268 3659 temporis
1293 3597 1584 3652 intervallo
1616 3598 1978 3671 frangeretur,

2094 3597 2136 3648 ῑὲ
2167 3596 2362 3666 πρᾶξιν
2393 3596 2594 3667 μεταξὺ
2623 3595 2936 3650 καταλιπὼν
2954 3631 2969 3660 ,
3017 3598 3096 3650 ὅτι
3134 3596 3252 3667 μηδ’
3280 3596 3580 3666 ἑμφέρεταί
3606 3613 3652 3649 τι

407 3676 491 3729 vel
550 3677 975 3749 disjungeretur.
1013 3680 1212 3736 Verum
1254 3683 1309 3736 in
1346 3685 1447 3740 hac
1480 3703 1585 3740 una
1642 3690 1978 3748 hebdomade

2094 3687 2367 3757 Ξιάλειμμα
2395 3688 2585 3758 χρόνου
2615 3686 2854 3759 διαιροῦν
2884 3689 2978 3741 καὶ
2999 3687 3344 3756 διαζευγνύον
3367 3688 3428 3740 τὸ
3457 3705 3653 3757 συνημ-

406 3782 668 3837 magnum
703 3770 974 3840 quoddam
1012 3773 1159 3827 subit
1187 3773 1504 3843 discrimen,
1543 3795 1738 3850 magna
1767 3784 1974 3840 dilatio.

2094 3779 2237 3832 ιένον
2268 3778 2366 3847 τῆς
2398 3782 2518 3832 κατ’
2552 3779 2764 3843 ὲκείνας
2792 3779 2890 3843 τὰς
2919 3779 3216 3850 ἑϐδομάδας
3238 3780 3504 3849 ἱστορίας.
3533 3780 3652 3832 Ἐπὶ

412 3856 623 3910 Etenim
661 3868 783 3929 post
819 3861 1189 3918 hcbdomades
1221 3868 1504 3935 sexaginta
1544 3868 1702 3932 duas,
1738 3871 1974 3940 primum

2094 3871 2129 3923 ἰὲ
2173 3871 2270 3940 τῆς
2301 3872 2702 3943 ἐπιφερομένης
2733 3871 3022 3942 ἑϐδομάδος
3051 3873 3178 3942 μιᾶς
3209 3872 3396 3942 μακρά
3437 3889 3522 3934 τις
3565 3873 3652 3923 καὶ

405 3947 574 4002 dicit:
615 3968 632 3999 ι
668 3950 954 4005 Occidetur
977 3953 1219 4010 cliristus
1249 3967 1302 4012 et
1329 3958 1598 4027 judicium
1635 3977 1745 4015 non
1794 3972 1879 4018 est
1919 3966 1973 4018 in

2094 3963 2532 4035 ιπεσχοινισμένη
2590 3964 2842 4033 τυγχάνει
2895 3963 3165 4034 διαστολή.
3220 3961 3375 4015 Μετά
3418 3962 3526 4032 γὰρ
3554 3965 3651 4024 τὰς

401 4052 468 4090 eo
509 4039 588 4102 '5;
621 4047 639 4088 ι
674 4040 818 4108 quod
852 4043 1138 4098 manifeste
1169 4043 1400 4100 Herodis
1434 4049 1773 4118 temporibus
1824 4054 1972 4106 exitu

2094 4038 2365 4125 ϐδομάδας
2394 4056 2491 4118 τὰς
2523 4055 2595 4125 ξβ¹
2624 4055 2837 4127 πρῶτόν
2872 4071 3054 4124 φησιν·
3107 4074 3124 4105 ι
3179 4053 3648 4124 Ἐξολοθρευθήσεο

401 4130 687 4199 probatum
713 4140 824 4196 est;
851 4133 974 4186 dein
1001 4135 1220 4203 subjicit
1255 4155 1268 4192 :
1315 4156 1332 4186 ι
1358 4137 1420 4190 Ει
1445 4140 1722 4194 civitatem
1747 4150 1799 4196 et
1842 4159 1972 4198 san-

399 4220 673 4273 ctuarium
697 4220 982 4292 dissipabit
1017 4228 1250 4295 populus
1287 4244 1409 4282 cum
1427 4229 1564 4285 duce
1592 4240 1840 4288 venturo.
1876 4236 1920 4266 ³⁸
1943 4255 1962 4288 ι

399 4309 534 4376 Quis
569 4321 746 4366 autem
777 4315 1087 4385 dissipabit,
1116 4319 1222 4374 nisi
1258 4319 1562 4374 animarum
1586 4325 1757 4392 pestis
1779 4325 1968 4380 diabo-

2069 4165 2158 4200 ται
2203 4147 2403 4219 χρίσμα
2426 4187 2440 4210 ,
2471 4149 2561 4201 καὶ
2605 4153 2776 4219 κρῖμα
2811 4149 2910 4200 οὐκ
2934 4147 3078 4203 ἐστιν
3111 4149 3167 4200 ἑν
3201 4146 3365 4216 αὐτῷ,
3403 4167 3422 4196 ι
3481 4147 3509 4198 ὃ
3561 4146 3650 4198 καὶ

2071 4241 2333 4311 πρόδηλον
2360 4241 2482 4294 τίνα
2513 4241 2712 4311 τρόπον
2747 4241 2920 4312 πέρας
2949 4239 3169 4310 εἴληφεν
3212 4240 3303 4291 ἐπὶ
3331 4239 3440 4291 τῶν
3475 4238 3647 4309 Ἡρώ-

2068 4330 2158 4383 δου
2188 4333 2412 4403 χρόνων·
2450 4328 2568 4385 εἶτά
2593 4349 2742 4400 φησι·
2788 4351 2807 4383 ‹
2848 4333 2957 4385 Καὶ
2991 4333 3088 4402 τὴν
3115 4330 3266 4384 πόλιν
3293 4332 3387 4384 καὶ
3413 4330 3475 4382 τὸ
3498 4331 3647 4398 ἆγιον

399 4402 519 4458 lus?
549 4403 682 4469 Quis
715 4405 826 4460 dux
857 4417 941 4462 est
972 4418 1258 4473 venturus,
1285 4412 1391 4466 nisi
1425 4417 1516 4483 qui
1551 4417 1760 4484 primus
1783 4434 1812 4472 e
1835 4435 1966 4489 gen-

2102 4402 2347 4495 ιαφθερεῖ
2380 4425 2473 4476 σὺν
2505 4423 2583 4495 τῷ
2620 4423 2680 4493 (ί.
2727 4423 2814 4488 42,
2852 4424 2931 4483 νο)
2977 4423 3266 4495 ἡγουμένῳ
3303 4422 3378 4491 τῷ
3415 4421 3644 4494 ἐρχομέ-

397 4495 546 4550 tibus
595 4497 674 4551 eis
721 4499 1008 4567 praefectus
1055 4509 1141 4556 est
1193 4500 1457 4569 Herodes,
1504 4523 1960 4580 successoresque

2094 4529 2185 4578 ῳ.»
2249 4513 2342 4574 Τίς
2368 4513 2424 4565 δὲ
2487 4513 2825 4585 διαφθερεῖῆ
2863 4514 2968 4568 τῶν
2998 4513 3183 4584 ψυχῶν
3241 4515 3269 4565 6
3325 4512 3646 4583 διαφθορείις

395 4589 517 4657 ejus
546 4591 638 4659 qui
676 4607 820 4646 nunc
871 4609 1045 4662 usque
1078 4593 1388 4651 Judaeorum
1423 4607 1701 4667 sceptrum
1736 4617 1962 4673 accepe-

395 4680 566 4733 runt?
595 4678 748 4735 Sicut
784 4685 948 4752 igitur
975 4686 1236 4754 pristinos
1270 4690 1454 4759 populi
1493 4691 1679 4755 duces,
1736 4708 1960 4764 magnos

396 4772 606 4828 scilicet
647 4775 959 4830 sacerdotes
999 4796 1018 4828 ι
1056 4778 1328 4832 christum
1354 4781 1545 4836 ducem
1607 4803 1625 4835 ι
1673 4781 1960 4856 allegorice

393 4863 612 4917 vocavit
642 4865 948 4936 prephetia,
987 4868 1062 4922 ita
1096 4869 1219 4924 illos
1251 4871 1365 4940 qui,
1397 4873 1672 4941 prioribus
1705 4879 1955 4942 sublatis,

392 4967 424 5006 e
452 4954 638 5023 gentili
671 4972 866 5024 genere
899 4959 1064 5014 rebus
1095 4961 1448 5028 praefuerunt,
1486 4983 1504 5013 ι
1544 4965 1738 5021 ducem
1763 4977 1958 5022 ventu-

392 5057 514 5098 rum
547 5064 567 5097 ›
598 5048 916 5114 nominavit,
947 5047 1134 5107 dicens
1169 5071 1179 5104 :
1223 5071 1241 5103 ι
1301 5055 1365 5108 Et
1426 5055 1698 5111 civitatem
1746 5068 1798 5112 et
1829 5074 1958 5113 san-

390 5134 660 5188 ctuarium
694 5137 982 5208 dissipabit
1039 5143 1270 5210 p0pulus
1307 5160 1429 5199 cum
1465 5147 1601 5202 duce
1643 5158 1901 5216 venturo;
1933 5167 1952 5204 ι

391 5223 532 5289 quod
572 5223 787 5292 quidem
819 5229 1064 5297 apertius
1104 5232 1298 5300 Aquila
1329 5234 1656 5304 signiﬁcavit
1689 5239 1790 5292 hoc
1838 5255 1954 5295 mo-

391 5305 481 5400 do,
514 5327 532 5358 ε
575 5311 639 5400 Et
675 5315 950 5370 civitatem
1006 5330 1059 5373 et
1107 5324 1482 5378 sanctuarium
1528 5326 1816 5398 dissipabit
1859 5342 1956 5400 po-

390 5395 552 5462 pulus
583 5399 739 5458 ducis
783 5408 1017 5462 venturi.
1059 5429 1076 5460 »
1112 5412 1460 5482 Compertum
1493 5425 1578 5473 est
1626 5395 1771 5474 enim
1820 5395 1956 5490 quo-

467 5506 512 5537 ³⁸
553 5509 686 5566 Dan.
722 5531 798 5580 ix,
826 5519 915 5574 26.
993 5522 1040 5554 ³⁶
1081 5523 1212 5580 ibid.

471 5617 546 5676 ll)
581 5617 798 5682 Joscnb.
827 5633 1001 5694 Antia.
1036 5653 1189 5700 xviii,
1221 5641 1277 5701 4.
1304 5643 1381 5706 5.,

2071 4605 2312 4669 διάὸολος
2336 4622 2350 4671 ἓ
2420 4607 2515 4670 Τίς
2562 4607 2619 4659 δὲ
2690 4607 2979 4679 ἐρχόμενος
3046 4605 3346 4675 ἡγούμενος
3415 4605 3448 4676 ἢ
3503 4607 3532 4657 ὁ
3588 4603 3644 4668 ἑξ

2068 4695 2234 4748 ἑονῶν
2286 4695 2500 4768 πρῶτος
2547 4697 2724 4750 αὐτῶν
2755 4697 3102 4769 ἡγησάμενος
3134 4695 3401 4767 Ἡρώδης,
3452 4695 3547 4747 καὶ
3595 4696 3641 4746 οἱ

2070 4789 2183 4856 μετ’
2217 4788 2378 4840 αὑτὸν
2411 4789 2490 4852 είς
2519 4787 2678 4860 δεῦρο
2719 4789 2815 4858 τὴν
2863 4789 3004 4842 κατά
3051 4788 3314 4842 Ἰουδαίων
3346 4787 3644 4857 ἡγεμονίαν

2063 4876 2426 4948 διειληφότες;
2465 4879 2672 4950 Ὥσπερ
2713 4879 2843 4948 γοῦν
2876 4880 3001 4941 τοὺς
3053 4879 3216 4931 πάλαι
3264 4877 3443 4930 αὐτῶν
3477 4878 3633 4946 ἡγου·

2069 4969 2257 5038 μένους
2286 4970 2557 5042 ἀρχιερεῖς
2589 4990 2606 5022 ι
2630 4972 2848 5042 χριστὸν
2864 4971 3158 5042 ἡγούμενον
3184 4991 3202 5020 ι
3224 4967 3638 5039 αἰνιγματωδῶς

2066 5065 2356 5132 προσεῖπεν
2387 5065 2419 5135 ἡ
2445 5064 2766 5135 προφητεία,
2807 5064 2896 5117 τὸν
2928 5056 3086 5116 αὖτὶν
3111 5062 3306 5132 τρόπον
3336 5061 3464 5123 τοὺς
3500 5059 3637 5130 μετά

2061 5152 2160 5223 τὴν
2193 5155 2414 5207 ἐκείνων
2450 5156 2790 5209 κατάπαυσιν
2828 5154 2887 5219 ἐξ
2938 5154 3105 5208 ἐθνῶν
3133 5153 3311 5207 αὐτῶν
3363 5153 3634 5223 ἄρξαντας

2067 5260 2084 5292 ι
2107 5243 2396 5314 ἐρχόμενον
2421 5245 2552 5316 ήγού
2561 5263 2747 5315 μενον»
2772 5238 3193 5316 προσηγόρευσε,
3219 5245 3452 5314 φήσασαο
3481 5263 3498 5292 ι
3527 5242 3632 5293 Καὶ

2061 5332 2160 5403 τὴν
2225 5333 2376 5387 πόλιν
2433 5337 2525 5388 καὶ
2571 5336 2630 5388 τὸ
2689 5335 2839 5404 ἅγιον
2890 5334 3164 5406 διαφθερεῖ
3207 5335 3302 5386 σὺν
3350 5330 3432 5402 τῷ
3466 5331 3627 5402 ﬁre-e-

2067 5424 2216 5496 μένῳ
2269 5425 2345 5497 τῷ
2389 5427 2685 5499 ἐρχομένῳο
2719 5448 2738 5480 ι
2779 5429 2914 5500 ὅπερ
2947 5425 3274 5498 σαφέστερον
3316 5426 3346 5478 6
3402 5420 3627 5482 Ἀκύλας
