3926 6260
319 290 461 347 Ηθθ

1302 292 1595 348 ECLOG/E
1633 293 2352 374 ΡΗΟΡῌΕΤΙϐιΕμ-ΜΒ.
2391 294 2485 351 lll.

3441 305 3580 364 M90

319 406 585 464 ἐκδέδωκε
637 410 905 481 ποιήσας,
942 427 961 460 ι
994 409 1104 463 Καὶ
1150 410 1250 481 τὴν
1301 412 1455 466 πόλιν
1504 414 1598 468 καὶ
1640 414 1703 468 τὸ
1752 414 1888 484 άγιοι

2010 412 2172 468 modo
2240 413 2478 483 populus
2543 410 2931 481 exercitusque
2998 412 3231 468 istorum
3294 416 3391 486 qui
3453 427 3579 489 post

315 501 594 574 διαφθερεῖ
652 502 778 566 λαὸς
824 502 1127 575 ἡγουμένου
1179 505 1497 576 ἐρχομένου.
1525 526 1543 558 ι
1592 508 1702 561 Καὶ
1762 509 1899 580 πρό-

2000 503 2241 560 christos
2297 503 2469 559 duces
2524 503 2580 558 in
2638 502 2858 558 Iudaeos
2918 503 3209 576 imperium
3265 508 3577 579 obtinuere,

316 595 476 666 δηλον
524 596 673 659 ὅπως
721 597 749 649 ὁ
793 596 920 661 λαὸς
970 598 1064 651 καὶ
1109 597 1138 649 ό
1183 598 1412 669 στρατὸς
1450 598 1558 651 τῶν
1590 599 1728 670 μετά
1773 601 1888 664 τοὺς

1998 594 2240 665 gentium
2300 610 2436 650 usus
2489 594 2723 667 legibus,
2772 596 3166 669 civitatemque
3215 608 3272 655 et
3316 611 3580 660 sanctua-

317 688 571 757 χριστοὺς
618 689 957 759 ἡγουμένους
1018 688 1116 760 τὴν
1182 689 1324 744 κατά
1402 690 1666 745 Ἰουδαίων
1723 691 1898 764 ἀρχὴν

314 779 712 851 διαδεξαμένων
769 782 829 849 ἑξ
882 782 1050 837 ἑθνῶν
1093 783 1411 854 ἡγουμένων
1438 825 1455 848 ,
1501 784 1686 856 νόμοις
1730 784 1898 840 ἑθνῶν

317 863 623 943 χρώμενος,
672 871 765 924 καὶ
814 872 913 943 τὴν
952 873 1103 927 πόλιν
1150 876 1244 929 καὶ
1291 875 1353 927 τὸ
1394 875 1548 944 ἅγιον
1603 876 1895 949 διέφθειρε,

316 961 413 1015 καὶ
442 964 471 1015 ὁ
500 962 641 1015 κατά
681 962 915 1017 διάνοιαν
955 965 1010 1017 δὲ
1051 965 1160 1019 τῶν
1202 966 1388 1038 ψυχῶν
1434 966 1735 1039 ἡγούμενος
1769 970 1897 1039 φθο-

314 1053 447 1124 ρεὺς
491 1055 588 1108 σὺν
638 1052 717 1125 τῷ
763 1055 1050 1127 ἡγουμένῳ
1098 1056 1175 1128 τῷ
1220 1059 1361 1112 κατά
1405 1057 1504 1130 τὴν
1560 1061 1896 1132 προφητείαν

314 1143 596 1215 ἐληλυθότι
641 1146 820 1200 πᾶσαν
853 1146 1058 1219 φθορὰν
1094 1149 1438 1220 ἑνηργήσατο
1468 1150 1618 1222 αὐτῷ
1664 1168 1724 1205 τε
1762 1152 1897 1223 πρό-

312 1255 470 1311 τερον
519 1239 597 1310 τῷ
642 1240 778 1312 λαῷ,
823 1244 1056 1306 καὶτοῖς
1100 1243 1201 1312 τὴν
1234 1244 1386 1298 πόλιν
1430 1245 1696 1299 ἐνοικοῦσι
1747 1246 1896 1300 πολί-

311 1345 453 1394 ταις,
492 1328 680 1384 ἔπειτα
725 1330 780 1384 δὲ
822 1334 918 1386 καὶ
967 1334 1047 1404 τῷ
1087 1333 1205 1405 ναῷ
1244 1336 1339 1389 καὶ
1379 1339 1445 1408 τῇ
1495 1336 1657 1391 πάλαι
1707 1355 1893 1391 συντε-

313 1418 548 1494 λουμένῃ
574 1424 630 1474 ἑν
665 1421 813 1494 αὐτῷ
842 1423 1084 1496 λατρεία.
1110 1426 1220 1479 Καὶ
1246 1426 1451 1499 ταύτην
1484 1444 1548 1498 γε
1587 1429 1767 1483 αἰτίαν
1795 1433 1893 1501 τῆς

314 1511 631 1581 παραυτίκα
702 1515 1075 1584 γεγενημένης
1137 1516 1232 1569 τοῦ
1295 1518 1556 1588 Χριστοῦ,
1591 1520 1892 1591 παρουσίας

313 1601 687 1670 προοημαῖνόν
720 1620 821 1655 που
843 1601 983 1658 θεῖον
1004 1604 1182 1674 λόγιόν
1201 1622 1405 1677 ,φησιν’
1437 1626 1454 1658 ι
1481 1602 1683 1679 Κύριος
1706 1610 1770 1663 ἑκ
1796 1609 1888 1663 τοῦ

311 1687 542 1760 οὐρανοῦ
567 1690 816 1761 διέκυψεν
848 1693 940 1746 ἑπὶ
978 1694 1104 1757 τοὺς
1130 1695 1280 1757 υἱοὺς
1308 1694 1417 1748 τῶν
1449 1694 1546 1749 ἀνθ
1556 1695 1773 1767 ρώπων,
1797 1696 1888 1751 τοῦ

316 1779 444 1834 ίδεῖν
469 1782 518 1833 εί
558 1780 671 1834 ἔστι
722 1781 936 1847 συνιὼν,
966 1783 998 1854 ἢ
1028 1782 1273 1855 ἐκζητῶν
1326 1785 1418 1838 τὸν
1468 1761 1622 1839 Θεόν.
1679 1787 1888 1851 Πάντες
1922 1761 1962 1816 Β

310 1866 609 1938 ἐξέκλιναν,
642 1874 759 1944 ἅμα
780 1873 1187 1947 ήχρειὼθησαν,
1204 1877 1302 1930 οὐκ
1334 1876 1449 1931 ἑστι
1466 1877 1634 1932 ποιῶν
1657 1880 1890 1953 χρηστό-

309 1982 471 2036 τητα,
501 1966 600 2020 οὐκ
629 1966 779 2020 ἔστιν
802 1968 907 2032 ἕως
932 1968 1067 2032 ἑνός.
1093 1988 1111 2020 ι
1150 1966 1264 2023 Εἴθ’
1287 1969 1363 2034 ὡς
1400 1971 1756 2043 διεφθορότων
1780 1974 1889 2026 τῶν

311 2057 805 2129 προδεδηλωμένων
820 2059 889 2112 τὰ
908 2059 1280 2132 διαληψόμενα
1300 2062 1496 2126 αὐτοὺς
1519 2064 1889 2136 προδιδάσκων

308 2151 340 2202 ὁ
373 2148 527 2218 λόγος
551 2150 709 2222 φησί·
748 2170 766 2202 ι
800 2152 912 2206 Καὶ
947 2154 1277 2224 κοπήσονται
1302 2155 1361 2207 ἑν
1394 2154 1470 2225 τῷ
1497 2151 1886 2229 κατακλυσμῷ,

310 2241 408 2294 καὶ
438 2242 531 2294 ἐπὶ
556 2242 811 2296 τοσοῦτόν
840 2260 903 2312 γε
930 2244 1283 2314 κοπήσονται,
1305 2244 1408 2308 ἑως
1430 2244 1618 2310 τέλους
1651 2246 1888 2319 πολέμου

311 2334 752 2405 συντετμημένου
785 2334 1143 2405 ἀφανισμοῖς·
1168 2354 1187 2387 ι
1230 2335 1311 2389 ἔτι
1366 2336 1421 2389 δὲ
1456 2338 1657 2392 τούτων
1706 2357 1890 2394 συντε-

310 2419 586 2492 λουμένων
614 2439 673 2474 τε
700 2424 793 2476 καὶ
815 2425 1242 2495 ἐνεργουμένων,
1269 2443 1287 2475 ι
1308 2426 1419 2479 Καὶ⁸
1449 2426 1754 2499 δυναμώσει
1773 2430 1888 2483 δια-

310 2512 490 2584 θήκην
516 2513 731 2577 πολλοῖς
770 2514 1002 2585 ἑϐδομάς
1056 2515 1175 2585 μία.
1202 2535 1220 2565 ι
1263 2503 1411 2586 Αὕτη
1444 2518 1488 2571 δ’
1520 2518 1585 2572 ἂν
1618 2520 1701 2591 εἴη
1735 2522 1767 2591 ἡ
1794 2520 1888 2574 τοῦ

313 2605 583 2676 σωτηρίου
618 2606 993 2678 κηρύγματος,
1026 2607 1092 2661 δι’
1121 2603 1182 2662 οὗ
1209 2608 1310 2678 τῆς
1342 2610 1552 2681 Καινῆς
1582 2611 1683 2682 τὴν
1708 2613 1889 2683 παρά-

306 2697 455 2752 δοσιν
481 2697 756 2770 Διαθήκης
796 2699 825 2750 ὁ
865 2699 1055 2771 Σωτὴρ
1085 2702 1179 2753 καὶ
1230 2701 1433 2773 Κύριος
1473 2702 1630 2773 ἡμῶν
1683 2702 1889 2775 Ἰησοῦς

307 2788 545 2858 Χριστὸς
593 2789 652 2840 ἑν
709 2788 922 2852 πολλοῖς
971 2788 1387 2859 μαθητευθεῖσιν
1447 2792 1594 2863 αὐτῷ
1639 2792 1888 2848 ἐνεδυνά-

310 2894 496 2948 μωσε*
535 2878 659 2931 τοτὲ
692 2879 789 2949 μὲν
826 2878 932 2950 πρὸ
973 2878 1069 2932 τοῦ
1112 2879 1316 2943 πάθους
1353 2879 1525 2933 συνὼν
1569 2882 1751 2944 αὐτοῖς
1796 2884 1889 2936 κα)⁸

308 2968 860 3040 συμπολιτευόμενος,
902 2974 1024 3024 τοτὲ
1049 2971 1104 3024 δὲ
1143 2971 1235 3024 καὶ
1271 2990 1289 3021 ί
1321 2971 1459 3041 μετὰ
1488 2973 1587 3042 τὴν
1625 2973 1888 3044 ἀνάληψιν

302 3059 373 3113 δι’
396 3060 620 3133 ἡμερῶν
641 3067 691 3132 μ’
712 3062 1075 3133 ὀπτανόμενος
1097 3063 1279 3126 αὐτοῖς
1296 3064 1390 3116 καὶ
1410 3063 1884 3135 συναυλιζόμενος,
1914 3094 1955 3152 C

306 3151 406 3204 καὶ
425 3152 596 3221 λέγων
629 3153 698 3206 τά
734 3155 860 3225 περὶ
885 3157 983 3225 τῆς
1006 3154 1282 3224 βασιλείας
1308 3155 1401 3208 τοῦ
1423 3155 1556 3209 Θεοῦ
1578 3173 1590 3186 ο
1619 3175 1637 3207 ι
1673 3157 1754 3209 διὸ
1787 3158 1881 3211 καὶ

314 3264 335 3295 ι
362 3247 741 3318 παρήγγελλεν
784 3249 967 3312 αὐτοῖς
1002 3248 1108 3301 ἀπὸ
1151 3247 1536 3319 Ἰεροσολύμων
1591 3248 1665 3321 μή
1712 3248 1879 3321 χωρί-

307 3336 513 3400 ζεσθαι,
543 3357 561 3389 ι
608 3339 825 3409 Ταύτης
871 3339 927 3392 δὲ
974 3340 1073 3410 τῆς
1121 3336 1411 3409 ἑϐδομάδος
1469 3339 1526 3393 ἐν
1570 3338 1648 3410 τῷ
1694 3341 1880 3410 ἡμίσει

304 3424 375 3481 δι’
396 3428 464 3500 ἢν
491 3429 756 3483 πέπονθεν
792 3429 896 3483 ὑπὸ
925 3430 1192 3484 Ἰουδαίων
1221 3430 1510 3503 ἐπιϐουλὴν
1543 3432 1637 3485 καὶ
1668 3432 1735 3485 τὰ
1755 3429 1883 3484 ἀκό-

305 3518 472 3576 λουθα
498 3524 597 3593 τῆς
638 3523 789 3586 θείας
821 3520 1113 3595 ἐπληρώθη
1143 3524 1529 3594 προρρήσεως·
1577 3525 1719 3594 ἀμφὶ
1752 3522 1882 3592 γεῦν

306 3611 377 3666 τὰ
400 3613 528 3683 τρία
555 3614 727 3684 ἥμισυ
769 3614 861 3686 ἔτη
903 3615 1146 3687 κηρύξας
1174 3615 1269 3669 καὶ
1302 3614 1409 3668 ἀπὸ
1444 3615 1543 3684 τῆς
1576 3614 1683 3666 τῶν
1708 3615 1885 3682 Εύαγ-

306 3701 504 3769 γελὲων
535 3704 866 3774 παρίσταται
887 3704 1108 3776 γραφῆς
1126 3721 1139 3734 ’
1166 3703 1245 3757 διδ
1274 3704 1517 3775 εἴρηται⁹
1550 3722 1567 3753 ι
1596 3704 1707 3756 Καὶ
1728 3705 1784 3756 ἑν
1807 3702 1885 3772 τῷ

1998 686 2141 739 rium
2201 685 2598 756 pessumdedit,
2642 695 2698 743 et
2743 688 3015 761 spirituali
3052 706 3217 748 sensu
3266 694 3576 751 animarum

1997 779 2158 849 quasi
2207 780 2378 849 pestis
2411 778 2611 846 factus,
2650 796 2774 835 cum
2822 782 2962 839 duce
2990 784 3107 854 qui,
3135 784 3295 854 juxta
3336 788 3575 859 prophe-

1995 865 2153 929 tiam,
2173 866 2285 936 jam
2319 877 2565 936 venerat,
2610 884 2826 924 omnem
2855 873 3157 940 perniciem
3191 874 3245 929 in
3277 878 3573 946 pristinum

1997 959 2255 1030 pepulum
2275 968 2439 1029 atque
2468 960 2524 1014 in
2539 960 2776 1016 civitatis
2796 961 3032 1026 incolas,
3060 966 3187 1020 dein
3206 968 3262 1021 in
3286 969 3571 1039 templum,

1997 1058 2345 1120 veteremque
2403 1052 2611 1105 cultum
2664 1052 2720 1105 in
2772 1067 2838 1108 eo
2896 1055 3160 1110 usitatum
3214 1060 3569 1130 excogitavit.

1995 1137 2149 1195 Hanc
2174 1156 2303 1196 vero
2330 1156 2557 1196 causam
2586 1141 2792 1196 Christi
2849 1142 3246 1202 incarnationis
3290 1163 3412 1218 quae
3440 1165 3571 1220 pro-

1995 1232 2146 1288 tinus
2172 1233 2315 1287 facta
2345 1241 2450 1297 est,
2503 1233 2905 1303 quodammodo
2938 1239 3178 1294 ostendit
3206 1241 3390 1296 divina
3420 1240 3572 1298 Scri-

1997 1333 2155 1395 ptura
2178 1325 2370 1382 dicens
2412 1344 2427 1383 ;
2481 1345 2500 1377 ι
2547 1326 2811 1384 Dominus
2839 1329 2906 1384 de
2935 1331 3076 1385 coelo
3102 1310 3384 1404 prospexit
3406 1351 3572 1407 super

1995 1417 2135 1473 lilios
2164 1419 2472 1484 hominum,
2509 1426 2571 1474 ut
2592 1418 2774 1474 videat
2798 1419 2845 1476 si
2871 1428 2957 1476 est
2985 1422 3318 1495 intelligens,
3355 1435 3451 1482 aut
3481 1443 3569 1483 re-

1991 1511 2218 1581 quirens
2247 1508 2441 1566 Deum.
2473 1511 2677 1567 Omnes
2696 1512 3127 1580 declinaverunt,
3147 1516 3311 1572 simul
3340 1518 3568 1575 inutiles

1991 1601 2120 1656 facti
2151 1611 2281 1657 sunt
2310 1620 2329 1657 :
2370 1618 2483 1659 non
2524 1611 2611 1660 est
2643 1604 2738 1674 qui
2772 1604 2939 1661 faciat
2965 1607 3189 1672 bonum,
3226 1624 3337 1664 non
3361 1620 3446 1666 est
3470 1626 3567 1667 us-

1992 1708 2096 1762 que
2125 1695 2192 1748 ad
2223 1712 2392 1751 unum
2423 1697 2493 1753 ’7.
2526 1718 2545 1750 ι
2576 1697 2709 1754 Dein
2742 1700 2797 1754 in
2823 1700 2959 1756 istos
2987 1698 3055 1754 ad
3074 1701 3178 1755 hoc
3202 1702 3572 1773 corruptionis

1991 1787 2310 1857 provolutos
2339 1805 2462 1859 qua:
2490 1789 2750 1861 ingruant
2785 1792 3126 1861 calamitates
3150 1792 3389 1849 edocens
3416 1792 3569 1849 Scri-

1991 1884 2153 1946 ptura
2182 1877 2257 1931 ait
2287 1897 2301 1932 :
2334 1897 2352 1929 ι
2391 1878 2456 1932 Ει
2489 1880 2613 1937 linis
2658 1881 2778 1951 ejus
2818 1882 3068 1948 vastitas,
3128 1893 3182 1938 et
3234 1895 3360 1955 post
3403 1884 3566 1940 linem

1990 1967 2119 2022 belli
2174 1977 2379 2024 statuta
2410 1970 2681 2026 desolatio
2713 1973 2780 2028 ³⁸.
2829 1994 2847 2026 ι
2888 1971 3021 2039 Quae
3067 1990 3191 2029 cum
3239 1975 3565 2043 acciderint,

1995 2077 2014 2111 ι
2048 2060 2391 2116 conﬁrmabit
2439 2076 2661 2134 pactum
2712 2066 2898 2121 multis
2966 2066 3306 2122 hebdomada
3373 2082 3500 2122 una.
3541 2084 3562 2119 ι

1990 2149 2105 2207 Hoc
2172 2168 2303 2208 vero
2365 2163 2585 2224 pactum
2657 2158 2794 2211 nihil
2846 2157 2992 2212 aliud
3044 2165 3128 2212 est
3192 2172 3257 2212 ac
3305 2158 3567 2214 salutaris

1990 2241 2306 2312 praedicatio
2338 2260 2446 2315 qua
2490 2243 2745 2301 Salvator
2782 2245 3158 2316 Dominusque
3185 2254 3376 2302 noster
3401 2245 3566 2304 Jesus

1991 2332 2249 2405 Christus
2273 2333 2685 2392 Testamentum
2721 2335 2931 2392 Novum
2962 2338 3017 2391 in
3053 2338 3241 2392 multis
3271 2338 3564 2407 discipulis

1991 2423 2108 2478 suis
2137 2424 2480 2479 conﬁrmavit
2512 2445 2524 2479 :
2550 2433 2667 2481 tum
2701 2428 2920 2498 quidem
2953 2437 3081 2481 ante
3105 2430 3416 2497 passionem
3434 2442 3563 2482 cum

1989 2512 2073 2568 eis
2107 2513 2292 2571 vivens
2318 2530 2384 2570 ac
2413 2525 2797 2582 conversatus,
2836 2520 2953 2572 tum
2980 2533 3110 2573 vero
3143 2537 3160 2570 ι
3193 2526 3319 2589 post
3348 2519 3564 2589 passio-

1991 2620 2114 2659 nem
2149 2621 2302 2660 suam
2336 2622 2433 2677 per
2471 2608 2587 2664 dies
2617 2608 2976 2680 quadraginta
3006 2624 3278 2680 apparens
3321 2610 3403 2665 eis
3433 2625 3567 2665 con-

1988 2696 2248 2766 gregatis,
2306 2705 2361 2752 et
2408 2698 2638 2769 loquens
2687 2700 2754 2755 de
2805 2715 2974 2770 regno
3019 2699 3203 2755 Dei".
3258 2719 3278 2753 ι
3330 2699 3567 2772 Ideoque

1996 2805 2014 2838 ι
2054 2790 2311 2859 praecepit
2360 2790 2442 2845 eis
2488 2792 2556 2845 ab
2608 2790 2966 2863 Jer'o'solymis
3016 2808 3086 2848 ne
3116 2792 3485 2850 discederent.
3534 2813 3556 2847 ι

1989 2878 2165 2948 Hujus
2194 2896 2321 2937 vero
2344 2882 2702 2938 hebdomadis
2731 2884 2786 2937 in
2819 2883 3067 2948 dimidio,
3097 2889 3273 2939 morte
3302 2899 3466 2955 quam
3492 2884 3563 2940 ab

1989 2967 2194 3024 Judaeis
2216 2986 2510 3041 perpessus
2544 2980 2648 3035 est,
2685 2973 2904 3043 impleta
2928 2984 3056 3028 sunt
3087 2974 3286 3029 divinas
3323 2974 3564 3044 prophe-

1990 3061 2079 3116 tia;
2104 3061 2312 3132 reliqua
2333 3081 2347 3129 ;
2377 3078 2500 3116 cum
2515 3063 2735 3133 quidem
2755 3081 2851 3135 per
2869 3074 2981 3120 tres
2997 3080 3170 3119 annos
3191 3073 3246 3120 et
3267 3065 3559 3120 dimidium

1988 3150 2340 3225 Evangelium
2365 3155 2741 3225 praedicatum,
2762 3170 2824 3209 ac
2849 3155 3046 3210 deinde
3063 3157 3439 3225 conscriptum
3455 3164 3564 3219 est,

1987 3260 2158 3314 quare
2192 3246 2394 3299 dicitur
2419 3265 2432 3301 :
2460 3264 2477 3297 ι
2504 3246 2561 3301 In
2584 3246 2761 3301 medio
2780 3245 3136 3301 hebdomadis
3153 3245 3565 3301 dellciethostia

1987 3342 2040 3389 ct
2053 3334 2382 3389 sacriﬁcium
2404 3336 2468 3388 ⁸ο.
2484 3357 2503 3387 ι
2527 3336 2753 3391 Constat
2780 3336 2924 3391 enim
2955 3352 3052 3406 per
3075 3340 3388 3407 passionem
3414 3335 3567 3392 dele-

1988 3429 2132 3481 cisse
2161 3426 2394 3480 hostiam
2425 3428 2588 3482 simul
2624 3437 2678 3482 et
2713 3427 3083 3491 sacriﬁcium;
3130 3428 3369 3497 quando,
3400 3428 3565 3505 juxta

1990 3517 2409 3589 Evangeliorum
2451 3520 2849 3583 narrationem,
2889 3537 2909 3569 ι
2954 3519 3130 3574 velum
3178 3518 3368 3597 templi
3417 3519 3565 3573 scis-

1992 3610 2113 3664 sum
2130 3617 2214 3665 est
2235 3612 2288 3664 in
2314 3611 2450 3665 duas
2468 3620 2650 3680 partes
2676 3627 2704 3663 a
2730 3624 2945 3665 summo
2972 3624 3147 3681 usque
3163 3611 3421 3666 deorsum
3440 3608 3485 3643 ⁸³
3509 3628 3560 3678 ςι

1988 3702 2255 3772 juxtaque
2280 3702 2502 3772 Josephi
2536 3702 2823 3758 historiam
2857 3722 2869 3756 :

305 3793 498 3864 ἡμίσει
532 3794 629 3865 τῆς
652 3794 945 3865 ἑϐδομάδος
968 3795 1268 3867 ἀρθήσεται
1302 3794 1461 3848 θυσία
1498 3795 1593 3847 καὶ
1625 3793 1860 3865 σπονδή·
1895 3812 1914 3844 ι
1958 3792 2053 3846 καὶ
2083 3793 2252 3863 σαφές
2277 3811 2341 3862 γε
2390 3794 2536 3859 ὅπως
2572 3794 2689 3864 ἅμα
2734 3793 2812 3866 τῷ
2858 3793 3019 3847 πάθει
3057 3793 3283 3866 δυνάμει
3330 3792 3473 3865 ἤρθη
3504 3791 3567 3862 ἑξ

308 3882 489 3938 αὐτῶν
519 3883 677 3937 θυσία
720 3884 814 3936 καὶ
848 3884 1085 3956 σπονδή·
1117 3885 1207 3938 ὅτε
1250 3884 1391 3939 κατά
1426 3884 1523 3955 μὲν
1551 3883 1646 3956 τήν
1677 3883 1787 3937 τῶν
1814 3880 2161 3952 Εὐαγγελίων
2201 3885 2420 3957 γραφὴν
2470 3904 2490 3938 ι
2532 3884 2594 3938 τὸ
2614 3885 3012 3957 καταπέτασμα
3052 3884 3147 3939 τοῦ
3185 3884 3315 3941 ναοῦ
3343 3885 3565 3958 ἐσχίσθη

314 3974 426 4028 ἀπὸ
455 3973 662 4027 ἄνωθεν
697 3972 802 4036 ἓως
833 3973 1012 4026 κάτω·
1042 3994 1060 4025 ι
1099 3973 1243 4028 κατὰ
1268 3973 1324 4027 δὲ
1371 3973 1468 4045 τὴν
1500 3972 1593 4027 τοῦ
1632 3974 1896 4045 Ἰωσήπου
1940 3974 2200 4045 ἱστορίαν·

388 4086 407 4119 ε
428 4068 519 4122 Ἐν
544 4068 679 4137 αὐτῇ
711 4067 1140 4137 τῇΠεντηκοστῇ
1171 4066 1384 4137 νύκτωρ
1399 4067 1447 4119 οἱ
1484 4067 1646 4137 ἱερεῖς
1677 4062 1880 4136 παρελ-

309 4156 495 4220 θόντες
522 4158 602 4219 εἱς
624 4155 685 4209 τὸ
727 4156 890 4226 ἱερὸν,
923 4153 1326 4228 ὥσπερεαὺτοῖς
1359 4154 1478 4219 ἔθος
1498 4150 1585 4226 ἦν,
1623 4154 1759 4226 πρὸς
1785 4155 1883 4219 τὰς

309 4250 672 4322 λειτουργίας,
716 4248 929 4321 πρῶτον
962 4248 1058 4318 μὲν
1106 4248 1371 4319 κινήσεως
1391 4244 1599 4317 ἔφασαν
1626 4245 1887 4317 ἀντιλαμ-

2065 4082 2084 4115 ι
2125 4064 2184 4118 In
2232 4062 2348 4134 ipsa
2395 4062 2715 4120 Pentecoste
2753 4072 2919 4119 noctu
2966 4063 3280 4120 sacerdotes
3314 4060 3384 4118 in
3430 4072 3570 4121 tem-

1988 4154 2135 4224 plum
2182 4154 2478 4224 progressi,
2530 4155 2673 4209 sicut
2716 4162 3136 4220 consueverant,
3173 4155 3241 4209 ad
3275 4169 3431 4210 sacra
3484 4157 3569 4210 la-

1985 4247 2261 4311 ciendum,
2296 4248 2474 4320 primo
2521 4256 2727 4303 motum
2773 4248 3145 4303 vehementem
3190 4262 3316 4302 cum
3349 4247 3570 4318 fragore

311 4344 572 4399 ϐάνεσθαι
599 4343 695 4398 καὶ
726 4343 954 4408 κτύπου,
992 4343 1128 4414 μετά
1161 4338 1218 4396 δὲ
1248 4342 1419 4396 ταῦτα
1447 4341 1630 4412 φωνῆς
1657 4338 1876 4412 ἀθρόας·

1994 4336 2190 4391 factum
2220 4354 2342 4394 esse
2370 4340 2645 4402 dixerunt.
2677 4338 2802 4395 dein
2834 4354 3084 4409 magnam
3114 4337 3292 4392 audiri
3334 4352 3518 4393 vocem
3546 4355 3564 4394 ι

317 4460 337 4491 σ
366 4438 969 4508 Μεταϐαίνομενίωμεν)
995 4434 1261 4489 ἐντεῦθεν.
1292 4455 1310 4486 ι

384 4530 568 4585 Ταῦτα
587 4530 641 4582 δὲ
669 4528 808 4583 κατὰ
833 4527 975 4592 λέξιν
999 4529 1092 4581 καὶ
1111 4527 1272 4599 ἕτερα
1293 4525 1502 4590 τούτοις
1531 4524 1881 4603 παραπλήσια

312 4624 432 4686 ταῖς
476 4622 738 4692 ἱστορίαις
773 4617 1044 4691 παραδοὺς
1082 4621 1111 4672 ό
1154 4617 1412 4688 Ἰώσηπος
1462 4616 1771 4689 συμϐάλοιτ’
1816 4616 1882 4670 ἂν

312 4715 443 4784 ἡμῖν
467 4714 546 4775 εἱς
577 4711 847 4777 ἀπόδειξιν
862 4707 955 4763 τοῦ
982 4707 1204 4779 δυνάμει
1223 4706 1475 4761 λελύσθαι
1508 4726 1568 4761 τε
1594 4709 1688 4761 καὶ
1713 4710 1883 4781 καθῃ-

318 4801 511 4873 ρῆσθαι
543 4800 678 4873 μετά
701 4800 763 4853 τὸ
789 4800 1050 4869 σωτήριον
1079 4797 1247 4861 πάθος
1274 4798 1341 4851 τὰ
1372 4797 1473 4865 τῆς
1496 4797 1589 4852 τοῦ
1614 4797 1743 4852 λαοῦ
1778 4816 1883 4851 σω-

314 4892 557 4963 ματικῆς
580 4878 859 4964 λατρείας.
897 4887 1027 4944 Οἶδα
1058 4889 1114 4942 δὲ
1145 4891 1239 4943 καὶ
1284 4889 1447 4960 άλλην
1485 4890 1565 4953 είς
1604 4889 1701 4961 τὴν
1735 4889 1883 4943 ἑϐδο-

318 4983 460 5054 μάδα
487 4985 584 5055 τὴν
613 5003 630 5034 ι
666 4982 1061 5054 δυναμώσασαν
1105 4980 1367 5052 διαθήκην
1400 4980 1611 5045 πολλοῖς
1633 5002 1650 5033 ι
1690 4980 1883 5034 ἀποδο-
1936 5040 1945 5055 l

316 5077 499 5130 θεῖσαν
544 5076 871 5148 ἑρμηνείανο
918 5075 1123 5146 ταύτην
1156 5073 1263 5143 γὰρ
1296 5075 1375 5136 είς
1412 5074 1511 5145 τὴν
1557 5076 1613 5127 ἐν
1663 5073 1884 5127 δεκάσιν

317 5168 584 5240 ἑϐδομάδα
615 5167 929 5239 μεταλαϐὼν
955 5171 982 5222 ὁ
1015 5168 1168 5237 λόγος
1197 5166 1434 5238 παρίστη
1469 5167 1559 5220 τὸν
1592 5167 1882 5238 σύμπαντα

318 5257 425 5313 τῶν
452 5259 761 5313 ἀποστόλων
789 5259 978 5332 χρόνον
1006 5260 1086 5322 εἱς
1118 5257 1633 5329 ἑϐδομηκονταετίαν
1674 5255 1881 5310 συντεί-

320 5366 451 5415 νειν,
483 5351 542 5402 ἑν
620 5349 680 5402 τδ
711 5352 973 5421 κήρυγμα
1015 5348 1115 5420 τῆς
1143 5349 1352 5419 Καινῆς
1385 5347 1658 5419 Διαθήκης
1699 5347 1879 5402 οὐκέτι

324 5440 422 5507 ἑνὶ,
449 5440 582 5494 ἀλλά
619 5439 829 5504 πολλοῖς
858 5438 1035 5492 ἔθνεσι
1074 5438 1342 5511 κηρυχθὲν
1374 5439 1454 5502 είς
1493 5439 1672 5491 πᾶσαν
1706 5437 1886 5491 ἑνεδυ-

1994 4449 2012 4482 ι
2048 4431 2188 4485 Hinc
2212 4431 2563 4502 egrediamur
2591 4430 2690 4504 (l).
2733 4451 2752 4484 ι

2059 4521 2182 4577 llaec
2212 4538 2488 4593 expresse,
2525 4522 2741 4592 aliaque
2784 4521 2870 4577 his
2897 4521 3095 4577 similia
3134 4518 3405 4591 Iosephus
3437 4535 3564 4575 cum

1988 4614 2043 4666 in
2077 4612 2324 4668 historiis
2369 4611 2573 4676 refert,
2620 4611 2905 4666 nobiscum
2969 4610 3185 4665 videtur
3231 4607 3564 4670 consentire,

1988 4704 2489 4760 demonstrantibus
2528 4705 2704 4771 reipsa
2739 4702 2978 4757 solutum
3014 4714 3079 4754 ac
3118 4699 3352 4754 deletum
3396 4696 3568 4751 fuisse

1991 4804 2113 4865 post
2146 4793 2446 4848 Salvator-is
2488 4794 2798 4863 passionem
2848 4805 3171 4862 corporeum
3220 4788 3404 4858 populi
3449 4791 3569 4842 cul-

1988 4895 2123 4941 tum.
2150 4885 2410 4940 Novimus
2434 4885 2595 4939 aliam
2631 4898 2847 4954 quoque
2895 4883 2963 4939 de
3005 4880 3343 4936 hebdomade
3378 4897 3396 4930 ι
3434 4892 3567 4933 con-

1990 4979 2269 5033 ﬁrmatura
2303 4988 2519 5048 pactum
2547 4975 2733 5031 multis
2769 4995 2787 5028 ι
2822 4975 3006 5030 datam
3039 4969 3561 5041 interpretationem.

1989 5068 2115 5125 Haec
2144 5071 2287 5124 enim
2319 5068 2680 5130 hebdomada,
2709 5065 2865 5138 quasi
2896 5074 3100 5135 septem
3130 5061 3410 5118 decenniis
3431 5075 3566 5113 con-

1989 5170 2163 5225 stans,
2204 5175 2365 5216 omne
2399 5159 2768 5230 apostolorum
2814 5163 3051 5227 tempus,
3092 5155 3306 5211 scilicet
3347 5159 3567 5222 septua-

1987 5256 2134 5328 ginta
2168 5270 2342 5312 annos
2370 5256 2611 5310 indicare
2648 5254 2944 5318 videretur,
2975 5252 3175 5324 quibus
3204 5249 3337 5305 Novi
3367 5248 3562 5305 Testa-
3614 5242 3621 5250 ’

1986 5347 2152 5402 menti
2200 5346 2514 5418 praedicatio
2564 5346 2749 5401 habita
2797 5352 2902 5409 est,
2953 5343 3097 5415 quod
3144 5357 3252 5397 non
3302 5340 3416 5403 uni,
3467 5341 3560 5395 sed

1989 5439 2176 5494 multis
2207 5438 2586 5492 annuntiatum
2614 5437 2867 5508 gentibus
2896 5450 2991 5506 per
3016 5434 3327 5489 universam
3359 5439 3558 5486 terram

372 5597 437 5629 -"
477 5596 622 5654 Psal.
660 5612 797 5662 χιιι,
834 5598 902 5661 2,
935 5597 987 5652 5.
1064 5596 1108 5628 ³⁸
1149 5594 1281 5650 Dan.
1316 5611 1405 5657 ix,
1434 5593 1525 5650 26.
1602 5592 1646 5627 ³³
1684 5593 1803 5647 Act.
1840 5607 1888 5658 ι,

2030 5592 2096 5626 ν⁸⁰
2137 5590 2274 5648 Dan.
2305 5608 2396 5658 ix,
2430 5591 2520 5648 27.
2595 5591 2639 5623 ⁵⁸
2687 5590 2875 5645 Matth.
2912 5603 3095 5653 xxvii,
3127 5587 3215 5643 5|.

400 5734 474 5803 (l)
505 5735 725 5804 Joscph.
761 5736 833 5791 De
861 5736 992 5791 bello
1022 5735 1177 5802 Jud.,
1212 5750 1286 5801 vl,
1322 5734 1375 5801 5,
1412 5733 1463 5786 3.
