3926 6260
237 329 369 387 “95

1260 321 1554 381 ΕοιοαιλΕ
1590 323 2074 382 PROPHETICIE.
2105 353 2175 364 ——
2211 325 2340 379 LIB.
2370 326 2460 379 IV.

3339 318 3473 377 H95

178 454 181 461 “
229 464 383 503 τινων
408 443 725 520 προχείρων
750 444 845 500 κα)⁸
873 442 1144 516 βιωτικῶν
1172 441 1471 515 προύλεγον
1491 459 1507 475 ο
1545 437 1656 496 οἷον
1683 441 1813 515 περὶ

1924 447 1968 496 et
2027 440 2223 497 comis
2274 439 2675 512 praedixerunt;
2724 439 2981 499 sicutde
3017 438 3244 512 perditis
3282 437 3480 501 asinis,

236 540 367 595 δνων
393 536 766 604 ἀπολωλυιῶν,
798 538 892 590 καὶ
916 537 1042 609 περὶ
1074 535 1370 590 νοσούντων
1396 533 1728 603 ἐπισφαλῶς,
1766 535 1813 587 εί

240 628 579 702 βιιὲισονταιῆ
620 630 716 701 μὴ,
746 630 839 683 καὶ
868 630 997 701 περὶ
1025 626 1325 699 μελλούσης
1356 627 1574 682 ἔσεσθαι
1604 626 1682 698 τῷ
1701 624 1815 698 λαῷ

239 722 511 795 εὐθηνίας,
545 723 638 776 καὶ
665 723 788 794 περὶ
816 724 989 778 ἄλλων
1023 722 1249 794 μυρίων,
1279 721 1316 775 ἀ
1336 722 1456 783 ταῖς
1476 720 1593 774 κατ’
1619 719 1814 783 αὐτοὺς

240 816 504 887 ἱστορίαις
544 816 842 887 ἐμφέρεται
861 831 874 844 ’
910 814 1054 887 ἆπερ
1077 816 1125 867 εἰ
1163 813 1235 885 μὴ
1266 813 1455 867 τοῦτον
1487 812 1699 881 γεγόνει
1725 808 1815 866 τὸν

236 907 455 979 τρόπον,
486 905 866 979 ἀποκρινέσθω
896 925 1000 971 τις,
1030 905 1136 959 τίνι
1167 906 1365 975 δήποτε
1393 900 1484 958 οἷν
1511 904 1653 973 λόγῳ
1682 919 1814 975 προ-

234 1001 406 1071 φήτας
444 997 677 1070 ἡγοῦντό
720 1016 778 1051 τε
814 998 909 1052 καὶ
938 997 1282 1060 ἀπεκάλουν,
1331 997 1364 1068 ἢ
1395 996 1482 1050 διὰ
1517 996 1568 1050 τί
1597 996 1816 1067 γραφῆς

233 1091 357 1154 τοὺς
386 1090 581 1159 λόγους
617 1089 795 1144 αὐτῶν
829 1088 1048 1160 ἡξίουν;
1081 1089 1178 1153 Τίς
1203 1089 1245 1142 δ’
1275 1091 1308 1161 ή
1347 1090 1496 1144 αἰτία
1535 1089 1600 1143 δι’
1626 1089 1693 1160 ἢν
1722 1089 1815 1142 καὶ

233 1184 344 1245 τοῖς
373 1182 670 1253 μετέπειτα
702 1182 888 1235 παισὶν
914 1179 1142 1243 ἑαυτῶν,
1168 1179 1243 1243 ὠς
1268 1179 1332 1233 ἂν
1356 1179 1419 1250 δὴ
1445 1178 1611 1243 θείας,
1637 1179 1816 1234 αὐτῶν

232 1274 327 1339 τὰς
359 1274 582 1346 γραφὰς
612 1274 1002 1345 παρεδίδοσαν;
1032 1275 1213 1346 Μηδὲν
1240 1273 1350 1346 γάρ
1391 1290 1443 1326 τι
1490 1272 1631 1327 θεῖον
1683 1272 1815 1344 μηδέ

232 1363 538 1436 παράδοξον
570 1365 627 1417 ἐν
660 1366 773 1427 τοῖς
800 1365 1056 1434 ἀνδράσιν
1089 1362 1403 1434 ἑωρακότας
1432 1363 1556 1433 εἰκῆ
1584 1363 1677 1416 καὶ
1708 1361 1813 1433 μά-

230 1472 329 1528 την
355 1456 569 1512 οἴεσθαι
599 1457 728 1527 περὶ
764 1456 942 1509 αὐτῶν
982 1455 1204 1509 τοιαῦτα
1229 1454 1579 1525 διειληφέναι,
1600 1453 1815 1508 πάντων

229 1548 378 1605 ἐστὶν
404 1547 836 1604 ἀπιθανώτατον.
860 1549 923 1601 Εἰ
943 1548 986 1601 δ’
1007 1547 1309 1619 ἀναδρὰμοι
1329 1565 1413 1611 τις
1438 1548 1529 1600 ἐπὶ
1550 1546 1676 1609 τοὺς
1694 1545 1814 1599 τότε

228 1645 456 1718 χρόνους
488 1644 556 1714 τῇ
578 1641 803 1713 διανοίᾳ,
840 1640 892 1693 τί
924 1640 1033 1712 ἄρα
1060 1642 1415 1713 ἐπινοήσειεν,
1450 1640 1590 1711 ὁρῶν
1616 1638 1812 1710 ἄνδρας

227 1734 523 1806 ἀγροίκους
555 1731 647 1785 καὶ
686 1729 746 1783 τὸ
786 1731 968 1802 σχῆμα
998 1729 1178 1794 λιτοὺς
1198 1772 1211 1793 ,
1243 1729 1496 1793 αἰπόλους
1534 1728 1684 1793 τινάς
1721 1728 1814 1782 καὶ

1916 532 1985 588 de
2031 533 2270 604 graviter
2314 533 2726 606 aegrotantibus,
2783 538 2970 589 utrum
3009 531 3479 593 Convalescerent,

1914 638 2107 689 necne,
2138 623 2207 678 de
2223 624 2391 680 rebus
2417 624 2619 695 populo
2639 623 2871 679 feliciter
2894 625 3157 689 cessuris,
3179 624 3472 695 multisque

1915 716 2057 781 aliis,
2082 731 2203 787 qua:
2231 717 2287 771 in
2328 732 2519 771 eorum
2552 716 2795 773 historiis
2835 719 3075 789 reperire
3107 725 3191 774 est
3217 740 3228 775 :
3253 717 3396 788 quod
3429 718 3473 771 si

1913 823 2023 863 non
2043 809 2114 862 ita
2133 824 2191 863 se
2213 809 2550 875 habuissent,
2580 810 2712 864 mihi
2728 809 3110 880 respondeant,
3133 810 3219 866 cui
3237 816 3476 880 unquam

1916 898 2084 969 igitur
2143 900 2311 955 verbo
2371 900 2664 971 prophetas
2709 901 3059 972 agnovissent
3107 901 3473 958 vocavissent-

1914 1007 2041 1062 que.
2077 992 2165 1047 vel
2197 1008 2296 1046 cur
2323 1008 2514 1047 eorum
2545 993 2708 1047 verba
2744 994 2964 1063 scriptis
2994 992 3260 1049 servanda
3289 1006 3480 1047 curas-

1915 1083 2072 1138 sent?
2113 1082 2477 1149 Quamobrem
2516 1084 2822 1154 posteritati
2873 1100 2986 1141 suae
3029 1086 3228 1155 scripta
3264 1098 3478 1148 eorum,

1915 1172 2070 1243 quasi
2117 1173 2298 1228 divina
2358 1174 2748 1230 tradidissent?
2788 1172 2941 1229 Haud
2983 1175 3281 1247 quidquam
3334 1174 3481 1230 enim

1914 1266 2106 1332 divini,
2134 1267 2219 1322 vel
2251 1266 2496 1337 praeclari
2544 1265 2600 1321 in
2645 1266 2765 1322 istis
2799 1267 2932 1322 viris
2976 1266 3368 1338 perspicientes
3402 1273 3481 1318 te-

1914 1373 2062 1413 mere
2094 1372 2158 1413 ac
2188 1357 2593 1413 inconsiderate
2632 1358 2699 1411 de
2730 1358 2864 1428 ipsis
2896 1358 3023 1411 talia
3058 1357 3333 1427 accepisse
3370 1355 3482 1425 opis

1914 1448 2057 1507 nari,
2097 1447 2513 1503 stolidissimum
2566 1454 2731 1504 esset.
2801 1446 2859 1503 Si
2919 1447 3045 1518 quis
3100 1447 3215 1501 hazc
3260 1446 3482 1514 antiqua

1915 1544 2095 1592 mente
2122 1543 2444 1608 percenseat
2478 1545 2745 1607 tempora,
2774 1533 2903 1605 quid
2934 1533 3287 1596 existimabit,
3315 1529 3482 1586 rustié

1915 1643 2011 1683 eos
2033 1628 2227 1683 videns
2271 1627 2542 1691 homines,
2582 1626 2805 1697 ignobili
2834 1625 3046 1689 habitu,
3077 1623 3345 1679 bubulcos
3375 1621 3484 1676 sci-

1915 1721 2041 1776 licet
2086 1728 2468 1791 pastoresque,
2508 1719 2562 1772 in
2603 1719 2782 1774 medio
2806 1719 2975 1773 totius
3008 1716 3184 1789 gentis
3210 1713 3483 1785 prodeun-

226 1801 515 1896 ποιμένας,
545 1828 624 1889 είς
649 1801 826 1896 μέσον
841 1824 1040 1888 παντὸς
1058 1823 1151 1876 τοῦ
1174 1822 1357 1888 ἔθνους
1385 1823 1697 1893 παριόντας,
1720 1821 1815 1876 καὶ¹

1924 1821 2021 1879 tes,
2069 1814 2228 1884 quasi
2281 1812 2376 1868 Dei
2422 1811 2644 1867 nomine
2673 1810 2923 1881 quaedam
2972 1811 3249 1873 docentes,
3302 1807 3483 1862 excla-

225 1919 300 1984 ὼς
316 1921 385 1972 ὲκ
409 1917 707 1989 προσώπου
737 1916 831 1970 τοῦ
864 1916 997 1969 Θεοῦ
1033 1933 1153 1970 τινα
1186 1914 1460 1985 λέγοντας.
1502 1914 1593 1968 καὶ
1625 1932 1643 1967 ι
1678 1914 1815 1968 Τάδε

224 2008 370 2079 λέγει
402 2007 635 2079 Κύριος,
667 2026 685 2059 ι
724 2005 1168 2077 ἀναϐοωμένους,
1217 2006 1309 2060 ἐπί
1342 2023 1400 2059 τε
1434 2005 1695 2076 βασιλέων
1724 2006 1817 2060 καὶ

224 2099 430 2163 παντὸς
474 2099 574 2151 τοῦ
603 2097 732 2152 λαοῦ
768 2096 904 2169 μετὰ
940 2099 1363 2170 παραστήματος
1393 2096 1814 2168 ἀκαταπλήκτου

222 2188 702 2263 δημηγοροῦντας,
734 2189 827 2242 καὶ
858 2187 1049 2255 σοφίαν
1079 2188 1220 2260 ὺπέρ
1248 2187 1529 2261 ἄνθρωπον
1558 2189 1819 2243 ἐνδεικνυ-

225 2289 440 2360 μένους,
474 2289 580 2360 τὴν
609 2290 703 2342 καὶ
731 2287 898 2341 εἰσέτι
919 2285 1013 2340 νῦν
1035 2288 1093 2340 ἐν
1111 2287 1232 2349 ταῖς
1256 2282 1612 2357 προφητείαις
1638 2280 1816 2335 αὐτῶν

223 2379 565 2452 φερομένην,
604 2380 771 2453 μυρία
802 2397 862 2433 τε
894 2379 1031 2433 ἀλλα
1054 2378 1122 2432 δι’
1149 2375 1485 2446 αἰνιγμάτων
1518 2373 1613 2427 καὶ
1642 2388 1819 2444 παρα-

222 2471 396 2527 ϐολῶν
422 2473 717 2543 ἀπόρρητα
740 2470 1182 2542 φιλοσοφοῦντας,
1206 2467 1403 2539 ἠθικήν
1426 2483 1486 2519 τε
1510 2465 1603 2519 καί
1623 2464 1818 2536 δογμα·

221 2566 379 2638 τικὴν
402 2568 472 2638 τῇ
516 2566 787 2638 Ἐϐραίων
821 2568 971 2637 φωνῇ
1004 2561 1351 2619 διδασκαλίαν
1382 2558 1462 2630 τῷ
1490 2557 1606 2630 λαῷ
1637 2574 1815 2628 παρα-

220 2657 466 2721 διδόντας
485 2697 501 2719 ,
557 2657 651 2710 καὶ
687 2656 824 2729 πρὸς
863 2657 957 2710 ἐπὶ
995 2654 1207 2717 τούτοις
1236 2646 1328 2707 τὸν
1358 2650 1473 2722 βίον
1501 2652 1614 2715 τοῖς
1638 2649 1819 2719 λόγοις

220 2747 403 2802 αὐτῶν
422 2748 767 2819 κατάλληλον
789 2744 1246 2817 ἐνδεικνυμένους,
1264 2743 1483 2807 καὶτοῖς
1503 2742 1668 2795 πᾶσιν
1692 2742 1820 2795 ἀκο-

220 2840 509 2905 λακεύτως
543 2840 899 2912 ὁμιλοῦντας,
930 2840 1006 2903 είς
1041 2836 1329 2911 πρόσωπόν
1360 2852 1420 2889 τε
1452 2835 1577 2898 τοὺς
1604 2833 1820 2897 ἀσεϐεῖς

220 2931 631 3002 διελέγχοντας,
656 2931 731 2995 ὼς
761 2931 855 2985 καὶ
883 2928 1326 2984 ἐπιϐουλεύεσθαι
1360 2918 1495 3000 πρὸς
1521 2925 1698 2979 αὐτῶν
1726 2924 1821 2995 μέ-

221 3042 314 3094 χρι
342 3023 606 3089 θάνατον,
641 3022 909 3095 ῥωμαλέῳ
940 3012 1037 3077 καὶ
1066 3019 1299 3092 γεννικῶ
1327 3018 1716 3092 παραστήματι
1740 3014 1820 3087 τῷ

220 3114 416 3188 ἀληθεί
429 3114 584 3185 λόγῳ
602 3112 1040 3186 παρισταμένους
1059 3127 1072 3143 ο
1091 3110 1268 3165 ταῦτά
1278 3128 1361 3173 τις
1377 3110 1457 3174 είς
1474 3107 1598 3162 νοῦν
1620 3106 1822 3174 εὐγνω-
1849 3140 1895 3201 c

223 3206 405 3278 μόνως
440 3206 698 3279 θέμενος,
745 3205 864 3269 πῶς
895 3204 995 3258 οὐκ
1021 3198 1086 3259 ἂν
1118 3203 1469 3275 ὁμολογήσειε
1502 3199 1642 3254 κατά
1674 3196 1823 3252 θείαν

220 3299 298 3364 ὡς
323 3298 558 3369 ἀληθῶς
586 3297 869 3351 ἐπίπνοιαν
899 3294 1073 3349 ταῦτα
1093 3293 1272 3348 πάντα
1294 3290 1421 3363 περὶ
1448 3290 1644 3352 αὐτοὺς
1665 3303 1825 3357 γεγο-

222 3387 374 3442 νέναι
395 3405 411 3454 ;
435 3387 537 3442 Διὸ
558 3387 652 3440 καὶ
667 3386 789 3440 τότε
810 3383 1183 3458 θαυμάζεσθαι
1203 3382 1401 3444 αὐτοὺς
1421 3378 1565 3441 είκδς
1582 3373 1651 3448 ἦν
1674 3373 1826 3446 παρά

218 3482 337 3546 τοῖς
389 3482 639 3554 ἔμφροσι
659 3518 674 3544 ,
723 3480 818 3533 καὶ
858 3479 986 3542 τοὺς
1013 3466 1205 3546 λόγους
1236 3472 1416 3528 αὐτῶν
1446 3468 1825 3541 ἀναγραπτους

222 3573 381 3646 παρά
422 3575 549 3635 τοῖς
592 3567 1099 3644 ἱερογραμματεῦσι
1134 3563 1494 3637 φυλάττεσθαι
1519 3603 1536 3626 ,
1564 3558 1733 3613 είσέτι
1766 3575 1826 3612 τε

220 3661 320 3716 νῦν
356 3662 499 3734 παρ’
536 3660 645 3731 ὅλῳ
672 3659 750 3731 τῷ
779 3659 922 3713 ἔθνει
957 3658 1243 3731 προφήτας
1269 3652 1547 3724 γεγονέναι
1568 3650 1660 3705 τοῦ
1689 3646 1826 3703 Θεοῦ

222 3746 616 3808 πιστεύεσθαιο
637 3750 666 3805 ὃ
693 3751 788 3805 καὶ
808 3750 1176 3822 ἐναργέστατα
1196 3747 1426 3819 μάλιστα
1446 3742 1767 3814 παρίστησιν
1793 3741 1827 3811 ή

220 3844 483 3917 ἡμετέρα
512 3842 643 3915 περὶ¹
672 3839 765 3895 τοῦ
792 3838 1026 3913 Χριστοῦ
1041 3837 1322 3908 διάληψίς,
1350 3833 1471 3917 καθξ
1497 3832 1564 3904 ἢν
1617 3825 1832 3882 ἀποδεί-

220 3954 442 4011 κνυμεν
482 3937 669 3992 πᾶσαν
700 3932 799 4006 τὴν
836 3935 955 3988 κατ’
990 3930 1149 3987 αὑτὸν
1186 3913 1495 3998 οἰκονομίαν
1540 3919 1835 3993 γεγενημέ-

220 4010 359 4100 νην,
396 4029 475 4083 τά
499 4043 564 4081 τε
597 4026 851 4098 περὶτῆς
876 4022 1224 4086 διδασκαλίας
1255 4016 1420 4073 αὐτοῦ
1444 4058 1458 4082 ,
1508 4015 1598 4069 καὶ
1629 4013 1727 4084 τῆς
1766 4010 1824 4077 ἐξ

223 4120 505 4178 ἁπάντων
524 4118 694 4174 ἐθνῶν
716 4116 1014 4190 γενομένης
1035 4117 1101 4171 δι’
1127 4111 1292 4169 αύτοῦ
1317 4102 1827 4183 κλήσεως,ἀκρι6ῶς

220 4208 629 4284 προεγνῶσθαί
661 4226 720 4264 τε
749 4209 843 4263 καὶ
870 4208 977 4281 πρὸ
1008 4206 1215 4280 μυρίων
1244 4205 1382 4259 ὅσων
1422 4199 1559 4254 ἐτῶν
1597 4198 1710 4259 τοῖς
1742 4194 1832 4247 θε-

223 4304 492 4369 σπεσίοις
526 4302 758 4367 ἐκείνοις
780 4300 1006 4373 ἀνδράσι
1032 4296 1417 4372 προειρῆσθαι·
1448 4286 1524 4347 ὧν
1555 4289 1653 4353 τάς
1680 4285 1832 4360 ίεράς

1916 1913 2256 1975 mentesque,
2288 1918 2306 1955 ι
2349 1903 2471 1958 llzse
2503 1904 2635 1959 dicit
2678 1903 2959 1966 Dominus,
2991 1920 3010 1955 ι
3042 1916 3225 1955 coram
3263 1897 3483 1968 regibus

1918 2013 1982 2053 ac
2019 1997 2168 2052 omni
2199 1996 2399 2068 populo
2433 1995 2692 2051 audacter
2714 2010 2779 2050 ac
2806 1996 2974 2050 libere
3001 1993 3166 2050 verba
3200 1991 3480 2051 facientes,

1918 2090 2241 2160 sapientiam
2301 2088 2539 2143 humana
2591 2087 2857 2158 majorem
2917 2084 3305 2145 ostendentes,
3364 2095 3484 2151 qua:

1917 2196 2067 2237 nunc
2112 2181 2291 2236 adhuc
2329 2181 2386 2235 in
2424 2194 2616 2236 eorum
2659 2179 2962 2250 prophetiis
2994 2178 3156 2249 viget,
3203 2176 3483 2229 innumera

1918 2290 2016 2346 per
2049 2273 2338 2345 parabolas
2370 2279 2533 2343 atque
2564 2271 2852 2343 aenigmata
2882 2270 3139 2341 mysteria
3169 2268 3481 2327 edocentes,

1918 2364 2183 2418 moralem
2213 2371 2267 2418 et
2303 2362 2673 2433 dogmaticam
2717 2359 3067 2416 Hebraeorum
3109 2358 3291 2427 lingua
3321 2355 3486 2410 disci-

1920 2455 2123 2525 plinam
2175 2453 2377 2524 populo
2429 2451 2740 2516 tradentes,
2797 2451 2963 2506 vitam
3019 2463 3144 2503 cum
3200 2445 3485 2517 praeceptis

1920 2547 2037 2602 suis
2059 2559 2357 2616 congruam
2384 2541 2664 2612 degentes,
2697 2555 2884 2595 coram
2907 2538 3160 2594 omnibus
3201 2537 3321 2592 sine
3351 2536 3486 2591 adu-

1921 2639 2121 2695 latione
2142 2646 2516 2701 conversatos,
2539 2634 2734 2705 impios
2752 2633 2928 2703 palam
2956 2631 3332 2702 objurgantes,
3363 2628 3484 2697 ipso

1918 2727 2112 2784 mortis
2160 2726 2403 2798 periculo
2449 2730 2780 2792 contempto,
2827 2737 2893 2776 ac
2938 2721 3172 2790 denique
3204 2717 3487 2773 veritatem

1918 2818 2063 2873 virili
2113 2829 2489 2890 generosaque
2536 2811 2890 2868 defendentes
2947 2810 3193 2865 audacia.
3247 2807 3380 2876 Quae
3439 2808 3487 2864 si

1921 2911 2045 2982 quis
2068 2911 2249 2966 animo
2276 2908 2565 2979 dillgenter
2588 2910 2822 2976 reputet,
2848 2919 2960 2958 non
2988 2902 3190 2974 poterit
3217 2917 3326 2956 non
3353 2913 3489 2955 con-

1922 3002 2063 3059 ἤιετί
2109 3018 2177 3058 ex
2227 3000 2314 3055 his
2352 2998 2608 3053 omnibus
2654 2997 2793 3051 tales
2838 2998 2985 3051 viros
3032 2995 3213 3051 divina
3251 2992 3486 3064 quadam

1923 3094 2283 3166 inspiratione
2325 3105 2446 3147 esse
2485 3088 2715 3144 adlatos.
2768 3086 3000 3157 Ideoque
3044 3097 3175 3142 tunc
3212 3100 3308 3140 eos
3347 3084 3491 3138 inter

1924 3184 2360 3256 sapientissimos
2418 3196 2632 3250 aequum
2673 3187 2791 3232 erat
2846 3178 3144 3239 admirari,
3194 3189 3492 3246 eorumque

1920 3279 2088 3333 verba
2134 3277 2306 3331 sacris
2352 3286 2681 3328 conservare
2721 3268 3043 3341 Scripturis,
3105 3284 3200 3324 eos
3257 3266 3492 3337 denique

1922 3383 2098 3440 usque
2126 3382 2273 3422 nunc
2314 3365 2457 3436 apud
2487 3380 2678 3421 omnes
2715 3371 2904 3435 gentes
2947 3363 3095 3416 velut
3132 3361 3227 3415 Dei
3257 3360 3493 3431 prophe-

1923 3467 2010 3516 tas
2040 3458 2209 3514 credi.
2244 3452 2400 3524 Quod
2430 3464 2484 3511 et
2512 3455 2961 3510 manifestissime
2993 3452 3276 3508 conﬁrmat
3302 3459 3493 3506 nostra

1924 3552 1992 3608 de
2013 3550 2238 3606 Christo
2268 3547 2594 3618 disputatio,
2627 3561 2736 3616 qua
2779 3543 3275 3601 demonstravimus
3306 3542 3493 3597 omnia

1925 3657 2047 3714 quae
2079 3639 2400 3696 acciderunt
2445 3637 2520 3701 ei,
2550 3649 2761 3691 omnem
2803 3634 2923 3702 ejus
2967 3632 3334 3703 disciplinam,
3366 3647 3483 3702 gen;

1926 3737 2172 3804 tiumque
2211 3732 2282 3787 ab
2325 3744 2391 3785 eo
2425 3728 2622 3783 factam
2665 3725 3030 3785 vocationem,
3057 3737 3316 3792 expresse
3353 3730 3495 3791 prae.

1928 3824 2200 3884 nuntiata,
2248 3819 2544 3887 multisque
2579 3823 2705 3870 ante
2754 3814 2914 3869 annis
2955 3813 3022 3867 ab
3066 3812 3187 3867 istis
3233 3810 3493 3866 divinitus

1930 3914 2124 3971 adlatis
2151 3913 2284 3967 vir-is
2311 3907 2573 3979 praedicta
2617 3904 2808 3960 fuisse.
2835 3903 3080 3971 Quorum
3109 3917 3296 3959 sacros
3327 3902 3495 3957 libros

1920 4005 2094 4063 Judaei
2140 4002 2351 4073 majore
2396 3999 2544 4070 digni
2597 3998 2703 4054 ﬁde
2751 4012 2914 4068 quam
2963 4011 3065 4052 nos
3105 4002 3315 4058 essent,
3344 3996 3497 4064 justo
3609 4007 3621 4017 ·

1924 4115 1989 4155 ac
2039 4094 2339 4153 venerabili
2382 4092 2593 4147 honore
2631 4095 3043 4162 prosequentes.
3102 4087 3198 4143 His
3244 4086 3412 4157 igitur
3466 4096 3500 4138 a‘

1924 4189 2087 4246 nobis
2137 4200 2247 4241 non
2287 4184 2405 4240 sine
2448 4183 2685 4238 utilitate
2716 4181 3001 4253 expositis,
3052 4179 3122 4234 ad
3159 4178 3503 4250 propositum

1925 4276 2309 4335 revertendum
2333 4280 2438 4328 est.

222 4355 755 4470 ’louoaio;
779 4355 977 4466 μᾶλλον
1003 4355 1260 4464 ἀνθήμῶν.
1305 4382 1413 4442 εἷεν
1471 4355 1898 4470 ἀξιοπιστότεροι
1939 4370 2076 4470 μετὰ
2100 4367 2321 4470 ’πάρηςΔ
2357 4362 2654 4470 σεϐασμίον
2699 4362 2863 4433 τιμῆς
2910 4358 3256 4432 περιόηωντές
3301 4374 3360 4411 τε
3407 4355 3509 4416 καὶ

224 4466 638 4571 προφέροντες.
690 4491 907 4545 Τούτων
933 4492 1065 4563 ἡμῖν
1093 4486 1379 4560 χρησίμως
1404 4468 1927 4556 προδιαληφθέντων,
1945 4466 2036 4521 ἐπὶ

1861 4604 1909 4661 D

782 4613 1083 4669 ΚΕΦΔΔΑῙ
1089 4611 1179 4664 ΟΝ
1216 4610 1296 4662 Δ’.

780 4707 876 4760 Ἐκ
906 4704 1013 4759 τοῦ
1051 4703 1315 4758 Ἡσαΐου.
1770 4764 1776 4772 ι

314 4822 339 4858 ε
383 4804 453 4857 ὐ
490 4801 650 4870 λόγος
686 4800 716 4852 ὁ
747 4797 1037 4867 γενόμενος
1057 4794 1196 4866 πρὸς
1231 4789 1455 4847 Ἡσαΐαν
1496 4785 1612 4841 υἱὸν
1647 4774 1829 4854 Ἀμὼς

226 4896 371 4970 περὶ
409 4894 524 4965 τῆς
563 4889 822 4954 Ἰουδαίας
851 4889 945 4967 καὶ
971 4888 1098 4959 περὶ
1129 4881 1498 4970 Ἰερουσαλήμ.
1522 4880 1645 4934 ’⁸0τὺ
1675 4875 1830 4970 ἔσται

225 4992 293 5045 ἐν
314 4969 458 5051 ταῖς
508 4984 763 5055 ἐσχάταις
792 4982 1025 5054 ἡμέραις
1055 4978 1295 5048 ἐμφανὲς
1333 4969 1394 5030 τὸ
1424 4972 1550 5046 ὅρος
1586 4969 1793 5043 Κυρίου
1812 5008 1828 5035 ,

227 5080 336 5137 καὶ
359 5080 397 5134 δ
427 5070 587 5139 οἵκος
605 5073 701 5128 τοῦ
724 5072 859 5127 Θεοῦ
889 5074 975 5126 ἐπ’
1006 5072 1191 5142 ἄκρων
1221 5068 1328 5123 τῶν
1353 5062 1546 5138 ὀρέων,
1563 5064 1660 5118 καὶ
1680 5061 1829 5131 ὑψω-

229 5170 486 5242 θήσεται
515 5165 769 5236 ὑπεράνω
800 5162 909 5216 τῶν
942 5159 1166 5232 βουνῶν,
1192 5158 1286 5212 καὶ
1310 5155 1529 5225 ἥξουσιν
1565 5152 1653 5205 ἐπ’
1684 5147 1834 5217 αὐτῷ

232 5241 434 5319 πάντα
468 5258 546 5312 τὰ
572 5257 719 5327 ἔθνη.
767 5256 876 5310 Καὶ
920 5251 1274 5325 πορεύσονται
1327 5247 1456 5317 ἔθνη
1502 5241 1695 5307 πολλὰ,
1744 5241 1837 5295 καὶ

232 5354 470 5429 ἐροῦσιν
508 5349 694 5415 Δεῦτε,
713 5349 808 5402 καὶ
829 5345 1117 5418 ἀναδῶμεν
1149 5344 1228 5406 είς
1248 5340 1309 5396 τὸ
1328 5339 1459 5429 Δὅρος
1484 5332 1837 5429 xoptem-acati.

234 5424 318 5512 είς
345 5444 457 5498 τὸν
505 5436 652 5495 οἷκον
676 5437 772 5494 τοῦ
817 5435 953 5492 Θεοῦ
991 5432 1202 5498 Ἰακὼϐ,
1248 5424 1342 5487 καὶ
1372 5426 1657 5497 ἀναγγελεῖ
1705 5424 1837 5495 ἡμῖν

235 5539 340 5609 τὴν
376 5534 515 5590 ὁδὸν
540 5531 724 5596 αὐτοῦ,
767 5531 862 5585 καὶ
902 5522 1275 5609 πορευσόμεθα
1320 5523 1380 5576 ἐν
1421 5522 1556 5591 αὐτῇ
1581 5536 1607 5609 'h
1726 5516 1836 5587 γὰρ

237 5606 390 5683 Σιὼν
422 5621 774 5689 ἐξελεύσεται
805 5621 989 5691 νόμος,
1019 5618 1114 5672 καὶ
1132 5606 1288 5684 λόγος
1317 5609 1523 5683 Κυρίου
1551 5606 1612 5673 ἐξ
1633 5607 1836 5677 Ἰερου-

241 5719 445 5790 σαλήμ
467 5731 485 5745 ⁸
520 5714 613 5768 καὶ
642 5715 816 5784 κρινεῖ
843 5710 948 5765 ἀνά
981 5709 1142 5781 μέσον
1160 5706 1268 5761 τῶν
1295 5702 1485 5766 ἐθνῶν,
1508 5702 1603 5755 καὶ
1625 5697 1831 5768 ἐλέγξει

243 5809 379 5866 ubi
424 5803 634 5860 πολύν·
684 5805 779 5858 xui.
827 5802 1155 5872 συγκόψουσι
1201 5798 1299 5863 τὰς
1341 5794 1613 5868 μαχαίρας
1655 5791 1840 5845 αὐτῶν

577 5898 769 5956 Pun.
801 5893 917 5953 Gn.
958 5882 1162 5950 XXII.

2061 4464 2160 4536 τὴν
2189 4459 2443 4516 ὑπόθεσιν
2466 4456 2731 4511 ὀδευτέον.

2560 4573 2788 4631 CAPUT
2826 4574 2871 4631 I.

2575 4668 2661 4723 Ea:
2688 4667 2840 4723 Isaia
2852 4712 2860 4721 ..

2011 4792 2029 4826 ι
2066 4771 2305 4827 Verbum
2336 4766 2481 4839 quod
2525 4764 2664 4819 vidit
2713 4762 2908 4829 Isaias,
2945 4758 3089 4817 illius
3119 4750 3308 4822 Amos,
3340 4760 3505 4826 super

1933 4866 2073 4923 Juda
2116 4870 2171 4919 et
2209 4860 2535 4917 Jerusalem.
2568 4857 2635 4912 Et
2666 4855 2782 4916 erit
2838 4854 2896 4908 in
2944 4849 3263 4908 novissimis
3313 4847 3505 4904 diebus

1936 4967 2280 5035 praeparatus
2294 4969 2453 5011 mons
2465 4952 2660 5007 domus
2674 4947 2891 5005 Domini
2916 4947 2970 5002 in
2982 4945 3186 5002 vertice
3211 4941 3477 4997 montium
3487 4978 3501 5000 ,
3548 5002 3563 5019 Χ

1936 5064 1993 5110 et
2018 5050 2326 5111 elevabitur
2354 5062 2521 5118 super
2545 5044 2738 5107 colles,
2774 5049 2829 5098 et
2867 5039 3037 5095 ﬂuent
3062 5037 3129 5095 ad
3155 5050 3285 5097 .eum
3313 5044 3505 5088 omnes

1938 5154 2149 5221 gentes.
2182 5142 2251 5198 Et
2280 5142 2439 5197 ibunt
2465 5137 2652 5210 populi
2678 5135 2856 5198 multi,
2883 5138 2936 5189 et
2956 5132 3177 5186 dicent:
3212 5125 3441 5221 Venite1
3454 5131 3503 5221 et

1939 5215 2310 5296 ascendamus
2327 5233 2395 5289 ad
2438 5238 2679 5287 montem
2707 5225 2944 5291 Domini,
2976 5231 3030 5280 et
3059 5222 3126 5277 ad
3162 5225 3384 5276 demum
3415 5215 3505 5269 Dei

1937 5332 2128 5395 Jacob,
2150 5336 2205 5386 et
2234 5325 2456 5383 docebit
2481 5339 2584 5379 nos
2606 5323 2727 5377 vias
2754 5333 2907 5384 suas,
2936 5323 2991 5373 et
3024 5312 3425 5370 ambulabimus
3451 5308 3504 5362 in

1939 5423 2157 5482 semitis
2201 5420 2344 5490 ejus.
2388 5417 2531 5484 Quia
2552 5416 2621 5471 de
2648 5414 2779 5470 Sion
2818 5411 2988 5469 exibit
3020 5411 3129 5473 lex,
3177 5415 3231 5463 et
3279 5403 3502 5461 verbum

1941 5514 2156 5571 Domini
2197 5512 2265 5567 de
2301 5510 2627 5566 Jerusalem.
2661 5506 2728 5562 Et
2783 5503 3055 5576 judicabit
3084 5496 3295 5572 gentes,
3320 5504 3375 5553 et
3404 5506 3501 5551 ar-

1937 5619 2064 5682 guet
2095 5608 2325 5680 populos
2357 5605 2560 5661 multos
2605 5622 2619 5660 :
2668 5613 2723 5659 et
2770 5598 3088 5655 conﬂabunt
3120 5592 3333 5682 gladios
3376 5580 3502 5682 suos

1939 5678 1994 5755 in
2023 5678 2293 5762 vomeres,
2324 5702 2380 5752 et
2410 5696 2635 5749 lanceas
2657 5706 2787 5748 suas
2820 5690 2873 5744 in
2905 5687 3073 5744 falces
3102 5705 3117 5741 :
3156 5699 3265 5740 non
3308 5678 3501 5737 levabit

1938 5806 2074 5864 gens
2115 5796 2306 5846 contra
2354 5795 2573 5862 gentem
2621 5784 2889 5857 gladium,
2937 5794 3039 5836 nec
3105 5774 3504 5835 exercehuntm

3138 5867 3222 5928 38
