3926 6260
472 321 608 375 H95

1124 321 1392 376 EUSEBll
1427 321 1906 380 CAESARlENSlS
1943 324 2093 381 OPP.
2136 325 2319 382 PARS
2358 326 2528 383 "1.—
2565 325 2974 383 EXEGETICA.

3523 335 3634 391 “96

471 443 614 496 ultra
639 441 704 496 ad
747 439 990 509 praelium
1016 439 1053 492 ¹.
1093 456 1112 490 ι
1161 439 1461 496 Ostendant
1488 444 1666 508 nobis,
1708 445 1799 514 qui
1830 445 1897 500 de
1927 447 2008 500 cir

2134 450 2212 510 εἰς
2244 446 2469 518 ἄροτρα,
2504 447 2597 499 καὶ
2631 446 2728 510 τὰς
2755 445 2973 511 ζιὸῦνας
2993 445 3170 500 αὐτῶν
3193 446 3272 509 εἰς
3295 446 3540 518 δρέπαιι·
3568 452 3643 504 καὶ

469 533 802 589 cumcisione
833 531 1222 603 glorificantur,
1251 549 1498 604 quamam
1533 544 1586 591 et
1619 539 1760 592 unde
1812 540 1882 594 sit
1942 540 2024 594 lex

470 629 584 693 illa,
605 637 658 681 et
688 628 887 698 quibus
915 628 1090 683 danda
1115 629 1206 694 sit,
1238 644 1360 699 quae
1390 628 1456 683 de
1491 627 1623 683 Sion
1648 631 1858 685 exitura
1893 647 2032 701 prae-

467 719 688 773 dicitur.
731 738 750 771 ‹
788 718 862 774 De
915 718 1045 773 Sion
1075 721 1242 783 enim,
1283 721 1378 785 ait,
1431 721 1600 775 exibit
1646 721 1753 786 lex,
1797 742 1814 773 ι
1850 723 2030 778 diver-

467 825 580 864 sam
617 809 731 864 fore
763 811 831 866 ab
883 811 974 865 illa
1020 812 1354 881 significans,
1396 829 1514 882 quae
1560 831 1654 884 per
1702 815 1938 888 Moysem
1974 819 2028 872 in

464 903 684 958 deserto
737 904 864 958 data
917 913 1023 959 est.
1074 903 1344 970 Quidnam
1389 918 1442 961 et
1494 907 1706 962 Domini
1763 909 2024 974 Verbum,

464 993 631 1062 quod,
674 995 829 1065 juxta
881 997 1242 1067 prophetiam,
1300 1013 1408 1052 non
1457 998 1570 1066 jam
1623 1000 1678 1053 in
1725 999 2026 1057 Jerusalem

463 1088 826 1153 permanebit,
865 1088 958 1143 Sed
983 1090 1050 1143 de
1085 1087 1213 1144 Sion
1246 1105 1594 1160 egressurum
1621 1101 1725 1157 est,
1759 1102 1922 1164 atque
1959 1093 2025 1147 ad

463 1187 648 1249 gentes
670 1193 1161 1251 transgressurum,
1196 1191 1254 1236 ut
1277 1183 1485 1252 judicet
1526 1195 1712 1256 gentes
1740 1193 1793 1241 et
1835 1197 2028 1258 arguat

464 1271 692 1340 populos
751 1274 974 1335 multos,
1028 1275 1246 1343 quando
1304 1291 1515 1330 summa
1580 1293 1714 1348 pace
1768 1281 2021 1348 gentibus

467 1361 641 1418 Verbo
688 1363 899 1419 Domini
937 1365 1247 1433 judicandis
1283 1368 1448 1433 facta,
1482 1371 1814 1440 mutatisque
1857 1371 1927 1425 ab
1955 1371 2024 1428 iis

462 1461 554 1528 qui
589 1459 642 1512 in
669 1465 800 1528 pate
831 1459 1117 1515 constituti
1149 1471 1309 1519 erunt
1327 1464 1589 1518 bellorum
1621 1465 2020 1527 instrumentis,

464 1560 674 1608 utentes
697 1553 764 1608 ad
800 1554 1032 1624 propriae
1058 1553 1252 1608 anima:
1282 1555 1552 1608 culturam
1591 1555 1832 1609 verterit.
1881 1554 2022 1621 Quid

461 1644 528 1698 ad
561 1645 671 1699 haec
703 1643 794 1699 isti
822 1645 1036 1714 possint
1076 1645 1406 1714 respondere
1449 1645 1657 1701 nescio.
1697 1644 1864 1700 Nobis
1893 1661 2022 1701 vero

461 1744 606 1790 recte
637 1735 690 1789 in
710 1733 892 1791 Jesum
925 1734 1203 1790 Christum
1232 1735 1321 1792 Dei
1352 1736 1724 1802 credentibus,
1758 1737 1915 1792 facile
1937 1745 2020 1791 est

2131 541 2189 592 οὖ
2216 540 2442 610 λήψεται
2481 539 2630 600 ἔθνος
2661 540 2746 592 ἐπ’
2780 539 2930 601 ἔθνος
2958 539 3250 610 μάχαιραν,
3278 539 3366 591 καὶ
3389 539 3443 591 οὐ
3473 540 3535 610 μὴ
3562 541 3642 610 μά-

2133 632 2295 685 θωσιν
2324 631 2402 684 ἔτι
2436 631 2707 700 πολεμεῖν.
2735 649 2750 681 ι
2780 629 3152 682 Δεικνύτωσαν
3183 632 3311 700 ἡμῖν
3337 629 3385 681 οἰ
3412 629 3499 700 τὴν
3517 647 3642 700 περι-

2130 723 2300 794 τομὴν
2325 721 2635 791 αὐχοῦντες,
2661 724 2744 784 τίς
2783 725 2811 774 6
2841 721 3003 790 νόμος
3030 721 3124 774 καὶ
3157 720 3410 783 ποταπὸς,
3442 721 3525 773 καὶ
3557 721 3642 775 τίσι

2129 814 2483 884 ὼθησόμενος
2504 816 2530 865 6
2557 817 2618 867 ὲκ
2641 814 2776 866 Σιὼν
2799 813 3169 877 ἐξελεύσεσθαι
3192 813 3639 883 προφητευόμενος·

2134 925 2152 957 ε
2203 907 2296 958 Ἐκ
2325 906 2430 978 γὰρ
2467 906 2622 968 Σιὼν,
2665 907 2849 978 φησιν,
2888 906 3226 972 ἐξελεύσεται
3253 906 3429 974 νόμος,
3455 925 3471 957 ι
3496 906 3644 975 ἕτερος

2127 996 2198 1050 ὢν
2212 997 2365 1068 δῆλον
2391 999 2471 1052 ὅτι
2501 999 2592 1051 τοῦ
2621 1001 2678 1051 ὲν
2703 1001 2767 1069 τῇ
2798 1000 2986 1070 ἐρήμῳ
3007 999 3094 1051 διὰ
3119 997 3390 1060 Μωῦσέως
3418 998 3564 1067 νόμου
3582 997 3647 1050 δε·

2125 1088 2346 1162 δομένου
2365 1110 2378 1123 °
2415 1091 2498 1154 τίς
2524 1089 2580 1144 δὲ
2606 1093 2699 1144 καὶ
2718 1093 2745 1144 6
2762 1091 2854 1144 τοῦ
2894 1093 3098 1161 Κυρίου
3130 1090 3306 1158 λόγος,
3339 1088 3521 1159 μηκέτι
3550 1088 3644 1158 μὲν,

2127 1183 2268 1235 κατά
2292 1183 2390 1253 τὴν
2419 1183 2772 1254 προφητείαν,
2799 1182 2974 1252 μένων
3005 1183 3063 1233 ἐν
3089 1179 3455 1252 Ἰερουσαλὴμ,
3485 1179 3580 1232 ἀλλ’
3600 1183 3649 1234 ὲκ

2127 1273 2262 1326 Σιὼν
2290 1275 2478 1344 αὐτῆς,
2530 1275 2624 1328 καλ⁴
2665 1274 3055 1345 μεθιστάμενος
3095 1273 3187 1326 ἐπὶ
3221 1273 3394 1326 πάντα
3425 1271 3488 1324 τὰ
3527 1271 3646 1342 ἔθνη,

2128 1365 2337 1436 μέλλων
2377 1383 2436 1418 τε
2471 1368 2676 1437 κρίνειν
2707 1367 2811 1420 ἀνὰ
2844 1366 3004 1436 μέσον
3032 1365 3257 1428 τούτων,
3281 1365 3372 1417 καὶ
3393 1353 3507 1416 λαὸν
3529 1364 3650 1432 ἐλέγ-

2123 1458 2332 1529 χει(ξει)
2369 1459 2565 1522 πολὺν,
2605 1460 2691 1512 ὅτε
2741 1459 2834 1512 καὶ
2879 1459 3100 1529 εἰρήνης
3138 1457 3438 1528 βαθυτάτης
3467 1458 3648 1524 ἐγγενο-

2127 1551 2293 1622 μένης
2316 1552 2428 1612 τοῖς
2456 1551 2591 1622 πρὸς
2605 1551 2698 1603 τοῦ
2729 1551 2902 1619 Λόγου
2929 1550 3023 1604 τοῦ
3051 1550 3254 1622 Κυρίου
3280 1547 3650 1618 κριθησομένοις

2123 1641 2320 1701 ἔθνεσι,
2369 1641 2762 1711 μεταϐαλόντες
2795 1643 2842 1694 οἰ
2892 1645 2989 1714 τῆς
3030 1643 3252 1713 εἰρήνης
3289 1639 3561 1709 ἠξιωμένοι
3599 1637 3650 1690 τὲ

2123 1733 2387 1805 πρότερον
2435 1733 2615 1787 αὐτῶν
2656 1734 2928 1805 πολεμικά
2957 1733 3124 1803 σκεύη
3149 1773 3164 1797 ,
3210 1733 3276 1803 τῇ
3309 1730 3512 1784 ἑαυτῶν
3538 1727 3653 1782 κατὰ

458 1841 672 1880 omnem
704 1828 995 1898 explanare
1038 1829 1401 1898 prOphetiam,
1447 1836 1500 1882 et
1531 1845 1654 1884 vere
1683 1829 1919 1883 divinam
1955 1843 2009 1883 ac

2120 1825 2218 1895 τὴν
2253 1823 2431 1895 ψυχὴν
2464 1826 2705 1897 γεωργία
2750 1826 3071 1897 προσέξουσι
3115 1825 3206 1878 τόν
3253 1824 3398 1878 νοῦν.
3436 1824 3653 1886 Ἐκείνοις

458 1933 684 1989 prorsus
713 1921 1091 1975 admirandam
1123 1922 1518 1984 demonstrare,
1546 1936 1671 1976 eum
1697 1929 1750 1974 et
1780 1937 1866 1976 res
1883 1937 2009 1991 prce-

2124 1915 2222 1986 μὲν
2253 1912 2345 1969 οὖν
2373 1916 2473 1969 οὐκ
2505 1915 2600 1970 οἶδ’
2624 1919 2676 1970 εἴ
2703 1917 2783 1981 τίς
2834 1919 2948 1971 ἐστι
2989 1918 3123 1988 πρὸς
3147 1916 3320 1970 ταῦτα
3350 1917 3498 1985 λόγος
3516 1919 3654 1988 ’ἡμῖν

457 2011 636 2068 dictas
691 2013 908 2067 eventu'
947 2011 1116 2068 fuisse
1153 2013 1539 2082 comprobatas
1603 2011 2016 2079 crediderimus,

457 2119 632 2174 neque
663 2119 692 2158 a
726 2120 856 2160 vero
903 2107 1178 2168 aberrare,
1236 2101 1643 2174 prophetiarum
1703 2114 1900 2160 eventu
1962 2107 2017 2161 in

459 2196 668 2251 incerta
699 2205 1003 2267 temporum
1036 2196 1211 2267 spatia
1247 2196 1532 2267 producto.
1591 2195 1834 2253 Dicimus
1871 2199 2015 2253 enim

457 2288 759 2342 Salvatoris
785 2289 956 2344 nostri
989 2286 1118 2342 Jesu
1150 2287 1352 2341 Christi
1389 2286 1786 2351 incarnatione,
1824 2302 2018 2358 corpo-

453 2381 640 2436 raliter
685 2381 752 2435 de
780 2379 909 2434 Sion
937 2380 1158 2445 cxiiSSe,
1188 2389 1240 2433 et
1270 2377 1396 2432 inde
1431 2378 1686 2432 omnibus
1719 2379 2014 2432 annuntia-

451 2483 562 2528 tatn
599 2489 719 2528 esse
753 2473 1006 2544 gentibus
1062 2471 1195 2526 Novi
1229 2471 1563 2527 Tcstamenti
1625 2470 1818 2540 legem,
1870 2470 2017 2525 scili-

448 2574 536 2621 cet
560 2566 714 2636 juxta
745 2564 1119 2637 Evangelium,
1153 2581 1276 2619 cum
1303 2573 1356 2618 et
1393 2563 1570 2633 ipsum
1607 2563 1846 2618 salutare
1873 2561 2010 2617 Ver-

453 2659 603 2722 bum,
643 2655 882 2712 Verbum
929 2657 1143 2713 Domini
1183 2657 1536 2728 appcllatum,
1593 2653 1660 2708 de
1711 2653 2013 2709 Jerusalem

449 2749 770 2819 procedens,
798 2749 979 2821 ibique
1007 2763 1356 2804 commorans
1387 2747 1630 2813 edocuit,
1657 2747 1816 2814 juxta
1840 2745 1972 2800 illud
1997 2765 2010 2799 :

450 2861 469 2892 ι
518 2841 662 2898 Ecce
684 2843 1030 2913 relinquetur
1059 2843 1214 2897 vobis
1242 2841 1437 2896 domus
1467 2849 1649 2894 vestra
1684 2839 1901 2894 deserta
1925 2839 1965 2890 ¹.
1989 2859 2007 2890 ι

443 2965 512 2974 -
541 2953 561 2987 ι
604 2931 666 2991 In
704 2950 896 2990 omnes
949 2944 1136 3005 gentes
1187 2933 1360 2990 effusa
1393 2941 1476 2989 est
1506 2933 1679 3004 ipsius
1705 2931 1879 3001 gratia
1907 2931 1946 2984 ³.
1988 2949 2006 2981 ι

444 3025 576 3093 Quae
604 3037 657 3082 et
686 3028 755 3082 ab
787 3043 852 3082 eo
876 3027 1152 3096 judicataa,
1181 3025 1527 3096 exprobratis
1562 3023 1840 3096 prioribus
1865 3022 2007 3093 ipsa-

443 3135 564 3173 rum
600 3120 862 3190 peccatis,
900 3129 954 3174 et
982 3118 1048 3172 ad
1078 3118 1480 3174 confessionem
1521 3128 1576 3171 et
1629 3115 2007 3188 pcenitentiam

442 3209 846 3280 confugientes.
873 3211 1072 3265 licitum
1109 3210 1374 3267 adversus
1405 3209 1735 3280 cupiditates
1761 3223 1892 3265 suas
1926 3207 2006 3261 fa-
2035 3239 2078 3298 ϐ

442 3317 568 3357 cere
595 3303 868 3368 desinent,
906 3303 961 3358 in
996 3301 1426 3374 profundissima
1466 3303 1661 3357 anima:
1694 3317 1828 3372 pace
1852 3300 2007 3356 dein-

439 3408 569 3465 ceps
598 3393 804 3457 vivent,
847 3394 1049 3447 mentis
1086 3407 1198 3447 sua:
1231 3392 1502 3446 culturam
1529 3399 1583 3444 et
1628 3387 2007 3443 fructificatio-

441 3501 562 3541 nem
591 3485 936 3542 solummodo
962 3493 1240 3541 curantes.
1282 3483 1413 3550 Quae
1445 3484 1488 3540 si
1521 3483 1644 3554 quis
1680 3483 1747 3536 ad
1770 3483 2005 3537 litteram

439 3577 691 3649 accipere
713 3577 862 3641 velit,
898 3577 1148 3633 sincerus
1179 3593 1374 3632 sensus
1404 3576 1510 3631 erit
1535 3594 1549 3643 ;
1600 3576 1686 3630 vel
1717 3574 1765 3630 si
1792 3574 1860 3628 ad
1895 3573 2008 3644 spi-

437 3668 605 3722 ritum
641 3676 873 3736 spectes,
925 3667 1095 3721 multo
1156 3667 1434 3722 intellectu
1486 3664 1721 3720 facilior.
1775 3663 1910 3718 Cum
1952 3673 2007 3717 et

439 3766 570 3813 ante
610 3757 795 3812 omnia
829 3758 1247 3828 praasertimque
1278 3757 1382 3811 hoc
1422 3757 1479 3810 in
1515 3757 1637 3811 loco
1669 3754 2006 3812 credendum

441 3848 514 3902 sit
545 3849 752 3904 exitum
781 3848 1044 3904 habuisse
1069 3863 1192 3918 quae
1219 3848 1311 3904 hic
1340 3858 1747 3916 memorantur;
1788 3864 2004 3903 verum-

351 3981 365 3994 .
437 3948 622 3995 tamen
651 3941 721 3996 iis
746 3955 867 4011 quae
917 3941 1066 3996 dicta
1099 3949 1249 4005 sunt,
1305 3939 1464 3996 facile
1505 3951 1737 4011 possunt
1780 3940 2004 4010 intelligi

437 4034 613 4102 prima
645 4031 811 4101 hujus
838 4031 944 4085 loci
975 4031 1167 4096 verba,
1211 4052 1230 4083 ι
1281 4032 1334 4086 ἱη
1367 4033 1688 4087 novissimis
1721 4032 1946 4098 diebus;
1981 4050 1999 4081 ›

435 4124 638 4194 quippe
660 4131 911 4194 apertum
937 4123 1192 4193 estquod
1218 4124 1272 4178 in
1300 4126 1629 4179 saeculorum
1663 4140 2008 4179 consumma-

433 4217 583 4272 tione
611 4214 935 4271 manifestus
954 4215 1129 4271 factus
1159 4229 1240 4270 est
1257 4235 1276 4268 ι
1299 4232 1456 4271 mons
1479 4236 1496 4267 ›
1518 4217 1783 4287 spiritalis
1809 4237 1826 4268 ι
1851 4216 1966 4281 Dei,
1983 4236 2000 4266 ι

433 4309 490 4362 id
519 4316 626 4372 est,
657 4309 900 4364 divinum
960 4324 1026 4364 ac
1071 4308 1299 4364 cmleste
1332 4308 1610 4377 Verbum;
1644 4311 1876 4380 ejusque
1907 4313 2005 4366 do-

433 4417 558 4456 mus
588 4399 835 4456 Ecclesia
864 4401 920 4456 in
958 4403 1328 4472 apostolorum
1359 4411 1413 4459 et
1446 4404 1833 4474 prophetarum
1875 4404 1994 4458 fun-

435 4491 690 4548 damento
734 4491 1021 4558 aedificata,
1082 4502 1137 4549 et
1197 4493 1320 4550 ideo
1375 4495 1428 4573 in
1482 4496 1692 4550 vertice
1734 4497 1999 4550 montium

2119 2023 2182 2075 γε
2221 2008 2326 2078 μὴν
2357 2007 2523 2075 ὑγιῶς
2553 2009 2631 2072 εἰς
2663 2009 2868 2078 Ἰησοῦν
2899 2010 2993 2064 τὸν
3027 2009 3260 2080 Χριστὸν
3306 2008 3399 2062 τοῦ
3427 2008 3551 2061 Θεοῦ
3576 2025 3655 2060 πε·

2121 2100 2435 2153 πιστευκόσι
2460 2101 2654 2172 ῥᾳδίως
2683 2103 2856 2154 ἔνεστι
2879 2103 3058 2156 πᾶσαν
3089 2101 3404 2172 ὲξομαλίσαι
3429 2101 3520 2172 τῆν
3549 2110 3655 2171 προ-

2120 2191 2366 2263 φητείαν,
2399 2192 2546 2246 θείαν
2589 2211 2649 2246 τε
2679 2194 2752 2257 ὡς
2793 2194 3006 2264 ἀληθῶς
3049 2196 3141 2248 καὶ
3188 2195 3485 2266 παράδοξον
3517 2191 3656 2264 αὐτὴν

2119 2283 2509 2351 ἐπιδεικνύναι,
2541 2285 2617 2356 τῷ
2647 2287 2740 2338 καὶ
2781 2286 2934 2350 τέλος
2959 2287 3249 2359 ἐσχηκέναι
3280 2287 3350 2340 τὰ
3383 2303 3654 2358 προφητευ-

2119 2375 2277 2428 θέντα
2305 2375 2598 2441 πιστεύειν,
2635 2378 2726 2430 καὶ
2756 2377 2830 2449 μὴ
2862 2378 2960 2449 τῆς
2987 2377 3244 2449 ἀληθείας
3270 2378 3567 2441 ἐκπίπτειν,
3594 2379 3656 2440 είς

2118 2469 2547 2539 ἀτερματίστους
2576 2469 3034 2541 ὑπερτιθεμένους
3079 2471 3305 2540 χρόνους
3345 2470 3451 2523 τῶν
3480 2487 3655 2541 προφη-

2117 2559 2278 2613 τειῶν
2313 2559 2381 2612 τά
2418 2560 2850 2631 ἀποτελέσματα.
2885 2561 3068 2631 Φαμὲν
3112 2560 3220 2632 γὰρ
3269 2561 3336 2633 δὴ
3374 2561 3464 2614 ἐπὶ
3500 2564 3559 2631 τῇ
3582 2559 3658 2612 τοῦ

2119 2651 2370 2722 Σωτῆρος
2394 2655 2426 2723 ἡ
2437 2652 2552 2722 μῶν
2592 2652 2764 2724 Ἰησοῦ
2801 2652 3036 2724 Χριστοῦ
3075 2653 3352 2724 παρουσία
3382 2655 3472 2708 καὶ
3503 2669 3658 2723 σωμα-

2115 2743 2281 2807 τικῶς
2307 2746 2370 2797 ὲκ
2407 2743 2545 2798 Σιὼν
2574 2745 2971 2816 ἐξεληλυθέναι,
3011 2746 3266 2800 κάκεῖθεν
3304 2748 3467 2799 πᾶσιν
3493 2746 3655 2798 ἀνακε-

2116 2837 2384 2909 κηρύχθαι
2413 2841 2525 2902 τοῖς
2559 2838 2755 2904 ἔθνεσι,
2787 2838 2879 2892 τὸν
2907 2840 3070 2908 νόμον
3101 2839 3202 2909 τῆς
3246 2840 3456 2909 Καινῆς
3494 2837 3656 2906 Διαθή-

2115 2946 2234 2998 κης,
2261 2929 2352 2981 τὸν
2385 2929 2524 2983 κατὰ
2546 2931 2606 2983 τὸ
2640 2931 2988 2999 Εὑαγγέλιον,
3022 2931 3109 2984 ὅτε
3138 2932 3228 2984 καὶ
3257 2932 3424 2994 αὐτὸς
3453 2933 3480 2984 6
3517 2930 3659 3000 σωτή-

2118 3031 2227 3092 ριος
2277 3023 2465 3091 Λόγος,
2499 3024 2669 3092 Λόγος
2701 3015 2795 3076 τοῦ
2846 3024 3049 3095 Κυρίου
3089 3024 3466 3094 χρηματίζων,
3496 3025 3553 3075 ἐκ
3579 3023 3657 3092 τῆς

2125 3115 2479 3187 Ἰερουσαλὴμ
2508 3115 2824 3186 προελθὼν,
2883 3115 3011 3169 ἔνθα
3059 3116 3358 3188 διατρίϐων
3421 3115 3656 3174 ἐδίδασκε,

2111 3207 2252 3261 κατά
2273 3208 2352 3273 τὸ,
2377 3227 2394 3260 ι
2427 3209 2555 3263 Ἰδοὺ
2603 3209 2818 3278 ἀφίεται
2851 3209 3024 3278 ὑμῖνό
3055 3207 3201 3272 οἶκος
3227 3209 3255 3261 ὑ
3265 3209 3386 3279 μῶν
3411 3207 3596 3279 ἕρημος
3615 3222 3653 3256 Ἰ

2119 3317 2138 3351 t
2163 3300 2287 3353 Ἐπὶ
2316 3301 2493 3354 πάντα
2521 3301 2588 3356 τὰ
2614 3301 2739 3374 ἔθνη
2767 3302 2946 3372 ἐξέχεε
2965 3301 3062 3372 τὴν
3080 3301 3274 3355 ἑαυτοῦ
3308 3303 3523 3372 χάριν·›
3541 3299 3658 3352 aut

2110 3395 2405 3465 κρινόμενα
2440 3395 2575 3465 πρὸς
2613 3395 2777 3448 αὐτοῦ
2817 3394 2911 3447 καὶ⁹
2963 3393 3297 3464 ἐλεγχόμενα
3343 3393 3433 3446 ὲπί
3481 3409 3535 3445 τε
3560 3391 3658 3452 ταῖς

2109 3486 2402 3560 προτέραις
2462 3486 2668 3540 ἑαυτῶν
2702 3486 3027 3557 ἁμαρτίαις,
3083 3488 3162 3549 εἰς
3205 3485 3549 3556 συναίσθησιν
3585 3483 3658 3534 καὶ

2111 3580 2396 3650 μετάνοιαν
2455 3578 2757 3650 ἐρχόμενα,
2806 3578 3078 3630 πέπαυται
3135 3578 3234 3650 μὲν
3293 3577 3388 3630 τοῦ
3435 3576 3657 3646 πολέμοις

2107 3674 2218 3736 τοῖς
2251 3671 2392 3724 κατὰ
2418 3671 2487 3725 τὰ
2530 3670 2676 3742 πάθη
2721 3669 3039 3742 σχολάζειν,
3080 3671 3138 3722 ἐν
3176 3671 3371 3742 εἰρήνῃ
3415 3670 3469 3722 δὲ
3511 3666 3656 3737 ψυχῆς

2104 3762 2276 3832 διάγει
2307 3761 2600 3834 βαθυτάτῃ,
2636 3763 2734 3832 τῆς
2777 3761 2924 3830 σφῶν
2969 3761 3151 3817 αὐτῶν
3204 3762 3448 3826 διανοίας
3491 3763 3656 3830 ἐπιμε-

2105 3853 2343 3923 λούμενα
2406 3853 2681 3924 γεωργίας
2726 3869 2786 3905 τε
2852 3853 2947 3905 καὶ
3012 3853 3413 3924 καρποφορίας.
3458 3853 3571 3906 Εἴτε
3612 3850 3656 3901 δὲ

2107 3944 2248 3999 κατὰ
2275 3943 2372 4015 τὴν
2394 3943 2537 4010 λέξιν
2567 3943 2808 4014 βούλοιτό
2831 3961 2914 4006 τις
2935 3943 3083 3996 ταῦτ’
3112 3942 3496 4014 ἐκλαμϐάνειν,
3523 3941 3654 4009 ὑγιὴς

2105 4038 2132 4090 ὁ
2163 4037 2286 4100 νοῦς
2313 4037 2653 4090 ἀποδίδοται·
2692 4035 2802 4089 εἴτε
2842 4035 2982 4090 κατά
3011 4035 3274 4098 διάνοιαν,
3312 4035 3488 4104 πολλῷ
3517 4036 3650 4105 ῥᾷον⁸

2106 4129 2231 4181 ἐπεὶ
2275 4130 2370 4182 καὶ
2411 4128 2836 4201 προηγουμένως
2890 4127 2985 4181 καὶ
3043 4128 3240 4200 μᾶλλον
3297 4127 3439 4180 κατὰ
3481 4123 3653 4193 ταύτην

2105 4221 2395 4274 πεπεῖσθαι
2429 4222 2535 4293 χρὴ
2579 4220 2646 4275 τὰ
2691 4220 2830 4274 κατά
2870 4221 2997 4284 τοὺς
3042 4221 3242 4282 τόπους
3275 4219 3388 4272 ἀπὸ
3418 4217 3522 4272 τῶν
3547 4213 3649 4284 (sic)

2105 4313 2550 4386 ἀποπληροῦσθαι
2623 4313 2764 4385 πλὴν
2803 4313 2910 4368 ἀπὸ
2945 4311 3054 4366 τῶν
3081 4311 3392 4384 εἰρημένων
3429 4305 3652 4364 δύνανταί

2105 4424 2222 4470 πως
2249 4405 2385 4459 εἷναι
2414 4407 2558 4477 σαφῆ
2585 4406 2680 4460 καὶ
2712 4406 2779 4459 τὰ
2811 4406 2951 4462 κατὰ
2978 4406 3074 4478 τὴν
3103 4406 3279 4478 ἀρχὴν
3311 4407 3412 4477 τῆς
3440 4408 3496 4459 ὲν
3521 4403 3652 4475 χερσί

2106 4499 2409 4570 περικοπῆς
2425 4515 2439 4530 ο
2460 4500 2579 4551 (ὲν)
2601 4499 2708 4571 γὰρ
2735 4518 2754 4550 ι
2779 4501 2900 4563 ταῖς
2928 4499 3183 4570 ἐσχάταις
3207 4498 3493 4569 ήμέραις,›
3519 4495 3652 4565 δῆλον

433 4585 745 4654 pratdicata.
779 4583 844 4637 Et
886 4585 1002 4640 haec
1048 4585 1267 4656 quidem
1323 4586 1611 4642 manifesta
1661 4587 1804 4641 facta
1847 4596 1997 4654 sunt,

2113 4589 2146 4642 Β*
2181 4591 2260 4643 ὅτι
2288 4589 2383 4644 νῦν
2416 4590 2508 4643 ἐπὶ
2535 4590 2814 4662 συντελείᾳ
2837 4589 2944 4644 τῶν
2977 4588 3210 4653 αἰώνων,
3247 4588 3489 4661 ἐμφανὲς
3517 4583 3648 4655 γεγέ-

431 4685 556 4747 post
596 4676 910 4732 circumcisi
954 4678 1140 4748 p0puli
1190 4680 1655 4749 reprobationem,
1687 4689 1812 4750 post
1848 4681 2000 4734 abia-

429 4779 546 4826 tum
606 4771 674 4825 ab
730 4786 795 4826 eo
854 4786 1083 4843 regnum
1141 4771 1428 4836 caelorum,
1499 4771 1718 4842 quando
1778 4772 1998 4841 impleta

432 4873 561 4920 sunt
619 4865 789 4920 relata
841 4879 1008 4936 supra
1065 4866 1208 4918 hanc
1264 4863 1608 4935 prophetiam
1669 4864 1856 4928 verba,
1907 4863 1998 4917 ubi

428 4957 637 5012 dictum
684 4964 768 5012 est
821 4976 833 5011 :
893 4975 912 5008 ι
972 4956 1040 5011 Et
1091 4956 1505 5025 derelinquetur
1561 4954 1670 5009 filia
1727 4955 1884 5020 Sion,
1939 4962 1998 5008 ut

427 5051 810 5106 umbraculum
852 5049 906 5104 in
951 5049 1129 5113 vinea,
1174 5056 1229 5103 et
1271 5048 1420 5103 sicut
1471 5048 1748 5120 tugurium
1792 5048 1846 5102 in
1897 5064 1998 5102 cu-

428 5142 760 5204 cumerario,
819 5146 873 5195 et
929 5139 1072 5195 sicut
1131 5138 1328 5196 civitas
1389 5154 1510 5211 qua!
1570 5147 1817 5196 vastatur
1867 5148 1909 5195 ι.
1973 5159 1991 5192 ι

429 5231 494 5285 Et
539 5233 760 5303 quando
807 5233 1090 5308 impletum
1144 5241 1229 5288 est
1292 5233 1430 5287 illud
1478 5253 1491 5288 :
1549 5252 1567 5286 ε
1621 5233 1819 5290 Audite
1878 5249 2002 5289 ver»

425 5322 553 5379 bum
627 5324 900 5391 Domini,
979 5325 1252 5397 principes
1337 5324 1734 5392 Sodomorum;
1812 5327 1991 5396 perci-

425 5416 535 5484 pite
601 5420 827 5475 auribus
901 5420 1074 5490 icgem
1143 5417 1237 5473 Dei
1306 5419 1522 5482 nostri,
1597 5420 1830 5489 populus
1892 5416 1994 5472 Go-

424 5507 677 5563 morrhae.
723 5508 842 5575 Quo
889 5511 1020 5564 mihi
1074 5509 1475 5564 multitudinem
1515 5512 1860 5566 victimarum
1899 5526 1994 5565 ve-

423 5604 680 5660 strarum,
725 5600 858 5655 dicit
899 5599 1200 5658 Dominus?
1229 5623 1247 5656 ›
1275 5613 1330 5660 et
1367 5605 1612 5674 reliqua;
1659 5604 1862 5674 quibus
1892 5603 1990 5657 ad-

2098 4698 2253 4751 νηται
2302 4681 2363 4734 τὸ
2409 4700 2427 4732 t
2484 4682 2634 4754 ὅρος,
2661 4701 2681 4733 ι
2728 4681 2790 4734 τὸ
2841 4681 3206 4752 πνευματικὸν
3245 4699 3263 4732 t
3312 4679 3406 4732 τοῦ
3446 4675 3596 4738 Θεοῦ,
3627 4692 3645 4725 ι

2096 4772 2372 4826 τουτέστιν
2403 4774 2431 4826 6
2463 4771 2605 4836 θεῖος
2631 4773 2725 4826 καὶ
2763 4773 3010 4845 οὐράνιος
3041 4772 3215 4841 Λόγος
3237 4789 3250 4801 ’
3276 4771 3374 4825 καὶ
3405 4773 3434 4825 6
3457 4765 3646 4831 οἶκοςδὲ

2096 4864 2258 4917 αὑτοῦ
2299 4866 2332 4935 ἡ
2371 4865 2664 4936 Ἐκκλησία
2695 4865 3160 4936 ὲπῳκοδομημένη
3205 4866 3296 4918 ἐπὶ
3328 4863 3408 4935 τῷ
3445 4857 3646 4933 θεμελίῳ

2096 4955 2204 5009 τῶν
2223 4957 2535 5011 ἀποστόλων
2568 4958 2661 5012 καὶ
2690 4957 3008 5030 προφητῶν,
3042 4958 3137 5010 καὶ
3165 4957 3252 5010 διὰ
3297 4957 3459 5011 τοῦτο
3487 4953 3644 5008 ἐπάνω

2097 5048 2371 5105 εἶναιτῶν
2416 5052 2587 5124 ὀρέων
2635 5052 2920 5124 λεγομένη.
2968 5051 3078 5104 Καὶ
3126 5051 3300 5104 ταῦτά
3343 5067 3407 5119 γε
3454 5042 3677 5118 ἐμφανῆι

2094 5145 2283 5213 γέγονε
2319 5143 2457 5214 μετά
2504 5145 2602 5215 τὴν
2633 5144 2903 5215 ἀποϐολὴν
2947 5141 3039 5196 τοῦ
3076 5143 3143 5196 ὲκ
3185 5140 3486 5212 περιτομῆς
3509 5133 3639 5194 λαοῦ,

2096 5237 2190 5289 καὶ
2225 5236 2366 5307 μετά
2413 5236 2473 5289 τὸ
2506 5235 2738 5306 ἀρθῆναι
2772 5236 2864 5289 ἀπ’
2904 5233 3069 5287 αὑτοῦ
3107 5235 3205 5304 τὴν
3247 5230 3516 5302 βασιλείαν
3553 5224 3642 5279 τῶν

2096 5328 2361 5401 οὐρανῶν,
2395 5329 2482 5382 ὅτε
2509 5329 2683 5400 πέρας
2713 5327 2999 5404 εἰλήφασιν
3032 5327 3087 5378 αἱ
3115 5325 3369 5395 ἀνωτέρω
3391 5325 3486 5393 τῆς
3509 5323 3639 5373 ἐκτε-

2096 5421 2278 5492 θείσης
2306 5423 2639 5494 προφητείας
2668 5413 2861 5490 φωνάι,
2894 5419 2958 5472 δι’
2988 5411 3062 5472 ὧν
3087 5416 3296 5489 εἴρηται
3317 5415 3397 5481 τὸ,
3424 5433 3442 5464 ι
3472 5413 3639 5478 Ἐγκαο

2095 5510 2513 5582 ταλειφθήσεται
2560 5513 2593 5581 ἡ
2637 5509 2881 5579 θυγάτηρ
2928 5505 3099 5570 Σιὼν,
3137 5506 3212 5568 ὼς
3245 5503 3420 5576 σκηνὴ
3465 5504 3518 5553 ὲν
3553 5499 3638 5567 ἀμ·

2097 5603 2332 5670 πελῶνι,
2370 5603 2464 5657 καὶ
2499 5603 2575 5666 ὡς
2601 5600 3047 5672 ὀπωροφυλάκιον
3090 5601 3146 5653 έν
3187 5595 3520 5668 σικυηλὰτῳ,
3556 5585 3634 5641 καὶ

532 5772 547 5802 ¹
569 5772 671 5827 lea.
707 5790 771 5843 tt,
804 5773 912 5830 1-4.
988 5780 1008 5811 ²
1041 5778 1228 5833 Matth.
1269 5795 1426 5847 xxnt,
1454 5781 1542 5836 38.
1621 5782 1640 5813 ³
1663 5782 1782 5837 Act.
1817 5799 1870 5849 x,
1900 5782 1990 5837 45.

2113 5779 2215 5836 lsa.
2249 5795 2286 5847 ι,
2318 5779 2372 5835 8.
