  <div class='ocr_page' id='page_1' title='image "/cluster/home/n/w/nwhite01/storage/ocr_20150623/22/mdp.39015078384388/616.png"; bbox 0 0 3926 6260; ppageno 0'>
   <div class='ocr_carea' id='block_1_1' title="bbox 292 366 425 430">
    <p class='ocr_par' dir='ltr' id='par_1_1' title="bbox 292 366 425 430">
     <span class='ocr_line' id='line_1_1' title="bbox 292 366 425 430; baseline -0.015 0"><span class='ocrx_word' id='word_1_1' title='bbox 292 366 425 430; x_wconf 77' lang='grc'>1197</span> 
     </span>
    </p>
   </div>
   <div class='ocr_carea' id='block_1_2' title="bbox 1317 371 2534 432">
    <p class='ocr_par' dir='ltr' id='par_1_2' title="bbox 1317 371 2534 432">
     <span class='ocr_line' id='line_1_2' title="bbox 1317 371 2534 432; baseline 0 -2"><span class='ocrx_word' id='word_1_2' title='bbox 1317 371 1613 432; x_wconf 58' lang='lat' dir='ltr'>ECLOGA?</span> <span class='ocrx_word' id='word_1_3' title='bbox 1652 371 2136 428; x_wconf 69' lang='lat' dir='ltr'>PROPHETICE.</span> <span class='ocrx_word' id='word_1_4' title='bbox 2168 402 2241 413; x_wconf 89' lang='lat'><strong>—</strong></span> <span class='ocrx_word' id='word_1_5' title='bbox 2272 371 2401 431; x_wconf 85' lang='lat' dir='ltr'>LIB.</span> <span class='ocrx_word' id='word_1_6' title='bbox 2441 373 2534 431; x_wconf 83' lang='lat' dir='ltr'><strong>IV.</strong></span> 
     </span>
    </p>
   </div>
   <div class='ocr_carea' id='block_1_3' title="bbox 3395 373 3532 442">
    <p class='ocr_par' dir='ltr' id='par_1_3' title="bbox 3395 373 3532 442">
     <span class='ocr_line' id='line_1_3' title="bbox 3395 373 3532 442; baseline 0.029 -4"><span class='ocrx_word' id='word_1_7' title='bbox 3395 373 3532 442; x_wconf 72' lang='lat' dir='ltr'>H98</span> 
     </span>
    </p>
   </div>
   <div class='ocr_carea' id='block_1_4' title="bbox 287 492 1833 571">
    <p class='ocr_par' dir='ltr' id='par_1_4' title="bbox 287 493 1833 571">
     <span class='ocr_line' id='line_1_4' title="bbox 287 493 1833 571; baseline 0.001 -23"><span class='ocrx_word' id='word_1_8' title='bbox 287 495 361 560; x_wconf 75' lang='grc' dir='ltr'>ὥς</span> <span class='ocrx_word' id='word_1_9' title='bbox 398 493 550 559; x_wconf 83' lang='grc' dir='ltr'>πόλις</span> <span class='ocrx_word' id='word_1_10' title='bbox 566 495 1026 569; x_wconf 78' lang='grc' dir='ltr'>πολιορκουμένη·</span> <span class='ocrx_word' id='word_1_11' title='bbox 1052 516 1071 549; x_wconf 72' lang='grc' dir='ltr'>ι</span> <span class='ocrx_word' id='word_1_12' title='bbox 1105 497 1201 552; x_wconf 70' lang='grc' dir='ltr'>καὶ</span> <span class='ocrx_word' id='word_1_13' title='bbox 1234 499 1323 552; x_wconf 83' lang='grc' dir='ltr'>ὅτε</span> <span class='ocrx_word' id='word_1_14' title='bbox 1368 497 1726 571; x_wconf 82' lang='grc' dir='ltr'>πεπλήρωται</span> <span class='ocrx_word' id='word_1_15' title='bbox 1773 496 1833 550; x_wconf 81' lang='grc' dir='ltr'>τὸ</span> 
     </span>
    </p>
   </div>
   <div class='ocr_carea' id='block_1_5' title="bbox 1931 492 3533 571">
    <p class='ocr_par' dir='ltr' id='par_1_5' title="bbox 1959 492 3533 565">
     <span class='ocr_line' id='line_1_5' title="bbox 1959 492 3533 565; baseline 0.009 -16"><span class='ocrx_word' id='word_1_16' title='bbox 1959 493 2038 549; x_wconf 91' lang='lat' dir='ltr'>dit</span> <span class='ocrx_word' id='word_1_17' title='bbox 2078 514 2091 549; x_wconf 90' lang='lat'>:</span> <span class='ocrx_word' id='word_1_18' title='bbox 2134 514 2152 546; x_wconf 77' lang='grc' dir='ltr'>ι</span> <span class='ocrx_word' id='word_1_19' title='bbox 2182 492 2531 552; x_wconf 78' lang='lat' dir='ltr'><strong>Nedmeniam</strong></span> <span class='ocrx_word' id='word_1_20' title='bbox 2592 505 2646 552; x_wconf 86' lang='lat' dir='ltr'><strong>et</strong></span> <span class='ocrx_word' id='word_1_21' title='bbox 2720 498 3048 565; x_wconf 89' lang='lat' dir='ltr'><strong>Sabbatum,</strong></span> <span class='ocrx_word' id='word_1_22' title='bbox 3106 507 3162 557; x_wconf 72' lang='grc' dir='ltr'>ει</span> <span class='ocrx_word' id='word_1_23' title='bbox 3206 500 3533 563; x_wconf 76' lang='lat' dir='ltr'>festivitates</span> 
     </span>
    </p>
   </div>
   <div class='ocr_carea' id='block_1_6' title="bbox 290 587 1856 662">
    <p class='ocr_par' dir='ltr' id='par_1_6' title="bbox 290 587 1856 662">
     <span class='ocr_line' id='line_1_6' title="bbox 290 587 1856 662; baseline 0.001 -21"><span class='ocrx_word' id='word_1_24' title='bbox 290 607 313 641; x_wconf 73' lang='grc' dir='ltr'>ι</span> <span class='ocrx_word' id='word_1_25' title='bbox 333 587 620 643; x_wconf 78' lang='grc' dir='ltr'>’Δκούσατε</span> <span class='ocrx_word' id='word_1_26' title='bbox 653 589 828 658; x_wconf 90' lang='grc' dir='ltr'>λόγων</span> <span class='ocrx_word' id='word_1_27' title='bbox 854 589 1080 662; x_wconf 80' lang='grc' dir='ltr'>Κυρίου,</span> <span class='ocrx_word' id='word_1_28' title='bbox 1108 591 1366 662; x_wconf 77' lang='grc' dir='ltr'>ἄρχοντες</span> <span class='ocrx_word' id='word_1_29' title='bbox 1385 590 1653 662; x_wconf 79' lang='grc' dir='ltr'>Σοδόμων·</span> <span class='ocrx_word' id='word_1_30' title='bbox 1685 594 1856 662; x_wconf 59' lang='lat' dir='ltr'><strong>etpedi-</strong></span> 
     </span>
    </p>
   </div>
   <div class='ocr_carea' id='block_1_7' title="bbox 284 677 1858 755">
    <p class='ocr_par' dir='ltr' id='par_1_7' title="bbox 284 677 1858 755">
     <span class='ocr_line' id='line_1_7' title="bbox 284 677 1858 755; baseline 0.001 -21"><span class='ocrx_word' id='word_1_31' title='bbox 284 677 434 751; x_wconf 76' lang='grc' dir='ltr'>ἐχετε</span> <span class='ocrx_word' id='word_1_32' title='bbox 462 680 623 751; x_wconf 87' lang='grc' dir='ltr'>νόμον</span> <span class='ocrx_word' id='word_1_33' title='bbox 649 680 807 745; x_wconf 97' lang='grc' dir='ltr'>Θεοῦ,</span> <span class='ocrx_word' id='word_1_34' title='bbox 824 680 950 747; x_wconf 85' lang='grc' dir='ltr'>λαὸς</span> <span class='ocrx_word' id='word_1_35' title='bbox 978 679 1278 755; x_wconf 78' lang='grc' dir='ltr'>Γομόρρας.</span> <span class='ocrx_word' id='word_1_36' title='bbox 1303 683 1368 736; x_wconf 87' lang='grc' dir='ltr'>Τί</span> <span class='ocrx_word' id='word_1_37' title='bbox 1393 700 1481 755; x_wconf 89' lang='grc' dir='ltr'>μοι</span> <span class='ocrx_word' id='word_1_38' title='bbox 1521 682 1724 754; x_wconf 85' lang='grc' dir='ltr'>πλῆθος</span> <span class='ocrx_word' id='word_1_39' title='bbox 1750 681 1858 735; x_wconf 85' lang='grc' dir='ltr'>τῶν</span> 
     </span>
    </p>
   </div>
   <div class='ocr_carea' id='block_1_8' title="bbox 286 768 1856 849">
    <p class='ocr_par' dir='ltr' id='par_1_8' title="bbox 286 768 1856 849">
     <span class='ocr_line' id='line_1_8' title="bbox 286 768 1856 849; baseline 0.003 -27"><span class='ocrx_word' id='word_1_40' title='bbox 286 768 479 823; x_wconf 81' lang='grc' dir='ltr'>θυσιῶν</span> <span class='ocrx_word' id='word_1_41' title='bbox 506 770 658 843; x_wconf 85' lang='grc' dir='ltr'>ὑμῶν</span> <span class='ocrx_word' id='word_1_42' title='bbox 680 772 1095 846; x_wconf 82' lang='grc' dir='ltr'>;λέγειΚύριος,</span> <span class='ocrx_word' id='word_1_43' title='bbox 1120 793 1139 826; x_wconf 68' lang='grc' dir='ltr'>ι</span> <span class='ocrx_word' id='word_1_44' title='bbox 1163 775 1254 838; x_wconf 76' lang='grc' dir='ltr'>καὶ</span> <span class='ocrx_word' id='word_1_45' title='bbox 1284 772 1354 827; x_wconf 82' lang='grc' dir='ltr'>τὰ</span> <span class='ocrx_word' id='word_1_46' title='bbox 1376 775 1500 847; x_wconf 79' lang='grc' dir='ltr'>ἐξῆς</span> <span class='ocrx_word' id='word_1_47' title='bbox 1518 792 1532 805; x_wconf 80' lang='grc'><em>’</em></span> <span class='ocrx_word' id='word_1_48' title='bbox 1558 770 1639 849; x_wconf 53' lang='grc' dir='ltr'>(ἧς</span> <span class='ocrx_word' id='word_1_49' title='bbox 1662 773 1856 844; x_wconf 84' lang='grc' dir='ltr'>ἐπιφέ-</span> 
     </span>
    </p>
   </div>
   <div class='ocr_carea' id='block_1_9' title="bbox 288 860 1858 936">
    <p class='ocr_par' dir='ltr' id='par_1_9' title="bbox 288 860 1858 936">
     <span class='ocr_line' id='line_1_9' title="bbox 288 860 1858 936; baseline 0.003 -24"><span class='ocrx_word' id='word_1_50' title='bbox 288 876 385 931; x_wconf 91' lang='grc' dir='ltr'>ρει·</span> <span class='ocrx_word' id='word_1_51' title='bbox 402 860 546 921; x_wconf 70' lang='grc' dir='ltr'>«Τὰς</span> <span class='ocrx_word' id='word_1_52' title='bbox 561 863 852 935; x_wconf 78' lang='grc' dir='ltr'>νεομηνίας</span> <span class='ocrx_word' id='word_1_53' title='bbox 872 864 900 916; x_wconf 84' lang='grc' dir='ltr'>ὑ</span> <span class='ocrx_word' id='word_1_54' title='bbox 910 863 1045 935; x_wconf 83' lang='grc' dir='ltr'>μῶν,</span> <span class='ocrx_word' id='word_1_55' title='bbox 1062 864 1155 917; x_wconf 78' lang='grc' dir='ltr'>καὶ</span> <span class='ocrx_word' id='word_1_56' title='bbox 1178 864 1277 928; x_wconf 79' lang='grc' dir='ltr'>τὰς</span> <span class='ocrx_word' id='word_1_57' title='bbox 1303 864 1497 936; x_wconf 82' lang='grc' dir='ltr'>ἐορτάς</span> <span class='ocrx_word' id='word_1_58' title='bbox 1527 863 1679 935; x_wconf 83' lang='grc' dir='ltr'>ὑμῶν</span> <span class='ocrx_word' id='word_1_59' title='bbox 1708 866 1858 935; x_wconf 79' lang='grc' dir='ltr'>μισεῖ</span> 
     </span>
    </p>
   </div>
   <div class='ocr_carea' id='block_1_10' title="bbox 283 952 1854 1029">
    <p class='ocr_par' dir='ltr' id='par_1_10' title="bbox 283 952 1854 1029">
     <span class='ocr_line' id='line_1_10' title="bbox 283 952 1854 1029; baseline 0.003 -25"><span class='ocrx_word' id='word_1_60' title='bbox 283 952 483 1024; x_wconf 79' lang='grc' dir='ltr'>ῆψυχή</span> <span class='ocrx_word' id='word_1_61' title='bbox 535 970 635 1023; x_wconf 85' lang='grc' dir='ltr'>μου</span> <span class='ocrx_word' id='word_1_62' title='bbox 656 971 669 984; x_wconf 74' lang='grc' dir='ltr'><strong>ο</strong></span> <span class='ocrx_word' id='word_1_63' title='bbox 705 955 999 1029; x_wconf 83' lang='grc' dir='ltr'>ἐγενήθητέ</span> <span class='ocrx_word' id='word_1_64' title='bbox 1036 974 1124 1028; x_wconf 87' lang='grc' dir='ltr'>μοι</span> <span class='ocrx_word' id='word_1_65' title='bbox 1156 959 1234 1020; x_wconf 89' lang='grc' dir='ltr'>εἰς</span> <span class='ocrx_word' id='word_1_66' title='bbox 1284 956 1598 1028; x_wconf 84' lang='grc' dir='ltr'>πλησμονὴν</span> <span class='ocrx_word' id='word_1_67' title='bbox 1623 996 1637 1022; x_wconf 92' lang='grc'>,</span> <span class='ocrx_word' id='word_1_68' title='bbox 1672 956 1854 1010; x_wconf 81' lang='grc' dir='ltr'>οὐκέτι</span> 
     </span>
    </p>
   </div>
   <div class='ocr_carea' id='block_1_11' title="bbox 280 1044 1852 1119">
    <p class='ocr_par' dir='ltr' id='par_1_11' title="bbox 280 1044 1852 1119">
     <span class='ocr_line' id='line_1_11' title="bbox 280 1044 1852 1119; baseline 0.001 -21"><span class='ocrx_word' id='word_1_69' title='bbox 280 1045 463 1115; x_wconf 81' lang='grc' dir='ltr'>ἀνήσω</span> <span class='ocrx_word' id='word_1_70' title='bbox 479 1044 579 1109; x_wconf 79' lang='grc' dir='ltr'>τὰς</span> <span class='ocrx_word' id='word_1_71' title='bbox 603 1046 874 1118; x_wconf 84' lang='grc' dir='ltr'>ἁμαρτίας</span> <span class='ocrx_word' id='word_1_72' title='bbox 904 1047 1075 1118; x_wconf 83' lang='grc' dir='ltr'>ὑμῶν.</span> <span class='ocrx_word' id='word_1_73' title='bbox 1097 1046 1214 1101; x_wconf 80' lang='grc' dir='ltr'>”Οτ’</span> <span class='ocrx_word' id='word_1_74' title='bbox 1241 1047 1307 1101; x_wconf 83' lang='grc' dir='ltr'>ἂν</span> <span class='ocrx_word' id='word_1_75' title='bbox 1336 1047 1434 1111; x_wconf 84' lang='grc' dir='ltr'>τὰς</span> <span class='ocrx_word' id='word_1_76' title='bbox 1461 1051 1650 1119; x_wconf 84' lang='grc' dir='ltr'>χεῖρας</span> <span class='ocrx_word' id='word_1_77' title='bbox 1676 1047 1852 1100; x_wconf 82' lang='grc' dir='ltr'>ἐκτεί-</span> 
     </span>
    </p>
   </div>
   <div class='ocr_carea' id='block_1_12' title="bbox 281 1136 1852 1208">
    <p class='ocr_par' dir='ltr' id='par_1_12' title="bbox 281 1136 1852 1208">
     <span class='ocr_line' id='line_1_12' title="bbox 281 1136 1852 1208; baseline -0.021 -20"><span class='ocrx_word' id='word_1_78' title='bbox 281 1152 404 1206; x_wconf 88' lang='grc' dir='ltr'>νητε</span> <span class='ocrx_word' id='word_1_79' title='bbox 436 1137 574 1208; x_wconf 84' lang='grc' dir='ltr'>πρὸς</span> <span class='ocrx_word' id='word_1_80' title='bbox 604 1136 694 1206; x_wconf 84' lang='grc' dir='ltr'>μὲ,</span> <span class='ocrx_word' id='word_1_81' title='bbox 734 1136 1060 1207; x_wconf 70' lang='grc' dir='ltr'>ἀποστρέψει)</span> <span class='ocrx_word' id='word_1_82' title='bbox 1099 1137 1225 1201; x_wconf 74' lang='grc' dir='ltr'>τοὺς</span> <span class='ocrx_word' id='word_1_83' title='bbox 1269 1136 1581 1207; x_wconf 75' lang='grc' dir='ltr'>ὀφθαλμούς</span> <span class='ocrx_word' id='word_1_84' title='bbox 1626 1154 1726 1207; x_wconf 73' lang='grc' dir='ltr'>μου</span> <span class='ocrx_word' id='word_1_85' title='bbox 1759 1136 1852 1204; x_wconf 61' lang='grc' dir='ltr'>ἀφ,</span> 
     </span>
    </p>
   </div>
   <div class='ocr_carea' id='block_1_13' title="bbox 279 1220 1848 1302">
    <p class='ocr_par' dir='ltr' id='par_1_13' title="bbox 279 1220 1848 1302">
     <span class='ocr_line' id='line_1_13' title="bbox 279 1220 1848 1302; baseline 0 -21"><span class='ocrx_word' id='word_1_86' title='bbox 279 1228 458 1300; x_wconf 83' lang='grc' dir='ltr'>ὑμῶν·</span> <span class='ocrx_word' id='word_1_87' title='bbox 484 1230 578 1283; x_wconf 79' lang='grc' dir='ltr'>καὶ</span> <span class='ocrx_word' id='word_1_88' title='bbox 614 1230 708 1282; x_wconf 80' lang='grc' dir='ltr'>ἐὰν</span> <span class='ocrx_word' id='word_1_89' title='bbox 750 1228 1054 1302; x_wconf 82' lang='grc' dir='ltr'>πληθύνητε</span> <span class='ocrx_word' id='word_1_90' title='bbox 1082 1220 1180 1300; x_wconf 75' lang='grc' dir='ltr'>τὴν</span> <span class='ocrx_word' id='word_1_91' title='bbox 1217 1229 1421 1300; x_wconf 77' lang='grc' dir='ltr'>δέησιν,</span> <span class='ocrx_word' id='word_1_92' title='bbox 1469 1233 1566 1282; x_wconf 82' lang='grc' dir='ltr'>οὐκ</span> <span class='ocrx_word' id='word_1_93' title='bbox 1596 1229 1848 1282; x_wconf 80' lang='grc' dir='ltr'>εἰσακού-</span> 
     </span>
    </p>
   </div>
   <div class='ocr_carea' id='block_1_14' title="bbox 280 1303 1847 1396">
    <p class='ocr_par' dir='ltr' id='par_1_14' title="bbox 280 1303 1847 1396">
     <span class='ocr_line' id='line_1_14' title="bbox 280 1303 1847 1396; baseline -0.001 -20"><span class='ocrx_word' id='word_1_94' title='bbox 280 1340 438 1394; x_wconf 86' lang='grc' dir='ltr'>σομαι</span> <span class='ocrx_word' id='word_1_95' title='bbox 464 1322 617 1394; x_wconf 84' lang='grc' dir='ltr'>ὑμῶν</span> <span class='ocrx_word' id='word_1_96' title='bbox 637 1340 653 1356; x_wconf 79' lang='grc' dir='ltr'><strong><em>ο</em></strong></span> <span class='ocrx_word' id='word_1_97' title='bbox 676 1325 733 1376; x_wconf 87' lang='grc' dir='ltr'>αἰ</span> <span class='ocrx_word' id='word_1_98' title='bbox 756 1324 866 1395; x_wconf 84' lang='grc' dir='ltr'>γὰρ</span> <span class='ocrx_word' id='word_1_99' title='bbox 897 1303 1075 1395; x_wconf 80' lang='grc' dir='ltr'>χεῖρες</span> <span class='ocrx_word' id='word_1_100' title='bbox 1103 1322 1256 1394; x_wconf 78' lang='grc' dir='ltr'>ὑμῶν</span> <span class='ocrx_word' id='word_1_101' title='bbox 1286 1324 1517 1395; x_wconf 81' lang='grc' dir='ltr'>αἵματος</span> <span class='ocrx_word' id='word_1_102' title='bbox 1551 1324 1797 1396; x_wconf 82' lang='grc' dir='ltr'>πλήρεις.</span> <span class='ocrx_word' id='word_1_103' title='bbox 1826 1342 1847 1375; x_wconf 70' lang='grc' dir='ltr'>ι</span> 
     </span>
    </p>
   </div>
   <div class='ocr_carea' id='block_1_15' title="bbox 275 1415 1850 1486">
    <p class='ocr_par' dir='ltr' id='par_1_15' title="bbox 275 1415 1850 1486">
     <span class='ocr_line' id='line_1_15' title="bbox 275 1415 1850 1486; baseline -0.001 -17"><span class='ocrx_word' id='word_1_104' title='bbox 275 1415 384 1469; x_wconf 73' lang='grc' dir='ltr'>Καὶ</span> <span class='ocrx_word' id='word_1_105' title='bbox 425 1415 528 1486; x_wconf 81' lang='grc' dir='ltr'>ὅρα</span> <span class='ocrx_word' id='word_1_106' title='bbox 556 1415 674 1479; x_wconf 83' lang='grc' dir='ltr'>πῶς</span> <span class='ocrx_word' id='word_1_107' title='bbox 712 1418 740 1469; x_wconf 92' lang='lat'>6</span> <span class='ocrx_word' id='word_1_108' title='bbox 786 1415 945 1484; x_wconf 84' lang='grc' dir='ltr'>λόγος</span> <span class='ocrx_word' id='word_1_109' title='bbox 987 1416 1159 1469; x_wconf 89' lang='grc' dir='ltr'>ταῦτα</span> <span class='ocrx_word' id='word_1_110' title='bbox 1206 1416 1382 1470; x_wconf 81' lang='grc' dir='ltr'>πάντα</span> <span class='ocrx_word' id='word_1_111' title='bbox 1425 1416 1850 1486; x_wconf 81' lang='grc' dir='ltr'>ἀποτεινάμενος</span> 
     </span>
    </p>
   </div>
   <div class='ocr_carea' id='block_1_16' title="bbox 274 1506 1849 1580">
    <p class='ocr_par' dir='ltr' id='par_1_16' title="bbox 274 1506 1849 1580">
     <span class='ocr_line' id='line_1_16' title="bbox 274 1506 1849 1580; baseline 0.001 -20"><span class='ocrx_word' id='word_1_112' title='bbox 274 1506 370 1560; x_wconf 76' lang='grc' dir='ltr'>οὐκ</span> <span class='ocrx_word' id='word_1_113' title='bbox 391 1507 828 1580; x_wconf 80' lang='grc' dir='ltr'>εἰδωλολατρείαν</span> <span class='ocrx_word' id='word_1_114' title='bbox 852 1508 1083 1562; x_wconf 87' lang='grc' dir='ltr'>ἐνταῦθα</span> <span class='ocrx_word' id='word_1_115' title='bbox 1111 1509 1218 1562; x_wconf 76' lang='grc' dir='ltr'>οὐδ’</span> <span class='ocrx_word' id='word_1_116' title='bbox 1243 1510 1435 1580; x_wconf 78' lang='grc' dir='ltr'>ἑτέραν</span> <span class='ocrx_word' id='word_1_117' title='bbox 1462 1510 1644 1572; x_wconf 84' lang='grc' dir='ltr'>αὐτοῖς</span> <span class='ocrx_word' id='word_1_118' title='bbox 1671 1511 1849 1580; x_wconf 85' lang='grc' dir='ltr'>ἀμαρ-</span> 
     </span>
    </p>
   </div>
   <div class='ocr_carea' id='block_1_17' title="bbox 272 1598 1846 1671">
    <p class='ocr_par' dir='ltr' id='par_1_17' title="bbox 272 1598 1846 1671">
     <span class='ocr_line' id='line_1_17' title="bbox 272 1598 1846 1671; baseline 0.001 -19"><span class='ocrx_word' id='word_1_119' title='bbox 272 1598 389 1653; x_wconf 70' lang='grc' dir='ltr'>τίαν</span> <span class='ocrx_word' id='word_1_120' title='bbox 421 1600 667 1668; x_wconf 78' lang='grc' dir='ltr'>ἐγκαλεῖ,</span> <span class='ocrx_word' id='word_1_121' title='bbox 696 1599 817 1653; x_wconf 75' lang='grc' dir='ltr'>οὐδὲ</span> <span class='ocrx_word' id='word_1_122' title='bbox 848 1600 954 1671; x_wconf 76' lang='grc' dir='ltr'>μὴν</span> <span class='ocrx_word' id='word_1_123' title='bbox 995 1601 1241 1671; x_wconf 84' lang='grc' dir='ltr'>αίμάτων</span> <span class='ocrx_word' id='word_1_124' title='bbox 1288 1601 1528 1665; x_wconf 83' lang='grc' dir='ltr'>πολλῶν,</span> <span class='ocrx_word' id='word_1_125' title='bbox 1564 1602 1678 1656; x_wconf 85' lang='grc' dir='ltr'>ἀλλ’</span> <span class='ocrx_word' id='word_1_126' title='bbox 1730 1601 1846 1666; x_wconf 79' lang='grc' dir='ltr'>ἐνὸς</span> 
     </span>
    </p>
   </div>
   <div class='ocr_carea' id='block_1_18' title="bbox 272 1687 1842 1763">
    <p class='ocr_par' dir='ltr' id='par_1_18' title="bbox 272 1687 1842 1763">
     <span class='ocr_line' id='line_1_18' title="bbox 272 1687 1842 1763; baseline 0.003 -22"><span class='ocrx_word' id='word_1_127' title='bbox 272 1689 549 1761; x_wconf 80' lang='grc' dir='ltr'>ἐξαιρέτου</span> <span class='ocrx_word' id='word_1_128' title='bbox 576 1690 719 1754; x_wconf 83' lang='grc' dir='ltr'>τινὸς</span> <span class='ocrx_word' id='word_1_129' title='bbox 751 1690 1002 1761; x_wconf 79' lang='grc' dir='ltr'>αἵματος,</span> <span class='ocrx_word' id='word_1_130' title='bbox 1035 1690 1192 1761; x_wconf 85' lang='grc' dir='ltr'>δῆλον</span> <span class='ocrx_word' id='word_1_131' title='bbox 1238 1690 1281 1742; x_wconf 84' lang='grc' dir='ltr'>δ’</span> <span class='ocrx_word' id='word_1_132' title='bbox 1314 1691 1395 1743; x_wconf 81' lang='grc' dir='ltr'>ὅτι</span> <span class='ocrx_word' id='word_1_133' title='bbox 1449 1691 1543 1744; x_wconf 89' lang='grc' dir='ltr'>τοῦ</span> <span class='ocrx_word' id='word_1_134' title='bbox 1585 1687 1842 1763; x_wconf 76' lang='grc' dir='ltr'>Χριστοῦ,</span> 
     </span>
    </p>
   </div>
   <div class='ocr_carea' id='block_1_19' title="bbox 269 1776 1846 1853">
    <p class='ocr_par' dir='ltr' id='par_1_19' title="bbox 269 1776 1846 1853">
     <span class='ocr_line' id='line_1_19' title="bbox 269 1776 1846 1853; baseline 0.003 -19"><span class='ocrx_word' id='word_1_135' title='bbox 269 1781 366 1853; x_wconf 75' lang='grc' dir='ltr'>τὴν</span> <span class='ocrx_word' id='word_1_136' title='bbox 411 1780 656 1851; x_wconf 72' lang='grc' dir='ltr'>ἔκχυσιν,</span> <span class='ocrx_word' id='word_1_137' title='bbox 692 1783 819 1852; x_wconf 76' lang='grc' dir='ltr'>περὶ</span> <span class='ocrx_word' id='word_1_138' title='bbox 851 1776 911 1835; x_wconf 78' lang='grc' dir='ltr'>οὗ</span> <span class='ocrx_word' id='word_1_139' title='bbox 950 1782 1135 1851; x_wconf 82' lang='grc' dir='ltr'>σαφῶς</span> <span class='ocrx_word' id='word_1_140' title='bbox 1167 1784 1195 1835; x_wconf 97' lang='lat'>6</span> <span class='ocrx_word' id='word_1_141' title='bbox 1245 1781 1400 1851; x_wconf 84' lang='grc' dir='ltr'>λόγος</span> <span class='ocrx_word' id='word_1_142' title='bbox 1434 1783 1526 1837; x_wconf 83' lang='grc' dir='ltr'>τὸν</span> <span class='ocrx_word' id='word_1_143' title='bbox 1574 1784 1700 1837; x_wconf 82' lang='grc' dir='ltr'>λαὸν</span> <span class='ocrx_word' id='word_1_144' title='bbox 1736 1785 1846 1837; x_wconf 86' lang='grc' dir='ltr'>ἀπ-</span> 
     </span>
    </p>
   </div>
   <div class='ocr_carea' id='block_1_20' title="bbox 268 1862 1918 1948">
    <p class='ocr_par' dir='ltr' id='par_1_20' title="bbox 268 1862 1918 1948">
     <span class='ocr_line' id='line_1_20' title="bbox 268 1862 1918 1948; baseline 0 -21"><span class='ocrx_word' id='word_1_145' title='bbox 268 1872 473 1943; x_wconf 80' lang='grc' dir='ltr'>ελέγχει</span> <span class='ocrx_word' id='word_1_146' title='bbox 518 1872 718 1942; x_wconf 80' lang='grc' dir='ltr'>λέγων’</span> <span class='ocrx_word' id='word_1_147' title='bbox 744 1891 763 1923; x_wconf 80' lang='grc' dir='ltr'>ι</span> <span class='ocrx_word' id='word_1_148' title='bbox 795 1874 861 1925; x_wconf 77' lang='lat' dir='ltr'><strong>Ai</strong></span> <span class='ocrx_word' id='word_1_149' title='bbox 889 1873 997 1944; x_wconf 82' lang='grc' dir='ltr'>γὰρ</span> <span class='ocrx_word' id='word_1_150' title='bbox 1039 1875 1218 1945; x_wconf 85' lang='grc' dir='ltr'>χεῖρες</span> <span class='ocrx_word' id='word_1_151' title='bbox 1244 1874 1398 1944; x_wconf 71' lang='grc' dir='ltr'>ὑμῶν</span> <span class='ocrx_word' id='word_1_152' title='bbox 1431 1876 1661 1945; x_wconf 79' lang='grc' dir='ltr'>αἵματος</span> <span class='ocrx_word' id='word_1_153' title='bbox 1703 1874 1843 1948; x_wconf 78' lang='grc' dir='ltr'>πλή-</span> <span class='ocrx_word' id='word_1_154' title='bbox 1873 1862 1918 1917; x_wconf 85' lang='grc' dir='ltr'><strong>Β</strong></span> 
     </span>
    </p>
   </div>
   <div class='ocr_carea' id='block_1_21' title="bbox 268 1962 1844 2036">
    <p class='ocr_par' dir='ltr' id='par_1_21' title="bbox 268 1962 1844 2036">
     <span class='ocr_line' id='line_1_21' title="bbox 268 1962 1844 2036; baseline 0.003 -20"><span class='ocrx_word' id='word_1_155' title='bbox 268 1979 407 2036; x_wconf 86' lang='grc' dir='ltr'>ρεις·</span> <span class='ocrx_word' id='word_1_156' title='bbox 434 1982 453 2014; x_wconf 73' lang='grc' dir='ltr'>ι</span> <span class='ocrx_word' id='word_1_157' title='bbox 471 1962 543 2015; x_wconf 77' lang='grc' dir='ltr'>δι’</span> <span class='ocrx_word' id='word_1_158' title='bbox 566 1964 631 2035; x_wconf 84' lang='grc' dir='ltr'>ῆν</span> <span class='ocrx_word' id='word_1_159' title='bbox 654 1962 831 2017; x_wconf 78' lang='grc' dir='ltr'>αίτίαν</span> <span class='ocrx_word' id='word_1_160' title='bbox 859 1964 987 2034; x_wconf 78' lang='grc' dir='ltr'>ἐξῆς</span> <span class='ocrx_word' id='word_1_161' title='bbox 1009 1965 1316 2035; x_wconf 86' lang='grc' dir='ltr'>ἐπιλέγεται</span> <span class='ocrx_word' id='word_1_162' title='bbox 1339 1968 1420 2031; x_wconf 83' lang='grc' dir='ltr'>τὸ,</span> <span class='ocrx_word' id='word_1_163' title='bbox 1444 1986 1460 2017; x_wconf 83' lang='grc' dir='ltr'>ι</span> <span class='ocrx_word' id='word_1_164' title='bbox 1483 1966 1606 2031; x_wconf 91' lang='grc' dir='ltr'>Πῶς</span> <span class='ocrx_word' id='word_1_165' title='bbox 1631 1967 1844 2036; x_wconf 78' lang='grc' dir='ltr'>ἐγένετο</span> 
     </span>
    </p>
   </div>
   <div class='ocr_carea' id='block_1_22' title="bbox 266 2054 1843 2132">
    <p class='ocr_par' dir='ltr' id='par_1_22' title="bbox 266 2054 1843 2132">
     <span class='ocr_line' id='line_1_22' title="bbox 266 2054 1843 2132; baseline 0.003 -22"><span class='ocrx_word' id='word_1_166' title='bbox 266 2056 433 2127; x_wconf 86' lang='grc' dir='ltr'>πόρνη</span> <span class='ocrx_word' id='word_1_167' title='bbox 464 2055 622 2119; x_wconf 80' lang='grc' dir='ltr'>πόλις</span> <span class='ocrx_word' id='word_1_168' title='bbox 640 2054 802 2127; x_wconf 82' lang='grc' dir='ltr'>πιστὴ</span> <span class='ocrx_word' id='word_1_169' title='bbox 823 2054 961 2109; x_wconf 86' lang='grc' dir='ltr'>Σιὼν</span> <span class='ocrx_word' id='word_1_170' title='bbox 989 2057 1202 2128; x_wconf 79' lang='grc' dir='ltr'>πλήρης</span> <span class='ocrx_word' id='word_1_171' title='bbox 1228 2057 1480 2129; x_wconf 85' lang='grc' dir='ltr'>κρίσεως,</span> <span class='ocrx_word' id='word_1_172' title='bbox 1510 2061 1567 2111; x_wconf 92' lang='grc' dir='ltr'>ἐν</span> <span class='ocrx_word' id='word_1_173' title='bbox 1636 2059 1843 2114; x_wconf 86' lang='grc' dir='ltr'>δικαιο-</span> 
     </span>
    </p>
   </div>
   <div class='ocr_carea' id='block_1_23' title="bbox 265 2148 1829 2223">
    <p class='ocr_par' dir='ltr' id='par_1_23' title="bbox 265 2148 1829 2223">
     <span class='ocr_line' id='line_1_23' title="bbox 265 2148 1829 2223; baseline 0.003 -21"><span class='ocrx_word' id='word_1_174' title='bbox 265 2150 395 2221; x_wconf 78' lang='grc' dir='ltr'>σύνη</span> <span class='ocrx_word' id='word_1_175' title='bbox 420 2148 482 2220; x_wconf 79' lang='lat' dir='ltr'><strong>(f.</strong></span> <span class='ocrx_word' id='word_1_176' title='bbox 505 2149 600 2216; x_wconf 75' lang='grc'>45)</span> <span class='ocrx_word' id='word_1_177' title='bbox 624 2149 887 2221; x_wconf 79' lang='grc' dir='ltr'>ἐκοιμήθη</span> <span class='ocrx_word' id='word_1_178' title='bbox 911 2152 967 2202; x_wconf 90' lang='grc' dir='ltr'>ἐν</span> <span class='ocrx_word' id='word_1_179' title='bbox 983 2150 1141 2220; x_wconf 82' lang='grc' dir='ltr'>αὐτῇ,</span> <span class='ocrx_word' id='word_1_180' title='bbox 1161 2149 1255 2204; x_wconf 88' lang='grc' dir='ltr'>νῦν</span> <span class='ocrx_word' id='word_1_181' title='bbox 1280 2150 1336 2205; x_wconf 86' lang='grc' dir='ltr'>δὲ</span> <span class='ocrx_word' id='word_1_182' title='bbox 1358 2151 1671 2221; x_wconf 75' lang='grc' dir='ltr'>φονευταί;ι</span> <span class='ocrx_word' id='word_1_183' title='bbox 1702 2152 1829 2223; x_wconf 82' lang='grc' dir='ltr'>μεθ’·</span> 
     </span>
    </p>
   </div>
   <div class='ocr_carea' id='block_1_24' title="bbox 262 2239 1840 2315">
    <p class='ocr_par' dir='ltr' id='par_1_24' title="bbox 262 2239 1840 2315">
     <span class='ocr_line' id='line_1_24' title="bbox 262 2239 1840 2315; baseline 0.002 -21"><span class='ocrx_word' id='word_1_184' title='bbox 262 2240 297 2294; x_wconf 77' lang='grc' dir='ltr'>ἃ</span> <span class='ocrx_word' id='word_1_185' title='bbox 313 2241 486 2295; x_wconf 88' lang='grc' dir='ltr'>πάντα</span> <span class='ocrx_word' id='word_1_186' title='bbox 514 2240 783 2294; x_wconf 79' lang='grc' dir='ltr'>τελευτῶν</span> <span class='ocrx_word' id='word_1_187' title='bbox 814 2242 843 2293; x_wconf 91' lang='grc' dir='ltr'>ό</span> <span class='ocrx_word' id='word_1_188' title='bbox 865 2241 1021 2309; x_wconf 83' lang='grc' dir='ltr'>λόγος</span> <span class='ocrx_word' id='word_1_189' title='bbox 1054 2239 1212 2306; x_wconf 81' lang='grc' dir='ltr'>αὖθις</span> <span class='ocrx_word' id='word_1_190' title='bbox 1236 2242 1336 2315; x_wconf 81' lang='grc' dir='ltr'>τὴν</span> <span class='ocrx_word' id='word_1_191' title='bbox 1361 2242 1631 2314; x_wconf 83' lang='grc' dir='ltr'>ἀποϐολὴν</span> <span class='ocrx_word' id='word_1_192' title='bbox 1661 2243 1840 2297; x_wconf 78' lang='grc' dir='ltr'>αὐτῶν</span> 
     </span>
    </p>
   </div>
   <div class='ocr_carea' id='block_1_25' title="bbox 263 2331 1839 2403">
    <p class='ocr_par' dir='ltr' id='par_1_25' title="bbox 263 2331 1839 2403">
     <span class='ocr_line' id='line_1_25' title="bbox 263 2331 1839 2403; baseline 0.003 -19"><span class='ocrx_word' id='word_1_193' title='bbox 263 2331 592 2403; x_wconf 83' lang='grc' dir='ltr'>προμηνύων</span> <span class='ocrx_word' id='word_1_194' title='bbox 658 2331 853 2403; x_wconf 89' lang='grc' dir='ltr'>φησίν·</span> <span class='ocrx_word' id='word_1_195' title='bbox 899 2348 918 2383; x_wconf 84' lang='grc' dir='ltr'>ι</span> <span class='ocrx_word' id='word_1_196' title='bbox 958 2332 1212 2386; x_wconf 82' lang='grc' dir='ltr'>Ἔσονται</span> <span class='ocrx_word' id='word_1_197' title='bbox 1255 2332 1363 2403; x_wconf 82' lang='grc' dir='ltr'>γὰρ</span> <span class='ocrx_word' id='word_1_198' title='bbox 1411 2331 1488 2396; x_wconf 83' lang='grc' dir='ltr'>ὡς</span> <span class='ocrx_word' id='word_1_199' title='bbox 1533 2333 1839 2403; x_wconf 81' lang='grc' dir='ltr'>τερέϐινθος</span> 
     </span>
    </p>
   </div>
   <div class='ocr_carea' id='block_1_26' title="bbox 261 2423 1838 2500">
    <p class='ocr_par' dir='ltr' id='par_1_26' title="bbox 261 2423 1838 2500">
     <span class='ocr_line' id='line_1_26' title="bbox 261 2423 1838 2500; baseline 0.001 -22"><span class='ocrx_word' id='word_1_200' title='bbox 261 2423 664 2496; x_wconf 82' lang='grc' dir='ltr'>ἀποϐεϐληκυῖα</span> <span class='ocrx_word' id='word_1_201' title='bbox 686 2424 753 2477; x_wconf 72' lang='grc' dir='ltr'>τὰ</span> <span class='ocrx_word' id='word_1_202' title='bbox 779 2423 972 2494; x_wconf 82' lang='grc' dir='ltr'>φύλλα,</span> <span class='ocrx_word' id='word_1_203' title='bbox 1002 2425 1096 2478; x_wconf 68' lang='grc' dir='ltr'>καὶ</span> <span class='ocrx_word' id='word_1_204' title='bbox 1125 2424 1201 2489; x_wconf 83' lang='grc' dir='ltr'>ὡς</span> <span class='ocrx_word' id='word_1_205' title='bbox 1230 2425 1558 2497; x_wconf 79' lang='grc' dir='ltr'>παράδεισος</span> <span class='ocrx_word' id='word_1_206' title='bbox 1587 2426 1730 2498; x_wconf 79' lang='grc' dir='ltr'>ὕδωρ</span> <span class='ocrx_word' id='word_1_207' title='bbox 1762 2427 1838 2500; x_wconf 84' lang='grc' dir='ltr'>μὴ</span> 
     </span>
    </p>
   </div>
   <div class='ocr_carea' id='block_1_27' title="bbox 259 2511 1835 2591">
    <p class='ocr_par' dir='ltr' id='par_1_27' title="bbox 259 2511 1835 2591">
     <span class='ocr_line' id='line_1_27' title="bbox 259 2511 1835 2591; baseline 0.001 -20"><span class='ocrx_word' id='word_1_208' title='bbox 259 2516 411 2588; x_wconf 76' lang='grc' dir='ltr'>ἔχων.</span> <span class='ocrx_word' id='word_1_209' title='bbox 449 2519 566 2573; x_wconf 73' lang='grc' dir='ltr'>Καὶ</span> <span class='ocrx_word' id='word_1_210' title='bbox 603 2516 755 2572; x_wconf 75' lang='grc' dir='ltr'>ἔσται</span> <span class='ocrx_word' id='word_1_211' title='bbox 802 2519 835 2590; x_wconf 80' lang='grc' dir='ltr'><strong>ἡ</strong></span> <span class='ocrx_word' id='word_1_212' title='bbox 881 2520 1033 2589; x_wconf 76' lang='grc' dir='ltr'>ἰσχὺς</span> <span class='ocrx_word' id='word_1_213' title='bbox 1065 2518 1245 2571; x_wconf 83' lang='grc' dir='ltr'>αὐτῶν</span> <span class='ocrx_word' id='word_1_214' title='bbox 1290 2511 1512 2591; x_wconf 80' lang='grc' dir='ltr'>καλάμη</span> <span class='ocrx_word' id='word_1_215' title='bbox 1555 2520 1835 2589; x_wconf 88' lang='grc' dir='ltr'>στυπείου,</span> 
     </span>
    </p>
   </div>
   <div class='ocr_carea' id='block_1_28' title="bbox 258 2610 1835 2683">
    <p class='ocr_par' dir='ltr' id='par_1_28' title="bbox 258 2610 1835 2683">
     <span class='ocr_line' id='line_1_28' title="bbox 258 2610 1835 2683; baseline 0.001 -18"><span class='ocrx_word' id='word_1_216' title='bbox 258 2613 349 2665; x_wconf 81' lang='grc' dir='ltr'>καὶ</span> <span class='ocrx_word' id='word_1_217' title='bbox 380 2612 435 2665; x_wconf 88' lang='grc' dir='ltr'>αί</span> <span class='ocrx_word' id='word_1_218' title='bbox 455 2611 715 2683; x_wconf 88' lang='grc' dir='ltr'>ἐργασίαι</span> <span class='ocrx_word' id='word_1_219' title='bbox 750 2610 928 2666; x_wconf 85' lang='grc' dir='ltr'>αὐτῶν</span> <span class='ocrx_word' id='word_1_220' title='bbox 962 2610 1038 2675; x_wconf 85' lang='grc' dir='ltr'>ὡς</span> <span class='ocrx_word' id='word_1_221' title='bbox 1076 2610 1388 2683; x_wconf 85' lang='grc' dir='ltr'>σπινθῆρες,</span> <span class='ocrx_word' id='word_1_222' title='bbox 1429 2613 1523 2666; x_wconf 69' lang='grc' dir='ltr'>καὶ</span> <span class='ocrx_word' id='word_1_223' title='bbox 1560 2630 1835 2667; x_wconf 87' lang='grc' dir='ltr'>κατακαυ-</span> 
     </span>
    </p>
   </div>
   <div class='ocr_carea' id='block_1_29' title="bbox 258 2704 1835 2778">
    <p class='ocr_par' dir='ltr' id='par_1_29' title="bbox 258 2704 1835 2778">
     <span class='ocr_line' id='line_1_29' title="bbox 258 2704 1835 2778; baseline 0.001 -19"><span class='ocrx_word' id='word_1_224' title='bbox 258 2704 506 2778; x_wconf 79' lang='grc' dir='ltr'>θήσονται</span> <span class='ocrx_word' id='word_1_225' title='bbox 542 2708 589 2759; x_wconf 88' lang='grc' dir='ltr'>οί</span> <span class='ocrx_word' id='word_1_226' title='bbox 632 2705 821 2775; x_wconf 79' lang='grc' dir='ltr'>ἄνομοι</span> <span class='ocrx_word' id='word_1_227' title='bbox 854 2706 949 2759; x_wconf 72' lang='grc' dir='ltr'>καὶ</span> <span class='ocrx_word' id='word_1_228' title='bbox 986 2708 1034 2761; x_wconf 83' lang='grc' dir='ltr'>οἱ</span> <span class='ocrx_word' id='word_1_229' title='bbox 1074 2704 1389 2777; x_wconf 81' lang='grc' dir='ltr'>ἁμαρτωλοὶ</span> <span class='ocrx_word' id='word_1_230' title='bbox 1432 2704 1568 2776; x_wconf 73' lang='grc' dir='ltr'>ἅμα,</span> <span class='ocrx_word' id='word_1_231' title='bbox 1605 2708 1699 2760; x_wconf 68' lang='grc' dir='ltr'>καὶ</span> <span class='ocrx_word' id='word_1_232' title='bbox 1736 2708 1835 2761; x_wconf 79' lang='grc' dir='ltr'>οὐκ</span> 
     </span>
    </p>
   </div>
   <div class='ocr_carea' id='block_1_30' title="bbox 257 2795 1834 2867">
    <p class='ocr_par' dir='ltr' id='par_1_30' title="bbox 257 2795 1834 2867">
     <span class='ocr_line' id='line_1_30' title="bbox 257 2795 1834 2867; baseline 0.001 -17"><span class='ocrx_word' id='word_1_233' title='bbox 257 2795 403 2851; x_wconf 63' lang='grc' dir='ltr'>ἔσται</span> <span class='ocrx_word' id='word_1_234' title='bbox 420 2800 449 2851; x_wconf 91' lang='lat'>6</span> <span class='ocrx_word' id='word_1_235' title='bbox 478 2796 713 2849; x_wconf 74' lang='grc' dir='ltr'>σϐἑσων.</span> <span class='ocrx_word' id='word_1_236' title='bbox 744 2817 762 2848; x_wconf 72' lang='grc' dir='ltr'>ι</span> <span class='ocrx_word' id='word_1_237' title='bbox 797 2795 1046 2850; x_wconf 81' lang='grc' dir='ltr'>Τοσαῦτα</span> <span class='ocrx_word' id='word_1_238' title='bbox 1067 2797 1162 2850; x_wconf 75' lang='grc' dir='ltr'>καὶ</span> <span class='ocrx_word' id='word_1_239' title='bbox 1182 2795 1483 2867; x_wconf 88' lang='grc' dir='ltr'>τηλικαῦτα</span> <span class='ocrx_word' id='word_1_240' title='bbox 1509 2800 1629 2851; x_wconf 74' lang='grc' dir='ltr'>κατ’</span> <span class='ocrx_word' id='word_1_241' title='bbox 1656 2799 1834 2853; x_wconf 78' lang='grc' dir='ltr'>αὐτῶν</span> 
     </span>
    </p>
   </div>
   <div class='ocr_carea' id='block_1_31' title="bbox 255 2886 1832 2963">
    <p class='ocr_par' dir='ltr' id='par_1_31' title="bbox 255 2886 1832 2963">
     <span class='ocr_line' id='line_1_31' title="bbox 255 2886 1832 2963; baseline 0.001 -20"><span class='ocrx_word' id='word_1_242' title='bbox 255 2889 761 2961; x_wconf 83' lang='grc' dir='ltr'>προαποφηναμένη</span> <span class='ocrx_word' id='word_1_243' title='bbox 818 2892 851 2961; x_wconf 87' lang='grc' dir='ltr'>ἡ</span> <span class='ocrx_word' id='word_1_244' title='bbox 896 2889 1236 2961; x_wconf 79' lang='grc' dir='ltr'>προφητεία,</span> <span class='ocrx_word' id='word_1_245' title='bbox 1274 2889 1401 2960; x_wconf 78' lang='grc' dir='ltr'>ἐξῆς</span> <span class='ocrx_word' id='word_1_246' title='bbox 1442 2886 1690 2962; x_wconf 80' lang='grc' dir='ltr'>ἐπιφέρει</span> <span class='ocrx_word' id='word_1_247' title='bbox 1732 2891 1832 2963; x_wconf 83' lang='grc' dir='ltr'>τὴν</span> 
     </span>
    </p>
   </div>
   <div class='ocr_carea' id='block_1_32' title="bbox 255 2973 1830 3056">
    <p class='ocr_par' dir='ltr' id='par_1_32' title="bbox 255 2973 1830 3056">
     <span class='ocr_line' id='line_1_32' title="bbox 255 2973 1830 3056; baseline 0.002 -22"><span class='ocrx_word' id='word_1_248' title='bbox 255 2983 451 3055; x_wconf 84' lang='grc' dir='ltr'>ἀρτίως</span> <span class='ocrx_word' id='word_1_249' title='bbox 480 2986 616 3054; x_wconf 85' lang='grc' dir='ltr'>ἡμῖν</span> <span class='ocrx_word' id='word_1_250' title='bbox 649 2982 959 3037; x_wconf 84' lang='grc' dir='ltr'>ἐκτεθεῖσαν</span> <span class='ocrx_word' id='word_1_251' title='bbox 990 2973 1314 3056; x_wconf 67' lang='grc' dir='ltr'>περικοπὴν,</span> <span class='ocrx_word' id='word_1_252' title='bbox 1340 2984 1406 3036; x_wconf 74' lang='grc' dir='ltr'>δι’</span> <span class='ocrx_word' id='word_1_253' title='bbox 1424 2976 1492 3056; x_wconf 85' lang='grc' dir='ltr'>ἦς</span> <span class='ocrx_word' id='word_1_254' title='bbox 1511 2980 1726 3056; x_wconf 74' lang='grc' dir='ltr'>εἴρηταί</span> <span class='ocrx_word' id='word_1_255' title='bbox 1748 2984 1830 3047; x_wconf 83' lang='grc' dir='ltr'>τὸ,</span> 
     </span>
    </p>
   </div>
   <div class='ocr_carea' id='block_1_33' title="bbox 261 3066 1831 3146">
    <p class='ocr_par' dir='ltr' id='par_1_33' title="bbox 261 3066 1831 3146">
     <span class='ocr_line' id='line_1_33' title="bbox 261 3066 1831 3146; baseline 0.003 -21"><span class='ocrx_word' id='word_1_256' title='bbox 261 3093 278 3125; x_wconf 78' lang='grc' dir='ltr'>ι</span> <span class='ocrx_word' id='word_1_257' title='bbox 304 3076 423 3129; x_wconf 79' lang='grc' dir='ltr'>Ὀτι</span> <span class='ocrx_word' id='word_1_258' title='bbox 464 3074 623 3145; x_wconf 82' lang='grc' dir='ltr'>ἐσται</span> <span class='ocrx_word' id='word_1_259' title='bbox 670 3075 729 3127; x_wconf 85' lang='grc' dir='ltr'>ἐν</span> <span class='ocrx_word' id='word_1_260' title='bbox 760 3072 880 3138; x_wconf 78' lang='grc' dir='ltr'>ταῖς</span> <span class='ocrx_word' id='word_1_261' title='bbox 923 3074 1180 3144; x_wconf 80' lang='grc' dir='ltr'>ἐσχάταις</span> <span class='ocrx_word' id='word_1_262' title='bbox 1219 3075 1454 3146; x_wconf 77' lang='grc' dir='ltr'>ἡμέραις</span> <span class='ocrx_word' id='word_1_263' title='bbox 1495 3075 1739 3146; x_wconf 84' lang='grc' dir='ltr'>ἐμφανὲς</span> <span class='ocrx_word' id='word_1_264' title='bbox 1771 3066 1831 3130; x_wconf 69' lang='grc' dir='ltr'>τό</span> 
     </span>
    </p>
   </div>
   <div class='ocr_carea' id='block_1_34' title="bbox 251 3161 1824 3241">
    <p class='ocr_par' dir='ltr' id='par_1_34' title="bbox 251 3161 1824 3241">
     <span class='ocr_line' id='line_1_34' title="bbox 251 3161 1824 3241; baseline 0.002 -21"><span class='ocrx_word' id='word_1_265' title='bbox 251 3166 371 3239; x_wconf 75' lang='grc' dir='ltr'>ὅρος</span> <span class='ocrx_word' id='word_1_266' title='bbox 391 3167 623 3240; x_wconf 83' lang='grc' dir='ltr'>Κυρίου.</span> <span class='ocrx_word' id='word_1_267' title='bbox 655 3186 672 3217; x_wconf 74' lang='grc' dir='ltr'>ι</span> <span class='ocrx_word' id='word_1_268' title='bbox 694 3166 889 3237; x_wconf 80' lang='grc' dir='ltr'>Σαφῶς</span> <span class='ocrx_word' id='word_1_269' title='bbox 913 3168 1051 3239; x_wconf 89' lang='grc' dir='ltr'>μετά</span> <span class='ocrx_word' id='word_1_270' title='bbox 1073 3169 1171 3239; x_wconf 86' lang='grc' dir='ltr'>τὴν</span> <span class='ocrx_word' id='word_1_271' title='bbox 1200 3170 1423 3222; x_wconf 80' lang='grc' dir='ltr'>ἐκείνων</span> <span class='ocrx_word' id='word_1_272' title='bbox 1447 3161 1703 3241; x_wconf 73' lang='grc' dir='ltr'>ὁλοσχερῆ</span> <span class='ocrx_word' id='word_1_273' title='bbox 1730 3171 1824 3223; x_wconf 77' lang='grc' dir='ltr'>καὶ</span> 
     </span>
    </p>
   </div>
   <div class='ocr_carea' id='block_1_35' title="bbox 251 3254 1822 3327">
    <p class='ocr_par' dir='ltr' id='par_1_35' title="bbox 251 3254 1822 3327">
     <span class='ocr_line' id='line_1_35' title="bbox 251 3254 1822 3327; baseline -0.003 -16"><span class='ocrx_word' id='word_1_274' title='bbox 251 3257 455 3312; x_wconf 85' lang='grc' dir='ltr'>τελείαν</span> <span class='ocrx_word' id='word_1_275' title='bbox 484 3255 763 3327; x_wconf 79' lang='grc' dir='ltr'>ἀποϐολήν</span> <span class='ocrx_word' id='word_1_276' title='bbox 791 3272 849 3308; x_wconf 86' lang='grc' dir='ltr'>τε</span> <span class='ocrx_word' id='word_1_277' title='bbox 886 3256 980 3309; x_wconf 77' lang='grc' dir='ltr'>καὶ</span> <span class='ocrx_word' id='word_1_278' title='bbox 1026 3257 1305 3327; x_wconf 84' lang='grc' dir='ltr'>ἐρήμωσιν</span> <span class='ocrx_word' id='word_1_279' title='bbox 1343 3254 1442 3319; x_wconf 83' lang='grc' dir='ltr'>τὰς</span> <span class='ocrx_word' id='word_1_280' title='bbox 1474 3257 1572 3326; x_wconf 83' lang='grc' dir='ltr'>τῆς</span> <span class='ocrx_word' id='word_1_281' title='bbox 1613 3257 1822 3326; x_wconf 86' lang='grc' dir='ltr'>Καινῆς</span> 
     </span>
    </p>
   </div>
   <div class='ocr_carea' id='block_1_36' title="bbox 250 3340 1827 3420">
    <p class='ocr_par' dir='ltr' id='par_1_36' title="bbox 250 3340 1827 3420">
     <span class='ocr_line' id='line_1_36' title="bbox 250 3340 1827 3420; baseline -0.001 -19"><span class='ocrx_word' id='word_1_282' title='bbox 250 3349 525 3420; x_wconf 78' lang='grc' dir='ltr'>Διαθήκης</span> <span class='ocrx_word' id='word_1_283' title='bbox 557 3347 927 3417; x_wconf 77' lang='grc' dir='ltr'>ὑποφαίνουσα</span> <span class='ocrx_word' id='word_1_284' title='bbox 956 3346 1287 3417; x_wconf 81' lang='grc' dir='ltr'>οἰκονομίας,</span> <span class='ocrx_word' id='word_1_285' title='bbox 1325 3340 1444 3399; x_wconf 85' lang='grc' dir='ltr'>καθ’</span> <span class='ocrx_word' id='word_1_286' title='bbox 1488 3346 1555 3409; x_wconf 75' lang='grc' dir='ltr'>ἃς</span> <span class='ocrx_word' id='word_1_287' title='bbox 1588 3340 1827 3418; x_wconf 75' lang='grc' dir='ltr'>ἐμφανὲς</span> 
     </span>
    </p>
   </div>
   <div class='ocr_carea' id='block_1_37' title="bbox 248 3426 1827 3511">
    <p class='ocr_par' dir='ltr' id='par_1_37' title="bbox 248 3426 1827 3511">
     <span class='ocr_line' id='line_1_37' title="bbox 248 3426 1827 3511; baseline -0.002 -17"><span class='ocrx_word' id='word_1_288' title='bbox 248 3444 357 3505; x_wconf 89' lang='grc' dir='ltr'>τοῖς</span> <span class='ocrx_word' id='word_1_289' title='bbox 386 3444 563 3494; x_wconf 76' lang='grc' dir='ltr'>πᾶσιν</span> <span class='ocrx_word' id='word_1_290' title='bbox 612 3426 788 3493; x_wconf 81' lang='grc' dir='ltr'>ἔθνεσί</span> <span class='ocrx_word' id='word_1_291' title='bbox 816 3438 878 3492; x_wconf 79' lang='grc' dir='ltr'>τὸ</span> <span class='ocrx_word' id='word_1_292' title='bbox 915 3436 1255 3511; x_wconf 22' lang='grc' dir='ltr'>ὅροςιγέγονε</span> <span class='ocrx_word' id='word_1_293' title='bbox 1278 3437 1373 3490; x_wconf 83' lang='grc' dir='ltr'>τοῦ</span> <span class='ocrx_word' id='word_1_294' title='bbox 1405 3437 1630 3511; x_wconf 79' lang='grc' dir='ltr'>Κυρίου.</span> <span class='ocrx_word' id='word_1_295' title='bbox 1666 3433 1827 3491; x_wconf 79' lang='grc' dir='ltr'>Ποῖον</span> 
     </span>
    </p>
   </div>
   <div class='ocr_carea' id='block_1_38' title="bbox 248 3520 1824 3607">
    <p class='ocr_par' dir='ltr' id='par_1_38' title="bbox 248 3520 1824 3607">
     <span class='ocr_line' id='line_1_38' title="bbox 248 3520 1824 3607; baseline -0.004 -20"><span class='ocrx_word' id='word_1_296' title='bbox 248 3532 303 3586; x_wconf 81' lang='grc' dir='ltr'>δὲ</span> <span class='ocrx_word' id='word_1_297' title='bbox 343 3533 488 3607; x_wconf 75' lang='grc' dir='ltr'>ὅρος,</span> <span class='ocrx_word' id='word_1_298' title='bbox 531 3531 566 3603; x_wconf 83' lang='grc' dir='ltr'>ἢ</span> <span class='ocrx_word' id='word_1_299' title='bbox 601 3534 629 3586; x_wconf 94' lang='lat'>6</span> <span class='ocrx_word' id='word_1_300' title='bbox 663 3534 718 3585; x_wconf 87' lang='grc' dir='ltr'>ἐν</span> <span class='ocrx_word' id='word_1_301' title='bbox 761 3532 901 3602; x_wconf 85' lang='grc' dir='ltr'>ἀρχῇ</span> <span class='ocrx_word' id='word_1_302' title='bbox 958 3530 1094 3601; x_wconf 82' lang='grc' dir='ltr'>πρὸς</span> <span class='ocrx_word' id='word_1_303' title='bbox 1125 3528 1217 3582; x_wconf 83' lang='grc' dir='ltr'>τὸν</span> <span class='ocrx_word' id='word_1_304' title='bbox 1248 3527 1401 3593; x_wconf 82' lang='grc' dir='ltr'>Θεὸν,</span> <span class='ocrx_word' id='word_1_305' title='bbox 1441 3520 1574 3594; x_wconf 68' lang='grc' dir='ltr'>Θεὸς</span> <span class='ocrx_word' id='word_1_306' title='bbox 1618 3526 1824 3598; x_wconf 87' lang='grc' dir='ltr'>Λόγος;</span> 
     </span>
    </p>
   </div>
   <div class='ocr_carea' id='block_1_39' title="bbox 249 3611 1827 3692">
    <p class='ocr_par' dir='ltr' id='par_1_39' title="bbox 249 3611 1827 3692">
     <span class='ocr_line' id='line_1_39' title="bbox 249 3611 1827 3692; baseline -0.002 -18"><span class='ocrx_word' id='word_1_307' title='bbox 249 3623 407 3687; x_wconf 79' lang='grc' dir='ltr'>αὐτὸς</span> <span class='ocrx_word' id='word_1_308' title='bbox 438 3625 468 3676; x_wconf 93' lang='lat'>6</span> <span class='ocrx_word' id='word_1_309' title='bbox 511 3622 707 3692; x_wconf 78' lang='grc' dir='ltr'>Σωτὴρ</span> <span class='ocrx_word' id='word_1_310' title='bbox 750 3623 841 3673; x_wconf 74' lang='grc' dir='ltr'>καὶ</span> <span class='ocrx_word' id='word_1_311' title='bbox 878 3619 1079 3691; x_wconf 79' lang='grc' dir='ltr'>Κύριος</span> <span class='ocrx_word' id='word_1_312' title='bbox 1129 3611 1315 3690; x_wconf 66' lang='grc' dir='ltr'>ἡμῶν,</span> <span class='ocrx_word' id='word_1_313' title='bbox 1353 3618 1411 3671; x_wconf 87' lang='grc' dir='ltr'>ὃν</span> <span class='ocrx_word' id='word_1_314' title='bbox 1447 3611 1827 3690; x_wconf 81' lang='grc' dir='ltr'>προαποδεδώ-</span> 
     </span>
    </p>
   </div>
   <div class='ocr_carea' id='block_1_40' title="bbox 249 3706 1826 3785">
    <p class='ocr_par' dir='ltr' id='par_1_40' title="bbox 249 3706 1826 3785">
     <span class='ocr_line' id='line_1_40' title="bbox 249 3706 1826 3785; baseline -0.003 -20"><span class='ocrx_word' id='word_1_315' title='bbox 249 3730 444 3785; x_wconf 83' lang='grc' dir='ltr'>καμεν,</span> <span class='ocrx_word' id='word_1_316' title='bbox 481 3713 615 3784; x_wconf 76' lang='grc' dir='ltr'>περὶ</span> <span class='ocrx_word' id='word_1_317' title='bbox 641 3706 702 3766; x_wconf 73' lang='grc' dir='ltr'>οὗ</span> <span class='ocrx_word' id='word_1_318' title='bbox 730 3711 825 3765; x_wconf 81' lang='grc' dir='ltr'>καὶ</span> <span class='ocrx_word' id='word_1_319' title='bbox 852 3713 908 3764; x_wconf 90' lang='grc' dir='ltr'>ἐν</span> <span class='ocrx_word' id='word_1_320' title='bbox 940 3711 1189 3780; x_wconf 80' lang='grc' dir='ltr'>Ψαλμοῖς</span> <span class='ocrx_word' id='word_1_321' title='bbox 1229 3709 1466 3781; x_wconf 76' lang='grc' dir='ltr'>εἴρηται,</span> <span class='ocrx_word' id='word_1_322' title='bbox 1498 3727 1517 3759; x_wconf 81' lang='grc' dir='ltr'>ι</span> <span class='ocrx_word' id='word_1_323' title='bbox 1544 3707 1709 3780; x_wconf 84' lang='grc' dir='ltr'>Ὄρος</span> <span class='ocrx_word' id='word_1_324' title='bbox 1730 3708 1826 3762; x_wconf 85' lang='grc' dir='ltr'>τοῦ</span> 
     </span>
    </p>
   </div>
   <div class='ocr_carea' id='block_1_41' title="bbox 248 3801 1825 3879">
    <p class='ocr_par' dir='ltr' id='par_1_41' title="bbox 248 3801 1825 3879">
     <span class='ocr_line' id='line_1_41' title="bbox 248 3801 1825 3879; baseline -0.003 -20"><span class='ocrx_word' id='word_1_325' title='bbox 248 3804 402 3872; x_wconf 81' lang='grc' dir='ltr'>Θεοῦ,</span> <span class='ocrx_word' id='word_1_326' title='bbox 425 3807 557 3879; x_wconf 73' lang='grc' dir='ltr'>ὅρος</span> <span class='ocrx_word' id='word_1_327' title='bbox 587 3807 737 3859; x_wconf 82' lang='grc' dir='ltr'>πῖον·</span> <span class='ocrx_word' id='word_1_328' title='bbox 770 3824 789 3856; x_wconf 73' lang='grc' dir='ltr'>ι</span> <span class='ocrx_word' id='word_1_329' title='bbox 822 3804 914 3857; x_wconf 67' lang='grc' dir='ltr'>καὶ</span> <span class='ocrx_word' id='word_1_330' title='bbox 937 3804 1018 3868; x_wconf 86' lang='grc' dir='ltr'>τὸ,</span> <span class='ocrx_word' id='word_1_331' title='bbox 1050 3821 1067 3853; x_wconf 79' lang='grc' dir='ltr'>ι</span> <span class='ocrx_word' id='word_1_332' title='bbox 1098 3802 1305 3874; x_wconf 86' lang='grc' dir='ltr'>Ὄροςὸ</span> <span class='ocrx_word' id='word_1_333' title='bbox 1337 3801 1670 3873; x_wconf 82' lang='grc' dir='ltr'>εὐδόκησενό</span> <span class='ocrx_word' id='word_1_334' title='bbox 1693 3801 1825 3866; x_wconf 88' lang='grc' dir='ltr'>Θεὸς</span> 
     </span>
    </p>
   </div>
   <div class='ocr_carea' id='block_1_42' title="bbox 249 3893 1828 3966">
    <p class='ocr_par' dir='ltr' id='par_1_42' title="bbox 249 3893 1828 3966">
     <span class='ocr_line' id='line_1_42' title="bbox 249 3893 1828 3966; baseline -0.003 -16"><span class='ocrx_word' id='word_1_335' title='bbox 249 3901 524 3961; x_wconf 77' lang='grc' dir='ltr'>κατοικεῖν</span> <span class='ocrx_word' id='word_1_336' title='bbox 552 3897 609 3949; x_wconf 91' lang='grc' dir='ltr'>ἐν</span> <span class='ocrx_word' id='word_1_337' title='bbox 639 3893 808 3966; x_wconf 64' lang='grc' dir='ltr'>αὐτῷ.</span> <span class='ocrx_word' id='word_1_338' title='bbox 852 3914 872 3948; x_wconf 71' lang='lat'><strong>)</strong></span> <span class='ocrx_word' id='word_1_339' title='bbox 913 3894 1058 3965; x_wconf 85' lang='grc' dir='ltr'>Πρὸς</span> <span class='ocrx_word' id='word_1_340' title='bbox 1099 3893 1270 3964; x_wconf 83' lang='grc' dir='ltr'>τούτῳ</span> <span class='ocrx_word' id='word_1_341' title='bbox 1301 3894 1357 3946; x_wconf 84' lang='grc' dir='ltr'>δὲ</span> <span class='ocrx_word' id='word_1_342' title='bbox 1403 3893 1480 3965; x_wconf 81' lang='grc' dir='ltr'>τῷ</span> <span class='ocrx_word' id='word_1_343' title='bbox 1509 3895 1625 3965; x_wconf 76' lang='grc' dir='ltr'>ὄρει</span> <span class='ocrx_word' id='word_1_344' title='bbox 1665 3895 1761 3947; x_wconf 71' lang='grc' dir='ltr'>καὶ</span> <span class='ocrx_word' id='word_1_345' title='bbox 1799 3896 1828 3947; x_wconf 88' lang='grc' dir='ltr'>ὁ</span> 
     </span>
    </p>
   </div>
   <div class='ocr_carea' id='block_1_43' title="bbox 245 3982 1825 4059">
    <p class='ocr_par' dir='ltr' id='par_1_43' title="bbox 245 3982 1825 4059">
     <span class='ocr_line' id='line_1_43' title="bbox 245 3982 1825 4059; baseline -0.003 -18"><span class='ocrx_word' id='word_1_346' title='bbox 245 3985 390 4055; x_wconf 83' lang='grc' dir='ltr'>οἶκος</span> <span class='ocrx_word' id='word_1_347' title='bbox 420 3989 518 4045; x_wconf 87' lang='grc' dir='ltr'>τοῦ</span> <span class='ocrx_word' id='word_1_348' title='bbox 572 3988 706 4042; x_wconf 84' lang='grc' dir='ltr'>Θεοῦ</span> <span class='ocrx_word' id='word_1_349' title='bbox 762 3986 1012 4059; x_wconf 83' lang='grc' dir='ltr'>ἐμφανὴς</span> <span class='ocrx_word' id='word_1_350' title='bbox 1049 3987 1270 4056; x_wconf 86' lang='grc' dir='ltr'>γέγονεν</span> <span class='ocrx_word' id='word_1_351' title='bbox 1292 4003 1306 4016; x_wconf 73' lang='grc'><strong><em>⁸</em></strong></span> <span class='ocrx_word' id='word_1_352' title='bbox 1347 3982 1495 4050; x_wconf 84' lang='grc' dir='ltr'>οἶκος</span> <span class='ocrx_word' id='word_1_353' title='bbox 1540 3987 1584 4041; x_wconf 90' lang='grc' dir='ltr'>δ’</span> <span class='ocrx_word' id='word_1_354' title='bbox 1640 3987 1707 4041; x_wconf 85' lang='grc' dir='ltr'>ἂν</span> <span class='ocrx_word' id='word_1_355' title='bbox 1738 3986 1825 4056; x_wconf 83' lang='grc' dir='ltr'>εἴη</span> 
     </span>
    </p>
   </div>
   <div class='ocr_carea' id='block_1_44' title="bbox 246 4078 1818 4153">
    <p class='ocr_par' dir='ltr' id='par_1_44' title="bbox 246 4078 1818 4153">
     <span class='ocr_line' id='line_1_44' title="bbox 246 4078 1818 4153; baseline -0.002 -18"><span class='ocrx_word' id='word_1_356' title='bbox 246 4079 379 4135; x_wconf 78' lang='grc' dir='ltr'>Θεοῦ</span> <span class='ocrx_word' id='word_1_357' title='bbox 408 4084 442 4153; x_wconf 82' lang='grc' dir='ltr'><strong>ἡ</strong></span> <span class='ocrx_word' id='word_1_358' title='bbox 488 4078 807 4153; x_wconf 88' lang='grc' dir='ltr'>Ἐκκλησία,</span> <span class='ocrx_word' id='word_1_359' title='bbox 844 4080 879 4151; x_wconf 81' lang='grc' dir='ltr'><strong>ἡ</strong></span> <span class='ocrx_word' id='word_1_360' title='bbox 909 4079 996 4132; x_wconf 85' lang='grc' dir='ltr'>ἐπ’</span> <span class='ocrx_word' id='word_1_361' title='bbox 1028 4078 1213 4149; x_wconf 80' lang='grc' dir='ltr'>ἄκρων</span> <span class='ocrx_word' id='word_1_362' title='bbox 1238 4078 1348 4132; x_wconf 87' lang='grc' dir='ltr'>τῶν</span> <span class='ocrx_word' id='word_1_363' title='bbox 1381 4079 1551 4150; x_wconf 83' lang='grc' dir='ltr'>ὀρέων</span> <span class='ocrx_word' id='word_1_364' title='bbox 1588 4079 1818 4147; x_wconf 88' lang='grc' dir='ltr'>ἀποστο-</span> 
     </span>
    </p>
   </div>
   <div class='ocr_carea' id='block_1_45' title="bbox 245 4171 1820 4255">
    <p class='ocr_par' dir='ltr' id='par_1_45' title="bbox 245 4171 1820 4255">
     <span class='ocr_line' id='line_1_45' title="bbox 245 4171 1820 4255; baseline -0.001 -29"><span class='ocrx_word' id='word_1_365' title='bbox 245 4173 410 4229; x_wconf 83' lang='grc' dir='ltr'>λικῶν</span> <span class='ocrx_word' id='word_1_366' title='bbox 458 4192 521 4229; x_wconf 88' lang='grc' dir='ltr'>τε</span> <span class='ocrx_word' id='word_1_367' title='bbox 572 4173 664 4227; x_wconf 76' lang='grc' dir='ltr'>καὶ</span> <span class='ocrx_word' id='word_1_368' title='bbox 707 4171 1060 4245; x_wconf 82' lang='grc' dir='ltr'>προφητικῶν</span> <span class='ocrx_word' id='word_1_369' title='bbox 1114 4172 1286 4241; x_wconf 89' lang='grc' dir='ltr'>λόγων</span> <span class='ocrx_word' id='word_1_370' title='bbox 1336 4172 1779 4255; x_wconf 86' lang='grc' dir='ltr'>ἐπεστηριγμένη</span> <span class='ocrx_word' id='word_1_371' title='bbox 1808 4190 1820 4201; x_wconf 72' lang='grc' dir='ltr'><strong>ο</strong></span> 
     </span>
    </p>
   </div>
   <div class='ocr_carea' id='block_1_46' title="bbox 243 4261 1823 4336">
    <p class='ocr_par' dir='ltr' id='par_1_46' title="bbox 243 4261 1823 4336">
     <span class='ocr_line' id='line_1_46' title="bbox 243 4261 1823 4336; baseline 0 -20"><span class='ocrx_word' id='word_1_372' title='bbox 243 4263 448 4319; x_wconf 80' lang='grc' dir='ltr'>τούτων</span> <span class='ocrx_word' id='word_1_373' title='bbox 491 4264 551 4319; x_wconf 81' lang='grc' dir='ltr'>δὲ</span> <span class='ocrx_word' id='word_1_374' title='bbox 596 4261 856 4333; x_wconf 86' lang='grc' dir='ltr'>ἐμφανῶν</span> <span class='ocrx_word' id='word_1_375' title='bbox 900 4262 1208 4334; x_wconf 86' lang='grc' dir='ltr'>γενομένων</span> <span class='ocrx_word' id='word_1_376' title='bbox 1257 4263 1345 4315; x_wconf 84' lang='grc' dir='ltr'>ἐπ’</span> <span class='ocrx_word' id='word_1_377' title='bbox 1385 4262 1517 4316; x_wconf 80' lang='grc' dir='ltr'>αὐτὸ</span> <span class='ocrx_word' id='word_1_378' title='bbox 1549 4262 1709 4336; x_wconf 81' lang='grc' dir='ltr'>τοῦτο</span> <span class='ocrx_word' id='word_1_379' title='bbox 1761 4264 1823 4316; x_wconf 69' lang='grc' dir='ltr'>τὸ</span> 
     </span>
    </p>
   </div>
   <div class='ocr_carea' id='block_1_47' title="bbox 242 4354 1825 4428">
    <p class='ocr_par' dir='ltr' id='par_1_47' title="bbox 242 4354 1825 4428">
     <span class='ocr_line' id='line_1_47' title="bbox 242 4354 1825 4428; baseline 0.001 -20"><span class='ocrx_word' id='word_1_380' title='bbox 242 4354 387 4428; x_wconf 77' lang='grc' dir='ltr'>ὄρος,</span> <span class='ocrx_word' id='word_1_381' title='bbox 418 4356 583 4428; x_wconf 84' lang='grc' dir='ltr'>δῆλον</span> <span class='ocrx_word' id='word_1_382' title='bbox 619 4355 665 4409; x_wconf 80' lang='grc' dir='ltr'>δ’</span> <span class='ocrx_word' id='word_1_383' title='bbox 693 4357 775 4409; x_wconf 84' lang='grc' dir='ltr'>ὅτι</span> <span class='ocrx_word' id='word_1_384' title='bbox 802 4355 893 4409; x_wconf 84' lang='grc' dir='ltr'>τὸν</span> <span class='ocrx_word' id='word_1_385' title='bbox 931 4354 1069 4409; x_wconf 79' lang='grc' dir='ltr'>θεῖον</span> <span class='ocrx_word' id='word_1_386' title='bbox 1116 4355 1290 4425; x_wconf 83' lang='grc' dir='ltr'>Λόγον</span> <span class='ocrx_word' id='word_1_387' title='bbox 1334 4355 1395 4409; x_wconf 86' lang='grc' dir='ltr'>οῦ</span> <span class='ocrx_word' id='word_1_388' title='bbox 1432 4355 1768 4428; x_wconf 83' lang='grc' dir='ltr'>κεκτημένος</span> <span class='ocrx_word' id='word_1_389' title='bbox 1797 4358 1825 4409; x_wconf 96' lang='lat'>6</span> 
     </span>
    </p>
   </div>
   <div class='ocr_carea' id='block_1_48' title="bbox 254 4434 1820 4523">
    <p class='ocr_par' dir='ltr' id='par_1_48' title="bbox 254 4434 1820 4523">
     <span class='ocr_line' id='line_1_48' title="bbox 254 4434 1820 4523; baseline -0.001 -25"><span class='ocrx_word' id='word_1_390' title='bbox 254 4446 494 4519; x_wconf 75' lang='grc' dir='ltr'>Ἰσραὴλ,</span> <span class='ocrx_word' id='word_1_391' title='bbox 529 4446 638 4499; x_wconf 81' lang='grc' dir='ltr'>οὐδ’</span> <span class='ocrx_word' id='word_1_392' title='bbox 668 4448 698 4498; x_wconf 91' lang='lat'>6</span> <span class='ocrx_word' id='word_1_393' title='bbox 734 4444 1001 4516; x_wconf 86' lang='grc' dir='ltr'>πολλαχοῦ</span> <span class='ocrx_word' id='word_1_394' title='bbox 1047 4445 1368 4516; x_wconf 79' lang='grc' dir='ltr'>δηλούμενος</span> <span class='ocrx_word' id='word_1_395' title='bbox 1401 4434 1549 4523; x_wconf 60' lang='grc' dir='ltr'>οἶκος</span> <span class='ocrx_word' id='word_1_396' title='bbox 1594 4444 1786 4499; x_wconf 78' lang='grc' dir='ltr'>Ἰακὼϐ</span> <span class='ocrx_word' id='word_1_397' title='bbox 1806 4484 1820 4507; x_wconf 93' lang='grc'>,</span> 
     </span>
    </p>
   </div>
   <div class='ocr_carea' id='block_1_49' title="bbox 241 4535 1897 4626">
    <p class='ocr_par' dir='ltr' id='par_1_49' title="bbox 241 4535 1897 4626">
     <span class='ocr_line' id='line_1_49' title="bbox 241 4535 1897 4626; baseline 0.001 -37"><span class='ocrx_word' id='word_1_398' title='bbox 241 4535 355 4591; x_wconf 80' lang='grc' dir='ltr'>ἀλλ’</span> <span class='ocrx_word' id='word_1_399' title='bbox 377 4535 716 4601; x_wconf 80' lang='grc' dir='ltr'>ἁπαξαπλῶς</span> <span class='ocrx_word' id='word_1_400' title='bbox 756 4539 933 4591; x_wconf 87' lang='grc' dir='ltr'>πάντα</span> <span class='ocrx_word' id='word_1_401' title='bbox 961 4537 1029 4591; x_wconf 81' lang='grc' dir='ltr'>τὰ</span> <span class='ocrx_word' id='word_1_402' title='bbox 1072 4538 1199 4608; x_wconf 77' lang='grc' dir='ltr'>ἔθνη</span> <span class='ocrx_word' id='word_1_403' title='bbox 1219 4555 1233 4569; x_wconf 73' lang='grc'><strong><em>⁸</em></strong></span> <span class='ocrx_word' id='word_1_404' title='bbox 1271 4539 1365 4614; x_wconf 80' lang='grc' dir='ltr'>καὶ</span> <span class='ocrx_word' id='word_1_405' title='bbox 1394 4537 1458 4609; x_wconf 84' lang='grc' dir='ltr'>δὴ</span> <span class='ocrx_word' id='word_1_406' title='bbox 1502 4536 1671 4607; x_wconf 83' lang='grc' dir='ltr'>σαφὲς</span> <span class='ocrx_word' id='word_1_407' title='bbox 1705 4535 1822 4600; x_wconf 78' lang='grc' dir='ltr'>πῶς</span> <span class='ocrx_word' id='word_1_408' title='bbox 1854 4572 1897 4626; x_wconf 80' lang='lat' dir='ltr'><strong>D</strong></span> 
     </span>
    </p>
   </div>
   <div class='ocr_carea' id='block_1_50' title="bbox 240 4627 1821 4701">
    <p class='ocr_par' dir='ltr' id='par_1_50' title="bbox 240 4627 1821 4701">
     <span class='ocr_line' id='line_1_50' title="bbox 240 4627 1821 4701; baseline -0.001 -19"><span class='ocrx_word' id='word_1_409' title='bbox 240 4629 335 4682; x_wconf 81' lang='grc' dir='ltr'>καὶ</span> <span class='ocrx_word' id='word_1_410' title='bbox 369 4631 497 4683; x_wconf 84' lang='grc' dir='ltr'>τίνα</span> <span class='ocrx_word' id='word_1_411' title='bbox 522 4629 757 4701; x_wconf 86' lang='grc' dir='ltr'>τρόπον,</span> <span class='ocrx_word' id='word_1_412' title='bbox 814 4630 1283 4683; x_wconf 80' lang='grc' dir='ltr'>ἀποτελεσθέντων</span> <span class='ocrx_word' id='word_1_413' title='bbox 1309 4629 1397 4683; x_wconf 80' lang='grc' dir='ltr'>διὰ</span> <span class='ocrx_word' id='word_1_414' title='bbox 1435 4629 1536 4700; x_wconf 88' lang='grc' dir='ltr'>τῆς</span> <span class='ocrx_word' id='word_1_415' title='bbox 1581 4627 1672 4682; x_wconf 86' lang='grc' dir='ltr'>τοῦ</span> <span class='ocrx_word' id='word_1_416' title='bbox 1705 4630 1821 4681; x_wconf 87' lang='grc' dir='ltr'>Σω-</span> 
     </span>
    </p>
   </div>
   <div class='ocr_carea' id='block_1_51' title="bbox 240 4721 1819 4796">
    <p class='ocr_par' dir='ltr' id='par_1_51' title="bbox 240 4721 1819 4796">
     <span class='ocr_line' id='line_1_51' title="bbox 240 4721 1819 4796; baseline -0.001 -20"><span class='ocrx_word' id='word_1_417' title='bbox 240 4721 408 4796; x_wconf 82' lang='grc' dir='ltr'>τῆρος</span> <span class='ocrx_word' id='word_1_418' title='bbox 434 4722 595 4794; x_wconf 80' lang='grc' dir='ltr'>ἡμῶν</span> <span class='ocrx_word' id='word_1_419' title='bbox 620 4723 942 4791; x_wconf 81' lang='grc' dir='ltr'>ἐπιφανείας</span> <span class='ocrx_word' id='word_1_420' title='bbox 965 4722 1074 4775; x_wconf 82' lang='grc' dir='ltr'>τῶν</span> <span class='ocrx_word' id='word_1_421' title='bbox 1102 4723 1533 4794; x_wconf 83' lang='grc' dir='ltr'>προειρημένων,</span> <span class='ocrx_word' id='word_1_422' title='bbox 1562 4722 1819 4794; x_wconf 81' lang='grc' dir='ltr'>ἐμφανῶν</span> 
     </span>
    </p>
   </div>
   <div class='ocr_carea' id='block_1_52' title="bbox 238 4804 1821 4888">
    <p class='ocr_par' dir='ltr' id='par_1_52' title="bbox 238 4804 1821 4888">
     <span class='ocr_line' id='line_1_52' title="bbox 238 4804 1821 4888; baseline 0.002 -22"><span class='ocrx_word' id='word_1_423' title='bbox 238 4830 299 4866; x_wconf 85' lang='grc' dir='ltr'>τε</span> <span class='ocrx_word' id='word_1_424' title='bbox 343 4814 655 4887; x_wconf 84' lang='grc' dir='ltr'>γενομένων</span> <span class='ocrx_word' id='word_1_425' title='bbox 687 4815 778 4868; x_wconf 89' lang='grc' dir='ltr'>τοῦ</span> <span class='ocrx_word' id='word_1_426' title='bbox 827 4832 887 4867; x_wconf 81' lang='grc' dir='ltr'>τε</span> <span class='ocrx_word' id='word_1_427' title='bbox 942 4804 1336 4885; x_wconf 79' lang='grc' dir='ltr'>ἀποδεδομένον</span> <span class='ocrx_word' id='word_1_428' title='bbox 1384 4815 1544 4888; x_wconf 78' lang='grc' dir='ltr'>ὅρους</span> <span class='ocrx_word' id='word_1_429' title='bbox 1590 4818 1681 4870; x_wconf 76' lang='grc' dir='ltr'>καὶ</span> <span class='ocrx_word' id='word_1_430' title='bbox 1727 4816 1821 4870; x_wconf 90' lang='grc' dir='ltr'>τοῦ</span> 
     </span>
    </p>
   </div>
   <div class='ocr_carea' id='block_1_53' title="bbox 236 4905 1823 4980">
    <p class='ocr_par' dir='ltr' id='par_1_53' title="bbox 236 4905 1823 4980">
     <span class='ocr_line' id='line_1_53' title="bbox 236 4905 1823 4980; baseline 0.003 -22"><span class='ocrx_word' id='word_1_431' title='bbox 236 4905 610 4978; x_wconf 73' lang='grc' dir='ltr'>δεδηλωμένου</span> <span class='ocrx_word' id='word_1_432' title='bbox 658 4905 806 4961; x_wconf 85' lang='grc' dir='ltr'>οἴκου</span> <span class='ocrx_word' id='word_1_433' title='bbox 833 4947 848 4973; x_wconf 96' lang='grc'>,</span> <span class='ocrx_word' id='word_1_434' title='bbox 884 4909 1044 4978; x_wconf 82' lang='grc' dir='ltr'>ἡμεῖς</span> <span class='ocrx_word' id='word_1_435' title='bbox 1079 4910 1129 4960; x_wconf 89' lang='grc' dir='ltr'>οἱ</span> <span class='ocrx_word' id='word_1_436' title='bbox 1171 4908 1230 4974; x_wconf 78' lang='grc' dir='ltr'>ἐξ</span> <span class='ocrx_word' id='word_1_437' title='bbox 1269 4906 1439 4960; x_wconf 88' lang='grc' dir='ltr'>ἐθνῶν</span> <span class='ocrx_word' id='word_1_438' title='bbox 1472 4907 1561 4961; x_wconf 88' lang='grc' dir='ltr'>διὰ</span> <span class='ocrx_word' id='word_1_439' title='bbox 1597 4909 1698 4980; x_wconf 87' lang='grc' dir='ltr'>τῆς</span> <span class='ocrx_word' id='word_1_440' title='bbox 1742 4911 1823 4972; x_wconf 84' lang='grc' dir='ltr'>εἰς</span> 
     </span>
    </p>
   </div>
   <div class='ocr_carea' id='block_1_54' title="bbox 233 5000 1823 5075">
    <p class='ocr_par' dir='ltr' id='par_1_54' title="bbox 233 5000 1823 5075">
     <span class='ocr_line' id='line_1_54' title="bbox 233 5000 1823 5075; baseline 0.002 -22"><span class='ocrx_word' id='word_1_441' title='bbox 233 5000 476 5070; x_wconf 75' lang='grc' dir='ltr'>Χριστὸν</span> <span class='ocrx_word' id='word_1_442' title='bbox 508 5002 601 5057; x_wconf 82' lang='grc' dir='ltr'>τὸν</span> <span class='ocrx_word' id='word_1_443' title='bbox 629 5002 758 5056; x_wconf 79' lang='grc' dir='ltr'>Υἱὸν</span> <span class='ocrx_word' id='word_1_444' title='bbox 804 5000 898 5056; x_wconf 90' lang='grc' dir='ltr'>τοῦ</span> <span class='ocrx_word' id='word_1_445' title='bbox 930 5000 1067 5055; x_wconf 88' lang='grc' dir='ltr'>Θεοῦ</span> <span class='ocrx_word' id='word_1_446' title='bbox 1101 5002 1335 5066; x_wconf 90' lang='grc' dir='ltr'>πίστεως</span> <span class='ocrx_word' id='word_1_447' title='bbox 1364 5003 1823 5075; x_wconf 87' lang='grc' dir='ltr'>προσεληλυθότες</span> 
     </span>
    </p>
   </div>
   <div class='ocr_carea' id='block_1_55' title="bbox 232 5089 1820 5167">
    <p class='ocr_par' dir='ltr' id='par_1_55' title="bbox 232 5089 1820 5167">
     <span class='ocr_line' id='line_1_55' title="bbox 232 5089 1820 5167; baseline 0.004 -26"><span class='ocrx_word' id='word_1_448' title='bbox 232 5089 313 5160; x_wconf 84' lang='grc' dir='ltr'>τῷ</span> <span class='ocrx_word' id='word_1_449' title='bbox 345 5090 458 5144; x_wconf 89' lang='grc' dir='ltr'>τῶν</span> <span class='ocrx_word' id='word_1_450' title='bbox 491 5092 626 5146; x_wconf 88' lang='grc' dir='ltr'>ὂλων</span> <span class='ocrx_word' id='word_1_451' title='bbox 673 5092 1017 5164; x_wconf 81' lang='grc' dir='ltr'>Θεῷ,πάλαι</span> <span class='ocrx_word' id='word_1_452' title='bbox 1062 5094 1162 5164; x_wconf 80' lang='grc' dir='ltr'>μὲν</span> <span class='ocrx_word' id='word_1_453' title='bbox 1200 5094 1518 5163; x_wconf 79' lang='grc' dir='ltr'>ἀγνοοῦντες</span> <span class='ocrx_word' id='word_1_454' title='bbox 1561 5096 1630 5149; x_wconf 83' lang='grc' dir='ltr'>τὰ</span> <span class='ocrx_word' id='word_1_455' title='bbox 1670 5095 1820 5167; x_wconf 80' lang='grc' dir='ltr'>τηλι-</span> 
     </span>
    </p>
   </div>
   <div class='ocr_carea' id='block_1_56' title="bbox 233 5173 1819 5259">
    <p class='ocr_par' dir='ltr' id='par_1_56' title="bbox 233 5173 1819 5259">
     <span class='ocr_line' id='line_1_56' title="bbox 233 5173 1819 5259; baseline 0.005 -26"><span class='ocrx_word' id='word_1_456' title='bbox 233 5173 437 5248; x_wconf 67' lang='grc' dir='ltr'>καῦτα,</span> <span class='ocrx_word' id='word_1_457' title='bbox 461 5185 578 5237; x_wconf 76' lang='grc' dir='ltr'>νυνὶ</span> <span class='ocrx_word' id='word_1_458' title='bbox 606 5185 664 5238; x_wconf 77' lang='grc' dir='ltr'>δὲ</span> <span class='ocrx_word' id='word_1_459' title='bbox 701 5185 791 5239; x_wconf 88' lang='grc' dir='ltr'>διά</span> <span class='ocrx_word' id='word_1_460' title='bbox 820 5186 918 5258; x_wconf 85' lang='grc' dir='ltr'>τὴν</span> <span class='ocrx_word' id='word_1_461' title='bbox 943 5187 1093 5241; x_wconf 85' lang='grc' dir='ltr'>θείαν</span> <span class='ocrx_word' id='word_1_462' title='bbox 1126 5187 1284 5259; x_wconf 86' lang='grc' dir='ltr'>χάριν</span> <span class='ocrx_word' id='word_1_463' title='bbox 1313 5188 1624 5254; x_wconf 85' lang='grc' dir='ltr'>ἐπιγνόντες</span> <span class='ocrx_word' id='word_1_464' title='bbox 1658 5187 1819 5251; x_wconf 81' lang='grc' dir='ltr'>αὐτὰ,</span> 
     </span>
    </p>
   </div>
   <div class='ocr_carea' id='block_1_57' title="bbox 233 5274 1816 5352">
    <p class='ocr_par' dir='ltr' id='par_1_57' title="bbox 233 5274 1816 5352">
     <span class='ocr_line' id='line_1_57' title="bbox 233 5274 1816 5352; baseline 0.005 -26"><span class='ocrx_word' id='word_1_465' title='bbox 233 5274 724 5348; x_wconf 85' lang='grc' dir='ltr'>προσεληλύθαμεν</span> <span class='ocrx_word' id='word_1_466' title='bbox 765 5278 901 5332; x_wconf 87' lang='grc' dir='ltr'>Σιὼν</span> <span class='ocrx_word' id='word_1_467' title='bbox 943 5279 1056 5352; x_wconf 77' lang='grc' dir='ltr'>ὄρει</span> <span class='ocrx_word' id='word_1_468' title='bbox 1100 5279 1194 5333; x_wconf 78' lang='grc' dir='ltr'>καὶ</span> <span class='ocrx_word' id='word_1_469' title='bbox 1232 5279 1383 5333; x_wconf 88' lang='grc' dir='ltr'>πόλει</span> <span class='ocrx_word' id='word_1_470' title='bbox 1412 5280 1545 5333; x_wconf 87' lang='grc' dir='ltr'>Θεοῦ</span> <span class='ocrx_word' id='word_1_471' title='bbox 1596 5279 1816 5345; x_wconf 80' lang='grc' dir='ltr'>ζῶντος,</span> 
     </span>
    </p>
   </div>
   <div class='ocr_carea' id='block_1_58' title="bbox 244 5364 1819 5441">
    <p class='ocr_par' dir='ltr' id='par_1_58' title="bbox 244 5364 1819 5441">
     <span class='ocr_line' id='line_1_58' title="bbox 244 5364 1819 5441; baseline 0.004 -24"><span class='ocrx_word' id='word_1_472' title='bbox 244 5364 610 5440; x_wconf 81' lang='grc' dir='ltr'>Ἰερουσαλὴμ</span> <span class='ocrx_word' id='word_1_473' title='bbox 627 5369 953 5441; x_wconf 81' lang='grc' dir='ltr'>ἐπουρανίῳ·</span> <span class='ocrx_word' id='word_1_474' title='bbox 972 5371 1068 5423; x_wconf 73' lang='grc' dir='ltr'>καὶ</span> <span class='ocrx_word' id='word_1_475' title='bbox 1086 5370 1180 5423; x_wconf 81' lang='grc' dir='ltr'>ἆτε</span> <span class='ocrx_word' id='word_1_476' title='bbox 1204 5369 1582 5433; x_wconf 74' lang='grc' dir='ltr'>παιδευθέντες</span> <span class='ocrx_word' id='word_1_477' title='bbox 1602 5370 1709 5424; x_wconf 82' lang='grc' dir='ltr'>ὑπὸ</span> <span class='ocrx_word' id='word_1_478' title='bbox 1721 5369 1819 5424; x_wconf 90' lang='grc' dir='ltr'>τοῦ</span> 
     </span>
    </p>
   </div>
   <div class='ocr_carea' id='block_1_59' title="bbox 233 5452 1821 5534">
    <p class='ocr_par' dir='ltr' id='par_1_59' title="bbox 233 5452 1821 5534">
     <span class='ocr_line' id='line_1_59' title="bbox 233 5452 1821 5534; baseline 0.006 -29"><span class='ocrx_word' id='word_1_479' title='bbox 233 5452 621 5526; x_wconf 82' lang='grc' dir='ltr'>ἐξεληλυθότος</span> <span class='ocrx_word' id='word_1_480' title='bbox 652 5460 685 5531; x_wconf 81' lang='grc' dir='ltr'>ἦ</span> <span class='ocrx_word' id='word_1_481' title='bbox 715 5462 811 5514; x_wconf 78' lang='grc' dir='ltr'>καὶ</span> <span class='ocrx_word' id='word_1_482' title='bbox 835 5459 1273 5532; x_wconf 84' lang='grc' dir='ltr'>καταϐεϐηκότος</span> <span class='ocrx_word' id='word_1_483' title='bbox 1295 5463 1357 5515; x_wconf 91' lang='grc' dir='ltr'>ἐκ</span> <span class='ocrx_word' id='word_1_484' title='bbox 1378 5462 1477 5531; x_wconf 83' lang='grc' dir='ltr'>τῆς</span> <span class='ocrx_word' id='word_1_485' title='bbox 1498 5463 1821 5534; x_wconf 85' lang='grc' dir='ltr'>ἐπουρανίου</span> 
     </span>
    </p>
   </div>
   <div class='ocr_carea' id='block_1_60' title="bbox 245 5545 1823 5627">
    <p class='ocr_par' dir='ltr' id='par_1_60' title="bbox 245 5545 1823 5627">
     <span class='ocr_line' id='line_1_60' title="bbox 245 5545 1823 5627; baseline 0.007 -28"><span class='ocrx_word' id='word_1_486' title='bbox 245 5545 608 5624; x_wconf 83' lang='grc' dir='ltr'>Ἰερουσαλὴμ</span> <span class='ocrx_word' id='word_1_487' title='bbox 632 5554 805 5623; x_wconf 91' lang='grc' dir='ltr'>Λόγου</span> <span class='ocrx_word' id='word_1_488' title='bbox 827 5553 983 5617; x_wconf 88' lang='grc' dir='ltr'>Θεοῦ,</span> <span class='ocrx_word' id='word_1_489' title='bbox 1009 5554 1082 5618; x_wconf 84' lang='grc' dir='ltr'>ὼς</span> <span class='ocrx_word' id='word_1_490' title='bbox 1104 5573 1121 5604; x_wconf 82' lang='grc' dir='ltr'>ι</span> <span class='ocrx_word' id='word_1_491' title='bbox 1136 5554 1256 5608; x_wconf 83' lang='grc' dir='ltr'>’Ότι</span> <span class='ocrx_word' id='word_1_492' title='bbox 1286 5557 1323 5626; x_wconf 76' lang='grc' dir='ltr'><strong>ἠ</strong></span> <span class='ocrx_word' id='word_1_493' title='bbox 1344 5556 1456 5609; x_wconf 80' lang='grc' dir='ltr'>ἄνω</span> <span class='ocrx_word' id='word_1_494' title='bbox 1471 5555 1823 5627; x_wconf 84' lang='grc' dir='ltr'>Ἰερουσαλὴμ</span> 
     </span>
    </p>
   </div>
   <div class='ocr_carea' id='block_1_61' title="bbox 233 5639 1821 5719">
    <p class='ocr_par' dir='ltr' id='par_1_61' title="bbox 233 5639 1821 5719">
     <span class='ocr_line' id='line_1_61' title="bbox 233 5639 1821 5719; baseline 0.005 -27"><span class='ocrx_word' id='word_1_495' title='bbox 233 5639 505 5714; x_wconf 82' lang='grc' dir='ltr'>ἐλευθέρα</span> <span class='ocrx_word' id='word_1_496' title='bbox 538 5647 706 5709; x_wconf 74' lang='grc' dir='ltr'>ἐστὶν,</span> <span class='ocrx_word' id='word_1_497' title='bbox 732 5646 853 5714; x_wconf 76' lang='grc' dir='ltr'>ἥτις</span> <span class='ocrx_word' id='word_1_498' title='bbox 898 5648 1017 5700; x_wconf 75' lang='grc' dir='ltr'>ἐστὶ</span> <span class='ocrx_word' id='word_1_499' title='bbox 1050 5647 1232 5719; x_wconf 78' lang='grc' dir='ltr'>μήτηρ</span> <span class='ocrx_word' id='word_1_500' title='bbox 1254 5646 1410 5719; x_wconf 73' lang='grc' dir='ltr'>ἡμῶν</span> <span class='ocrx_word' id='word_1_501' title='bbox 1430 5665 1442 5676; x_wconf 90' lang='grc'>·</span> <span class='ocrx_word' id='word_1_502' title='bbox 1472 5667 1487 5698; x_wconf 84' lang='lat' dir='ltr'><strong>r</strong></span> <span class='ocrx_word' id='word_1_503' title='bbox 1515 5646 1608 5699; x_wconf 71' lang='grc' dir='ltr'>ἐπὶ</span> <span class='ocrx_word' id='word_1_504' title='bbox 1632 5647 1821 5701; x_wconf 87' lang='grc' dir='ltr'>τοῦτον</span> 
     </span>
    </p>
   </div>
   <div class='ocr_carea' id='block_1_62' title="bbox 310 5842 1481 5914">
    <p class='ocr_par' dir='ltr' id='par_1_62' title="bbox 310 5842 1481 5914">
     <span class='ocr_line' id='line_1_62' title="bbox 310 5842 1481 5914; baseline 0.002 -18"><span class='ocrx_word' id='word_1_505' title='bbox 310 5843 328 5873; x_wconf 77' lang='grc'>³</span> <span class='ocrx_word' id='word_1_506' title='bbox 358 5842 468 5897; x_wconf 83' lang='lat' dir='ltr'><strong>lsa.</strong></span> <span class='ocrx_word' id='word_1_507' title='bbox 506 5859 545 5914; x_wconf 90' lang='lat' dir='ltr'><strong>I,</strong></span> <span class='ocrx_word' id='word_1_508' title='bbox 573 5846 720 5902; x_wconf 70' lang='lat'>8-15.</span> <span class='ocrx_word' id='word_1_509' title='bbox 802 5849 822 5877; x_wconf 81' lang='grc'>²</span> <span class='ocrx_word' id='word_1_510' title='bbox 864 5847 989 5903; x_wconf 83' lang='lat' dir='ltr'><strong>ibid.</strong></span> <span class='ocrx_word' id='word_1_511' title='bbox 1028 5846 1107 5902; x_wconf 66' lang='lat' dir='ltr'><strong>il.</strong></span> <span class='ocrx_word' id='word_1_512' title='bbox 1189 5846 1359 5902; x_wconf 70' lang='lat' dir='ltr'>3ibid.</span> <span class='ocrx_word' id='word_1_513' title='bbox 1392 5845 1481 5901; x_wconf 78' lang='grc'>30.</span> 
     </span>
    </p>
   </div>
   <div class='ocr_carea' id='block_1_63' title="bbox 1956 587 3533 662">
    <p class='ocr_par' dir='ltr' id='par_1_63' title="bbox 1956 587 3533 662">
     <span class='ocr_line' id='line_1_63' title="bbox 1956 587 3533 662; baseline 0.006 -21"><span class='ocrx_word' id='word_1_514' title='bbox 1956 594 2169 643; x_wconf 85' lang='lat' dir='ltr'><strong>vestras</strong></span> <span class='ocrx_word' id='word_1_515' title='bbox 2207 602 2316 643; x_wconf 87' lang='lat' dir='ltr'>non</span> <span class='ocrx_word' id='word_1_516' title='bbox 2355 587 2551 655; x_wconf 76' lang='lat' dir='ltr'><strong>feram,</strong></span> <span class='ocrx_word' id='word_1_517' title='bbox 2599 589 2774 662; x_wconf 83' lang='lat' dir='ltr'><strong>iniqui</strong></span> <span class='ocrx_word' id='word_1_518' title='bbox 2821 602 2951 649; x_wconf 70' lang='lat' dir='ltr'><strong>aunt</strong></span> <span class='ocrx_word' id='word_1_519' title='bbox 2980 597 3157 651; x_wconf 61' lang='lat' dir='ltr'><strong>editus</strong></span> <span class='ocrx_word' id='word_1_520' title='bbox 3198 596 3408 652; x_wconf 88' lang='lat' dir='ltr'><strong>vestri:</strong></span> <span class='ocrx_word' id='word_1_521' title='bbox 3439 612 3533 654; x_wconf 85' lang='lat' dir='ltr'><strong>so-</strong></span> 
     </span>
    </p>
   </div>
   <div class='ocr_carea' id='block_1_64' title="bbox 1955 680 3532 747">
    <p class='ocr_par' dir='ltr' id='par_1_64' title="bbox 1955 680 3532 747">
     <span class='ocr_line' id='line_1_64' title="bbox 1955 680 3532 747; baseline 0.005 -12"><span class='ocrx_word' id='word_1_522' title='bbox 1955 680 2266 735; x_wconf 84' lang='lat' dir='ltr'><strong>lemnitates</strong></span> <span class='ocrx_word' id='word_1_523' title='bbox 2303 687 2516 736; x_wconf 87' lang='lat' dir='ltr'><strong>vestras</strong></span> <span class='ocrx_word' id='word_1_524' title='bbox 2563 682 2739 739; x_wconf 86' lang='lat' dir='ltr'><strong>odivit</strong></span> <span class='ocrx_word' id='word_1_525' title='bbox 2781 687 2964 741; x_wconf 84' lang='lat' dir='ltr'><strong>anima</strong></span> <span class='ocrx_word' id='word_1_526' title='bbox 3011 682 3134 747; x_wconf 86' lang='lat' dir='ltr'><strong>mea</strong></span> <span class='ocrx_word' id='word_1_527' title='bbox 3163 705 3177 741; x_wconf 91' lang='lat'><strong>:</strong></span> <span class='ocrx_word' id='word_1_528' title='bbox 3204 686 3349 743; x_wconf 76' lang='lat' dir='ltr'><strong>facta</strong></span> <span class='ocrx_word' id='word_1_529' title='bbox 3399 697 3532 743; x_wconf 91' lang='lat' dir='ltr'><strong>sunt</strong></span> 
     </span>
    </p>
   </div>
   <div class='ocr_carea' id='block_1_65' title="bbox 1955 770 3534 837">
    <p class='ocr_par' dir='ltr' id='par_1_65' title="bbox 1955 770 3534 837">
     <span class='ocr_line' id='line_1_65' title="bbox 1955 770 3534 837; baseline 0.006 -10"><span class='ocrx_word' id='word_1_530' title='bbox 1955 770 2088 827; x_wconf 90' lang='lat' dir='ltr'><strong>mihi</strong></span> <span class='ocrx_word' id='word_1_531' title='bbox 2117 772 2366 837; x_wconf 86' lang='lat' dir='ltr'><strong>molesta,</strong></span> <span class='ocrx_word' id='word_1_532' title='bbox 2396 772 2637 830; x_wconf 84' lang='lat' dir='ltr'>laboravi</span> <span class='ocrx_word' id='word_1_533' title='bbox 2667 775 2970 833; x_wconf 81' lang='lat' dir='ltr'><strong>snstinens.</strong></span> <span class='ocrx_word' id='word_1_534' title='bbox 3007 776 3074 831; x_wconf 91' lang='lat' dir='ltr'><strong>Et</strong></span> <span class='ocrx_word' id='word_1_535' title='bbox 3104 794 3229 835; x_wconf 89' lang='lat' dir='ltr'><strong>cum</strong></span> <span class='ocrx_word' id='word_1_536' title='bbox 3275 781 3534 837; x_wconf 78' lang='lat' dir='ltr'><strong>extende-</strong></span> 
     </span>
    </p>
   </div>
   <div class='ocr_carea' id='block_1_66' title="bbox 1954 862 3531 930">
    <p class='ocr_par' dir='ltr' id='par_1_66' title="bbox 1954 862 3531 930">
     <span class='ocr_line' id='line_1_66' title="bbox 1954 862 3531 930; baseline 0.008 -14"><span class='ocrx_word' id='word_1_537' title='bbox 1954 862 2079 918; x_wconf 91' lang='lat' dir='ltr'><strong>ritis</strong></span> <span class='ocrx_word' id='word_1_538' title='bbox 2104 879 2298 920; x_wconf 89' lang='lat' dir='ltr'><strong>manus</strong></span> <span class='ocrx_word' id='word_1_539' title='bbox 2330 874 2565 930; x_wconf 89' lang='lat' dir='ltr'><strong>vestras,</strong></span> <span class='ocrx_word' id='word_1_540' title='bbox 2602 874 2844 924; x_wconf 78' lang='lat' dir='ltr'>avertam</span> <span class='ocrx_word' id='word_1_541' title='bbox 2873 871 3063 926; x_wconf 88' lang='lat' dir='ltr'><strong>oculos</strong></span> <span class='ocrx_word' id='word_1_542' title='bbox 3092 887 3245 929; x_wconf 89' lang='lat' dir='ltr'><strong>meos</strong></span> <span class='ocrx_word' id='word_1_543' title='bbox 3273 885 3305 926; x_wconf 89' lang='lat' dir='ltr'><strong>a</strong></span> <span class='ocrx_word' id='word_1_544' title='bbox 3336 874 3531 929; x_wconf 75' lang='lat' dir='ltr'><strong>Vobis:</strong></span> 
     </span>
    </p>
   </div>
   <div class='ocr_carea' id='block_1_67' title="bbox 1954 957 3530 1028">
    <p class='ocr_par' dir='ltr' id='par_1_67' title="bbox 1954 957 3530 1028">
     <span class='ocr_line' id='line_1_67' title="bbox 1954 957 3530 1028; baseline 0.006 -19"><span class='ocrx_word' id='word_1_545' title='bbox 1954 960 2009 1009; x_wconf 87' lang='lat' dir='ltr'><strong>et</strong></span> <span class='ocrx_word' id='word_1_546' title='bbox 2036 970 2162 1009; x_wconf 90' lang='lat' dir='ltr'><strong>cum</strong></span> <span class='ocrx_word' id='word_1_547' title='bbox 2187 957 2684 1028; x_wconf 89' lang='lat' dir='ltr'><strong>multiplicaveritis</strong></span> <span class='ocrx_word' id='word_1_548' title='bbox 2707 962 3031 1028; x_wconf 87' lang='lat' dir='ltr'><strong>orationem,</strong></span> <span class='ocrx_word' id='word_1_549' title='bbox 3067 978 3177 1018; x_wconf 89' lang='lat' dir='ltr'>non</span> <span class='ocrx_word' id='word_1_550' title='bbox 3198 965 3487 1019; x_wconf 73' lang='lat' dir='ltr'><strong>exaudiam</strong></span> <span class='ocrx_word' id='word_1_551' title='bbox 3516 982 3530 1020; x_wconf 90' lang='lat'><strong>:</strong></span> 
     </span>
    </p>
   </div>
   <div class='ocr_carea' id='block_1_68' title="bbox 1954 1047 3533 1124">
    <p class='ocr_par' dir='ltr' id='par_1_68' title="bbox 1954 1047 3533 1124">
     <span class='ocr_line' id='line_1_68' title="bbox 1954 1047 3533 1124; baseline 0.009 -27"><span class='ocrx_word' id='word_1_552' title='bbox 1954 1059 2151 1101; x_wconf 87' lang='lat' dir='ltr'><strong>manus</strong></span> <span class='ocrx_word' id='word_1_553' title='bbox 2189 1047 2333 1102; x_wconf 90' lang='lat' dir='ltr'><strong>enim</strong></span> <span class='ocrx_word' id='word_1_554' title='bbox 2365 1058 2560 1103; x_wconf 67' lang='lat' dir='ltr'><strong>vestrae</strong></span> <span class='ocrx_word' id='word_1_555' title='bbox 2606 1050 2874 1121; x_wconf 84' lang='lat' dir='ltr'>sanguine</span> <span class='ocrx_word' id='word_1_556' title='bbox 2902 1052 3074 1124; x_wconf 83' lang='lat' dir='ltr'>plenae</span> <span class='ocrx_word' id='word_1_557' title='bbox 3100 1062 3230 1108; x_wconf 87' lang='lat' dir='ltr'><strong>sunt</strong></span> <span class='ocrx_word' id='word_1_558' title='bbox 3254 1056 3293 1109; x_wconf 77' lang='grc'>⁸.</span> <span class='ocrx_word' id='word_1_559' title='bbox 3324 1075 3345 1108; x_wconf 76' lang='grc' dir='ltr'>ι</span> <span class='ocrx_word' id='word_1_560' title='bbox 3398 1054 3533 1111; x_wconf 84' lang='lat' dir='ltr'><strong>Ani-</strong></span> 
     </span>
    </p>
   </div>
   <div class='ocr_carea' id='block_1_69' title="bbox 1954 1137 3532 1219">
    <p class='ocr_par' dir='ltr' id='par_1_69' title="bbox 1954 1137 3532 1219">
     <span class='ocr_line' id='line_1_69' title="bbox 1954 1137 3532 1219; baseline 0.007 -28"><span class='ocrx_word' id='word_1_561' title='bbox 1954 1137 2229 1195; x_wconf 85' lang='lat' dir='ltr'><strong>madverte</strong></span> <span class='ocrx_word' id='word_1_562' title='bbox 2261 1142 2536 1212; x_wconf 91' lang='lat' dir='ltr'><strong>quomodo</strong></span> <span class='ocrx_word' id='word_1_563' title='bbox 2577 1143 2879 1215; x_wconf 81' lang='lat' dir='ltr'>Scriptura,</span> <span class='ocrx_word' id='word_1_564' title='bbox 2924 1145 3010 1202; x_wconf 87' lang='lat' dir='ltr'><strong>his</strong></span> <span class='ocrx_word' id='word_1_565' title='bbox 3043 1148 3302 1203; x_wconf 85' lang='lat' dir='ltr'><strong>omnibus</strong></span> <span class='ocrx_word' id='word_1_566' title='bbox 3330 1151 3532 1219; x_wconf 61' lang='lat' dir='ltr'><strong>expro-</strong></span> 
     </span>
    </p>
   </div>
   <div class='ocr_carea' id='block_1_70' title="bbox 1951 1230 3529 1309">
    <p class='ocr_par' dir='ltr' id='par_1_70' title="bbox 1951 1230 3529 1309">
     <span class='ocr_line' id='line_1_70' title="bbox 1951 1230 3529 1309; baseline 0.008 -27"><span class='ocrx_word' id='word_1_567' title='bbox 1951 1230 2118 1296; x_wconf 84' lang='lat' dir='ltr'><strong>batis,</strong></span> <span class='ocrx_word' id='word_1_568' title='bbox 2154 1248 2331 1302; x_wconf 88' lang='lat' dir='ltr'><strong>neque</strong></span> <span class='ocrx_word' id='word_1_569' title='bbox 2364 1233 2732 1289; x_wconf 87' lang='lat' dir='ltr'><strong>idololatriam</strong></span> <span class='ocrx_word' id='word_1_570' title='bbox 2762 1235 2872 1299; x_wconf 88' lang='lat' dir='ltr'><strong>hic.</strong></span> <span class='ocrx_word' id='word_1_571' title='bbox 2917 1252 3096 1309; x_wconf 91' lang='lat' dir='ltr'><strong>neque</strong></span> <span class='ocrx_word' id='word_1_572' title='bbox 3123 1239 3285 1294; x_wconf 88' lang='lat' dir='ltr'><strong>aliam</strong></span> <span class='ocrx_word' id='word_1_573' title='bbox 3316 1242 3397 1297; x_wconf 87' lang='lat' dir='ltr'><strong>eis</strong></span> <span class='ocrx_word' id='word_1_574' title='bbox 3430 1241 3529 1295; x_wconf 91' lang='lat' dir='ltr'><strong>ini-</strong></span> 
     </span>
    </p>
   </div>
   <div class='ocr_carea' id='block_1_71' title="bbox 1952 1323 3527 1401">
    <p class='ocr_par' dir='ltr' id='par_1_71' title="bbox 1952 1323 3527 1401">
     <span class='ocr_line' id='line_1_71' title="bbox 1952 1323 3527 1401; baseline 0.008 -25"><span class='ocrx_word' id='word_1_575' title='bbox 1952 1323 2212 1394; x_wconf 83' lang='lat' dir='ltr'><strong>quitatem</strong></span> <span class='ocrx_word' id='word_1_576' title='bbox 2244 1325 2457 1395; x_wconf 85' lang='lat' dir='ltr'>objicit,</span> <span class='ocrx_word' id='word_1_577' title='bbox 2500 1344 2679 1398; x_wconf 90' lang='lat' dir='ltr'><strong>neque</strong></span> <span class='ocrx_word' id='word_1_578' title='bbox 2710 1330 3037 1401; x_wconf 79' lang='lat' dir='ltr'><strong>sanguinum</strong></span> <span class='ocrx_word' id='word_1_579' title='bbox 3079 1334 3396 1399; x_wconf 87' lang='lat' dir='ltr'><strong>multorum,</strong></span> <span class='ocrx_word' id='word_1_580' title='bbox 3431 1336 3527 1391; x_wconf 89' lang='lat' dir='ltr'>sed</span> 
     </span>
    </p>
   </div>
   <div class='ocr_carea' id='block_1_72' title="bbox 1952 1406 3529 1491">
    <p class='ocr_par' dir='ltr' id='par_1_72' title="bbox 1952 1406 3529 1491">
     <span class='ocr_line' id='line_1_72' title="bbox 1952 1406 3529 1491; baseline 0.008 -21"><span class='ocrx_word' id='word_1_581' title='bbox 1952 1417 2116 1472; x_wconf 84' lang='lat' dir='ltr'><strong>unius</strong></span> <span class='ocrx_word' id='word_1_582' title='bbox 2144 1419 2431 1488; x_wconf 86' lang='lat' dir='ltr'>cujusdam</span> <span class='ocrx_word' id='word_1_583' title='bbox 2458 1423 2840 1490; x_wconf 80' lang='lat' dir='ltr'><strong>praecellentis,</strong></span> <span class='ocrx_word' id='word_1_584' title='bbox 2889 1424 3094 1480; x_wconf 84' lang='lat' dir='ltr'><strong>Christi</strong></span> <span class='ocrx_word' id='word_1_585' title='bbox 3133 1406 3362 1491; x_wconf 87' lang='lat' dir='ltr'><strong>scilicet,</strong></span> <span class='ocrx_word' id='word_1_586' title='bbox 3393 1428 3529 1491; x_wconf 74' lang='lat' dir='ltr'><strong>etfu-</strong></span> 
     </span>
    </p>
   </div>
   <div class='ocr_carea' id='block_1_73' title="bbox 1950 1508 3527 1585">
    <p class='ocr_par' dir='ltr' id='par_1_73' title="bbox 1950 1508 3527 1585">
     <span class='ocr_line' id='line_1_73' title="bbox 1950 1508 3527 1585; baseline 0.004 -21"><span class='ocrx_word' id='word_1_587' title='bbox 1950 1508 2157 1564; x_wconf 89' lang='lat' dir='ltr'><strong>sionem</strong></span> <span class='ocrx_word' id='word_1_588' title='bbox 2193 1510 2263 1563; x_wconf 91' lang='lat' dir='ltr'>ob</span> <span class='ocrx_word' id='word_1_589' title='bbox 2293 1525 2455 1580; x_wconf 90' lang='lat' dir='ltr'><strong>quem</strong></span> <span class='ocrx_word' id='word_1_590' title='bbox 2509 1511 2794 1581; x_wconf 86' lang='lat' dir='ltr'><strong>Scriptura</strong></span> <span class='ocrx_word' id='word_1_591' title='bbox 2842 1528 3103 1584; x_wconf 81' lang='lat' dir='ltr'>expresse</span> <span class='ocrx_word' id='word_1_592' title='bbox 3142 1516 3401 1585; x_wconf 80' lang='lat' dir='ltr'><strong>populum</strong></span> <span class='ocrx_word' id='word_1_593' title='bbox 3442 1518 3527 1571; x_wconf 90' lang='lat' dir='ltr'><strong>in-</strong></span> 
     </span>
    </p>
   </div>
   <div class='ocr_carea' id='block_1_74' title="bbox 1948 1602 3527 1679">
    <p class='ocr_par' dir='ltr' id='par_1_74' title="bbox 1948 1602 3527 1679">
     <span class='ocr_line' id='line_1_74' title="bbox 1948 1602 3527 1679; baseline 0.006 -24"><span class='ocrx_word' id='word_1_594' title='bbox 1948 1611 2136 1670; x_wconf 87' lang='lat' dir='ltr'><strong>crepat</strong></span> <span class='ocrx_word' id='word_1_595' title='bbox 2187 1602 2377 1659; x_wconf 89' lang='lat' dir='ltr'><strong>dicens</strong></span> <span class='ocrx_word' id='word_1_596' title='bbox 2421 1622 2435 1657; x_wconf 91' lang='lat'><strong>:</strong></span> <span class='ocrx_word' id='word_1_597' title='bbox 2477 1623 2495 1654; x_wconf 81' lang='grc' dir='ltr'>ι</span> <span class='ocrx_word' id='word_1_598' title='bbox 2528 1603 2722 1660; x_wconf 83' lang='lat' dir='ltr'><strong>Manus</strong></span> <span class='ocrx_word' id='word_1_599' title='bbox 2783 1615 2979 1661; x_wconf 67' lang='lat' dir='ltr'><strong>vestrae</strong></span> <span class='ocrx_word' id='word_1_600' title='bbox 3031 1607 3296 1678; x_wconf 82' lang='lat' dir='ltr'><strong>sanguine</strong></span> <span class='ocrx_word' id='word_1_601' title='bbox 3352 1608 3527 1679; x_wconf 73' lang='lat' dir='ltr'><strong>plenae</strong></span> 
     </span>
    </p>
   </div>
   <div class='ocr_carea' id='block_1_75' title="bbox 1949 1692 3526 1766">
    <p class='ocr_par' dir='ltr' id='par_1_75' title="bbox 1949 1692 3526 1766">
     <span class='ocr_line' id='line_1_75' title="bbox 1949 1692 3526 1766; baseline 0.006 -19"><span class='ocrx_word' id='word_1_602' title='bbox 1949 1693 2118 1747; x_wconf 80' lang='lat' dir='ltr'><strong>sunt?</strong></span> <span class='ocrx_word' id='word_1_603' title='bbox 2153 1712 2170 1744; x_wconf 73' lang='grc' dir='ltr'>ι</span> <span class='ocrx_word' id='word_1_604' title='bbox 2207 1692 2550 1765; x_wconf 84' lang='lat' dir='ltr'><strong>Quapropter</strong></span> <span class='ocrx_word' id='word_1_605' title='bbox 2576 1696 2839 1749; x_wconf 89' lang='lat' dir='ltr'><strong>continuo</strong></span> <span class='ocrx_word' id='word_1_606' title='bbox 2891 1697 3080 1766; x_wconf 84' lang='lat' dir='ltr'><strong>adjicit</strong></span> <span class='ocrx_word' id='word_1_607' title='bbox 3122 1718 3135 1753; x_wconf 92' lang='lat'>:</span> <span class='ocrx_word' id='word_1_608' title='bbox 3193 1717 3212 1748; x_wconf 75' lang='grc' dir='ltr'>ι</span> <span class='ocrx_word' id='word_1_609' title='bbox 3242 1697 3526 1766; x_wconf 80' lang='lat' dir='ltr'>Quomodo</span> 
     </span>
    </p>
   </div>
   <div class='ocr_carea' id='block_1_76' title="bbox 1948 1774 3526 1859">
    <p class='ocr_par' dir='ltr' id='par_1_76' title="bbox 1948 1774 3526 1859">
     <span class='ocr_line' id='line_1_76' title="bbox 1948 1774 3526 1859; baseline 0.006 -23"><span class='ocrx_word' id='word_1_610' title='bbox 1948 1782 2093 1838; x_wconf 83' lang='lat' dir='ltr'><strong>facta</strong></span> <span class='ocrx_word' id='word_1_611' title='bbox 2123 1794 2208 1839; x_wconf 90' lang='lat' dir='ltr'>est</span> <span class='ocrx_word' id='word_1_612' title='bbox 2238 1787 2495 1840; x_wconf 80' lang='lat' dir='ltr'><strong>meretrix</strong></span> <span class='ocrx_word' id='word_1_613' title='bbox 2526 1786 2724 1842; x_wconf 86' lang='lat' dir='ltr'><strong>civitas</strong></span> <span class='ocrx_word' id='word_1_614' title='bbox 2757 1787 2954 1853; x_wconf 83' lang='lat' dir='ltr'><strong>ﬁdelis,</strong></span> <span class='ocrx_word' id='word_1_615' title='bbox 2987 1774 3147 1859; x_wconf 86' lang='lat' dir='ltr'><strong>plena</strong></span> <span class='ocrx_word' id='word_1_616' title='bbox 3171 1790 3404 1859; x_wconf 85' lang='lat' dir='ltr'><strong>judicii?</strong></span> <span class='ocrx_word' id='word_1_617' title='bbox 3427 1789 3526 1856; x_wconf 83' lang='lat' dir='ltr'>Ju-</span> 
     </span>
    </p>
   </div>
   <div class='ocr_carea' id='block_1_77' title="bbox 1945 1874 3523 1939">
    <p class='ocr_par' dir='ltr' id='par_1_77' title="bbox 1945 1874 3523 1939">
     <span class='ocr_line' id='line_1_77' title="bbox 1945 1874 3523 1939; baseline 0.004 -9"><span class='ocrx_word' id='word_1_618' title='bbox 1945 1875 2093 1930; x_wconf 90' lang='lat' dir='ltr'><strong>stitia</strong></span> <span class='ocrx_word' id='word_1_619' title='bbox 2128 1874 2394 1930; x_wconf 83' lang='lat' dir='ltr'><strong>habitavit</strong></span> <span class='ocrx_word' id='word_1_620' title='bbox 2422 1877 2476 1930; x_wconf 92' lang='lat' dir='ltr'>in</span> <span class='ocrx_word' id='word_1_621' title='bbox 2498 1892 2583 1938; x_wconf 90' lang='lat' dir='ltr'><strong>ea,</strong></span> <span class='ocrx_word' id='word_1_622' title='bbox 2612 1892 2759 1932; x_wconf 89' lang='lat' dir='ltr'><strong>nunc</strong></span> <span class='ocrx_word' id='word_1_623' title='bbox 2787 1886 2967 1933; x_wconf 91' lang='lat' dir='ltr'><strong>autem</strong></span> <span class='ocrx_word' id='word_1_624' title='bbox 2999 1879 3360 1935; x_wconf 65' lang='lat' dir='ltr'><strong>homicidae”?</strong></span> <span class='ocrx_word' id='word_1_625' title='bbox 3387 1900 3406 1933; x_wconf 76' lang='grc' dir='ltr'>ι</span> <span class='ocrx_word' id='word_1_626' title='bbox 3445 1876 3523 1939; x_wconf 81' lang='lat' dir='ltr'><strong>Ac</strong></span> 
     </span>
    </p>
   </div>
   <div class='ocr_carea' id='block_1_78' title="bbox 1945 1954 3525 2049">
    <p class='ocr_par' dir='ltr' id='par_1_78' title="bbox 1945 1954 3525 2049">
     <span class='ocr_line' id='line_1_78' title="bbox 1945 1954 3525 2049; baseline 0.001 -25"><span class='ocrx_word' id='word_1_627' title='bbox 1945 1973 2134 2038; x_wconf 89' lang='lat' dir='ltr'><strong>postea</strong></span> <span class='ocrx_word' id='word_1_628' title='bbox 2179 1981 2401 2022; x_wconf 88' lang='lat' dir='ltr'><strong>rursum</strong></span> <span class='ocrx_word' id='word_1_629' title='bbox 2448 1980 2640 2031; x_wconf 89' lang='lat' dir='ltr'><strong>eorum</strong></span> <span class='ocrx_word' id='word_1_630' title='bbox 2693 1958 3132 2049; x_wconf 81' lang='lat' dir='ltr'><strong>reprobationem</strong></span> <span class='ocrx_word' id='word_1_631' title='bbox 3173 1984 3353 2026; x_wconf 87' lang='lat' dir='ltr'><strong>sermo</strong></span> <span class='ocrx_word' id='word_1_632' title='bbox 3403 1954 3525 2040; x_wconf 84' lang='lat' dir='ltr'><strong>pro-</strong></span> 
     </span>
    </p>
   </div>
   <div class='ocr_carea' id='block_1_79' title="bbox 1944 2046 3525 2132">
    <p class='ocr_par' dir='ltr' id='par_1_79' title="bbox 1944 2046 3525 2132">
     <span class='ocr_line' id='line_1_79' title="bbox 1944 2046 3525 2132; baseline 0.004 -20"><span class='ocrx_word' id='word_1_633' title='bbox 1944 2059 2251 2130; x_wconf 86' lang='lat' dir='ltr'><strong>phetizans,</strong></span> <span class='ocrx_word' id='word_1_634' title='bbox 2283 2058 2371 2112; x_wconf 87' lang='lat' dir='ltr'><strong>his</strong></span> <span class='ocrx_word' id='word_1_635' title='bbox 2415 2058 2597 2114; x_wconf 90' lang='lat' dir='ltr'><strong>verbis</strong></span> <span class='ocrx_word' id='word_1_636' title='bbox 2641 2058 2844 2115; x_wconf 81' lang='lat' dir='ltr'><strong>desinit</strong></span> <span class='ocrx_word' id='word_1_637' title='bbox 2874 2077 2886 2114; x_wconf 90' lang='lat'>:</span> <span class='ocrx_word' id='word_1_638' title='bbox 2917 2079 2935 2110; x_wconf 86' lang='grc'><em>‹</em></span> <span class='ocrx_word' id='word_1_639' title='bbox 2968 2046 3141 2115; x_wconf 87' lang='lat' dir='ltr'><strong>Erunt</strong></span> <span class='ocrx_word' id='word_1_640' title='bbox 3169 2061 3325 2130; x_wconf 84' lang='lat' dir='ltr'><strong>quasi</strong></span> <span class='ocrx_word' id='word_1_641' title='bbox 3366 2046 3525 2132; x_wconf 72' lang='lat' dir='ltr'><strong>quer-</strong></span> 
     </span>
    </p>
   </div>
   <div class='ocr_carea' id='block_1_80' title="bbox 1942 2149 3523 2231">
    <p class='ocr_par' dir='ltr' id='par_1_80' title="bbox 1942 2149 3523 2231">
     <span class='ocr_line' id='line_1_80' title="bbox 1942 2149 3523 2231; baseline 0.002 -25"><span class='ocrx_word' id='word_1_642' title='bbox 1942 2167 2042 2207; x_wconf 88' lang='lat' dir='ltr'><strong>cus</strong></span> <span class='ocrx_word' id='word_1_643' title='bbox 2093 2149 2461 2206; x_wconf 83' lang='lat' dir='ltr'><strong>deﬂuentibus</strong></span> <span class='ocrx_word' id='word_1_644' title='bbox 2511 2150 2694 2215; x_wconf 79' lang='lat' dir='ltr'><strong>foliis,</strong></span> <span class='ocrx_word' id='word_1_645' title='bbox 2750 2158 2807 2208; x_wconf 89' lang='lat' dir='ltr'><strong>et</strong></span> <span class='ocrx_word' id='word_1_646' title='bbox 2869 2153 3016 2207; x_wconf 89' lang='lat' dir='ltr'><strong>velut</strong></span> <span class='ocrx_word' id='word_1_647' title='bbox 3075 2153 3266 2209; x_wconf 85' lang='lat' dir='ltr'><strong>hortus</strong></span> <span class='ocrx_word' id='word_1_648' title='bbox 3318 2154 3523 2231; x_wconf 79' lang='lat' dir='ltr'><strong>absque</strong></span> 
     </span>
    </p>
   </div>
   <div class='ocr_carea' id='block_1_81' title="bbox 1943 2236 3522 2315">
    <p class='ocr_par' dir='ltr' id='par_1_81' title="bbox 1943 2236 3522 2315">
     <span class='ocr_line' id='line_1_81' title="bbox 1943 2236 3522 2315; baseline 0.003 -19"><span class='ocrx_word' id='word_1_649' title='bbox 1943 2257 2108 2313; x_wconf 91' lang='lat' dir='ltr'><strong>aqua.</strong></span> <span class='ocrx_word' id='word_1_650' title='bbox 2140 2240 2343 2299; x_wconf 64' lang='lat' dir='ltr'>ELCI&#39;i‘</span> <span class='ocrx_word' id='word_1_651' title='bbox 2376 2240 2643 2296; x_wconf 84' lang='lat' dir='ltr'><strong>fortitudo</strong></span> <span class='ocrx_word' id='word_1_652' title='bbox 2668 2254 2874 2307; x_wconf 88' lang='lat' dir='ltr'><strong>vestra,</strong></span> <span class='ocrx_word' id='word_1_653' title='bbox 2909 2251 2969 2297; x_wconf 92' lang='lat' dir='ltr'>ut</span> <span class='ocrx_word' id='word_1_654' title='bbox 3001 2242 3183 2297; x_wconf 83' lang='lat' dir='ltr'><strong>favilla</strong></span> <span class='ocrx_word' id='word_1_655' title='bbox 3218 2236 3445 2315; x_wconf 64' lang='lat' dir='ltr'><strong>stuppae,</strong></span> <span class='ocrx_word' id='word_1_656' title='bbox 3468 2253 3522 2300; x_wconf 90' lang='lat' dir='ltr'><strong>et</strong></span> 
     </span>
    </p>
   </div>
   <div class='ocr_carea' id='block_1_82' title="bbox 1941 2324 3522 2404">
    <p class='ocr_par' dir='ltr' id='par_1_82' title="bbox 1941 2324 3522 2404">
     <span class='ocr_line' id='line_1_82' title="bbox 1941 2324 3522 2404; baseline 0.002 -16"><span class='ocrx_word' id='word_1_657' title='bbox 1941 2348 2081 2404; x_wconf 90' lang='lat' dir='ltr'><strong>opus</strong></span> <span class='ocrx_word' id='word_1_658' title='bbox 2107 2342 2349 2389; x_wconf 90' lang='lat' dir='ltr'><strong>vestrum</strong></span> <span class='ocrx_word' id='word_1_659' title='bbox 2373 2334 2534 2404; x_wconf 86' lang='lat' dir='ltr'><strong>quasi</strong></span> <span class='ocrx_word' id='word_1_660' title='bbox 2556 2324 2795 2390; x_wconf 82' lang='lat' dir='ltr'><strong>scintilla</strong></span> <span class='ocrx_word' id='word_1_661' title='bbox 2818 2343 2902 2390; x_wconf 87' lang='lat' dir='ltr'><strong>:et</strong></span> <span class='ocrx_word' id='word_1_662' title='bbox 2921 2335 3287 2390; x_wconf 88' lang='lat' dir='ltr'><strong>succendctur</strong></span> <span class='ocrx_word' id='word_1_663' title='bbox 3309 2334 3522 2391; x_wconf 43' lang='lat' dir='ltr'><strong>utrum;</strong></span> 
     </span>
    </p>
   </div>
   <div class='ocr_carea' id='block_1_83' title="bbox 1942 2414 3522 2496">
    <p class='ocr_par' dir='ltr' id='par_1_83' title="bbox 1942 2414 3522 2496">
     <span class='ocr_line' id='line_1_83' title="bbox 1942 2414 3522 2496; baseline 0.003 -19"><span class='ocrx_word' id='word_1_664' title='bbox 1942 2439 2048 2494; x_wconf 89' lang='lat' dir='ltr'>que</span> <span class='ocrx_word' id='word_1_665' title='bbox 2092 2414 2278 2490; x_wconf 89' lang='lat' dir='ltr'><strong>simul,</strong></span> <span class='ocrx_word' id='word_1_666' title='bbox 2314 2431 2369 2479; x_wconf 89' lang='lat' dir='ltr'><strong>et</strong></span> <span class='ocrx_word' id='word_1_667' title='bbox 2415 2439 2527 2479; x_wconf 88' lang='lat' dir='ltr'>non</span> <span class='ocrx_word' id='word_1_668' title='bbox 2574 2420 2680 2479; x_wconf 92' lang='lat' dir='ltr'><strong>erit</strong></span> <span class='ocrx_word' id='word_1_669' title='bbox 2721 2420 2815 2495; x_wconf 58' lang='lat' dir='ltr'><strong>‘qui</strong></span> <span class='ocrx_word' id='word_1_670' title='bbox 2847 2426 3161 2496; x_wconf 82' lang='lat' dir='ltr'><strong>exstinguat</strong></span> <span class='ocrx_word' id='word_1_671' title='bbox 3185 2422 3227 2480; x_wconf 86' lang='grc'>³.</span> <span class='ocrx_word' id='word_1_672' title='bbox 3259 2446 3278 2478; x_wconf 73' lang='grc' dir='ltr'>ι</span> <span class='ocrx_word' id='word_1_673' title='bbox 3313 2420 3439 2481; x_wconf 73' lang='lat' dir='ltr'><strong>Haec</strong></span> <span class='ocrx_word' id='word_1_674' title='bbox 3467 2437 3522 2482; x_wconf 91' lang='lat' dir='ltr'><strong>et</strong></span> 
     </span>
    </p>
   </div>
   <div class='ocr_carea' id='block_1_84' title="bbox 1941 2510 3518 2587">
    <p class='ocr_par' dir='ltr' id='par_1_84' title="bbox 1941 2510 3518 2587">
     <span class='ocr_line' id='line_1_84' title="bbox 1941 2510 3518 2587; baseline 0.002 -17"><span class='ocrx_word' id='word_1_675' title='bbox 1941 2515 2138 2570; x_wconf 83' lang='lat' dir='ltr'><strong>similia</strong></span> <span class='ocrx_word' id='word_1_676' title='bbox 2160 2517 2216 2569; x_wconf 90' lang='lat' dir='ltr'>in</span> <span class='ocrx_word' id='word_1_677' title='bbox 2248 2515 2344 2572; x_wconf 82' lang='lat' dir='ltr'><strong>eos</strong></span> <span class='ocrx_word' id='word_1_678' title='bbox 2368 2515 2744 2587; x_wconf 63' lang='lat' dir='ltr'><strong>praenuntians</strong></span> <span class='ocrx_word' id='word_1_679' title='bbox 2769 2510 3074 2587; x_wconf 81' lang='lat' dir='ltr'><strong>prophetia,</strong></span> <span class='ocrx_word' id='word_1_680' title='bbox 3099 2517 3360 2572; x_wconf 90' lang='lat' dir='ltr'><strong>continuo</strong></span> <span class='ocrx_word' id='word_1_681' title='bbox 3384 2518 3518 2573; x_wconf 85' lang='lat' dir='ltr'><strong>sub—</strong></span> 
     </span>
    </p>
   </div>
   <div class='ocr_carea' id='block_1_85' title="bbox 1933 2604 3520 2680">
    <p class='ocr_par' dir='ltr' id='par_1_85' title="bbox 1933 2604 3520 2680">
     <span class='ocr_line' id='line_1_85' title="bbox 1933 2604 3520 2680; baseline 0.001 -18"><span class='ocrx_word' id='word_1_682' title='bbox 1933 2608 2057 2678; x_wconf 90' lang='lat' dir='ltr'><strong>jicit</strong></span> <span class='ocrx_word' id='word_1_683' title='bbox 2110 2623 2174 2663; x_wconf 89' lang='lat' dir='ltr'><strong>ea</strong></span> <span class='ocrx_word' id='word_1_684' title='bbox 2213 2623 2334 2677; x_wconf 67' lang='lat' dir='ltr'><strong>quae</strong></span> <span class='ocrx_word' id='word_1_685' title='bbox 2390 2606 2504 2677; x_wconf 86' lang='lat' dir='ltr'><strong>jam</strong></span> <span class='ocrx_word' id='word_1_686' title='bbox 2567 2608 2721 2680; x_wconf 90' lang='lat' dir='ltr'><strong>prius</strong></span> <span class='ocrx_word' id='word_1_687' title='bbox 2778 2608 3087 2673; x_wconf 80' lang='lat' dir='ltr'><strong>retulimus,</strong></span> <span class='ocrx_word' id='word_1_688' title='bbox 3127 2609 3360 2676; x_wconf 83' lang='lat' dir='ltr'><strong>scilicet,</strong></span> <span class='ocrx_word' id='word_1_689' title='bbox 3397 2629 3415 2661; x_wconf 83' lang='grc' dir='ltr'>ι</span> <span class='ocrx_word' id='word_1_690' title='bbox 3454 2604 3520 2664; x_wconf 85' lang='grc' dir='ltr'>Ει</span> 
     </span>
    </p>
   </div>
   <div class='ocr_carea' id='block_1_86' title="bbox 1936 2695 3520 2756">
    <p class='ocr_par' dir='ltr' id='par_1_86' title="bbox 1936 2695 3520 2756">
     <span class='ocr_line' id='line_1_86' title="bbox 1936 2695 3520 2756; baseline 0.001 -3"><span class='ocrx_word' id='word_1_691' title='bbox 1936 2695 2040 2753; x_wconf 82' lang='lat' dir='ltr'><strong>erit</strong></span> <span class='ocrx_word' id='word_1_692' title='bbox 2086 2695 2142 2753; x_wconf 89' lang='lat' dir='ltr'>in</span> <span class='ocrx_word' id='word_1_693' title='bbox 2201 2695 2518 2755; x_wconf 83' lang='lat' dir='ltr'><strong>novissimis</strong></span> <span class='ocrx_word' id='word_1_694' title='bbox 2556 2699 2749 2755; x_wconf 87' lang='lat' dir='ltr'><strong>diebus</strong></span> <span class='ocrx_word' id='word_1_695' title='bbox 2804 2697 3127 2756; x_wconf 80' lang='lat' dir='ltr'><strong>manifestus</strong></span> <span class='ocrx_word' id='word_1_696' title='bbox 3189 2704 3348 2755; x_wconf 73' lang='lat' dir='ltr'><strong>mons</strong></span> <span class='ocrx_word' id='word_1_697' title='bbox 3414 2698 3520 2755; x_wconf 61' lang='lat' dir='ltr'>Doi</span> 
     </span>
    </p>
   </div>
   <div class='ocr_carea' id='block_1_87' title="bbox 1939 2780 3518 2863">
    <p class='ocr_par' dir='ltr' id='par_1_87' title="bbox 1939 2780 3518 2863">
     <span class='ocr_line' id='line_1_87' title="bbox 1939 2780 3518 2863; baseline 0.001 -18"><span class='ocrx_word' id='word_1_698' title='bbox 1939 2791 2072 2847; x_wconf 90' lang='lat' dir='ltr'><strong>mini</strong></span> <span class='ocrx_word' id='word_1_699' title='bbox 2100 2781 2141 2847; x_wconf 58' lang='grc' dir='ltr'>λ.</span> <span class='ocrx_word' id='word_1_700' title='bbox 2177 2811 2196 2843; x_wconf 71' lang='grc' dir='ltr'>ι</span> <span class='ocrx_word' id='word_1_701' title='bbox 2232 2791 2436 2862; x_wconf 88' lang='lat' dir='ltr'><strong>Aperte</strong></span> <span class='ocrx_word' id='word_1_702' title='bbox 2470 2799 2593 2862; x_wconf 88' lang='lat' dir='ltr'><strong>post</strong></span> <span class='ocrx_word' id='word_1_703' title='bbox 2640 2786 2874 2848; x_wconf 83' lang='lat' dir='ltr'><strong>istorum</strong></span> <span class='ocrx_word' id='word_1_704' title='bbox 2921 2780 3135 2862; x_wconf 79' lang='lat' dir='ltr'><strong>&#39;plenam</strong></span> <span class='ocrx_word' id='word_1_705' title='bbox 3187 2792 3518 2863; x_wconf 76' lang='lat' dir='ltr'><strong>perfectam-</strong></span> 
     </span>
    </p>
   </div>
   <div class='ocr_carea' id='block_1_88' title="bbox 1937 2880 3519 2952">
    <p class='ocr_par' dir='ltr' id='par_1_88' title="bbox 1937 2880 3519 2952">
     <span class='ocr_line' id='line_1_88' title="bbox 1937 2880 3519 2952; baseline 0.004 -18"><span class='ocrx_word' id='word_1_706' title='bbox 1937 2897 2041 2950; x_wconf 88' lang='lat' dir='ltr'><strong>que</strong></span> <span class='ocrx_word' id='word_1_707' title='bbox 2072 2880 2515 2952; x_wconf 85' lang='lat' dir='ltr'><strong>reprobationem</strong></span> <span class='ocrx_word' id='word_1_708' title='bbox 2546 2889 2599 2937; x_wconf 89' lang='lat' dir='ltr'><strong>et</strong></span> <span class='ocrx_word' id='word_1_709' title='bbox 2631 2880 2868 2952; x_wconf 61' lang='lat' dir='ltr'><strong>ruinam;</strong></span> <span class='ocrx_word' id='word_1_710' title='bbox 2895 2882 3031 2937; x_wconf 81' lang='lat' dir='ltr'><strong>Novi</strong></span> <span class='ocrx_word' id='word_1_711' title='bbox 3059 2881 3397 2941; x_wconf 87' lang='lat' dir='ltr'><strong>Testamenti</strong></span> <span class='ocrx_word' id='word_1_712' title='bbox 3432 2884 3519 2940; x_wconf 49' lang='lat' dir='ltr'>in;</span> 
     </span>
    </p>
   </div>
   <div class='ocr_carea' id='block_1_89' title="bbox 1937 2962 3517 3048">
    <p class='ocr_par' dir='ltr' id='par_1_89' title="bbox 1937 2962 3517 3048">
     <span class='ocr_line' id='line_1_89' title="bbox 1937 2962 3517 3048; baseline 0.004 -21"><span class='ocrx_word' id='word_1_713' title='bbox 1937 2973 2276 3028; x_wconf 88' lang='lat' dir='ltr'><strong>stitutionem</strong></span> <span class='ocrx_word' id='word_1_714' title='bbox 2316 2962 2574 3039; x_wconf 67' lang='lat' dir='ltr'><strong>ostendit,</strong></span> <span class='ocrx_word' id='word_1_715' title='bbox 2608 2990 2716 3044; x_wconf 88' lang='lat' dir='ltr'>qua</span> <span class='ocrx_word' id='word_1_716' title='bbox 2748 2975 3072 3030; x_wconf 80' lang='lat' dir='ltr'><strong>manifesws</strong></span> <span class='ocrx_word' id='word_1_717' title='bbox 3102 2976 3358 3033; x_wconf 88' lang='lat' dir='ltr'><strong>omnibus</strong></span> <span class='ocrx_word' id='word_1_718' title='bbox 3385 2988 3517 3048; x_wconf 77' lang='lat' dir='ltr'><strong>gen-</strong></span> 
     </span>
    </p>
   </div>
   <div class='ocr_carea' id='block_1_90' title="bbox 1934 3060 3515 3145">
    <p class='ocr_par' dir='ltr' id='par_1_90' title="bbox 1934 3060 3515 3145">
     <span class='ocr_line' id='line_1_90' title="bbox 1934 3060 3515 3145; baseline 0.006 -29"><span class='ocrx_word' id='word_1_719' title='bbox 1934 3064 2082 3120; x_wconf 88' lang='lat' dir='ltr'><strong>tibus</strong></span> <span class='ocrx_word' id='word_1_720' title='bbox 2131 3060 2291 3118; x_wconf 84' lang='lat' dir='ltr'><strong>mons</strong></span> <span class='ocrx_word' id='word_1_721' title='bbox 2328 3062 2509 3119; x_wconf 77' lang='lat' dir='ltr'><strong>factus</strong></span> <span class='ocrx_word' id='word_1_722' title='bbox 2537 3073 2621 3119; x_wconf 89' lang='lat' dir='ltr'><strong>est</strong></span> <span class='ocrx_word' id='word_1_723' title='bbox 2658 3064 2897 3120; x_wconf 83' lang='lat' dir='ltr'><strong>Domini.</strong></span> <span class='ocrx_word' id='word_1_724' title='bbox 2938 3065 3127 3132; x_wconf 82' lang='lat' dir='ltr'><strong>Qualis</strong></span> <span class='ocrx_word' id='word_1_725' title='bbox 3154 3061 3286 3123; x_wconf 84' lang='lat' dir='ltr'><strong>vero</strong></span> <span class='ocrx_word' id='word_1_726' title='bbox 3332 3078 3515 3145; x_wconf 79' lang='lat' dir='ltr'><strong>mons,</strong></span> 
     </span>
    </p>
   </div>
   <div class='ocr_carea' id='block_1_91' title="bbox 1933 3154 3516 3226">
    <p class='ocr_par' dir='ltr' id='par_1_91' title="bbox 1933 3154 3516 3226">
     <span class='ocr_line' id='line_1_91' title="bbox 1933 3154 3516 3226; baseline 0.003 -18"><span class='ocrx_word' id='word_1_727' title='bbox 1933 3154 2040 3211; x_wconf 89' lang='lat' dir='ltr'><strong>nisi</strong></span> <span class='ocrx_word' id='word_1_728' title='bbox 2076 3155 2169 3225; x_wconf 89' lang='lat' dir='ltr'><strong>qui</strong></span> <span class='ocrx_word' id='word_1_729' title='bbox 2219 3155 2275 3209; x_wconf 90' lang='lat' dir='ltr'>in</span> <span class='ocrx_word' id='word_1_730' title='bbox 2320 3154 2591 3226; x_wconf 83' lang='lat' dir='ltr'><strong>principio</strong></span> <span class='ocrx_word' id='word_1_731' title='bbox 2634 3156 2777 3226; x_wconf 89' lang='lat' dir='ltr'><strong>apud</strong></span> <span class='ocrx_word' id='word_1_732' title='bbox 2822 3155 3014 3221; x_wconf 78' lang='lat' dir='ltr'><strong>Deum,</strong></span> <span class='ocrx_word' id='word_1_733' title='bbox 3060 3156 3201 3212; x_wconf 86' lang='lat' dir='ltr'><strong>Deus</strong></span> <span class='ocrx_word' id='word_1_734' title='bbox 3231 3156 3516 3213; x_wconf 75' lang='lat' dir='ltr'><strong>Verbum?</strong></span> 
     </span>
    </p>
   </div>
   <div class='ocr_carea' id='block_1_92' title="bbox 1932 3243 3517 3318">
    <p class='ocr_par' dir='ltr' id='par_1_92' title="bbox 1932 3243 3517 3318">
     <span class='ocr_line' id='line_1_92' title="bbox 1932 3243 3517 3318; baseline 0.004 -19"><span class='ocrx_word' id='word_1_735' title='bbox 1932 3245 2050 3315; x_wconf 90' lang='lat' dir='ltr'><strong>ipse</strong></span> <span class='ocrx_word' id='word_1_736' title='bbox 2095 3245 2240 3300; x_wconf 89' lang='lat' dir='ltr'><strong>enim</strong></span> <span class='ocrx_word' id='word_1_737' title='bbox 2280 3243 2529 3300; x_wconf 82' lang='lat' dir='ltr'><strong>Salvator</strong></span> <span class='ocrx_word' id='word_1_738' title='bbox 2552 3250 2606 3299; x_wconf 88' lang='lat' dir='ltr'><strong>et</strong></span> <span class='ocrx_word' id='word_1_739' title='bbox 2636 3243 2902 3301; x_wconf 88' lang='lat' dir='ltr'><strong>Dominus</strong></span> <span class='ocrx_word' id='word_1_740' title='bbox 2942 3254 3150 3314; x_wconf 83' lang='lat' dir='ltr'><strong>noster,</strong></span> <span class='ocrx_word' id='word_1_741' title='bbox 3174 3262 3336 3317; x_wconf 89' lang='lat' dir='ltr'><strong>quem</strong></span> <span class='ocrx_word' id='word_1_742' title='bbox 3364 3248 3517 3318; x_wconf 76' lang='lat' dir='ltr'><strong>prius</strong></span> 
     </span>
    </p>
   </div>
   <div class='ocr_carea' id='block_1_93' title="bbox 1929 3336 3513 3409">
    <p class='ocr_par' dir='ltr' id='par_1_93' title="bbox 1929 3336 3513 3409">
     <span class='ocr_line' id='line_1_93' title="bbox 1929 3336 3513 3409; baseline 0.002 -14"><span class='ocrx_word' id='word_1_743' title='bbox 1929 3338 2493 3409; x_wconf 87' lang='lat' dir='ltr'><strong>ostendimus,dequo</strong></span> <span class='ocrx_word' id='word_1_744' title='bbox 2509 3346 2563 3393; x_wconf 92' lang='lat' dir='ltr'>et</span> <span class='ocrx_word' id='word_1_745' title='bbox 2584 3338 2638 3392; x_wconf 92' lang='lat' dir='ltr'><strong>in</strong></span> <span class='ocrx_word' id='word_1_746' title='bbox 2670 3336 2901 3393; x_wconf 88' lang='lat' dir='ltr'><strong>Psalmis</strong></span> <span class='ocrx_word' id='word_1_747' title='bbox 2919 3339 3138 3406; x_wconf 89' lang='lat' dir='ltr'><strong>dicitur,</strong></span> <span class='ocrx_word' id='word_1_748' title='bbox 3163 3359 3182 3392; x_wconf 79' lang='grc' dir='ltr'>ι</span> <span class='ocrx_word' id='word_1_749' title='bbox 3213 3340 3368 3397; x_wconf 82' lang='lat' dir='ltr'><strong>Mons</strong></span> <span class='ocrx_word' id='word_1_750' title='bbox 3396 3340 3513 3407; x_wconf 86' lang='lat' dir='ltr'><strong>Dei.</strong></span> 
     </span>
    </p>
   </div>
   <div class='ocr_carea' id='block_1_94' title="bbox 1929 3422 3517 3501">
    <p class='ocr_par' dir='ltr' id='par_1_94' title="bbox 1929 3422 3517 3501">
     <span class='ocr_line' id='line_1_94' title="bbox 1929 3422 3517 3501; baseline 0.002 -16"><span class='ocrx_word' id='word_1_751' title='bbox 1929 3446 2089 3486; x_wconf 86' lang='lat' dir='ltr'><strong>mons</strong></span> <span class='ocrx_word' id='word_1_752' title='bbox 2120 3429 2337 3500; x_wconf 78' lang='lat' dir='ltr'><strong>pinguis</strong></span> <span class='ocrx_word' id='word_1_753' title='bbox 2361 3448 2407 3497; x_wconf 81' lang='grc'>;›</span> <span class='ocrx_word' id='word_1_754' title='bbox 2428 3437 2501 3494; x_wconf 89' lang='lat' dir='ltr'><strong>et,</strong></span> <span class='ocrx_word' id='word_1_755' title='bbox 2528 3446 2547 3479; x_wconf 83' lang='grc' dir='ltr'>ι</span> <span class='ocrx_word' id='word_1_756' title='bbox 2581 3427 2737 3484; x_wconf 85' lang='lat' dir='ltr'><strong>Mons</strong></span> <span class='ocrx_word' id='word_1_757' title='bbox 2766 3430 2821 3483; x_wconf 92' lang='lat' dir='ltr'><strong>in</strong></span> <span class='ocrx_word' id='word_1_758' title='bbox 2858 3422 2967 3499; x_wconf 90' lang='lat' dir='ltr'>quo</span> <span class='ocrx_word' id='word_1_759' title='bbox 3009 3431 3404 3501; x_wconf 87' lang='lat' dir='ltr'><strong>beneplacitum</strong></span> <span class='ocrx_word' id='word_1_760' title='bbox 3433 3444 3517 3490; x_wconf 88' lang='lat' dir='ltr'>est</span> 
     </span>
    </p>
   </div>
   <div class='ocr_carea' id='block_1_95' title="bbox 1931 3507 3515 3578">
    <p class='ocr_par' dir='ltr' id='par_1_95' title="bbox 1931 3507 3515 3578">
     <span class='ocr_line' id='line_1_95' title="bbox 1931 3507 3515 3578; baseline 0.002 -3"><span class='ocrx_word' id='word_1_761' title='bbox 1931 3522 2040 3577; x_wconf 92' lang='lat' dir='ltr'><strong>Deo</strong></span> <span class='ocrx_word' id='word_1_762' title='bbox 2083 3522 2335 3577; x_wconf 85' lang='lat' dir='ltr'><strong>habitare</strong></span> <span class='ocrx_word' id='word_1_763' title='bbox 2389 3520 2444 3574; x_wconf 92' lang='lat' dir='ltr'>in</span> <span class='ocrx_word' id='word_1_764' title='bbox 2497 3534 2564 3574; x_wconf 90' lang='lat' dir='ltr'><strong>eo</strong></span> <span class='ocrx_word' id='word_1_765' title='bbox 2586 3521 2630 3573; x_wconf 81' lang='grc'>⁵.</span> <span class='ocrx_word' id='word_1_766' title='bbox 2665 3539 2685 3571; x_wconf 73' lang='grc' dir='ltr'>ι</span> <span class='ocrx_word' id='word_1_767' title='bbox 2726 3507 2929 3575; x_wconf 76' lang='lat' dir='ltr'><strong>Praeter</strong></span> <span class='ocrx_word' id='word_1_768' title='bbox 2969 3521 3116 3577; x_wconf 84' lang='lat' dir='ltr'><strong>hunc</strong></span> <span class='ocrx_word' id='word_1_769' title='bbox 3167 3524 3409 3578; x_wconf 79' lang='lat' dir='ltr'><strong>mentem</strong></span> <span class='ocrx_word' id='word_1_770' title='bbox 3460 3529 3515 3578; x_wconf 89' lang='lat' dir='ltr'><strong>et</strong></span> 
     </span>
    </p>
   </div>
   <div class='ocr_carea' id='block_1_96' title="bbox 1928 3609 3515 3671">
    <p class='ocr_par' dir='ltr' id='par_1_96' title="bbox 1928 3609 3515 3671">
     <span class='ocr_line' id='line_1_96' title="bbox 1928 3609 3515 3671; baseline 0 -1"><span class='ocrx_word' id='word_1_771' title='bbox 1928 3617 2124 3671; x_wconf 91' lang='lat' dir='ltr'><strong>domus</strong></span> <span class='ocrx_word' id='word_1_772' title='bbox 2182 3613 2396 3668; x_wconf 89' lang='lat' dir='ltr'><strong>Domini</strong></span> <span class='ocrx_word' id='word_1_773' title='bbox 2440 3609 2730 3666; x_wconf 85' lang='lat' dir='ltr'><strong>manifesta</strong></span> <span class='ocrx_word' id='word_1_774' title='bbox 2791 3610 2935 3666; x_wconf 84' lang='lat' dir='ltr'><strong>facta</strong></span> <span class='ocrx_word' id='word_1_775' title='bbox 2977 3620 3079 3667; x_wconf 85' lang='lat' dir='ltr'><strong>est.</strong></span> <span class='ocrx_word' id='word_1_776' title='bbox 3133 3612 3336 3669; x_wconf 71' lang='lat' dir='ltr'><strong>Do’mrts</strong></span> <span class='ocrx_word' id='word_1_777' title='bbox 3387 3612 3515 3670; x_wconf 82' lang='lat' dir='ltr'><strong>vero</strong></span> 
     </span>
    </p>
   </div>
   <div class='ocr_carea' id='block_1_97' title="bbox 1930 3707 3515 3779">
    <p class='ocr_par' dir='ltr' id='par_1_97' title="bbox 1930 3707 3515 3779">
     <span class='ocr_line' id='line_1_97' title="bbox 1930 3707 3515 3779; baseline -0.003 -13"><span class='ocrx_word' id='word_1_778' title='bbox 1930 3718 2076 3767; x_wconf 86' lang='lat' dir='ltr'><strong>esset</strong></span> <span class='ocrx_word' id='word_1_779' title='bbox 2102 3708 2199 3766; x_wconf 89' lang='lat' dir='ltr'><strong>Dei</strong></span> <span class='ocrx_word' id='word_1_780' title='bbox 2237 3708 2505 3771; x_wconf 91' lang='lat' dir='ltr'><strong>Ecclesia,</strong></span> <span class='ocrx_word' id='word_1_781' title='bbox 2538 3721 2661 3777; x_wconf 70' lang='lat' dir='ltr'><strong>quae</strong></span> <span class='ocrx_word' id='word_1_782' title='bbox 2691 3708 2746 3761; x_wconf 89' lang='lat' dir='ltr'>in</span> <span class='ocrx_word' id='word_1_783' title='bbox 2770 3709 2972 3761; x_wconf 89' lang='lat' dir='ltr'><strong>vertice</strong></span> <span class='ocrx_word' id='word_1_784' title='bbox 2999 3707 3269 3762; x_wconf 84' lang='lat' dir='ltr'><strong>montium</strong></span> <span class='ocrx_word' id='word_1_785' title='bbox 3299 3708 3515 3779; x_wconf 63' lang='lat' dir='ltr'>aposto-~</span> 
     </span>
    </p>
   </div>
   <div class='ocr_carea' id='block_1_98' title="bbox 1928 3799 3509 3870">
    <p class='ocr_par' dir='ltr' id='par_1_98' title="bbox 1928 3799 3509 3870">
     <span class='ocr_line' id='line_1_98' title="bbox 1928 3799 3509 3870; baseline 0.002 -15"><span class='ocrx_word' id='word_1_786' title='bbox 1928 3802 2160 3856; x_wconf 89' lang='lat' dir='ltr'><strong>licorum</strong></span> <span class='ocrx_word' id='word_1_787' title='bbox 2208 3809 2261 3855; x_wconf 91' lang='lat' dir='ltr'>et</span> <span class='ocrx_word' id='word_1_788' title='bbox 2307 3799 2757 3870; x_wconf 89' lang='lat' dir='ltr'><strong>propheticorum</strong></span> <span class='ocrx_word' id='word_1_789' title='bbox 2805 3799 3095 3854; x_wconf 88' lang='lat' dir='ltr'><strong>verborum</strong></span> <span class='ocrx_word' id='word_1_790' title='bbox 3143 3800 3351 3855; x_wconf 89' lang='lat' dir='ltr'><strong>elevata</strong></span> <span class='ocrx_word' id='word_1_791' title='bbox 3402 3809 3509 3858; x_wconf 90' lang='lat' dir='ltr'><strong>est.</strong></span> 
     </span>
    </p>
   </div>
   <div class='ocr_carea' id='block_1_99' title="bbox 1929 3888 3509 3964">
    <p class='ocr_par' dir='ltr' id='par_1_99' title="bbox 1929 3888 3509 3964">
     <span class='ocr_line' id='line_1_99' title="bbox 1929 3888 3509 3964; baseline 0.001 -17"><span class='ocrx_word' id='word_1_792' title='bbox 1929 3893 2142 3960; x_wconf 87' lang='lat' dir='ltr'><strong>Quibus</strong></span> <span class='ocrx_word' id='word_1_793' title='bbox 2172 3908 2302 3947; x_wconf 87' lang='lat' dir='ltr'><strong>vero</strong></span> <span class='ocrx_word' id='word_1_794' title='bbox 2351 3888 2718 3947; x_wconf 80' lang='lat' dir='ltr'><strong>manifestatis</strong></span> <span class='ocrx_word' id='word_1_795' title='bbox 2757 3899 2922 3962; x_wconf 77' lang='lat' dir='ltr'><strong>Super</strong></span> <span class='ocrx_word' id='word_1_796' title='bbox 2950 3893 3099 3947; x_wconf 90' lang='lat' dir='ltr'><strong>hunc</strong></span> <span class='ocrx_word' id='word_1_797' title='bbox 3131 3893 3312 3964; x_wconf 75' lang='lat' dir='ltr'><strong>ipsum</strong></span> <span class='ocrx_word' id='word_1_798' title='bbox 3349 3905 3509 3948; x_wconf 85' lang='lat' dir='ltr'><strong>mou-</strong></span> 
     </span>
    </p>
   </div>
   <div class='ocr_carea' id='block_1_100' title="bbox 1928 3976 3614 4056">
    <p class='ocr_par' dir='ltr' id='par_1_100' title="bbox 1928 3976 3614 4056">
     <span class='ocr_line' id='line_1_100' title="bbox 1928 3976 3614 4056; baseline 0.001 -17"><span class='ocrx_word' id='word_1_799' title='bbox 1928 3995 2058 4049; x_wconf 89' lang='lat' dir='ltr'><strong>tem,</strong></span> <span class='ocrx_word' id='word_1_800' title='bbox 2096 3976 2343 4056; x_wconf 80' lang='lat' dir='ltr'><strong>apertum</strong></span> <span class='ocrx_word' id='word_1_801' title='bbox 2379 3993 2463 4039; x_wconf 90' lang='lat' dir='ltr'><strong>est</strong></span> <span class='ocrx_word' id='word_1_802' title='bbox 2508 3984 2655 4055; x_wconf 87' lang='lat' dir='ltr'><strong>quod</strong></span> <span class='ocrx_word' id='word_1_803' title='bbox 2690 3984 2936 4040; x_wconf 82' lang='lat' dir='ltr'><strong>divinum</strong></span> <span class='ocrx_word' id='word_1_804' title='bbox 2967 3985 3195 4040; x_wconf 81' lang='lat' dir='ltr'><strong>verbum</strong></span> <span class='ocrx_word' id='word_1_805' title='bbox 3224 4000 3335 4041; x_wconf 90' lang='lat' dir='ltr'>non</span> <span class='ocrx_word' id='word_1_806' title='bbox 3373 3992 3509 4040; x_wconf 52' lang='lat' dir='ltr'><strong>con:</strong></span> <span class='ocrx_word' id='word_1_807' title='bbox 3600 4018 3614 4029; x_wconf 84' lang='lat'><strong>-</strong></span> 
     </span>
    </p>
   </div>
   <div class='ocr_carea' id='block_1_101' title="bbox 1928 4068 3509 4151">
    <p class='ocr_par' dir='ltr' id='par_1_101' title="bbox 1928 4068 3509 4151">
     <span class='ocr_line' id='line_1_101' title="bbox 1928 4068 3509 4151; baseline -0.001 -17"><span class='ocrx_word' id='word_1_808' title='bbox 1928 4070 2150 4134; x_wconf 77' lang='lat' dir='ltr'><strong>secutus</strong></span> <span class='ocrx_word' id='word_1_809' title='bbox 2197 4076 2284 4133; x_wconf 86' lang='lat' dir='ltr'>est</span> <span class='ocrx_word' id='word_1_810' title='bbox 2324 4068 2518 4142; x_wconf 75' lang='lat' dir='ltr'><strong>Israel,</strong></span> <span class='ocrx_word' id='word_1_811' title='bbox 2572 4069 2753 4148; x_wconf 84' lang='lat' dir='ltr'><strong>neque</strong></span> <span class='ocrx_word' id='word_1_812' title='bbox 2798 4078 2988 4134; x_wconf 82' lang='lat' dir='ltr'><strong>multis</strong></span> <span class='ocrx_word' id='word_1_813' title='bbox 3042 4079 3182 4135; x_wconf 77' lang='lat' dir='ltr'><strong>locis</strong></span> <span class='ocrx_word' id='word_1_814' title='bbox 3225 4076 3509 4151; x_wconf 68' lang='lat' dir='ltr'><strong>designata</strong></span> 
     </span>
    </p>
   </div>
   <div class='ocr_carea' id='block_1_102' title="bbox 1926 4162 3505 4244">
    <p class='ocr_par' dir='ltr' id='par_1_102' title="bbox 1926 4162 3505 4244">
     <span class='ocr_line' id='line_1_102' title="bbox 1926 4162 3505 4244; baseline 0.003 -20"><span class='ocrx_word' id='word_1_815' title='bbox 1926 4171 2123 4225; x_wconf 86' lang='lat' dir='ltr'><strong>domus</strong></span> <span class='ocrx_word' id='word_1_816' title='bbox 2165 4162 2359 4234; x_wconf 85' lang='lat' dir='ltr'><strong>Jacob,</strong></span> <span class='ocrx_word' id='word_1_817' title='bbox 2409 4169 2504 4224; x_wconf 89' lang='lat' dir='ltr'><strong>sed</strong></span> <span class='ocrx_word' id='word_1_818' title='bbox 2562 4168 2620 4225; x_wconf 87' lang='lat' dir='ltr'>in</span> <span class='ocrx_word' id='word_1_819' title='bbox 2681 4170 2999 4226; x_wconf 86' lang='lat' dir='ltr'><strong>universum</strong></span> <span class='ocrx_word' id='word_1_820' title='bbox 3047 4182 3240 4228; x_wconf 87' lang='lat' dir='ltr'><strong>omnes</strong></span> <span class='ocrx_word' id='word_1_821' title='bbox 3295 4180 3505 4244; x_wconf 81' lang='lat' dir='ltr'><strong>gentes.</strong></span> 
     </span>
    </p>
   </div>
   <div class='ocr_carea' id='block_1_103' title="bbox 1925 4249 3509 4336">
    <p class='ocr_par' dir='ltr' id='par_1_103' title="bbox 1925 4249 3509 4336">
     <span class='ocr_line' id='line_1_103' title="bbox 1925 4249 3509 4336; baseline 0.003 -18"><span class='ocrx_word' id='word_1_822' title='bbox 1925 4262 2155 4318; x_wconf 85' lang='lat' dir='ltr'><strong>Constat</strong></span> <span class='ocrx_word' id='word_1_823' title='bbox 2210 4249 2357 4318; x_wconf 85' lang='lat' dir='ltr'><strong>enim</strong></span> <span class='ocrx_word' id='word_1_824' title='bbox 2409 4250 2518 4333; x_wconf 81' lang='lat' dir='ltr'><strong>quo</strong></span> <span class='ocrx_word' id='word_1_825' title='bbox 2570 4263 2734 4317; x_wconf 85' lang='lat' dir='ltr'><strong>modo</strong></span> <span class='ocrx_word' id='word_1_826' title='bbox 2788 4280 2966 4334; x_wconf 87' lang='lat' dir='ltr'><strong>quave</strong></span> <span class='ocrx_word' id='word_1_827' title='bbox 3023 4265 3236 4320; x_wconf 89' lang='lat' dir='ltr'><strong>ratione</strong></span> <span class='ocrx_word' id='word_1_828' title='bbox 3278 4267 3509 4336; x_wconf 57' lang='lat' dir='ltr'><strong>capietis</strong></span> 
     </span>
    </p>
   </div>
   <div class='ocr_carea' id='block_1_104' title="bbox 1929 4348 3511 4426">
    <p class='ocr_par' dir='ltr' id='par_1_104' title="bbox 1929 4348 3511 4426">
     <span class='ocr_line' id='line_1_104' title="bbox 1929 4348 3511 4426; baseline 0.003 -17"><span class='ocrx_word' id='word_1_829' title='bbox 1929 4355 2231 4411; x_wconf 82' lang='lat' dir='ltr'><strong>Salvatoris</strong></span> <span class='ocrx_word' id='word_1_830' title='bbox 2280 4356 2456 4410; x_wconf 86' lang='lat' dir='ltr'><strong>nostri</strong></span> <span class='ocrx_word' id='word_1_831' title='bbox 2510 4348 2953 4411; x_wconf 81' lang='lat' dir='ltr'><strong>manifestatione</strong></span> <span class='ocrx_word' id='word_1_832' title='bbox 3000 4359 3380 4426; x_wconf 71' lang='lat' dir='ltr'><strong>praenuntiatis</strong></span> <span class='ocrx_word' id='word_1_833' title='bbox 3423 4360 3511 4412; x_wconf 69' lang='grc' dir='ltr'>τε-</span> 
     </span>
    </p>
   </div>
   <div class='ocr_carea' id='block_1_105' title="bbox 1927 4441 3510 4521">
    <p class='ocr_par' dir='ltr' id='par_1_105' title="bbox 1927 4441 3510 4521">
     <span class='ocr_line' id='line_1_105' title="bbox 1927 4441 3510 4521; baseline 0 -18"><span class='ocrx_word' id='word_1_834' title='bbox 1927 4450 2027 4504; x_wconf 85' lang='lat' dir='ltr'>bus</span> <span class='ocrx_word' id='word_1_835' title='bbox 2056 4442 2475 4518; x_wconf 75' lang='lat' dir='ltr'><strong>manifestisque</strong></span> <span class='ocrx_word' id='word_1_836' title='bbox 2499 4446 2684 4512; x_wconf 84' lang='lat' dir='ltr'><strong>factis,</strong></span> <span class='ocrx_word' id='word_1_837' title='bbox 2711 4463 2868 4502; x_wconf 86' lang='lat' dir='ltr'><strong>mons</strong></span> <span class='ocrx_word' id='word_1_838' title='bbox 2898 4441 2955 4504; x_wconf 80' lang='lat' dir='ltr'>et</span> <span class='ocrx_word' id='word_1_839' title='bbox 2982 4449 3176 4504; x_wconf 79' lang='lat' dir='ltr'><strong>domus</strong></span> <span class='ocrx_word' id='word_1_840' title='bbox 3203 4465 3325 4521; x_wconf 70' lang='lat' dir='ltr'><strong>quae</strong></span> <span class='ocrx_word' id='word_1_841' title='bbox 3347 4450 3510 4504; x_wconf 86' lang='lat' dir='ltr'><strong>modo</strong></span> 
     </span>
    </p>
   </div>
   <div class='ocr_carea' id='block_1_106' title="bbox 1927 4530 3508 4613">
    <p class='ocr_par' dir='ltr' id='par_1_106' title="bbox 1927 4530 3508 4613">
     <span class='ocr_line' id='line_1_106' title="bbox 1927 4530 3508 4613; baseline 0.002 -18"><span class='ocrx_word' id='word_1_842' title='bbox 1927 4534 2273 4611; x_wconf 85' lang='lat' dir='ltr'><strong>interpretati</strong></span> <span class='ocrx_word' id='word_1_843' title='bbox 2313 4530 2505 4595; x_wconf 83' lang='lat' dir='ltr'><strong>sumus</strong></span> <span class='ocrx_word' id='word_1_844' title='bbox 2531 4578 2547 4603; x_wconf 92' lang='lat'>,</span> <span class='ocrx_word' id='word_1_845' title='bbox 2592 4554 2698 4595; x_wconf 90' lang='lat' dir='ltr'>nos</span> <span class='ocrx_word' id='word_1_846' title='bbox 2735 4556 2766 4596; x_wconf 89' lang='lat' dir='ltr'>e</span> <span class='ocrx_word' id='word_1_847' title='bbox 2813 4541 3073 4610; x_wconf 79' lang='lat' dir='ltr'><strong>gentibus</strong></span> <span class='ocrx_word' id='word_1_848' title='bbox 3120 4546 3215 4613; x_wconf 87' lang='lat' dir='ltr'><strong>per</strong></span> <span class='ocrx_word' id='word_1_849' title='bbox 3260 4530 3419 4598; x_wconf 74' lang='lat' dir='ltr'><strong>(idem</strong></span> <span class='ocrx_word' id='word_1_850' title='bbox 3453 4543 3508 4597; x_wconf 91' lang='lat' dir='ltr'>in</span> 
     </span>
    </p>
   </div>
   <div class='ocr_carea' id='block_1_107' title="bbox 1926 4620 3506 4709">
    <p class='ocr_par' dir='ltr' id='par_1_107' title="bbox 1926 4620 3506 4709">
     <span class='ocr_line' id='line_1_107' title="bbox 1926 4620 3506 4709; baseline -0.001 -19"><span class='ocrx_word' id='word_1_851' title='bbox 1926 4630 2202 4690; x_wconf 85' lang='lat' dir='ltr'><strong>Christum</strong></span> <span class='ocrx_word' id='word_1_852' title='bbox 2252 4633 2341 4709; x_wconf 80' lang='lat' dir='ltr'><strong>Dei</strong></span> <span class='ocrx_word' id='word_1_853' title='bbox 2390 4620 2591 4687; x_wconf 81' lang='lat' dir='ltr'><strong>Filium</strong></span> <span class='ocrx_word' id='word_1_854' title='bbox 2640 4633 2708 4687; x_wconf 91' lang='lat' dir='ltr'>ad</span> <span class='ocrx_word' id='word_1_855' title='bbox 2744 4633 2991 4688; x_wconf 87' lang='lat' dir='ltr'><strong>omnium</strong></span> <span class='ocrx_word' id='word_1_856' title='bbox 3031 4630 3197 4690; x_wconf 76' lang='lat' dir='ltr'><strong>Deu&#39;m</strong></span> <span class='ocrx_word' id='word_1_857' title='bbox 3232 4632 3506 4706; x_wconf 79' lang='lat' dir='ltr'><strong>perducti,</strong></span> 
     </span>
    </p>
   </div>
   <div class='ocr_carea' id='block_1_108' title="bbox 1928 4716 3509 4800">
    <p class='ocr_par' dir='ltr' id='par_1_108' title="bbox 1928 4716 3509 4800">
     <span class='ocr_line' id='line_1_108' title="bbox 1928 4716 3509 4800; baseline -0.003 -15"><span class='ocrx_word' id='word_1_858' title='bbox 1928 4731 2123 4785; x_wconf 91' lang='lat' dir='ltr'><strong>horum</strong></span> <span class='ocrx_word' id='word_1_859' title='bbox 2148 4716 2367 4800; x_wconf 77' lang='lat' dir='ltr'><strong>qtiidem</strong></span> <span class='ocrx_word' id='word_1_860' title='bbox 2393 4727 2669 4799; x_wconf 86' lang='lat' dir='ltr'><strong>quondam‘</strong></span> <span class='ocrx_word' id='word_1_861' title='bbox 2690 4726 2875 4795; x_wconf 78' lang='lat' dir='ltr'><strong>insCii,</strong></span> <span class='ocrx_word' id='word_1_862' title='bbox 2909 4725 3057 4781; x_wconf 87' lang='lat' dir='ltr'><strong>nunc</strong></span> <span class='ocrx_word' id='word_1_863' title='bbox 3079 4724 3209 4781; x_wconf 84' lang='lat' dir='ltr'><strong>vero</strong></span> <span class='ocrx_word' id='word_1_864' title='bbox 3236 4726 3334 4798; x_wconf 82' lang='lat' dir='ltr'><strong>per</strong></span> <span class='ocrx_word' id='word_1_865' title='bbox 3366 4726 3509 4782; x_wconf 89' lang='lat' dir='ltr'><strong>divi-</strong></span> 
     </span>
    </p>
   </div>
   <div class='ocr_carea' id='block_1_109' title="bbox 1928 4810 3509 4895">
    <p class='ocr_par' dir='ltr' id='par_1_109' title="bbox 1928 4810 3509 4895">
     <span class='ocr_line' id='line_1_109' title="bbox 1928 4810 3509 4895; baseline -0.006 -16"><span class='ocrx_word' id='word_1_866' title='bbox 1928 4841 2054 4879; x_wconf 90' lang='lat' dir='ltr'>nam</span> <span class='ocrx_word' id='word_1_867' title='bbox 2085 4817 2314 4895; x_wconf 77' lang='lat' dir='ltr'><strong>gratiam</strong></span> <span class='ocrx_word' id='word_1_868' title='bbox 2351 4820 2535 4891; x_wconf 87' lang='lat' dir='ltr'><strong>periti,</strong></span> <span class='ocrx_word' id='word_1_869' title='bbox 2570 4812 2639 4875; x_wconf 79' lang='lat' dir='ltr'><strong>ad</strong></span> <span class='ocrx_word' id='word_1_870' title='bbox 2692 4810 2825 4874; x_wconf 87' lang='lat' dir='ltr'><strong>Sion</strong></span> <span class='ocrx_word' id='word_1_871' title='bbox 2865 4820 3106 4873; x_wconf 83' lang='lat' dir='ltr'><strong>montem</strong></span> <span class='ocrx_word' id='word_1_872' title='bbox 3143 4825 3198 4872; x_wconf 90' lang='lat' dir='ltr'><strong>et</strong></span> <span class='ocrx_word' id='word_1_873' title='bbox 3228 4816 3509 4871; x_wconf 88' lang='lat' dir='ltr'><strong>civitatem</strong></span> 
     </span>
    </p>
   </div>
   <div class='ocr_carea' id='block_1_110' title="bbox 1929 4905 3506 4984">
    <p class='ocr_par' dir='ltr' id='par_1_110' title="bbox 1929 4905 3506 4984">
     <span class='ocr_line' id='line_1_110' title="bbox 1929 4905 3506 4984; baseline -0.006 -13"><span class='ocrx_word' id='word_1_874' title='bbox 1929 4905 2024 4983; x_wconf 85' lang='lat' dir='ltr'>Dei</span> <span class='ocrx_word' id='word_1_875' title='bbox 2066 4914 2317 4977; x_wconf 83' lang='lat' dir='ltr'><strong>viventis,</strong></span> <span class='ocrx_word' id='word_1_876' title='bbox 2354 4912 2768 4984; x_wconf 86' lang='lat' dir='ltr'><strong>Jerusalemque</strong></span> <span class='ocrx_word' id='word_1_877' title='bbox 2810 4913 3088 4967; x_wconf 70' lang='lat' dir='ltr'><strong>cmlestem</strong></span> <span class='ocrx_word' id='word_1_878' title='bbox 3139 4910 3506 4979; x_wconf 78' lang='lat' dir='ltr'><strong>pervenimus.</strong></span> 
     </span>
    </p>
   </div>
   <div class='ocr_carea' id='block_1_111' title="bbox 1930 4997 3509 5084">
    <p class='ocr_par' dir='ltr' id='par_1_111' title="bbox 1930 4997 3509 5084">
     <span class='ocr_line' id='line_1_111' title="bbox 1930 4997 3509 5084; baseline -0.003 -23"><span class='ocrx_word' id='word_1_879' title='bbox 1930 5006 1997 5060; x_wconf 89' lang='lat' dir='ltr'><strong>Et</strong></span> <span class='ocrx_word' id='word_1_880' title='bbox 2024 4997 2171 5061; x_wconf 83' lang='lat' dir='ltr'><strong>velut</strong></span> <span class='ocrx_word' id='word_1_881' title='bbox 2195 5003 2383 5084; x_wconf 86' lang='lat' dir='ltr'><strong>edocti</strong></span> <span class='ocrx_word' id='word_1_882' title='bbox 2411 4998 2480 5059; x_wconf 78' lang='lat' dir='ltr'><strong>ab</strong></span> <span class='ocrx_word' id='word_1_883' title='bbox 2513 5005 2607 5059; x_wconf 91' lang='lat' dir='ltr'><strong>illo</strong></span> <span class='ocrx_word' id='word_1_884' title='bbox 2641 5007 2733 5075; x_wconf 90' lang='lat' dir='ltr'>qui</span> <span class='ocrx_word' id='word_1_885' title='bbox 2772 5020 3030 5076; x_wconf 81' lang='lat' dir='ltr'><strong>egressus</strong></span> <span class='ocrx_word' id='word_1_886' title='bbox 3057 5014 3142 5060; x_wconf 92' lang='lat' dir='ltr'>est</span> <span class='ocrx_word' id='word_1_887' title='bbox 3167 5005 3251 5060; x_wconf 85' lang='lat' dir='ltr'><strong>vel</strong></span> <span class='ocrx_word' id='word_1_888' title='bbox 3275 5002 3509 5059; x_wconf 78' lang='lat' dir='ltr'><strong>descen-</strong></span> 
     </span>
    </p>
   </div>
   <div class='ocr_carea' id='block_1_112' title="bbox 1929 5096 3508 5168">
    <p class='ocr_par' dir='ltr' id='par_1_112' title="bbox 1929 5096 3508 5168">
     <span class='ocr_line' id='line_1_112' title="bbox 1929 5096 3508 5168; baseline -0.003 -14"><span class='ocrx_word' id='word_1_889' title='bbox 1929 5100 2009 5154; x_wconf 86' lang='lat' dir='ltr'>dit</span> <span class='ocrx_word' id='word_1_890' title='bbox 2030 5099 2097 5153; x_wconf 88' lang='lat' dir='ltr'><strong>de</strong></span> <span class='ocrx_word' id='word_1_891' title='bbox 2120 5097 2331 5153; x_wconf 57' lang='lat' dir='ltr'><strong>caelesti</strong></span> <span class='ocrx_word' id='word_1_892' title='bbox 2355 5096 2682 5162; x_wconf 88' lang='lat' dir='ltr'><strong>Jerusalem,</strong></span> <span class='ocrx_word' id='word_1_893' title='bbox 2708 5096 2890 5153; x_wconf 82' lang='lat' dir='ltr'><strong>Verbo</strong></span> <span class='ocrx_word' id='word_1_894' title='bbox 2919 5096 3050 5160; x_wconf 72' lang='lat' dir='ltr'><strong>Deo,</strong></span> <span class='ocrx_word' id='word_1_895' title='bbox 3082 5097 3335 5153; x_wconf 87' lang='lat' dir='ltr'><strong>novimus</strong></span> <span class='ocrx_word' id='word_1_896' title='bbox 3363 5096 3508 5168; x_wconf 89' lang='lat' dir='ltr'><strong>quod</strong></span> 
     </span>
    </p>
   </div>
   <div class='ocr_carea' id='block_1_113' title="bbox 1934 5184 3509 5261">
    <p class='ocr_par' dir='ltr' id='par_1_113' title="bbox 1934 5184 3509 5261">
     <span class='ocr_line' id='line_1_113' title="bbox 1934 5184 3509 5261; baseline 0.004 -21"><span class='ocrx_word' id='word_1_897' title='bbox 1934 5208 1952 5240; x_wconf 78' lang='grc' dir='ltr'>ι</span> <span class='ocrx_word' id='word_1_898' title='bbox 1979 5189 2071 5244; x_wconf 90' lang='lat' dir='ltr'><strong>illa</strong></span> <span class='ocrx_word' id='word_1_899' title='bbox 2116 5205 2237 5259; x_wconf 67' lang='lat' dir='ltr'><strong>qua:</strong></span> <span class='ocrx_word' id='word_1_900' title='bbox 2267 5205 2487 5245; x_wconf 91' lang='lat' dir='ltr'><strong>sursum</strong></span> <span class='ocrx_word' id='word_1_901' title='bbox 2538 5198 2623 5247; x_wconf 87' lang='lat' dir='ltr'>est</span> <span class='ocrx_word' id='word_1_902' title='bbox 2663 5184 2988 5255; x_wconf 75' lang='lat' dir='ltr'><strong>Jerusalem,</strong></span> <span class='ocrx_word' id='word_1_903' title='bbox 3030 5191 3198 5246; x_wconf 88' lang='lat' dir='ltr'><strong>libera</strong></span> <span class='ocrx_word' id='word_1_904' title='bbox 3245 5184 3351 5254; x_wconf 81' lang='lat' dir='ltr'><strong>est,</strong></span> <span class='ocrx_word' id='word_1_905' title='bbox 3388 5205 3509 5261; x_wconf 69' lang='lat' dir='ltr'><strong>quae</strong></span> 
     </span>
    </p>
   </div>
   <div class='ocr_carea' id='block_1_114' title="bbox 1927 5272 3504 5359">
    <p class='ocr_par' dir='ltr' id='par_1_114' title="bbox 1927 5272 3504 5359">
     <span class='ocr_line' id='line_1_114' title="bbox 1927 5272 3504 5359; baseline 0.002 -21"><span class='ocrx_word' id='word_1_906' title='bbox 1927 5291 2013 5338; x_wconf 87' lang='lat' dir='ltr'>est</span> <span class='ocrx_word' id='word_1_907' title='bbox 2056 5288 2233 5337; x_wconf 90' lang='lat' dir='ltr'><strong>mater</strong></span> <span class='ocrx_word' id='word_1_908' title='bbox 2278 5291 2468 5337; x_wconf 87' lang='lat' dir='ltr'><strong>nostra</strong></span> <span class='ocrx_word' id='word_1_909' title='bbox 2492 5283 2541 5359; x_wconf 9' lang='lat'>“.7</span> <span class='ocrx_word' id='word_1_910' title='bbox 2567 5303 2585 5336; x_wconf 75' lang='grc' dir='ltr'>ι</span> <span class='ocrx_word' id='word_1_911' title='bbox 2636 5284 2719 5339; x_wconf 85' lang='lat' dir='ltr'><strong>Ad</strong></span> <span class='ocrx_word' id='word_1_912' title='bbox 2760 5285 2906 5340; x_wconf 91' lang='lat' dir='ltr'><strong>hanc</strong></span> <span class='ocrx_word' id='word_1_913' title='bbox 2954 5272 3233 5341; x_wconf 73' lang='lat' dir='ltr'><strong>cmlestem</strong></span> <span class='ocrx_word' id='word_1_914' title='bbox 3275 5274 3367 5340; x_wconf 82' lang='lat' dir='ltr'><strong>Dei</strong></span> <span class='ocrx_word' id='word_1_915' title='bbox 3409 5285 3504 5341; x_wconf 83' lang='lat' dir='ltr'>do-</span> 
     </span>
    </p>
   </div>
   <div class='ocr_carea' id='block_1_115' title="bbox 1927 5361 3508 5441">
    <p class='ocr_par' dir='ltr' id='par_1_115' title="bbox 1927 5361 3508 5441">
     <span class='ocr_line' id='line_1_115' title="bbox 1927 5361 3508 5441; baseline 0.001 -12"><span class='ocrx_word' id='word_1_916' title='bbox 1927 5390 2097 5439; x_wconf 89' lang='lat' dir='ltr'><strong>mum,</strong></span> <span class='ocrx_word' id='word_1_917' title='bbox 2130 5374 2198 5430; x_wconf 91' lang='lat' dir='ltr'><strong>ad</strong></span> <span class='ocrx_word' id='word_1_918' title='bbox 2233 5362 2390 5440; x_wconf 83' lang='lat' dir='ltr'><strong>Sion,</strong></span> <span class='ocrx_word' id='word_1_919' title='bbox 2434 5377 2715 5432; x_wconf 65' lang='lat' dir='ltr'><strong>caelestem</strong></span> <span class='ocrx_word' id='word_1_920' title='bbox 2747 5364 2987 5432; x_wconf 83' lang='lat' dir='ltr'><strong>montem</strong></span> <span class='ocrx_word' id='word_1_921' title='bbox 3020 5375 3257 5441; x_wconf 88' lang='lat' dir='ltr'><strong>Domini,</strong></span> <span class='ocrx_word' id='word_1_922' title='bbox 3292 5392 3396 5431; x_wconf 86' lang='lat' dir='ltr'>nos</span> <span class='ocrx_word' id='word_1_923' title='bbox 3425 5361 3508 5431; x_wconf 60' lang='lat' dir='ltr'><strong>in.</strong></span> 
     </span>
    </p>
   </div>
   <div class='ocr_carea' id='block_1_116' title="bbox 1924 5452 3505 5540">
    <p class='ocr_par' dir='ltr' id='par_1_116' title="bbox 1924 5452 3505 5540">
     <span class='ocr_line' id='line_1_116' title="bbox 1924 5452 3505 5540; baseline 0.003 -22"><span class='ocrx_word' id='word_1_924' title='bbox 1924 5465 2099 5521; x_wconf 89' lang='lat' dir='ltr'><strong>vicem</strong></span> <span class='ocrx_word' id='word_1_925' title='bbox 2143 5466 2440 5523; x_wconf 88' lang='lat' dir='ltr'><strong>invitantes</strong></span> <span class='ocrx_word' id='word_1_926' title='bbox 2474 5452 2937 5540; x_wconf 83' lang='lat' dir='ltr'><strong>adhortantesque</strong></span> <span class='ocrx_word' id='word_1_927' title='bbox 2982 5456 3250 5525; x_wconf 87' lang='lat' dir='ltr'><strong>doctrinis</strong></span> <span class='ocrx_word' id='word_1_928' title='bbox 3279 5462 3333 5525; x_wconf 87' lang='lat' dir='ltr'><strong>et</strong></span> <span class='ocrx_word' id='word_1_929' title='bbox 3363 5469 3505 5524; x_wconf 93' lang='lat' dir='ltr'><strong>inci-</strong></span> 
     </span>
    </p>
   </div>
   <div class='ocr_carea' id='block_1_117' title="bbox 1923 5558 3504 5627">
    <p class='ocr_par' dir='ltr' id='par_1_117' title="bbox 1923 5558 3504 5627">
     <span class='ocr_line' id='line_1_117' title="bbox 1923 5558 3504 5627; baseline 0.004 -17"><span class='ocrx_word' id='word_1_930' title='bbox 1923 5558 2246 5627; x_wconf 73' lang='lat' dir='ltr'><strong>tationi&#39;bus,</strong></span> <span class='ocrx_word' id='word_1_931' title='bbox 2282 5558 2600 5616; x_wconf 88' lang='lat' dir='ltr'><strong>dictitamus</strong></span> <span class='ocrx_word' id='word_1_932' title='bbox 2628 5580 2641 5617; x_wconf 92' lang='lat'><strong>:</strong></span> <span class='ocrx_word' id='word_1_933' title='bbox 2681 5579 2700 5612; x_wconf 78' lang='grc' dir='ltr'>ι</span> <span class='ocrx_word' id='word_1_934' title='bbox 2734 5560 2927 5618; x_wconf 77' lang='lat' dir='ltr'><strong>Venite</strong></span> <span class='ocrx_word' id='word_1_935' title='bbox 2964 5570 3019 5617; x_wconf 89' lang='lat' dir='ltr'><strong>et</strong></span> <span class='ocrx_word' id='word_1_936' title='bbox 3050 5562 3410 5618; x_wconf 89' lang='lat' dir='ltr'><strong>ascendamus</strong></span> <span class='ocrx_word' id='word_1_937' title='bbox 3436 5561 3504 5616; x_wconf 89' lang='lat' dir='ltr'>ad</span> 
     </span>
    </p>
   </div>
   <div class='ocr_carea' id='block_1_118' title="bbox 1923 5642 3506 5719">
    <p class='ocr_par' dir='ltr' id='par_1_118' title="bbox 1923 5642 3506 5719">
     <span class='ocr_line' id='line_1_118' title="bbox 1923 5642 3506 5719; baseline 0.003 -16"><span class='ocrx_word' id='word_1_938' title='bbox 1923 5658 2162 5707; x_wconf 91' lang='lat' dir='ltr'><strong>montem</strong></span> <span class='ocrx_word' id='word_1_939' title='bbox 2194 5649 2432 5719; x_wconf 89' lang='lat' dir='ltr'><strong>Domini,</strong></span> <span class='ocrx_word' id='word_1_940' title='bbox 2476 5661 2532 5709; x_wconf 90' lang='lat' dir='ltr'>et</span> <span class='ocrx_word' id='word_1_941' title='bbox 2571 5655 2640 5709; x_wconf 92' lang='lat' dir='ltr'><strong>ad</strong></span> <span class='ocrx_word' id='word_1_942' title='bbox 2690 5654 2911 5709; x_wconf 91' lang='lat' dir='ltr'><strong>domum</strong></span> <span class='ocrx_word' id='word_1_943' title='bbox 2956 5653 3051 5710; x_wconf 89' lang='lat' dir='ltr'>Dei</span> <span class='ocrx_word' id='word_1_944' title='bbox 3079 5642 3250 5711; x_wconf 83' lang='lat' dir='ltr'><strong>JacOb</strong></span> <span class='ocrx_word' id='word_1_945' title='bbox 3276 5647 3297 5709; x_wconf 74' lang='grc' dir='ltr'><em>τ’</em></span> <span class='ocrx_word' id='word_1_946' title='bbox 3319 5644 3376 5711; x_wconf 91' lang='lat' dir='ltr'>et</span> <span class='ocrx_word' id='word_1_947' title='bbox 3405 5652 3506 5708; x_wconf 78' lang='lat' dir='ltr'>do-</span> 
     </span>
    </p>
   </div>
   <div class='ocr_carea' id='block_1_119' title="bbox 1590 5844 3072 5926">
    <p class='ocr_par' dir='ltr' id='par_1_119' title="bbox 1590 5844 3072 5926">
     <span class='ocr_line' id='line_1_119' title="bbox 1590 5844 3072 5926; baseline 0.007 -26"><span class='ocrx_word' id='word_1_948' title='bbox 1590 5848 1611 5877; x_wconf 74' lang='grc'>⁸</span> <span class='ocrx_word' id='word_1_949' title='bbox 1636 5844 1743 5902; x_wconf 77' lang='lat' dir='ltr'><strong>Isa.‘</strong></span> <span class='ocrx_word' id='word_1_950' title='bbox 1769 5862 1828 5914; x_wconf 77' lang='lat' dir='ltr'>ir,</span> <span class='ocrx_word' id='word_1_951' title='bbox 1858 5848 1908 5903; x_wconf 79' lang='lat' dir='ltr'>l.</span> <span class='ocrx_word' id='word_1_952' title='bbox 1941 5850 2008 5926; x_wconf 22' lang='grc' dir='ltr'>μ’</span> <span class='ocrx_word' id='word_1_953' title='bbox 2038 5847 2184 5907; x_wconf 83' lang='lat' dir='ltr'><strong>Psal.</strong></span> <span class='ocrx_word' id='word_1_954' title='bbox 2215 5864 2384 5923; x_wconf 75' lang='lat' dir='ltr'><strong>uvu,</strong></span> <span class='ocrx_word' id='word_1_955' title='bbox 2416 5850 2612 5921; x_wconf 61' lang='lat'>15,16.</span> <span class='ocrx_word' id='word_1_956' title='bbox 2689 5853 2710 5887; x_wconf 79' lang='grc'><strong><em>⁸</em></strong></span> <span class='ocrx_word' id='word_1_957' title='bbox 2733 5853 2857 5909; x_wconf 60' lang='grc' dir='ltr'>θοις</span> <span class='ocrx_word' id='word_1_958' title='bbox 2885 5869 2960 5922; x_wconf 83' lang='lat' dir='ltr'>rv,</span> <span class='ocrx_word' id='word_1_959' title='bbox 2982 5854 3072 5911; x_wconf 75' lang='lat'>26.</span> 
     </span>
    </p>
   </div>
  </div>
