3926 6260
451 277 589 335 “99

1190 278 1456 335 EUSEBII
1497 276 1975 338 ClESARlENSIS
2016 284 2168 344 OPP.
2210 287 2393 345 PARS
2428 289 2516 346 ΙΙΙ.
2556 323 2626 333 -
2662 290 3069 350 EXEGETICA.

3499 307 3604 363 {200

448 397 593 453 cebit
637 411 736 451 nos
784 398 896 450 vias
944 410 1091 460 suas,
1151 405 1206 452 et
1258 399 1657 457 ambulabimus
1706 404 1761 457 in
1804 406 1999 461 semitis

2113 411 2203 463 τὸν
2237 412 2556 484 ἐπουράνιον
2583 410 2848 469 οἷκον-τοῦ
2879 417 3036 479 Θεοῦ,
3070 417 3162 471 καὶ
3184 418 3276 471 ἐπὶ
3311 418 3364 472 τὸ
3382 421 3510 486 Σιὼν,
3538 431 3605 480 καὶ

447 490 569 557 ejus
594 490 630 543 ί.
664 508 683 539 ι
715 489 923 555 Quibus
967 504 1096 545 vero
1127 492 1378 562 expletis.
1410 502 1464 548 et
1508 493 1599 550 Dei
1634 498 1805 565 gratia
1855 499 2014 553 nobis

447 583 702 637 omnibus
751 579 1137 645 manifestatis,
1178 584 1284 639 alia
1313 600 1532 656 quoque
1569 590 1854 659 prophetia
1893 592 2014 646 exi-

448 686 560 729 tum
605 673 809 738 habuit,
852 688 958 744 qua
994 674 1169 744 ipsum
1214 677 1450 734 salutare
1493 678 1732 736 Verbum
1782 684 2012 739 manife-

446 767 587 821 stius
617 766 708 820 illa
730 781 853 836 qua:
877 782 1021 821 nunc
1051 768 1211 822 nobis
1238 769 1560 825 clucidauda
1591 781 1675 827 est
1705 774 2009 843 pr0phetia,

445 865 678 912 testatur
725 857 914 913 dicens
949 877 961 911 :
994 858 1367 915 «Manifestus
1417 861 1596 919 factus
1648 880 1769 920 sum
1816 867 1884 922 iis
1918 868 2013 938 qui

444 959 571 1007 ante
602 966 710 1005 non
742 952 1150 1022 interrogabant
1176 970 1190 1019 ;
1223 954 1549 1011 invenerunt
1593 960 1685 1028 qui
1730 974 1837 1014 non
1868 976 2015 1030 qua:-

444 1045 656 1102 siemut
687 1060 773 1099 me
800 1063 813 1108 ;
840 1044 950 1099 dixi
988 1065 999 1100 :
1031 1044 1169 1101 Ecce
1220 1063 1340 1118 ego,
1380 1065 1509 1106 ecce
1546 1066 1645 1122 ego
1679 1054 1745 1107 ad
1771 1060 2009 1124 gentem,

440 1154 563 1209 qua:
581 1153 690 1193 non
715 1138 1001 1193 invocabat
1026 1154 1223 1195 nomen
1254 1144 1488 1197 meum’.
1514 1163 1533 1194 ι
1569 1141 1626 1197 Si
1658 1146 1782 1215 quis
1810 1155 2011 1203 nostra:

441 1246 548 1285 non
577 1230 885 1286 consentiat
924 1231 1381 1301 interpretationi,
1414 1251 1576 1305 quem
1616 1238 1784 1292 alium
1812 1238 1879 1293 de
1907 1239 2010 1293 hoc

441 1330 625 1378 monte
657 1323 741 1377 vel
774 1323 938 1377 domo
981 1322 1074 1378 Dei
1117 1341 1339 1382 sensum
1387 1329 1649 1384 exhibere
1698 1332 1873 1399 possit
1920 1349 2008 1387 ne-

441 1414 576 1480 scio,
611 1413 680 1470 de
708 1416 909 1485 quibus
944 1417 1248 1487 prophetia,
1290 1420 1533 1475 nondum
1564 1437 1711 1477 nunc
1748 1439 2010 1494 corpora-

441 1507 565 1561 liter
609 1507 992 1573 manifestatis,
1032 1526 1154 1581 quae
1198 1512 1351 1582 prius
1392 1514 1563 1569 relata
1611 1523 1740 1569 sunt
1778 1516 2004 1571 indicat.

439 1597 679 1655 Possunt
705 1601 819 1656 haec
856 1617 1077 1673 quoque
1099 1605 1260 1660 aliter
1283 1606 1581 1661 secundam
1602 1606 1806 1663 Christi
1834 1610 2009 1662 mani-

440 1689 783 1753 festatiouem
839 1694 1168 1766 signiﬁcare,
1226 1705 1360 1753 tunc
1404 1698 1588 1770 ptius
1645 1716 1810 1771 quam
1860 1717 2007 1756 nunc

2116 505 2247 559 αὐτὸ
2277 506 2596 577 ἐπουράνιον
2630 507 2755 580 ὅρος
2788 509 3011 579 Κυρίου,
3043 510 3382 582 διεγείροντες
3404 514 3604 587 ἀλλήλους

2116 595 2210 648 καὶ
2231 596 2692 659 κατασπεύδοντες
2717 597 2805 651 διὰ
2830 598 2929 668 τῆς
2961 598 3303 663 διδασκαλίας
3328 602 3408 654 καὶ
3428 620 3602 677 προτρο-

2116 687 2222 756 πῆς
2246 704 2455 767 φαμεκ·
2492 707 2509 737 ι
2545 687 2727 751 Δεῦτε,
2765 689 2858 741 καὶ
2907 688 3192 760 ἀναδῶμεν
3220 693 3297 754 εἰς
3326 691 3381 744 τὸ
3409 693 3509 765 ὅρος
3526 699 3609 761 xu.

2116 778 2252 849 ρίου,
2270 780 2365 831 καὶ
2383 782 2461 842 εἰς
2475 780 2566 832 τὸν
2587 775 2734 833 οἷκον
2748 779 2840 832 τοῦ
2864 779 2997 833 Θεοῦ
3033 781 3226 834 Ἰακώό
3245 799 3259 812 ο
3279 784 3365 836 καὶ
3384 785 3611 854 ἀναγγελεῖ

2112 871 2245 940 ἡμῖν
2280 872 2378 942 τὴν
2423 871 2541 924 όδὺν
2574 872 2760 937 αὐτοῦ,
2807 873 2900 926 καὶ
2944 873 3320 944 πορευσόμεθα
3360 876 3412 928 ἐν
3443 878 3606 948 αὐτῇ.»

2113 961 2330 1014 Τούτων
2369 961 2412 1014 δ’
2439 962 2903 1017 ἀποτελεσθέντων
2927 1005 2941 1024 ,
2978 966 3071 1018 καὶ
3116 964 3250 1019 Θεοῦ
3291 966 3455 1038 χάριτι
3488 972 3616 1024 πᾶσιν

2110 1056 2242 1125 ἡμῖν
2287 1054 2543 1125 ἐμφανῶν
2580 1056 2906 1125 γενομένων,
2929 1056 3022 1107 καὶ
3074 1055 3205 1128 ἄλλη
3248 1073 3329 1120 τις
3369 1061 3614 1131 προφητεία

2112 1148 2284 1219 πέρας
2317 1146 2526 1217 εἴληφε,
2553 1147 2619 1200 δι’
2663 1142 2732 1217 ἧς
2761 1147 2920 1210 αὐτὸς
2945 1149 2973 1201 ὁ
3012 1148 3274 1219 σωτήριος
3300 1148 3453 1218 Λόγος
3485 1153 3616 1222 σαφέ-

2113 1254 2299 1309 στερον
2340 1239 2704 1310 ἐπιμαρτυρεῖ
2748 1240 2813 1309 τῇ
2868 1237 3005 1308 μετὰ
3049 1242 3237 1310 χεῖρας
3280 1245 3520 1313 περικοπῇ
3544 1244 3618 1314 τῆς

2107 1330 2200 1384 τοῦ
2229 1331 2449 1384 Ἡσαΐου
2482 1331 2830 1403 προφητείας,
2847 1330 3020 1397 λέγων
3038 1348 3051 1361 ·
3077 1351 3096 1381 ι
3118 1332 3386 1403 Ἑμφανὴς
3407 1334 3620 1406 ἐγενήθην

2109 1426 2219 1487 τοῖς
2240 1423 2339 1495 ἐμὲ
2371 1422 2445 1495 μὴ
2487 1423 2865 1495 ἐπερωτῶσιν·
2915 1423 3142 1495 εὐρέθην
3181 1427 3296 1488 τοῖς
3331 1408 3422 1495 ἐμῖέ
3458 1427 3520 1498 μὴ
3548 1424 3620 1499 ζη-

2107 1515 2288 1568 τοῦσιν
2311 1532 2325 1545 ’
2372 1509 2523 1578 εἶπα,
2561 1514 2691 1569 Ἰδοὺ
2733 1513 2843 1583 ἐγώ
2884 1516 2998 1585 είμι
3040 1514 3215 1581 ἔθνει,
3252 1515 3303 1568 οἳ
3342 1517 3433 1570 οὐκ
3461 1518 3622 1572 ἐπεκά-

2107 1606 2267 1661 λεσαν
2288 1607 2348 1660 τὸ
2371 1606 2541 1677 δνομά
2574 1623 2694 1677 μου.
2723 1626 2742 1658 ι
2771 1607 2833 1659 El
2852 1605 2908 1659 δέ
2934 1605 3007 1677 μὴ
3035 1605 3206 1670 οὕτως
3246 1607 3451 1663 ἐκλάϐοι
3478 1627 3548 1673 τις
3571 1609 3624 1663 τὰ

2107 1698 2248 1752 κατὰ
2269 1698 2396 1761 τοὺς
2420 1697 2637 1761 τόπους,
2668 1699 2819 1749 ποῖον
2853 1696 2918 1750 ἂν
2943 1697 3068 1768 ὅρος
3106 1697 3139 1768 ἢ
3179 1700 3330 1751 ποῖον
3364 1698 3486 1752 Θεοῦ
3509 1695 3627 1754 οἷκον

434 1782 731 1851 perfectum
769 1788 1009 1845 oraculis
1035 1789 1241 1844 exitum
1276 1791 1566 1847 habituris.
1603 1792 1757 1849 Scire
1788 1810 1999 1864 quoque

2106 1790 2276 1853 ἄλλως
2308 1789 2419 1860 ἔχοι
2463 1789 2528 1842 ἂν
2558 1786 2841 1853 ἐπιδεῖξαι,
2883 1789 3012 1862 περὶ
3048 1781 3122 1841 ὧν
3166 1790 3200 1859 ἡ
3231 1789 3543 1860 προφητεία,
3568 1791 3627 1855 ὡς

434 1891 611 1946 operae
646 1881 877 1948 pretium
904 1888 988 1936 est
1034 1881 1149 1936 hac
1178 1882 1288 1938 fcie
1318 1882 1383 1938 ad
1416 1884 1653 1939 litteram
1685 1885 1739 1939 in
1770 1884 2004 1940 Michaeaz

435 1970 715 2040 prophetia
741 1972 994 2027 inveniri.

2113 1881 2187 1951 μὴ
2238 1879 2359 1933 τότε
2398 1878 2567 1932 ὄντων
2602 1877 2927 1949 σωματικῶς
2973 1878 3268 1949 ἐμφανῶν,
3314 1879 3381 1932 τὰ
3413 1895 3628 1951 προεκτι-

2108 1973 2269 2027 θέντα
2302 1971 2573 2044 σημαίνει.
2608 1970 2837 2024 Δύναται
2870 1971 2928 2023 δέ
2955 1969 3124 2024 ταῦτα
3151 1971 3244 2025 καὶ
3273 1970 3438 2035 ἄλλως
3463 1974 3533 2036 είς
3550 1970 3630 2043 τὴν

431 2064 688 2137 δευτέραν
719 2066 815 2119 τοῦ
836 2066 1068 2138 Χριστοῦ
1102 2068 1400 2139 παρουσίαν
1430 2069 1493 2141 (ί.
1512 2070 1582 2123 45
1607 2070 1681 2139 νο)
1716 2068 2095 2143 ἁρμόττεσθαι,
2130 2067 2204 2130 ὡς
2231 2065 2353 2118 τότε
2389 2062 2584 2133 μᾶλλον
2611 2062 2642 2133 ἢ
2676 2061 2769 2116 νῦν
2796 2063 3304 2134 πληρωθησομένων
3326 2047 3526 2127 τελείως
3541 2064 3627 2117 τῶν

433 2169 980 2233 προπεφητευμενων.
1013 2163 1204 2216 ’ἰστέον
1230 2163 1306 2227 δὲ,
1331 2164 1405 2228 ὡς
1434 2166 1500 2219 τὰ
1531 2166 1668 2220 αὐτὰ
1698 2166 1838 2220 κατὰ
1865 2165 2006 2230 λέξιν
2039 2161 2222 2233 σχεδὸν
2252 2160 2548 2231 ἐμφέρεται
2585 2159 2679 2211 καὶ
2701 2160 2757 2211 ἐν
2791 2159 2859 2228 τῇ
2885 2157 2979 2210 τοῦ
3000 2156 3232 2228 Μιχαίου
3265 2157 3558 2229 προφητεία.

1046 2274 1276 2331 CAPUT
1316 2277 1385 2332 ll.

1056 2367 1139 2421 Ex
1169 2369 1367 2425 eodem.

511 2477 533 2510 ι
558 2456 698 2513 Ecce
721 2458 865 2513 enim
896 2459 1205 2515 dominator
1245 2460 1507 2518 Dominus
1528 2464 1862 2519 exercituum
1901 2480 2000 2519 au-

431 2549 570 2607 feret
624 2565 654 2605 a
701 2549 1007 2606 Jerusalem
1049 2564 1102 2609 et
1150 2569 1180 2607 a
1211 2553 1350 2609 Juda
1399 2555 1639 2611 validum
1685 2564 1740 2612 et
1782 2557 1997 2622 fortem,

427 2659 590 2700 omne
626 2645 796 2700 robur
831 2645 988 2716 panis
1037 2657 1090 2700 et
1136 2661 1299 2701 omne
1343 2647 1510 2702 robur
1550 2662 1743 2718 aquae:
1780 2647 1995 2711 fortem,

426 2745 482 2793 ct
508 2738 684 2792 virum
720 2738 1056 2801 bellatorem,
1084 2737 1349 2807 judicem,
1378 2747 1433 2794 et
1460 2740 1874 2809 prophetam,ct
1898 2740 1999 2794 ha-

426 2832 646 2898 riolum,
678 2839 732 2887 et
778 2847 1000 2888 senem:
1033 2834 1334 2905 principem
1384 2849 1550 2903 super
1579 2832 1995 2904 quinquaginta,

424 2933 479 2977 et
506 2924 874 2980 houorabilem
900 2926 1071 2989 vultu,
1101 2932 1154 2980 et
1183 2925 1580 2990 consiliarium,
1613 2933 1667 2980 et
1699 2926 1996 2994 sapientem

426 3015 495 3071 de
529 3016 873 3079 architectis,
916 3024 968 3071 ct
1024 3017 1344 3086 prudentem
1394 3017 1594 3087 eloquii
1642 3017 1879 3088 mystici.
1930 3016 1997 3071 Et

2623 2271 3019 2325 ΚΕΦΑΛΔΙΟΝ
3064 2270 3139 2326 B'.

2711 2392 2820 2447 Τοῦ
2853 2393 3059 2447 αὑτοῦ.

2176 2506 2196 2539 ι
2232 2486 2360 2541 Ἰδοὺ
2420 2485 2505 2556 δὴ,
2567 2486 2595 2537 ό
2646 2482 2909 2555 δεσπότης
2966 2481 3191 2536 Σαϐαὼθ
3226 2480 3414 2552 ἀφελεῖ
3432 2481 3532 2536 ἀπὸ
3554 2481 3632 2552 τῆς

2108 2580 2367 2643 Ἰουδαίας
2415 2577 2509 2632 καὶ
2541 2575 2647 2630 ἀπὸ
2679 2574 3029 2646 Ἰερουσαλὴμ
3057 2574 3311 2644 ἰσχύοντα
3340 2575 3433 2627 καὶ
3453 2573 3631 2643 ίσχύου·

2098 2687 2217 2737 σαν,
2270 2670 2421 2739 ἰσχὺν
2470 2669 2632 2738 ἄρτου
2672 2665 2766 2719 καὶ
2822 2667 2974 2735 ἰσχὺν
3030 2663 3244 2729 ὓδατος,
3303 2666 3521 2734 γίγαντα
3558 2663 3633 2716 καὶ

2097 2761 2370 2833 ἰσχύοντα,
2408 2761 2503 2814 καὶ
2542 2757 2827 2830 ἄνθρωπον
2874 2754 3227 2828 πολεμιστὴν,
3261 2756 3356 2810 καὶ
3384 2755 3632 2824 δικαστὴν,

2095 2853 2188 2906 καὶ
2220 2853 2530 2923 προφήτην,
2546 2851 2640 2903 καὶ
2668 2848 2986 2920 στοχαστὴν,
3019 2848 3115 2902 καὶ
3148 2846 3530 2919 πρεσϐύτερον,
3561 2847 3635 2898 καὶ

2094 2944 2587 3015 πεντηκόνταρχον,
2608 2941 2701 2995 xal.
2721 2939 3026 3010 θαυμαστὸν
3046 2939 3107 2992 σύ
3117 2938 3369 3010 μϐουλον,
3390 2939 3479 2992 καὶ
3502 2938 3637 3005 σοφὶν

2094 3035 2471 3106 ἀρχιτέκτονα,
2503 3033 2597 3086 καὶ
2628 3032 2843 3085 συνετὸν
2877 3032 3166 3101 ἀκροατήν.
3233 3030 3348 3083 Καὶ
3392 3030 3639 3112 ἐπιστῄσω

424 3108 568 3162 dabo
610 3123 807 3178 pueros
839 3109 1114 3178 principes
1152 3124 1363 3178 eorum,
1387 3117 1444 3165 et
1477 3110 1772 3166 ell'eminati
1813 3109 1989 3164 domi-

425 3196 700 3222 ...ιι-...Διη-
740 3198 890 3222 γιῐΑΙ-
924 3218 937 3222 _
998 3207 1043 3222 Δι
1085 3200 1288 3222 _-I!-_-_
1371 3203 1557 3222 Han-La-
1614 3202 1754 3222 -JJE.
1807 3202 1945 3222 τλημλ

2102 3127 2404 3190 νεανίσκους
2436 3125 2700 3198 ἄρχοντας
2738 3122 2947 3186 αὐτῶν,
2985 3122 3078 3176 καὶ
3109 3123 3413 3192 ἐμπαῖκται
3451 3108 3637 3190 κυριεύ-

424 3196 700 3251 nabuntur
735 3198 892 3266 eis';
924 3218 943 3251 ι
993 3207 1048 3254 et
1085 3200 1316 3271 reliqua,
1363 3203 1562 3272 quibus
1611 3202 1759 3258 addit
1806 3202 1984 3259 Deus:

431 3307 449 3338 ι
483 3286 661 3344 Nolite
710 3292 1048 3347 constituere
1100 3308 1186 3348 me
1241 3295 1541 3365 principem
1592 3296 1800 3367 populi.
1860 3294 1991 3352 Ruit

422 3381 566 3436 cnim
586 3381 907 3449 Jerusalem,
951 3392 1004 3440 et
1032 3383 1169 3440 Juda
1203 3387 1442 3442 concidit
1470 3407 1483 3441 :
1508 3389 1635 3458 quia
1673 3388 1854 3460 lingua
1895 3405 1991 3444 eo-

423 3488 544 3526 rum
581 3483 633 3528 et
660 3474 1072 3546 adinvejitioues
1113 3493 1302 3533 eorum
1348 3490 1536 3534 contra
1578 3479 1890 3545 Dominum,
1931 3490 1992 3536 ut

421 3575 742 3634 provocaret
782 3568 975 3623 oculos
1013 3570 1316 3639 maiestatis
1367 3572 1506 3641 ejus.
1558 3572 1774 3643 Agnitio
1807 3574 1990 3629 vultus

419 3672 607 3712 eorum
643 3660 924 3729 respondit
961 3660 1044 3717 eis
1073 3680 1085 3716 :
1111 3670 1164 3717 et
1192 3673 1480 3733 peccatum
1508 3680 1668 3719 suum
1696 3666 1853 3736 quasi
1888 3664 1991 3720 So-

418 3748 579 3806 doma
618 3751 1077 3823 praedicaverunt,
1119 3770 1221 3809 nec
1270 3754 1717 3811 absconderunt:
1750 3770 1832 3811 vae
1872 3756 1991 3810 ani-

418 3857 522 3899 me
559 3858 772 3910 eorum,
816 3847 1075 3916 quoniam
1106 3847 1312 3901 malum
1341 3846 1583 3902 meditati
1630 3855 1760 3902 sunt
1806 3847 1988 3901 consi-

416 3936 551 3991 lium
594 3937 649 3991 in
691 3938 870 4009 seipsa
925 3939 1209 3994 dicentes:
1239 3938 1554 3994 Vinciemus
1602 3937 1819 4006 justum
1854 3952 1989 4007 quo-

416 4029 564 4083 niam
598 4028 807 4085 inutilis
831 4037 953 4095 est;
989 4031 1241 4101 quoniam
1275 4029 1509 4085 fructum
1543 4028 1984 4084 adinventionum

2096 3235 2276 3274 σουσιν
2324 3216 2522 3279 αὐτῶν,
2553 3235 2572 3266 ι
2623 3213 2717 3267 καὶ
2764 3213 2833 3265 τὰ
2884 3211 3046 3282 ἐξῆν
3079 3205 3161 3274 οἷς
3211 3211 3459 3279 ἐπιλέγει
3500 3208 3636 3270 Θεός·

2098 3328 2118 3358 ‹
2143 3309 2258 3361 Οὐκ
2285 3306 2477 3376 ἔσομαι
2513 3303 2751 3375 ἀρχηγὸς
2782 3298 2875 3354 τοῦ
2913 3298 3047 3353 λαοῦ
3087 3299 3278 3353 τούτου
3300 3339 3316 3365 ,
3346 3299 3427 3352 ὅτι
3460 3297 3637 3352 ἀνεῖται

2105 3396 2487 3471 Ἰερουσαλὴμ,
2536 3396 2630 3448 καὶ
2674 3395 2709 3464 ἡ
2770 3390 2994 3445 Ἰουδαία
3038 3391 3445 3462 συμπέπτωκε,
3482 3386 3569 3442 καὶ
3594 3385 3643 3438 αἱ

2091 3490 2331 3558 γλῶσσαι
2365 3486 2542 3540 αὐτῶν
2572 3484 2712 3557 μετὰ
2745 3483 2995 3554 ἀνομίας,
3016 3482 3083 3536 τὰ
3109 3482 3251 3552 πρὸς
3285 3481 3487 3551 Κύριον
3507 3480 3642 3531 ἀπει-

2092 3575 2329 3640 θοῦντες.
2353 3574 2502 3627 Διότι
2540 3572 2635 3626 νῦν
2664 3570 3000 3642 ἐταπεινώθη
3036 3573 3074 3643 ἡ
3112 3570 3241 3637 δόξα
3271 3569 3473 3635 αὐτῶν,
3504 3569 3589 3622 καὶ
3614 3566 3643 3635 ἡ

2091 3666 2315 3737 αῑσχύνη
2346 3664 2439 3729 τοῦ
2489 3662 2779 3736 προσώπου
2822 3661 3000 3716 αὐτῶν
3037 3661 3272 3733 ἀντέστη
3308 3662 3489 3724 αὐτοῖς
3509 3676 3522 3689 ⁶
3560 3656 3641 3726 τὴν

2089 3756 2145 3809 δὲ
2174 3754 2446 3827 ἁμαρτίαν
2479 3754 2658 3807 αὐτῶν
2705 3754 2780 3817 ὡς
2807 3752 3055 3822 Σοδόμων
3083 3752 3422 3822 ἀνήγγειλαν
3453 3749 3540 3805 καὶ
3574 3749 3645 3800 ἐν·

2088 3847 2383 3915 εφάνισαν·
2420 3846 2544 3899 οὐαὶ
2574 3848 2639 3916 τῇ
2672 3844 2817 3916 ψυχῇ
2869 3844 3068 3906 αὐτῶν,
3108 3844 3246 3897 διότι
3291 3843 3645 3915 βεΰούλευνται

2090 3939 2284 4010 βουλὴν
2311 3937 2574 4009 πονηρὰν,
2606 3938 2727 3991 καθ’
2762 3936 2971 3991 ἑαυτῶν
2992 3936 3271 4000 εἰπόντες·
3298 3936 3553 4009 Δήσωμεν
3570 3930 3648 3986 τδν

2087 4030 2315 4094 δίκαιον,
2343 4030 2427 4083 ὅτι
2449 4029 2782 4100 δύσχρηστος
2807 4029 2940 4100 ἡμῖν
2987 4028 3107 4080 ἐστι
3128 4042 3142 4057 '
3176 4028 3363 4082 τοίνυν
3382 4027 3451 4080 τὰ
3475 4025 3641 4095 γεννή-

2090 4138 2234 4191 ματα
2264 4120 2373 4174 τῶν
2403 4119 2579 4192 ἔργων
2617 4119 2797 4172 αὐτῶν
2827 4118 3109 4188 φάγονται.
3135 4138 3154 4170 δ
3186 4119 3306 4172 Καὶ
3342 4114 3649 4190 ἠ“λεγομὲνη

415 4133 640 4175 suarum
668 4121 1009 4178 comedent".
1031 4142 1050 4175 ι
1094 4120 1257 4177 Liber
1276 4124 1370 4193 qui
1415 4120 1725 4176 Solomonis
1756 4119 1988 4192 Sapien-

2086 4212 2427 4283 Σολομῶντος
2456 4211 2625 4281 Σοφία
2662 4210 2731 4264 τὰ
2764 4210 3119 4282 παραπλήσια
3148 4212 3269 4273 τοῖς
3313 4208 3502 4263 ἐνθάδε
3537 4204 3644 4276 περὶ

414 4210 492 4265 tia
542 4210 765 4279 dicitur,
793 4209 910 4267 fere
938 4212 1129 4267 eadem
1160 4213 1226 4267 de
1269 4212 1421 4282 justo
1446 4210 1725 4282 eloquitur
1760 4230 1774 4265 :
1811 4229 1831 4262 ι
1867 4210 1989 4265 Cir-

412 4303 832 4359 cumveniamus
857 4318 988 4374 ergo
1018 4304 1521 4373 justum,quoniam
1547 4302 1756 4357 inutilis
1779 4308 1863 4358 est
1890 4317 1989 4357 no-

2102 4302 2178 4357 τοῦ
2204 4304 2412 4357 δικαίου
2438 4301 2781 4372 λελεγμένοις
2812 4301 2983 4365 οὕτως
3005 4301 3118 4372 ἔχει
3136 4318 3149 4331 ·
3179 4318 3201 4351 ι
3224 4299 3645 4372 Ἐνεδρεύσωμιν

410 4389 499 4446 bis
528 4397 583 4445 et
614 4392 926 4447 contrarius
968 4399 1054 4448 est
1091 4391 1278 4447 verbis
1307 4391 1518 4447 nostris
1540 4392 1583 4447 ⁸.
1628 4409 1648 4443 ›
1683 4390 1861 4460 Hujus
1882 4390 1984 4445 loci

2102 4393 2177 4448 ιδν
2198 4394 2422 4457 δίκαιον,
2436 4394 2517 4447 ὅτι
2537 4392 2872 4464 δύσχρηστος
2887 4394 3019 4465 ἡμῖν
3038 4393 3177 4456 ἐστι,
3197 4392 3301 4445 καὶ
3330 4387 3645 4444 ἐναντιοῦται

409 4482 580 4538 verba
601 4482 881 4539 evidenter
896 4483 964 4539 de
993 4484 1215 4541 Christo
1238 4483 1387 4539 dicta
1409 4499 1534 4541 esse
1549 4483 1804 4538 videntur
1827 4501 1841 4549 ;
1871 4483 1982 4537 illic

2102 4486 2196 4548 τοῖς
2209 4484 2385 4553 λόγοις
2408 4481 2811 4555 ⁴ΙγμῶνηΤαῦτα
2836 4481 2895 4535 δὲ
2916 4483 2975 4535 ἐν
3010 4480 3241 4545 ἐκείνοις
3266 4478 3461 4551 σαφῶς
3490 4479 3552 4531 ἐκ
3563 4475 3644 4545 τῆς

406 4591 540 4632 vero
572 4575 641 4631 de
687 4576 1076 4633 insidiantibus
1103 4577 1175 4641 ei,
1203 4584 1364 4647 atque
1392 4576 1449 4629 in
1490 4575 1684 4645 primis
1723 4573 1983 4629 adversus

2102 4574 2448 4646 ιυμιρράσεως
2476 4572 2794 4644 ἐμφαίνεται
2817 4572 2946 4644 περὶ
2965 4569 3066 4625 τοῦ
3088 4570 3337 4643 Χριστοῦ
3367 4567 3639 4642 εἰρημένω

407 4683 507 4724 cos
528 4667 624 4740 qui
654 4668 855 4722 malum
885 4668 1127 4723 meditati
1161 4677 1289 4723 sunt
1316 4667 1608 4723 consilium
1641 4666 1982 4738 pr0plietiza-

2102 4669 2177 4722 ιαὶ
2208 4667 2277 4721 τὰ
2309 4666 2495 4721 ἐνθάδε
2531 4663 2822 4736 τοιγαροῦν
2851 4664 2981 4737 περὶ
3009 4664 3120 4717 τῶν
3148 4661 3643 4717 ἐπιϐουλευσάντων

408 4767 518 4814 tur.
545 4759 778 4828 Ideoque
798 4759 1246 4829 imprecationem
1279 4758 1334 4812 in
1365 4771 1460 4813 eos
1498 4756 1779 4826 Scriptura
1809 4755 1983 4826 subji-

2102 4759 2229 4831 ιὺτῷ
2253 4760 2348 4814 καὶ
2387 4758 2505 4814 καθ’
2533 4757 2738 4812 ἑαυτῶν
2769 4755 2967 4828 μᾶλλον
2994 4758 3136 4829 ἢπερ
3157 4756 3286 4811 κατ’
3311 4752 3481 4809 αὐτοῦ
3505 4765 3642 4815 πονη-

406 4851 521 4906 cit:
554 4869 574 4903 ι
615 4851 708 4905 lim
735 4850 931 4905 animae
966 4864 1186 4914 eorum;
1227 4868 1244 4899 ι
1280 4848 1375 4903 sed
1404 4855 1457 4902 et
1489 4862 1706 4918 pinnam
1730 4861 1851 4912 qua:
1882 4860 1979 4900 eos

2102 4847 2183 4902 ιὰν
2218 4846 2409 4919 βουλὴν
2467 4845 2905 4918 βουλευσαμένων
2933 4843 3344 4917 προφητεύεται
3361 4860 3391 4894 α,
3415 4840 3481 4894 δι’
3517 4837 3544 4892 ὃ
3565 4833 3643 4890 καὶ

406 4949 591 4999 manet
631 4942 803 5008 addit,
836 4942 1027 4998 dicens
1062 4960 1075 4997 :
1128 4959 1147 4991 ι
1219 4939 1478 4995 Fructum
1528 4938 1976 4994 adinventionum

2102 4939 2432 5013 ιαταλλήλως
2463 4938 2554 4992 τὸν
2604 4937 2930 5008 ταλανισμὸν
2956 4937 3166 4999 ἑαυτοῖς
3193 4937 3226 4988 ό
3271 4935 3437 5003 λόγος
3468 4928 3640 4994 ἐπάγει

405 5047 632 5087 suarum
689 5032 991 5087 comedent.
1037 5050 1055 5083 ι
1093 5029 1225 5096 Quae
1268 5029 1413 5085 enim
1467 5029 1874 5083 seminaverunt
1919 5026 1976 5080 in

2102 5029 2165 5083 ῖιὰ
2193 5028 2309 5092 τοῦ,
2341 5047 2359 5080 ι
2396 5028 2532 5082 Οὐαὶ
2559 5030 2624 5098 τῇ
2668 5027 2812 5097 ψυχῇ
2853 5024 3060 5080 αὐτῶν·
3100 5043 3119 5077 ›
3145 5022 3291 5078 ἀλλὰ
3321 5023 3420 5078 καὶ
3443 5020 3540 5091 τὴν
3560 5013 3641 5070 πό·

402 5122 702 5187 Cbristum,
728 5123 843 5177 hac
878 5129 931 5178 et
974 5130 1179 5177 metent
1217 5121 1271 5173 in
1315 5118 1409 5175 Dei
1448 5119 1677 5190 judicio.
1707 5116 1825 5173 Jam
1854 5119 1977 5188 qui-

2102 5138 2231 5175 ,ασιν
2273 5120 2375 5191 τὴν
2413 5119 2813 5191 περιμένουσαν
2849 5117 3046 5180 αὐτοὺς
3089 5114 3395 5187 προτίθησι
3445 5112 3604 5179 λέγων
3623 5121 3637 5135 ’

401 5215 525 5269 clem
573 5216 631 5270 in
673 5215 776 5269 hac
816 5216 926 5269 vita
969 5213 1092 5268 vide
1135 5227 1317 5267 annon
1348 5212 1404 5267 in
1449 5227 1546 5266 eos
1589 5211 1845 5280 impletus
1890 5217 1974 5265 est

2143 5211 2332 5265 Τοίνυν
2358 5210 2430 5263 τὰ
2450 5211 2760 5281 γεννήματα
2778 5208 2885 5262 τῶν
2911 5206 3087 5278 ἔργων
3114 5205 3304 5260 αὐτῶν
3324 5206 3597 5275 φάγονται’
3620 5217 3636 5250 ι

401 5314 525 5371 post
555 5320 684 5361 suas
715 5304 980 5360 adversus
1028 5303 1309 5360 Christum
1362 5303 1591 5358 insidias
1646 5301 1810 5371 hujus
1837 5316 1968 5371 pro-

2102 5305 2235 5356 ιποῖα
2262 5302 2372 5373 γὰρ
2401 5301 2658 5373 ἔσπειραν
2694 5300 2834 5354 κατὰ
2883 5297 2978 5353 τοῦ
3015 5296 3284 5368 Χριστοῦ,
3314 5294 3541 5350 τοιαῦτα
3561 5290 3641 5345 καὶ

403 5393 599 5461 phetia
631 5411 811 5451 sermo
834 5397 1024 5452 dicens
1057 5415 1072 5451 :
1118 5413 1139 5447 ι
1176 5394 1318 5450 Ecce
1357 5393 1667 5448 dominator
1706 5393 1969 5449 Dominus

2102 5393 2344 5466 περιοῦσιν
2377 5395 2434 5446 ἐν
2452 5390 2541 5463 ’τῷ
2561 5392 2654 5445 τοῦ
2676 5391 2810 5445 Θεοῦ
2837 5389 3125 5463 κριτηρίῳ.
3146 5387 3295 5461 Ἤδη
3312 5388 3371 5442 δὲ
3404 5386 3498 5441 καὶ
3516 5379 3641 5439 κατὰ

400 5476 737 5540 exercituum
785 5487 994 5542 auferet
1024 5501 1055 5540 a
1092 5485 1396 5542 Jerusalem
1422 5492 1477 5541 et
1499 5499 1530 5538 a
1557 5484 1697 5540 Juda
1727 5484 1967 5539 validum

2102 5486 2164 5542 ’δν
2215 5483 2449 5540 ἐνταῦθα
2500 5483 2611 5555 βίον
2647 5485 2748 5553 δρα
2791 5483 2839 5535 εί
2897 5481 2971 5553 μὴ
3022 5478 3158 5552 μετὰ
3205 5478 3315 5550 τὴν
3368 5476 3509 5531 κατὰ
3556 5469 3639 5524 τοῦ

399 5584 452 5630 et
482 5576 699 5632 fortem.
725 5577 901 5633 »νοτε
928 5580 1074 5633 enim
1107 5579 1286 5634 ablata
1324 5587 1407 5636 est
1438 5579 1507 5634 ab
1541 5578 1634 5644 iis,
1664 5594 1784 5650 quae
1812 5578 1966 5648 prius

2102 5575 2308 5649 [ριστοῦ
2372 5575 2658 5645 ἐπιϐουλὴν
2721 5572 3011 5645 ἐπληρώθη
3058 5572 3138 5635 είς
3184 5570 3400 5634 αὐτοὺς
3444 5569 3475 5625 ὁ
3515 5579 3634 5633 προ-

469 5735 484 5764 ¹
510 5729 613 5787 lsa.
656 5747 714 5796 ιι,
739 5733 791 5784 5.
867 5736 885 5763 ²
923 5732 1024 5784 lsa.
1062 5747 1182 5796 va,
1212 5735 1262 5787 ί.
1343 5733 1362 5763 ³
1400 5731 1502 5787 lsa.
1539 5747 1620 5799 ιιι,
1660 5733 1711 5787 l.
1787 5734 1808 5764 "
1848 5732 1948 5787 lsa.
1984 5749 1999 5786 ι

2105 5734 2189 5787 10.
2267 5733 2286 5762 ⁸
2320 5730 2447 5801 Sap.
2476 5745 2538 5795 ιι,
2569 5728 2655 5782 l2.
