  <div class='ocr_page' id='page_1' title='image "/cluster/home/n/w/nwhite01/storage/ocr_20150623/22/mdp.39015078384388/618.png"; bbox 0 0 3926 6260; ppageno 0'>
   <div class='ocr_carea' id='block_1_1' title="bbox 329 339 450 394">
    <p class='ocr_par' dir='ltr' id='par_1_1' title="bbox 329 339 450 394">
     <span class='ocr_line' id='line_1_1' title="bbox 329 339 450 394; baseline -0.017 0"><span class='ocrx_word' id='word_1_1' title='bbox 329 339 450 394; x_wconf 72' lang='grc'><strong>1201</strong></span> 
     </span>
    </p>
   </div>
   <div class='ocr_carea' id='block_1_2' title="bbox 1339 327 2566 392">
    <p class='ocr_par' dir='ltr' id='par_1_2' title="bbox 1339 327 2566 392">
     <span class='ocr_line' id='line_1_2' title="bbox 1339 327 2566 392; baseline -0.007 0"><span class='ocrx_word' id='word_1_2' title='bbox 1339 334 1634 392; x_wconf 60' lang='lat' dir='ltr'><strong>ECLOGA:</strong></span> <span class='ocrx_word' id='word_1_3' title='bbox 1675 330 2159 388; x_wconf 58' lang='lat' dir='ltr'><strong>PROPHETICIE.</strong></span> <span class='ocrx_word' id='word_1_4' title='bbox 2200 360 2271 371; x_wconf 92' lang='lat'><strong>—</strong></span> <span class='ocrx_word' id='word_1_5' title='bbox 2308 329 2437 384; x_wconf 88' lang='lat' dir='ltr'><strong>LIB.</strong></span> <span class='ocrx_word' id='word_1_6' title='bbox 2479 327 2566 384; x_wconf 78' lang='lat' dir='ltr'><strong>IV.</strong></span> 
     </span>
    </p>
   </div>
   <div class='ocr_carea' id='block_1_3' title="bbox 3416 326 3551 381">
    <p class='ocr_par' dir='ltr' id='par_1_3' title="bbox 3416 326 3551 381">
     <span class='ocr_line' id='line_1_3' title="bbox 3416 326 3551 381; baseline 0.015 -2"><span class='ocrx_word' id='word_1_7' title='bbox 3416 326 3551 381; x_wconf 66' lang='lat'><strong>1203</strong></span> 
     </span>
    </p>
   </div>
   <div class='ocr_carea' id='block_1_4' title="bbox 320 440 1890 543">
    <p class='ocr_par' dir='ltr' id='par_1_4' title="bbox 320 450 1886 543">
     <span class='ocr_line' id='line_1_4' title="bbox 320 450 1886 543; baseline -0.006 -32"><span class='ocrx_word' id='word_1_8' title='bbox 320 460 565 543; x_wconf 67' lang='grc' dir='ltr'>κείμενος</span> <span class='ocrx_word' id='word_1_9' title='bbox 590 458 688 528; x_wconf 83' lang='grc' dir='ltr'>τῆς</span> <span class='ocrx_word' id='word_1_10' title='bbox 734 460 1065 530; x_wconf 77' lang='grc' dir='ltr'><strong>προφητείας</strong></span> <span class='ocrx_word' id='word_1_11' title='bbox 1108 458 1285 525; x_wconf 77' lang='grc' dir='ltr'>λόγος,</span> <span class='ocrx_word' id='word_1_12' title='bbox 1330 457 1358 508; x_wconf 99' lang='lat'><strong>6</strong></span> <span class='ocrx_word' id='word_1_13' title='bbox 1404 454 1659 523; x_wconf 60' lang='grc' dir='ltr'>φάσκων</span> <span class='ocrx_word' id='word_1_14' title='bbox 1690 471 1708 502; x_wconf 80' lang='grc' dir='ltr'><strong>ι</strong></span> <span class='ocrx_word' id='word_1_15' title='bbox 1756 450 1886 503; x_wconf 71' lang='grc' dir='ltr'>Ἰδοὺ</span> 
     </span>
    </p>
   </div>
   <div class='ocr_carea' id='block_1_5' title="bbox 1998 440 3549 543">
    <p class='ocr_par' dir='ltr' id='par_1_5' title="bbox 1998 440 3549 511">
     <span class='ocr_line' id='line_1_5' title="bbox 1998 440 3549 511; baseline -0.005 -9"><span class='ocrx_word' id='word_1_16' title='bbox 1998 447 2276 502; x_wconf 89' lang='lat' dir='ltr'><strong>habitabat</strong></span> <span class='ocrx_word' id='word_1_17' title='bbox 2312 446 2366 500; x_wconf 89' lang='lat' dir='ltr'><strong>in</strong></span> <span class='ocrx_word' id='word_1_18' title='bbox 2394 445 2495 509; x_wconf 84' lang='lat' dir='ltr'><strong>eis,</strong></span> <span class='ocrx_word' id='word_1_19' title='bbox 2526 445 2709 498; x_wconf 89' lang='lat' dir='ltr'><strong>divina</strong></span> <span class='ocrx_word' id='word_1_20' title='bbox 2737 443 3078 511; x_wconf 68' lang='lat' dir='ltr'><strong>cmicstisque</strong></span> <span class='ocrx_word' id='word_1_21' title='bbox 3098 440 3289 511; x_wconf 79' lang='lat' dir='ltr'><strong>gratia,</strong></span> <span class='ocrx_word' id='word_1_22' title='bbox 3318 456 3417 495; x_wconf 85' lang='lat' dir='ltr'><strong>nec</strong></span> <span class='ocrx_word' id='word_1_23' title='bbox 3441 442 3549 510; x_wconf 88' lang='lat' dir='ltr'><strong>jam</strong></span> 
     </span>
    </p>
   </div>
   <div class='ocr_carea' id='block_1_6' title="bbox 316 542 1886 622">
    <p class='ocr_par' dir='ltr' id='par_1_6' title="bbox 316 542 1886 622">
     <span class='ocr_line' id='line_1_6' title="bbox 316 542 1886 622; baseline -0.005 -21"><span class='ocrx_word' id='word_1_24' title='bbox 316 548 379 618; x_wconf 83' lang='grc' dir='ltr'>δὴ</span> <span class='ocrx_word' id='word_1_25' title='bbox 411 548 440 600; x_wconf 87' lang='grc' dir='ltr'><strong>ὁ</strong></span> <span class='ocrx_word' id='word_1_26' title='bbox 468 542 730 620; x_wconf 77' lang='grc' dir='ltr'>δεσπότης</span> <span class='ocrx_word' id='word_1_27' title='bbox 754 549 956 622; x_wconf 83' lang='grc' dir='ltr'>Κύριος</span> <span class='ocrx_word' id='word_1_28' title='bbox 995 548 1217 602; x_wconf 85' lang='grc' dir='ltr'>Σαϐαὼθ</span> <span class='ocrx_word' id='word_1_29' title='bbox 1262 545 1450 617; x_wconf 78' lang='grc' dir='ltr'>ἀφελεῖ</span> <span class='ocrx_word' id='word_1_30' title='bbox 1482 542 1589 597; x_wconf 84' lang='grc' dir='ltr'>ἀπὸ</span> <span class='ocrx_word' id='word_1_31' title='bbox 1609 542 1708 613; x_wconf 82' lang='grc' dir='ltr'>τῆς</span> <span class='ocrx_word' id='word_1_32' title='bbox 1751 544 1886 595; x_wconf 78' lang='grc' dir='ltr'>ἰουο</span> 
     </span>
    </p>
   </div>
   <div class='ocr_carea' id='block_1_7' title="bbox 316 634 1880 712">
    <p class='ocr_par' dir='ltr' id='par_1_7' title="bbox 316 634 1880 712">
     <span class='ocr_line' id='line_1_7' title="bbox 316 634 1880 712; baseline -0.006 -19"><span class='ocrx_word' id='word_1_33' title='bbox 316 641 470 704; x_wconf 88' lang='grc' dir='ltr'>δαίας</span> <span class='ocrx_word' id='word_1_34' title='bbox 493 640 587 694; x_wconf 72' lang='grc' dir='ltr'>καὶ</span> <span class='ocrx_word' id='word_1_35' title='bbox 607 641 715 695; x_wconf 82' lang='grc' dir='ltr'>ἀπὸ</span> <span class='ocrx_word' id='word_1_36' title='bbox 755 640 1108 712; x_wconf 81' lang='grc' dir='ltr'>Ἰερουσαλὴμ</span> <span class='ocrx_word' id='word_1_37' title='bbox 1147 639 1398 709; x_wconf 82' lang='grc' dir='ltr'><strong>ἰσχύοντα</strong></span> <span class='ocrx_word' id='word_1_38' title='bbox 1415 636 1508 690; x_wconf 75' lang='grc' dir='ltr'>καὶ</span> <span class='ocrx_word' id='word_1_39' title='bbox 1540 634 1844 705; x_wconf 84' lang='grc' dir='ltr'>ἰσχύουσαν,</span> <span class='ocrx_word' id='word_1_40' title='bbox 1861 653 1880 683; x_wconf 76' lang='grc' dir='ltr'><strong>ι</strong></span> 
     </span>
    </p>
   </div>
   <div class='ocr_carea' id='block_1_8' title="bbox 331 725 1884 805">
    <p class='ocr_par' dir='ltr' id='par_1_8' title="bbox 331 725 1884 805">
     <span class='ocr_line' id='line_1_8' title="bbox 331 725 1884 805; baseline -0.002 -22"><span class='ocrx_word' id='word_1_41' title='bbox 331 730 572 802; x_wconf 81' lang='grc' dir='ltr'><strong>Ἀληθῶς</strong></span> <span class='ocrx_word' id='word_1_42' title='bbox 599 733 706 804; x_wconf 83' lang='grc' dir='ltr'>γὰρ</span> <span class='ocrx_word' id='word_1_43' title='bbox 739 734 1012 805; x_wconf 80' lang='grc' dir='ltr'>ἀφῄρηται</span> <span class='ocrx_word' id='word_1_44' title='bbox 1039 734 1133 786; x_wconf 86' lang='grc' dir='ltr'><strong>ἀπ’</strong></span> <span class='ocrx_word' id='word_1_45' title='bbox 1161 731 1339 786; x_wconf 78' lang='grc' dir='ltr'>αὐτῶν</span> <span class='ocrx_word' id='word_1_46' title='bbox 1370 731 1404 801; x_wconf 77' lang='grc' dir='ltr'>ἡ</span> <span class='ocrx_word' id='word_1_47' title='bbox 1429 727 1596 781; x_wconf 76' lang='grc' dir='ltr'>πάλαι</span> <span class='ocrx_word' id='word_1_48' title='bbox 1622 725 1884 795; x_wconf 86' lang='grc' dir='ltr'>πρότερον</span> 
     </span>
    </p>
   </div>
   <div class='ocr_carea' id='block_1_9' title="bbox 319 814 1883 894">
    <p class='ocr_par' dir='ltr' id='par_1_9' title="bbox 319 814 1883 894">
     <span class='ocr_line' id='line_1_9' title="bbox 319 814 1883 894; baseline 0.001 -20"><span class='ocrx_word' id='word_1_49' title='bbox 319 823 777 894; x_wconf 71' lang='grc' dir='ltr'>ἑμπολιτευομένη</span> <span class='ocrx_word' id='word_1_50' title='bbox 806 827 865 877; x_wconf 79' lang='grc' dir='ltr'>ὲν</span> <span class='ocrx_word' id='word_1_51' title='bbox 907 824 1089 885; x_wconf 82' lang='grc' dir='ltr'>αὐτοῖς</span> <span class='ocrx_word' id='word_1_52' title='bbox 1117 822 1235 876; x_wconf 85' lang='grc' dir='ltr'>θεία</span> <span class='ocrx_word' id='word_1_53' title='bbox 1278 820 1372 874; x_wconf 75' lang='grc' dir='ltr'>καὶ</span> <span class='ocrx_word' id='word_1_54' title='bbox 1408 817 1658 889; x_wconf 81' lang='grc' dir='ltr'>οὐράνιος</span> <span class='ocrx_word' id='word_1_55' title='bbox 1702 814 1883 886; x_wconf 69' lang='grc' dir='ltr'>χάρις,</span> 
     </span>
    </p>
   </div>
   <div class='ocr_carea' id='block_1_10' title="bbox 319 906 1885 987">
    <p class='ocr_par' dir='ltr' id='par_1_10' title="bbox 319 906 1885 987">
     <span class='ocr_line' id='line_1_10' title="bbox 319 906 1885 987; baseline -0.005 -19"><span class='ocrx_word' id='word_1_56' title='bbox 319 916 411 968; x_wconf 80' lang='grc' dir='ltr'>καὶ</span> <span class='ocrx_word' id='word_1_57' title='bbox 478 916 654 969; x_wconf 76' lang='grc' dir='ltr'>οὐκέτ’</span> <span class='ocrx_word' id='word_1_58' title='bbox 703 916 846 969; x_wconf 74' lang='grc' dir='ltr'>ἐστιν</span> <span class='ocrx_word' id='word_1_59' title='bbox 893 917 1070 987; x_wconf 76' lang='grc' dir='ltr'>εὑρεῖν</span> <span class='ocrx_word' id='word_1_60' title='bbox 1113 917 1169 968; x_wconf 79' lang='grc' dir='ltr'>ἐν</span> <span class='ocrx_word' id='word_1_61' title='bbox 1212 915 1395 975; x_wconf 83' lang='grc' dir='ltr'>αὐτοῖς</span> <span class='ocrx_word' id='word_1_62' title='bbox 1446 907 1568 963; x_wconf 80' lang='grc' dir='ltr'>ούτε</span> <span class='ocrx_word' id='word_1_63' title='bbox 1604 906 1885 978; x_wconf 81' lang='grc' dir='ltr'><strong>προφήτην</strong></span> 
     </span>
    </p>
   </div>
   <div class='ocr_carea' id='block_1_11' title="bbox 317 993 1883 1076">
    <p class='ocr_par' dir='ltr' id='par_1_11' title="bbox 317 993 1883 1076">
     <span class='ocr_line' id='line_1_11' title="bbox 317 993 1883 1076; baseline -0.008 -17"><span class='ocrx_word' id='word_1_64' title='bbox 317 1004 440 1059; x_wconf 68' lang='grc' dir='ltr'>οὔτε</span> <span class='ocrx_word' id='word_1_65' title='bbox 482 1007 810 1076; x_wconf 84' lang='grc' dir='ltr'>στοχαστήν·</span> <span class='ocrx_word' id='word_1_66' title='bbox 849 1005 952 1058; x_wconf 87' lang='grc' dir='ltr'><strong>ποῦ</strong></span> <span class='ocrx_word' id='word_1_67' title='bbox 993 1005 1049 1057; x_wconf 79' lang='grc' dir='ltr'>δὲ</span> <span class='ocrx_word' id='word_1_68' title='bbox 1097 1006 1190 1058; x_wconf 73' lang='grc' dir='ltr'>καὶ</span> <span class='ocrx_word' id='word_1_69' title='bbox 1220 1005 1249 1056; x_wconf 87' lang='grc' dir='ltr'>ὁ</span> <span class='ocrx_word' id='word_1_70' title='bbox 1278 998 1611 1071; x_wconf 84' lang='grc' dir='ltr'>πολεμιστὴς</span> <span class='ocrx_word' id='word_1_71' title='bbox 1643 994 1820 1050; x_wconf 67' lang='grc' dir='ltr'>αὐτῶν</span> <span class='ocrx_word' id='word_1_72' title='bbox 1851 993 1883 1065; x_wconf 83' lang='grc' dir='ltr'>ἢ</span> 
     </span>
    </p>
   </div>
   <div class='ocr_carea' id='block_1_12' title="bbox 316 1086 1887 1168">
    <p class='ocr_par' dir='ltr' id='par_1_12' title="bbox 316 1086 1887 1168">
     <span class='ocr_line' id='line_1_12' title="bbox 316 1086 1887 1168; baseline 0 -19"><span class='ocrx_word' id='word_1_73' title='bbox 316 1098 345 1149; x_wconf 92' lang='lat'><strong>6</strong></span> <span class='ocrx_word' id='word_1_74' title='bbox 389 1097 669 1168; x_wconf 81' lang='grc' dir='ltr'>δικαστὴς,</span> <span class='ocrx_word' id='word_1_75' title='bbox 721 1099 750 1150; x_wconf 81' lang='grc' dir='ltr'><strong>ὁ</strong></span> <span class='ocrx_word' id='word_1_76' title='bbox 807 1097 1120 1168; x_wconf 72' lang='grc' dir='ltr'><strong>Θαυμαστὸς</strong></span> <span class='ocrx_word' id='word_1_77' title='bbox 1151 1094 1477 1167; x_wconf 82' lang='grc' dir='ltr'>σύμϐουλος,</span> <span class='ocrx_word' id='word_1_78' title='bbox 1519 1090 1614 1161; x_wconf 81' lang='grc' dir='ltr'>ἢὸ</span> <span class='ocrx_word' id='word_1_79' title='bbox 1668 1086 1887 1149; x_wconf 76' lang='grc' dir='ltr'>συνετὸς</span> 
     </span>
    </p>
   </div>
   <div class='ocr_carea' id='block_1_13' title="bbox 317 1181 1886 1259">
    <p class='ocr_par' dir='ltr' id='par_1_13' title="bbox 317 1181 1886 1259">
     <span class='ocr_line' id='line_1_13' title="bbox 317 1181 1886 1259; baseline -0.009 -17"><span class='ocrx_word' id='word_1_80' title='bbox 317 1188 591 1259; x_wconf 81' lang='grc' dir='ltr'>ἀκροατής</span> <span class='ocrx_word' id='word_1_81' title='bbox 615 1205 629 1253; x_wconf 89' lang='grc'>;</span> <span class='ocrx_word' id='word_1_82' title='bbox 657 1190 718 1242; x_wconf 85' lang='lat' dir='ltr'><strong>El</strong></span> <span class='ocrx_word' id='word_1_83' title='bbox 747 1188 804 1242; x_wconf 79' lang='grc' dir='ltr'>δὲ</span> <span class='ocrx_word' id='word_1_84' title='bbox 845 1190 939 1242; x_wconf 75' lang='grc' dir='ltr'><strong>καὶ</strong></span> <span class='ocrx_word' id='word_1_85' title='bbox 976 1188 1222 1242; x_wconf 82' lang='grc' dir='ltr'>δοκοῦσιν</span> <span class='ocrx_word' id='word_1_86' title='bbox 1254 1186 1416 1258; x_wconf 77' lang='grc' dir='ltr'>ἄρτου</span> <span class='ocrx_word' id='word_1_87' title='bbox 1450 1181 1543 1237; x_wconf 89' lang='grc' dir='ltr'><strong>τοῦ</strong></span> <span class='ocrx_word' id='word_1_88' title='bbox 1589 1194 1886 1249; x_wconf 80' lang='grc' dir='ltr'>πνευματι-</span> 
     </span>
    </p>
   </div>
   <div class='ocr_carea' id='block_1_14' title="bbox 318 1268 1884 1353">
    <p class='ocr_par' dir='ltr' id='par_1_14' title="bbox 318 1268 1884 1353">
     <span class='ocr_line' id='line_1_14' title="bbox 318 1268 1884 1353; baseline -0.009 -19"><span class='ocrx_word' id='word_1_89' title='bbox 318 1280 416 1334; x_wconf 93' lang='grc' dir='ltr'><strong>κοῦ</strong></span> <span class='ocrx_word' id='word_1_90' title='bbox 444 1280 692 1351; x_wconf 79' lang='grc' dir='ltr'><strong>μετέχειν</strong></span> <span class='ocrx_word' id='word_1_91' title='bbox 717 1282 774 1335; x_wconf 76' lang='grc' dir='ltr'>ἐν</span> <span class='ocrx_word' id='word_1_92' title='bbox 804 1281 882 1353; x_wconf 81' lang='grc' dir='ltr'><strong>τῷ</strong></span> <span class='ocrx_word' id='word_1_93' title='bbox 908 1284 1019 1345; x_wconf 86' lang='grc' dir='ltr'>τοῖς</span> <span class='ocrx_word' id='word_1_94' title='bbox 1044 1282 1206 1351; x_wconf 75' lang='grc' dir='ltr'>ἱεροῖς</span> <span class='ocrx_word' id='word_1_95' title='bbox 1231 1276 1577 1347; x_wconf 73' lang='grc' dir='ltr'><strong>ἐντυγχάνειν</strong></span> <span class='ocrx_word' id='word_1_96' title='bbox 1620 1270 1715 1324; x_wconf 90' lang='grc' dir='ltr'>τοῦ</span> <span class='ocrx_word' id='word_1_97' title='bbox 1751 1268 1884 1322; x_wconf 82' lang='grc' dir='ltr'><strong>Θεοῦ</strong></span> 
     </span>
    </p>
   </div>
   <div class='ocr_carea' id='block_1_15' title="bbox 316 1359 1887 1443">
    <p class='ocr_par' dir='ltr' id='par_1_15' title="bbox 316 1359 1887 1443">
     <span class='ocr_line' id='line_1_15' title="bbox 316 1359 1887 1443; baseline -0.002 -20"><span class='ocrx_word' id='word_1_98' title='bbox 316 1369 514 1439; x_wconf 83' lang='grc' dir='ltr'><strong>λόγοις,</strong></span> <span class='ocrx_word' id='word_1_99' title='bbox 544 1371 655 1424; x_wconf 78' lang='grc' dir='ltr'>ἀλλ’</span> <span class='ocrx_word' id='word_1_100' title='bbox 688 1372 788 1443; x_wconf 82' lang='grc' dir='ltr'>ὅρα</span> <span class='ocrx_word' id='word_1_101' title='bbox 806 1373 855 1425; x_wconf 81' lang='grc' dir='ltr'><strong>εί</strong></span> <span class='ocrx_word' id='word_1_102' title='bbox 876 1372 1000 1443; x_wconf 82' lang='grc' dir='ltr'>μὴὴ</span> <span class='ocrx_word' id='word_1_103' title='bbox 1028 1372 1256 1441; x_wconf 86' lang='grc' dir='ltr'>δύναμις</span> <span class='ocrx_word' id='word_1_104' title='bbox 1280 1369 1375 1423; x_wconf 74' lang='grc' dir='ltr'><strong>καὶ</strong></span> <span class='ocrx_word' id='word_1_105' title='bbox 1402 1369 1434 1437; x_wconf 86' lang='grc' dir='ltr'><strong>ἡ</strong></span> <span class='ocrx_word' id='word_1_106' title='bbox 1467 1363 1667 1436; x_wconf 73' lang='grc' dir='ltr'>ἰσχὺςὴ</span> <span class='ocrx_word' id='word_1_107' title='bbox 1698 1361 1754 1414; x_wconf 69' lang='grc' dir='ltr'>ἒν</span> <span class='ocrx_word' id='word_1_108' title='bbox 1773 1359 1887 1420; x_wconf 85' lang='grc' dir='ltr'>τοῖς</span> 
     </span>
    </p>
   </div>
   <div class='ocr_carea' id='block_1_16' title="bbox 316 1451 1884 1533">
    <p class='ocr_par' dir='ltr' id='par_1_16' title="bbox 316 1451 1884 1533">
     <span class='ocr_line' id='line_1_16' title="bbox 316 1451 1884 1533; baseline -0.013 -7"><span class='ocrx_word' id='word_1_109' title='bbox 316 1461 483 1525; x_wconf 78' lang='grc' dir='ltr'><strong>θείοις</strong></span> <span class='ocrx_word' id='word_1_110' title='bbox 522 1462 846 1533; x_wconf 80' lang='grc' dir='ltr'>Γράμμασιν</span> <span class='ocrx_word' id='word_1_111' title='bbox 885 1463 1283 1533; x_wconf 82' lang='grc' dir='ltr'>ἐναποκειμένη</span> <span class='ocrx_word' id='word_1_112' title='bbox 1302 1458 1360 1524; x_wconf 78' lang='grc' dir='ltr'><strong>ἐξ</strong></span> <span class='ocrx_word' id='word_1_113' title='bbox 1386 1456 1563 1512; x_wconf 81' lang='grc' dir='ltr'>αὐτῶν</span> <span class='ocrx_word' id='word_1_114' title='bbox 1586 1451 1884 1523; x_wconf 79' lang='grc' dir='ltr'>ἀφῄρηται·</span> 
     </span>
    </p>
   </div>
   <div class='ocr_carea' id='block_1_17' title="bbox 317 1539 1889 1625">
    <p class='ocr_par' dir='ltr' id='par_1_17' title="bbox 317 1539 1889 1625">
     <span class='ocr_line' id='line_1_17' title="bbox 317 1539 1889 1625; baseline -0.011 -18"><span class='ocrx_word' id='word_1_115' title='bbox 317 1550 504 1619; x_wconf 73' lang='grc' dir='ltr'>σαφῶς</span> <span class='ocrx_word' id='word_1_116' title='bbox 514 1550 557 1603; x_wconf 80' lang='grc' dir='ltr'>δ’</span> <span class='ocrx_word' id='word_1_117' title='bbox 574 1552 668 1605; x_wconf 72' lang='grc' dir='ltr'>ἐπὶ</span> <span class='ocrx_word' id='word_1_118' title='bbox 693 1552 901 1616; x_wconf 80' lang='grc' dir='ltr'><strong>τούτοις</strong></span> <span class='ocrx_word' id='word_1_119' title='bbox 930 1554 1022 1606; x_wconf 81' lang='grc' dir='ltr'>καὶ</span> <span class='ocrx_word' id='word_1_120' title='bbox 1039 1556 1070 1625; x_wconf 83' lang='grc' dir='ltr'><strong>ή</strong></span> <span class='ocrx_word' id='word_1_121' title='bbox 1098 1550 1448 1623; x_wconf 82' lang='grc' dir='ltr'>Ἰερουσαλὴμ</span> <span class='ocrx_word' id='word_1_122' title='bbox 1466 1549 1691 1606; x_wconf 77' lang='grc' dir='ltr'><strong>ἀνεῖται,</strong></span> <span class='ocrx_word' id='word_1_123' title='bbox 1710 1541 1803 1594; x_wconf 78' lang='grc' dir='ltr'>καὶ</span> <span class='ocrx_word' id='word_1_124' title='bbox 1823 1539 1889 1592; x_wconf 75' lang='grc' dir='ltr'><strong>τὰ</strong></span> 
     </span>
    </p>
   </div>
   <div class='ocr_carea' id='block_1_18' title="bbox 315 1630 1892 1716">
    <p class='ocr_par' dir='ltr' id='par_1_18' title="bbox 315 1630 1892 1716">
     <span class='ocr_line' id='line_1_18' title="bbox 315 1630 1892 1716; baseline -0.01 -17"><span class='ocrx_word' id='word_1_125' title='bbox 315 1642 476 1699; x_wconf 82' lang='grc' dir='ltr'>λοιπά</span> <span class='ocrx_word' id='word_1_126' title='bbox 501 1645 558 1698; x_wconf 81' lang='grc' dir='ltr'>δὲ</span> <span class='ocrx_word' id='word_1_127' title='bbox 584 1645 760 1699; x_wconf 87' lang='grc' dir='ltr'>πάντα</span> <span class='ocrx_word' id='word_1_128' title='bbox 786 1648 865 1709; x_wconf 85' lang='grc' dir='ltr'><strong>εἰς</strong></span> <span class='ocrx_word' id='word_1_129' title='bbox 887 1647 1081 1709; x_wconf 75' lang='grc' dir='ltr'>αὐτοὺς</span> <span class='ocrx_word' id='word_1_130' title='bbox 1106 1644 1461 1716; x_wconf 77' lang='grc' dir='ltr'><strong>πεπλήρωται</strong></span> <span class='ocrx_word' id='word_1_131' title='bbox 1481 1639 1568 1695; x_wconf 90' lang='grc' dir='ltr'><strong>διά</strong></span> <span class='ocrx_word' id='word_1_132' title='bbox 1589 1639 1716 1709; x_wconf 83' lang='grc' dir='ltr'>μίαν</span> <span class='ocrx_word' id='word_1_133' title='bbox 1750 1630 1892 1686; x_wconf 83' lang='grc' dir='ltr'>ὲκεί-</span> 
     </span>
    </p>
   </div>
   <div class='ocr_carea' id='block_1_19' title="bbox 1992 530 3552 608">
    <p class='ocr_par' dir='ltr' id='par_1_19' title="bbox 1992 530 3552 608">
     <span class='ocr_line' id='line_1_19' title="bbox 1992 530 3552 608; baseline -0.003 -16"><span class='ocrx_word' id='word_1_134' title='bbox 1992 537 2136 608; x_wconf 84' lang='lat' dir='ltr'><strong>apud</strong></span> <span class='ocrx_word' id='word_1_135' title='bbox 2164 552 2258 592; x_wconf 88' lang='lat' dir='ltr'><strong>eos</strong></span> <span class='ocrx_word' id='word_1_136' title='bbox 2290 538 2529 606; x_wconf 86' lang='lat' dir='ltr'><strong>reperire</strong></span> <span class='ocrx_word' id='word_1_137' title='bbox 2556 543 2642 589; x_wconf 82' lang='lat' dir='ltr'><strong>est</strong></span> <span class='ocrx_word' id='word_1_138' title='bbox 2688 533 3003 603; x_wconf 77' lang='lat' dir='ltr'><strong>prophetam</strong></span> <span class='ocrx_word' id='word_1_139' title='bbox 3041 531 3207 586; x_wconf 90' lang='lat' dir='ltr'><strong>ullum</strong></span> <span class='ocrx_word' id='word_1_140' title='bbox 3242 539 3336 585; x_wconf 85' lang='lat' dir='ltr'><strong>aut</strong></span> <span class='ocrx_word' id='word_1_141' title='bbox 3372 530 3552 587; x_wconf 87' lang='lat' dir='ltr'><strong>hario-</strong></span> 
     </span>
    </p>
   </div>
   <div class='ocr_carea' id='block_1_20' title="bbox 1993 621 3553 691">
    <p class='ocr_par' dir='ltr' id='par_1_20' title="bbox 1993 621 3553 691">
     <span class='ocr_line' id='line_1_20' title="bbox 1993 621 3553 691; baseline -0.004 -9"><span class='ocrx_word' id='word_1_142' title='bbox 1993 630 2124 684; x_wconf 85' lang='lat' dir='ltr'><strong>lum.</strong></span> <span class='ocrx_word' id='word_1_143' title='bbox 2158 625 2259 681; x_wconf 87' lang='lat' dir='ltr'><strong>Ubi</strong></span> <span class='ocrx_word' id='word_1_144' title='bbox 2290 627 2432 682; x_wconf 90' lang='lat' dir='ltr'><strong>enim</strong></span> <span class='ocrx_word' id='word_1_145' title='bbox 2463 627 2543 680; x_wconf 90' lang='lat' dir='ltr'><strong>vir</strong></span> <span class='ocrx_word' id='word_1_146' title='bbox 2573 625 2802 680; x_wconf 75' lang='lat' dir='ltr'><strong>bellator</strong></span> <span class='ocrx_word' id='word_1_147' title='bbox 2829 639 3040 685; x_wconf 90' lang='lat' dir='ltr'><strong>eorum,</strong></span> <span class='ocrx_word' id='word_1_148' title='bbox 3062 622 3253 691; x_wconf 78' lang='lat' dir='ltr'><strong>judex,</strong></span> <span class='ocrx_word' id='word_1_149' title='bbox 3286 621 3553 676; x_wconf 84' lang='lat' dir='ltr'><strong>mirabiiis</strong></span> 
     </span>
    </p>
   </div>
   <div class='ocr_carea' id='block_1_21' title="bbox 1992 711 3552 787">
    <p class='ocr_par' dir='ltr' id='par_1_21' title="bbox 1992 711 3552 787">
     <span class='ocr_line' id='line_1_21' title="bbox 1992 711 3552 787; baseline -0.006 -14"><span class='ocrx_word' id='word_1_150' title='bbox 1992 720 2361 781; x_wconf 85' lang='lat' dir='ltr'><strong>consiliarius,</strong></span> <span class='ocrx_word' id='word_1_151' title='bbox 2395 725 2450 773; x_wconf 91' lang='lat' dir='ltr'><strong>et</strong></span> <span class='ocrx_word' id='word_1_152' title='bbox 2483 717 2721 787; x_wconf 86' lang='lat' dir='ltr'><strong>prudens</strong></span> <span class='ocrx_word' id='word_1_153' title='bbox 2776 714 2978 785; x_wconf 83' lang='lat' dir='ltr'><strong>eloquii</strong></span> <span class='ocrx_word' id='word_1_154' title='bbox 3031 713 3287 784; x_wconf 80' lang='lat' dir='ltr'><strong>mystici?</strong></span> <span class='ocrx_word' id='word_1_155' title='bbox 3312 711 3469 780; x_wconf 83' lang='lat' dir='ltr'><strong>Quod</strong></span> <span class='ocrx_word' id='word_1_156' title='bbox 3507 712 3552 767; x_wconf 90' lang='lat' dir='ltr'><strong>si</strong></span> 
     </span>
    </p>
   </div>
   <div class='ocr_carea' id='block_1_22' title="bbox 1990 803 3553 880">
    <p class='ocr_par' dir='ltr' id='par_1_22' title="bbox 1990 803 3553 880">
     <span class='ocr_line' id='line_1_22' title="bbox 1990 803 3553 880; baseline -0.007 -15"><span class='ocrx_word' id='word_1_157' title='bbox 1990 812 2245 865; x_wconf 87' lang='lat' dir='ltr'><strong>videntur</strong></span> <span class='ocrx_word' id='word_1_158' title='bbox 2279 809 2440 880; x_wconf 86' lang='lat' dir='ltr'><strong>panis</strong></span> <span class='ocrx_word' id='word_1_159' title='bbox 2483 808 2787 878; x_wconf 87' lang='lat' dir='ltr'><strong>spiritualis</strong></span> <span class='ocrx_word' id='word_1_160' title='bbox 2813 820 2935 861; x_wconf 86' lang='lat' dir='ltr'><strong>esse</strong></span> <span class='ocrx_word' id='word_1_161' title='bbox 2965 803 3279 875; x_wconf 85' lang='lat' dir='ltr'><strong>participes,</strong></span> <span class='ocrx_word' id='word_1_162' title='bbox 3308 818 3431 856; x_wconf 90' lang='lat' dir='ltr'><strong>cum</strong></span> <span class='ocrx_word' id='word_1_163' title='bbox 3463 818 3553 856; x_wconf 85' lang='lat' dir='ltr'><strong>sa-</strong></span> 
     </span>
    </p>
   </div>
   <div class='ocr_carea' id='block_1_23' title="bbox 1991 895 3553 973">
    <p class='ocr_par' dir='ltr' id='par_1_23' title="bbox 1991 895 3553 973">
     <span class='ocr_line' id='line_1_23' title="bbox 1991 895 3553 973; baseline -0.005 -19"><span class='ocrx_word' id='word_1_164' title='bbox 1991 918 2083 956; x_wconf 85' lang='lat' dir='ltr'><strong>era</strong></span> <span class='ocrx_word' id='word_1_165' title='bbox 2115 902 2435 973; x_wconf 85' lang='lat' dir='ltr'><strong>possideant</strong></span> <span class='ocrx_word' id='word_1_166' title='bbox 2466 898 2563 953; x_wconf 85' lang='lat' dir='ltr'><strong>Dei</strong></span> <span class='ocrx_word' id='word_1_167' title='bbox 2602 898 2791 961; x_wconf 87' lang='lat' dir='ltr'><strong>verba,</strong></span> <span class='ocrx_word' id='word_1_168' title='bbox 2824 898 2945 952; x_wconf 88' lang='lat' dir='ltr'><strong>vide</strong></span> <span class='ocrx_word' id='word_1_169' title='bbox 2978 911 3158 949; x_wconf 89' lang='lat' dir='ltr'><strong>annon</strong></span> <span class='ocrx_word' id='word_1_170' title='bbox 3179 895 3352 950; x_wconf 86' lang='lat' dir='ltr'><strong>virtus</strong></span> <span class='ocrx_word' id='word_1_171' title='bbox 3378 902 3431 948; x_wconf 89' lang='lat' dir='ltr'><strong>et</strong></span> <span class='ocrx_word' id='word_1_172' title='bbox 3462 909 3553 947; x_wconf 87' lang='lat' dir='ltr'><strong>ro-</strong></span> 
     </span>
    </p>
   </div>
   <div class='ocr_carea' id='block_1_24' title="bbox 1990 987 3550 1062">
    <p class='ocr_par' dir='ltr' id='par_1_24' title="bbox 1990 987 3550 1062">
     <span class='ocr_line' id='line_1_24' title="bbox 1990 987 3550 1062; baseline -0.006 -15"><span class='ocrx_word' id='word_1_173' title='bbox 1990 995 2115 1055; x_wconf 90' lang='lat' dir='ltr'><strong>bur,</strong></span> <span class='ocrx_word' id='word_1_174' title='bbox 2143 993 2196 1046; x_wconf 90' lang='lat' dir='ltr'><strong>in</strong></span> <span class='ocrx_word' id='word_1_175' title='bbox 2229 992 2427 1046; x_wconf 86' lang='lat' dir='ltr'><strong>divinis</strong></span> <span class='ocrx_word' id='word_1_176' title='bbox 2461 991 2760 1062; x_wconf 88' lang='lat' dir='ltr'><strong>Scripturis</strong></span> <span class='ocrx_word' id='word_1_177' title='bbox 2783 987 3100 1055; x_wconf 86' lang='lat' dir='ltr'><strong>inclusa,ab</strong></span> <span class='ocrx_word' id='word_1_178' title='bbox 3123 988 3191 1042; x_wconf 92' lang='lat' dir='ltr'><strong>iis</strong></span> <span class='ocrx_word' id='word_1_179' title='bbox 3221 988 3399 1041; x_wconf 86' lang='lat' dir='ltr'><strong>ablata</strong></span> <span class='ocrx_word' id='word_1_180' title='bbox 3424 987 3550 1040; x_wconf 85' lang='lat' dir='ltr'><strong>sint.</strong></span> 
     </span>
    </p>
   </div>
   <div class='ocr_carea' id='block_1_25' title="bbox 1992 1081 3549 1149">
    <p class='ocr_par' dir='ltr' id='par_1_25' title="bbox 1992 1081 3549 1149">
     <span class='ocr_line' id='line_1_25' title="bbox 1992 1081 3549 1149; baseline -0.004 -10"><span class='ocrx_word' id='word_1_181' title='bbox 1992 1082 2278 1139; x_wconf 79' lang='lat' dir='ltr'><strong>Manifeste</strong></span> <span class='ocrx_word' id='word_1_182' title='bbox 2311 1083 2456 1137; x_wconf 89' lang='lat' dir='ltr'><strong>enim</strong></span> <span class='ocrx_word' id='word_1_183' title='bbox 2490 1084 2569 1138; x_wconf 90' lang='lat' dir='ltr'><strong>eis</strong></span> <span class='ocrx_word' id='word_1_184' title='bbox 2602 1083 2712 1137; x_wconf 84' lang='lat' dir='ltr'><strong>ruit</strong></span> <span class='ocrx_word' id='word_1_185' title='bbox 2752 1081 3069 1145; x_wconf 84' lang='lat' dir='ltr'><strong>Jerusalem,</strong></span> <span class='ocrx_word' id='word_1_186' title='bbox 3101 1090 3401 1149; x_wconf 61' lang='lat' dir='ltr'><strong>caeteraque</strong></span> <span class='ocrx_word' id='word_1_187' title='bbox 3430 1092 3549 1133; x_wconf 89' lang='lat' dir='ltr'><strong>om-</strong></span> 
     </span>
    </p>
   </div>
   <div class='ocr_carea' id='block_1_26' title="bbox 1990 1174 3552 1244">
    <p class='ocr_par' dir='ltr' id='par_1_26' title="bbox 1990 1174 3552 1244">
     <span class='ocr_line' id='line_1_26' title="bbox 1990 1174 3552 1244; baseline -0.006 -14"><span class='ocrx_word' id='word_1_188' title='bbox 1990 1176 2082 1230; x_wconf 89' lang='lat' dir='ltr'><strong>nia</strong></span> <span class='ocrx_word' id='word_1_189' title='bbox 2113 1175 2378 1231; x_wconf 86' lang='lat' dir='ltr'><strong>adversus</strong></span> <span class='ocrx_word' id='word_1_190' title='bbox 2435 1191 2532 1231; x_wconf 87' lang='lat' dir='ltr'><strong>eos</strong></span> <span class='ocrx_word' id='word_1_191' title='bbox 2579 1174 2798 1244; x_wconf 91' lang='lat' dir='ltr'><strong>impleta</strong></span> <span class='ocrx_word' id='word_1_192' title='bbox 2847 1180 2975 1226; x_wconf 90' lang='lat' dir='ltr'><strong>sunt</strong></span> <span class='ocrx_word' id='word_1_193' title='bbox 3029 1187 3122 1242; x_wconf 89' lang='lat' dir='ltr'><strong>per</strong></span> <span class='ocrx_word' id='word_1_194' title='bbox 3157 1187 3325 1225; x_wconf 91' lang='lat' dir='ltr'><strong>unum</strong></span> <span class='ocrx_word' id='word_1_195' title='bbox 3365 1184 3552 1225; x_wconf 88' lang='lat' dir='ltr'><strong>eorum</strong></span> 
     </span>
    </p>
   </div>
   <div class='ocr_carea' id='block_1_27' title="bbox 1990 1263 3554 1333">
    <p class='ocr_par' dir='ltr' id='par_1_27' title="bbox 1990 1263 3554 1333">
     <span class='ocr_line' id='line_1_27' title="bbox 1990 1263 3554 1333; baseline -0.004 -12"><span class='ocrx_word' id='word_1_196' title='bbox 1990 1268 2253 1323; x_wconf 88' lang='lat' dir='ltr'><strong>adversus</strong></span> <span class='ocrx_word' id='word_1_197' title='bbox 2273 1267 2549 1323; x_wconf 79' lang='lat' dir='ltr'><strong>Christum</strong></span> <span class='ocrx_word' id='word_1_198' title='bbox 2575 1267 2773 1322; x_wconf 78' lang='lat' dir='ltr'><strong>scelus.</strong></span> <span class='ocrx_word' id='word_1_199' title='bbox 2801 1284 2819 1317; x_wconf 77' lang='grc' dir='ltr'><strong>ι</strong></span> <span class='ocrx_word' id='word_1_200' title='bbox 2849 1264 2941 1320; x_wconf 80' lang='lat' dir='ltr'><strong>Vae</strong></span> <span class='ocrx_word' id='word_1_201' title='bbox 2959 1266 3126 1329; x_wconf 91' lang='lat' dir='ltr'><strong>enim,</strong></span> <span class='ocrx_word' id='word_1_202' title='bbox 3155 1283 3174 1315; x_wconf 74' lang='grc' dir='ltr'><strong>ι</strong></span> <span class='ocrx_word' id='word_1_203' title='bbox 3201 1264 3275 1316; x_wconf 88' lang='lat' dir='ltr'><strong>ait</strong></span> <span class='ocrx_word' id='word_1_204' title='bbox 3305 1263 3554 1333; x_wconf 87' lang='lat' dir='ltr'><strong>Scriptu-</strong></span> 
     </span>
    </p>
   </div>
   <div class='ocr_carea' id='block_1_28' title="bbox 1989 1356 3552 1427">
    <p class='ocr_par' dir='ltr' id='par_1_28' title="bbox 1989 1356 3552 1427">
     <span class='ocr_line' id='line_1_28' title="bbox 1989 1356 3552 1427; baseline -0.004 -14"><span class='ocrx_word' id='word_1_205' title='bbox 1989 1374 2071 1419; x_wconf 87' lang='lat' dir='ltr'><strong>ra,</strong></span> <span class='ocrx_word' id='word_1_206' title='bbox 2108 1380 2125 1409; x_wconf 71' lang='grc' dir='ltr'><strong>ι</strong></span> <span class='ocrx_word' id='word_1_207' title='bbox 2165 1359 2359 1414; x_wconf 76' lang='lat' dir='ltr'><strong>anima:</strong></span> <span class='ocrx_word' id='word_1_208' title='bbox 2390 1374 2598 1414; x_wconf 85' lang='lat' dir='ltr'><strong>eorum.</strong></span> <span class='ocrx_word' id='word_1_209' title='bbox 2639 1379 2657 1411; x_wconf 75' lang='grc' dir='ltr'><strong>ι</strong></span> <span class='ocrx_word' id='word_1_210' title='bbox 2704 1358 2878 1427; x_wconf 83' lang='lat' dir='ltr'><strong>Atque</strong></span> <span class='ocrx_word' id='word_1_211' title='bbox 2907 1356 3309 1427; x_wconf 85' lang='lat' dir='ltr'><strong>imprecationis</strong></span> <span class='ocrx_word' id='word_1_212' title='bbox 3335 1370 3552 1409; x_wconf 87' lang='lat' dir='ltr'><strong>causam</strong></span> 
     </span>
    </p>
   </div>
   <div class='ocr_carea' id='block_1_29' title="bbox 1992 1444 3554 1512">
    <p class='ocr_par' dir='ltr' id='par_1_29' title="bbox 1992 1444 3554 1512">
     <span class='ocr_line' id='line_1_29' title="bbox 1992 1444 3554 1512; baseline -0.003 -14"><span class='ocrx_word' id='word_1_213' title='bbox 1992 1446 2168 1510; x_wconf 74' lang='lat' dir='ltr'><strong>aﬂ‘erl,</strong></span> <span class='ocrx_word' id='word_1_214' title='bbox 2190 1446 2378 1501; x_wconf 87' lang='lat' dir='ltr'><strong>dicens</strong></span> <span class='ocrx_word' id='word_1_215' title='bbox 2404 1463 2417 1498; x_wconf 87' lang='lat'><strong>:</strong></span> <span class='ocrx_word' id='word_1_216' title='bbox 2443 1446 2741 1512; x_wconf 71' lang='lat' dir='ltr'><strong>«Quoniam</strong></span> <span class='ocrx_word' id='word_1_217' title='bbox 2773 1446 2972 1499; x_wconf 86' lang='lat' dir='ltr'><strong>malum</strong></span> <span class='ocrx_word' id='word_1_218' title='bbox 2993 1444 3233 1498; x_wconf 79' lang='lat' dir='ltr'><strong>meditati</strong></span> <span class='ocrx_word' id='word_1_219' title='bbox 3267 1450 3393 1498; x_wconf 89' lang='lat' dir='ltr'><strong>sunt</strong></span> <span class='ocrx_word' id='word_1_220' title='bbox 3421 1457 3554 1496; x_wconf 88' lang='lat' dir='ltr'><strong>con-</strong></span> 
     </span>
    </p>
   </div>
   <div class='ocr_carea' id='block_1_30' title="bbox 1993 1531 3552 1606">
    <p class='ocr_par' dir='ltr' id='par_1_30' title="bbox 1993 1531 3552 1606">
     <span class='ocr_line' id='line_1_30' title="bbox 1993 1531 3552 1606; baseline -0.007 -14"><span class='ocrx_word' id='word_1_221' title='bbox 1993 1538 2180 1593; x_wconf 86' lang='lat' dir='ltr'><strong>silium</strong></span> <span class='ocrx_word' id='word_1_222' title='bbox 2228 1538 2280 1591; x_wconf 92' lang='lat' dir='ltr'><strong>in</strong></span> <span class='ocrx_word' id='word_1_223' title='bbox 2330 1539 2564 1606; x_wconf 82' lang='lat' dir='ltr'><strong>seipsos,</strong></span> <span class='ocrx_word' id='word_1_224' title='bbox 2600 1537 2846 1592; x_wconf 85' lang='lat' dir='ltr'><strong>dicentes</strong></span> <span class='ocrx_word' id='word_1_225' title='bbox 2891 1554 2904 1590; x_wconf 89' lang='lat'><strong>:</strong></span> <span class='ocrx_word' id='word_1_226' title='bbox 2965 1532 3275 1589; x_wconf 83' lang='lat' dir='ltr'><strong>Vinciemus</strong></span> <span class='ocrx_word' id='word_1_227' title='bbox 3325 1531 3552 1602; x_wconf 86' lang='lat' dir='ltr'><strong>justum,</strong></span> 
     </span>
    </p>
   </div>
   <div class='ocr_carea' id='block_1_31' title="bbox 1995 1625 2747 1696">
    <p class='ocr_par' dir='ltr' id='par_1_31' title="bbox 1995 1625 2747 1696">
     <span class='ocr_line' id='line_1_31' title="bbox 1995 1625 2747 1696; baseline -0.005 -16"><span class='ocrx_word' id='word_1_228' title='bbox 1995 1626 2251 1696; x_wconf 76' lang='lat' dir='ltr'><strong>quoniam</strong></span> <span class='ocrx_word' id='word_1_229' title='bbox 2277 1627 2485 1681; x_wconf 87' lang='lat' dir='ltr'><strong>inutilis</strong></span> <span class='ocrx_word' id='word_1_230' title='bbox 2510 1625 2686 1680; x_wconf 87' lang='lat' dir='ltr'><strong>nobis.</strong></span> <span class='ocrx_word' id='word_1_231' title='bbox 2728 1642 2747 1676; x_wconf 84' lang='grc'>›</span> 
     </span>
    </p>
   </div>
   <div class='ocr_carea' id='block_1_32' title="bbox 314 1706 3553 1815">
    <p class='ocr_par' dir='ltr' id='par_1_32' title="bbox 314 1706 3553 1815">
     <span class='ocr_line' id='line_1_32' title="bbox 314 1706 3553 1815; baseline -0.01 -21"><span class='ocrx_word' id='word_1_232' title='bbox 314 1757 414 1811; x_wconf 82' lang='grc' dir='ltr'><strong>νην</strong></span> <span class='ocrx_word' id='word_1_233' title='bbox 444 1741 544 1811; x_wconf 84' lang='grc' dir='ltr'>τὴν</span> <span class='ocrx_word' id='word_1_234' title='bbox 576 1742 716 1796; x_wconf 80' lang='grc' dir='ltr'>κατὰ</span> <span class='ocrx_word' id='word_1_235' title='bbox 760 1706 857 1795; x_wconf 83' lang='grc' dir='ltr'><strong>τοῦ</strong></span> <span class='ocrx_word' id='word_1_236' title='bbox 876 1706 1111 1813; x_wconf 80' lang='grc' dir='ltr'>Χριστοῦ</span> <span class='ocrx_word' id='word_1_237' title='bbox 1140 1706 1442 1815; x_wconf 75' lang='grc' dir='ltr'>ἁμαρτίανο</span> <span class='ocrx_word' id='word_1_238' title='bbox 1484 1757 1503 1789; x_wconf 76' lang='grc' dir='ltr'><strong>ι</strong></span> <span class='ocrx_word' id='word_1_239' title='bbox 1530 1706 1664 1791; x_wconf 68' lang='grc' dir='ltr'>Ούαὶ</span> <span class='ocrx_word' id='word_1_240' title='bbox 1697 1730 1824 1800; x_wconf 81' lang='grc' dir='ltr'>γὰρ,</span> <span class='ocrx_word' id='word_1_241' title='bbox 1851 1746 1870 1778; x_wconf 73' lang='grc' dir='ltr'><strong>ι</strong></span> <span class='ocrx_word' id='word_1_242' title='bbox 1890 1725 2051 1796; x_wconf 65' lang='grc' dir='ltr'>φησιν</span> <span class='ocrx_word' id='word_1_243' title='bbox 2087 1725 2115 1777; x_wconf 89' lang='lat'><strong>6</strong></span> <span class='ocrx_word' id='word_1_244' title='bbox 2135 1722 2312 1790; x_wconf 79' lang='grc' dir='ltr'>λόγος.</span> <span class='ocrx_word' id='word_1_245' title='bbox 2341 1742 2359 1773; x_wconf 75' lang='grc' dir='ltr'><strong>ι</strong></span> <span class='ocrx_word' id='word_1_246' title='bbox 2395 1726 2461 1794; x_wconf 80' lang='grc' dir='ltr'><strong>τῇ</strong></span> <span class='ocrx_word' id='word_1_247' title='bbox 2503 1723 2645 1793; x_wconf 74' lang='grc' dir='ltr'>ψυχῇ</span> <span class='ocrx_word' id='word_1_248' title='bbox 2677 1722 2882 1775; x_wconf 81' lang='grc' dir='ltr'>αὐτῶν·</span> <span class='ocrx_word' id='word_1_249' title='bbox 2917 1738 2934 1771; x_wconf 75' lang='grc' dir='ltr'><strong>ι</strong></span> <span class='ocrx_word' id='word_1_250' title='bbox 2961 1719 3055 1773; x_wconf 69' lang='grc' dir='ltr'>καὶ</span> <span class='ocrx_word' id='word_1_251' title='bbox 3094 1716 3188 1770; x_wconf 90' lang='grc' dir='ltr'><strong>τοῦ</strong></span> <span class='ocrx_word' id='word_1_252' title='bbox 3224 1706 3553 1782; x_wconf 83' lang='grc' dir='ltr'>ταλανισμοῦ</span> 
     </span>
    </p>
   </div>
   <div class='ocr_carea' id='block_1_33' title="bbox 313 1805 3552 1907">
    <p class='ocr_par' dir='ltr' id='par_1_33' title="bbox 313 1805 3552 1907">
     <span class='ocr_line' id='line_1_33' title="bbox 313 1805 3552 1907; baseline -0.011 -15"><span class='ocrx_word' id='word_1_253' title='bbox 313 1805 415 1902; x_wconf 49' lang='grc' dir='ltr'>τήν</span> <span class='ocrx_word' id='word_1_254' title='bbox 479 1805 656 1888; x_wconf 66' lang='grc' dir='ltr'>αἰτίαν</span> <span class='ocrx_word' id='word_1_255' title='bbox 720 1805 1042 1907; x_wconf 78' lang='grc' dir='ltr'>προστίθησι</span> <span class='ocrx_word' id='word_1_256' title='bbox 1086 1836 1147 1907; x_wconf 76' lang='grc'><strong>(1⁵,</strong></span> <span class='ocrx_word' id='word_1_257' title='bbox 1331 1836 1540 1903; x_wconf 71' lang='grc' dir='ltr'>λέγων’</span> <span class='ocrx_word' id='word_1_258' title='bbox 1591 1848 1609 1879; x_wconf 77' lang='grc' dir='ltr'><strong>ι</strong></span> <span class='ocrx_word' id='word_1_259' title='bbox 1651 1825 1793 1879; x_wconf 86' lang='grc' dir='ltr'>Διότι</span> <span class='ocrx_word' id='word_1_260' title='bbox 1855 1816 2230 1888; x_wconf 77' lang='grc' dir='ltr'>βεϐούλευνται</span> <span class='ocrx_word' id='word_1_261' title='bbox 2273 1815 2469 1885; x_wconf 59' lang='grc' dir='ltr'>βουλὴν</span> <span class='ocrx_word' id='word_1_262' title='bbox 2521 1815 2763 1887; x_wconf 74' lang='grc' dir='ltr'>πονηρὰν</span> <span class='ocrx_word' id='word_1_263' title='bbox 2819 1813 2940 1868; x_wconf 82' lang='grc' dir='ltr'>καθ’</span> <span class='ocrx_word' id='word_1_264' title='bbox 2993 1810 3231 1872; x_wconf 79' lang='grc' dir='ltr'>ἑαυτῶν,</span> <span class='ocrx_word' id='word_1_265' title='bbox 3272 1805 3552 1866; x_wconf 80' lang='grc' dir='ltr'>είπόντεςο</span> 
     </span>
    </p>
   </div>
   <div class='ocr_carea' id='block_1_34' title="bbox 312 1922 1834 2000">
    <p class='ocr_par' dir='ltr' id='par_1_34' title="bbox 312 1922 1834 2000">
     <span class='ocr_line' id='line_1_34' title="bbox 312 1922 1834 2000; baseline -0.02 -4"><span class='ocrx_word' id='word_1_266' title='bbox 312 1924 578 1995; x_wconf 69' lang='grc' dir='ltr'>Δήσωμεν</span> <span class='ocrx_word' id='word_1_267' title='bbox 595 1926 687 1980; x_wconf 80' lang='grc' dir='ltr'>τὸν</span> <span class='ocrx_word' id='word_1_268' title='bbox 733 1926 960 1992; x_wconf 87' lang='grc' dir='ltr'>δίκαιον,</span> <span class='ocrx_word' id='word_1_269' title='bbox 989 1929 1071 1982; x_wconf 80' lang='grc' dir='ltr'>ὅτι</span> <span class='ocrx_word' id='word_1_270' title='bbox 1095 1928 1428 2000; x_wconf 81' lang='grc' dir='ltr'><strong>δύσχρηστος</strong></span> <span class='ocrx_word' id='word_1_271' title='bbox 1453 1926 1585 1996; x_wconf 81' lang='grc' dir='ltr'>ἡμῖν</span> <span class='ocrx_word' id='word_1_272' title='bbox 1617 1922 1780 1973; x_wconf 77' lang='grc' dir='ltr'>ἐστιν.</span> <span class='ocrx_word' id='word_1_273' title='bbox 1815 1933 1834 1965; x_wconf 74' lang='grc' dir='ltr'><strong>ι</strong></span> 
     </span>
    </p>
   </div>
   <div class='ocr_carea' id='block_1_35' title="bbox 841 2020 1371 2075">
    <p class='ocr_par' dir='ltr' id='par_1_35' title="bbox 841 2020 1371 2075">
     <span class='ocr_line' id='line_1_35' title="bbox 841 2020 1371 2075; baseline 0.004 -2"><span class='ocrx_word' id='word_1_274' title='bbox 841 2021 1234 2075; x_wconf 74' lang='grc' dir='ltr'><strong>ΚΕΦᾹΛΔῙΟΝ</strong></span> <span class='ocrx_word' id='word_1_275' title='bbox 1293 2020 1371 2075; x_wconf 83' lang='grc' dir='ltr'><strong>Γ’.</strong></span> 
     </span>
    </p>
   </div>
   <div class='ocr_carea' id='block_1_36' title="bbox 395 2108 1885 2186">
    <p class='ocr_par' dir='ltr' id='par_1_36' title="bbox 395 2108 1885 2186">
     <span class='ocr_line' id='line_1_36' title="bbox 395 2108 1885 2186; baseline 0.007 -28"><span class='ocrx_word' id='word_1_276' title='bbox 395 2125 414 2158; x_wconf 74' lang='grc' dir='ltr'><strong>ι</strong></span> <span class='ocrx_word' id='word_1_277' title='bbox 442 2108 580 2173; x_wconf 73' lang='grc' dir='ltr'>Λειός</span> <span class='ocrx_word' id='word_1_278' title='bbox 613 2128 737 2181; x_wconf 83' lang='grc' dir='ltr'>μου,</span> <span class='ocrx_word' id='word_1_279' title='bbox 765 2112 815 2165; x_wconf 77' lang='lat' dir='ltr'><strong>oi</strong></span> <span class='ocrx_word' id='word_1_280' title='bbox 837 2113 1230 2186; x_wconf 79' lang='grc' dir='ltr'><strong>μακαρίζοντες</strong></span> <span class='ocrx_word' id='word_1_281' title='bbox 1258 2113 1404 2184; x_wconf 79' lang='grc' dir='ltr'>ὑμᾶς</span> <span class='ocrx_word' id='word_1_282' title='bbox 1419 2109 1689 2165; x_wconf 85' lang='grc' dir='ltr'>πλανῶσιν</span> <span class='ocrx_word' id='word_1_283' title='bbox 1722 2112 1885 2181; x_wconf 79' lang='grc' dir='ltr'>ὑμᾶς.</span> 
     </span>
    </p>
   </div>
   <div class='ocr_carea' id='block_1_37' title="bbox 315 2200 1889 2275">
    <p class='ocr_par' dir='ltr' id='par_1_37' title="bbox 315 2200 1889 2275">
     <span class='ocr_line' id='line_1_37' title="bbox 315 2200 1889 2275; baseline 0.003 -24"><span class='ocrx_word' id='word_1_284' title='bbox 315 2200 414 2252; x_wconf 77' lang='grc' dir='ltr'>καὶ</span> <span class='ocrx_word' id='word_1_285' title='bbox 446 2201 541 2271; x_wconf 82' lang='grc' dir='ltr'>τὴν</span> <span class='ocrx_word' id='word_1_286' title='bbox 570 2200 754 2271; x_wconf 85' lang='grc' dir='ltr'>τρίϐον</span> <span class='ocrx_word' id='word_1_287' title='bbox 775 2203 882 2257; x_wconf 86' lang='grc' dir='ltr'><strong>τῶν</strong></span> <span class='ocrx_word' id='word_1_288' title='bbox 915 2203 1087 2258; x_wconf 83' lang='grc' dir='ltr'>ποδῶν</span> <span class='ocrx_word' id='word_1_289' title='bbox 1121 2203 1274 2274; x_wconf 80' lang='grc' dir='ltr'>ὑμῶν</span> <span class='ocrx_word' id='word_1_290' title='bbox 1305 2202 1685 2275; x_wconf 78' lang='grc' dir='ltr'>ταράσσουσιν.</span> <span class='ocrx_word' id='word_1_291' title='bbox 1731 2201 1889 2256; x_wconf 71' lang='grc' dir='ltr'>Ἆλλά</span> 
     </span>
    </p>
   </div>
   <div class='ocr_carea' id='block_1_38' title="bbox 314 2287 1889 2365">
    <p class='ocr_par' dir='ltr' id='par_1_38' title="bbox 314 2287 1889 2365">
     <span class='ocr_line' id='line_1_38' title="bbox 314 2287 1889 2365; baseline 0.004 -25"><span class='ocrx_word' id='word_1_292' title='bbox 314 2287 414 2341; x_wconf 87' lang='grc' dir='ltr'><strong>νῦν</strong></span> <span class='ocrx_word' id='word_1_293' title='bbox 438 2292 837 2361; x_wconf 86' lang='grc' dir='ltr'>καταστήσεται</span> <span class='ocrx_word' id='word_1_294' title='bbox 884 2294 961 2356; x_wconf 84' lang='grc' dir='ltr'><strong>είς</strong></span> <span class='ocrx_word' id='word_1_295' title='bbox 990 2292 1168 2364; x_wconf 80' lang='grc' dir='ltr'>κρίσιν</span> <span class='ocrx_word' id='word_1_296' title='bbox 1205 2292 1428 2364; x_wconf 82' lang='grc' dir='ltr'>Κύριος,</span> <span class='ocrx_word' id='word_1_297' title='bbox 1463 2293 1558 2347; x_wconf 78' lang='grc' dir='ltr'>καὶ</span> <span class='ocrx_word' id='word_1_298' title='bbox 1588 2296 1774 2365; x_wconf 82' lang='grc' dir='ltr'>στήσει</span> <span class='ocrx_word' id='word_1_299' title='bbox 1799 2295 1889 2347; x_wconf 85' lang='grc' dir='ltr'>τὸν</span> 
     </span>
    </p>
   </div>
   <div class='ocr_carea' id='block_1_39' title="bbox 317 2378 1890 2455">
    <p class='ocr_par' dir='ltr' id='par_1_39' title="bbox 317 2378 1890 2455">
     <span class='ocr_line' id='line_1_39' title="bbox 317 2378 1890 2455; baseline 0.003 -25"><span class='ocrx_word' id='word_1_300' title='bbox 317 2378 446 2432; x_wconf 89' lang='grc' dir='ltr'>λαὸν</span> <span class='ocrx_word' id='word_1_301' title='bbox 481 2380 664 2434; x_wconf 84' lang='grc' dir='ltr'>αὑτοῦ.</span> <span class='ocrx_word' id='word_1_302' title='bbox 697 2382 868 2445; x_wconf 82' lang='grc' dir='ltr'>Δύτὺς</span> <span class='ocrx_word' id='word_1_303' title='bbox 922 2381 1125 2454; x_wconf 86' lang='grc' dir='ltr'>Κύριος</span> <span class='ocrx_word' id='word_1_304' title='bbox 1161 2385 1241 2446; x_wconf 77' lang='grc' dir='ltr'>εἰς</span> <span class='ocrx_word' id='word_1_305' title='bbox 1270 2382 1448 2453; x_wconf 88' lang='grc' dir='ltr'>κρίσιν</span> <span class='ocrx_word' id='word_1_306' title='bbox 1467 2381 1586 2454; x_wconf 77' lang='grc' dir='ltr'>ἥξει</span> <span class='ocrx_word' id='word_1_307' title='bbox 1624 2381 1761 2455; x_wconf 80' lang='grc' dir='ltr'>μετὰ</span> <span class='ocrx_word' id='word_1_308' title='bbox 1782 2383 1890 2435; x_wconf 84' lang='grc' dir='ltr'><strong>τῶν</strong></span> 
     </span>
    </p>
   </div>
   <div class='ocr_carea' id='block_1_40' title="bbox 316 2469 1891 2546">
    <p class='ocr_par' dir='ltr' id='par_1_40' title="bbox 316 2469 1891 2546">
     <span class='ocr_line' id='line_1_40' title="bbox 316 2469 1891 2546; baseline 0.003 -24"><span class='ocrx_word' id='word_1_309' title='bbox 316 2469 706 2543; x_wconf 84' lang='grc' dir='ltr'>πρεσϐυτέρων</span> <span class='ocrx_word' id='word_1_310' title='bbox 736 2473 829 2526; x_wconf 87' lang='grc' dir='ltr'><strong>τοῦ</strong></span> <span class='ocrx_word' id='word_1_311' title='bbox 863 2473 1016 2535; x_wconf 88' lang='grc' dir='ltr'>λαοῦ,</span> <span class='ocrx_word' id='word_1_312' title='bbox 1049 2475 1140 2526; x_wconf 72' lang='grc' dir='ltr'>καὶ</span> <span class='ocrx_word' id='word_1_313' title='bbox 1176 2472 1314 2544; x_wconf 83' lang='grc' dir='ltr'>μετὰ</span> <span class='ocrx_word' id='word_1_314' title='bbox 1347 2473 1455 2527; x_wconf 90' lang='grc' dir='ltr'><strong>τῶν</strong></span> <span class='ocrx_word' id='word_1_315' title='bbox 1498 2475 1772 2546; x_wconf 81' lang='grc' dir='ltr'><strong>ἀρχόντων</strong></span> <span class='ocrx_word' id='word_1_316' title='bbox 1797 2475 1891 2527; x_wconf 88' lang='grc' dir='ltr'>αύ-</span> 
     </span>
    </p>
   </div>
   <div class='ocr_carea' id='block_1_41' title="bbox 316 2555 1890 2636">
    <p class='ocr_par' dir='ltr' id='par_1_41' title="bbox 316 2555 1890 2636">
     <span class='ocr_line' id='line_1_41' title="bbox 316 2555 1890 2636; baseline 0.006 -29"><span class='ocrx_word' id='word_1_317' title='bbox 316 2555 437 2609; x_wconf 91' lang='grc' dir='ltr'>τοῦ.</span> <span class='ocrx_word' id='word_1_318' title='bbox 463 2575 484 2609; x_wconf 70' lang='grc' dir='ltr'><strong>ι</strong></span> <span class='ocrx_word' id='word_1_319' title='bbox 508 2559 620 2611; x_wconf 82' lang='grc' dir='ltr'>Οὐκ</span> <span class='ocrx_word' id='word_1_320' title='bbox 648 2558 820 2614; x_wconf 73' lang='grc' dir='ltr'>ἔοικεν</span> <span class='ocrx_word' id='word_1_321' title='bbox 841 2561 934 2613; x_wconf 79' lang='grc' dir='ltr'><strong>ἐπὶ</strong></span> <span class='ocrx_word' id='word_1_322' title='bbox 964 2561 1055 2614; x_wconf 87' lang='grc' dir='ltr'>τὸν</span> <span class='ocrx_word' id='word_1_323' title='bbox 1085 2561 1194 2615; x_wconf 92' lang='grc' dir='ltr'><strong>τῶν</strong></span> <span class='ocrx_word' id='word_1_324' title='bbox 1228 2562 1362 2616; x_wconf 81' lang='grc' dir='ltr'>ὅλων</span> <span class='ocrx_word' id='word_1_325' title='bbox 1383 2562 1514 2617; x_wconf 82' lang='grc' dir='ltr'>Θεὸν</span> <span class='ocrx_word' id='word_1_326' title='bbox 1526 2564 1890 2636; x_wconf 77' lang='grc' dir='ltr'>ἀναφέρεσθαι</span> 
     </span>
    </p>
   </div>
   <div class='ocr_carea' id='block_1_42' title="bbox 318 2646 1889 2723">
    <p class='ocr_par' dir='ltr' id='par_1_42' title="bbox 318 2646 1889 2723">
     <span class='ocr_line' id='line_1_42' title="bbox 318 2646 1889 2723; baseline 0.006 -25"><span class='ocrx_word' id='word_1_327' title='bbox 318 2646 402 2710; x_wconf 84' lang='grc' dir='ltr'>τὸ,</span> <span class='ocrx_word' id='word_1_328' title='bbox 422 2667 441 2699; x_wconf 78' lang='grc' dir='ltr'><strong>ι</strong></span> <span class='ocrx_word' id='word_1_329' title='bbox 462 2646 578 2702; x_wconf 87' lang='grc' dir='ltr'>Νῦν</span> <span class='ocrx_word' id='word_1_330' title='bbox 606 2652 1002 2723; x_wconf 87' lang='grc' dir='ltr'>καταστήσεται</span> <span class='ocrx_word' id='word_1_331' title='bbox 1043 2654 1121 2715; x_wconf 87' lang='grc' dir='ltr'><strong>είς</strong></span> <span class='ocrx_word' id='word_1_332' title='bbox 1148 2652 1326 2723; x_wconf 82' lang='grc' dir='ltr'>κρίσιν</span> <span class='ocrx_word' id='word_1_333' title='bbox 1355 2652 1559 2723; x_wconf 84' lang='grc' dir='ltr'>Κύριος</span> <span class='ocrx_word' id='word_1_334' title='bbox 1577 2670 1588 2682; x_wconf 93' lang='grc'><strong>·</strong></span> <span class='ocrx_word' id='word_1_335' title='bbox 1606 2674 1623 2704; x_wconf 77' lang='grc' dir='ltr'><strong>ι</strong></span> <span class='ocrx_word' id='word_1_336' title='bbox 1664 2655 1758 2708; x_wconf 74' lang='grc' dir='ltr'>καὶ</span> <span class='ocrx_word' id='word_1_337' title='bbox 1786 2654 1889 2723; x_wconf 84' lang='grc' dir='ltr'>μά-</span> 
     </span>
    </p>
   </div>
   <div class='ocr_carea' id='block_1_43' title="bbox 319 2738 1891 2816">
    <p class='ocr_par' dir='ltr' id='par_1_43' title="bbox 319 2738 1891 2816">
     <span class='ocr_line' id='line_1_43' title="bbox 319 2738 1891 2816; baseline 0.004 -26"><span class='ocrx_word' id='word_1_338' title='bbox 319 2738 477 2791; x_wconf 88' lang='grc' dir='ltr'>λιστα</span> <span class='ocrx_word' id='word_1_339' title='bbox 502 2740 583 2804; x_wconf 80' lang='grc' dir='ltr'><strong>τὺ,</strong></span> <span class='ocrx_word' id='word_1_340' title='bbox 623 2760 642 2791; x_wconf 76' lang='grc' dir='ltr'><strong>ι</strong></span> <span class='ocrx_word' id='word_1_341' title='bbox 671 2741 842 2805; x_wconf 79' lang='grc' dir='ltr'>Αὐτὸς</span> <span class='ocrx_word' id='word_1_342' title='bbox 879 2742 1082 2815; x_wconf 86' lang='grc' dir='ltr'>Κύριος</span> <span class='ocrx_word' id='word_1_343' title='bbox 1127 2746 1205 2806; x_wconf 78' lang='grc' dir='ltr'>εἰς</span> <span class='ocrx_word' id='word_1_344' title='bbox 1251 2743 1431 2816; x_wconf 86' lang='grc' dir='ltr'>κρίσιν</span> <span class='ocrx_word' id='word_1_345' title='bbox 1463 2745 1582 2816; x_wconf 74' lang='grc' dir='ltr'>ἥξει</span> <span class='ocrx_word' id='word_1_346' title='bbox 1614 2744 1754 2816; x_wconf 90' lang='grc' dir='ltr'><strong>μετά</strong></span> <span class='ocrx_word' id='word_1_347' title='bbox 1782 2745 1891 2798; x_wconf 88' lang='grc' dir='ltr'><strong>τῶν</strong></span> 
     </span>
    </p>
   </div>
   <div class='ocr_carea' id='block_1_44' title="bbox 318 2830 1894 2909">
    <p class='ocr_par' dir='ltr' id='par_1_44' title="bbox 318 2830 1894 2909">
     <span class='ocr_line' id='line_1_44' title="bbox 318 2830 1894 2909; baseline 0.004 -25"><span class='ocrx_word' id='word_1_348' title='bbox 318 2830 707 2904; x_wconf 85' lang='grc' dir='ltr'>πρεσϐυτέρων</span> <span class='ocrx_word' id='word_1_349' title='bbox 738 2833 833 2886; x_wconf 89' lang='grc' dir='ltr'><strong>τοῦ</strong></span> <span class='ocrx_word' id='word_1_350' title='bbox 871 2834 1022 2898; x_wconf 87' lang='grc' dir='ltr'>λαοῦ,</span> <span class='ocrx_word' id='word_1_351' title='bbox 1046 2837 1141 2889; x_wconf 73' lang='grc' dir='ltr'>καὶ</span> <span class='ocrx_word' id='word_1_352' title='bbox 1192 2836 1327 2906; x_wconf 81' lang='grc' dir='ltr'>μετὰ</span> <span class='ocrx_word' id='word_1_353' title='bbox 1361 2836 1470 2889; x_wconf 89' lang='grc' dir='ltr'><strong>τῶν</strong></span> <span class='ocrx_word' id='word_1_354' title='bbox 1500 2838 1773 2909; x_wconf 80' lang='grc' dir='ltr'>ἀρχόντων</span> <span class='ocrx_word' id='word_1_355' title='bbox 1799 2838 1894 2892; x_wconf 80' lang='grc' dir='ltr'><strong>αὐ-</strong></span> 
     </span>
    </p>
   </div>
   <div class='ocr_carea' id='block_1_45' title="bbox 315 2924 1893 3002">
    <p class='ocr_par' dir='ltr' id='par_1_45' title="bbox 315 2924 1893 3002">
     <span class='ocr_line' id='line_1_45' title="bbox 315 2924 1893 3002; baseline 0.003 -25"><span class='ocrx_word' id='word_1_356' title='bbox 315 2924 416 2977; x_wconf 79' lang='grc' dir='ltr'><strong>τοῦ</strong></span> <span class='ocrx_word' id='word_1_357' title='bbox 441 2941 455 2955; x_wconf 91' lang='grc'><strong>·</strong></span> <span class='ocrx_word' id='word_1_358' title='bbox 492 2945 511 2974; x_wconf 72' lang='grc' dir='ltr'><strong>ι</strong></span> <span class='ocrx_word' id='word_1_359' title='bbox 532 2925 757 2996; x_wconf 82' lang='grc' dir='ltr'>ἁρμόζοι</span> <span class='ocrx_word' id='word_1_360' title='bbox 790 2927 832 2980; x_wconf 80' lang='grc' dir='ltr'>δ’</span> <span class='ocrx_word' id='word_1_361' title='bbox 865 2926 930 2981; x_wconf 80' lang='grc' dir='ltr'>ἂν</span> <span class='ocrx_word' id='word_1_362' title='bbox 984 2930 1111 3000; x_wconf 57' lang='grc' dir='ltr'><strong>περὶ¹</strong></span> <span class='ocrx_word' id='word_1_363' title='bbox 1140 2928 1232 2982; x_wconf 88' lang='grc' dir='ltr'><strong>τοῦ</strong></span> <span class='ocrx_word' id='word_1_364' title='bbox 1266 2929 1401 2981; x_wconf 82' lang='grc' dir='ltr'>Θεοῦ</span> <span class='ocrx_word' id='word_1_365' title='bbox 1447 2928 1642 2998; x_wconf 84' lang='grc' dir='ltr'>Λόγου,</span> <span class='ocrx_word' id='word_1_366' title='bbox 1687 2930 1893 3002; x_wconf 87' lang='grc' dir='ltr'>Κυρίου</span> 
     </span>
    </p>
   </div>
   <div class='ocr_carea' id='block_1_46' title="bbox 320 3016 1890 3093">
    <p class='ocr_par' dir='ltr' id='par_1_46' title="bbox 320 3016 1890 3093">
     <span class='ocr_line' id='line_1_46' title="bbox 320 3016 1890 3093; baseline 0.004 -25"><span class='ocrx_word' id='word_1_367' title='bbox 320 3016 418 3069; x_wconf 80' lang='grc' dir='ltr'>καὶ</span> <span class='ocrx_word' id='word_1_368' title='bbox 471 3016 636 3070; x_wconf 82' lang='grc' dir='ltr'>αὑτοῦ</span> <span class='ocrx_word' id='word_1_369' title='bbox 681 3019 1139 3089; x_wconf 76' lang='grc' dir='ltr'>χρηματίζοντος,</span> <span class='ocrx_word' id='word_1_370' title='bbox 1194 3020 1369 3075; x_wconf 86' lang='grc' dir='ltr'>ταῦτα</span> <span class='ocrx_word' id='word_1_371' title='bbox 1421 3020 1890 3093; x_wconf 83' lang='grc' dir='ltr'>προφητεύεσθαι·</span> 
     </span>
    </p>
   </div>
   <div class='ocr_carea' id='block_1_47' title="bbox 320 3104 1896 3182">
    <p class='ocr_par' dir='ltr' id='par_1_47' title="bbox 320 3104 1896 3182">
     <span class='ocr_line' id='line_1_47' title="bbox 320 3104 1896 3182; baseline 0.003 -21"><span class='ocrx_word' id='word_1_372' title='bbox 320 3109 418 3161; x_wconf 72' lang='grc' dir='ltr'>καὶ</span> <span class='ocrx_word' id='word_1_373' title='bbox 457 3107 567 3180; x_wconf 86' lang='grc' dir='ltr'>γὰρ</span> <span class='ocrx_word' id='word_1_374' title='bbox 608 3104 700 3162; x_wconf 81' lang='grc' dir='ltr'><strong>οῦν</strong></span> <span class='ocrx_word' id='word_1_375' title='bbox 744 3110 906 3174; x_wconf 75' lang='grc' dir='ltr'>αὐτὸς</span> <span class='ocrx_word' id='word_1_376' title='bbox 949 3112 978 3163; x_wconf 89' lang='lat'><strong>6</strong></span> <span class='ocrx_word' id='word_1_377' title='bbox 1009 3111 1303 3182; x_wconf 75' lang='grc' dir='ltr'>κηρυχθεὶς</span> <span class='ocrx_word' id='word_1_378' title='bbox 1336 3113 1471 3165; x_wconf 76' lang='grc' dir='ltr'>πᾶσι</span> <span class='ocrx_word' id='word_1_379' title='bbox 1520 3115 1632 3174; x_wconf 88' lang='grc' dir='ltr'>τοῖς</span> <span class='ocrx_word' id='word_1_380' title='bbox 1679 3112 1783 3166; x_wconf 82' lang='grc' dir='ltr'><strong>ὑπὸ</strong></span> <span class='ocrx_word' id='word_1_381' title='bbox 1805 3113 1896 3166; x_wconf 88' lang='grc' dir='ltr'>τὸν</span> 
     </span>
    </p>
   </div>
   <div class='ocr_carea' id='block_1_48' title="bbox 318 3199 1897 3275">
    <p class='ocr_par' dir='ltr' id='par_1_48' title="bbox 318 3199 1897 3275">
     <span class='ocr_line' id='line_1_48' title="bbox 318 3199 1897 3275; baseline 0.005 -26"><span class='ocrx_word' id='word_1_382' title='bbox 318 3199 551 3270; x_wconf 76' lang='grc' dir='ltr'>οὐρανὸν</span> <span class='ocrx_word' id='word_1_383' title='bbox 573 3199 708 3254; x_wconf 86' lang='grc' dir='ltr'>Θεοῦ</span> <span class='ocrx_word' id='word_1_384' title='bbox 738 3202 909 3271; x_wconf 84' lang='grc' dir='ltr'>Λόγος</span> <span class='ocrx_word' id='word_1_385' title='bbox 926 3204 1007 3266; x_wconf 86' lang='grc' dir='ltr'><strong>είς</strong></span> <span class='ocrx_word' id='word_1_386' title='bbox 1027 3202 1205 3273; x_wconf 86' lang='grc' dir='ltr'>κρίσιν</span> <span class='ocrx_word' id='word_1_387' title='bbox 1229 3202 1367 3274; x_wconf 85' lang='grc' dir='ltr'>μετὰ</span> <span class='ocrx_word' id='word_1_388' title='bbox 1386 3204 1602 3257; x_wconf 84' lang='grc' dir='ltr'>πάντων</span> <span class='ocrx_word' id='word_1_389' title='bbox 1628 3206 1897 3275; x_wconf 67' lang='grc' dir='ltr'>καταστήε</span> 
     </span>
    </p>
   </div>
   <div class='ocr_carea' id='block_1_49' title="bbox 324 3293 1892 3366">
    <p class='ocr_par' dir='ltr' id='par_1_49' title="bbox 324 3293 1892 3366">
     <span class='ocr_line' id='line_1_49' title="bbox 324 3293 1892 3366; baseline 0.004 -24"><span class='ocrx_word' id='word_1_390' title='bbox 324 3306 499 3355; x_wconf 85' lang='grc' dir='ltr'>σεται,</span> <span class='ocrx_word' id='word_1_391' title='bbox 539 3293 662 3363; x_wconf 87' lang='grc' dir='ltr'>μηδ’</span> <span class='ocrx_word' id='word_1_392' title='bbox 693 3294 775 3348; x_wconf 70' lang='grc' dir='ltr'><strong>ἑνὶ</strong></span> <span class='ocrx_word' id='word_1_393' title='bbox 802 3293 910 3347; x_wconf 89' lang='grc' dir='ltr'><strong>τῶν</strong></span> <span class='ocrx_word' id='word_1_394' title='bbox 942 3294 1151 3348; x_wconf 82' lang='grc' dir='ltr'>ἀσεϐῶν</span> <span class='ocrx_word' id='word_1_395' title='bbox 1179 3295 1361 3366; x_wconf 83' lang='grc' dir='ltr'>χώραν</span> <span class='ocrx_word' id='word_1_396' title='bbox 1389 3296 1563 3358; x_wconf 73' lang='grc' dir='ltr'>διδοὺς</span> <span class='ocrx_word' id='word_1_397' title='bbox 1582 3295 1892 3364; x_wconf 80' lang='grc' dir='ltr'>ἀπολογίας,</span> 
     </span>
    </p>
   </div>
   <div class='ocr_carea' id='block_1_50' title="bbox 323 3380 1895 3454">
    <p class='ocr_par' dir='ltr' id='par_1_50' title="bbox 323 3380 1895 3454">
     <span class='ocr_line' id='line_1_50' title="bbox 323 3380 1895 3454; baseline 0.004 -23"><span class='ocrx_word' id='word_1_398' title='bbox 323 3380 421 3432; x_wconf 79' lang='grc' dir='ltr'><strong>ἅτε</strong></span> <span class='ocrx_word' id='word_1_399' title='bbox 442 3381 521 3444; x_wconf 82' lang='grc' dir='ltr'><strong>είς</strong></span> <span class='ocrx_word' id='word_1_400' title='bbox 552 3380 649 3445; x_wconf 77' lang='grc' dir='ltr'><strong>τὰς</strong></span> <span class='ocrx_word' id='word_1_401' title='bbox 672 3381 927 3436; x_wconf 87' lang='grc' dir='ltr'>ἀπάντων</span> <span class='ocrx_word' id='word_1_402' title='bbox 961 3382 1129 3446; x_wconf 79' lang='grc' dir='ltr'>ἀκοὰς</span> <span class='ocrx_word' id='word_1_403' title='bbox 1168 3382 1567 3454; x_wconf 83' lang='grc' dir='ltr'>διαδραμούσης</span> <span class='ocrx_word' id='word_1_404' title='bbox 1602 3383 1766 3436; x_wconf 78' lang='grc' dir='ltr'>αὐτοῦ</span> <span class='ocrx_word' id='word_1_405' title='bbox 1797 3384 1895 3453; x_wconf 76' lang='grc' dir='ltr'>τῆς</span> 
     </span>
    </p>
   </div>
   <div class='ocr_carea' id='block_1_51' title="bbox 319 3469 1897 3547">
    <p class='ocr_par' dir='ltr' id='par_1_51' title="bbox 319 3469 1897 3547">
     <span class='ocr_line' id='line_1_51' title="bbox 319 3469 1897 3547; baseline 0.002 -24"><span class='ocrx_word' id='word_1_406' title='bbox 319 3469 671 3537; x_wconf 80' lang='grc' dir='ltr'>διδασκαλίας</span> <span class='ocrx_word' id='word_1_407' title='bbox 688 3490 701 3503; x_wconf 89' lang='grc'><strong>·</strong></span> <span class='ocrx_word' id='word_1_408' title='bbox 731 3473 851 3544; x_wconf 72' lang='grc' dir='ltr'>ἥξει</span> <span class='ocrx_word' id='word_1_409' title='bbox 878 3474 922 3526; x_wconf 84' lang='grc' dir='ltr'>δ’</span> <span class='ocrx_word' id='word_1_410' title='bbox 949 3475 1030 3537; x_wconf 84' lang='grc' dir='ltr'><strong>είς</strong></span> <span class='ocrx_word' id='word_1_411' title='bbox 1052 3474 1230 3547; x_wconf 84' lang='grc' dir='ltr'>κρίσιν</span> <span class='ocrx_word' id='word_1_412' title='bbox 1255 3475 1459 3545; x_wconf 83' lang='grc' dir='ltr'>Ἰησοῦς</span> <span class='ocrx_word' id='word_1_413' title='bbox 1491 3475 1723 3546; x_wconf 79' lang='grc' dir='ltr'>Χριστὸς</span> <span class='ocrx_word' id='word_1_414' title='bbox 1760 3473 1897 3544; x_wconf 85' lang='grc' dir='ltr'>μετὰ</span> 
     </span>
    </p>
   </div>
   <div class='ocr_carea' id='block_1_52' title="bbox 322 3561 1896 3636">
    <p class='ocr_par' dir='ltr' id='par_1_52' title="bbox 322 3561 1896 3636">
     <span class='ocr_line' id='line_1_52' title="bbox 322 3561 1896 3636; baseline 0.003 -20"><span class='ocrx_word' id='word_1_415' title='bbox 322 3561 432 3617; x_wconf 82' lang='grc' dir='ltr'><strong>τῶν</strong></span> <span class='ocrx_word' id='word_1_416' title='bbox 479 3563 862 3636; x_wconf 86' lang='grc' dir='ltr'>πρεσϐυτέρων</span> <span class='ocrx_word' id='word_1_417' title='bbox 890 3565 1124 3636; x_wconf 76' lang='grc' dir='ltr'>μάλιστα</span> <span class='ocrx_word' id='word_1_418' title='bbox 1167 3565 1261 3620; x_wconf 88' lang='grc' dir='ltr'><strong>τοῦ</strong></span> <span class='ocrx_word' id='word_1_419' title='bbox 1292 3564 1422 3620; x_wconf 88' lang='grc' dir='ltr'>λαοῦ</span> <span class='ocrx_word' id='word_1_420' title='bbox 1454 3565 1549 3620; x_wconf 78' lang='grc' dir='ltr'>καὶ</span> <span class='ocrx_word' id='word_1_421' title='bbox 1607 3566 1743 3636; x_wconf 84' lang='grc' dir='ltr'><strong>μετά</strong></span> <span class='ocrx_word' id='word_1_422' title='bbox 1791 3566 1896 3620; x_wconf 88' lang='grc' dir='ltr'><strong>τῶν</strong></span> 
     </span>
    </p>
   </div>
   <div class='ocr_carea' id='block_1_53' title="bbox 321 3652 1896 3728">
    <p class='ocr_par' dir='ltr' id='par_1_53' title="bbox 321 3652 1896 3728">
     <span class='ocr_line' id='line_1_53' title="bbox 321 3652 1896 3728; baseline 0.003 -21"><span class='ocrx_word' id='word_1_423' title='bbox 321 3653 601 3724; x_wconf 86' lang='grc' dir='ltr'>ἀρχόντων</span> <span class='ocrx_word' id='word_1_424' title='bbox 626 3656 814 3721; x_wconf 79' lang='grc' dir='ltr'>αὑτοῦ,</span> <span class='ocrx_word' id='word_1_425' title='bbox 846 3652 933 3710; x_wconf 76' lang='grc' dir='ltr'>οἷα</span> <span class='ocrx_word' id='word_1_426' title='bbox 977 3657 1042 3728; x_wconf 81' lang='grc' dir='ltr'>δὴ</span> <span class='ocrx_word' id='word_1_427' title='bbox 1073 3657 1250 3711; x_wconf 79' lang='grc' dir='ltr'>αὐτῶν</span> <span class='ocrx_word' id='word_1_428' title='bbox 1290 3657 1754 3728; x_wconf 69' lang='grc' dir='ltr'>ἐπισυναχθέντων</span> <span class='ocrx_word' id='word_1_429' title='bbox 1779 3660 1896 3711; x_wconf 87' lang='grc' dir='ltr'>κατ’</span> 
     </span>
    </p>
   </div>
   <div class='ocr_carea' id='block_1_54' title="bbox 324 3745 1893 3822">
    <p class='ocr_par' dir='ltr' id='par_1_54' title="bbox 324 3745 1893 3822">
     <span class='ocr_line' id='line_1_54' title="bbox 324 3745 1893 3822; baseline 0.004 -23"><span class='ocrx_word' id='word_1_430' title='bbox 324 3745 515 3810; x_wconf 78' lang='grc' dir='ltr'>αὑτοῦ,</span> <span class='ocrx_word' id='word_1_431' title='bbox 564 3749 658 3801; x_wconf 75' lang='grc' dir='ltr'>καὶ</span> <span class='ocrx_word' id='word_1_432' title='bbox 709 3749 808 3820; x_wconf 85' lang='grc' dir='ltr'>τὴν</span> <span class='ocrx_word' id='word_1_433' title='bbox 855 3749 1146 3822; x_wconf 75' lang='grc' dir='ltr'>ἐπιϐουλὴν</span> <span class='ocrx_word' id='word_1_434' title='bbox 1183 3750 1332 3821; x_wconf 85' lang='grc' dir='ltr'><strong>αὐτῷ</strong></span> <span class='ocrx_word' id='word_1_435' title='bbox 1372 3751 1893 3820; x_wconf 73' lang='grc' dir='ltr'>συσκευασαμένωνο</span> 
     </span>
    </p>
   </div>
   <div class='ocr_carea' id='block_1_55' title="bbox 324 3838 1893 3916">
    <p class='ocr_par' dir='ltr' id='par_1_55' title="bbox 324 3838 1893 3916">
     <span class='ocr_line' id='line_1_55' title="bbox 324 3838 1893 3916; baseline 0.004 -26"><span class='ocrx_word' id='word_1_436' title='bbox 324 3838 376 3891; x_wconf 82' lang='grc' dir='ltr'><strong>οἳ</strong></span> <span class='ocrx_word' id='word_1_437' title='bbox 414 3840 504 3892; x_wconf 79' lang='grc' dir='ltr'>καὶ</span> <span class='ocrx_word' id='word_1_438' title='bbox 543 3842 932 3912; x_wconf 80' lang='grc' dir='ltr'>μακαρίζοντες</span> <span class='ocrx_word' id='word_1_439' title='bbox 961 3843 1052 3896; x_wconf 83' lang='grc' dir='ltr'>τὸν</span> <span class='ocrx_word' id='word_1_440' title='bbox 1073 3843 1373 3915; x_wconf 84' lang='grc' dir='ltr'>ἀρχόμενον</span> <span class='ocrx_word' id='word_1_441' title='bbox 1405 3844 1495 3897; x_wconf 81' lang='grc' dir='ltr'><strong>ὑπ’</strong></span> <span class='ocrx_word' id='word_1_442' title='bbox 1529 3842 1709 3916; x_wconf 81' lang='grc' dir='ltr'>αὐτῶν</span> <span class='ocrx_word' id='word_1_443' title='bbox 1747 3842 1893 3904; x_wconf 79' lang='grc' dir='ltr'>λαὸν,</span> 
     </span>
    </p>
   </div>
   <div class='ocr_carea' id='block_1_56' title="bbox 325 3929 1899 4006">
    <p class='ocr_par' dir='ltr' id='par_1_56' title="bbox 325 3929 1899 4006">
     <span class='ocr_line' id='line_1_56' title="bbox 325 3929 1899 4006; baseline 0.006 -25"><span class='ocrx_word' id='word_1_444' title='bbox 325 3929 573 3997; x_wconf 75' lang='grc' dir='ltr'>ὶπλᾴνων</span> <span class='ocrx_word' id='word_1_445' title='bbox 611 3933 792 3997; x_wconf 78' lang='grc' dir='ltr'>αὑτὸν,</span> <span class='ocrx_word' id='word_1_446' title='bbox 823 3934 1070 4002; x_wconf 86' lang='grc' dir='ltr'>λέγοντες</span> <span class='ocrx_word' id='word_1_447' title='bbox 1106 3934 1166 3987; x_wconf 83' lang='grc' dir='ltr'>τὸ</span> <span class='ocrx_word' id='word_1_448' title='bbox 1202 3935 1434 4006; x_wconf 83' lang='grc' dir='ltr'>πονηρὸν</span> <span class='ocrx_word' id='word_1_449' title='bbox 1457 3934 1635 3998; x_wconf 86' lang='grc' dir='ltr'>καλὸν,</span> <span class='ocrx_word' id='word_1_450' title='bbox 1663 3936 1899 3999; x_wconf 74' lang='grc' dir='ltr'>καὶτοὺς</span> 
     </span>
    </p>
   </div>
   <div class='ocr_carea' id='block_1_57' title="bbox 327 4023 1896 4105">
    <p class='ocr_par' dir='ltr' id='par_1_57' title="bbox 327 4023 1896 4105">
     <span class='ocr_line' id='line_1_57' title="bbox 327 4023 1896 4105; baseline 0.003 -30"><span class='ocrx_word' id='word_1_451' title='bbox 327 4023 526 4087; x_wconf 69' lang='grc' dir='ltr'>καλοὺς</span> <span class='ocrx_word' id='word_1_452' title='bbox 556 4024 649 4078; x_wconf 87' lang='grc' dir='ltr'>τοῦ</span> <span class='ocrx_word' id='word_1_453' title='bbox 702 4026 954 4096; x_wconf 80' lang='grc' dir='ltr'>Σωτῆρος</span> <span class='ocrx_word' id='word_1_454' title='bbox 995 4026 1151 4098; x_wconf 79' lang='grc' dir='ltr'>ἡμῶν</span> <span class='ocrx_word' id='word_1_455' title='bbox 1194 4027 1385 4095; x_wconf 81' lang='grc' dir='ltr'>λόγους</span> <span class='ocrx_word' id='word_1_456' title='bbox 1426 4027 1694 4105; x_wconf 76' lang='grc' dir='ltr'>πονηροὺς</span> <span class='ocrx_word' id='word_1_457' title='bbox 1732 4026 1896 4102; x_wconf 81' lang='grc' dir='ltr'>ὑπάρ-</span> 
     </span>
    </p>
   </div>
   <div class='ocr_carea' id='block_1_58' title="bbox 327 4116 931 4187">
    <p class='ocr_par' dir='ltr' id='par_1_58' title="bbox 327 4116 931 4187">
     <span class='ocr_line' id='line_1_58' title="bbox 327 4116 931 4187; baseline 0.003 -20"><span class='ocrx_word' id='word_1_458' title='bbox 327 4131 444 4183; x_wconf 85' lang='grc' dir='ltr'>χειν</span> <span class='ocrx_word' id='word_1_459' title='bbox 489 4116 931 4187; x_wconf 69' lang='grc' dir='ltr'>ἀποφαινόμενοι.</span> 
     </span>
    </p>
   </div>
   <div class='ocr_carea' id='block_1_59' title="bbox 860 4232 1378 4285">
    <p class='ocr_par' dir='ltr' id='par_1_59' title="bbox 860 4232 1378 4285">
     <span class='ocr_line' id='line_1_59' title="bbox 860 4232 1378 4285; baseline 0.002 -1"><span class='ocrx_word' id='word_1_460' title='bbox 860 4232 1253 4285; x_wconf 73' lang='grc' dir='ltr'><strong>ΚΕΦΑΛΑΙΟΝ</strong></span> <span class='ocrx_word' id='word_1_461' title='bbox 1305 4233 1378 4285; x_wconf 85' lang='grc' dir='ltr'><strong>Δ’.</strong></span> 
     </span>
    </p>
   </div>
   <div class='ocr_carea' id='block_1_60' title="bbox 406 4316 1896 4392">
    <p class='ocr_par' dir='ltr' id='par_1_60' title="bbox 406 4316 1896 4392">
     <span class='ocr_line' id='line_1_60' title="bbox 406 4316 1896 4392; baseline 0.006 -25"><span class='ocrx_word' id='word_1_462' title='bbox 406 4334 423 4367; x_wconf 82' lang='grc' dir='ltr'><strong>ι</strong></span> <span class='ocrx_word' id='word_1_463' title='bbox 444 4316 555 4369; x_wconf 72' lang='grc' dir='ltr'><strong>Καὶ</strong></span> <span class='ocrx_word' id='word_1_464' title='bbox 588 4316 882 4387; x_wconf 79' lang='grc' dir='ltr'>προσέθετο</span> <span class='ocrx_word' id='word_1_465' title='bbox 903 4317 1108 4389; x_wconf 82' lang='grc' dir='ltr'>Κύριος</span> <span class='ocrx_word' id='word_1_466' title='bbox 1127 4318 1358 4389; x_wconf 79' lang='grc' dir='ltr'>λαλῆσαι</span> <span class='ocrx_word' id='word_1_467' title='bbox 1385 4319 1464 4392; x_wconf 80' lang='grc' dir='ltr'>τῷ</span> <span class='ocrx_word' id='word_1_468' title='bbox 1498 4320 1683 4392; x_wconf 79' lang='grc' dir='ltr'>Ἀχάζ,</span> <span class='ocrx_word' id='word_1_469' title='bbox 1705 4320 1896 4390; x_wconf 80' lang='grc' dir='ltr'>λέγων·</span> 
     </span>
    </p>
   </div>
   <div class='ocr_carea' id='block_1_61' title="bbox 328 4404 1900 4482">
    <p class='ocr_par' dir='ltr' id='par_1_61' title="bbox 328 4404 1900 4482">
     <span class='ocr_line' id='line_1_61' title="bbox 328 4404 1900 4482; baseline 0.006 -24"><span class='ocrx_word' id='word_1_470' title='bbox 328 4404 557 4475; x_wconf 78' lang='grc' dir='ltr'>Αίτησαι</span> <span class='ocrx_word' id='word_1_471' title='bbox 585 4406 793 4477; x_wconf 82' lang='grc' dir='ltr'>σεαυτῷ</span> <span class='ocrx_word' id='word_1_472' title='bbox 838 4411 1060 4479; x_wconf 86' lang='grc' dir='ltr'>σημεῖον</span> <span class='ocrx_word' id='word_1_473' title='bbox 1083 4409 1234 4481; x_wconf 86' lang='grc' dir='ltr'><strong>παρά</strong></span> <span class='ocrx_word' id='word_1_474' title='bbox 1274 4410 1480 4482; x_wconf 84' lang='grc' dir='ltr'>Κυρίου</span> <span class='ocrx_word' id='word_1_475' title='bbox 1526 4411 1661 4465; x_wconf 89' lang='grc' dir='ltr'>Θεοῦ</span> <span class='ocrx_word' id='word_1_476' title='bbox 1699 4429 1790 4466; x_wconf 91' lang='grc' dir='ltr'><strong>σου</strong></span> <span class='ocrx_word' id='word_1_477' title='bbox 1820 4416 1900 4478; x_wconf 87' lang='grc' dir='ltr'><strong>είς</strong></span> 
     </span>
    </p>
   </div>
   <div class='ocr_carea' id='block_1_62' title="bbox 331 4494 1896 4577">
    <p class='ocr_par' dir='ltr' id='par_1_62' title="bbox 331 4494 1896 4577">
     <span class='ocr_line' id='line_1_62' title="bbox 331 4494 1896 4577; baseline 0.006 -28"><span class='ocrx_word' id='word_1_478' title='bbox 331 4494 510 4564; x_wconf 82' lang='grc' dir='ltr'>βάθος,</span> <span class='ocrx_word' id='word_1_479' title='bbox 548 4497 580 4568; x_wconf 84' lang='grc' dir='ltr'>ἦ</span> <span class='ocrx_word' id='word_1_480' title='bbox 615 4498 695 4561; x_wconf 84' lang='grc' dir='ltr'><strong>είς</strong></span> <span class='ocrx_word' id='word_1_481' title='bbox 718 4498 869 4567; x_wconf 61' lang='grc' dir='ltr'>ὕψος.</span> <span class='ocrx_word' id='word_1_482' title='bbox 891 4501 1000 4553; x_wconf 79' lang='grc' dir='ltr'><strong>Καὶ</strong></span> <span class='ocrx_word' id='word_1_483' title='bbox 1030 4495 1364 4573; x_wconf 75' lang='grc' dir='ltr'>εἷπενἈχάζ</span> <span class='ocrx_word' id='word_1_484' title='bbox 1383 4520 1396 4533; x_wconf 93' lang='grc'><strong>·</strong></span> <span class='ocrx_word' id='word_1_485' title='bbox 1438 4503 1512 4557; x_wconf 71' lang='grc' dir='ltr'>οι»</span> <span class='ocrx_word' id='word_1_486' title='bbox 1550 4504 1623 4576; x_wconf 87' lang='grc' dir='ltr'>μὴ</span> <span class='ocrx_word' id='word_1_487' title='bbox 1661 4506 1896 4577; x_wconf 87' lang='grc' dir='ltr'>αίτήσω,</span> 
     </span>
    </p>
   </div>
   <div class='ocr_carea' id='block_1_63' title="bbox 327 4587 1892 4667">
    <p class='ocr_par' dir='ltr' id='par_1_63' title="bbox 327 4587 1892 4667">
     <span class='ocr_line' id='line_1_63' title="bbox 327 4587 1892 4667; baseline 0.008 -28"><span class='ocrx_word' id='word_1_488' title='bbox 327 4587 449 4640; x_wconf 77' lang='grc' dir='ltr'><strong>οὐδὲ</strong></span> <span class='ocrx_word' id='word_1_489' title='bbox 486 4587 559 4660; x_wconf 80' lang='grc' dir='ltr'>μὴ</span> <span class='ocrx_word' id='word_1_490' title='bbox 588 4589 831 4659; x_wconf 82' lang='grc' dir='ltr'>πειράσω</span> <span class='ocrx_word' id='word_1_491' title='bbox 878 4590 1100 4661; x_wconf 87' lang='grc' dir='ltr'>Κύριον.</span> <span class='ocrx_word' id='word_1_492' title='bbox 1131 4593 1241 4645; x_wconf 76' lang='grc' dir='ltr'>Καὶ</span> <span class='ocrx_word' id='word_1_493' title='bbox 1281 4589 1465 4647; x_wconf 72' lang='grc' dir='ltr'>εἶπενο</span> <span class='ocrx_word' id='word_1_494' title='bbox 1505 4596 1792 4651; x_wconf 83' lang='grc' dir='ltr'>Ἀκούσατε</span> <span class='ocrx_word' id='word_1_495' title='bbox 1810 4597 1892 4667; x_wconf 82' lang='grc' dir='ltr'><strong>δὴ.</strong></span> 
     </span>
    </p>
   </div>
   <div class='ocr_carea' id='block_1_64' title="bbox 2603 1995 2948 2054">
    <p class='ocr_par' dir='ltr' id='par_1_64' title="bbox 2603 1995 2948 2054">
     <span class='ocr_line' id='line_1_64' title="bbox 2603 1995 2948 2054; baseline -0.017 0"><span class='ocrx_word' id='word_1_496' title='bbox 2603 1997 2828 2054; x_wconf 81' lang='lat' dir='ltr'><strong>CAPUT</strong></span> <span class='ocrx_word' id='word_1_497' title='bbox 2858 1995 2948 2049; x_wconf 86' lang='lat' dir='ltr'><strong>lll.</strong></span> 
     </span>
    </p>
   </div>
   <div class='ocr_carea' id='block_1_65' title="bbox 2064 2079 3555 2165">
    <p class='ocr_par' dir='ltr' id='par_1_65' title="bbox 2064 2079 3555 2165">
     <span class='ocr_line' id='line_1_65' title="bbox 2064 2079 3555 2165; baseline -0.009 -16"><span class='ocrx_word' id='word_1_498' title='bbox 2064 2115 2082 2144; x_wconf 70' lang='grc' dir='ltr'><strong>ι</strong></span> <span class='ocrx_word' id='word_1_499' title='bbox 2120 2094 2323 2165; x_wconf 87' lang='lat' dir='ltr'><strong>Popule</strong></span> <span class='ocrx_word' id='word_1_500' title='bbox 2355 2109 2530 2155; x_wconf 89' lang='lat' dir='ltr'><strong>meus,</strong></span> <span class='ocrx_word' id='word_1_501' title='bbox 2567 2092 2658 2163; x_wconf 90' lang='lat' dir='ltr'><strong>qui</strong></span> <span class='ocrx_word' id='word_1_502' title='bbox 2685 2100 2735 2147; x_wconf 92' lang='lat' dir='ltr'><strong>te</strong></span> <span class='ocrx_word' id='word_1_503' title='bbox 2763 2093 2978 2146; x_wconf 88' lang='lat' dir='ltr'><strong>beatum</strong></span> <span class='ocrx_word' id='word_1_504' title='bbox 3002 2088 3209 2148; x_wconf 88' lang='lat' dir='ltr'><strong>dicunt,</strong></span> <span class='ocrx_word' id='word_1_505' title='bbox 3245 2083 3349 2155; x_wconf 86' lang='lat' dir='ltr'><strong>ipsi</strong></span> <span class='ocrx_word' id='word_1_506' title='bbox 3379 2091 3431 2137; x_wconf 91' lang='lat' dir='ltr'><strong>te</strong></span> <span class='ocrx_word' id='word_1_507' title='bbox 3459 2079 3555 2136; x_wconf 92' lang='lat' dir='ltr'><strong>de-</strong></span> 
     </span>
    </p>
   </div>
   <div class='ocr_carea' id='block_1_66' title="bbox 1989 2170 3611 2257">
    <p class='ocr_par' dir='ltr' id='par_1_66' title="bbox 1989 2170 3611 2257">
     <span class='ocr_line' id='line_1_66' title="bbox 1989 2170 3611 2257; baseline -0.011 -16"><span class='ocrx_word' id='word_1_508' title='bbox 1989 2188 2221 2257; x_wconf 86' lang='lat' dir='ltr'><strong>cipiunt,</strong></span> <span class='ocrx_word' id='word_1_509' title='bbox 2251 2194 2307 2241; x_wconf 88' lang='lat' dir='ltr'><strong>et</strong></span> <span class='ocrx_word' id='word_1_510' title='bbox 2348 2186 2492 2239; x_wconf 88' lang='lat' dir='ltr'><strong>viam</strong></span> <span class='ocrx_word' id='word_1_511' title='bbox 2544 2197 2828 2254; x_wconf 81' lang='lat' dir='ltr'><strong>gressuum</strong></span> <span class='ocrx_word' id='word_1_512' title='bbox 2866 2188 3086 2235; x_wconf 90' lang='lat' dir='ltr'><strong>tuorum</strong></span> <span class='ocrx_word' id='word_1_513' title='bbox 3116 2177 3406 2246; x_wconf 85' lang='lat' dir='ltr'><strong>dissipant.</strong></span> <span class='ocrx_word' id='word_1_514' title='bbox 3437 2170 3556 2227; x_wconf 88' lang='lat' dir='ltr'><strong>Stat</strong></span> <span class='ocrx_word' id='word_1_515' title='bbox 3602 2230 3611 2243; x_wconf 40' lang='grc' dir='ltr'>ι</span> 
     </span>
    </p>
   </div>
   <div class='ocr_carea' id='block_1_67' title="bbox 1992 2265 3553 2348">
    <p class='ocr_par' dir='ltr' id='par_1_67' title="bbox 1992 2265 3553 2348">
     <span class='ocr_line' id='line_1_67' title="bbox 1992 2265 3553 2348; baseline -0.011 -14"><span class='ocrx_word' id='word_1_516' title='bbox 1992 2280 2059 2334; x_wconf 89' lang='lat' dir='ltr'><strong>ad</strong></span> <span class='ocrx_word' id='word_1_517' title='bbox 2107 2278 2464 2348; x_wconf 89' lang='lat' dir='ltr'><strong>judicandum</strong></span> <span class='ocrx_word' id='word_1_518' title='bbox 2518 2275 2802 2337; x_wconf 88' lang='lat' dir='ltr'><strong>Dominus,</strong></span> <span class='ocrx_word' id='word_1_519' title='bbox 2844 2281 2898 2327; x_wconf 94' lang='lat' dir='ltr'><strong>et</strong></span> <span class='ocrx_word' id='word_1_520' title='bbox 2932 2277 3040 2327; x_wconf 84' lang='lat' dir='ltr'><strong>stat</strong></span> <span class='ocrx_word' id='word_1_521' title='bbox 3086 2269 3151 2324; x_wconf 89' lang='lat' dir='ltr'><strong>ad</strong></span> <span class='ocrx_word' id='word_1_522' title='bbox 3197 2265 3553 2338; x_wconf 89' lang='lat' dir='ltr'><strong>judicandum</strong></span> 
     </span>
    </p>
   </div>
   <div class='ocr_carea' id='block_1_68' title="bbox 1991 2358 3555 2441">
    <p class='ocr_par' dir='ltr' id='par_1_68' title="bbox 1991 2358 3555 2441">
     <span class='ocr_line' id='line_1_68' title="bbox 1991 2358 3555 2441; baseline -0.01 -17"><span class='ocrx_word' id='word_1_523' title='bbox 1991 2370 2250 2441; x_wconf 89' lang='lat' dir='ltr'><strong>populum</strong></span> <span class='ocrx_word' id='word_1_524' title='bbox 2280 2384 2464 2423; x_wconf 88' lang='lat' dir='ltr'><strong>suum.</strong></span> <span class='ocrx_word' id='word_1_525' title='bbox 2504 2365 2766 2421; x_wconf 90' lang='lat' dir='ltr'><strong>Dominus</strong></span> <span class='ocrx_word' id='word_1_526' title='bbox 2817 2365 2882 2417; x_wconf 87' lang='lat' dir='ltr'><strong>ad</strong></span> <span class='ocrx_word' id='word_1_527' title='bbox 2928 2361 3195 2433; x_wconf 84' lang='lat' dir='ltr'><strong>judicium</strong></span> <span class='ocrx_word' id='word_1_528' title='bbox 3224 2358 3403 2413; x_wconf 81' lang='lat' dir='ltr'><strong>veniet</strong></span> <span class='ocrx_word' id='word_1_529' title='bbox 3430 2371 3555 2410; x_wconf 87' lang='lat' dir='ltr'><strong>cum</strong></span> 
     </span>
    </p>
   </div>
   <div class='ocr_carea' id='block_1_69' title="bbox 1990 2447 3555 2532">
    <p class='ocr_par' dir='ltr' id='par_1_69' title="bbox 1990 2447 3555 2532">
     <span class='ocr_line' id='line_1_69' title="bbox 1990 2447 3555 2532; baseline -0.013 -13"><span class='ocrx_word' id='word_1_530' title='bbox 1990 2463 2214 2520; x_wconf 83' lang='lat' dir='ltr'><strong>senibus</strong></span> <span class='ocrx_word' id='word_1_531' title='bbox 2244 2460 2450 2532; x_wconf 88' lang='lat' dir='ltr'><strong>p0puli,</strong></span> <span class='ocrx_word' id='word_1_532' title='bbox 2481 2469 2536 2513; x_wconf 90' lang='lat' dir='ltr'><strong>et</strong></span> <span class='ocrx_word' id='word_1_533' title='bbox 2569 2456 2906 2528; x_wconf 86' lang='lat' dir='ltr'><strong>principibus</strong></span> <span class='ocrx_word' id='word_1_534' title='bbox 2949 2452 3067 2522; x_wconf 85' lang='lat' dir='ltr'><strong>ejus</strong></span> <span class='ocrx_word' id='word_1_535' title='bbox 3093 2451 3131 2504; x_wconf 92' lang='grc'><strong>¹.</strong></span> <span class='ocrx_word' id='word_1_536' title='bbox 3176 2469 3195 2501; x_wconf 72' lang='grc' dir='ltr'><strong>ι</strong></span> <span class='ocrx_word' id='word_1_537' title='bbox 3225 2448 3343 2503; x_wconf 84' lang='lat' dir='ltr'><strong>Non</strong></span> <span class='ocrx_word' id='word_1_538' title='bbox 3366 2447 3555 2501; x_wconf 90' lang='lat' dir='ltr'><strong>viden-</strong></span> 
     </span>
    </p>
   </div>
   <div class='ocr_carea' id='block_1_70' title="bbox 1990 2537 3557 2611">
    <p class='ocr_par' dir='ltr' id='par_1_70' title="bbox 1990 2537 3557 2611">
     <span class='ocr_line' id='line_1_70' title="bbox 1990 2537 3557 2611; baseline -0.011 -3"><span class='ocrx_word' id='word_1_539' title='bbox 1990 2565 2079 2611; x_wconf 88' lang='lat' dir='ltr'><strong>tur</strong></span> <span class='ocrx_word' id='word_1_540' title='bbox 2106 2556 2172 2611; x_wconf 92' lang='lat' dir='ltr'><strong>de</strong></span> <span class='ocrx_word' id='word_1_541' title='bbox 2191 2553 2432 2609; x_wconf 88' lang='lat' dir='ltr'><strong>omnium</strong></span> <span class='ocrx_word' id='word_1_542' title='bbox 2462 2551 2573 2605; x_wconf 90' lang='lat' dir='ltr'><strong>Deo</strong></span> <span class='ocrx_word' id='word_1_543' title='bbox 2601 2549 2713 2604; x_wconf 61' lang='lat' dir='ltr'><strong>haec</strong></span> <span class='ocrx_word' id='word_1_544' title='bbox 2747 2545 2962 2609; x_wconf 82' lang='lat' dir='ltr'><strong>referri,</strong></span> <span class='ocrx_word' id='word_1_545' title='bbox 2997 2562 3014 2594; x_wconf 80' lang='grc' dir='ltr'><strong>ι</strong></span> <span class='ocrx_word' id='word_1_546' title='bbox 3054 2541 3207 2598; x_wconf 89' lang='lat' dir='ltr'><strong>Nunc</strong></span> <span class='ocrx_word' id='word_1_547' title='bbox 3234 2547 3341 2596; x_wconf 85' lang='lat' dir='ltr'><strong>stat</strong></span> <span class='ocrx_word' id='word_1_548' title='bbox 3373 2538 3441 2593; x_wconf 91' lang='lat' dir='ltr'><strong>ad</strong></span> <span class='ocrx_word' id='word_1_549' title='bbox 3466 2537 3557 2608; x_wconf 84' lang='lat' dir='ltr'><strong>ju-</strong></span> 
     </span>
    </p>
   </div>
   <div class='ocr_carea' id='block_1_71' title="bbox 1991 2630 3553 2710">
    <p class='ocr_par' dir='ltr' id='par_1_71' title="bbox 1991 2630 3553 2710">
     <span class='ocr_line' id='line_1_71' title="bbox 1991 2630 3553 2710; baseline -0.012 -7"><span class='ocrx_word' id='word_1_550' title='bbox 1991 2647 2285 2703; x_wconf 89' lang='lat' dir='ltr'><strong>dicandum</strong></span> <span class='ocrx_word' id='word_1_551' title='bbox 2321 2643 2606 2705; x_wconf 82' lang='lat' dir='ltr'><strong>Dominus,</strong></span> <span class='ocrx_word' id='word_1_552' title='bbox 2644 2661 2663 2693; x_wconf 74' lang='grc' dir='ltr'><strong>ι</strong></span> <span class='ocrx_word' id='word_1_553' title='bbox 2688 2649 2742 2695; x_wconf 87' lang='lat' dir='ltr'><strong>et</strong></span> <span class='ocrx_word' id='word_1_554' title='bbox 2775 2638 3098 2710; x_wconf 71' lang='lat' dir='ltr'><strong>prmserlim,</strong></span> <span class='ocrx_word' id='word_1_555' title='bbox 3138 2655 3156 2687; x_wconf 81' lang='grc' dir='ltr'><strong>ι</strong></span> <span class='ocrx_word' id='word_1_556' title='bbox 3193 2633 3456 2688; x_wconf 88' lang='lat' dir='ltr'><strong>Dominus</strong></span> <span class='ocrx_word' id='word_1_557' title='bbox 3488 2630 3553 2684; x_wconf 91' lang='lat' dir='ltr'><strong>ad</strong></span> 
     </span>
    </p>
   </div>
   <div class='ocr_carea' id='block_1_72' title="bbox 1988 2724 3555 2809">
    <p class='ocr_par' dir='ltr' id='par_1_72' title="bbox 1988 2724 3555 2809">
     <span class='ocr_line' id='line_1_72' title="bbox 1988 2724 3555 2809; baseline -0.01 -17"><span class='ocrx_word' id='word_1_558' title='bbox 1988 2739 2259 2809; x_wconf 89' lang='lat' dir='ltr'><strong>judicium</strong></span> <span class='ocrx_word' id='word_1_559' title='bbox 2287 2737 2467 2792; x_wconf 82' lang='lat' dir='ltr'><strong>veniet</strong></span> <span class='ocrx_word' id='word_1_560' title='bbox 2499 2750 2620 2789; x_wconf 90' lang='lat' dir='ltr'><strong>cum</strong></span> <span class='ocrx_word' id='word_1_561' title='bbox 2653 2734 2878 2789; x_wconf 89' lang='lat' dir='ltr'><strong>senibus</strong></span> <span class='ocrx_word' id='word_1_562' title='bbox 2908 2729 3112 2802; x_wconf 87' lang='lat' dir='ltr'><strong>populi,</strong></span> <span class='ocrx_word' id='word_1_563' title='bbox 3137 2735 3189 2782; x_wconf 89' lang='lat' dir='ltr'><strong>et</strong></span> <span class='ocrx_word' id='word_1_564' title='bbox 3217 2724 3555 2798; x_wconf 79' lang='lat' dir='ltr'><strong>principibus</strong></span> 
     </span>
    </p>
   </div>
   <div class='ocr_carea' id='block_1_73' title="bbox 1992 2820 3555 2903">
    <p class='ocr_par' dir='ltr' id='par_1_73' title="bbox 1992 2820 3555 2903">
     <span class='ocr_line' id='line_1_73' title="bbox 1992 2820 3555 2903; baseline -0.012 -14"><span class='ocrx_word' id='word_1_565' title='bbox 1992 2834 2132 2903; x_wconf 91' lang='lat' dir='ltr'><strong>ejus.</strong></span> <span class='ocrx_word' id='word_1_566' title='bbox 2182 2853 2201 2886; x_wconf 73' lang='grc' dir='ltr'><strong>ι</strong></span> <span class='ocrx_word' id='word_1_567' title='bbox 2232 2832 2422 2887; x_wconf 81' lang='lat' dir='ltr'><strong>Melius</strong></span> <span class='ocrx_word' id='word_1_568' title='bbox 2444 2830 2511 2885; x_wconf 90' lang='lat' dir='ltr'><strong>ad</strong></span> <span class='ocrx_word' id='word_1_569' title='bbox 2538 2828 2630 2884; x_wconf 90' lang='lat' dir='ltr'><strong>Dei</strong></span> <span class='ocrx_word' id='word_1_570' title='bbox 2655 2827 2916 2891; x_wconf 79' lang='lat' dir='ltr'><strong>Verbum,</strong></span> <span class='ocrx_word' id='word_1_571' title='bbox 2949 2826 3242 2896; x_wconf 88' lang='lat' dir='ltr'><strong>ipsumque</strong></span> <span class='ocrx_word' id='word_1_572' title='bbox 3268 2820 3555 2875; x_wconf 89' lang='lat' dir='ltr'><strong>Dominum</strong></span> 
     </span>
    </p>
   </div>
   <div class='ocr_carea' id='block_1_74' title="bbox 1992 2913 3558 2993">
    <p class='ocr_par' dir='ltr' id='par_1_74' title="bbox 1992 2913 3558 2993">
     <span class='ocr_line' id='line_1_74' title="bbox 1992 2913 3558 2993; baseline -0.013 -12"><span class='ocrx_word' id='word_1_573' title='bbox 1992 2933 2268 2988; x_wconf 85' lang='lat' dir='ltr'><strong>vocatum,</strong></span> <span class='ocrx_word' id='word_1_574' title='bbox 2308 2924 2423 2980; x_wconf 68' lang='lat' dir='ltr'><strong>haec</strong></span> <span class='ocrx_word' id='word_1_575' title='bbox 2456 2929 2667 2993; x_wconf 86' lang='lat' dir='ltr'><strong>spectat</strong></span> <span class='ocrx_word' id='word_1_576' title='bbox 2708 2918 3010 2991; x_wconf 84' lang='lat' dir='ltr'><strong>prophetia.</strong></span> <span class='ocrx_word' id='word_1_577' title='bbox 3048 2915 3259 2969; x_wconf 85' lang='lat' dir='ltr'><strong>Etenim</strong></span> <span class='ocrx_word' id='word_1_578' title='bbox 3310 2913 3426 2983; x_wconf 90' lang='lat' dir='ltr'><strong>ipse</strong></span> <span class='ocrx_word' id='word_1_579' title='bbox 3469 2924 3558 2962; x_wconf 88' lang='lat' dir='ltr'><strong>an-</strong></span> 
     </span>
    </p>
   </div>
   <div class='ocr_carea' id='block_1_75' title="bbox 1993 3005 3557 3085">
    <p class='ocr_par' dir='ltr' id='par_1_75' title="bbox 1993 3005 3557 3085">
     <span class='ocr_line' id='line_1_75' title="bbox 1993 3005 3557 3085; baseline -0.012 -12"><span class='ocrx_word' id='word_1_580' title='bbox 1993 3018 2275 3073; x_wconf 85' lang='lat' dir='ltr'><strong>nuntiatus</strong></span> <span class='ocrx_word' id='word_1_581' title='bbox 2307 3016 2562 3071; x_wconf 89' lang='lat' dir='ltr'><strong>omnibus</strong></span> <span class='ocrx_word' id='word_1_582' title='bbox 2584 3030 2703 3085; x_wconf 70' lang='lat' dir='ltr'><strong>quae</strong></span> <span class='ocrx_word' id='word_1_583' title='bbox 2739 3013 2843 3067; x_wconf 91' lang='lat' dir='ltr'><strong>sub</strong></span> <span class='ocrx_word' id='word_1_584' title='bbox 2883 3011 3037 3066; x_wconf 76' lang='lat' dir='ltr'><strong>cmlis</strong></span> <span class='ocrx_word' id='word_1_585' title='bbox 3068 3014 3196 3064; x_wconf 90' lang='lat' dir='ltr'><strong>sunt</strong></span> <span class='ocrx_word' id='word_1_586' title='bbox 3232 3005 3400 3075; x_wconf 82' lang='lat' dir='ltr'><strong>judex</strong></span> <span class='ocrx_word' id='word_1_587' title='bbox 3437 3017 3557 3056; x_wconf 90' lang='lat' dir='ltr'><strong>om-</strong></span> 
     </span>
    </p>
   </div>
   <div class='ocr_carea' id='block_1_76' title="bbox 1994 3095 3555 3171">
    <p class='ocr_par' dir='ltr' id='par_1_76' title="bbox 1994 3095 3555 3171">
     <span class='ocr_line' id='line_1_76' title="bbox 1994 3095 3555 3171; baseline -0.012 -6"><span class='ocrx_word' id='word_1_588' title='bbox 1994 3111 2145 3165; x_wconf 83' lang='lat' dir='ltr'><strong>nium</strong></span> <span class='ocrx_word' id='word_1_589' title='bbox 2182 3109 2274 3164; x_wconf 93' lang='lat' dir='ltr'><strong>Dei</strong></span> <span class='ocrx_word' id='word_1_590' title='bbox 2314 3106 2550 3163; x_wconf 76' lang='lat' dir='ltr'><strong>Verbum</strong></span> <span class='ocrx_word' id='word_1_591' title='bbox 2600 3106 2982 3165; x_wconf 77' lang='lat' dir='ltr'><strong>constituetur,</strong></span> <span class='ocrx_word' id='word_1_592' title='bbox 3014 3115 3189 3171; x_wconf 87' lang='lat' dir='ltr'><strong>neque</strong></span> <span class='ocrx_word' id='word_1_593' title='bbox 3224 3099 3318 3152; x_wconf 86' lang='lat' dir='ltr'><strong>ulli</strong></span> <span class='ocrx_word' id='word_1_594' title='bbox 3362 3095 3555 3166; x_wconf 87' lang='lat' dir='ltr'><strong>impio-</strong></span> 
     </span>
    </p>
   </div>
   <div class='ocr_carea' id='block_1_77' title="bbox 1996 3186 3559 3266">
    <p class='ocr_par' dir='ltr' id='par_1_77' title="bbox 1996 3186 3559 3266">
     <span class='ocr_line' id='line_1_77' title="bbox 1996 3186 3559 3266; baseline -0.011 -8"><span class='ocrx_word' id='word_1_595' title='bbox 1996 3220 2117 3258; x_wconf 85' lang='lat' dir='ltr'><strong>rum</strong></span> <span class='ocrx_word' id='word_1_596' title='bbox 2179 3202 2551 3258; x_wconf 83' lang='lat' dir='ltr'><strong>excusationis</strong></span> <span class='ocrx_word' id='word_1_597' title='bbox 2617 3201 2795 3255; x_wconf 90' lang='lat' dir='ltr'><strong>locum</strong></span> <span class='ocrx_word' id='word_1_598' title='bbox 2844 3197 3032 3262; x_wconf 85' lang='lat' dir='ltr'><strong>dabit,</strong></span> <span class='ocrx_word' id='word_1_599' title='bbox 3062 3194 3261 3266; x_wconf 87' lang='lat' dir='ltr'><strong>quippe</strong></span> <span class='ocrx_word' id='word_1_600' title='bbox 3311 3204 3435 3244; x_wconf 89' lang='lat' dir='ltr'><strong>cum</strong></span> <span class='ocrx_word' id='word_1_601' title='bbox 3490 3186 3559 3241; x_wconf 87' lang='lat' dir='ltr'><strong>ad</strong></span> 
     </span>
    </p>
   </div>
   <div class='ocr_carea' id='block_1_78' title="bbox 1998 3279 3555 3361">
    <p class='ocr_par' dir='ltr' id='par_1_78' title="bbox 1998 3279 3555 3361">
     <span class='ocr_line' id='line_1_78' title="bbox 1998 3279 3555 3361; baseline -0.011 -15"><span class='ocrx_word' id='word_1_602' title='bbox 1998 3292 2430 3361; x_wconf 79' lang='lat' dir='ltr'><strong>uniuscujusque</strong></span> <span class='ocrx_word' id='word_1_603' title='bbox 2479 3290 2724 3344; x_wconf 89' lang='lat' dir='ltr'><strong>auditum</strong></span> <span class='ocrx_word' id='word_1_604' title='bbox 2770 3284 3078 3358; x_wconf 84' lang='lat' dir='ltr'><strong>pervenerit</strong></span> <span class='ocrx_word' id='word_1_605' title='bbox 3120 3284 3240 3354; x_wconf 90' lang='lat' dir='ltr'><strong>ejus</strong></span> <span class='ocrx_word' id='word_1_606' title='bbox 3286 3279 3555 3336; x_wconf 89' lang='lat' dir='ltr'><strong>doctrina.</strong></span> 
     </span>
    </p>
   </div>
   <div class='ocr_carea' id='block_1_79' title="bbox 2002 3370 3559 3451">
    <p class='ocr_par' dir='ltr' id='par_1_79' title="bbox 2002 3370 3559 3451">
     <span class='ocr_line' id='line_1_79' title="bbox 2002 3370 3559 3451; baseline -0.011 -11"><span class='ocrx_word' id='word_1_607' title='bbox 2002 3385 2188 3440; x_wconf 74' lang='lat' dir='ltr'><strong>Veniet</strong></span> <span class='ocrx_word' id='word_1_608' title='bbox 2231 3383 2297 3437; x_wconf 90' lang='lat' dir='ltr'><strong>ad</strong></span> <span class='ocrx_word' id='word_1_609' title='bbox 2331 3382 2598 3451; x_wconf 86' lang='lat' dir='ltr'><strong>judicium</strong></span> <span class='ocrx_word' id='word_1_610' title='bbox 2651 3379 2810 3435; x_wconf 82' lang='lat' dir='ltr'><strong>Jesus</strong></span> <span class='ocrx_word' id='word_1_611' title='bbox 2851 3378 3103 3433; x_wconf 81' lang='lat' dir='ltr'><strong>Christus</strong></span> <span class='ocrx_word' id='word_1_612' title='bbox 3152 3390 3277 3430; x_wconf 83' lang='lat' dir='ltr'><strong>cum</strong></span> <span class='ocrx_word' id='word_1_613' title='bbox 3333 3370 3559 3428; x_wconf 78' lang='lat' dir='ltr'><strong>senibus</strong></span> 
     </span>
    </p>
   </div>
   <div class='ocr_carea' id='block_1_80' title="bbox 1998 3460 3552 3547">
    <p class='ocr_par' dir='ltr' id='par_1_80' title="bbox 1998 3460 3552 3547">
     <span class='ocr_line' id='line_1_80' title="bbox 1998 3460 3552 3547; baseline -0.013 -15"><span class='ocrx_word' id='word_1_614' title='bbox 1998 3476 2296 3547; x_wconf 66' lang='lat' dir='ltr'><strong>praesertim</strong></span> <span class='ocrx_word' id='word_1_615' title='bbox 2327 3473 2510 3544; x_wconf 91' lang='lat' dir='ltr'><strong>populi</strong></span> <span class='ocrx_word' id='word_1_616' title='bbox 2536 3480 2591 3528; x_wconf 92' lang='lat' dir='ltr'><strong>et</strong></span> <span class='ocrx_word' id='word_1_617' title='bbox 2614 3487 2738 3525; x_wconf 90' lang='lat' dir='ltr'><strong>cum</strong></span> <span class='ocrx_word' id='word_1_618' title='bbox 2767 3469 3101 3541; x_wconf 89' lang='lat' dir='ltr'><strong>principibus</strong></span> <span class='ocrx_word' id='word_1_619' title='bbox 3128 3467 3269 3534; x_wconf 77' lang='lat' dir='ltr'><strong>ejus,</strong></span> <span class='ocrx_word' id='word_1_620' title='bbox 3295 3460 3552 3532; x_wconf 73' lang='lat' dir='ltr'><strong>quoniam</strong></span> 
     </span>
    </p>
   </div>
   <div class='ocr_carea' id='block_1_81' title="bbox 1998 3549 3558 3630">
    <p class='ocr_par' dir='ltr' id='par_1_81' title="bbox 1998 3549 3558 3630">
     <span class='ocr_line' id='line_1_81' title="bbox 1998 3549 3558 3630; baseline -0.01 -10"><span class='ocrx_word' id='word_1_621' title='bbox 1998 3566 2075 3620; x_wconf 90' lang='lat' dir='ltr'><strong>illi</strong></span> <span class='ocrx_word' id='word_1_622' title='bbox 2120 3565 2384 3620; x_wconf 86' lang='lat' dir='ltr'><strong>adversus</strong></span> <span class='ocrx_word' id='word_1_623' title='bbox 2410 3577 2533 3619; x_wconf 89' lang='lat' dir='ltr'><strong>eum</strong></span> <span class='ocrx_word' id='word_1_624' title='bbox 2563 3559 2877 3630; x_wconf 80' lang='lat' dir='ltr'><strong>congregati</strong></span> <span class='ocrx_word' id='word_1_625' title='bbox 2921 3566 3067 3621; x_wconf 88' lang='lat' dir='ltr'><strong>sunt,</strong></span> <span class='ocrx_word' id='word_1_626' title='bbox 3116 3556 3276 3624; x_wconf 87' lang='lat' dir='ltr'><strong>eique</strong></span> <span class='ocrx_word' id='word_1_627' title='bbox 3327 3549 3558 3606; x_wconf 88' lang='lat' dir='ltr'><strong>insidias</strong></span> 
     </span>
    </p>
   </div>
   <div class='ocr_carea' id='block_1_82' title="bbox 1999 3640 3559 3721">
    <p class='ocr_par' dir='ltr' id='par_1_82' title="bbox 1999 3640 3559 3721">
     <span class='ocr_line' id='line_1_82' title="bbox 1999 3640 3559 3721; baseline -0.013 -6"><span class='ocrx_word' id='word_1_628' title='bbox 1999 3665 2338 3715; x_wconf 80' lang='lat' dir='ltr'><strong>struxerunt.</strong></span> <span class='ocrx_word' id='word_1_629' title='bbox 2386 3655 2490 3721; x_wconf 87' lang='lat' dir='ltr'><strong>Qui</strong></span> <span class='ocrx_word' id='word_1_630' title='bbox 2523 3661 2578 3710; x_wconf 90' lang='lat' dir='ltr'><strong>et</strong></span> <span class='ocrx_word' id='word_1_631' title='bbox 2629 3654 2845 3708; x_wconf 88' lang='lat' dir='ltr'><strong>beatum</strong></span> <span class='ocrx_word' id='word_1_632' title='bbox 2896 3648 3140 3705; x_wconf 88' lang='lat' dir='ltr'><strong>dicentes</strong></span> <span class='ocrx_word' id='word_1_633' title='bbox 3180 3644 3439 3717; x_wconf 88' lang='lat' dir='ltr'><strong>populum</strong></span> <span class='ocrx_word' id='word_1_634' title='bbox 3468 3640 3559 3698; x_wconf 90' lang='lat' dir='ltr'><strong>cui</strong></span> 
     </span>
    </p>
   </div>
   <div class='ocr_carea' id='block_1_83' title="bbox 1998 3738 3558 3824">
    <p class='ocr_par' dir='ltr' id='par_1_83' title="bbox 1998 3738 3558 3824">
     <span class='ocr_line' id='line_1_83' title="bbox 1998 3738 3558 3824; baseline -0.012 -14"><span class='ocrx_word' id='word_1_635' title='bbox 1998 3761 2290 3824; x_wconf 83' lang='lat' dir='ltr'><strong>praeerant,</strong></span> <span class='ocrx_word' id='word_1_636' title='bbox 2334 3766 2457 3806; x_wconf 80' lang='lat' dir='ltr'><strong>eum</strong></span> <span class='ocrx_word' id='word_1_637' title='bbox 2509 3747 2880 3819; x_wconf 88' lang='lat' dir='ltr'><strong>decipiebant,</strong></span> <span class='ocrx_word' id='word_1_638' title='bbox 2916 3744 3116 3798; x_wconf 89' lang='lat' dir='ltr'><strong>malum</strong></span> <span class='ocrx_word' id='word_1_639' title='bbox 3158 3755 3259 3813; x_wconf 87' lang='lat' dir='ltr'><strong>pro</strong></span> <span class='ocrx_word' id='word_1_640' title='bbox 3304 3740 3449 3794; x_wconf 91' lang='lat' dir='ltr'><strong>bono</strong></span> <span class='ocrx_word' id='word_1_641' title='bbox 3474 3738 3558 3793; x_wconf 91' lang='lat' dir='ltr'><strong>di-</strong></span> 
     </span>
    </p>
   </div>
   <div class='ocr_carea' id='block_1_84' title="bbox 1999 3833 3560 3913">
    <p class='ocr_par' dir='ltr' id='par_1_84' title="bbox 1999 3833 3560 3913">
     <span class='ocr_line' id='line_1_84' title="bbox 1999 3833 3560 3913; baseline -0.011 -13"><span class='ocrx_word' id='word_1_642' title='bbox 1999 3854 2221 3909; x_wconf 80' lang='lat' dir='ltr'><strong>centes,</strong></span> <span class='ocrx_word' id='word_1_643' title='bbox 2273 3843 2615 3913; x_wconf 86' lang='lat' dir='ltr'><strong>optimosque</strong></span> <span class='ocrx_word' id='word_1_644' title='bbox 2688 3836 2988 3893; x_wconf 76' lang='lat' dir='ltr'><strong>Salvatoris</strong></span> <span class='ocrx_word' id='word_1_645' title='bbox 3044 3833 3219 3889; x_wconf 89' lang='lat' dir='ltr'><strong>nostri</strong></span> <span class='ocrx_word' id='word_1_646' title='bbox 3281 3844 3560 3888; x_wconf 80' lang='lat' dir='ltr'><strong>sermones</strong></span> 
     </span>
    </p>
   </div>
   <div class='ocr_carea' id='block_1_85' title="bbox 1999 3930 2775 4006">
    <p class='ocr_par' dir='ltr' id='par_1_85' title="bbox 1999 3930 2775 4006">
     <span class='ocr_line' id='line_1_85' title="bbox 1999 3930 2775 4006; baseline -0.006 -18"><span class='ocrx_word' id='word_1_647' title='bbox 1999 3935 2157 4006; x_wconf 79' lang='lat' dir='ltr'><strong>quasi</strong></span> <span class='ocrx_word' id='word_1_648' title='bbox 2188 3934 2457 4004; x_wconf 82' lang='lat' dir='ltr'><strong>pessimos</strong></span> <span class='ocrx_word' id='word_1_649' title='bbox 2480 3930 2775 3987; x_wconf 88' lang='lat' dir='ltr'><strong>criminati.</strong></span> 
     </span>
    </p>
   </div>
   <div class='ocr_carea' id='block_1_86' title="bbox 2592 4219 2963 4280">
    <p class='ocr_par' dir='ltr' id='par_1_86' title="bbox 2592 4219 2963 4280">
     <span class='ocr_line' id='line_1_86' title="bbox 2592 4219 2963 4280; baseline -0.016 0"><span class='ocrx_word' id='word_1_650' title='bbox 2592 4220 2820 4280; x_wconf 76' lang='lat' dir='ltr'><strong>CAPUT</strong></span> <span class='ocrx_word' id='word_1_651' title='bbox 2875 4219 2963 4275; x_wconf 78' lang='lat' dir='ltr'><strong>IV.</strong></span> 
     </span>
    </p>
   </div>
   <div class='ocr_carea' id='block_1_87' title="bbox 2076 4306 3557 4390">
    <p class='ocr_par' dir='ltr' id='par_1_87' title="bbox 2076 4306 3557 4390">
     <span class='ocr_line' id='line_1_87' title="bbox 2076 4306 3557 4390; baseline -0.011 -14"><span class='ocrx_word' id='word_1_652' title='bbox 2076 4342 2095 4375; x_wconf 77' lang='grc' dir='ltr'><strong>ι</strong></span> <span class='ocrx_word' id='word_1_653' title='bbox 2130 4320 2195 4375; x_wconf 84' lang='lat' dir='ltr'><strong>Et</strong></span> <span class='ocrx_word' id='word_1_654' title='bbox 2227 4318 2426 4390; x_wconf 84' lang='lat' dir='ltr'><strong>adjecit</strong></span> <span class='ocrx_word' id='word_1_655' title='bbox 2475 4315 2738 4370; x_wconf 87' lang='lat' dir='ltr'><strong>Dominus</strong></span> <span class='ocrx_word' id='word_1_656' title='bbox 2788 4313 2933 4382; x_wconf 86' lang='lat' dir='ltr'><strong>loqui</strong></span> <span class='ocrx_word' id='word_1_657' title='bbox 2978 4308 3047 4363; x_wconf 88' lang='lat' dir='ltr'><strong>ad</strong></span> <span class='ocrx_word' id='word_1_658' title='bbox 3076 4307 3274 4371; x_wconf 78' lang='lat' dir='ltr'><strong>Achu,</strong></span> <span class='ocrx_word' id='word_1_659' title='bbox 3315 4306 3504 4362; x_wconf 75' lang='lat' dir='ltr'><strong>dicens</strong></span> <span class='ocrx_word' id='word_1_660' title='bbox 3542 4323 3557 4360; x_wconf 92' lang='lat'>:</span> 
     </span>
    </p>
   </div>
   <div class='ocr_carea' id='block_1_88' title="bbox 2000 4396 3560 4480">
    <p class='ocr_par' dir='ltr' id='par_1_88' title="bbox 2000 4396 3560 4480">
     <span class='ocr_line' id='line_1_88' title="bbox 2000 4396 3560 4480; baseline -0.012 -11"><span class='ocrx_word' id='word_1_661' title='bbox 2000 4414 2127 4469; x_wconf 91' lang='lat' dir='ltr'><strong>Pete</strong></span> <span class='ocrx_word' id='word_1_662' title='bbox 2157 4410 2254 4467; x_wconf 92' lang='lat' dir='ltr'><strong>tibi</strong></span> <span class='ocrx_word' id='word_1_663' title='bbox 2292 4411 2505 4480; x_wconf 78' lang='lat' dir='ltr'><strong>signum</strong></span> <span class='ocrx_word' id='word_1_664' title='bbox 2536 4422 2567 4461; x_wconf 92' lang='lat' dir='ltr'><strong>a</strong></span> <span class='ocrx_word' id='word_1_665' title='bbox 2602 4405 2831 4460; x_wconf 89' lang='lat' dir='ltr'><strong>Domino</strong></span> <span class='ocrx_word' id='word_1_666' title='bbox 2882 4403 2989 4456; x_wconf 90' lang='lat' dir='ltr'><strong>Deo</strong></span> <span class='ocrx_word' id='word_1_667' title='bbox 3013 4410 3108 4456; x_wconf 86' lang='lat' dir='ltr'><strong>tuo</strong></span> <span class='ocrx_word' id='word_1_668' title='bbox 3130 4401 3185 4454; x_wconf 90' lang='lat' dir='ltr'><strong>in</strong></span> <span class='ocrx_word' id='word_1_669' title='bbox 3234 4396 3560 4468; x_wconf 78' lang='lat' dir='ltr'><strong>profundum</strong></span> 
     </span>
    </p>
   </div>
   <div class='ocr_carea' id='block_1_89' title="bbox 2000 4485 3625 4564">
    <p class='ocr_par' dir='ltr' id='par_1_89' title="bbox 2000 4485 3625 4564">
     <span class='ocr_line' id='line_1_89' title="bbox 2000 4485 3625 4564; baseline -0.013 -6"><span class='ocrx_word' id='word_1_670' title='bbox 2000 4501 2222 4564; x_wconf 84' lang='lat' dir='ltr'><strong>inferni,</strong></span> <span class='ocrx_word' id='word_1_671' title='bbox 2257 4500 2372 4555; x_wconf 82' lang='lat' dir='ltr'><strong>sive</strong></span> <span class='ocrx_word' id='word_1_672' title='bbox 2419 4499 2474 4552; x_wconf 91' lang='lat' dir='ltr'><strong>in</strong></span> <span class='ocrx_word' id='word_1_673' title='bbox 2522 4496 2799 4550; x_wconf 81' lang='lat' dir='ltr'><strong>excelsum</strong></span> <span class='ocrx_word' id='word_1_674' title='bbox 2834 4506 3022 4562; x_wconf 85' lang='lat' dir='ltr'><strong>supra.</strong></span> <span class='ocrx_word' id='word_1_675' title='bbox 3066 4488 3133 4543; x_wconf 89' lang='lat' dir='ltr'><strong>Et</strong></span> <span class='ocrx_word' id='word_1_676' title='bbox 3172 4487 3309 4542; x_wconf 82' lang='lat' dir='ltr'><strong>dixit</strong></span> <span class='ocrx_word' id='word_1_677' title='bbox 3340 4485 3557 4540; x_wconf 80' lang='lat' dir='ltr'><strong>Achaz:</strong></span> <span class='ocrx_word' id='word_1_678' title='bbox 3622 4546 3625 4547; x_wconf 20' lang='grc' dir='ltr'><em>ν</em></span> 
     </span>
    </p>
   </div>
   <div class='ocr_carea' id='block_1_90' title="bbox 1999 4578 3557 4663">
    <p class='ocr_par' dir='ltr' id='par_1_90' title="bbox 1999 4578 3557 4663">
     <span class='ocr_line' id='line_1_90' title="bbox 1999 4578 3557 4663; baseline -0.01 -14"><span class='ocrx_word' id='word_1_679' title='bbox 1999 4594 2119 4649; x_wconf 88' lang='lat' dir='ltr'><strong>Non</strong></span> <span class='ocrx_word' id='word_1_680' title='bbox 2165 4600 2367 4663; x_wconf 87' lang='lat' dir='ltr'><strong>petam,</strong></span> <span class='ocrx_word' id='word_1_681' title='bbox 2409 4597 2460 4645; x_wconf 86' lang='lat' dir='ltr'><strong>et</strong></span> <span class='ocrx_word' id='word_1_682' title='bbox 2497 4604 2605 4643; x_wconf 93' lang='lat' dir='ltr'><strong>non</strong></span> <span class='ocrx_word' id='word_1_683' title='bbox 2654 4586 2873 4641; x_wconf 84' lang='lat' dir='ltr'><strong>tentabo</strong></span> <span class='ocrx_word' id='word_1_684' title='bbox 2925 4582 3233 4639; x_wconf 89' lang='lat' dir='ltr'><strong>Dominum.</strong></span> <span class='ocrx_word' id='word_1_685' title='bbox 3274 4579 3337 4634; x_wconf 86' lang='lat' dir='ltr'><strong>Et</strong></span> <span class='ocrx_word' id='word_1_686' title='bbox 3376 4578 3557 4633; x_wconf 80' lang='lat' dir='ltr'><strong>dixit:</strong></span> 
     </span>
    </p>
   </div>
   <div class='ocr_carea' id='block_1_91' title="bbox 328 4669 1890 4760">
    <p class='ocr_par' dir='ltr' id='par_1_91' title="bbox 328 4671 1890 4760">
     <span class='ocr_line' id='line_1_91' title="bbox 328 4671 1890 4760; baseline 0.008 -32"><span class='ocrx_word' id='word_1_687' title='bbox 328 4671 473 4740; x_wconf 74' lang='grc' dir='ltr'>οἶκος</span> <span class='ocrx_word' id='word_1_688' title='bbox 504 4676 684 4731; x_wconf 83' lang='grc' dir='ltr'><strong>Δαυῖδ’</strong></span> <span class='ocrx_word' id='word_1_689' title='bbox 710 4677 800 4747; x_wconf 85' lang='grc' dir='ltr'><strong>Μὴ</strong></span> <span class='ocrx_word' id='word_1_690' title='bbox 832 4678 1023 4749; x_wconf 88' lang='grc' dir='ltr'>μικρὸν</span> <span class='ocrx_word' id='word_1_691' title='bbox 1048 4679 1176 4749; x_wconf 86' lang='grc' dir='ltr'>ύμῖν</span> <span class='ocrx_word' id='word_1_692' title='bbox 1198 4680 1384 4748; x_wconf 83' lang='grc' dir='ltr'>ἀγῶνα</span> <span class='ocrx_word' id='word_1_693' title='bbox 1410 4684 1667 4756; x_wconf 85' lang='grc' dir='ltr'>παρέχειν</span> <span class='ocrx_word' id='word_1_694' title='bbox 1686 4687 1890 4760; x_wconf 81' lang='grc' dir='ltr'>ἀνθρώ-</span> 
     </span>
    </p>
   </div>
   <div class='ocr_carea' id='block_1_92' title="bbox 1998 4669 3562 4760">
    <p class='ocr_par' dir='ltr' id='par_1_92' title="bbox 1999 4669 3562 4752">
     <span class='ocr_line' id='line_1_92' title="bbox 1999 4669 3562 4752; baseline -0.012 -11"><span class='ocrx_word' id='word_1_695' title='bbox 1999 4684 2198 4741; x_wconf 84' lang='lat' dir='ltr'><strong>Audite</strong></span> <span class='ocrx_word' id='word_1_696' title='bbox 2229 4698 2386 4752; x_wconf 79' lang='lat' dir='ltr'><strong>ergo,</strong></span> <span class='ocrx_word' id='word_1_697' title='bbox 2418 4682 2619 4736; x_wconf 88' lang='lat' dir='ltr'><strong>domus</strong></span> <span class='ocrx_word' id='word_1_698' title='bbox 2641 4677 2810 4731; x_wconf 85' lang='lat' dir='ltr'><strong>David</strong></span> <span class='ocrx_word' id='word_1_699' title='bbox 2842 4696 2856 4731; x_wconf 87' lang='lat'>:</span> <span class='ocrx_word' id='word_1_700' title='bbox 2888 4674 3157 4746; x_wconf 85' lang='lat' dir='ltr'><strong>Numquid</strong></span> <span class='ocrx_word' id='word_1_701' title='bbox 3188 4686 3377 4743; x_wconf 88' lang='lat' dir='ltr'><strong>parum</strong></span> <span class='ocrx_word' id='word_1_702' title='bbox 3409 4669 3562 4725; x_wconf 85' lang='lat' dir='ltr'><strong>vobis</strong></span> 
     </span>
    </p>
   </div>
   <div class='ocr_carea' id='block_1_93' title="bbox 330 4766 1897 4841">
    <p class='ocr_par' dir='ltr' id='par_1_93' title="bbox 330 4766 1897 4841">
     <span class='ocr_line' id='line_1_93' title="bbox 330 4766 1897 4841; baseline 0.01 -24"><span class='ocrx_word' id='word_1_703' title='bbox 330 4782 471 4830; x_wconf 84' lang='grc' dir='ltr'>ποις,</span> <span class='ocrx_word' id='word_1_704' title='bbox 498 4767 591 4818; x_wconf 81' lang='grc' dir='ltr'>καὶ</span> <span class='ocrx_word' id='word_1_705' title='bbox 641 4766 756 4830; x_wconf 91' lang='grc' dir='ltr'><strong>πῶς</strong></span> <span class='ocrx_word' id='word_1_706' title='bbox 801 4768 988 4838; x_wconf 83' lang='grc' dir='ltr'>Κυρίῳ</span> <span class='ocrx_word' id='word_1_707' title='bbox 1020 4769 1287 4840; x_wconf 81' lang='grc' dir='ltr'>παρέχετε</span> <span class='ocrx_word' id='word_1_708' title='bbox 1323 4773 1542 4841; x_wconf 84' lang='grc' dir='ltr'>ἀγῶνα;</span> <span class='ocrx_word' id='word_1_709' title='bbox 1594 4777 1693 4831; x_wconf 72' lang='grc' dir='ltr'>Διά</span> <span class='ocrx_word' id='word_1_710' title='bbox 1739 4778 1897 4833; x_wconf 87' lang='grc' dir='ltr'>τοῦτο</span> 
     </span>
    </p>
   </div>
   <div class='ocr_carea' id='block_1_94' title="bbox 328 4856 1896 4940">
    <p class='ocr_par' dir='ltr' id='par_1_94' title="bbox 328 4856 1896 4940">
     <span class='ocr_line' id='line_1_94' title="bbox 328 4856 1896 4940; baseline 0.01 -33"><span class='ocrx_word' id='word_1_711' title='bbox 328 4856 485 4909; x_wconf 80' lang='grc' dir='ltr'>δώσει</span> <span class='ocrx_word' id='word_1_712' title='bbox 513 4856 714 4928; x_wconf 83' lang='grc' dir='ltr'>Κύριος</span> <span class='ocrx_word' id='word_1_713' title='bbox 743 4858 900 4922; x_wconf 79' lang='grc' dir='ltr'>αὐτὸς</span> <span class='ocrx_word' id='word_1_714' title='bbox 927 4860 1054 4929; x_wconf 80' lang='grc' dir='ltr'>ὑμῖν</span> <span class='ocrx_word' id='word_1_715' title='bbox 1089 4865 1309 4931; x_wconf 86' lang='grc' dir='ltr'>σημεῖον</span> <span class='ocrx_word' id='word_1_716' title='bbox 1328 4880 1341 4894; x_wconf 73' lang='grc' dir='ltr'><strong><em>ο</em></strong></span> <span class='ocrx_word' id='word_1_717' title='bbox 1385 4863 1535 4929; x_wconf 79' lang='grc' dir='ltr'>Ἰδοὺ,</span> <span class='ocrx_word' id='word_1_718' title='bbox 1562 4869 1595 4938; x_wconf 81' lang='grc' dir='ltr'>ἡ</span> <span class='ocrx_word' id='word_1_719' title='bbox 1628 4869 1896 4940; x_wconf 81' lang='grc' dir='ltr'>παρθένος</span> 
     </span>
    </p>
   </div>
   <div class='ocr_carea' id='block_1_95' title="bbox 330 4948 1896 5024">
    <p class='ocr_par' dir='ltr' id='par_1_95' title="bbox 330 4948 1896 5024">
     <span class='ocr_line' id='line_1_95' title="bbox 330 4948 1896 5024; baseline 0.011 -27"><span class='ocrx_word' id='word_1_720' title='bbox 330 4948 387 4999; x_wconf 81' lang='grc' dir='ltr'>ὲν</span> <span class='ocrx_word' id='word_1_721' title='bbox 414 4949 611 5018; x_wconf 75' lang='grc' dir='ltr'>γαστρὶ</span> <span class='ocrx_word' id='word_1_722' title='bbox 643 4948 892 5018; x_wconf 70' lang='grc' dir='ltr'>λήψεται,</span> <span class='ocrx_word' id='word_1_723' title='bbox 918 4950 1013 5003; x_wconf 70' lang='grc' dir='ltr'>καὶ</span> <span class='ocrx_word' id='word_1_724' title='bbox 1036 4950 1249 5015; x_wconf 79' lang='grc' dir='ltr'>τέξεται</span> <span class='ocrx_word' id='word_1_725' title='bbox 1284 4954 1396 5007; x_wconf 78' lang='grc' dir='ltr'>υἱόν</span> <span class='ocrx_word' id='word_1_726' title='bbox 1415 4974 1428 4987; x_wconf 91' lang='grc'><strong>·</strong></span> <span class='ocrx_word' id='word_1_727' title='bbox 1448 4956 1541 5011; x_wconf 77' lang='grc' dir='ltr'>καὶ</span> <span class='ocrx_word' id='word_1_728' title='bbox 1567 4958 1814 5024; x_wconf 82' lang='grc' dir='ltr'>καλέσεις</span> <span class='ocrx_word' id='word_1_729' title='bbox 1836 4962 1896 5015; x_wconf 84' lang='grc' dir='ltr'>τὸ</span> 
     </span>
    </p>
   </div>
   <div class='ocr_carea' id='block_1_96' title="bbox 329 5035 1894 5121">
    <p class='ocr_par' dir='ltr' id='par_1_96' title="bbox 329 5035 1894 5121">
     <span class='ocr_line' id='line_1_96' title="bbox 329 5035 1894 5121; baseline 0.012 -32"><span class='ocrx_word' id='word_1_730' title='bbox 329 5035 496 5108; x_wconf 77' lang='grc' dir='ltr'>ὄνομα</span> <span class='ocrx_word' id='word_1_731' title='bbox 544 5038 706 5092; x_wconf 80' lang='grc' dir='ltr'>αὐτοῦ</span> <span class='ocrx_word' id='word_1_732' title='bbox 742 5040 1119 5113; x_wconf 83' lang='grc' dir='ltr'>Ἐμμανουήλ⁶</span> <span class='ocrx_word' id='word_1_733' title='bbox 1164 5042 1420 5115; x_wconf 85' lang='grc' dir='ltr'>βούτυρον</span> <span class='ocrx_word' id='word_1_734' title='bbox 1447 5047 1541 5102; x_wconf 73' lang='grc' dir='ltr'><strong>καὶ</strong></span> <span class='ocrx_word' id='word_1_735' title='bbox 1573 5049 1693 5120; x_wconf 87' lang='grc' dir='ltr'>μέλι</span> <span class='ocrx_word' id='word_1_736' title='bbox 1723 5052 1894 5121; x_wconf 78' lang='grc' dir='ltr'>φάγε-</span> 
     </span>
    </p>
   </div>
   <div class='ocr_carea' id='block_1_97' title="bbox 330 5130 1896 5213">
    <p class='ocr_par' dir='ltr' id='par_1_97' title="bbox 330 5130 1896 5213">
     <span class='ocr_line' id='line_1_97' title="bbox 330 5130 1896 5213; baseline 0.013 -34"><span class='ocrx_word' id='word_1_737' title='bbox 330 5144 434 5191; x_wconf 89' lang='grc' dir='ltr'>ται,</span> <span class='ocrx_word' id='word_1_738' title='bbox 459 5130 586 5200; x_wconf 79' lang='grc' dir='ltr'>πρὶν</span> <span class='ocrx_word' id='word_1_739' title='bbox 610 5131 643 5200; x_wconf 77' lang='grc' dir='ltr'>ἢ</span> <span class='ocrx_word' id='word_1_740' title='bbox 671 5130 868 5199; x_wconf 88' lang='grc' dir='ltr'>γνῶναι</span> <span class='ocrx_word' id='word_1_741' title='bbox 894 5132 1054 5185; x_wconf 74' lang='grc' dir='ltr'>αὐτὸν</span> <span class='ocrx_word' id='word_1_742' title='bbox 1088 5132 1120 5204; x_wconf 82' lang='grc' dir='ltr'>ἢ</span> <span class='ocrx_word' id='word_1_743' title='bbox 1148 5136 1463 5206; x_wconf 85' lang='grc' dir='ltr'>προελέσθαι</span> <span class='ocrx_word' id='word_1_744' title='bbox 1493 5142 1722 5213; x_wconf 78' lang='grc' dir='ltr'>πονηρὰ,</span> <span class='ocrx_word' id='word_1_745' title='bbox 1745 5145 1896 5199; x_wconf 77' lang='grc' dir='ltr'>ἐκλέ-</span> 
     </span>
    </p>
   </div>
   <div class='ocr_carea' id='block_1_98' title="bbox 331 5215 1899 5306">
    <p class='ocr_par' dir='ltr' id='par_1_98' title="bbox 331 5215 1899 5306">
     <span class='ocr_line' id='line_1_98' title="bbox 331 5215 1899 5306; baseline 0.015 -38"><span class='ocrx_word' id='word_1_746' title='bbox 331 5215 476 5306; x_wconf 68' lang='grc' dir='ltr'>ξεται</span> <span class='ocrx_word' id='word_1_747' title='bbox 505 5218 567 5271; x_wconf 82' lang='grc' dir='ltr'>τὸ</span> <span class='ocrx_word' id='word_1_748' title='bbox 589 5219 816 5287; x_wconf 75' lang='grc' dir='ltr'>ἀγαθόν’</span> <span class='ocrx_word' id='word_1_749' title='bbox 842 5221 994 5302; x_wconf 78' lang='grc' dir='ltr'>διότι,</span> <span class='ocrx_word' id='word_1_750' title='bbox 1019 5226 1147 5296; x_wconf 80' lang='grc' dir='ltr'>πρὶν</span> <span class='ocrx_word' id='word_1_751' title='bbox 1166 5226 1198 5297; x_wconf 80' lang='grc' dir='ltr'><strong>ἢ</strong></span> <span class='ocrx_word' id='word_1_752' title='bbox 1218 5227 1419 5295; x_wconf 88' lang='grc' dir='ltr'>γνῶναι</span> <span class='ocrx_word' id='word_1_753' title='bbox 1447 5230 1508 5282; x_wconf 85' lang='grc' dir='ltr'>τὸ</span> <span class='ocrx_word' id='word_1_754' title='bbox 1536 5233 1744 5288; x_wconf 87' lang='grc' dir='ltr'>παιδίον</span> <span class='ocrx_word' id='word_1_755' title='bbox 1763 5237 1899 5306; x_wconf 77' lang='grc' dir='ltr'>ἀγά-</span> 
     </span>
    </p>
   </div>
   <div class='ocr_carea' id='block_1_99' title="bbox 330 5302 1894 5395">
    <p class='ocr_par' dir='ltr' id='par_1_99' title="bbox 330 5302 1894 5395">
     <span class='ocr_line' id='line_1_99' title="bbox 330 5302 1894 5395; baseline 0.015 -38"><span class='ocrx_word' id='word_1_756' title='bbox 330 5302 421 5395; x_wconf 76' lang='grc' dir='ltr'>θὸν</span> <span class='ocrx_word' id='word_1_757' title='bbox 453 5307 485 5377; x_wconf 79' lang='grc' dir='ltr'>ἦ</span> <span class='ocrx_word' id='word_1_758' title='bbox 515 5307 704 5372; x_wconf 84' lang='grc' dir='ltr'>κακὸν,</span> <span class='ocrx_word' id='word_1_759' title='bbox 742 5311 959 5364; x_wconf 87' lang='grc' dir='ltr'>ἀπειθεῖ</span> <span class='ocrx_word' id='word_1_760' title='bbox 998 5315 1252 5386; x_wconf 81' lang='grc' dir='ltr'>πονηρίᾳ,</span> <span class='ocrx_word' id='word_1_761' title='bbox 1284 5317 1601 5383; x_wconf 78' lang='grc' dir='ltr'>ἐκλέξασθαι</span> <span class='ocrx_word' id='word_1_762' title='bbox 1647 5324 1708 5377; x_wconf 84' lang='grc' dir='ltr'>τὸ</span> <span class='ocrx_word' id='word_1_763' title='bbox 1756 5302 1894 5395; x_wconf 83' lang='grc' dir='ltr'>ἁγα-</span> 
     </span>
    </p>
   </div>
   <div class='ocr_carea' id='block_1_100' title="bbox 331 5393 1895 5498">
    <p class='ocr_par' dir='ltr' id='par_1_100' title="bbox 331 5393 1895 5498">
     <span class='ocr_line' id='line_1_100' title="bbox 331 5393 1895 5498; baseline 0.017 -50"><span class='ocrx_word' id='word_1_764' title='bbox 331 5393 439 5498; x_wconf 63' lang='grc' dir='ltr'>θόν.</span> <span class='ocrx_word' id='word_1_765' title='bbox 461 5418 498 5498; x_wconf 48' lang='grc' dir='ltr'>ἐ</span> <span class='ocrx_word' id='word_1_766' title='bbox 523 5401 606 5498; x_wconf 52' lang='lat' dir='ltr'><strong>Ol_</strong></span> <span class='ocrx_word' id='word_1_767' title='bbox 633 5401 707 5472; x_wconf 85' lang='grc' dir='ltr'>μὴ</span> <span class='ocrx_word' id='word_1_768' title='bbox 756 5404 1195 5498; x_wconf 67' lang='grc' dir='ltr'>παραδεχόμενοι</span> <span class='ocrx_word' id='word_1_769' title='bbox 1226 5407 1341 5461; x_wconf 82' lang='grc' dir='ltr'><strong>τῶν</strong></span> <span class='ocrx_word' id='word_1_770' title='bbox 1380 5412 1445 5464; x_wconf 80' lang='grc' dir='ltr'>ἐκ</span> <span class='ocrx_word' id='word_1_771' title='bbox 1475 5416 1772 5487; x_wconf 77' lang='grc' dir='ltr'>περιτομῆς</span> <span class='ocrx_word' id='word_1_772' title='bbox 1797 5393 1895 5490; x_wconf 78' lang='grc' dir='ltr'><strong>τὴν</strong></span> 
     </span>
    </p>
   </div>
   <div class='ocr_carea' id='block_1_101' title="bbox 331 5488 1898 5575">
    <p class='ocr_par' dir='ltr' id='par_1_101' title="bbox 331 5488 1898 5575">
     <span class='ocr_line' id='line_1_101' title="bbox 331 5488 1898 5575; baseline 0.014 -37"><span class='ocrx_word' id='word_1_773' title='bbox 331 5488 423 5540; x_wconf 88' lang='grc' dir='ltr'><strong>τοῦ</strong></span> <span class='ocrx_word' id='word_1_774' title='bbox 461 5488 707 5563; x_wconf 85' lang='grc' dir='ltr'>Σωτῆρος</span> <span class='ocrx_word' id='word_1_775' title='bbox 745 5490 902 5563; x_wconf 78' lang='grc' dir='ltr'>ἡμῶν</span> <span class='ocrx_word' id='word_1_776' title='bbox 945 5493 1116 5563; x_wconf 87' lang='grc' dir='ltr'>Ἰησοῦ</span> <span class='ocrx_word' id='word_1_777' title='bbox 1153 5496 1392 5568; x_wconf 86' lang='grc' dir='ltr'>Χριστοῦ</span> <span class='ocrx_word' id='word_1_778' title='bbox 1418 5503 1717 5572; x_wconf 89' lang='grc' dir='ltr'>παρουσίαν</span> <span class='ocrx_word' id='word_1_779' title='bbox 1747 5488 1898 5575; x_wconf 80' lang='grc' dir='ltr'>λεγέ-</span> 
     </span>
    </p>
   </div>
   <div class='ocr_carea' id='block_1_102' title="bbox 334 5581 1898 5666">
    <p class='ocr_par' dir='ltr' id='par_1_102' title="bbox 334 5581 1898 5666">
     <span class='ocr_line' id='line_1_102' title="bbox 334 5581 1898 5666; baseline 0.015 -36"><span class='ocrx_word' id='word_1_780' title='bbox 334 5594 508 5632; x_wconf 86' lang='grc' dir='ltr'>τωσαν</span> <span class='ocrx_word' id='word_1_781' title='bbox 550 5581 635 5645; x_wconf 90' lang='grc' dir='ltr'><strong>τίς</strong></span> <span class='ocrx_word' id='word_1_782' title='bbox 680 5583 712 5653; x_wconf 79' lang='grc' dir='ltr'><strong>ἡ</strong></span> <span class='ocrx_word' id='word_1_783' title='bbox 764 5583 1048 5655; x_wconf 84' lang='grc' dir='ltr'>παρθένος,</span> <span class='ocrx_word' id='word_1_784' title='bbox 1082 5588 1114 5657; x_wconf 78' lang='grc' dir='ltr'><strong>ή</strong></span> <span class='ocrx_word' id='word_1_785' title='bbox 1149 5587 1290 5641; x_wconf 86' lang='grc' dir='ltr'><strong>κατά</strong></span> <span class='ocrx_word' id='word_1_786' title='bbox 1327 5588 1424 5660; x_wconf 77' lang='grc' dir='ltr'>τὴν</span> <span class='ocrx_word' id='word_1_787' title='bbox 1463 5596 1795 5666; x_wconf 80' lang='grc' dir='ltr'>προφητείαν</span> <span class='ocrx_word' id='word_1_788' title='bbox 1841 5601 1898 5653; x_wconf 75' lang='grc' dir='ltr'>ἐν</span> 
     </span>
    </p>
   </div>
   <div class='ocr_carea' id='block_1_103' title="bbox 406 5718 1596 5809">
    <p class='ocr_par' dir='ltr' id='par_1_103' title="bbox 406 5718 1596 5809">
     <span class='ocr_line' id='line_1_103' title="bbox 406 5718 1596 5809; baseline 0.013 -25"><span class='ocrx_word' id='word_1_789' title='bbox 406 5732 420 5762; x_wconf 86' lang='grc'>¹</span> <span class='ocrx_word' id='word_1_790' title='bbox 454 5732 557 5789; x_wconf 85' lang='lat' dir='ltr'><strong>lsa.</strong></span> <span class='ocrx_word' id='word_1_791' title='bbox 594 5749 677 5801; x_wconf 87' lang='grc' dir='ltr'>ιιι,</span> <span class='ocrx_word' id='word_1_792' title='bbox 722 5734 905 5792; x_wconf 75' lang='grc' dir='ltr'><strong>12-Η.</strong></span> <span class='ocrx_word' id='word_1_793' title='bbox 980 5740 999 5771; x_wconf 85' lang='grc'>²</span> <span class='ocrx_word' id='word_1_794' title='bbox 1030 5737 1136 5795; x_wconf 87' lang='lat' dir='ltr'><strong>lsa.</strong></span> <span class='ocrx_word' id='word_1_795' title='bbox 1173 5755 1269 5809; x_wconf 83' lang='lat' dir='ltr'><strong>vn,</strong></span> <span class='ocrx_word' id='word_1_796' title='bbox 1306 5742 1480 5799; x_wconf 72' lang='lat'><strong>10-16.</strong></span> <span class='ocrx_word' id='word_1_797' title='bbox 1574 5718 1596 5803; x_wconf 21' lang='grc' dir='ltr'><strong>γ’</strong></span> 
     </span>
    </p>
   </div>
   <div class='ocr_carea' id='block_1_104' title="bbox 1994 4761 3564 4840">
    <p class='ocr_par' dir='ltr' id='par_1_104' title="bbox 1994 4761 3564 4840">
     <span class='ocr_line' id='line_1_104' title="bbox 1994 4761 3564 4840; baseline -0.011 -7"><span class='ocrx_word' id='word_1_798' title='bbox 1994 4787 2100 4840; x_wconf 67' lang='grc' dir='ltr'>ρετ,</span> <span class='ocrx_word' id='word_1_799' title='bbox 2138 4777 2399 4831; x_wconf 89' lang='lat' dir='ltr'><strong>molestos</strong></span> <span class='ocrx_word' id='word_1_800' title='bbox 2431 4789 2552 4828; x_wconf 87' lang='lat' dir='ltr'><strong>esse</strong></span> <span class='ocrx_word' id='word_1_801' title='bbox 2587 4770 2922 4835; x_wconf 87' lang='lat' dir='ltr'><strong>hominibus,</strong></span> <span class='ocrx_word' id='word_1_802' title='bbox 2945 4768 3072 4838; x_wconf 89' lang='lat' dir='ltr'><strong>quia</strong></span> <span class='ocrx_word' id='word_1_803' title='bbox 3100 4765 3311 4820; x_wconf 89' lang='lat' dir='ltr'><strong>molesti</strong></span> <span class='ocrx_word' id='word_1_804' title='bbox 3342 4761 3476 4819; x_wconf 88' lang='lat' dir='ltr'><strong>estis</strong></span> <span class='ocrx_word' id='word_1_805' title='bbox 3508 4766 3564 4815; x_wconf 84' lang='lat' dir='ltr'><strong>et</strong></span> 
     </span>
    </p>
   </div>
   <div class='ocr_carea' id='block_1_105' title="bbox 1997 4852 3562 4936">
    <p class='ocr_par' dir='ltr' id='par_1_105' title="bbox 1997 4852 3562 4936">
     <span class='ocr_line' id='line_1_105' title="bbox 1997 4852 3562 4936; baseline -0.014 -9"><span class='ocrx_word' id='word_1_806' title='bbox 1997 4872 2108 4926; x_wconf 90' lang='lat' dir='ltr'><strong>Deo</strong></span> <span class='ocrx_word' id='word_1_807' title='bbox 2142 4868 2303 4923; x_wconf 87' lang='lat' dir='ltr'><strong>meo?</strong></span> <span class='ocrx_word' id='word_1_808' title='bbox 2336 4866 2565 4936; x_wconf 90' lang='lat' dir='ltr'><strong>Propter</strong></span> <span class='ocrx_word' id='word_1_809' title='bbox 2598 4863 2702 4918; x_wconf 89' lang='lat' dir='ltr'><strong>hoc</strong></span> <span class='ocrx_word' id='word_1_810' title='bbox 2744 4861 2894 4917; x_wconf 88' lang='lat' dir='ltr'><strong>dabit</strong></span> <span class='ocrx_word' id='word_1_811' title='bbox 2935 4858 3197 4915; x_wconf 87' lang='lat' dir='ltr'><strong>Dominus</strong></span> <span class='ocrx_word' id='word_1_812' title='bbox 3245 4856 3361 4926; x_wconf 91' lang='lat' dir='ltr'><strong>ipse</strong></span> <span class='ocrx_word' id='word_1_813' title='bbox 3410 4852 3562 4908; x_wconf 82' lang='lat' dir='ltr'><strong>vobis</strong></span> 
     </span>
    </p>
   </div>
   <div class='ocr_carea' id='block_1_106' title="bbox 1995 4947 3563 5033">
    <p class='ocr_par' dir='ltr' id='par_1_106' title="bbox 1995 4947 3563 5033">
     <span class='ocr_line' id='line_1_106' title="bbox 1995 4947 3563 5033; baseline -0.013 -16"><span class='ocrx_word' id='word_1_814' title='bbox 1995 4966 2235 5033; x_wconf 82' lang='lat' dir='ltr'><strong>signum.</strong></span> <span class='ocrx_word' id='word_1_815' title='bbox 2273 4959 2414 5014; x_wconf 86' lang='lat' dir='ltr'><strong>Ecce</strong></span> <span class='ocrx_word' id='word_1_816' title='bbox 2464 4957 2619 5028; x_wconf 81' lang='lat' dir='ltr'><strong>virgo</strong></span> <span class='ocrx_word' id='word_1_817' title='bbox 2659 4953 2952 5024; x_wconf 89' lang='lat' dir='ltr'><strong>concipiet,</strong></span> <span class='ocrx_word' id='word_1_818' title='bbox 2981 4959 3036 5008; x_wconf 91' lang='lat' dir='ltr'><strong>et</strong></span> <span class='ocrx_word' id='word_1_819' title='bbox 3075 4951 3249 5022; x_wconf 88' lang='lat' dir='ltr'><strong>pariet</strong></span> <span class='ocrx_word' id='word_1_820' title='bbox 3280 4947 3467 5009; x_wconf 82' lang='lat' dir='ltr'><strong>lilium,</strong></span> <span class='ocrx_word' id='word_1_821' title='bbox 3507 4956 3563 5000; x_wconf 89' lang='lat' dir='ltr'><strong>et</strong></span> 
     </span>
    </p>
   </div>
   <div class='ocr_carea' id='block_1_107' title="bbox 1994 5039 3561 5120">
    <p class='ocr_par' dir='ltr' id='par_1_107' title="bbox 1994 5039 3561 5120">
     <span class='ocr_line' id='line_1_107' title="bbox 1994 5039 3561 5120; baseline -0.01 -10"><span class='ocrx_word' id='word_1_822' title='bbox 1994 5055 2281 5110; x_wconf 86' lang='lat' dir='ltr'><strong>vocabitur</strong></span> <span class='ocrx_word' id='word_1_823' title='bbox 2307 5066 2506 5106; x_wconf 89' lang='lat' dir='ltr'><strong>nomen</strong></span> <span class='ocrx_word' id='word_1_824' title='bbox 2538 5050 2660 5120; x_wconf 92' lang='lat' dir='ltr'><strong>ejus</strong></span> <span class='ocrx_word' id='word_1_825' title='bbox 2683 5047 3025 5103; x_wconf 87' lang='lat' dir='ltr'><strong>Emmanuel.</strong></span> <span class='ocrx_word' id='word_1_826' title='bbox 3063 5044 3325 5117; x_wconf 87' lang='lat' dir='ltr'><strong>Butyrum</strong></span> <span class='ocrx_word' id='word_1_827' title='bbox 3369 5049 3424 5098; x_wconf 82' lang='lat' dir='ltr'><strong>et</strong></span> <span class='ocrx_word' id='word_1_828' title='bbox 3456 5039 3561 5096; x_wconf 91' lang='lat' dir='ltr'><strong>mel</strong></span> 
     </span>
    </p>
   </div>
   <div class='ocr_carea' id='block_1_108' title="bbox 2002 5133 3563 5211">
    <p class='ocr_par' dir='ltr' id='par_1_108' title="bbox 2002 5133 3563 5211">
     <span class='ocr_line' id='line_1_108' title="bbox 2002 5133 3563 5211; baseline -0.01 -9"><span class='ocrx_word' id='word_1_829' title='bbox 2002 5147 2268 5209; x_wconf 85' lang='lat' dir='ltr'><strong>comedet,</strong></span> <span class='ocrx_word' id='word_1_830' title='bbox 2296 5152 2355 5200; x_wconf 88' lang='lat' dir='ltr'><strong>ut</strong></span> <span class='ocrx_word' id='word_1_831' title='bbox 2388 5144 2527 5200; x_wconf 82' lang='lat' dir='ltr'><strong>sciat</strong></span> <span class='ocrx_word' id='word_1_832' title='bbox 2573 5141 2864 5211; x_wconf 89' lang='lat' dir='ltr'><strong>reprobare</strong></span> <span class='ocrx_word' id='word_1_833' title='bbox 2892 5140 3116 5204; x_wconf 87' lang='lat' dir='ltr'><strong>malum,</strong></span> <span class='ocrx_word' id='word_1_834' title='bbox 3148 5148 3201 5193; x_wconf 91' lang='lat' dir='ltr'><strong>et</strong></span> <span class='ocrx_word' id='word_1_835' title='bbox 3235 5136 3435 5206; x_wconf 77' lang='lat' dir='ltr'><strong>eligere</strong></span> <span class='ocrx_word' id='word_1_836' title='bbox 3464 5133 3563 5188; x_wconf 90' lang='lat' dir='ltr'><strong>bo-</strong></span> 
     </span>
    </p>
   </div>
   <div class='ocr_carea' id='block_1_109' title="bbox 2002 5224 3561 5304">
    <p class='ocr_par' dir='ltr' id='par_1_109' title="bbox 2002 5224 3561 5304">
     <span class='ocr_line' id='line_1_109' title="bbox 2002 5224 3561 5304; baseline -0.011 -11"><span class='ocrx_word' id='word_1_837' title='bbox 2002 5254 2155 5293; x_wconf 82' lang='lat' dir='ltr'><strong>num.</strong></span> <span class='ocrx_word' id='word_1_838' title='bbox 2190 5237 2325 5304; x_wconf 84' lang='lat' dir='ltr'><strong>Quia</strong></span> <span class='ocrx_word' id='word_1_839' title='bbox 2359 5245 2647 5304; x_wconf 81' lang='lat' dir='ltr'><strong>antequam</strong></span> <span class='ocrx_word' id='word_1_840' title='bbox 2700 5234 2837 5288; x_wconf 88' lang='lat' dir='ltr'><strong>sciat</strong></span> <span class='ocrx_word' id='word_1_841' title='bbox 2878 5247 3010 5300; x_wconf 91' lang='lat' dir='ltr'><strong>puer</strong></span> <span class='ocrx_word' id='word_1_842' title='bbox 3041 5228 3330 5300; x_wconf 87' lang='lat' dir='ltr'><strong>reprobare</strong></span> <span class='ocrx_word' id='word_1_843' title='bbox 3362 5224 3561 5279; x_wconf 87' lang='lat' dir='ltr'><strong>malum</strong></span> 
     </span>
    </p>
   </div>
   <div class='ocr_carea' id='block_1_110' title="bbox 2002 5318 3563 5399">
    <p class='ocr_par' dir='ltr' id='par_1_110' title="bbox 2002 5318 3563 5399">
     <span class='ocr_line' id='line_1_110' title="bbox 2002 5318 3563 5399; baseline -0.009 -15"><span class='ocrx_word' id='word_1_844' title='bbox 2002 5337 2056 5384; x_wconf 82' lang='lat' dir='ltr'><strong>et</strong></span> <span class='ocrx_word' id='word_1_845' title='bbox 2087 5330 2286 5399; x_wconf 76' lang='lat' dir='ltr'><strong>eligere</strong></span> <span class='ocrx_word' id='word_1_846' title='bbox 2317 5328 2539 5388; x_wconf 87' lang='lat' dir='ltr'><strong>bonum,</strong></span> <span class='ocrx_word' id='word_1_847' title='bbox 2578 5341 2682 5377; x_wconf 87' lang='lat' dir='ltr'><strong>non</strong></span> <span class='ocrx_word' id='word_1_848' title='bbox 2705 5332 2789 5378; x_wconf 84' lang='lat' dir='ltr'><strong>est</strong></span> <span class='ocrx_word' id='word_1_849' title='bbox 2818 5322 3077 5376; x_wconf 84' lang='lat' dir='ltr'><strong>obediens</strong></span> <span class='ocrx_word' id='word_1_850' title='bbox 3107 5318 3347 5381; x_wconf 66' lang='lat' dir='ltr'><strong>malitiaa,</strong></span> <span class='ocrx_word' id='word_1_851' title='bbox 3384 5325 3444 5370; x_wconf 90' lang='lat' dir='ltr'><strong>ut</strong></span> <span class='ocrx_word' id='word_1_852' title='bbox 3476 5330 3563 5370; x_wconf 76' lang='lat' dir='ltr'><strong>se-</strong></span> 
     </span>
    </p>
   </div>
   <div class='ocr_carea' id='block_1_111' title="bbox 2002 5407 3565 5491">
    <p class='ocr_par' dir='ltr' id='par_1_111' title="bbox 2002 5407 3565 5491">
     <span class='ocr_line' id='line_1_111' title="bbox 2002 5407 3565 5491; baseline -0.01 -17"><span class='ocrx_word' id='word_1_853' title='bbox 2002 5421 2134 5491; x_wconf 84' lang='lat' dir='ltr'><strong>ligat</strong></span> <span class='ocrx_word' id='word_1_854' title='bbox 2162 5421 2364 5475; x_wconf 87' lang='lat' dir='ltr'><strong>bonum</strong></span> <span class='ocrx_word' id='word_1_855' title='bbox 2383 5420 2425 5472; x_wconf 81' lang='grc'><strong>¹.</strong></span> <span class='ocrx_word' id='word_1_856' title='bbox 2466 5438 2483 5470; x_wconf 76' lang='grc' dir='ltr'><strong>ι</strong></span> <span class='ocrx_word' id='word_1_857' title='bbox 2510 5416 2627 5471; x_wconf 83' lang='grc' dir='ltr'>Νοιι</span> <span class='ocrx_word' id='word_1_858' title='bbox 2644 5414 2970 5484; x_wconf 89' lang='lat' dir='ltr'><strong>accipientes</strong></span> <span class='ocrx_word' id='word_1_859' title='bbox 2994 5410 3088 5481; x_wconf 89' lang='lat' dir='ltr'><strong>qui</strong></span> <span class='ocrx_word' id='word_1_860' title='bbox 3108 5426 3175 5465; x_wconf 79' lang='lat' dir='ltr'><strong>ex</strong></span> <span class='ocrx_word' id='word_1_861' title='bbox 3199 5407 3565 5463; x_wconf 90' lang='lat' dir='ltr'><strong>circumcisio-</strong></span> 
     </span>
    </p>
   </div>
   <div class='ocr_carea' id='block_1_112' title="bbox 2004 5496 3560 5575">
    <p class='ocr_par' dir='ltr' id='par_1_112' title="bbox 2004 5496 3560 5575">
     <span class='ocr_line' id='line_1_112' title="bbox 2004 5496 3560 5575; baseline -0.014 -9"><span class='ocrx_word' id='word_1_862' title='bbox 2004 5527 2073 5566; x_wconf 76' lang='lat' dir='ltr'><strong>ne</strong></span> <span class='ocrx_word' id='word_1_863' title='bbox 2104 5519 2251 5575; x_wconf 84' lang='lat' dir='ltr'><strong>sunt,</strong></span> <span class='ocrx_word' id='word_1_864' title='bbox 2287 5506 2591 5563; x_wconf 88' lang='lat' dir='ltr'><strong>Salvatoris</strong></span> <span class='ocrx_word' id='word_1_865' title='bbox 2626 5503 2797 5558; x_wconf 90' lang='lat' dir='ltr'><strong>nostri</strong></span> <span class='ocrx_word' id='word_1_866' title='bbox 2842 5500 2970 5557; x_wconf 86' lang='lat' dir='ltr'><strong>Jesu</strong></span> <span class='ocrx_word' id='word_1_867' title='bbox 3002 5497 3206 5555; x_wconf 87' lang='lat' dir='ltr'><strong>Christi</strong></span> <span class='ocrx_word' id='word_1_868' title='bbox 3247 5496 3560 5556; x_wconf 72' lang='lat' dir='ltr'><strong>adventurm,</strong></span> 
     </span>
    </p>
   </div>
   <div class='ocr_carea' id='block_1_113' title="bbox 2004 5585 3560 5672">
    <p class='ocr_par' dir='ltr' id='par_1_113' title="bbox 2004 5585 3560 5672">
     <span class='ocr_line' id='line_1_113' title="bbox 2004 5585 3560 5672; baseline -0.012 -14"><span class='ocrx_word' id='word_1_869' title='bbox 2004 5602 2193 5658; x_wconf 83' lang='lat' dir='ltr'><strong>dicant</strong></span> <span class='ocrx_word' id='word_1_870' title='bbox 2226 5614 2472 5672; x_wconf 72' lang='lat' dir='ltr'><strong>quzenam</strong></span> <span class='ocrx_word' id='word_1_871' title='bbox 2519 5600 2590 5655; x_wconf 92' lang='lat' dir='ltr'><strong>sit</strong></span> <span class='ocrx_word' id='word_1_872' title='bbox 2634 5600 2748 5653; x_wconf 72' lang='lat' dir='ltr'><strong>lucc</strong></span> <span class='ocrx_word' id='word_1_873' title='bbox 2781 5595 2952 5667; x_wconf 73' lang='lat' dir='ltr'><strong>virgo,</strong></span> <span class='ocrx_word' id='word_1_874' title='bbox 2985 5607 3105 5665; x_wconf 73' lang='lat' dir='ltr'><strong>qua:</strong></span> <span class='ocrx_word' id='word_1_875' title='bbox 3132 5588 3286 5661; x_wconf 75' lang='lat' dir='ltr'><strong>juxta</strong></span> <span class='ocrx_word' id='word_1_876' title='bbox 3328 5585 3560 5660; x_wconf 84' lang='lat' dir='ltr'><strong>prophe-</strong></span> 
     </span>
    </p>
   </div>
  </div>
