3926 6260
449 314 587 372 1203
1252 314 1519 372 EUSEBlI
1560 317 2044 375 CAESARIENSIS
2075 320 2225 379 OI’P.
2265 323 2447 378 PARS
2483 323 2573 380 Ill.
2617 354 2685 365 —
2719 323 3127 385 EXEGETICA.
3518 329 3632 385 42οι

441 435 570 487 tiam
601 433 658 487 in
690 439 847 487 utero
874 431 1102 503 accipiet
1130 440 1184 487 et
1216 433 1390 501 pariet
1423 431 1614 498 illium,
1634 433 1794 504 cujus
1817 449 1991 489 nomei

2083 439 2317 508 ,γαστρὶ
2360 437 2639 509 ληψομένη
2691 439 2781 490 καὶ
2829 436 3057 502 τέξουσα
3100 439 3190 493 τὸν
3221 439 3633 510 ἐπονομαζόμενον

438 525 540 580 erit
576 523 1086 589 Emmanuel.Quod
1120 523 1165 578 si
1196 523 1436 579 dixerint
1473 539 1582 577 non
1608 524 1892 595 virginem,
1917 541 1988 581 set

2124 527 2472 599 Ἐμμανουήλ
2515 529 2661 582 υἱόνο
2707 528 2818 581 ἀλλ’
2858 530 2907 581 εί
2954 528 3208 597 φάσκοιεν
3258 528 3329 601 μὴ
3372 530 3634 600 γεγράφθαι

440 616 674 687 puellam
708 614 848 689 apud
907 613 1248 691 Scripturam
1283 614 1545 670 liebraica
1575 630 1708 679 voce
1764 602 1990 670 nomina

2112 619 2402 690 παρθένον,
2432 620 2571 674 ἀλλὰ
2613 622 2791 674 νεᾶνιν
2837 620 2982 675 κατὰ
3018 621 3080 674 τὸ
3113 620 3406 690 Ἐὄραῖκδν,
3434 621 3634 686 λεκτέον,

436 719 549 763 tam
590 694 735 771 esse,
768 708 1213 779 respondendum
1267 708 1415 779 quod
1447 709 1607 779 primi
1638 710 1731 779 qui
1767 709 1986 766 divinun

2112 712 2313 782 ὡςόύχ
2344 714 2391 765 οἱ
2419 713 2669 783 τυχόντες
2694 711 2984 782 ἐτύγχανον
3022 714 3071 765 οί
3105 711 3308 783 πρῶτοι
3340 710 3429 782 τὴν
3451 711 3635 783 Γραφὴν

438 799 739 870 Scriptura:
760 816 982 856 sensum
1015 800 1089 855 ita
1118 807 1245 855 sunt
1269 800 1631 871 interpretati,
1654 816 1761 855 non
1785 802 1988 873 quilibe

2112 803 2254 857 κατὰ
2297 803 2445 858 θείαν
2496 805 2924 877 έρμηνεύσαντες
2950 804 3282 875 οἰκονομίαν,
3315 802 3640 875 ἐϐδομήκοντα

434 902 612 955 erant,
651 894 998 969 septuaginta
1055 893 1269 949 scilicet
1313 908 1344 947 e
1374 893 1575 963 populo
1604 894 1984 964 przestantiore

2170 902 2214 949 ὲν
2241 898 2393 959 ὄντες
2422 898 2483 951 τὸ
2512 898 2732 969 πλῆθος,
2767 896 3181 969 ἀναλελεγμένοι
3225 896 3514 968 ἀριστίνδην
3554 896 3639 948 ἀπὺ
3716 926 3720 935 -

433 974 662 1048 delecti,
690 995 745 1040 et
793 986 1031 1040 maxima
1080 1001 1177 1057 pro
1223 986 1333 1040 illis
1368 987 1703 1056 temporibus
1743 987 1983 1058 sapienti:

2112 990 2313 1055 παντὸς
2347 989 2441 1043 τοῦ
2472 991 2623 1053 λαοῦ,
2659 991 2886 1063 δοκιμήν
2914 1010 2975 1045 τε
3008 991 3068 1044 οὐ
3103 988 3338 1062 σμικρὰν
3375 989 3506 1043 κατὰ
3538 989 3639 1051 τοὺς

431 1076 667 1145 probati.
709 1074 992 1143 Quodnam
1016 1077 1163 1133 enim
1195 1076 1395 1131 mirum
1425 1076 1616 1132 Sermo
1647 1078 1973 1149 pollicebatu

2111 1081 2291 1136 αὐτῶν
2320 1083 2543 1154 χρόνους
2568 1083 2660 1135 ἐπὶ
2688 1084 2849 1157 σοφίᾳ
2870 1084 3163 1147 δεδωκότες
3180 1099 3195 1114 σ
3227 1082 3281 1135 τί
3324 1081 3368 1134 δ’
3401 1082 3462 1135 ἂν
3490 1082 3638 1151 παρά-

433 1170 647 1240 signum
678 1170 746 1225 ab
788 1171 904 1239 ipso
938 1169 1187 1235 Domino,
1223 1170 1380 1240 quasi
1427 1168 1732 1240 prodigium
1784 1170 1983 1241 aliquid

2110 1174 2259 1241 δοξον
2280 1177 2309 1229 ό
2337 1175 2507 1242 Λόγος
2539 1176 2846 1246 ὑπισχνεῖτο
2879 1180 3099 1247 σημεῖον
3133 1175 3224 1229 ὑπ’
3251 1173 3413 1228 αὐτοῦ
3439 1172 3524 1226 τοῦ
3548 1176 3639 1227 Κυ-

431 1260 594 1316 domo
619 1261 785 1317 David
810 1263 994 1318 datum
1019 1263 1085 1318 iri
1137 1261 1530 1333 przenuntians,
1563 1263 1608 1317 si
1636 1262 1981 1317 tantummod

2112 1268 2230 1338 ρίου
2260 1265 2446 1339 ὥσπερ
2471 1283 2524 1319 τι
2548 1266 2854 1337 θαυμαστὸν
2892 1268 2969 1338 τῷ
2996 1268 3129 1339 οἴκῳ
3165 1265 3328 1320 Δαυῒδ
3364 1264 3642 1335 δοθήσεσθαι

432 1344 666 1425 simplex
714 1355 894 1437 puella
938 1354 1344 1439 designaretur.
1379 1353 1523 1440 Nihil
1573 1370 1704 1440 vero
1739 1356 1982 1428 prohibet

2112 1360 2659 1435 προμαρτυράμενος,
2682 1362 2729 1413 εί
2754 1362 2882 1430 περὶ
2908 1361 3070 1432 ψιλῆς
3096 1359 3334 1421 νεάνιδος
3361 1360 3390 1411 ό
3412 1357 3551 1425 λόγος
3570 1352 3639 1428 ἦν·

430 1447 531 1499 etsi
583 1448 818 1518 puellam
858 1445 1014 1523 juxta
1053 1438 1147 1502 eos
1180 1438 1503 1505 Hebraicum
1556 1438 1846 1518 siguilicct,
1879 1448 1980 1517 quil

2110 1451 2263 1504 οὐδὲν
2293 1451 2349 1503 δὲ
2376 1453 2527 1522 ἡμᾶς
2559 1450 2779 1515 κωλύει,
2817 1454 2864 1505 εί
2891 1454 2986 1505 καὶ
3014 1449 3307 1523 νεάνιδα[ν]
3337 1451 3451 1503 κατ’
3481 1448 3643 1511 αὐτοὺς

431 1536 716 1605 prophetia
745 1520 1013 1606 virginem
1035 1537 1266 1592 indicari
1311 1539 1713 1593 existimemus.
1737 1537 1981 1593 Cmterun

2114 1520 2439 1614 περιέχει
2481 1542 2788 1614 Ἐϐραῖκὸν,
2821 1543 2896 1606 ὼς
2924 1530 3052 1615 περὶ
3085 1520 3355 1615 παρθένου
3393 1537 3643 1610 δηλοῦσθαι

430 1626 485 1681 in
513 1626 758 1684 Levitico
789 1645 1006 1700 quoque
1051 1631 1296 1687 invenies
1331 1632 1595 1701 virginem
1628 1622 1744 1688 viro
1776 1632 1980 1707 despon

2111 1631 2349 1703 νομίζειν
2378 1631 2445 1685 τά
2482 1633 2776 1704 εἰρημέναο
2822 1633 2916 1686 καὶ
2955 1632 3063 1703 γὰρ
3098 1629 3191 1685 οὖν
3221 1634 3279 1684 ἐν
3308 1630 3385 1701 τῷ
3416 1626 3644 1697 Λευῖτικῷ

430 1727 703 1784 satam,et
739 1738 859 1792 quae
910 1721 1021 1776 vim
1070 1722 1139 1776 ab
1182 1724 1289 1777 alio
1319 1725 1462 1787 tulit,
1507 1725 1741 1796 puellam
1791 1740 1980 1797 quoqu

2112 1723 2290 1795 εὕροις
2331 1723 2396 1777 ἂν
2442 1724 3015 1796 τὴνόμολογουμένως
3047 1722 3314 1795 παρθένον
3348 1737 3646 1793 μεμνηστευ-

429 1812 761 1884 Scriptura"
791 1815 1066 1886 appellari.
1109 1815 1175 1869 Et
1208 1816 1295 1871 hic
1324 1818 1544 1888 quidem
1577 1818 1834 1872 decorum
1861 1833 1979 1873 esse

2113 1802 2280 1884 μένην
2314 1813 2488 1885 ἀνδρὶ,
2535 1816 2624 1883 ὑφ’
2659 1814 2845 1886 ἐτέρου
2875 1813 2956 1885 (ί.
2982 1812 3051 1867 46
3081 1813 3177 1883 v°)
3208 1812 3267 1865 δὲ
3301 1809 3646 1882 βεϐιασμένην,

428 1906 591 1961 domo
618 1906 788 1961 David
824 1915 1046 1978 propter
1087 1924 1275 1962 eorum
1309 1909 1740 1965 incredulitatem
1771 1926 1801 1964 a
1828 1909 1978 1963 Domi

2110 1906 2288 1958 νεᾶνιν
2318 1905 2422 1958 ὑπὸ
2444 1905 2541 1976 τῆς
2571 1905 2795 1976 Γραφῆς
2816 1903 3253 1976 ὀνομαζομένηντ
3297 1902 3391 1955 καὶ
3419 1901 3574 1973 ταύτῃ
3596 1915 3646 1969 γε

424 2011 501 2051 no
527 1997 648 2053 dari
673 1998 913 2069 signum,
944 1999 1208 2070 virginem
1246 2000 1506 2055 inusitate
1529 2000 1821 2071 parturire,
1850 2001 1974 2071 cuju

2109 1996 2436 2068 ἀξιοπρεπὲς
2478 1996 2544 2050 ἂν
2579 1998 2662 2068 εἴη
2691 1996 2768 2068 τῷ
2800 1996 2935 2068 οίκῳ
2962 1994 3125 2050 Δαυῒδ
3154 1994 3244 2048 διὰ
3286 1992 3384 2065 τὴν
3425 1991 3646 2047 ἀπιστίαν

425 2086 746 2142 nasciturus
777 2101 915 2157 puer
944 2086 1285 2141 admirabilis
1328 2086 1446 2141 fore
1479 2085 1884 2157 praedicaretur.
1922 2085 1975 2140 Si

2107 2088 2284 2142 αὐτῶν
2322 2087 2476 2160 παρὰ
2499 2087 2706 2159 Κυρίου
2739 2087 2972 2149 δίδοσθαι
3001 2089 3244 2158 σημεῖον,
3280 2086 3344 2139 τὺ

426 2176 645 2248 quidem
669 2193 698 2231 a
726 2180 984 2248 pueritia,
1023 2187 1076 2235 et
1113 2187 1173 2235 ut
1201 2181 1274 2233 ita
1315 2179 1515 2242 dicam,
1560 2178 1629 2233 ab
1657 2179 1774 2250 ipsa
1805 2180 1975 2233 nativi

2110 2180 2377 2253 παρθένον
2394 2182 2700 2245 ἀποτεκεῖν,
2731 2179 2797 2233 δι’
2823 2180 2853 2233 δ
2876 2180 2940 2252 δὴ
2971 2181 3064 2235 καὶ
3089 2182 3118 2234 ό
3142 2178 3527 2250 τεχθησόμενος
3545 2174 3650 2227 θαυ-

425 2276 538 2324 tate
565 2257 789 2345 malitiae
822 2286 929 2325 non
960 2272 1460 2343 obtemperaturus,
1480 2272 1792 2341 bonumque
1813 2271 1975 2327 electu

2112 2274 2315 2346 μαστός
2342 2291 2426 2337 τις
2450 2272 2524 2325 ὢν
2548 2272 2908 2345 ἀνηγόρευται
2927 2289 2941 2302 ·
2975 2275 3029 2331 εί
3052 2290 3116 2341 γε
3143 2274 3210 2331 ἐκ
3238 2270 3446 2334 παιδὸς,
3478 2267 3563 2322 καὶ
3588 2264 3649 2328 ὡς

422 2346 519 2419 rus
542 2350 972 2445 proplietizatur.
992 2362 1057 2417 Et
1086 2379 1285 2418 nomen
1316 2364 1436 2433 ejus
1464 2364 1662 2417 mirum
1700 2365 1754 2417 in
1788 2351 1972 2418 modur

2109 2366 2304 2429 εἰπεῖν,
2327 2364 2385 2432 ἐξ
2419 2364 2591 2434 αὐτῆς
2623 2364 2911 2433 γενέσεως,
2947 2354 3263 2436 ἀπειθήσειν
3302 2362 3398 2433 μὲν
3428 2355 3646 2428 πονηρίᾳ,

423 2446 827 2525 praenuntiatur
889 2453 1212 2528 Emmanuel
1265 2454 1422 2519 fore,
1474 2455 1684 2510 scilicet
1735 2455 1973 2510 nobiscur

2108 2454 2429 2520 ἐκλέξασθαι
2460 2454 2519 2507 δὲ
2546 2453 2607 2505 τὸ
2632 2453 2833 2522 ἀγαθὸν
2860 2451 3283 2525 προφητεύεται.
3304 2449 3415 2511 Καὶ
3432 2447 3489 2501 τὸ
3507 2446 3649 2514 ὄνομα

421 2534 587 2598 Deus.
619 2541 776 2609 Quod
817 2551 871 2599 et
913 2544 1223 2600 diceremus
1262 2560 1365 2615 nos
1400 2546 1526 2615 ipsi,
1561 2546 1653 2616 qui
1683 2561 1807 2601 eum
1838 2561 1971 2617 agno

2108 2548 2164 2601 δέ
2203 2546 2368 2601 αὑτοῦ
2412 2546 2739 2618 θαυμαστῶς
2780 2542 3309 2619 προαναπεφώνηται
3339 2530 3650 2611 Ἐμμανουὴλ

422 2633 631 2692 scimus
678 2645 734 2692 et
764 2635 1093 2692 conﬁtemur
1146 2630 1278 2709 ejus.
1318 2638 1560 2693 divinam
1612 2646 1666 2694 et
1720 2640 1972 2709 mysticar

2107 2638 2373 2710 τυγχάνον
2389 2655 2402 2669 ·
2439 2657 2459 2689 ι
2493 2639 2522 2692 δ
2545 2639 2682 2705 ἐστι,
2707 2641 2835 2707 μεθ’
2856 2636 3026 2707 ἡμῶν
3050 2640 3083 2691 ό
3105 2636 3351 2701 Θεός.⁴¹0
3372 2634 3463 2688 καὶ
3487 2633 3650 2702 φήσαι-

422 2712 566 2797 apud
618 2742 811 2784 omnes
860 2716 1113 2786 homines
1161 2730 1336 2812 ipsius
1391 2730 1635 2811 potentia
1681 2729 1972 2785 incarnatic

2110 2749 2208 2803 μεν
2239 2732 2306 2786 ἂν
2338 2733 2499 2803 ἡμεῖς
2522 2733 2573 2784 oi
2593 2730 2981 2801 ὁμολογοῦντες
3006 2728 3191 2791 αὐτὸν,
3215 2728 3315 2781 καὶ
3338 2723 3652 2792 συναισθόμε-

422 2808 569 2874 netu.
626 2817 854 2875 Dicatur
901 2820 1102 2878 iterum
1158 2806 1511 2898 Emmanuel,
1539 2822 1809 2876 nobiscum
1838 2822 1972 2877 Deus

2108 2839 2187 2877 νοι
2220 2823 2319 2893 τῆς
2347 2822 2529 2878 ἐνθέου
2560 2822 2655 2876 καὶ
2682 2823 2993 2893 ἀπορρήτου
3018 2823 3098 2885 είς
3126 2819 3339 2882 πάντας
3367 2813 3650 2888 ἀνθρώπους

419 2926 487 2965 eo
514 2912 663 2981 quod
694 2910 859 2968 Pater
885 2912 1129 2985 quidem,
1152 2906 1406 2985 Deusque
1433 2915 1679 2970 omnium
1705 2929 1871 2985 supra
1896 2930 1966 2969 no

2104 2913 2192 2968 διὰ
2238 2914 2340 2981 τῆς
2391 2912 2555 2966 αὐτοῦ
2600 2913 2879 2984 δυνάμεως
2924 2910 3248 2983 ἐπιδημίας⁹
3306 2908 3510 2977 λέγοιτο
3536 2905 3575 2957 δ’
3600 2903 3652 2957 ἂν

421 3007 632 3071 tantum
665 3002 976 3069 mortalem,
1015 3002 1112 3059 sed
1146 3010 1201 3058 ct
1246 3020 1464 3059 omnem
1525 3002 1867 3075 spiritualem
1907 3020 1971 3059 na

2106 3003 2266 3057 πάλιν
2308 3004 2673 3074 Ἐμμανουὴλ,
2699 3007 2732 3057 ὀ
2776 3004 2903 3073 μεθ’
2935 3000 3105 3072 ἡμῶν
3140 3001 3310 3066 Θεὸς,
3341 2998 3417 3070 τῷ
3462 2996 3545 3050 τὸν
3573 2993 3650 3066 μὲν

421 3101 603 3165 turam
633 3095 738 3162 sit;
769 3094 940 3151 Filius
984 3111 1114 3151 vero
1140 3111 1251 3151 non
1275 3084 1829 3152 immerito‘nobiscum
1864 3096 1971 3163 Dea

2106 3092 2324 3164 Πατέρα
2339 3092 2433 3147 καὶ
2453 3092 2586 3147 Θεὸν
2607 3093 2713 3146 τῶν
2736 3094 2872 3147 ὅλων
2896 3092 3150 3147 ἐπέκεινα
3168 3091 3229 3144 ού
3253 3090 3418 3161 μόνον
3438 3088 3529 3158 τῆς
3549 3086 3653 3154 θνη-

421 3168 904 3264 nOminatur,cum
938 3189 1082 3259 apud
1114 3174 1215 3245 nos
1244 3172 1616 3264 commoratus
1646 3190 1739 3246 sit.
1772 3188 1927 3256 Quod
1954 3206 1971 3245 ε

2102 3185 2221 3254 τῆς,
2254 3183 2388 3237 ἀλλά
2421 3185 2516 3237 καὶ
2544 3185 2721 3256 πάσης
2751 3184 2852 3255 τῆς
2883 3183 3106 3254 λογικῆς
3130 3181 3353 3251 φύσεως
3374 3177 3647 3250 τυγχάνειν·

417 3261 592 3339 Judaei
633 3276 748 3332 hac
796 3278 978 3333 Acha;
1026 3264 1391 3349 przeuuntiata
1423 3261 1504 3348 add
1537 3263 1845 3345 Ezechiam,
1879 3279 1966 3350 eju

2101 3279 2191 3332 τὸν
2235 3279 2292 3331 δὲ
2327 3277 2468 3341 Υἰδν,
2506 3278 2614 3331 τὸν
2635 3278 2763 3348 μεθ’
2794 3276 2967 3348 ἡμῶν
2995 3277 3143 3332 Θεὸν
3173 3274 3404 3338 εἰκότως
3423 3269 3651 3342 όνομάζιτ

422 3356 590 3421 illium
625 3360 888 3439 regnique
919 3360 1297 3425 successorem
1317 3408 1332 3434 ,
1359 3368 1620 3432 referant,
1649 3369 1972 3425 animadverl

2103 3370 2226 3424 σθαι
2260 3370 2359 3441 τῆς
2393 3370 2585 3442 μέχρις
2607 3368 2765 3441 ἡμῶν
2790 3369 3083 3441 ἐπιδημίας
3107 3366 3277 3422 αὐτοῦ
3308 3365 3508 3420 ἕνεκεν.
3526 3359 3650 3414 Ἐπεὶ

417 3458 643 3514 tendum
699 3461 815 3516 haec
865 3461 1115 3532 ipsojam
1152 3472 1266 3518 tum
1309 3472 1463 3535 patre
1499 3463 1681 3518 Achaz
1736 3469 1967 3534 regnant

2100 3465 2156 3518 δέ
2189 3481 2332 3528 τινος
2361 3463 2470 3519 τῶν
2497 3465 2561 3517 ἐκ
2581 3461 2883 3535 περιτομῆς
2905 3460 3187 3533 εἰρηκότος
3215 3457 3456 3519 ἀκούσας
3474 3454 3650 3527 μέμνη·

418 3537 720 3628 praadicta;
758 3552 1044 3610 Ezechiam
1080 3571 1213 3611 vero
1249 3568 1539 3626 antequam
1576 3571 1805 3628 regnum
1836 3571 1965 3610 accc

2103 3574 2201 3628 μαι
2251 3555 2423 3609 ταῦτα
2467 3554 2546 3625 τῷ
2591 3553 2757 3623 Ἀχὰζ
2801 3550 3238 3625 προφητεύεσθαι
3272 3549 3404 3620 περὶ
3439 3543 3646 3610 Ἐζεκίου

417 3627 569 3713 perit
582 3642 787 3707 Acbaz,
826 3645 1067 3715 genitum
1103 3661 1227 3702 esse
1248 3654 1486 3702 constat.
1515 3627 1798 3703 Sexdecim
1822 3660 1966 3700 anno

2097 3647 2193 3703 τοῦ
2235 3647 2294 3712 ἐξ
2325 3645 2492 3701 αὐτοῦ
2522 3646 2810 3717 γενομένου
2847 3645 2940 3699 καὶ
2975 3645 3092 3715 μετ’
3124 3642 3288 3697 αὐτὸν
3334 3636 3646 3713 βασιλεύσαν-

418 3743 741 3805 regnaverat
768 3734 974 3800 Acbaz,
1005 3751 1130 3791 cum
1163 3736 1213 3791 ei
1259 3738 1529 3793 successit
1581 3736 1865 3800 Ezechias,
1902 3752 1968 3806 qu

2097 3757 2210 3804 τος,
2242 3736 2619 3808 ἐπιτηρητέον,
2647 3737 2727 3790 ὃτι
2769 3738 2875 3808 πρὸ
2904 3734 2995 3789 τοῦ
3025 3732 3346 3804 βασιλεῦσαι
3387 3730 3476 3784 τὸν
3510 3723 3647 3797 ’Δχάξ

416 3834 535 3880 tum
567 3826 744 3880 ualetis
771 3826 1022 3896 quintum
1068 3835 1123 3883 et
1166 3828 1486 3883 vicesimum
1522 3842 1728 3888 annum
1765 3827 1958 3898 agebat

2099 3833 2193 3887 καὶ
2243 3831 2350 3903 πρὸ
2388 3831 2487 3902 τῆς
2522 3830 2817 3902 εἰρημένης
2851 3828 2999 3899 αύτῷ
3032 3828 3236 3900 ταύτης
3270 3827 3337 3899 δὴ
3386 3824 3545 3895 αὐτῆς
3569 3822 3648 3891 τῆς

415 3916 493 3973 ita
549 3925 610 3971 ut
658 3932 853 3972 novem
907 3920 1068 3974 annis
1131 3930 1422 3992 antequam
1468 3929 1623 3992 pater
1689 3922 1747 3974 in
1796 3919 1965 3975 solium

2098 3922 2455 3995 προφητείας,
2486 3921 2734 3986 Ἐζεκίας
2778 3921 2880 3992 ἤδη
2922 3920 3088 3974 πάλαι
3129 3917 3493 3990 γεγενημένος
3538 3915 3648 3967 ἁπο-

415 4009 766 4076 ascenderet,
791 4021 955 4066 natus
988 4012 1080 4068 sit.
1125 4012 1228 4068 Sed
1257 4014 1369 4084 jam
1405 4014 1652 4085 regnanti
1696 4014 1811 4068 haec
1856 4027 1965 4082 prae

2097 4013 2367 4067 δείκνυται
2393 4030 2407 4042 ·
2448 4012 2542 4064 ἐπὶ
2568 4011 2700 4065 δέκα
2729 4009 2859 4079 γοῦν
2888 4012 2981 4065 καὶ
3007 4011 3067 4075 ἓξ
3094 4010 3241 4063 έτεσι
3272 4008 3368 4062 τὸν
3405 4003 3559 4077 Ἀχὰζ
3578 4002 3647 4071 βα·

365 4144 383 4161 .
415 4100 565 4155 dicta
595 4109 727 4156 sunt
755 4102 933 4157 Achaz
963 4104 1030 4158 de
1068 4105 1294 4160 miriﬁca
1337 4114 1502 4176 atque
1528 4106 1750 4161 insolita
1787 4104 1915 4161 Cbri

2100 4106 2419 4160 σιλεύσαντα
2461 4104 2785 4174 διαδέχεται,
2816 4102 2963 4171 ἄγων
2994 4102 3112 4167 ἔτος
3154 4102 3255 4173 τῆς
3289 4099 3501 4172 ἡλικίας
3530 4094 3646 4165 πέμ-

414 4194 728 4252 nativitate.
776 4194 1127 4268 Singulorum
1170 4213 1300 4253 vero
1325 4198 1489 4269 hujus
1533 4199 1829 4270 prophetiae
1869 4211 1964 4253 ver

2098 4216 2230 4253 πτον
2273 4198 2369 4252 καὶ
2415 4196 2677 4261 εἰκοστὸν,
2716 4196 2951 4267 ὁπηνίκα
3000 4194 3101 4265 τῆς
3150 4192 3431 4264 βασιλείας
3456 4190 3644 4260 ἤρχετο,

413 4284 610 4341 borum
641 4301 886 4353 sensum,
918 4285 1097 4359 qualis
1142 4278 1235 4355 sit,
1265 4292 1600 4363 nove‘rit‘qui
1626 4291 1682 4362 in
1714 4291 1814 4345 hos
1843 4290 1962 4343 loco

2094 4288 2171 4353 ὡς
2218 4287 2622 4361 προλαμϐάνειν
2674 4285 2838 4338 αὑτοῦ
2872 4286 2970 4357 τὴν
3024 4284 3240 4352 γένεσιν
3287 4282 3463 4336 ἐτεσιν
3512 4274 3640 4331 ἐννέα

412 4372 686 4436 mirabilis
710 4381 812 4435 viri
841 4374 1133 4453 exegeticis
1165 4381 1410 4439 studiose
1440 4383 1754 4451 attenderit.

2094 4381 2193 4452 τὴν
2235 4378 2328 4434 τοῦ
2383 4379 2586 4450 πατρὸς
2638 4378 2730 4430 ἐπὶ
2778 4376 2878 4448 τὴν
2918 4374 3195 4447 βασιλείαν
3240 4372 3500 4445 πάροδον’
3533 4363 3643 4421 ἀλλά

352 4514 359 4519 -
410 4471 522 4544 γὰρ
574 4473 676 4545 ἤδη
708 4473 1042 4542 βασιλεύοντι
1099 4477 1169 4531 τὰ
1236 4478 1573 4549 προκείμενα
1619 4477 1697 4549 τῷ
1738 4477 1905 4548 Ἀχὰζ
1953 4472 2355 4546 προφητεύεται
2399 4472 2528 4543 περὶ
2577 4471 2674 4541 τῆς
2717 4467 3093 4541 δεδηλωμένης
3134 4464 3229 4520 τοῦ
3263 4462 3497 4537 Χριστοῦ
3556 4474 3643 4511 πα-

414 4568 636 4641 ραδόξου
686 4569 780 4622 καὶ
824 4558 1281 4643 θαυμασιωτάτης
1308 4574 1593 4642 γενέσεως.
1630 4574 1710 4627 Τὰ
1750 4574 1806 4627 δέ
1852 4572 1991 4627 κατὰ
2021 4572 2121 4643 τὴν
2153 4568 2296 4635 λέξιν
2325 4566 2534 4621 ἕκαστα
2564 4567 2747 4623 ὁποῖον
2779 4563 2892 4636 ἔχει
2918 4560 3064 4628 νοῦν,
3113 4564 3227 4624 τοῖς
3269 4561 3353 4623 εἰς
3396 4559 3517 4621 τοὺς
3567 4553 3642 4607 ’ἴδ’

410 4676 547 4733 πους
590 4659 683 4714 τοῦ
728 4649 1273 4737 θαυμασίουάνδρὸς
1314 4666 1658 4737 ἐξηγητικοῖς
1699 4660 1932 4737 ἐντυχὼν
1958 4668 1988 4718 ὁ
2024 4660 2324 4734 φιλομαθὴς
2355 4656 2577 4724 εἴσεται·
2684 4660 2689 4665 ⁷

446 4750 449 4753 Α
510 4752 513 4755 ’
1014 4752 1261 4863 CAPUT
1302 4780 1368 4868 ν.
1436 4770 1441 4774 ’
1626 4764 1629 4767 “

1626 4764 1629 4767 ’
2017 4818 2066 4877 D
2626 4772 3019 4850 κΕοΑΑΑιοΝ
3064 4769 3136 4823 E'.

483 4887 505 4921 ι
542 4869 610 4945 Et
640 4869 776 4924 dixit
808 4867 1070 4927 Dominus
1115 4855 1181 4926 ad
1234 4864 1375 4927 mel:
1412 4871 1616 4952 Accipe
1663 4873 1757 4952 tibi
1789 4874 1892 4952 ipsi
1923 4874 1989 4929 li-
2021 4855 2033 4877 ¹

2165 4890 2184 4921 ‹
2220 4871 2330 4925 Καὶ
2354 4865 2473 4922 εἷπε
2517 4867 2721 4944 Κύριος
2753 4865 2887 4938 προς
2933 4864 3021 4935 μὲ,
3063 4862 3206 4915 Λάϐε
3250 4856 3460 4928 σεαυτῷ
3500 4855 3637 4925 τόμον

406 4960 572 5043 brum
603 4974 803 5014 novum
835 4961 1118 5030 grandem,
1152 4969 1206 5018 et
1239 4964 1419 5020 scribe
1445 4950 1500 5019 in
1536 4981 1602 5021 eo
1631 4946 1773 5037 st'ylo
1812 4946 1955 5037 bomi

2091 4952 2337 5037 (χάρτου)
2370 4958 2559 5030 καινοῦ
2598 4957 2852 5031 μεγάλου,
2882 4957 2974 5031 καὶ
3002 4953 3209 5043 γράψον
3229 4955 3309 5016 εἰς
3336 4951 3635 5043 αύτὸνᾼγρα-

405 5052 493 5130 nis
523 5038 659 5121 ,'ut
706 5053 955 5108 celeriter
1007 5053 1365 5125 direptionem
1429 5056 1601 5113 facias
1665 5057 1955 5129 spoliorum

2090 5057 2201 5131 φίδι
2228 5042 2538 5126 ἀνθρώπου,
2561 5051 2654 5129 τοῦ
2680 5050 2846 5118 ὀξέως
2877 5038 3151 5123 προνομὴν
3180 5045 3403 5117 ποιῆσαι
3424 5039 3633 5131 σκύλων⁹

405 5129 575 5215 Adest
606 5144 773 5210 enim,
807 5152 863 5200 et
893 5152 1064 5201 testes
1106 5147 1240 5201 mibi
1280 5146 1678 5205 facito'ﬁdeles
1717 5150 1955 5206 homines

2089 5129 2320 5226 πάρεστι
2349 5147 2457 5218 γάρ
2477 5163 2490 5174 °
2527 5147 2622 5226 καὶ
2648 5142 2928 5216 μάρτυράς
2956 5158 3045 5212 μοι
3066 5139 3295 5221 ποίησον
3324 5132 3537 5194 πιστοὺς

408 5232 595 5317 lirium
624 5237 984 5310 sacerdotem,
1012 5246 1067 5293 et
1111 5226 1449 5294 Zachariam
1478 5236 1650 5295 ﬁlium
1690 5227 1958 5300 Baracbiaa

2089 5218 2361 5312 θριῦπους,
2393 5239 2484 5291 τὸν
2530 5224 2732 5317 φύρίαν
2755 5234 2847 5288 τὸν
2893 5234 3060 5317 ἱερέα,
3100 5230 3194 5284 καὶ
3240 5218 3511 5311 Ζαχαρίαν
3538 5218 3632 5317 υἱόν

409 5315 482 5377 Et-
501 5329 710 5409 accessi
740 5329 808 5384 ad
841 5321 1260 5401 prophetissam,
1292 5339 1346 5416 et
1376 5322 1439 5416 in
1472 5340 1627 5411 utero
1656 5335 1884 5416 accepit,
1934 5351 1959 5390 e

2087 5311 2376 5404 Βαραχίου.
2408 5331 2518 5384 Καὶ
2544 5312 2850 5413 ⁴προσῆλθον
2892 5314 3025 5398 πρὸς
3056 5324 3154 5395 τὴν
3186 5311 3629 5416 προφητηνῶτιῑ).

406 5404 617 5493 peperit
646 5418 935 5496 filium.'Et
967 5424 1104 5479 dixit
1131 5409 1402 5503 Dominus.
1440 5418 1507 5481 ad
1550 5404 1637 5483 me
1663 5447 1679 5501 ξι
1711 5404 1863 5482 Voca
1887 5443 1956 5482 no

2086 5428 2180 5481 καὶ
2211 5428 2268 5479 ἐν
2316 5424 2513 5495 γαστρὶ
2546 5408 2727 5503 ἔλαβε,
2761 5420 2852 5482 καὶ
2892 5417 3073 5471 ἔτεκεν
3105 5415 3245 5493 υἱόνο
3282 5413 3378 5466 καὶ
3402 5406 3515 5483 εἷπε
3536 5404 3628 5461 Κύ-

408 5519 534 5596 nien
584 5509 724 5577 ejus,
778 5508 1054 5594 Accelera‘
1091 5499 1264 5595 spolia
1339 5499 1646 5584 detrahere,
1670 5499 1804 5575 "cito
1846 5536 1958 5591 prae

2088 5518 2199 5591 ριός
2244 5533 2363 5587 μοι-
2671 5513 2731 5596 τὸ
2754 5511 2921 5596 ὄνομα
2950 5506 3134 5587 αὑτοῦ,
3174 5504 3394 5576 Ταχέως
3429 5499 3626 5596 σκύλευῗ

406 5592 579 5655 ἀπο.
638 5600 765 5666 quia
821 5584 1311 5671 antequam—sciat
1366 5625 1503 5679 puer
1544 5626 1742 5667 vocare
1773 5584 1956 5680 patrem

2085 5584 2196 5676 σον,
2237 5584 2401 5677 όξέως
2457 5584 2855 5680 προνόμευσονλ
2881 5586 3055 5667 διότι,
3100 5584 3238 5673 ’πρὶν
3299 5596 3332 5668 ἢ
3366 5592 3552 5685 γνῶναι
3576 5584 3623 5639 τὸ

474 5744 489 5773 ⁸
533 5739 687 5805 Deut.
713 5767 850 5815 xx",
890 5752 978 5805 27.
