3926 6260
486 324 618 381 1207
1148 314 1416 375 EUSEBII
1450 310 1929 370 CESARIENSIS
1965 306 2117 365 OPP.

477 440 600 496 [lac
636 455 763 495 vero
813 437 1086 493 suiﬂciunt
1131 444 1320 491 sancto
1368 433 1487 488 viro
1535 430 1942 493 commentaria,
1986 430 2043 484 in
2074 441 2115 492 Α

477 532 621 587 hunc
667 537 841 584 locum
886 529 1205 599 dignoscere
1244 525 1463 592 volenti.
1501 524 1558 579 Si
1601 524 1724 595 quis
1769 530 1949 578 autem
1981 535 2048 583 ex

473 621 677 677 Judaels
715 620 827 673 haec
882 619 1055 689 magis
1101 616 1457 686 corporaliter
1491 617 1766 688 inquirere
1798 616 1945 685 velit,
1982 614 2050 669 ab

474 730 541 770 eo
584 711 963 784 postulandum
1012 720 1096 766 est
1146 728 1214 768 an
1269 712 1441 785 possit
1485 710 1842 781 corporaliter
1870 717 2051 763 osten-

475 806 603 859 dere
630 818 737 873 qua
781 804 992 863 ratione
1026 803 1214 868 Isaias,
1250 810 1372 874 post
1412 802 1716 873 praecitatos
1764 806 1949 862 testes,
1983 800 2050 854 ad

478 894 873 966 prophetissam
901 893 1200 964 corporalis
1228 893 1491 948 consortii
1525 907 1688 947 causa
1718 890 2048 957 accesserit;

476 1003 722 1060 quaenam
755 1003 882 1049 vero
911 995 964 1057 et
987 986 1165 1057 qualis
1198 986 1271 1041 sit
1302 986 1415 1040 haec
1441 984 1803 1055 prophetissa,
1832 992 1885 1039 et
1914 997 2051 1064 quo-

476 1082 637 1144 modo
662 1098 692 1138 e
720 1082 949 1153 vestigio
978 1082 1309 1151 conceperit,
1333 1080 1726 1152 confestimque
1759 1079 2050 1150 pepererit,

475 1183 529 1231 et
555 1176 809 1245 quisnam
845 1175 947 1230 iste
997 1189 1063 1229 ex
1114 1174 1455 1244 prophetissa
1492 1180 1652 1229 natus
1693 1172 1855 1233 illius,
1882 1186 2043 1242 quem

479 1280 673 1329 vocare
716 1266 867 1320 Isaia:
919 1266 1238 1337 praeceperit
1280 1265 1395 1336 ipse
1445 1263 1748 1319 Dominusr
1796 1263 2053 1330 Celeriter

477 1358 699 1417 detrahe
726 1358 919 1428 spolia,
941 1358 1050 1411 cito
1079 1358 1352 1427 praedare;
1383 1377 1400 1409 ι
1423 1365 1477 1412 et
1509 1372 1753 1428 quaenam
1783 1357 1853 1412 sit
1887 1371 2050 1411 causa

478 1449 706 1519 hujusce
756 1449 1167 1519 appellationis;
1223 1456 1277 1502 et
1337 1449 1609 1521 quomodo
1659 1465 1723 1509 ex
1778 1448 2051 1503 communi

478 1555 642 1597 sensu
672 1540 1030 1611 corporaliter
1057 1540 1478 1601 existimandum
1525 1543 1597 1596 sit
1643 1542 1788 1596 hunc
1828 1556 2050 1613 puerum

484 1645 503 1685 ο
543 1636 861 1698 potestatem
886 1628 1162 1698 accepisse
1212 1628 1480 1695 Damasci,
1523 1639 1577 1686 et
1599 1633 1771 1701 spolia
1796 1632 2054 1695 Samaria:

480 1735 664 1779 coram
712 1735 838 1789 rege
864 1719 1215 1790 Assyriorum
1241 1739 1255 1790 ;
1292 1741 1310 1775 ι
1339 1722 1561 1793 haecque
1613 1724 1795 1777 lacere
1822 1742 1840 1774 ι
1870 1724 2051 1794 prius—

477 1826 640 1881 quam
674 1811 811 1867 sciat
835 1826 1029 1867 vocare
1063 1821 1270 1881 patrem
1303 1822 1357 1868 et
1386 1824 1633 1869 matrem.
1671 1834 1689 1867 ι
1725 1815 1896 1884 Atque
1927 1830 2060 1887 prte-

479 1913 645 1968 terea,
673 1905 720 1961 si
760 1905 827 1961 iis
854 1920 974 1976 quae
1004 1921 1034 1967 a_
1067 1906 1238 1977 {nobis
1271 1909 1517 1977 exposita
1560 1915 1688 1963 sunt
1730 1887 2055 1979 repugnant,

477 1996 765 2052 ostendant
792 1998 894 2068 ipsi
917 1999 1191 2070 quomodo
1221 2006 1566 2069 exspectatus
1597 2000 1665 2054 ab
1702 2000 1770 2053 iis
1804 1998 2056 2059 Christus

479 2088 866 2156 superveniens
890 2088 1119 2159 accipiet
1144 2087 1502 2158 corporaliter
1531 2087 1687 2157 juxta
1716 2086 2055 2157 prophetiam

485 2196 504 2229 ι
545 2186 866 2248 potestatem
901 2178 1169 2247 Damasci,
1202 2199 1220 2233 ι
1253 2186 1306 2235 et
1330 2194 1575 2250 quaenam
1613 2199 1630 2230 ι
1663 2179 1833 2249 spolia
1865 2177 2058 2233 Sama-

478 2270 593 2332 riae,
626 2290 645 2322 ι
672 2270 756 2326 vel
781 2285 1014 2341 quorum
1051 2290 1069 2325 ι
1106 2272 1453 2343 Assyriorum
1482 2285 1664 2325 coram
1695 2285 1837 2341 rege,
1878 2289 1896 2322 ι
1923 2283 2048 2323 cum

480 2361 660 2423 nullus
701 2361 914 2418 illorum
943 2364 1028 2420 his
1057 2365 1388 2434 temporibus
1418 2364 1673 2434 supersit.

2159 305 2363 361 PARS.
2403 301 2490 358 Ill.
2531 330 2602 342 -ο
2637 295 3047 354 EXEGETICA.
3534 296 3643 355 ιευς

2143 424 2440 497 λεγομένην
2485 420 2715 491 δύναμιν
2751 416 3064 490 Δαμασκοῦ,
3091 414 3189 478 τὰς
3228 413 3270 467 δ’
3307 413 3368 467 ἐκ
3409 417 3649 489 περιτομῆς

2149 520 2241 574 τὸν
2271 516 2506 589 Χριστὸν
2540 514 2636 568 τοῦ
2683 512 2817 566 Θεοῦ
2846 506 3292 582 παραδεξαμένας
3335 505 3400 559 τὰ
3438 523 3653 578 προσαγο-

2152 613 2422 689 ρευόμενα
2470 607 2642 671 σκῦλα
2678 604 3020 678 Σαμαρείας·
3069 600 3272 663 ταύτας
3315 598 3369 651 δὲ
3400 598 3487 661 τὰς
3518 599 3654 669 ψυχάς

2153 703 2322 759 σκῦλα
2351 703 2445 757 καὶ
2483 699 2757 778 προνομὴν
2799 697 2951 767 παρά
2990 694 3098 748 τῶν
3137 691 3337 763 νοητῶν
3378 692 3654 765 εἰληφὸςωκ)

2151 796 2442 868 πολεμίων,
2479 794 2537 863 ἐξ
2582 793 2827 855 ἐναντίας
2853 790 2946 843 τοῦ
2978 786 3170 858 νοητοῦ
3227 784 3466 856 βασιλέως
3507 785 3654 839 Ἀσσυ-

2152 889 2305 960 ρίων,
2330 887 2576 941 τουτέστι
2616 884 2711 939 τοῦ
2764 883 3034 945 διαϐόλου,
3084 876 3386 934 καθώπλισέ
3408 893 3462 929 τε
3490 878 3568 931 καὶ
3590 895 3659 931 το-

2152 980 2336 1052 λεμεῖν
2382 978 2531 1050 αὐτῷ
2581 975 2978 1049 παρεσκεύασε.
3013 973 3123 1028 Καὶ
3164 970 3336 1024 ταῦτα
3364 969 3416 1023 δὲ
3451 970 3658 1040 πάρεστιν

2153 1076 2240 1126 ἐπ’
2292 1072 2516 1145 ἀκριϐὲς
2547 1070 2625 1142 τῷ
2659 1068 2962 1141 βουλομένῳ
2990 1068 3053 1132 ἐκ
3086 1064 3194 1118 τῶν
3238 1065 3317 1126 εἰς
3357 1063 3472 1126 τοὺς
3511 1063 3661 1128 τόπους
3709 1141 3713 1157 Ι

2153 1163 2743 1237 ὑπομνηματισθέντων
2780 1160 2859 1231 τῷ
2899 1158 3028 1231 iam?)
3054 1157 3208 1230 ἀνδρὶ
3244 1154 3540 1223 διαγνῶναι-·
3567 1156 3606 1207 εί
3628 1154 3661 1207 δ’

2153 1259 2200 1311 εί
2232 1257 2356 1328 (sic)
2394 1259 2674 1319 ἀπαιτοῖεν
2714 1254 2887 1317 ταῦτα
2919 1249 3366 1323 σωματικώτερον
3394 1248 3440 1301 oi
3467 1250 3522 1300 ἐκ
3548 1262 3666 1320 περι-

2152 1352 2346 1422 τομῆς,
2384 1350 2797 1418 ἀντεξεταστέον
2825 1349 3020 1411 αὐτοὺς
3048 1348 3097 1400 εί
3124 1345 3373 1399 δύνανται
3400 1342 3665 1413 σωματικῶς

2153 1444 2305 1503 αὐτοὶ
2361 1444 2709 1516 παραστῆσαι
2742 1444 2863 1497 τίνα
2918 1441 3116 1513 τρόπον
3157 1440 3184 1491 ό
3224 1435 3440 1498 Ἡσαΐας
3479 1434 3556 1487 ἐπὶ
3588 1432 3666 1487 τῶν

2154 1538 2566 1609 προειρημένων
2606 1534 2893 1609 μαρτύρων
2921 1532 2982 1604 (f.
3019 1532 3088 1586 47
3119 1531 3192 1602 νο)
3220 1532 3291 1601 τῇ
3326 1518 3581 1600 πρόφήτιδι
3605 1524 3669 1596 μί-

2155 1628 2290 1695 ξεως
2339 1630 2658 1701 σωματικῆς
2705 1629 2889 1693 ἕνεκεν
2922 1623 3316 1699 προσελήλυθε·
3344 1623 3423 1684 τίς
3448 1620 3499 1673 δέ
3536 1620 3612 1672 καὶ

2155 1724 2378 1795 τοιαύτη
2429 1725 2718 1795 προφῆτις,
2765 1721 2861 1776 καὶ
2900 1720 3016 1785 πῶς
3055 1718 3393 1788 παραχρῆμα
3432 1715 3485 1768 ἐν
3517 1711 3672 1782 γαστρὶ

2091 1798 2337 1878 1λέλαϐε,
2366 1814 2461 1867 καὶ
2517 1813 2827 1886 παραυτίκα
2878 1813 3087 1885 τέτοκε,
3130 1811 3225 1865 καὶ
3273 1812 3420 1861 ποῖον
3459 1805 3593 1859 τοῦτο
3630 1803 3674 1863 τὴ

2156 1906 2343 1977 τεχθὲν
2382 1908 2609 1969 παιδίον,
2635 1907 2663 1960 δ
2710 1907 3038 1979 προστάσσει
3087 1902 3165 1973 τῷ
3219 1900 3414 1971 Ἡσαΐᾳ
3459 1899 3484 1950 ό
3518 1895 3675 1967 Κύριος

2157 1998 2379 2069 ὀνόματι
2402 1999 2627 2053 καλέσαι
2653 1998 2751 2070 τῷ,
2780 2020 2797 2050 ι
2835 1998 3054 2067 Ταχέως
3085 1995 3395 2059 σκύλευσον,
3419 1990 3565 2057 ὀξέως
3584 2004 3679 2058 προ-

2156 2090 2415 2161 νόμευσον
2431 2108 2446 2124 ⁸
2484 2111 2502 2149 ι
2528 2093 2646 2146 τίνα
2667 2092 2829 2145 δὲκαὶ
2847 2090 3006 2159 λόγον
3027 2089 3138 2160 ἔχει
3157 2088 3218 2141 τὸ
3244 2082 3513 2157 τηλικόνδε
3531 2080 3677 2150 ὄνομα,

2156 2185 2191 2255 ἦ
2220 2184 2337 2247 πῶς
2359 2184 2577 2239 δυνατόν
2604 2187 2720 2239 ἐστι
2748 2183 2888 2237 κατὰ
2909 2182 3006 2254 τὴν
3031 2181 3322 2253 πρόχειρον
3351 2176 3567 2231 διάνοιαν
3581 2189 3679 2226 παι-

2156 2274 2269 2328 δίον
2293 2276 2476 2328 ὁποῖον
2513 2275 2578 2347 δὴ
2597 2272 2691 2330 οὖν
2717 2277 2949 2329 ἐπινοεῖν
2994 2271 3323 2344 σωματικῶς
3365 2263 3679 2338 ἀπολήψεσθαι

2154 2364 2251 2436 τήν
2292 2365 2695 2438 ὀνομαζομένην
2745 2366 2969 2437 δύναμιν
2998 2365 3292 2438 Δαμασκοῦ
3353 2365 3443 2419 καὶ
3469 2360 3531 2415 τά
3563 2357 3681 2428 λεγόε

486 2475 624 2529 μενα
655 2478 674 2511 ι
715 2459 884 2514 σκῦλα
914 2461 1222 2531 Σαμαρείας
1249 2460 1609 2532 ἐναντίων(ον)
1637 2460 1901 2531 βασιλέως
1941 2461 2258 2533 Ἀσσυρίων,
2301 2482 2319 2514 ι
2344 2464 2437 2517 καὶ
2499 2463 2672 2518 ταῦτα
2737 2465 2993 2537 πράττειν
3027 2483 3044 2521 ι
3083 2464 3214 2535 πρὶν
3268 2464 3303 2534 ἢ
3362 2459 3549 2531 γνῶναι
3585 2456 3682 2511 αὐτὸ

484 2553 667 2626 καλεῖν
687 2556 953 2628 πατέραῆ
991 2556 1229 2629 μητέραο
1264 2575 1283 2608 ι
1311 2557 1406 2610 καὶ
1448 2558 1586 2629 πρὸς
1648 2558 1858 2621 τούτοις
1924 2558 1974 2609 εί
2034 2557 2362 2627 ἀντιλέγοιεν
2418 2561 2531 2623 τοῖς
2586 2561 2717 2631 ήμῖν
2765 2559 3319 2631 προαποδεδομένοις,
3376 2555 3683 2615 δεικνύτωσαν

480 2649 633 2709 αὐτοὶ
672 2649 789 2715 πῶς
819 2654 848 2705 ό
872 2650 1315 2723 προσδοκώμενος
1336 2652 1429 2705 ὑπ’
1449 2651 1630 2706 αὐτῶν
1648 2652 1883 2723 Χριστὸς
1919 2654 2359 2725 παραγενόμενος
2385 2655 2611 2726 λήψεται
2631 2654 2954 2726 σωματικῶς
2974 2655 3072 2727 τήν
3100 2654 3243 2709 κατά
3275 2655 3377 2725 τήν
3406 2651 3683 2725 προφητείαν

484 2765 502 2797 ι
532 2745 757 2815 δύναμιν
777 2747 1087 2819 Δαμασκοῦ,
1116 2769 1132 2799 ι
1157 2749 1250 2801 καὶ
1305 2750 1431 2801 ποῖα
1462 2766 1478 2800 ε
1513 2747 1683 2801 σκῦλα
1741 2748 2081 2820 Σαμαρείας,
2114 2768 2131 2800 ›
2166 2748 2198 2820 ἢ
2229 2751 2396 2805 ποίων
2433 2770 2451 2802 ι
2496 2750 2792 2821 Ἀσσυρίων
2823 2750 3083 2814 ἐναντίον,
3124 2768 3142 2801 ι
3176 2748 3404 2822 μηδενὸς
3426 2747 3499 2800 ἔτι
3524 2745 3684 2798 τούτων

478 2836 825 2909 ἐνεργοῦντος
850 2838 989 2892 κατά
1019 2841 1144 2903 τοὺς
1173 2841 1470 2906 ἐνεστῶτας
1500 2840 1743 2913 χρόνους.

1074 2953 1307 3019 CAPUT
1351 2955 1436 3027 vn,

556 3069 573 3101 ι
606 3049 743 3105 Ecce
778 3066 877 3122 ego
906 3058 961 3106 et
990 3053 1145 3122 pueri
1174 3052 1311 3118 mei,
1343 3068 1482 3123 quos
1513 3054 1662 3113 dedit
1694 3054 1825 3108 mihi
1858 3053 2041 3113 Domie

480 3156 585 3199 nos
612 3141 677 3208 in
723 3141 936 3211 signum
985 3153 1039 3196 et
1080 3142 1135 3204 in
1179 3151 1493 3213 portentum
1537 3142 1707 3199 Israel
1750 3159 1781 3197 a
1814 3145 2045 3201 Domino
2075 3172 2115 3228 ε

484 3229 593 3285 Deo
638 3232 995 3296 exercituum.
1022 3237 1116 3304 qui
1157 3234 1364 3289 habitat
1395 3236 1449 3289 in
1479 3244 1663 3291 monte
1704 3235 1834 3291 Sion
1867 3238 1905 3293 ¹.
1940 3258 1957 3287 ι
1986 3237 2049 3295 ιι-

481 3321 605 3387 lnd,
640 3341 659 3373 ι
690 3338 817 3379 ecce
845 3340 945 3395 ego
975 3335 1029 3381 et
1063 3327 1216 3398 pueri
1251 3328 1395 3394 mei,
1429 3344 1570 3398 quos
1598 3328 1747 3385 dedit
1781 3330 1910 3385 mihi
1943 3330 2049 3385 Do-

484 3413 664 3477 minus
694 3434 713 3466 »
745 3430 775 3470 e
818 3432 1051 3485 persona
1096 3401 1395 3475 Salvatoris
1437 3418 1504 3481 de
1541 3423 1804 3491 apostolis
1825 3462 1839 3483 ,
1871 3422 2049 3492 iisque

482 3505 576 3573 qui
607 3516 792 3574 postea
821 3508 874 3561 in
903 3524 1025 3562 eum
1056 3510 1441 3576 crediderunt,
1471 3523 1593 3582 apte
1622 3514 1676 3566 in
1712 3512 1952 3584 Epistula
1979 3513 2048 3579 ad

482 3595 740 3654 Hebraeos
793 3599 1051 3665 refertur,
1080 3602 1279 3671 quibus
1305 3603 1468 3674 igitur
1492 3604 1675 3669 addit,
1704 3624 1721 3655 ι
1750 3606 1802 3659 in
1834 3607 2047 3676 signum

482 3697 538 3743 et
568 3689 621 3743 in
650 3697 961 3759 portentum
991 3701 1151 3748 erunt
1179 3693 1343 3749 domo
1372 3695 1567 3759 Israel,
1605 3716 1624 3748 ι
1668 3705 1917 3765 apertum
1964 3704 2049 3755 est

484 3778 783 3839 Salvatoris
812 3783 986 3836 nostri
1014 3784 1473 3841 manifestationis
1520 3798 1765 3857 tempore
1809 3788 1961 3861 signa
1991 3797 2045 3842 ct

486 3878 740 3941 portenta
772 3872 916 3927 facta
973 3873 1142 3930 fuisse
1170 3877 1222 3930 in
1251 3877 1413 3932 domo
1450 3877 1648 3945 Israel,
1702 3880 1882 3961 qualia
1910 3896 2050 3936 nun-

481 3977 645 4033 quam
672 3971 882 4032 patrata
911 3976 1059 4021 sunt.

1075 4079 1302 4137 CAPUT
1344 4082 1453 4137 l’ll.

559 4183 577 4215 ι
607 4163 673 4218 Ει
700 4167 920 4232 volent,
952 4169 996 4223 si
1031 4169 1233 4225 fuerint
1266 4171 1390 4242 igne
1431 4175 1731 4234 combusti.
1778 4174 2047 4243 Quoniam

483 4258 741 4327 parvulus
773 4268 933 4315 natus
959 4269 1044 4317 est
1073 4263 1231 4321 nobis
1252 4303 1267 4327 ,
1296 4274 1349 4319 et
1378 4265 1521 4322 ﬁlius
1552 4266 1714 4321 datus
1740 4276 1824 4322 est
1856 4270 2045 4335 nobis,

484 4350 643 4420 cujus
674 4353 959 4422 imperium
990 4370 1153 4425 super
1184 4355 1470 4412 humerum
1501 4358 1677 4428 ipsius
1696 4399 1711 4423 ,
1740 4367 1795 4414 et
1825 4369 2051 4419 vocatur

481 4457 681 4499 nomen
729 4445 849 4515 ejus
896 4444 1073 4517 Magni
1125 4449 1337 4503 consilii
1378 4450 1617 4520 Angelus
1645 4490 1661 4514 ,
1713 4452 2049 4510 admirabilis

482 4535 849 4595 consiliarius.
896 4538 1175 4593 Adducam
1221 4540 1366 4595 enim
1411 4519 1597 4612 pacem
1644 4560 1809 4615 super
1852 4545 2053 4615 princi-
2083 4519 2127 4574 ί)

485 4643 619 4698 pes,
658 4637 712 4686 et
750 4631 1037 4686 sanitatem
1080 4632 1154 4686 ei.
1198 4631 1450 4703 Magnum
1495 4634 1780 4705 imperium
1812 4639 1970 4705 ejus,
2000 4645 2052 4700 et

484 4720 637 4790 pacis
670 4719 790 4788 ejus
821 4736 929 4776 non
956 4730 1041 4778 est
1073 4723 1227 4787 linis,
1263 4740 1429 4793 super
1458 4726 1656 4789 solium
1689 4726 1860 4784 David
1890 4738 1946 4784 et
1977 4745 2056 4783 re-

482 4825 648 4881 gnum
681 4812 801 4881 ejus
832 4822 892 4865 ut
918 4813 1119 4883 dirigat
1159 4815 1292 4870 illud
1314 4855 1329 4880 ,
1361 4822 1417 4870 el.
1462 4819 1731 4887 suscipiat
1760 4819 1814 4874 in
1843 4820 2055 4890 judicio

482 4911 536 4958 ct
572 4903 786 4973 justitia
833 4920 899 4959 ex
948 4906 1053 4962 hoc
1083 4915 1330 4977 tempore
1358 4916 1412 4963 et
1446 4925 1620 4979 usque
1664 4912 1720 4971 in
1765 4914 2052 4968 smculum.

484 4995 646 5057 Zelus
672 4994 887 5052 Domini
915 4996 1155 5055 Sabaoth
1191 5000 1352 5056 faciet
1373 5001 1490 5057 haec
1518 5004 1562 5056 ³.
1592 5023 1611 5056 ι
1641 5004 1909 5063 Existimo
1964 5006 2054 5060 hic

484 5087 824 5160 designatum
851 5091 1135 5160 puerulum
1167 5092 1417 5148 eumdem
1450 5108 1602 5161 esse,
1633 5095 1726 5164 qui
1753 5096 1820 5151 de
1847 5097 2054 5168 virgine

485 5181 802 5236 nasciturus
846 5184 1102 5252 superius
1152 5184 1565 5259 prophetizatus
1616 5195 1730 5253 est,
1783 5204 1947 5258 quem
1997 5197 2052 5244 et

484 5271 649 5339 paulo
703 5281 830 5327 ante
880 5275 1128 5345 paritura
1181 5275 1386 5331 dicitur
1442 5278 1812 5348 prophetissa.
1868 5280 2053 5340 Primo

483 5361 706 5429 quidem
735 5364 917 5421 dictus
942 5374 1026 5421 est
1061 5366 1403 5434 Emmanuel,
1433 5370 1563 5425 dein
1589 5391 1607 5422 ι
1637 5371 1901 5439 Celeriter
1925 5390 2053 5446 spo-

486 5449 557 5504 lia
607 5453 868 5526 detrahe,
917 5459 1027 5514 cito
1085 5460 1347 5533 predare.
1384 5482 1405 5517 ι
1440 5461 1540 5518 Hic
1584 5475 1765 5522 autem
1811 5467 1959 5538 ipse,
1992 5475 2053 5535 ut

488 5542 629 5613 apud
651 5542 1002 5619 Septuaginta
1024 5551 1275 5623 legimus,
1297 5573 1315 5606 ι
1340 5554 1517 5627 Magni
1537 5558 1753 5614 consilii
1768 5560 2008 5632 Angelus
2027 5581 2047 5614 ›

487 5639 749 5705 vocatur;
780 5646 835 5692 et
868 5639 1024 5706 juxta
1064 5643 1314 5712 Aquilam
1355 5653 1517 5717 atque
1555 5647 1877 5706 [lebraicum
1900 5691 1917 5720 ,
1961 5668 2055 5708 no-

565 5785 707 5846 "lsa.
741 5805 860 5857 vm,
887 5791 972 5847 l8.
1012 5797 1184 5871 _’Isa.
1219 5801 1424 5866 1x,5-7.

2680 2956 3072 3010 ΚΕΦΑΛΑΙΟΝ
3106 2957 3195 3022 σε.

2226 3066 2244 3100 ι
2282 3047 2435 3111 Ἰδοὺ,
2469 3047 2580 3118 ἐγὼ
2605 3048 2699 3101 καὶ
2726 3048 2795 3101 τά
2824 3048 3034 3110 παιδία,
3064 3050 3099 3101 ά
3128 3063 3220 3113 μοι
3247 3046 3476 3107 δέδωκεν
3505 3047 3531 3099 ὁ
3552 3043 3684 3108 Θεός·

2153 3140 2244 3193 καὶ
2302 3139 2452 3193 ἔσται
2489 3143 2686 3212 σημεῖα
2741 3141 2834 3195 καὶ
2874 3141 3079 3210 τέρατα
3127 3141 3184 3193 ἐν
3228 3139 3311 3210 τῷ
3358 3139 3486 3210 οἴκῳ
3519 3136 3687 3209 Ἰσραὴλ

2151 3230 2300 3304 παρά
2348 3232 2552 3303 Κυρίου
2590 3232 2724 3286 Θεοῦ
2773 3232 3021 3295 Σαϐαὼθ,
3048 3232 3106 3295 ὃς
3138 3234 3388 3285 κατοικεί
3424 3234 3477 3285 ἐν
3504 3229 3573 3301 τῷ
3603 3228 3689 3299 δρει

2150 3323 2310 3391 Σιών.
2351 3344 2369 3376 ι
2409 3325 2520 3378 Καὶ
2552 3325 2631 3388 τὸ,
2670 3344 2688 3376 ι
2738 3324 2891 3388 Ἰδοὺ,
2931 3322 3041 3392 ἐγὼ
3085 3324 3181 3376 καὶ
3228 3323 3302 3377 τὰ
3346 3322 3541 3386 παιδία,
3568 3320 3598 3373 ἆ
3623 3334 3688 3390 μοι

2150 3416 2349 3473 ἔδωκεν
2375 3418 2404 3470 ὁ
2435 3417 2586 3481 θεὸς,
2622 3438 2640 3471 ι
2671 3419 2734 3470 ἐκ
2761 3415 3051 3489 προσώπου
3095 3414 3188 3469 τοῦ
3232 3416 3481 3486 Σωτῆρος
3517 3412 3624 3484 περί
3646 3426 3689 3463 τε

2152 3507 2257 3562 τῶν
2279 3509 2592 3563 ἀποστόλων
2638 3511 2730 3562 καὶ
2761 3510 2869 3561 τῶν
2902 3508 3040 3579 μετὰ
3072 3507 3247 3561 ταῦτα
3280 3509 3362 3571 εἰς
3395 3506 3542 3577 αὐτὸν
3568 3518 3690 3556 πεπι-

2154 3603 2458 3667 στευκότων
2498 3602 2675 3665 καλῶς
2703 3604 2761 3655 ἐν
2795 3604 2858 3672 τῇ
2893 3602 3025 3672 πρὸς
3067 3600 3356 3671 Ἐϐραίους
3394 3597 3687 3666 ἐξεῦ.ηπται’

2152 3694 2470 3766 ἐπιφέρεται
2509 3693 2640 3762 γοῦν
2669 3692 2902 3747 ἐνταῦθα
2930 3693 3010 3757 τὸ,
3046 3712 3064 3743 ι
3097 3693 3207 3746 Καὶ
3236 3692 3391 3745 ἔσται
3415 3691 3600 3760 σημεῖα
3622 3683 3692 3738 καὶ

2150 3785 2352 3857 τέρατα
2373 3787 2430 3839 ἐν
2467 3786 2601 3856 οἴκῳ
2647 3784 2888 3857 Ἰσραήλ·
2922 3804 2940 3836 ι
2976 3784 3070 3841 καὶ
3097 3785 3267 3854 σαφὲς
3299 3785 3446 3846 ὅπως
3482 3779 3606 3835 κατὰ
3625 3775 3692 3829 τὸν

2152 3881 2342 3951 καιρὸν
2355 3880 2455 3950 τῆς
2475 3879 2569 3934 τοῦ
2588 3880 2839 3951 Σωτῆρος
2872 3880 3171 3950 παρουσίας
3202 3880 3408 3949 σημεῖα
3430 3876 3517 3930 καὶ
3530 3873 3691 3943 τέρατι

2151 3972 2302 4042 εἱ(ἐν)
2334 3971 2412 4044 τῷ
2439 3972 2573 4044 οἴκῳ
2610 3971 2846 4053 Ἰσραήλ,
2879 3967 2966 4025 οἷα
2995 3970 3345 4025 οὐδεπώποτε
3374 3961 3685 4033 ἀπετελέσθη.

2685 4086 2982 4149 ΚΕΦΛΛᾹΙ
2990 4086 3080 4138 ΟΝ
3118 4087 3191 4143 Z'.

2227 4195 2245 4227 ι
2282 4178 2394 4232 Καὶ
2444 4177 2778 4249 θελήσουσιν,
2821 4179 2869 4231 εί
2916 4177 3157 4245 ἐγένοντο
3206 4159 3692 4248 πυρίκῶστοιπθτι

2152 4270 2359 4329 παιδίον
2380 4270 2607 4342 ἐγενήθη
2630 4272 2779 4341 ἡμῖν,
2794 4270 2905 4332 υἱὸς
2921 4268 3075 4339 ἐδόθη
3096 4270 3246 4339 ἡμῖν,
3264 4263 3327 4322 οῦ
3347 4270 3381 4337 ἡ
3398 4266 3532 4337 ἀρχή
3542 4263 3693 4330 ἐγενή-

2153 4362 2219 4433 θη
2252 4363 2343 4419 ἐπὶ
2374 4362 2465 4419 τοῦ
2486 4361 2635 4433 ὤμου
2663 4360 2851 4425 αὑτοῦ,
2879 4361 2971 4414 καὶ
2997 4361 3242 4414 καλεῖται
3272 4360 3337 4412 τὸ
3358 4358 3524 4429 ὄνομα
3543 4350 3691 4412 αὑτοῦ.

2154 4454 2413 4525 Μεγάλης
2435 4453 2630 4526 βουλῆς
2659 4454 2921 4523 Ἀγγελος
2942 4470 2956 4483 ο
2990 4453 3101 4519 ἄξω
3124 4451 3233 4525 γάρ
3261 4453 3485 4525 εἰρήνην
3503 4449 3586 4502 ἐπὶ
3599 4445 3693 4505 τοὺς

2156 4548 2442 4619 ἄρχοντας,
2488 4548 2582 4601 καὶ
2630 4548 2787 4615 ὑγεία
2819 4545 2986 4617 αὐτῷ.
3019 4544 3245 4617 Μεγάλη
3284 4548 3318 4619 ή
3364 4545 3505 4616 ἀρχή
3541 4537 3691 4599 αὐτοῦ,

2157 4642 2250 4699 καὶ
2277 4642 2377 4711 τῆς
2407 4642 2628 4714 εἰρήνης
2657 4639 2820 4695 αὑτοῦ
2861 4641 2960 4693 οὐκ
2990 4638 3137 4693 ἐστιν
3169 4641 3319 4712 ὄριον
3338 4656 3353 4671 ·
3384 4638 3476 4692 ἐπὶ
3495 4637 3577 4689 τὸν
3598 4631 3694 4701 θρόα

2156 4750 2243 4787 νον
2278 4731 2438 4795 Δαυῒδ
2465 4732 2558 4789 καὶ
2602 4732 2700 4803 τὴν
2730 4730 3003 4802 βασιλείαν
3036 4730 3225 4795 αὐτοῦ,
3262 4729 3591 4802 κατορθῶσαι
3621 4722 3692 4774 αὐ-

2157 4821 2275 4891 τὴν,
2306 4821 2403 4874 καὶ
2430 4820 2810 4874 ἀντιλαϐέσθαι
2836 4824 2895 4873 ἐν
2935 4819 3161 4891 κρίματι
3189 4821 3283 4874 καὶ
3313 4821 3369 4872 ἐν
3401 4812 3690 4881 δικαιοσύνῃ,

2158 4913 2265 4973 ἀπὸ
2294 4912 2388 4966 τοῦ
2422 4910 2516 4965 νῦν
2551 4913 2646 4965 καὶ
2673 4914 2753 4976 είς
2788 4912 2879 4965 τὸν
2909 4911 3078 4965 αίῶνα
3097 4928 3113 4943 ⁸
3142 4913 3170 4964 ὁ
3199 4911 3361 4982 ζῆλος
3398 4907 3584 4979 Κυρίου
3610 4904 3691 4955 Σα-

2160 5003 2305 5057 ϐαὼθ
2339 5005 2552 5076 ποιήσει
2573 5003 2765 5059 ταῦτα.
2810 5022 2829 5055 ι
2863 4999 3028 5074 Οἶμαι
3054 5003 3118 5076 δὴ
3146 5004 3206 5064 τὸ
3232 5002 3517 5071 λεγόμενον
3543 4991 3689 5049 ἐνθάδε

2161 5096 2371 5150 παιδίον
2403 5098 2503 5151 οὐκ
2534 5097 2661 5151 ἄλλο
2693 5092 2833 5151 εἷναι
2868 5097 2961 5150 τοῦ
2989 5099 3053 5155 ἐκ
3095 5095 3196 5166 τῆς
3224 5094 3494 5165 παρθένου
3536 5083 3690 5157 τεχθήο

2162 5189 2351 5244 σεσθαι
2371 5190 2626 5261 ἀνωτέρω
2660 5189 3197 5263 προπεφητευμένου,
3224 5187 3253 5240 ὃ
3273 5188 3369 5240 καὶ
3401 5181 3568 5255 μικρῷ
3587 5176 3689 5249 πρό·

2160 5298 2316 5353 τερον
2366 5284 2399 5353 ἠ
2432 5284 2698 5354 προφῆτις
2743 5284 3027 5345 ἀποτεκεῖν
3074 5280 3316 5349 ἐλέγετο·
3348 5278 3481 5332 ἀλλά
3516 5274 3573 5327 τὸ
3613 5268 3688 5342 μὲν

2160 5374 2417 5446 ἀνωτέρω
2469 5375 2639 5446 ὄνομα
2690 5374 2862 5439 αὐτοῦ
2899 5372 3240 5445 Ἐμμανουήλ
3276 5367 3369 5442 ἦν,
3406 5369 3467 5421 τὸ
3502 5365 3553 5418 δὲ
3578 5358 3687 5433 μετά

2158 5465 2350 5530 ταῦτα,
2387 5484 2406 5518 ι
2442 5465 2665 5537 Ταχέως
2714 5465 3027 5528 σκύλευσον,
3068 5464 3230 5531 ὀξέως
3279 5460 3682 5534 προνόμευσον.»

2170 5560 2433 5616 Ἐνταῦθα
2466 5561 2525 5617 δέ
2554 5565 2585 5616 ό
2614 5562 2775 5625 αὐτὸς
2806 5556 2957 5626 οὗτος
2994 5559 3131 5615 κατά
3156 5559 3253 5631 μὲν
3279 5559 3381 5630 τήν
3404 5554 3507 5608 τῶν
3544 5547 3682 5605 Ἑϐδο-

2157 5655 2227 5724 >ί<
2262 5656 2499 5727 μήκοντα
2517 5655 2830 5727 ἑρμηνείαν,
2869 5674 2885 5707 ι
2922 5652 3174 5724 Μεγάλης
3190 5650 3383 5723 βουλῆς
3414 5640 3642 5713 Ἀγγελος
3665 5656 3679 5687 ’
