3926 6260
278 296 411 352 1203

1289 294 1583 351 ECLOGA}
1618 292 2104 353 PBOPHETICIE.
2132 326 2198 336 —
2235 293 2364 350 LIB.
2402 293 2492 350 IV.

3376 297 3514 353 1210

276 416 341 483 χ
374 408 729 482 χρηματίζει’
782 407 924 462 κατὰ
971 408 1028 462 δὲ
1064 409 1155 462 τὸν
1196 409 1426 463 ’Δκύλαν
1475 411 1569 464 καὶ
1613 409 1744 463 αὐτὸ
1781 408 1835 461 τέ

1948 425 2071 465 men
2117 409 2238 479 ejus
2276 419 2361 465 est
2390 428 2407 461 ι
2438 408 2791 465 Admirabilis
2838 409 3219 475 consiliarius,
3261 409 3415 467 fortis
3460 422 3514 468 et

275 508 340 575 χ(
383 500 667 571 Ἐϐραῖκδν
693 500 753 553 τὸ
777 501 944 572 ὄνομα
968 500 1132 555 αὐτοῦ
1161 502 1277 554 ἐστι
1315 520 1333 552 ι
1366 501 1686 572 Θαυμαστὸς
1706 500 1844 573 σύμ-

278 597 340 668 Χ
371 590 580 655 ϐουλος,
623 590 872 660 ἰσχυρὸς,
900 590 1120 653 δυνατὸς
1151 583 1352 661 πατὴρ,
1378 589 1457 642 ἐτι
1477 590 1659 660 ἄρχων
1691 591 1842 661 εἰρή-

280 687 340 755 κ
372 700 469 753 γης
489 698 501 712 ·
546 700 563 731 ι
598 682 692 734 καὶ
725 681 865 739 κατά
895 682 984 735 τὸν
1016 683 1309 759 Σύμμαχον
1327 682 1405 745 δὲ,
1444 702 1463 733 ι
1500 682 1842 753 κληθήσεται

276 778 332 831 τὸ
381 776 549 845 ὄνομα
597 774 691 826 τοῦ
746 773 956 833 παιδίου
991 772 1433 845 Παρᾳδοξασμὸς,
1467 773 1839 845 βουλευτικὸς,

271 866 508 938 ἰσχυρὸς,
548 865 791 928 δυνατὸς,
832 864 1011 936 πατὴρ
1061 865 1273 928 αἰῶνος,
1319 864 1503 937 ἄρχων
1534 867 1775 938 εἰρήνης.
1817 886 1835 919 ι

280 959 632 1029 Ἀπαιτητὲον
691 960 873 1017 τοίνυν
930 943 1055 1023 τό⁴υς
1104 961 1168 1031 ἐκ
1220 961 1519 1031 περιτομῆς
1573 963 1722 1015 ποῖον
1774 959 1841 1019 ἂν

268 1050 485 1124 ἔχοι(εν)
520 1051 728 1105 παιδίον
760 1045 804 1119 ᾧ
843 1049 912 1104 τὰ
942 1051 1238 1127 τηλικαῦτα
1292 1051 1658 1124 ἐφαρμόσαιεν
1703 1069 1842 1124 παρ-

269 1146 509 1196 ιστάναι·
558 1140 679 1196 καθ’
710 1144 855 1213 ἡμᾶς
888 1143 996 1214 γὰρ
1022 1143 1255 1211 ἐπίνοιαι
1287 1146 1424 1197 εἰσιν
1459 1137 1617 1205 αῦται
1658 1142 1720 1216 (Γ.
1748 1142 1840 1216 48)

263 1235 363 1305 τῆς
390 1234 539 1297 θείας
556 1234 649 1287 τοῦ
675 1233 907 1306 Χριστοῦ
935 1234 1237 1305 δυνάμεως,
1260 1236 1341 1298 είς
1362 1234 1420 1288 ὃν
1447 1236 1496 1288 οἱ
1525 1235 1598 1307 μὴ
1623 1235 1842 1295 πιστεύ-

265 1343 455 1391 σαντες
494 1325 808 1396 θελήσουσιν
841 1327 890 1378 εἰ
935 1326 1270 1397 ἐγενήθησαν
1312 1325 1670 1398 πυρίκαυστοι
1708 1324 1841 1396 μᾶλ-

261 1417 412 1490 λονῆ
449 1417 532 1470 ὃτι
585 1418 683 1488 τὴν
737 1415 946 1469 ἐαυτῶν
995 1416 1268 1488 ἀποϐολὴν
1304 1416 1431 1470 ἰδεῖν
1470 1417 1564 1481 καὶ
1603 1417 1700 1487 τὴν
1732 1417 1840 1471 τῶν

262 1504 430 1557 ἐθνῶν
457 1505 752 1575 σωτηρίαν,
781 1506 847 1575 ἢν
877 1507 904 1559 ὁ
932 1504 1090 1576 ζῆλος
1122 1505 1325 1581 Κυρίου
1350 1504 1572 1560 Σαϐαὼθ
1597 1507 1840 1577 ποιήσειν

261 1597 495 1671 εἴρηται·
521 1591 566 1666 ᾧ
585 1598 919 1670 παραθήσεις
943 1599 1003 1652 τὸ
1024 1598 1175 1671 παρά
1202 1600 1427 1653 Μωῦσεί
1449 1598 1591 1661 οὕτω
1612 1616 1728 1663 πως
1751 1598 1839 1653 λε-

260 1688 551 1759 λεγμένον·
584 1709 602 1741 ι
631 1691 793 1743 Αύτοὶ
840 1690 1231 1762 παρεζήλωσάν
1273 1707 1340 1761 με
1366 1691 1424 1742 ἐν
1456 1692 1567 1754 τοῖς
1604 1688 1838 1754 εἰδώλοις

1944 509 2140 571 potens
2166 510 2341 572 pater,
2370 501 2537 556 etiam
2564 501 2820 573 princeps
2847 501 3033 573 pacis;
3055 521 3073 553 ι
3096 509 3150 557 et
3174 502 3328 573 juxta
3357 501 3516 574 Sym-

1944 593 2197 647 machum
2220 613 2233 648 :
2259 612 2276 644 ι
2298 592 2596 648 Vocabitur
2614 610 2813 649 nomen
2836 594 3048 664 pueruli
3071 594 3479 650 Admirabilitas
3495 635 3511 660 ,

1942 685 2326 753 consiliarius,
2355 686 2512 741 fortis
2533 726 2548 750 ,
2578 695 2806 757 potens,
2834 696 2987 756 pater
3013 686 3196 740 sat-culi
3218 724 3233 749 ,
3263 688 3515 756 princeps

1942 776 2113 846 pacis.
2149 796 2167 828 ι
2190 774 2487 831 Petendum
2520 784 2605 831 est
2631 777 2802 846 igitur
2824 792 2853 829 a
2879 775 3083 833 Judaeis
3109 792 3399 847 quemnam
3426 777 3518 830 ha-

1940 866 2143 933 beant,
2175 867 2264 922 cui
2297 867 2412 921 haec
2441 867 2691 937 adoptari
2729 868 2975 937 possint,
3007 870 3297 938 puerulum
3336 877 3518 925 osten-

1941 958 2092 1015 dere.
2143 958 2358 1013 Etenim
2398 960 2558 1029 juxta
2597 974 2698 1015 nos
2740 958 2944 1013 indicia
2989 969 3119 1016 sunt
3164 961 3282 1030 ipsa
3314 960 3516 1015 divinae

1941 1048 2148 1106 Christi
2193 1051 2517 1120 potestatis,
2560 1050 2616 1105 in
2655 1067 2815 1122 quem
2853 1052 2948 1121 qui
2993 1069 3101 1107 non
3146 1053 3514 1120 crediderint,

1942 1142 2127 1197 volent
2147 1182 2162 1205 ,
2190 1142 2236 1198 si
2266 1141 2469 1197 fuerint
2498 1143 2621 1213 igne
2645 1144 2915 1199 combusti
2941 1145 3123 1213 potius
3146 1160 3308 1215 quam
3335 1161 3519 1215 repro-

1942 1236 2218 1293 bationem
2268 1251 2422 1291 suam
2457 1235 2643 1291 videre
2668 1247 2723 1291 et
2752 1237 2992 1306 gentium
3040 1238 3305 1301 salutem,
3350 1252 3513 1307 quam

1943 1327 2097 1382 zelus
2144 1325 2361 1382 Domini
2409 1325 2651 1383 Sabaoth
2701 1329 2948 1383 facturus
2995 1344 3117 1384 esse
3160 1328 3382 1384 dicitur.
3433 1328 3515 1382 Ad

1943 1419 2088 1489 quod
2126 1427 2381 1491 spectant
2428 1420 2543 1475 haec
2584 1419 2728 1492 apud
2772 1419 3093 1492 Moysemu
3124 1421 3230 1491 Ipsi
3272 1437 3357 1475 me
3396 1436 3517 1491 pro-

1940 1517 2283 1565 vocaverunt
2317 1511 2371 1564 in
2403 1509 2566 1565 idolis
2598 1513 2745 1575 suis,
2776 1518 2830 1564 et
2854 1526 2957 1581 ego
2985 1511 3297 1581 provocabo
3331 1527 3427 1567 eos
3456 1513 3513 1567 in

1939 1615 2008 1654 co
2038 1600 2132 1670 qui
2165 1616 2277 1654 non
2310 1607 2398 1656 est
2429 1600 2692 1671 populus,
2723 1610 2777 1657 et
2807 1602 2861 1656 in
2890 1610 3052 1674 gente
3083 1603 3251 1655 stulta
3287 1602 3514 1659 irritabo

1940 1707 2036 1747 eos
2069 1692 2110 1746 ³.
2140 1712 2160 1744 ι
2188 1691 2389 1746 Verum
2422 1708 2523 1748 nec
2554 1694 2843 1762 praesentis
2872 1693 3154 1763 temporis,
3179 1709 3282 1748 nec
3327 1710 3515 1766 propo-

259 1782 461 1847 αὺτῶν,
514 1781 668 1851 κάγὼ
715 1782 1096 1854 παραζηλώσω
1144 1782 1339 1849 αὐτοὺς
1386 1784 1470 1836 ἐπ’
1513 1783 1612 1845 οὐκ
1662 1781 1835 1835 ἔθνει*

1944 1784 2037 1839 siti
2091 1791 2178 1840 est
2218 1784 2434 1855 singula
2485 1785 2784 1856 prophetia:
2825 1786 2993 1841 verba
3039 1785 3360 1855 elucidare;
3412 1803 3515 1843 nec

259 1875 347 1927 ἐπ’
378 1874 520 1929 ἔθνει
555 1875 793 1945 ἀσυνέτῳ
816 1874 1099 1947 παροργιῶ
1128 1875 1342 1938 αύτούς.
1375 1894 1393 1927 ι
1439 1874 1597 1928 Ἀλλὰ
1637 1874 1745 1946 γὰρ
1777 1875 1836 1928 ού

260 1966 353 2020 τοῦ
387 1967 653 2038 παρόντος
684 1967 901 2039 καιροῦ,
923 1955 1043 2021 ούδὲ
1074 1968 1180 2039 μὴν
1200 1965 1295 2021 τοῦ
1318 1966 1441 2021 καθ’
1468 1969 1613 2037 ἡμᾶς
1637 1968 1839 2039 τυγχά-

258 2076 337 2114 νει
368 2059 595 2123 σκοποῦ,
629 2061 862 2130 εκάστην
882 2060 1025 2127 λέξιν
1039 2059 1369 2130 διασαφῆσαι
1384 2060 1484 2131 τῆς
1500 2062 1836 2131 προφητείας

256 2149 688 2219 παραστήσεται·
714 2148 835 2219 (sic)
851 2150 996 2212 ὅπως
1025 2147 1237 2220 είρηται
1263 2149 1344 2212 τὸ,
1367 2166 1386 2199 ι
1419 2148 1511 2209 ἐπὶ
1530 2147 1620 2202 τὸν
1646 2148 1834 2219 θρόνον

252 2236 419 2293 Δαυῒδ
433 2238 525 2290 καὶ
554 2238 653 2308 τὴν
681 2236 953 2307 βασιλείαν
977 2236 1163 2301 αὑτοῦ,
1180 2235 1520 2307 κατορθῶσαι
1539 2236 1759 2307 αύτήν·›
1786 2229 1832 2305 ᾧ

256 2330 350 2382 καὶ
368 2330 515 2394 είκδς
543 2330 608 2384 ἂν
637 2333 719 2402 εἴη
740 2331 1042 2402 προσκόψαι
1067 2332 1193 2394 τοὺς
1220 2332 1285 2384 ἐκ
1308 2329 1630 2401 περιτομῆς,
1657 2329 1744 2383 διὰ
1772 2330 1832 2384 τὸ

1943 1873 2226 1945 quomodo
2256 1875 2498 1939 dicatur,
2526 1893 2543 1925 ι
2571 1890 2735 1945 super
2768 1876 2966 1931 solium
3001 1876 3169 1931 David
3201 1886 3255 1931 et
3284 1894 3511 1947 regnum

1940 1965 2062 2034 ejus
2107 1975 2166 2021 ut
2209 1965 2410 2038 dirigat
2456 1966 2612 2021 illud.
2650 1987 2668 2019 ι
2697 1966 2812 2021 Hoc
2852 1968 3074 2039 quidem
3100 1967 3320 2024 Iudaeos
3350 1970 3514 2024 offen-

1938 2058 2061 2122 det,
2092 2065 2385 2128 propterea
2414 2057 2558 2129 quod
2591 2073 2702 2113 non
2733 2059 3091 2128 corporaliter
3118 2074 3284 2130 super
3316 2063 3512 2117 solium

1937 2149 2108 2213 David
2134 2150 2365 2221 ejusque
2396 2166 2624 2222 regnum
2656 2151 2799 2206 sedit
2840 2149 3089 2205 Salvator
3142 2152 3515 2226 Dominusque

1937 2251 2127 2300 noster
2153 2243 2315 2298 Jesus
2344 2244 2616 2299 Christus.
2640 2243 2717 2299 De
2746 2260 2855 2313 quo
2883 2246 3161 2301 studiosos
3189 2247 3422 2305 lectores
3445 2249 3513 2303 ad

1937 2337 2334 2391 commentaria
2362 2337 2491 2389 olim
2525 2352 2557 2390 a
2585 2336 2744 2391 nobis
2783 2338 2991 2407 prolata
3023 2338 3373 2396 remittimus.

259 2421 334 2498 μὴ
360 2422 686 2503 σωματικῶς
716 2424 808 2477 ἐπὶ
837 2424 926 2485 τὸν
955 2423 1142 2495 θρόνον
1168 2422 1261 2476 καὶ
1296 2422 1394 2494 τὴν
1424 2421 1696 2492 βασιλείαν
1724 2421 1818 2485 τοῦ
1856 2425 2017 2480 Δαυῒδ
2045 2427 2393 2481 κεκαθικέναι
2433 2429 2525 2481 τὸν
2555 2428 2784 2500 Σωτῆρα
2816 2430 2911 2483 καὶ
2938 2430 3141 2502 Κύριον
3190 2431 3344 2504 ἡμῶν
3414 2432 3517 2504 Ἰη-

256 2517 385 2571 σοῦν
406 2520 637 2591 Χριστόν
657 2535 670 2547 '
696 2520 761 2573 δι’
778 2519 914 2591 ὅπερ
930 2518 1347 2590 ἀναπέμψαντες
1369 2517 1495 2582 τοὺς
1515 2515 1832 2587 φιλομαθεῖς
1868 2521 1962 2576 ἐπὶ
1993 2521 2060 2576 τὰ
2088 2524 2169 2586 είς
2201 2524 2325 2586 τοὺς
2353 2523 2550 2587 τόπους
2595 2523 2984 2595 ὑπομνήματα,
3021 2527 3183 2595 ἡμεῖς
3215 2527 3274 2579 τὸ
3319 2542 3517 2598 προτει-

258 2610 346 2664 θὲν
378 2609 869 2684 διαπερανούμεθα,

782 2733 1179 2791 ΚΕΦΑΛΑΙΟΝ
1231 2736 1313 2788 H'.

330 2844 347 2876 ι
392 2826 524 2880 Ἰδοὺ
555 2825 618 2898 δὴ
643 2828 671 2879 δ
703 2826 967 2896 δεσπότης
1009 2825 1214 2897 Κύριος
1246 2824 1472 2880 Σαϐαὼθ
1511 2825 1835 2898 συνταράξει

234 2904 375 2978 ’τοὺς
400 2915 645 2981 ἐνδόξους
685 2914 821 2986 μετά
858 2914 1058 2986 ἰσχύος,
1091 2915 1184 2968 καὶ
1213 2915 1405 2985 ὑψηλοὶ
1425 2918 1491 2987 τῇ
1526 2914 1682 2987 ὕϐρει
1714 2932 1836 2975 συν-

2525 2733 2754 2790 CAPUT
2798 2734 2933 2792 Vlll.

2009 2845 2029 2877 α
2070 2824 2211 2881 Ecce
2256 2825 2577 2883 dominator
2621 2825 2886 2882 Dominus
2938 2824 3176 2882 Sabaoth
3203 2826 3513 2899 confringet

1933 2916 2142 2971 nobiles
2185 2930 2309 2970 cum
2357 2914 2713 2979 fortitudine,
2748 2925 2803 2971 et
2831 2918 3035 2972 excelsi
3069 2927 3282 2972 statura
3319 2921 3502 2973 succi-

254 3008 623 3079 τριϐήσονται,
661 3007 754 3061 καὶ
788 3005 1307 3077 ταπεινωθήσονται,
1343 3006 1438 3059 καὶ
1470 3006 1758 3063 πεσοῦνται
1783 3008 1833 3060 οἱ

1940 3008 2154 3073 dentur,
2183 3014 2237 3062 et
2255 3006 2516 3062 sublimes
2550 3006 3005 3065 humiliabuntur.
3027 3008 3092 3062 Et
3123 3010 3514 3065 suhvertentur

255 3098 444 3168 ὑψηλοὶ
481 3098 760 3170 μαχαίρᾳ·
787 3099 814 3151 ὁ
839 3097 897 3149 δὲ
928 3096 1152 3160 Λίϐανος
1195 3097 1290 3151 σὺν
1322 3099 1433 3161 τοῖς
1474 3096 1693 3168 ὑψηλοῖς
1729 3115 1831 3150 πε-

253 3193 440 3243 σεῖται.
469 3191 586 3244 Καὶ
609 3188 947 3254 ἐξελεύσεται
981 3188 1176 3259 ῥάϐδος
1202 3189 1267 3242 ὲκ
1290 3188 1389 3259 τῆς
1417 3188 1573 3261 ῥίζης
1609 3189 1828 3253 Ἰεσσαὶ,

253 3282 345 3336 καὶ
374 3283 540 3346 ἄνθος
560 3284 624 3336 ἐκ
656 3282 754 3352 τῆς
778 3279 933 3353 ῥίζης
961 3280 1311 3353 ἀναϐήσεται,
1342 3281 1437 3334 καὶ
1460 3280 1835 3337 ἐπαναπαύσε-

252 3392 336 3430 ται
372 3378 457 3430 ἐπ’
511 3377 672 3433 αὑτὸν
702 3374 917 3446 πνεῦμα
943 3370 1034 3427 τοῦ
1068 3370 1224 3437 Θεοῦ,
1250 3372 1467 3444 πνεῦμα
1519 3371 1708 3442 σοφίας
1740 3373 1834 3433 καὶ

254 3469 543 3532 συνέσεως,
591 3466 807 3538 πνεῦμα
841 3466 1036 3537 βουλῆς
1066 3465 1159 3519 καὶ
1199 3464 1400 3536 ἰσχύος,
1438 3463 1651 3535 πνεῦμα
1694 3463 1834 3533 γνώ-

256 3575 388 3624 σεως
434 3561 534 3614 καὶ
569 3559 849 3623 εὐσεϐείας
892 3557 1160 3629 ἐμπλήσει
1199 3555 1395 3612 αὐτόν’
1422 3556 1639 3628 πνεῦμα
1665 3556 1832 3628 φόϐου

254 3648 385 3707 θεοῦ
405 3654 465 3704 ού
503 3651 647 3704 κατά
674 3650 771 3722 τὴν
791 3650 946 3715 δόξαν
972 3651 1166 3723 κρινεῖ,
1190 3649 1310 3702 οὐδὲ
1342 3647 1485 3702 κατὰ
1516 3648 1614 3721 τὴν
1641 3648 1830 3703 λαλιὰν

255 3737 485 3809 ἐλέγξει,
525 3740 660 3795 ἀλλά
684 3744 858 3813 κρινεῖ
876 3739 1113 3810 ταπεινῷ
1139 3740 1338 3813 κρίσιν,
1363 3740 1456 3792 καὶ
1474 3739 1683 3808 ἐλέγξει
1705 3740 1833 3802 τοὺς

255 3834 545 3894 ταπεινοὺς
589 3832 689 3901 τῆς
736 3832 862 3902 γῆς,
908 3832 1003 3885 καὶ
1036 3829 1263 3896 πατάξει
1296 3830 1401 3901 γῆν
1447 3828 1526 3900 τῷ
1555 3830 1698 3903 λόγῳ
1735 3831 1831 3886 τοῦ

256 3920 524 3992 στόματος
553 3921 740 3985 αὑτοῦ,
766 3923 860 3975 καὶ
894 3923 951 3973 ἐν
982 3921 1248 3991 πνεύματι
1281 3921 1368 3983 διὰ
1395 3920 1615 3990 χειλέων
1656 3921 1834 3975 ἀνελεῖ

256 4011 457 4085 ἀσεϐῆο
515 4015 609 4068 καὶ
649 4014 799 4068 ἕσται
843 4013 1155 4088 δικαιοσύνῃ
1198 4015 1504 4086 ἐζωσμένος
1537 4015 1636 4087 τὴν
1664 4017 1833 4085 ὀσφὺν

259 4103 452 4172 αὐτοῦ,
497 4107 591 4159 καὶ
633 4106 858 4175 ἀληθείᾳ
903 4105 1186 4176 είλημένος
1222 4105 1322 4170 τὰς
1364 4106 1603 4178 πλευρὰς
1646 4107 1829 4161 αὑτοῦ.

259 4195 364 4250 Καὶ⁹
407 4197 920 4269 συμϐοσκηθήσεται
965 4196 1126 4261 λύκος
1161 4196 1299 4268 μετά
1338 4198 1519 4268 ἀρνὸς,
1553 4197 1649 4251 καὶ
1693 4199 1834 4271 πάρ-

257 4283 402 4352 δαλις
448 4288 920 4343 συναναπαύσεται
978 4289 1184 4360 ἐρίφῳ,
1232 4288 1323 4349 καὶ
1393 4289 1686 4360 μοσχάριον
1738 4290 1833 4343 καὶ

1938 3099 2142 3153 excelsi
2188 3097 2371 3159 ferro:
2408 3104 2463 3152 et
2512 3095 2756 3154 Libanus
2804 3113 2930 3153 cum
2963 3100 3204 3155 excelsis
3233 3101 3412 3156 cadet.
3449 3100 3514 3156 Et

1937 3188 2251 3258 egredietur
2279 3188 2432 3258 virga
2460 3186 2528 3241 de
2559 3187 2744 3244 radice
2776 3187 2962 3253 Jesse,
3007 3196 3061 3245 et
3100 3189 3200 3245 llos
3234 3190 3301 3245 de
3331 3190 3517 3248 radice

1937 3280 2058 3348 ejus
2103 3280 2396 3344 ascendet,
2448 3288 2502 3336 et
2540 3282 2848 3350 requiescet
2897 3296 3061 3352 super
3106 3298 3232 3337 eum
3289 3285 3515 3354 spiritus

1938 3370 2066 3436 Dei,
2098 3372 2323 3441 spiritus
2350 3371 2632 3439 sapientiae
2654 3380 2710 3425 et
2738 3372 3080 3436 intellectus,
3109 3373 3343 3443 spiritus
3377 3390 3512 3429 con-

1936 3463 2049 3519 siiii
2093 3472 2148 3518 et
2190 3462 2561 3527 fortitudinis,
2607 3464 2839 3532 spiritus
2883 3465 3128 3519 scientia:
3160 3473 3215 3520 et
3245 3465 3508 3534 pictatis:

1937 3556 2169 3626 replebit
2206 3571 2329 3611 eum
2362 3557 2588 3625 spiritus
2618 3556 2833 3610 timoris
2870 3555 2963 3610 Dei
2994 3575 3008 3622 ;
3051 3573 3161 3611 non
3208 3556 3509 3611 secundum

1936 3647 2246 3718 opinionem
2257 3646 2544 3715 judicahit,
2562 3660 2739 3714 neque
2767 3646 3066 3699 secundum
3094 3646 3365 3715 loquelam
3397 3646 3515 3700 red-

1939 3746 2151 3811 arguet,
2213 3738 2309 3793 sed
2346 3737 2617 3808 judicabit
2643 3737 2833 3791 humili
2874 3736 3174 3806 judicium,
3219 3746 3273 3790 et
3320 3736 3512 3790 redar-

1936 3837 2066 3901 guet
2104 3830 2340 3885 humiles
2372 3836 2566 3894 terrai,
2618 3836 2673 3884 et
2697 3829 3035 3898 eritjustitia
3061 3828 3340 3898 cingulum
3375 3827 3514 3881 lum-

1935 3923 2129 3978 borum
2164 3922 2285 3991 ejus
2311 3962 2325 3987 ,
2361 3928 2416 3977 et
2441 3922 2647 3976 veritas
2671 3920 3051 3977 indumentum
3085 3920 3315 3974 laterum
3347 3919 3512 3989 ejus;

1936 4023 1991 4071 et
2018 4024 2274 4086 pascetur
2295 4014 2460 4071 simul
2482 4015 2643 4085 lupus
2666 4029 2791 4070 cum
2820 4028 2961 4085 agno
2982 4053 2997 4077 ,
3030 4021 3085 4068 et
3109 4012 3315 4082 pardus
3348 4012 3513 4068 simul

1935 4103 2186 4173 quiescet
2212 4118 2337 4158 cum
2361 4102 2549 4165 haedo,
2583 4112 2638 4157 et
2670 4104 2875 4158 vitulus
2907 4112 2960 4157 et
2991 4103 3090 4158 bos
3131 4110 3186 4159 et
3226 4104 3312 4157 leo
3352 4103 3511 4157 simul

1938 4202 2270 4263 pascentur:
2305 4192 2468 4248 simul
2506 4194 2853 4262 requiescent
2884 4195 3051 4248 catuli
3083 4210 3273 4249 eorum
3299 4233 3315 4255 ,
3351 4206 3398 4249 et
3430 4195 3514 4249 leo

1935 4286 2090 4356 quasi
2116 4271 2214 4341 bos
2243 4284 2492 4341 comedet
2518 4288 2723 4358 paleas.
2757 4285 2822 4339 Et
2848 4286 3208 4341 delectabitur
3232 4285 3414 4339 infans
3444 4286 3513 4340 ab

257 4379 451 4451 ταῦρος
504 4381 600 4433 καὶ
656 4380 793 4434 λέων
828 4380 943 4451 ἅμα
986 4380 1435 4451 βοσκηθήσονται,
1478 4382 1569 4433 καὶ
1605 4381 1721 4451 ἅμα
1761 4381 1830 4435 τά

1940 4381 2102 4434 ubere
2148 4393 2315 4449 super
2365 4378 2634 4433 foramine
2670 4378 2915 4449 aspidis,
2961 4385 3017 4433 et
3055 4379 3108 4430 in
3156 4392 3391 4432 caverna
3425 4393 3514 4433 re-

258 4471 442 4526 παιδία
490 4470 669 4525 αὐτῶν
713 4471 946 4535 ἔσονται,
1003 4473 1097 4526 καὶ
1141 4471 1276 4523 λέων
1314 4471 1389 4535 ὡς
1429 4469 1556 4541 βοῦς
1598 4472 1828 4540 φάγεται

258 4559 452 4636 ἄχυρα,
486 4566 581 4619 καὶ
623 4564 834 4617 παιδίον
859 4566 1051 4635 νήπιον
1076 4564 1167 4617 ἐπὶ
1198 4563 1447 4635 τρώγλην
1475 4563 1715 4617 ἀσπίδων
1741 4565 1835 4617 καὶ

262 4653 352 4709 ιπι
381 4659 567 4729 κοίτην
602 4656 838 4726 ἐγγόνων
870 4655 1111 4708 ἀσπίδων
1136 4654 1235 4725 τὴν
1265 4658 1421 4727 χεῖρα
1449 4655 1716 4721 ἐπιϐαλεῖ,
1743 4657 1835 4710 καὶ

261 4746 319 4799 ὀὐ
347 4748 419 4824 μὴ
444 4744 1040 4820 κακοποιήσωσιν,ούδέ
1069 4747 1142 4818 μὴ
1173 4746 1432 4801 δύνωνται
1453 4749 1714 4804 ἀπολέσαι
1748 4748 1837 4802 οὐ·

258 4834 380 4891 δένα
408 4841 501 4895 ἐπὶ
518 4841 579 4894 τὸ
612 4841 736 4913 ὅρος
762 4840 824 4893 τὸ
848 4840 1002 4909 ἅγιόν
1031 4857 1151 4910 μου,
1183 4840 1265 4893 ἅτι
1293 4839 1599 4913 ἐνεπλήσθη
1627 4844 1660 4913 ή
1694 4841 1835 4912 σύμ-

261 4947 404 4985 πασα
432 4936 502 5005 γῆ
526 4933 619 4988 τοῦ
642 4932 843 5002 γνῶναι
863 4932 956 4985 τὸν
978 4932 1204 5004 Κύριον,
1222 4931 1297 4996 ὡς
1330 4931 1473 5005 ὕδωρ
1503 4934 1636 4987 πολὺ
1666 4951 1833 4988 κατα-

259 5023 491 5094 καλύψαι
521 5024 814 5086 θαλάσσας·
855 5023 951 5076 καί
982 5022 1135 5076 ἐσται
1166 5023 1225 5076 ἐν
1260 5026 1327 5095 τῇ
1362 5023 1546 5096 ἡμέρᾳ
1578 5025 1762 5097 ἐκείνῃ
1800 5026 1833 5095 ή

261 5111 382 5179 ῥίζα
415 5116 506 5170 τοῦ
555 5116 772 5177 Ἰεσσαὶ,
807 5114 900 5169 καὶ
931 5117 960 5168 ὁ
1006 5114 1362 5185 ἀνιστάμενος
1406 5114 1594 5186 ἄρχειν
1643 5115 1832 5180 ἐθνῶν,

258 5200 342 5254 ἐπ’
372 5207 518 5278 αὐτῷ
558 5207 685 5278 ἔθνη
718 5205 983 5271 ἐλπιοῦσι,
1020 5205 1114 5259 καὶ
1139 5205 1291 5259 ἔσται
1325 5207 1360 5276 ή
1393 5206 1698 5271 ἀνάπαυσις
1731 5207 1834 5261 αὺ-

260 5293 350 5348 τοῦ
391 5301 545 5371 τιμή.
578 5320 596 5352 ι
647 5299 768 5353 Οὐδ’
814 5299 968 5353 αὐτοὶ
1006 5298 1057 5351 οἱ
1094 5300 1160 5351 ἐκ
1186 5297 1488 5369 περιτομῆς
1517 5297 1675 5352 ἄλλον
1712 5296 1833 5353 τινὰ

259 5385 350 5439 τοῦ
393 5390 629 5463 Χριστοῦ
669 5389 761 5445 τὸν
802 5388 1036 5444 ἐνταῦθα
1088 5389 1562 5462 προφητευόμενον
1612 5390 1833 5462 ὑπειλή-

263 5489 412 5544 φασι,
445 5481 584 5551 πλὴν
610 5481 733 5535 ὅσον
763 5480 856 5532 ἐπὶ
878 5479 1007 5550 ψιλῇ
1041 5481 1110 5548 τῇ
1140 5478 1242 5548 τῆς
1274 5478 1610 5550 προφητείας
1636 5479 1829 5551 ἔκδοκῇ

266 5570 714 5641 σωματικὼτερον
760 5568 978 5623 ἔσεσθαι
1022 5568 1416 5639 φανταζόμενοι
1458 5568 1526 5622 τά
1565 5569 1705 5624 κατά
1742 5570 1831 5624 τὸν

342 5725 538 5785 ‘Deut.
567 5743 741 5791 xxxu,
768 5727 856 5781 ‘21.
932 5730 951 5759 ³
979 5725 1083 5783 lsa.
1122 5743 1175 5792 κ,
1211 5727 1298 5791 55,
1327 5727 1394 5784 ὖιί
1418 5742 1431 5793 ;
1455 5743 1532 5791 xl,
1567 5728 1710 5782 l-iﬂ.

1935 4471 2046 4542 guli
2072 4514 2086 4536 ,
2129 4470 2223 4540 qui
2260 4471 2564 4525 ablactatus
2604 4469 2769 4525 fuerit
2795 4511 2809 4534 ,
2854 4485 3073 4525 manum
3119 4486 3276 4525 suam
3315 4471 3510 4526 mittet.

1938 4562 2057 4616 Non
2089 4562 2360 4616 nocebunt
2387 4601 2400 4622 ,
2437 4569 2491 4614 et
2524 4576 2633 4615 non
2665 4561 2917 4615 occident
2952 4561 3004 4615 in
3041 4562 3300 4617 universo
3329 4570 3515 4617 monte

1940 4657 2129 4704 sancto
2156 4664 2277 4703 meo
2305 4666 2318 4702 :
2352 4652 2481 4718 quia
2514 4648 2721 4718 repleta
2753 4657 2839 4703 est
2871 4656 3016 4703 terra
3062 4651 3290 4705 scientia
3327 4649 3515 4705 Domi:

1938 4742 2030 4804 ni,
2065 4740 2207 4796 sicut
2235 4753 2390 4810 aquae
2415 4739 2586 4793 maris
2616 4738 2946 4809 aperientes.
2983 4738 3048 4793 Et
3076 4740 3183 4794 erit
3213 4741 3266 4794 in
3296 4739 3386 4793 die
3419 4739 3510 4793 illa

1938 4836 2097 4890 radix
2148 4832 2337 4899 Jesse,
2385 4842 2440 4889 et
2479 4835 2573 4904 qui
2622 4834 2800 4904 surgit
2842 4845 2901 4887 ut
2950 4834 3180 4903 imperet
3224 4833 3511 4901 gentibus,

1938 4928 2120 4998 ipsum
2171 4935 2360 4998 gentes
2405 4926 2870 4997 deprecabuntur,
2933 4934 2988 4980 ct
3039 4925 3142 4979 erit
3201 4924 3513 4993 sepulcrum

1938 5022 2059 5092 ejus
2088 5020 2386 5091 gloriosum
2414 5023 2456 5074 ¹.
2490 5039 2509 5072 ι
2537 5019 2724 5089 Neque
2749 5020 2851 5090 ipsi
2879 5018 3048 5073 Jndmi
3077 5019 3241 5071 alium
3265 5016 3519 5087 quemvis

1936 5130 2002 5168 ac
2079 5114 2364 5169 Christum
2436 5113 2508 5168 ibi
2583 5113 3015 5184 prophetizatum
3080 5110 3510 5173 intellexerunt,

1939 5205 2045 5260 nisi
2089 5204 2349 5260 nimirum
2391 5204 2761 5275 corporaliter
2777 5213 2998 5273 accepta
3028 5203 3191 5273 hujus
3215 5200 3514 5273 prophetia:

1941 5298 2194 5369 simplice
2227 5298 2406 5353 littera
2429 5338 2443 5361 ,
2470 5298 2524 5351 in
2551 5296 2841 5351 Dominum
2869 5303 3114 5351 nostrum
3137 5293 3321 5350 Jesum
3345 5293 3510 5348 Chri-

1937 5398 2080 5447 stum
2104 5391 2263 5445 iidem
2289 5389 2551 5445 adbibere
2573 5396 2825 5444 renuant.
2846 5387 2958 5443 Nos
2994 5402 3125 5442 vero
3151 5385 3334 5440 omnia
3353 5385 3509 5455 juxta

1936 5482 2274 5554 prophetiam
2324 5481 2489 5552 digna
2533 5496 2657 5536 esse
2703 5479 2813 5536 Deo
2847 5494 3167 5551 persuasum
3197 5478 3463 5535 habentes
3488 5517 3505 5542 ,

1935 5575 2001 5631 de
2065 5574 2310 5630 moribus
2357 5573 2642 5628 hominum
2691 5570 2990 5628 Salvatoris
3040 5569 3212 5627 nostri
3270 5570 3504 5626 adventu
