3926 6260
541 295 670 351 1211

1209 292 1476 348 EUSEBII
1510 293 1992 349 CAESARIENSIS
2030 293 2179 349 OPP.
2224 291 2419 346 PARS.
2457 291 2542 346 111.
2585 323 2656 332 -
2692 287 3106 344 EXEGETICA.

3583 297 3678 349 1212

534 409 603 463 ab
654 407 956 477 iniquitatis
1010 403 1282 474 profundo
1331 405 1387 459 in
1438 407 1912 461 mansuetudinem
1970 423 2072 461 con

2202 405 2364 458 τόπον
2389 406 2489 475 τὴν
2516 405 2596 467 είς
2628 403 2720 457 τὸν
2755 403 2958 474 Κύριον
2981 401 3136 473 ἡμῶν
3177 402 3370 472 Ἰησοῦν
3399 405 3588 475 Χριστὸν
3611 413 3678 484 οὺχ

532 500 709 554 versis
751 498 863 551 haac
907 497 1014 551 dici
1052 495 1428 550 credidimus:
1467 513 1611 550 nunc
1647 514 1820 567 usque
1855 499 2100 552 videntes

529 592 802 661 quomodo
845 597 896 642 et
929 603 1035 658 qua
1071 589 1284 643 ratione
1317 589 1373 642 in
1407 588 1666 645 Ecclesiis
1695 606 1816 660 qua:
1847 598 1975 645 sunt
2007 607 2098 644 su-

530 696 626 750 per
656 690 896 740 terram,
954 679 1189 731 adventu
1238 677 1364 732 Jesu
1399 679 1602 734 Christi
1641 698 1671 735 e
1718 680 1901 735 radice
1945 679 2098 736 Jesse

523 769 843 839 germinati,
899 769 1145 840 plerique
1196 769 1475 823 hominum
1525 769 1898 826 transformati
1947 772 2092 838 sint,

521 868 686 930 atque
715 868 906 913 natura
939 876 1038 914 sua
1068 861 1335 916 immutati
1368 863 1520 932 prius
1551 862 1748 925 ferina,
1781 879 1907 917 cum
1934 866 2093 934 quasi

519 950 633 1020 lupi
678 952 860 1018 prius,
899 959 951 1006 et
987 952 1139 1019 pardi
1170 962 1223 1006 et
1259 954 1441 1009 leones
1466 995 1481 1017 ,
1519 963 1824 1024 caateraque
1855 953 2092 1009 ferarum

517 1051 574 1096 et
615 1043 952 1112 serpentium
996 1059 1195 1112 genera
1252 1045 1537 1110 viverent,
1595 1047 1736 1101 sicut
1789 1063 1884 1102 eos
1935 1047 2092 1116 juxta

517 1137 796 1203 propriam
863 1137 1130 1205 cujusque
1186 1137 1447 1190 malitiam
1507 1145 1561 1192 et
1621 1138 1965 1208 iniquitatem
2025 1154 2090 1193 ex

517 1227 771 1297 aualogia
818 1230 1099 1298 prophetia
1140 1237 1317 1283 vocat.
1352 1230 1454 1296 Qui
1484 1241 1538 1285 et
1570 1234 1820 1287 conversi
1847 1241 1900 1287 et
1931 1233 2087 1302 quasi

516 1322 888 1392 transﬁgurati
949 1323 1003 1376 in
1067 1331 1279 1376 tantum
1344 1325 1785 1380 mansuetudinis
1845 1326 2088 1396 provecti

515 1420 674 1477 sunt,
732 1425 789 1467 ut
841 1415 1003 1470 simul
1059 1427 1430 1486 pascerentur,
1479 1417 1724 1472 eamdem
1772 1425 2085 1472 sanctorum

516 1504 610 1560 Dei
643 1508 931 1561 verborum
979 1523 1162 1562 escam
1207 1509 1554 1565 comedentes
1589 1525 1714 1563 cum
1757 1509 2088 1566 mansuetis—

514 1596 668 1652 simis
698 1599 806 1651 vita
845 1596 935 1652 Dei
968 1600 1100 1654 viris
1130 1600 1318 1670 justis.
1349 1615 1486 1670 quos
1523 1606 1746 1670 propter
1774 1600 1938 1654 talem
1971 1601 2086 1654 ani-

512 1705 609 1743 ma
645 1690 1010 1745 innocentiam
1048 1693 1273 1762 privatis
1299 1699 1353 1747 et
1383 1692 1843 1748 iuansuetissimis
1876 1693 2083 1745 anima-

2197 496 2520 566 ὁμολογοῦσι
2557 496 2756 549 πίστιν·
2784 497 2945 564 ἡμεῖς
2973 494 3018 546 δ’
3047 493 3144 546 ὅλα
3167 492 3233 544 τὰ
3263 492 3392 545 κατά
3420 495 3502 563 τὴν
3524 515 3678 572 etiam-

2197 589 2346 641 τείαν
2388 588 2512 654 ἀξια
2553 584 2691 641 εἶναι
2735 586 2865 639 Θεοῦ
2903 585 3230 654 πειθόμενοι,
3268 585 3385 654 περὶ
3416 589 3591 656 τροπῶν
3616 593 3679 646 ἀν.

2199 679 2481 750 θρωπείων
2513 679 2622 731 τῶν
2651 678 2739 732 διὰ
2757 679 2854 748 τῆς
2876 675 3199 745 ἐπιφανείας
3223 674 3312 727 τοῦ
3336 677 3550 746 Σωτῆρος
3569 681 3680 749 ἡμῶν

2196 773 2303 825 ἀπὸ
2335 773 2425 825 τοῦ
2459 772 2650 842 βάθους
2689 771 2787 841 τῆς
2829 770 3026 833 κακίας
3065 771 3145 832 είς
3187 769 3475 839 ἡμερότητα
3508 773 3679 840 μεταϐεο

2195 865 2470 934 ϐληκότων
2489 864 2659 918 ταῦτα
2685 862 2938 930 λέγεσθαι
2964 860 3413 929 πεπιστεύκαμεν·
3441 861 3507 912 ἔτι
3528 864 3680 917 καὶνῧν

2193 956 2424 1027 ὁρῶντες
2454 955 2571 1019 πῶς
2599 955 2692 1008 καὶ
2714 954 2836 1007 τίνα
2858 954 3056 1024 τρόπον
3083 954 3138 1004 ἐν
3162 954 3281 1014 ταῖς
3303 950 3431 1003 κατὰ
3447 953 3529 1022 τὴν
3551 956 3680 1006 οἰκου-

2196 1049 2364 1120 μένην
2397 1049 2476 1120 [ἐν
2499 1048 2640 1120 ταῖς]
2671 1047 3015 1118 Ἐκκλησίαις
3055 1052 3190 1116 μετά
3220 1043 3313 1114 τὴν
3335 1047 3590 1115 παρουσίαν
3615 1049 3678 1100 τοῦ

2195 1143 2258 1194 ὲκ
2286 1142 2384 1212 τῆς
2420 1141 2574 1213 ῥίζης
2601 1140 2661 1210 (1⁵.
2693 1140 2762 1193 48
2785 1141 2860 1209 νο)
2907 1139 3099 1190 Ἰεσσαὶ
3137 1137 3532 1207 βεϐλαστηκότος
3555 1139 3680 1207 Ἰησοῦ

2192 1233 2448 1306 Χριστοῦ,
2471 1235 2519 1286 οἱ
2556 1232 2739 1285 πολλοὶ
2783 1232 2892 1284 τῶν
2939 1229 3238 1301 ἀνθρώπων
3291 1228 3681 1299 μετεπλὰσθησαν,

2191 1327 2285 1379 καὶ
2326 1325 2424 1396 τὴν
2476 1325 2636 1395 φύσιν
2673 1323 2841 1393 αὐτὴν
2869 1322 2977 1376 ἀπὸ
3006 1321 3098 1374 τοῦ
3129 1318 3418 1390 θηριώδους
3458 1319 3682 1390 μετέϐαλον

2191 1418 2329 1488 βίου,
2365 1418 2517 1471 λύκοι
2548 1418 2689 1481 τινές
2726 1417 2878 1478 ὄντες
2919 1414 2980 1467 τὸ
3032 1412 3420 1486 πρότερον,κα“ι
3459 1413 3684 1484 παρδάλεις

2187 1508 2278 1560 τὸν
2311 1509 2504 1561 τοιονδὶ
2539 1509 2755 1580 τρόπον,
2781 1507 2994 1568 λέοντές
3025 1521 3082 1558 τε
3112 1506 3203 1557 καὶ
3217 1505 3318 1556 ὅσα
3345 1503 3465 1557 ἄλλα
3492 1502 3621 1575 θηρία
3643 1522 3684 1557 τε

2189 1600 2282 1653 καὶ
2313 1601 2517 1672 ἑρπετὰ
2549 1603 2668 1655 κατ’
2699 1601 2984 1669 ἀναλογίαν
3023 1599 3123 1668 τῆς
3166 1599 3222 1648 ἐν
3261 1595 3464 1666 ἑκάστῳ
3497 1596 3684 1666 ποικῦης

2188 1691 2384 1754 κακίας
2412 1708 2472 1744 τε
2506 1693 2597 1745 καὶ
2630 1691 2890 1762 πονηρίας
2925 1693 2958 1759 ἡ
2996 1686 3300 1760 προφητεία
3341 1684 3615 1752 καταλέγει·
3649 1686 3684 1740 oi

513 1779 693 1843 libus,
731 1789 894 1850 atque
938 1784 1259 1839 lactentibus
1303 1784 1486 1853 pueris
1526 1783 1743 1837 divinus
1785 1784 2072 1854 aequiparal

2188 1784 2280 1836 καὶ
2330 1782 2686 1854 μεταθέμενοι
2733 1783 2827 1836 καὶ
2873 1779 3112 1848 ὡσπερεὶ
3163 1775 3686 1848 μεταπλασ,θέντες,είς

513 1888 718 1928 sermo.
767 1875 823 1928 Si
869 1881 993 1944 quis
1047 1876 1189 1930 haud
1242 1875 1401 1929 facile
1452 1875 1567 1929 hazc
1617 1875 1886 1944 accipiat,
1937 1876 2084 1930 dicat

508 1965 784 2034 quomodo
815 1968 972 2020 aliter
1001 1985 1030 2022 e
1065 1984 1229 2022 sensu
1275 1967 1551 2020 communi
1595 1967 1740 2021 hunc
1782 1968 1956 2038 possit
1994 1970 2080 2022 in-

509 2058 795 2124 terpretari
839 2059 1038 2112 locum.
1085 2059 1451 2123 Quamobrem
1499 2058 1666 2128 igitur
1709 2066 1764 2114 et
1809 2061 2084 2129 quomodo

508 2141 751 2202 Libanus
784 2164 908 2202 cum
939 2150 1172 2204 excelsis
1205 2148 1404 2202 cadet?
1434 2148 1720 2216 Quomodo
1747 2166 1852 2204 non
1882 2151 2082 2222 allego-

507 2240 620 2293 rice
645 2241 876 2309 accipiet
917 2256 1092 2311 neque
1141 2241 1389 2311 virgam,
1444 2257 1622 2311 neque
1669 2241 1856 2297 ﬂorem
1902 2259 1968 2298 ex
2015 2259 2079 2298 ea

505 2333 994 2401 germinaturum?
1057 2332 1324 2388 Ostendat
1383 2333 1657 2403 quomodo
1721 2336 2080 2404 corporaliter

503 2423 654 2492 virga
699 2441 989 2495 egressura
1029 2426 1097 2480 de
1133 2427 1317 2481 radice
1359 2424 1515 2483 Jesse
1559 2425 1797 2490 dicatur,
1835 2435 1888 2480 et
1934 2427 2077 2482 unde

501 2514 606 2570 ﬂos
631 2530 662 2571 e
692 2516 877 2570 radice
907 2516 1026 2585 ejus
1057 2532 1412 2573 ascensurus.
1451 2516 1507 2569 Si
1539 2525 1719 2571 autem
1740 2559 1754 2582 ,
1787 2519 1933 2587 quod
1965 2535 2080 2587 per-

501 2606 718 2663 dilliciie
746 2616 862 2671 est,
893 2609 961 2663 de
991 2609 1074 2664 his
1108 2609 1620 2678 interpretationem
1647 2608 1905 2662 exhibere
1935 2609 2076 2661 nita-

502 2710 610 2766 tur,
646 2701 862 2756 altende
896 2717 1079 2754 annon
1110 2701 1336 2770 pulchre
1371 2700 1528 2754 nobis
1556 2707 1611 2753 et
1640 2700 1847 2770 reliqua
1879 2699 2072 2753 Salva-

499 2796 636 2849 toris
685 2795 860 2849 nostri
907 2794 1142 2848 adventu
1186 2793 1400 2862 plenum
1449 2800 1705 2846 eventum
1759 2791 2070 2847 habuerint.

499 2890 632 2953 Qum
678 2895 732 2943 et
783 2895 1151 2956 congruenter
1197 2901 1320 2939 cum
1367 2877 1651 2956 prophetia
1702 2884 2065 2946 advenerunt,

502 2977 799 3034 contractis
836 2993 865 3031 a
899 2977 1128 3032 Domino
1159 2975 1396 3030 Sabaoth
1435 2973 1639 3045 prioris
1671 2975 1857 3044 populi
1887 2990 2066 3043 quon-

498 3069 624 3120 dam
655 3059 932 3122 nobilibus
953 3108 967 3131 ,
1000 3083 1138 3136 quos
1169 3075 1222 3122 et
1251 3067 1493 3121 elevatos
1537 3065 1680 3118 facta
1723 3066 1778 3119 in
1814 3063 2066 3119 Salvato-

497 3175 612 3214 rem
644 3169 890 3215 nostrum
924 3160 1122 3228 injuria
1142 3200 1156 3224 ,
1189 3159 1548 3216 conterendos
1578 3166 1631 3213 et
1662 3158 2030 3214 humiliandos
2050 3199 2064 3223 ,

496 3260 551 3306 et
581 3250 915 3319 dejiciendos
946 3267 1068 3307 esse
1101 3254 1453 3320 praenuntiat.
1491 3249 1627 3304 Cum
1679 3249 1786 3304 illis
1815 3259 1868 3304 et
1907 3249 2070 3304 Liba-

497 3360 626 3398 nmu
672 3345 1054 3414 prolapsurum
1089 3343 1370 3413 Scriptura
1412 3343 1563 3399 dicit.
1611 3343 1700 3398 Sic
1746 3345 1890 3398 enim
1938 3359 2072 3398 con-

497 3445 751 3492 sueverat
781 3435 1081 3492 Jerusalem
1110 3445 1456 3506 veteremque
1508 3437 1781 3507 quondam
1823 3437 1896 3491 ibi
1936 3438 2072 3491 cele-

495 3522 710 3576 bratum
748 3525 952 3578 cultum
982 3525 1270 3594 allegorice
1299 3526 1618 3591 nominare;
1653 3533 1710 3578 ut
1747 3532 1962 3581 constat
2004 3542 2066 3578 ex

499 3614 591 3667 illo
616 3613 914 3670 Ezechielis
942 3616 1063 3669 loco
1084 3660 1097 3679 ,
1124 3617 1213 3671 ubi
1241 3615 1447 3670 dictum
1476 3627 1559 3670 est
1587 3636 1598 3670 :
1634 3635 1652 3666 ι
1684 3618 1877 3686 Aquila
1908 3633 2070 3686 gran-

499 3705 604 3771 dis,
637 3722 956 3774 magnarum
988 3709 1197 3762 alarum
1218 3749 1231 3771 ,
1271 3709 1433 3778 longo
1463 3709 1834 3764 membrorum
1863 3708 2029 3762 ductu
2048 3749 2062 3772 ,

497 3797 656 3867 plena
687 3799 888 3868 plumis
917 3808 970 3854 et
1000 3802 1292 3863 varietate,
1328 3817 1447 3871 quae
1485 3802 1646 3856 habet
1680 3802 2066 3856 auctoritatem

499 3890 837 3960 ingrediendi
867 3891 920 3944 in
953 3891 1217 3946 Libanum
1240 3934 1254 3958 ,
1286 3900 1339 3946 et
1366 3893 1565 3948 evulsit
1594 3900 1782 3948 tenera
1810 3893 1956 3948 cedri
1989 3896 2060 3946 ι.»

497 3984 563 4039 Et
601 3987 714 4041 hare
753 3988 869 4056 ipsa
907 3988 1167 4058 deinceps
1217 3991 1518 4060 explanans
1568 3991 1709 4045 idem
1758 3993 2020 4063 propheta
2045 4032 2060 4057 ,

493 4081 679 4140 aperte
727 4074 994 4128 Libanum
1046 4093 1172 4132 esse
1221 4078 1526 4133 Jerusalem
1576 4081 1770 4136 edocet
1823 4083 2061 4138 dicens:

496 4182 518 4214 ι
541 4161 638 4216 Fili
656 4165 894 4221 hominis
913 4208 927 4230 ,
946 4167 1033 4222 dic
1062 4169 1127 4222 ad
1146 4169 1366 4223 domum
1400 4181 1812 4240 exasperantem
1836 4194 1847 4228 :
1875 4174 2064 4230 Nesci-

492 4257 566 4310 tis
607 4258 736 4326 quid
775 4259 879 4313 ista
915 4259 1254 4329 signiﬁcent?
1289 4261 1384 4316 Dic
1406 4305 1420 4326 ,
1449 4264 1585 4317 Cum
1612 4267 1820 4320 venerit
1851 4283 1944 4321 rex
1970 4268 2065 4323 Ba-

491 4348 709 4418 bylonis
735 4351 788 4404 in
817 4349 1154 4417 Jerusalem,
1177 4361 1230 4407 et
1249 4364 1494 4408 assumet
1512 4371 1691 4426 regem
1715 4367 1766 4410 et
1789 4358 2064 4428 principes

491 4441 614 4508 ejus
644 4446 684 4495 ².
713 4463 730 4495 ι
762 4443 1107 4500 Manifestum
1147 4454 1231 4502 est
1272 4448 1439 4516 igitur
1473 4449 1616 4518 quod
1655 4457 1709 4503 et
1748 4450 1864 4520 ipse
1900 4450 2061 4506 Liba-

493 4545 598 4585 nus
630 4542 752 4602 post
769 4536 1110 4589 excelsorum
1130 4538 1384 4606 injuriam
1410 4540 1608 4594 cecidit
1632 4539 1932 4597 Salvatoris
1956 4559 2055 4596 no-

491 4623 591 4676 stri
625 4623 858 4678 adventu
890 4627 955 4680 de
975 4628 1155 4684 radice
1179 4627 1460 4684 Jessenati
1487 4649 1500 4696 ;
1531 4632 1586 4684 in
1630 4648 1739 4702 quo
1781 4635 2049 4703 requievit

492 4712 781 4780 plenitudo
818 4715 1088 4772 donorum
1128 4721 1304 4775 sancti
1355 4720 1621 4792 Spiritus,
1649 4725 1740 4794 qui
1781 4737 1834 4780 et
1862 4742 2059 4783 rursus

487 4804 668 4858 veniet
697 4809 936 4861 secunda
964 4817 1019 4864 et
1049 4813 1310 4880 praeclara
1336 4816 1808 4882 manifestatione,
1839 4838 1947 4875 non
1979 4839 2060 4877 se-

485 4895 726 4950 cundum
757 4900 1068 4968 opinionem
1092 4903 1346 4971 judicans
1367 4950 1381 4973 ,
1413 4927 1432 4958 ι
1460 4908 1756 4965 Personam
1783 4914 1929 4966 enim
1959 4914 2057 4967 ho-

486 4986 654 5041 minis
694 4986 837 5043 Deus
878 5007 985 5045 non
1029 4995 1230 5065 accipit
1261 4997 1282 5028 ³
1313 5018 1331 5050 ι
1367 5016 1382 5065 ;
1415 5016 1590 5071 neque
1629 5005 1929 5060 secundum
1970 5008 2052 5061 lo-

485 5078 702 5146 quelam
744 5081 1081 5151 redargucns
1111 5105 1124 5140 :
1161 5106 1179 5137 ι
1214 5087 1480 5146 Scrutaris
1519 5095 1664 5148 enim
1695 5104 1779 5151 est
1809 5113 1967 5152 renes
2003 5104 2058 5152 et

484 5169 681 5233 corda,
723 5180 775 5224 et
813 5174 1128 5244 pertingens
1168 5195 1344 5248 usque
1381 5182 1447 5236 ad
1489 5185 1819 5242 divisionem
1860 5189 2058 5244 anima:

486 5272 548 5311 ac
574 5260 799 5328 spiritus
821 5264 861 5320 ".
897 5286 913 5315 ι
939 5265 1213 5322 Praeterea
1241 5287 1364 5324 cum
1391 5274 1503 5342 jam
1534 5275 1676 5331 facta
1706 5287 1788 5333 est
1819 5279 1939 5347 ejus
1971 5280 2057 5333 in-

486 5352 757 5416 carnatio,
789 5370 952 5422 quam
985 5359 1272 5414 verissime
1302 5365 1506 5432 repleta
1537 5376 1621 5421 est
1650 5377 1794 5422 terra
1827 5370 2054 5424 scientia

486 5433 722 5528 gemini,
759 5461 864 5497 non
892 5446 1002 5513 jam
1033 5451 1162 5503 solis
1194 5451 1397 5509 Judaais
1423 5472 1545 5509 eum
1576 5461 2052 5528 cognoscentibus.

489 5522 640 5583 Tunc
669 5534 831 5588 etiam
865 5539 1162 5606 pleniorem
1203 5556 1458 5602 eventum
1500 5522 1688 5604 habuit
1731 5554 2054 5623 prophetia,

553 5697 566 5713 ⁸
600 5701 794 5763 Ezech.
827 5725 960 5774 xvn,
988 5714 1039 5769 5.
1118 5722 1136 5750 ³
1162 5721 1297 5775 ibid.
1334 5724 1417 5777 1‘2.
1498 5725 1518 5756 ³
1550 5725 1666 5778 Gal.
1697 5743 1754 5793 ιι,
1779 5727 1830 5783 6.

2184 1872 2436 1926 τοσοῦτον
2473 1873 2809 1944 ἡμερότητος
2851 1871 3077 1942 ἤλασαν,
3121 1869 3195 1930 ὡς
3230 1866 3594 1938 συμϐὁσκεσθαι
3618 1869 3686 1919 αὖ·

2184 1967 2307 2028 τοὺς
2347 1965 2444 2036 τὴν
2474 1966 2642 2036 αὐτὴν
2677 1964 2929 2028 ἔσθοντας
2967 1963 3075 2016 τῶν
3108 1961 3266 2032 ἱερῶν
3298 1961 3387 2014 τοῦ
3417 1959 3536 2030 Θεοῦ
3559 1961 3686 2027 λόγων

2183 2059 2388 2128 τροφὴν
2423 2060 2536 2120 τοῖς
2574 2057 2948 2128 ἡμερωτάτοις
2985 2055 3052 2108 τά
3099 2054 3203 2123 ἤθη
3252 2054 3470 2114 δικαίοις
3517 2052 3686 2122 ἀνδράσι

2179 2148 2272 2204 τοῦ
2303 2147 2457 2212 Θεοῦ,
2490 2148 2582 2213 οὓς
2618 2149 2707 2202 διὰ
2736 2149 2833 2220 τὴν
2859 2148 3059 2202 τοιανδὶ
3083 2148 3181 2217 τῆς
3203 2145 3380 2215 ψυχῆς
3405 2146 3604 2202 ἀκακίαν
3629 2164 3684 2208 τι·

2181 2243 2402 2308 θασσοῖς
2439 2243 2529 2297 καὶ
2569 2243 2941 2314 ἡμερωτάτοις
2975 2240 3153 2306 ζώοις,
3183 2243 3298 2303 τοῖς
3330 2257 3385 2292 τε
3407 2242 3687 2310 ἀναγεγραμ-

2183 2335 2363 2404 μένοις
2395 2334 2632 2388 ὲνταῦθα
2662 2335 2894 2398 παιδίοις
2927 2337 2956 2387 6
2990 2335 3130 2397 θεῖος
3169 2334 3433 2387 ἀπείκασε
3464 2333 3609 2400 λόγος.
3645 2333 3687 2384 Ei

2177 2428 2232 2481 δὲ
2261 2427 2401 2499 πρὸς
2433 2428 2605 2481 ταῦτά
2637 2445 2721 2490 τις
2753 2427 3056 2491 δυσπειθῶς
3082 2427 3230 2502 ἔχοι,
3249 2427 3447 2495 λεγέτω
3471 2427 3514 2477 εί
3540 2419 3626 2477 οἷόν
3646 2441 3685 2475 τε

2177 2519 2350 2582 ἄλλως
2391 2519 2533 2572 κατὰ
2566 2518 2664 2590 τὴν
2703 2520 2993 2590 πρόχειρον
3025 2519 3264 2573 διάνοιαν
3307 2520 3486 2584 σώζειν
3525 2519 3603 2587 τὴν
3629 2519 3687 2569 λέ-

2177 2609 2276 2675 ξιν·
2299 2610 2386 2662 διὰ
2415 2611 2466 2663 τί
2492 2610 2600 2681 γάρ
2628 2610 2660 2680 ἦ
2691 2611 2783 2664 καὶ
2811 2611 2928 2674 πῶς
2959 2613 2987 2663 6
3010 2611 3238 2674 Λίϐανος
3275 2612 3368 2664 σὺν
3395 2613 3496 2672 τοῖς
3518 2608 3686 2678 ὑψηλοῖς

2176 2703 2456 2764 πεσεῖται;
2502 2700 2592 2770 Μὴ
2636 2700 3034 2772 τροπολογείτω
3090 2701 3148 2752 δὲ
3196 2702 3337 2771 μήτε
3387 2701 3477 2771 τὴν
3521 2698 3686 2768 ῥάϐδον,

2177 2792 2310 2864 μηδὲ
2336 2791 2397 2844 τὸ
2429 2794 2493 2844 ἐκ
2522 2793 2724 2860 ταύτης
2756 2791 2932 2854 ἄνθος·
2963 2791 3096 2844 ἀλλὰ
3123 2792 3384 2844 δεικνύτω
3420 2791 3524 2853 πῶς
3551 2807 3687 2858 σωμα-

2172 2885 2297 2955 τικὴ
2331 2883 2524 2952 ῥάϐδος
2553 2882 2930 2949 ἐξελεύσεσθαι
2958 2884 3021 2936 ὲκ
3045 2883 3144 2953 τῆς
3169 2883 3328 2954 ῥίζης
3373 2881 3555 2949 Ἰεσσαὶ
3576 2880 3690 2948 λέγει

2170 2994 2280 3040 ται,
2319 2977 2412 3030 καί
2444 2978 2686 3030 ποταπὸν
2722 2976 2880 3040 ἄνθος
2906 2977 3275 3048 ἀναϐήσεσθαι
3301 2975 3359 3040 ἐξ
3384 2977 3550 3045 αὐτῆς.
3577 2975 3624 3026 Ei
3647 2973 3688 3026 δὲ

2170 3069 2263 3122 καὶ
2303 3067 2390 3120 τὸν
2433 3068 2574 3121 πάνυ
2620 3067 2853 3140 σκληρὸν
2901 3067 3074 3122 ταῦτα
3115 3069 3206 3121 ἐπὶ
3254 3056 3484 3123 διάνοιαν
3532 3067 3688 3119 ἀνιέναι

2174 3161 2441 3231 βιάζεται,
2465 3162 2566 3234 ὅρα
2597 3163 2644 3214 εί
2675 3162 2747 3234 μὴ
2783 3161 2962 3225 καλῶς
2985 3163 3116 3233 ἡμῖν
3147 3162 3244 3216 καὶ
3274 3163 3343 3214 τά
3372 3161 3523 3215 λοιπά
3550 3163 3687 3228 ἐπὶτῇ

2170 3252 2262 3304 τοῦ
2291 3254 2540 3326 Σωτῆρος
2567 3255 2723 3324 ἡμῶν
2748 3255 3019 3326 παρουσίᾳ.
3049 3253 3187 3307 κατά
3214 3255 3448 3309 διάνοιαν
3478 3256 3688 3326 παρίστα-

2170 3364 2260 3401 ται
2302 3345 2740 3418 πεπληρωμένα·
2777 3347 2814 3401 ἃ.
2853 3349 2948 3401 καὶ
2981 3347 3289 3412 ἀκολούθως
3334 3353 3398 3420 τῇ
3443 3347 3688 3418 προφητείᾳ

2170 3439 2360 3508 γέγονε
2419 3441 2556 3509 μετά
2603 3440 2662 3492 τὺ
2714 3439 3042 3512 συνταράξαι
3091 3441 3298 3512 Κύριον
3353 3441 3560 3494 Σαϐαὼθ
3599 3440 3690 3500 τοὺς

2172 3533 2337 3585 πάλαι
2365 3531 2608 3596 ἐνδόξους
2637 3532 2730 3585 τοῦ
2763 3532 3028 3604 προτέρου
3067 3531 3220 3586 λαοῦ·
3259 3533 3352 3597 οὒς
3383 3535 3474 3587 καὶ
3503 3531 3689 3601 aeaea-

2168 3640 2266 3686 τας
2304 3625 2369 3693 τῇ
2404 3623 2544 3675 κατὰ
2581 3621 2674 3675 τοῦ
2717 3623 2968 3694 Σωτῆρος
3013 3623 3169 3694 ἡμῶν
3204 3623 3363 3695 ὕϐρει
3401 3623 3690 3692 συντριϐήσε-

2171 3709 2292 3764 σθαι
2319 3711 2413 3765 καὶ
2434 3711 2959 3782 ταπεινωθήσεσθαι,
2980 3714 3072 3766 καὶ
3087 3715 3370 3767 πεσεῖσθαι
3396 3711 3685 3785 προφητεύει·

2170 3807 2266 3858 σὺν
2312 3806 2494 3869 αὐτοῖς
2539 3805 2596 3857 δέ
2642 3806 2735 3859 καὶ
2778 3805 2867 3858 τὸν
2917 3805 3147 3860 Λίϐανον
3197 3808 3476 3860 πεσεῖσθαι
3512 3810 3535 3860 6
3573 3807 3688 3872 λόγος

2170 3897 2349 3967 φησίν·
2380 3896 2520 3949 οὕτω
2547 3897 2604 3950 δὲ
2635 3896 2754 3960 ἔθος
2791 3895 2938 3967 αύτῷ
2972 3898 3073 3968 τὴν
3122 3899 3474 3970 Ἰερουσαλὴμ
3509 3899 3588 3950 καὶ
3619 3896 3687 3965 τὴν

2168 3989 2337 4042 πάλαι
2389 3990 2648 4062 πρότερον
2699 3990 2757 4041 ἐν
2805 3990 2940 4060 αὐτῇ
2997 3992 3347 4061 σωματικῶς·
3381 3989 3687 4058 ἀποτελουμέ-

2166 4101 2263 4154 νην
2313 4083 2568 4156 λατρείαν
2617 4082 2934 4154 ὀνομάζειν·
2977 4083 3054 4146 ὡς
3101 4084 3258 4154 δῆλόν
3307 4087 3450 4138 ἐστιν
3493 4085 3584 4137 ἀπὸ
3620 4080 3686 4132 τοῦ

2167 4175 2451 4248 Ἰεζεκιὴλ,
2499 4175 2628 4230 ἔνθα
2681 4176 2869 4230 τοῦτον
2923 4176 3338 4248 ἀναγέγραπται
3384 4179 3470 4231 τὸν
3515 4176 3684 4247 τρόπον·

2170 4287 2189 4319 ι
2244 4269 2300 4322 '0
2345 4269 2500 4332 ἀετὸς
2541 4272 2569 4323 6
2619 4270 2792 4340 μέγας
2833 4272 2861 4323 6
2910 4269 3406 4342 μεγαλοπτέρυγος,
3451 4271 3477 4322 6
3524 4267 3686 4340 μακρὸς

2163 4362 2228 4430 τῇ
2283 4360 2528 4424 ἐκτάσει,
2587 4359 2802 4432 πλήρης
2857 4361 3083 4432 ὀνύχων,
3138 4361 3196 4424 ὃς
3256 4361 3368 4432 ἔχει
3428 4362 3486 4415 τὸ
3541 4363 3686 4430 ﬁmi:

2163 4453 2423 4505 εἰσελθεῖν
2470 4455 2550 4516 είς
2592 4452 2683 4505 τὸν
2728 4455 2979 4518 Λίϐανον,
3031 4456 3124 4509 καὶ
3169 4455 3328 4509 ἔλαϐε
3372 4458 3436 4509 τὰ
3481 4455 3685 4508 ὲπίλεκτα

2165 4543 2266 4614 τῆς
2289 4544 2500 4614 κέδρου.
2525 4562 2544 4594 ι
2579 4544 2845 4600 Ἐπιλύων
2879 4547 3008 4616 γοῦν
3039 4548 3138 4618 τὴν
3175 4548 3487 4620 παραϐολὴν
3512 4545 3644 4606 αὐτὸς
3666 4543 3685 4592 δ

2169 4635 2502 4706 προφητικὺς
2545 4636 2700 4705 λόγος
2733 4638 2919 4708 σαφῶς
2950 4639 3039 4692 τὸν
3073 4639 3304 4694 Λίϐανον
3343 4641 3436 4711 τὴν
3473 4641 3685 4711 Ἰερουσαο

2167 4727 2276 4798 λὴμ
2301 4728 2562 4794 διδάσκει,
2596 4729 2770 4799 λέγων
2789 4748 2802 4761 ⁶
2831 4751 2848 4782 ι
2877 4732 2975 4785 Υἱέ
3000 4732 3310 4804 ἀνθρώπου,
3335 4736 3480 4787 εἰπὸν
3506 4733 3559 4802 δὴ
3583 4730 3683 4800 sp”;

2164 4819 2257 4873 τὸν
2292 4817 2440 4874 οἶκον
2492 4822 2584 4874 τὸν
2633 4823 3169 4894 παραπικραίνοντα·
3201 4827 3316 4878 Οὐκ
3361 4821 3620 4876 ἐπίστασθε
3643 4817 3680 4868 τί

2162 4908 2230 4982 ἦν
2259 4913 2464 4978 ταῦτα;
2513 4915 2700 4980 εἰπὸν,
2743 4917 2908 4968 Ὅταν
2952 4915 3079 4987 ἔλθῃ
3131 4916 3382 4986 βασιλεὺς
3420 4913 3680 4970 Βαϐυλῶνος

2163 5005 2258 5058 ἐπὶ
2287 5005 2660 5078 Ἰερουσαλὴμ,
2687 5008 2782 5059 καὶ
2811 5007 3038 5078 λήψεται
3070 5009 3162 5062 τὸν
3193 5008 3413 5079 βασιλέα
3444 5007 3591 5075 αὐτῆς
3612 5000 3680 5053 καὶ

2163 5099 2288 5160 τοὺς
2313 5097 2576 5168 ἄρχοντας
2607 5098 2797 5168 αὐτῆς.
2831 5117 2848 5148 ι
2878 5099 3147 5170 Πρόδηλον
3178 5097 3269 5152 οὖν
3295 5100 3439 5161 ὅπως
3461 5096 3544 5149 καὶ
3563 5087 3679 5152 οὗτος

2161 5192 2189 5242 6
2224 5191 2454 5254 Λίϐανος
2479 5192 2618 5260 μετά
2642 5191 2750 5244 τῶν
2782 5192 3000 5262 ὑψηλῶν
3033 5197 3095 5263 τῇ
3129 5193 3283 5264 ὕϐρει
3313 5191 3678 5262 περιπέπτωκεν

2162 5284 2253 5334 ἐπὶ
2290 5285 2356 5352 τῇ
2411 5281 2682 5353 παρουσίᾳ
2727 5283 2819 5336 τοῦ
2875 5285 2940 5336 ἐκ
3000 5282 3154 5353 ῥίζης
3195 5283 3390 5335 Ἰεσσαὶ
3436 5276 3676 5350 γενομένου

2167 5373 2418 5444 Σωτῆρος
2451 5373 2632 5444 ἡμῶν·
2668 5377 2752 5443 ἐφ’
2782 5375 2841 5428 ὃν
2870 5377 2960 5428 καὶ
3001 5375 3400 5443 ἁνεπαύσατοή
3452 5368 3675 5433 τελειότης

2165 5464 2270 5516 τῶν
2313 5465 2408 5518 τοῦ
2439 5467 2594 5533 ἁγίου
2639 5466 2953 5535 Πνεύματος
2989 5466 3362 5538 χαρισμάτων,
3401 5466 3456 5528 ὃς
3487 5464 3566 5516 καὶ
3591 5460 3672 5510 elo-

2163 5555 2320 5618 αὖθις
2347 5556 2624 5611 ἐλεύσεται
2647 5558 2785 5611 κατά
2814 5559 2910 5629 τὴν
2931 5559 3187 5630 δευτέραν
3213 5560 3306 5614 καὶ
3327 5557 3522 5623 ἔνδοξον
3544 5544 3674 5608 αὑτοῦ

1912 5730 1930 5759 ³
1953 5728 2121 5799 Apoc.
2150 5748 2208 5795 ιι,
2241 5733 2340 5800 25;
2378 5731 2540 5788 Hebr.
2581 5749 2651 5798 iv,
2693 5735 2770 5790 l2.
