3926 6260
235 289 382 344 1215

1339 295 1632 352 ΕΟΙΑΟΟᾹΞ
1667 297 2147 354 ΡΒΟΡῘΙΕἸΊΟᾸΕ.
2185 299 2311 353 LIB.
2352 299 2440 353 IV.

3354 305 3488 360 12H

227 414 563 482 παρουσίαν,
595 416 655 467 οὐ
690 414 829 467 κατὰ
871 416 969 486 τὴν
1010 417 1169 481 δόξαν
1200 416 1514 489 κρινοῦντος
1536 438 1547 449 ·
1591 439 1610 470 ι
1639 420 1803 491 Πρόσ-

1920 435 2042 472 cum
2077 419 2413 487 plenitudine
2447 419 2685 488 gentium
2721 417 3062 488 ingrediente
3099 431 3223 470 cum
3263 417 3487 485 reliquis

226 521 384 556 ωπον
420 506 533 574 γάρ
577 506 860 577 ἀνθρώπου
895 509 1026 572 Θεὸς
1052 512 1112 561 οὐ
1161 509 1429 580 λαμϐάνει
1451 531 1465 543 -
1495 533 1512 563 ›
1542 512 1654 564 ἀλλ’
1697 513 1817 565 οὐδὲ

226 595 374 648 κατὰ
400 596 503 666 τὴν
525 596 712 650 λαλιὰν
743 598 979 669 ἐλέγχων
996 618 1039 653 ’ἰ
1062 600 1300 665 Ἐτάζων
1329 603 1438 674 γάρ
1462 603 1574 654 ἐστι
1593 604 1817 673 καρδίας

226 688 326 740 xui
356 691 616 760 νεφροὺς,
655 691 748 742 xui
780 691 1147 761 διικνούμενος
1177 692 1302 762 ἄχρι
1339 692 1604 762 μερισμοῦ
1638 694 1816 763 ψυχῆς

227 780 324 832 xui
355 780 695 851 πνεύματος.
723 801 742 832 ι
785 783 896 835 Καὶ
922 783 1012 834 ἐπὶ
1039 785 1104 852 τῇ
1152 785 1418 857 γενομένῃ
1460 786 1559 854 μὲν
1590 781 1682 838 οὖν
1713 787 1814 839 αύ-

223 870 322 924 τοῦ
355 871 465 941 ἤδη
494 873 757 944 πρότερον
787 875 1058 944 παρουσία
1093 874 1398 946 ἐνεπλήσθη
1431 875 1506 938 ὡς
1532 875 1746 946 ἀληθῶς
1779 879 1813 948 ἠ

234 961 297 1030 γῆ
331 961 431 1012 τοῦ
469 961 669 1030 γνῶναι
694 962 785 1015 τὸν
813 962 1038 1033 Κύριον,
1077 964 1304 1034 μηδενὸς
1356 964 1416 1017 τὸ
1459 965 1589 1036 πρὶν
1624 967 1703 1018 ὅτι
1739 966 1814 1038 μὴ

223 1052 413 1122 μόνων
452 1053 563 1106 τῶν
593 1054 657 1106 ἐκ
705 1055 1008 1126 περιτομῆς
1041 1056 1417 1123 γινωσκόντων
1443 1057 1637 1110 αὐτόν⁸
1690 1059 1812 1120 τότε

219 1142 280 1196 δὲ
316 1145 418 1197 xui
453 1146 654 1214 μᾶλλον
682 1149 762 1209 είς
793 1145 969 1217 πέρας
990 1147 1340 1219 ἀχθήσεταιή
1375 1148 1701 1219 προφητεία,
1723 1151 1811 1202 ὅτε

220 1234 317 1286 τοῦ
375 1235 748 1306 πληρώματος
803 1237 911 1289 τῶν
967 1236 1135 1289 ἐθνῶν
1181 1237 1512 1301 εἰσελθόντος
1552 1241 1649 1292 σὺν
1699 1241 1813 1302 τοῖς

218 1327 435 1392 λοιποῖς
457 1329 636 1383 ἔθνεσι
668 1332 762 1383 xui
798 1334 826 1385 ὁ
861 1334 966 1394 πᾶς
1015 1330 1227 1401 Ἰσραὴλ
1261 1329 1584 1402 σωθήσεται,
1620 1333 1647 1382 ὁ
1679 1332 1811 1400 Χρι-

221 1420 352 1482 στὸς
383 1421 444 1474 δέ
486 1424 550 1474 ἐκ
594 1423 802 1494 νεκρῶν
843 1408 1302 1494 ἀναστὰςᾶρχειν
1342 1422 1512 1477 ἐθνῶν
1568 1423 1672 1475 ὑπὸ
1715 1422 1808 1476 τοῦ

219 1511 361 1564 Θεοῦ
417 1513 764 1582 κατεστάθη,
802 1515 942 1569 κατὰ
970 1515 1058 1578 τὸ,
1105 1535 1124 1568 ι
1148 1514 1258 1568 Καὶ
1298 1514 1448 1567 ἔσται
1478 1517 1511 1583 ή
1548 1513 1672 1586 ῥίζα
1714 1513 1808 1569 τοῦ

233 1605 442 1662 Ἰεσσαὶ
475 1607 568 1658 xui
603 1609 631 1659 ὁ
651 1606 711 1669 (f.
738 1607 828 1678 49)
858 1607 1214 1676 ἀνιστάμενος
1261 1606 1448 1678 ἄρχειν
1489 1605 1657 1659 ἐθνῶν
1680 1646 1695 1670 ,
1722 1605 1808 1659 ἐπ’

218 1695 374 1766 αὐτῷ
415 1697 546 1767 ἔθνη
597 1697 893 1752 ἐλπιοῦσιν.
921 1719 937 1750 ι
972 1700 1112 1770 Ὅρα
1170 1698 1333 1766 γοῦν,
1379 1700 1454 1762 ὡς
1504 1700 1610 1752 οὐδ’
1673 1700 1810 1762 ὅλως

1923 512 2177 581 gentibus
2197 519 2252 565 et
2272 513 2450 565 omnis
2475 509 2640 564 Israel
2667 509 2987 570 salvabitur,
3008 507 3262 563 Christus
3288 521 3318 558 a
3341 521 3488 560 mor-

1925 607 2030 660 tuis
2063 619 2354 673 resurgens
2386 603 2654 672 imperare
2687 601 2942 671 gentibus
2966 616 2995 652 a
3021 598 3131 653 Deo
3157 599 3487 654 constitutus

1921 705 2025 759 est,
2053 695 2207 764 juxta
2241 694 2370 746 illud
2407 713 2419 746 :
2449 712 2467 744 ‹
2493 691 2557 746 Ει
2581 693 2685 746 erit
2717 692 2864 745 radix
2897 691 3047 746 Jesse
3067 732 3082 756 ,
3115 700 3168 745 et
3193 691 3284 760 qui
3313 691 3486 761 surgit

1923 793 1980 838 ut
2006 785 2237 854 imperet
2269 784 2522 854 gentibus
2548 800 2561 847 ;
2598 784 2653 836 in
2687 798 2751 836 co
2777 793 2965 852 gentes
2996 783 3309 851 sperabunt.
3341 801 3360 832 ι
3388 783 3487 834 At-

1921 877 2082 930 tende
2121 876 2286 943 igitur
2328 875 2602 945 quomodo
2643 890 2752 927 non
2793 874 2882 927 hic
2919 874 3115 936 Israel,
3157 880 3250 927 aut
3285 872 3483 935 Jacob,

1921 976 2016 1021 aut
2049 967 2217 1023 Judas
2246 969 2623 1034 nominentur,
2655 966 2752 1021 sed
2790 974 2976 1036 aperte
3015 974 3234 1035 gentes,
3266 965 3319 1018 in
3358 981 3481 1018 eum

1920 1058 2016 1132 qui
2049 1067 2236 1128 surget
2287 1059 2354 1114 de
2399 1057 2582 1111 radice
2629 1054 2814 1122 Jesse,
2867 1064 3164 1126 speraturae
3208 1056 3484 1126 pr0phcti-

1920 1158 2138 1212 zantlvr,
2172 1157 2512 1214 consonante
2543 1148 2646 1201 hoc
2673 1149 2794 1202 loco
2823 1163 2947 1202 cum
2981 1149 3048 1202 iis
3074 1150 3212 1217 apud
3245 1147 3483 1218 Moysem

1918 1241 2230 1296 dicentibus
2256 1261 2268 1295 :
2300 1260 2318 1294 ι
2351 1241 2470 1304 Non
2510 1243 2786 1298 auferetur
2821 1247 3096 1311 sceptrum
3125 1239 3192 1295 de
3221 1238 3359 1293 Juda
3380 1280 3394 1305 ,
3427 1247 3483 1294 et

1918 1333 2031 1388 dux
2071 1333 2138 1389 de
2175 1333 2378 1394 femore
2416 1335 2572 1404 ejus,
2613 1335 2788 1390 donec
2826 1333 3008 1388 veniat
3044 1332 3137 1402 qui
3184 1331 3482 1386 mittendus

1917 1435 2000 1482 est
2021 1465 2035 1490 ,
2073 1433 2128 1482 et
2158 1426 2274 1496 ipse
2305 1426 2408 1480 erit
2438 1428 2775 1496 exspectatio
2807 1425 3044 1497 gentium
3078 1425 3095 1454 ί
3117 1464 3131 1489 ,
3168 1442 3186 1475 ι
3211 1439 3319 1477 non
3351 1437 3481 1477 vero

1919 1513 2106 1571 Israel.
2148 1516 2450 1586 Cujusnam
2489 1531 2617 1572 vero
2655 1516 2799 1571 alius
2835 1517 2939 1570 erit
2975 1515 3189 1584 requies
3228 1513 3282 1567 in
3329 1513 3482 1568 altis-

1917 1610 2073 1666 simis
2112 1610 2259 1680 apud
2301 1609 2469 1665 Deum
2501 1610 2806 1673 honorata,
2843 1608 2949 1663 nisi
2981 1607 3126 1661 illius
3154 1605 3242 1675 qui
3272 1613 3480 1676 patrem

1917 1703 2129 1757 audivit
2151 1703 2420 1757 dicentem
2442 1703 2546 1758 sibi
2572 1722 2584 1758 :
2615 1720 2633 1753 ι
2667 1699 2806 1756 Sede
2829 1716 2860 1754 a
2889 1700 3095 1756 dextris
3122 1699 3258 1754 meis
3276 1739 3290 1760 ,
3309 1699 3480 1753 donec

213 1790 466 1844 ἐνταῦθα
501 1791 735 1862 Ἰσραὴλ,
780 1792 812 1862 ἢ
853 1790 1069 1855 Ἰακὼϐ,
1113 1791 1145 1860 ἢ
1208 1791 1404 1854 Ἰούδας
1452 1789 1803 1861 ὀνομάζεται,

1918 1809 2113 1864 ponam
2134 1794 2389 1847 inimicos
2411 1801 2537 1851 tuos,
2572 1792 2868 1847 scabellurn
2895 1789 3090 1860 pedum
3121 1799 3339 1842 tuorum
3365 1786 3424 1840 ’τ
3453 1805 3474 1837 ι

217 1884 412 1951 σαφῶς
452 1885 510 1936 δὲ
542 1885 612 1943 τὰ
659 1883 785 1955 ἔθνη
816 1885 906 1937 ἐπὶ
933 1885 1024 1937 τὸν
1066 1885 1131 1935 ἐκ
1166 1883 1321 1955 ῥίζης
1353 1884 1788 1955 ἀναστησόμενον
1819 1887 2016 1940 Ἰεσσαὶ
2054 1887 2260 1939 ἐλπιεῖν
2301 1884 2721 1956 προφητεύεται,
2759 1881 3083 1952 συνᾳδούσης
3117 1881 3214 1952 τῆς
3250 1875 3481 1933 ἐνταῦθα

212 1971 419 2038 λέξεως
448 1978 516 2046 τῇ
566 1975 716 2046 παρὰ
763 1976 986 2028 Μωῦσεῖ
1033 1973 1334 2047 φασκούσῃ,
1365 1975 1517 2027 «Οὐκ
1550 1976 1789 2046 ἐκλείψει
1829 1978 2011 2049 ἅρχων
2045 1976 2336 2043 ἐξ,’ἰούδα,
2376 1976 2496 2030 οὐδὲ
2535 1973 2831 2045 ἡγούμενος
2881 1975 2946 2026 ἐκ
2990 1973 3096 2031 τῶν
3141 1969 3329 2042 μηρῶν
3381 1969 3478 2022 αὺ-

211 2064 333 2129 τοῦ,
375 2066 487 2129 ’έως
515 2065 581 2120 ἂν
617 2067 742 2138 ἔλθῃ
784 2061 828 2134 ᾧ
874 2069 1197 2120 ἀπόκειται·
1233 2069 1328 2121 καὶ
1371 2068 1534 2132 αὐτὸς
1583 2071 1901 2141 προσδοκία,
1931 2093 1948 2125 ι
1979 2073 2099 2142 οὐχὶ
2127 2071 2221 2125 τοῦ
2275 2070 2510 2143 Ἰσραὴλ,
2549 2069 2684 2124 ἀλλὰ
2727 2088 2744 2120 ‹
2773 2068 2878 2123 τῶν
2917 2066 3102 2120 ἐθνῶν.
3134 2085 3151 2118 ι
3186 2067 3295 2118 Καὶ
3337 2063 3479 2127 τινος

211 2157 270 2210 δὲ
324 2157 498 2210 ἄλλου
556 2159 589 2228 ἡ
639 2161 946 2222 ἀνάπαυσις
993 2161 1051 2212 ἐν
1100 2161 1167 2230 τῇ
1237 2160 1498 2215 ἀνωτάτω
1551 2162 1706 2232 παρὰ
1751 2162 1869 2234 Θεῷ
1907 2164 2197 2234 γεγένηται
2248 2163 2470 2233 τιμῇ,ἢ
2527 2160 2620 2214 τοῦ
2663 2159 2994 2222 ἀκούσαντος
3040 2157 3286 2226 λέγοντος
3331 2156 3480 2227 αὐτῷ

210 2250 308 2306 τοῦ
341 2251 594 2322 Πατρός’
627 2271 644 2302 ι
670 2253 852 2306 Κάθου
880 2255 944 2306 ἐκ
963 2254 1151 2319 δεξιῶν
1179 2271 1302 2324 μου,
1336 2253 1441 2318 ἓως
1477 2255 1543 2309 ἂν
1572 2254 1649 2308 θῶ
1675 2257 1802 2320 τοὺς
1843 2257 2070 2329 ἐχθρούς
2103 2274 2198 2310 σου
2235 2256 2523 2310 ὑποπόδιον
2553 2253 2664 2308 τῶν
2699 2253 2877 2308 ποδῶν
2913 2270 3027 2306 σου.
3073 2272 3089 2303 ι

755 2369 1153 2422 ΚΕΦΑΛΑΙΟΝ
1199 2367 1275 2423 Θ’.

288 2473 309 2506 ‹
337 2455 456 2508 Καὶ
494 2453 913 2525 διορθωθήσεται
950 2457 1064 2527 μετ’
1097 2458 1280 2520 ἐλέους
1313 2458 1517 2530 θρόνος,
1549 2461 1644 2512 xui
1672 2461 1810 2514 καθ-

213 2551 377 2601 ιεῖται
441 2549 560 2617 μετ’
611 2547 736 2619 (sie)
802 2548 968 2601 αὐτοῦ
1022 2550 1160 2620 μετὰ
1211 2551 1470 2622 ἀληθείας
1528 2556 1586 2606 ἐν
1635 2558 1807 2626 σκηνῇ

214 2638 402 2703 Δαυῒδ,
441 2639 646 2710 κρίνων
679 2641 773 2694 xui
822 2639 1066 2711 ἐκζητῶν
1099 2645 1293 2712 κρῖμα,
1326 2644 1419 2696 xui
1448 2644 1690 2698 σπεύδων
1735 2645 1811 2698 δι-

216 2730 543 2801 καιοσύνην.
577 2750 594 2780 ι
627 2730 763 2801 Περὶ
791 2731 889 2801 τῆς
919 2721 1175 2802 δευτέρας
1205 2732 1298 2785 τοῦ
1334 2734 1568 2805 Χριστοῦ
1603 2752 1806 2806 παρου-

216 2823 340 2891 σίας
376 2822 477 2876 xui
513 2822 685 2876 ταῦτα
731 2823 1154 2894 προφητεύεται,
1204 2825 1440 2894 ὁπηνίκα
1471 2826 1565 2878 τοῦ
1615 2827 1749 2880 Θεοῦ
1776 2830 1805 2881 ό

216 2913 412 2981 Λόγος,
441 2912 834 2985 διορθωθείσης
886 2913 1035 2983 αὐτῷ
1073 2917 1190 2984 μετ’
1233 2916 1416 2980 ἐλέους
1463 2917 1558 2968 xui.
1613 2918 1802 2985 φιλανο

215 3005 470 3075 θρωπίας
516 3007 615 3075 τῆς
648 3004 788 3057 κατὰ
829 3004 1045 3059 πάντων
1093 3006 1403 3076 βασιλείας,
1440 3010 1538 3062 σὺν
1577 3008 1803 3081 ἀληθείᾳ

2533 2366 2764 2425 CAPUT
2801 2365 2895 2420 IX.
3213 2419 3217 2422 .

1991 2481 2008 2513 ι
2041 2461 2106 2516 Et
2139 2461 2529 2532 praeparabitur
2555 2461 2610 2512 in
2637 2455 3014 2512 misericordia
3043 2453 3239 2508 solium
3259 2490 3273 2516 ,
3300 2458 3353 2506 et
3383 2467 3475 2507 se-

1912 2556 2059 2610 debit
2084 2571 2248 2624 super
2275 2553 2406 2608 illud
2438 2553 2492 2606 in
2520 2551 2747 2606 veritate
2767 2589 2782 2613 ,
2809 2549 2865 2602 in
2895 2546 3246 2601 tabernaculo
3271 2543 3438 2598 David
3457 2586 3472 2609 ,

1905 2647 2163 2717 judicans
2192 2652 2246 2699 et
2276 2659 2526 2714 quaerens
2557 2641 2846 2711 judicium,
2877 2647 2931 2692 et
2961 2637 3221 2691 velociter
3240 2635 3476 2690 reddens

1913 2738 2058 2810 quod
2085 2739 2298 2808 justum
2325 2743 2410 2791 est
2439 2736 2481 2791 ³.
2513 2754 2532 2786 ι
2559 2733 2634 2787 De
2663 2731 2901 2787 secunda
2923 2728 3131 2785 Christi
3160 2727 3476 2782 manifesta-

1912 2831 2062 2884 tione
2091 2829 2207 2883 haac
2234 2843 2450 2898 quoque
2479 2825 2948 2896 prophetizantur,
2978 2821 3195 2892 quando
3227 2819 3317 2874 Dei
3340 2818 3478 2875 Ver-

1911 2921 2078 2984 bum,
2118 2927 2426 2990 praeparato
2464 2918 2514 2973 ei
2555 2917 2612 2971 in
2651 2915 3026 2970 misericordia
3059 2921 3113 2968 et
3143 2911 3475 2982 benignitate

1909 3015 2153 3067 omnium
2184 3012 2493 3084 principatu
2517 3051 2531 3077 ,
2567 3025 2689 3065 cum
2718 3008 2946 3064 veritate
2969 3007 3225 3076 judicans
3263 3004 3476 3061 SBdCbll

213 3097 417 3167 κρίνων
458 3095 856 3168 καθεσθήσεται
903 3099 960 3150 ἐν
994 3100 1166 3168 σκηνῇ
1201 3098 1393 3150 Δαυῖδο
1431 3098 1572 3152 οὕτω
1617 3100 1675 3153 δὲ
1708 3102 1803 3172 τὴν

1911 3106 1965 3160 in
1997 3105 2352 3161 tabernaculo
2380 3103 2570 3158 David.
2612 3101 2702 3158 Sic
2735 3111 2916 3157 autem
2950 3107 3263 3158 sanctorum
3292 3106 3347 3152 et
3375 3112 3479 3150 οη-

213 3189 322 3242 τῶν
353 3189 533 3258 ἁγίων
562 3190 656 3242 καὶ
686 3189 1043 3260 πρωτοτόκων
1075 3189 1182 3242 τῶν
1206 3191 1714 3263 ἀπογεγραμμένων
1743 3195 1802 3245 ἐν

213 3282 469 3353 οὐρανοῖς
522 3280 868 3350 Ἐκκλησίαν,
900 3281 992 3334 xui
1026 3281 1236 3345 πάντας
1259 3283 1499 3353 ἡγοῦμαι
1547 3285 1673 3347 τοὺς
1699 3285 1804 3340 ὑπὸ

208 3371 310 3442 τὴν
344 3370 546 3442 μερίδα
575 3367 670 3422 τοῦ
703 3368 862 3436 λόγου
889 3368 982 3421 τοῦ
1011 3368 1145 3422 Θεοῦ
1180 3369 1596 3440 γεγενημένους,
1617 3369 1804 3436 ἁγίους

211 3463 607 3536 χρηματίζειν.

772 3572 1169 3626 ΚΕΦΑΛΑῙΟΝ
1204 3572 1240 3624 I'

290 3684 309 3734 ς
350 3665 485 3743 Ἰδοὺ
527 3665 733 3736 Κύριος
766 3664 1002 3736 κάθηται
1033 3665 1128 3717 ἐπὶ
1167 3663 1396 3734 νεφέλης
1431 3664 1672 3734 κούφης,
1709 3664 1802 3717 xui

209 3757 330 3828 ἣξει
364 3760 446 3822 είς
500 3757 799 3825 Αἴγυπτον,
831 3758 926 3810 xui
975 3755 1318 3826 σεισθήσεται
1349 3755 1418 3807 τὰ
1452 3754 1802 3825 χειροποίητα

212 3839 494 3918 Αίγύπτου
525 3848 634 3902 ἀπὸ
663 3848 956 3920 προσώπου
988 3848 1176 3912 αὐτοῦ,
1214 3847 1308 3900 xui
1335 3848 1368 3917 ἡ
1404 3846 1597 3918 καρδία
1624 3845 1800 3899 αὐτῶν

213 3934 588 4012 ήττηθήσεται
621 3939 679 3992 ἐν
705 3940 909 4002 αὐτοῖς.
942 3958 962 3990 ι
990 3938 1124 4009 Περὶ
1152 3937 1248 4008 τὴς
1284 3937 1547 4007 ἀγενήτου
1573 3935 1668 3988 τοῦ
1692 3935 1800 3988 τῶν

213 4029 348 4091 ὅλων
374 4029 516 4084 Θεοῦ
548 4031 762 4100 φύσεως
796 4029 1160 4100 ἐκλαμΰάνειν
1202 4028 1272 4081 τὰ
1316 4028 1685 4099 προκείμενα,
1725 4027 1800 4093 ὡς

212 4121 278 4192 δὴ
334 4123 624 4194 μέλλοντος
669 4121 834 4174 αὑτοῦ
879 4121 1076 4192 νεφέλῃ
1132 4121 1239 4173 τινὶ
1281 4119 1557 4190 ὀχεῖσθαι,
1593 4119 1688 4172 xui.
1732 4122 1798 4190 τῇ

216 4215 503 4284 σωματικῇ
527 4212 798 4284 παρεπιδη
809 4214 927 4282 μεῖν
951 4210 1229 4281 Αἰγύπτῳ,
1251 4209 1372 4262 οὕτε
1410 4209 1658 4275 πιθανὸν,
1684 4207 1798 4261 οὔθ’

212 4302 357 4357 ὅσιον
389 4305 659 4376 ὑπάρχειν
695 4303 937 4375 ἡγοῦμαι
966 4320 978 4332 ’
1021 4303 1089 4355 δι’
1136 4304 1271 4373 ὅπερ
1307 4302 1398 4356 ἐπὶ
1426 4301 1518 4356 τὸν
1545 4300 1638 4354 τοῦ
1663 4299 1798 4353 Θεοῦ

217 4393 387 4462 Λόγον
418 4395 701 4448 ἐκδεκτέον
727 4395 823 4466 τὴν
839 4394 1196 4466 προφητείαν,
1225 4393 1320 4447 xui
1355 4393 1524 4463 αὐτὴν
1555 4391 1800 4465 ἐναργῶς

217 4484 316 4558 ήδη
344 4488 489 4541 κατὰ
515 4487 612 4558 τὴν
644 4487 912 4560 προτέραν
943 4487 1106 4541 αὐτοῦ
1126 4487 1428 4557 παρουσίαν
1450 4485 1798 4557 πεπερασμέ-

217 4593 334 4647 νην,
363 4581 485 4632 καθ’
520 4580 587 4649 ἢν
612 4580 704 4633 ἐπὶ
721 4579 949 4650 νεφέλης
977 4579 1207 4649 κούφης,
1242 4578 1342 4646 τῆς
1388 4580 1452 4630 ἐκ
1484 4579 1796 4647 Πνεύματος

215 4666 373 4734 ἁγίου
409 4670 684 4741 συστάσης
729 4668 878 4737 αὐτῷ
920 4669 1140 4740 σαρκὸς,
1184 4671 1264 4732 είς
1310 4668 1402 4720 τὸν
1442 4668 1555 4738 βίον
1587 4667 1795 4731 τοῦτον,

218 4758 490 4827 Αἴγυπτον
521 4761 796 4836 τροπικῶς
846 4761 1262 4830 ὀνομαζόμενον,
1306 4760 1666 4832 παρελήλυθε,
1706 4762 1800 4815 xui

220 4850 298 4912 είς
335 4852 505 4922 αὐτὴν
537 4854 592 4906 δέ
641 4852 967 4923 σωματικῶς
1012 4850 1111 4922 τὴν
1149 4850 1436 4918 Αἴγυπτον,
1478 4853 1559 4914 είς
1611 4853 1678 4922 ἣν
1719 4852 1798 4905 ἔτι

221 4943 346 5003 παῖς
372 4941 447 4994 ὢν
468 4945 602 5014 πρὸς
622 4944 723 5013 τῆς
755 4942 960 5014 μητρὸς
979 4943 1072 4994 καὶ
1092 4941 1185 4994 τοῦ
1216 4942 1412 5011 Ἰωσὴφ
1440 4943 1754 5014 διεκομίσθη
1777 4961 1790 4973 ο

216 5037 512 5102 τηνικαῦτα
567 5039 624 5092 δέ
671 5039 814 5092 κατά
846 5055 993 5101 τινας
1045 5038 1389 5109 ἀπορρήτους
1421 5037 1610 5107 λόγους
1651 5040 1794 5092 ἐσεί-

217 5124 417 5196 σθησαν
470 5132 570 5184 xui
612 5130 940 5202 ἐκινήθησαν
995 5130 1464 5200 ὑποταραχθέντες
1517 5132 1680 5184 αὐτοῦ
1725 5136 1792 5204 τῇ

213 5219 482 5291 παρουσίᾳ
521 5223 570 5276 οἱ
604 5225 661 5276 ἐν
690 5227 801 5287 τοῖς
827 5223 1132 5293 πανταχόσε
1161 5223 1556 5294 χειροποιήτοις
1590 5222 1794 5288 ξοάνοις

212 5305 549 5378 ἐνοικοῦντές
577 5331 634 5366 τε
664 5315 757 5366 καὶ
783 5314 1126 5383 ἐνεργοῦντες
1153 5315 1212 5367 τὸ
1240 5315 1501 5386 πρότερον
1518 5315 1788 5384 δαίμονεςο

207 5392 342 5466 ὅπερ
390 5397 653 5470 δηλοῦται
688 5403 774 5456 διὰ
803 5403 903 5473 τῆς
942 5401 1202 5473 λεγούσης
1247 5403 1600 5474 προφητείας,
1636 5422 1654 5455 ‹
1681 5407 1793 5458 Καὶ

213 5483 564 5557 σεισθήσεται
616 5493 685 5546 τά
743 5494 1096 5563 χειροποίητα
1143 5493 1438 5561 Αἰγύπτου.
1479 5515 1496 5546 ι
1525 5494 1706 5548 Ταῦτα
1735 5494 1791 5547 δὲ

211 5573 466 5632 καὶκατὰ
514 5581 614 5653 τὴν
639 5583 896 5655 δευτέραν
930 5584 1093 5636 αὐτοῦ
1125 5585 1217 5638 καὶ
1255 5584 1462 5651 ἔνδοξον
1501 5586 1598 5640 ἀπ’
1628 5588 1792 5657 ούρα-

223 5724 242 5758 ί
268 5725 400 5787 Gen.
441 5750 593 5801 nix.
618 5737 702 5792 10.
783 5742 800 5772 ’
825 5737 972 5794 Psal.
1003 5753 1115 5807 cur,
1146 5741 1196 5796 1.
1275 5742 1294 5773 ³
1327 5742 1433 5799 Isa.
1464 5758 1576 5809 xw,
1614 5743 1664 5797 5.

1905 3197 2181 3267 tiquorum
2216 3197 2272 3250 in
2297 3195 2454 3251 caelis
2483 3194 2873 3264 inscriptorum
2904 3191 3235 3253 Ecclesiam,
3265 3202 3474 3242 omnes-

1904 3304 2012 3359 que
2039 3289 2292 3343 existimo
2334 3286 2488 3342 verbi
2521 3286 2614 3341 Dei
2645 3285 3067 3357 participatione
3107 3289 3326 3339 sanctos
3346 3278 3475 3336 effe-

1905 3386 2024 3435 ctos
2053 3377 2350 3448 designari.

2518 3569 2750 3626 CAPUT
2787 3569 2853 3624 X.

1978 3684 1996 3716 ι
2032 3663 2174 3718 Ecce
2197 3660 2460 3716 Dominus
2487 3661 2640 3715 sedet
2670 3675 2834 3730 super
2864 3657 3009 3712 nube
3040 3659 3178 3719 levi,
3211 3666 3264 3713 et
3296 3657 3470 3713 veniet

1903 3753 1960 3806 in
1979 3751 2275 3822 Egyptum
2298 3768 2310 3803 :
2335 3756 2388 3804 et
2409 3755 2897 3804 commovebuntur
2915 3746 3226 3801 manufacta
3249 3745 3469 3817 Egypti

1903 3857 1933 3896 a
1965 3841 2103 3896 facie
2129 3840 2250 3910 ejus
2271 3879 2287 3905 ,
2314 3848 2368 3895 et
2395 3854 2492 3894 cor
2519 3853 2708 3893 eorum
2741 3839 2992 3892 vincetur
3020 3837 3076 3891 in
3110 3836 3246 3906 ipsis
3275 3837 3318 3892 ‘.
3351 3856 3369 3888 ι
3397 3837 3472 3893 De

1903 3934 2151 3989 increata
2171 3932 2416 3988 omnium
2436 3930 2532 3985 Dei
2551 3935 2750 3984 natura
2771 3929 2886 3984 haec
2899 3928 3329 3998 accipere,quasi
3346 3943 3472 3983 ven-

1903 4033 2029 4081 turo
2061 4025 2181 4096 ipso
2207 4039 2373 4095 super
2402 4023 2548 4078 nube
2575 4021 2787 4092 aliqua,
2821 4030 2984 4092 atque
3037 4023 3092 4075 in
3131 4021 3468 4091 corporalem

1903 4117 2165 4173 accedere
2185 4115 2504 4188 Egyptum,
2520 4131 2699 4186 neque
2722 4114 2826 4169 ﬁde
2847 4114 3068 4185 dignum
3090 4155 3105 4179 ,
3135 4128 3313 4182 neque
3343 4113 3469 4167 reli-

1903 4212 2117 4282 giosum
2149 4225 2272 4266 esse
2299 4210 2575 4265 existimo.
2609 4209 2952 4280 Quapropter
2993 4209 3060 4262 ad
3098 4207 3193 4262 Dei
3229 4205 3467 4262 Verbum

1902 4302 2187 4357 referenda
2216 4310 2300 4357 est
2328 4302 2610 4372 prophetia
2637 4320 2651 4369 ;
2691 4311 2854 4372 atque
2887 4301 3004 4370 ipsa
3037 4297 3327 4353 manifeste
3352 4298 3467 4366 jam

1902 4402 2083 4468 priore
2110 4399 2231 4468 ejus
2265 4397 2501 4452 adventu
2539 4397 2758 4466 impleta
2787 4403 2904 4461 est,
2951 4409 3059 4464 quo
3116 4409 3278 4462 super
3325 4392 3468 4447 nube

1828 4467 1872 4521 D
1902 4494 2027 4556 levi,
2080 4504 2244 4545 carne
2263 4490 2472 4544 scilicet
2494 4489 2544 4543 ei
2580 4503 2611 4542 a
2635 4487 2840 4556 Spiritu
2879 4495 3069 4542 sancto
3108 4485 3361 4549 formata,
3408 4486 3466 4540 in

1899 4585 2040 4639 hanc
2061 4583 2250 4646 vitam,
2277 4580 2568 4650 A‘ngptum
2598 4596 2693 4650 per
2720 4579 3084 4648 metaphoram
3110 4579 3463 4643 nominatam,

1899 4672 2132 4744 prodiit,
2163 4678 2218 4726 et
2241 4671 2297 4724 in
2326 4671 2500 4739 ipsam
2535 4669 2891 4739 corporaliter
2920 4667 3233 4738 Egyptum,
3263 4667 3318 4721 in
3335 4683 3474 4737 qua,

1899 4780 2023 4820 cum
2053 4763 2230 4817 adhuc
2258 4769 2405 4817 esset
2428 4777 2582 4831 puer,
2607 4775 2638 4814 a
2664 4767 2837 4814 matre
2865 4768 2920 4812 et
2947 4757 3149 4828 Ioseph
3171 4757 3464 4828 perductus

1899 4864 2004 4912 est.
2030 4855 2183 4909 Tunc
2207 4862 2386 4908 autem
2407 4855 2564 4923 juxta
2589 4853 2832 4923 quaedam
2865 4851 3093 4922 mystica
3115 4851 3298 4916 verba,
3323 4865 3466 4904 como

1894 4949 2025 5003 moti
2048 4955 2177 5002 sunt
2205 4946 2328 5016 ejus
2354 4946 2592 5002 adventu
2614 4945 2925 5000 conturbati
2967 4945 3056 5013 qui
3087 4943 3240 5012 prius
3267 4943 3464 5011 ubique

1895 5039 1950 5092 in
1985 5036 2314 5091 manufactis
2353 5037 2665 5092 simulacris
2706 5035 3084 5089 inhabitabant
3120 5041 3174 5089 et
3211 5033 3464 5103 vigebant

1894 5128 2346 5194 daemones.Quod
2363 5129 2577 5198 quidem
2596 5127 2900 5182 ostenditur
2915 5126 3129 5181 dicente
3145 5125 3422 5195 prophetia
3445 5145 3458 5178 :

1892 5218 1958 5272 Et
1987 5219 2480 5274 commovebuntur
2510 5217 2826 5271 manufacta
2849 5216 3087 5287 Egypti.
3124 5235 3142 5267 ι
3178 5213 3304 5269 Haec
3333 5231 3463 5284 quo-

1897 5327 2002 5384 que
2029 5327 2127 5381 per
2155 5310 2454 5366 secundum
2489 5311 2611 5379 ejus
2659 5319 2712 5364 et
2759 5311 3076 5380 praeclarum
3104 5311 3159 5364 in
3189 5308 3344 5363 caelis
3375 5323 3461 5362 re-

1895 5420 2059 5474 gnum
2113 5402 2505 5474 implebuntur,
2539 5418 2648 5472 quo
2697 5410 2752 5456 et
2810 5403 2982 5471 ipsam
3014 5399 3455 5456 commovendam

1895 5512 2108 5566 acquum
2158 5502 2321 5551 esset.
2373 5493 2438 5547 Et
2467 5503 2599 5549 tunc
2650 5495 2882 5548 maxime
2934 5494 3312 5549 conturbanda
3343 5495 3457 5550 haec

1904 5586 2222 5642 manufacta
2257 5585 2495 5658 Egypti,
2528 5600 2758 5657 quorum
2785 5601 2881 5642 cor
2906 5584 3275 5657 superabitur,
3301 5591 3362 5642 ut
3381 5587 3457 5642 ait

1744 5743 1764 5774 ³
1788 5740 1891 5798 Isa.
1919 5743 2044 5817 καί
2073 5761 2110 5797 ι.
