3926 6260
565 292 700 347 12ίὸ

546 510 602 556 et
623 501 945 554 humiliante
980 509 1109 553 tunc
1138 514 1352 553 onmem
1385 498 1725 552 altitudinem
1758 515 1900 552 nunc
1928 508 2119 554 contra

547 594 638 647 Dei
663 594 1026 663 cognitionem
1052 593 1342 646 elevatam.
1369 590 1564 645 Omnia
1592 591 1888 660 prophetiae
1911 591 2118 662 reliqua

546 687 659 740 sola
692 685 1037 752 explicantur
1077 684 1360 753 allegoria.

1211 288 1296 342 El}
1311 286 1484 341 SEBII
1527 287 2012 342 CAESARIENSIS
2047 287 2111 343 Ol

2235 288 2415 342 PARS
2449 289 2534 345 Ill.
2575 324 2640 332 -—-
2675 287 3083 344 ΕἉΕΟΕῊΕΑ.

548 407 852 480 Scriptura.
889 411 942 462 iu
1001 424 1081 462 eis
1111 406 1287 461 Verbo
1338 406 1522 460 divino
1584 406 1908 475 subjiciente
1985 408 2111 472 sibi,

2223 409 2327 461 νῶν
2389 407 2665 477 βασιλείαν
2730 410 2834 478 πλη
2845 407 3166 478 ρωθήσετα.,

3599 302 3692 356 1216

3231 403 3343 457 καθ’
3377 408 3436 476 ην
3478 415 3551 464 διαὶ
3576 414 3692 488 αὐτὴν

2230 499 2606 568 σεισθήσεσθαι
2638 499 2783 563 εἰκὸς
2814 498 2878 552 ἂν
2903 500 2986 568 εἴη
3012 517 3024 527 ·
3070 498 3162 550 καὶ
3195 497 3310 549 τότε
3355 499 3524 567 μᾶλλον
3558 506 3693 580 κλονη.

2229 592 2487 662 θήσεσθαι
2516 593 2582 645 τὰ
2608 592 2970 662 ἀποδεδομένα
2998 589 3340 661 χειροποίητα
3368 592 3624 665 Αἰγύπτου,
3647 593 3696 655 ὧν

2225 685 2318 737 καί
2345 686 2442 754 τὴν
2471 683 2696 754 καρδίαν
2742 680 3143 754 ἡττηθήσεσθαι
3188 698 3362 749 φασιν,
3387 683 3437 734 ὲν
3465 685 3607 750 αὐτοῖς
3634 693 3697 746 τοῦ

543 779 684 830 θείου
710 776 884 844 Λόγου
948 776 1418 840 καθυποτάξαντος
1481 774 1660 845 ἑαυτῷ
1692 774 1783 831 καὶ
1829 773 2250 836 ταπεινώσοντος
2289 775 2408 826 τότε
2459 776 2564 828 πᾶν
2607 773 2806 843 ὕψωμα
2866 774 2926 826 τὸ
2967 773 3060 826 νῦν
3125 773 3462 841 ἐπαιρόμενον
3501 777 3610 830 κατά
3633 781 3697 848 τῆς

541 869 795 938 γνώσεως
858 870 952 922 τοῦ
1005 871 1168 922 Θεοῦ’
1225 869 1294 922 τὰ
1342 869 1384 921 δ’
1449 869 1573 938 ἑξῆς
1621 869 1720 938 τῆς
1776 868 2111 943 προφητείας
2151 867 2364 921 ἃπαντα
2391 867 2480 920 διά
2505 867 2670 938 μόνης
2692 866 3079 936 ἀποδοθήσεται
3107 864 3485 953 τροπολογίαςη

1152 984 1381 1039 CAPUT
1421 985 1510 1042 XI.

621 1098 638 1130 ι
668 1079 726 1132 In
750 1079 837 1133 die
864 1079 951 1132 illa
999 1078 1102 1132 erit
1135 1079 1306 1133 altare
1342 1079 1568 1133 Domino
1597 1081 1650 1134 in
1696 1089 1840 1135 terra
1872 1080 2110 1152 Egypti,

542 1178 595 1223 et
626 1169 819 1223 titulus
859 1169 1015 1238 juxta
1053 1169 1344 1222 terminum
1384 1169 1504 1238 ejus
1532 1169 1762 1223 Domino
1796 1191 1806 1224 :
1836 1181 1888 1224 et
1925 1174 2028 1225 erit
2060 1172 2112 1226 in

545 1261 760 1332 signum
796 1263 848 1313 in
880 1268 1142 1313 aeternum
1180 1258 1408 1312 Domino
1441 1260 1491 1311 in
1525 1269 1666 1314 terra
1691 1259 1909 1331 {Egypti
1941 1276 2115 1332 ;quo—

545 1351 690 1404 niam
743 1351 1057 1403 clamabunt
1111 1354 1176 1402 ad
1234 1347 1519 1402 Dominum
1567 1360 1786 1420 prepter
1819 1351 2112 1420 afﬂigentes

543 1456 620 1505 se,
651 1451 705 1495 et
750 1443 927 1496 mittet
977 1443 1056 1496 eis
1113 1439 1376 1494 Dominus
1415 1441 1710 1505 hominem,
1745 1443 1835 1511 qui
1884 1445 2114 1497 salvabit

542 1548 660 1598 eos,
691 1534 946 1602 judicans
992 1533 1220 1588 salvabit
1263 1549 1378 1593 eos.
1423 1543 1475 1587 et
1510 1535 1760 1603 cngnitus
1791 1536 1896 1590 erit
1945 1535 2116 1589 Domi-

543 1642 647 1679 nus
701 1625 1004 1695 Aigyptiis,
1057 1635 1110 1679 et
1159 1633 1490 1695 cognoscent
1527 1626 1764 1697 Μεγιηῆ
1825 1627 2111 1682 Dominum

545 1714 712 1768 Deum
745 1716 797 1768 iu
835 1719 921 1770 die
950 1718 1064 1776 illa.
1101 1725 1154 1773 et
1187 1718 1386 1772 facient
1418 1722 1706 1784 sacriﬁcia,
1760 1730 1812 1775 et
1841 1721 2115 1774 vovebunt

544 1815 668 1860 vota
726 1806 977 1873 Domino,
1029 1819 1082 1865 et
1137 1813 1426 1868 reddent‘.
1465 1833 1483 1864 ›
1525 1812 1591 1867 Et
1641 1815 1766 1884 quis
1811 1816 1950 1868 alius
1997 1831 2119 1870 esse

544 1910 727 1967 posset
775 1915 804 1952 a
852 1899 1083 1955 Domino
1160 1904 1362 1958 missus
1421 1905 1626 1968 homo,
1685 1905 1776 1975 qui
1833 1905 2117 1976 Egyptios

543 1992 852 2045 salvaturus
921 2001 1004 2048 est
1080 1994 1380 2064 judicans,
1477 1997 1579 2050 nisi
1657 1995 1910 2052 Christus
1982 1999 2113 2063 Dei,

547 2103 563 2133 ι
597 2083 826 2138 formam
893 2087 1037 2140 servi
1087 2088 1382 2156 accipiens,
1432 2099 1486 2144 et
1534 2089 1722 2144 habitu
1768 2091 2023 2146 inventus
2060 2103 2117 2146 ut

543 2178 705 2233 homo
727 2180 766 2233 ⁸.
805 2199 822 2232 ι
859 2179 1094 2251 IEgypto
1129 2182 1347 2250 quidem
1392 2183 1686 2253 allegorice
1722 2185 2004 2240 hominum
2038 2189 2115 2241 vi-

540 2278 648 2322 tam
687 2270 1050 2340 signiﬁcante,
1083 2272 1323 2343 A‘Igyptii
1368 2283 1552 2329 essent
1585 2277 1676 2345 qui
1713 2293 1741 2330 a
1775 2278 2114 2334 ᾱίθιιιυιιὶὺυε

540 2372 807 2415 vexantur
856 2371 909 2418 et
959 2363 1026 2416 ad
1088 2379 1173 2419 res
1231 2373 1477 2420 terrenas
1530 2369 1912 2437 propensiores
1962 2378 2109 2436 sunt,

539 2471 678 2524 quos
703 2456 944 2508 omnium
978 2455 1120 2510 Deus
1155 2458 1445 2513 miseratus
1477 2467 1561 2514 est
1591 2461 1895 2515 daemonum
1927 2470 2113 2533 tyran-

541 2547 665 2601 nide
685 2562 1002 2616 oppressos,
1041 2551 1211 2602 misso
1242 2551 1503 2618 pra3dicto
1537 2553 1776 2619 homine,
1806 2556 1897 2625 qui
1932 2557 2110 2612 salva-

537 2641 614 2692 vit
639 2640 870 2693 salutem
910 2639 1020 2694 Deo
1049 2641 1267 2709 dignam
1297 2643 1369 2696 ita
1395 2653 1452 2696 ut
1478 2660 1668 2700 omnes
1701 2650 1976 2717 quondam
2009 2652 2112 2707 sub

539 2733 654 2802 lege
706 2733 774 2785 ab
817 2732 1057 2787 Ecclesia
1112 2732 1324 2787 Domini
1381 2737 1654 2801 exclusos,
1703 2755 1761 2794 se
1813 2743 1990 2811 ipsum
2045 2745 2110 2799 iis

540 2821 899 2878 manifestans
929 2821 1215 2882 Dominus.
1241 2825 1305 2879 ad
1339 2825 1552 2881 Domini
1583 2830 1866 2885 scientiam
1896 2834 1997 2888 hac
2021 2851 2108 2889 re-

536 2913 806 2968 velatione
838 2915 1178 2984 perduceret.
1214 2915 1369 2972 Patet
1392 2920 1536 2988 quod
1578 2921 1630 2974 in
1659 2924 1913 2991 praedicta
1942 2927 2108 2999 Egy-

537 3005 771 3074 ptiorum
793 3015 936 3060 terra
955 3017 1291 3063 exstructum
1311 3019 1393 3065 est
1411 3011 1642 3067 Domino
1661 3016 1830 3072 altare
1855 3021 2108 3078 omnibus

2593 982 2654 1054 (f.
2694 984 2762 1037 49
2793 984 2868 1053 γ’)
2900 984 3287 1037 ΚΕΦΑΛΑΙΟΝ
3321 986 3412 1036 lA’.

2297 1095 2315 1128 ι
2351 1077 2428 1148 Τῇ
2451 1076 2634 1148 ἡμέρᾳ
2669 1077 2852 1148 ἐκείνῃ
2892 1077 3041 1130 ἔσται
3086 1075 3452 1147 θυσιαστήριον
3485 1080 3547 1149 τῷ
3571 1084 3701 1154 Κυρίῳ

2222 1173 2278 1227 ἐν
2311 1169 2462 1241 χώρα⁴
2508 1169 2842 1237 Αἰγυπτίων,
2884 1170 2978 1222 καὶ
3009 1167 3177 1238 στήλη
3206 1168 3338 1239 πρὸς
3364 1169 3419 1222 τὸ
3442 1171 3564 1241 ὃριον
3586 1175 3702 1245 αὐτῆς

2219 1262 2297 1336 τῷ
2331 1263 2546 1334 Κυρίῳο
2581 1263 2676 1315 καὶ
2724 1261 2874 1316 ἔσται
2907 1263 2986 1325 εἰς
3013 1263 3233 1332 σημεῖον
3264 1263 3341 1324 είς
3362 1261 3444 1314 τὸν
3470 1264 3606 1316 αἰῶνα
3631 1267 3704 1319 Κύ-

2223 1372 2336 1426 ριος
2358 1357 2415 1406 ὲν
2444 1353 2595 1424 χώρᾳ
2615 1352 2889 1422 Αἰγύπτου
2909 1370 2922 1383 ·
2952 1354 3032 1406 ὅτι
3058 1352 3406 1425 κεκράξονται
3425 1355 3540 1424 πρὸς
3564 1356 3706 1425 Κύριον

2220 1447 2307 1502 διὰ
2335 1447 2460 1509 τοὺς
2485 1445 2764 1510 θλίϐοντας
2809 1447 3026 1508 αὐτοὺς,
3056 1447 3148 1498 καὶ
3175 1446 3452 1499 ἀποστελεῖ
3475 1447 3618 1510 αὐτοῖς
3643 1448 3706 1500 ἂν·

2221 1536 2436 1609 θρωπον
2476 1537 2535 1595 ὃς
2590 1535 2751 1590 σώσει
2789 1535 3002 1600 αὐτοὺς,
3026 1535 3223 1608 κρίνων
3256 1533 3411 1586 σώσει
3436 1535 3624 1600 αὐτούς·
3648 1538 3709 1591 καὶ

2221 1628 2456 1698 γνωστὸς
2485 1628 2635 1680 ἔσται.
2665 1627 2869 1699 Κύριος
2900 1629 3012 1690 τοῖς
3057 1627 3371 1696 Αἰγυπτίοις
3391 1644 3403 1656 ·
3437 1629 3516 1680 καί
3543 1627 3709 1695 γνὼσον·

2219 1736 2306 1771 ται
2334 1721 2383 1776 οἰ
2417 1718 2705 1785 Αἰγύπτιοι
2729 1719 2819 1770 τὸν
2851 1718 3053 1790 Κύριον
3082 1719 3139 1769 ἐν
3161 1721 3226 1788 τῇ
3254 1717 3430 1790 ήμέρᾳ
3450 1719 3626 1790 ἐκείνῃ*
3649 1723 3712 1774 καὶ

2219 1813 2504 1881 ποιήσουσι
2533 1810 2724 1874 θυσίας
2761 1811 2854 1864 καὶ
2896 1811 3064 1882 δῶρον
3085 1828 3098 1842 ·
3152 1813 3242 1866 καὶ
3272 1811 3500 1877 εὔξονται
3522 1813 3647 1882 εὐχὰς
3661 1815 3712 1882 τῷ

2218 1902 2355 1973 Θεῷ,
2397 1923 2416 1955 ι
2454 1903 2562 1956 Καὶ
2601 1903 2685 1966 τίς
2721 1903 2784 1956 ἂν
2824 1903 2979 1966 ἄλλος
3023 1903 3109 1976 εἴη
3143 1908 3171 1958 ὁ
3196 1905 3507 1968 ἀποσταλεὶς
3537 1906 3618 1958 ὑπὸ
3635 1907 3711 1958 Κν-

2221 1995 2333 2065 ρίου
2377 1995 2660 2064 ἄνθρωπος
2684 2035 2698 2060 ,
2736 1999 2829 2048 καὶ
2875 1996 3055 2061 σώσας
3091 1998 3216 2060 τοὺς
3250 1997 3632 2064 Αἰγυπτίουςδιά
3651 1998 3712 2050 τοῦ

2217 2087 2445 2156 κρίνειν,
2486 2085 2518 2156 ἢ
2563 2089 2590 2140 ὁ
2637 2086 2870 2157 Χριστὸς
2898 2085 2990 2138 τοῦ
3045 2085 3201 2149 Θεοῦ,
3226 2089 3256 2139 ὁ
3297 2104 3313 2136 ι
3362 2087 3552 2158 μορφὴν
3583 2084 3712 2139 δούλου

2216 2178 2416 2241 λαϐὼν,
2453 2180 2544 2232 καὶ
2591 2179 2829 2250 σχήματι
2859 2179 3096 2249 εὑρεθεὶς
3126 2180 3200 2242 ὡς
3235 2178 3528 2248 ἄνθρωπος.
3568 2178 3715 2245 »Αἰγύ-

2217 2289 2351 2324 πτου
2373 2271 2430 2323 δὲ
2458 2269 2734 2342 τροπικῶς
2763 2271 3052 2341 νοουμένου
3082 2269 3176 2326 τοῦ
3199 2270 3314 2322 τῶν
3331 2269 3422 2322 ἀνθ
3433 2269 3600 2338 ρώπων
3620 2268 3713 2338 βίον,

2215 2360 2323 2418 εἷεν
2356 2363 2421 2417 ἂν
2453 2367 2500 2417 οἱ
2524 2363 2916 2434 δεισιδαίμονες
2951 2364 3043 2416 καὶ
3076 2364 3186 2424 τοῖς
3233 2362 3435 2424 ὑλικοῖς
3481 2375 3713 2430 προπεπον-

2215 2457 2365 2520 θότες
2424 2457 2735 2525 Αἰγύπτιοι,
2765 2455 2858 2519 οὓς
2902 2457 2930 2508 ὁ
2969 2453 3076 2508 τῶν
3125 2453 3263 2508 ὅλων
3298 2454 3424 2515 Θεὸς
3460 2452 3715 2520 κατελεήσας

2215 2549 2559 2617 θλιὸομένους
2592 2548 2700 2601 ὑπὸ
2732 2548 2838 2600 τῶν
2877 2547 3421 2618 κατατυραννούντων
3448 2545 3613 2606 αὐτοὺς
3641 2543 3717 2595 δαι-

2216 2644 2410 2714 μόνων,
2463 2640 2787 2703 ἀποστείλας
2833 2640 2924 2692 τὸν
2974 2639 3374 2711 προειρημένον
3407 2632 3716 2706 ἀνθρωπον,ὂ;

2212 2735 2383 2788 ἔσωσε
2443 2733 2716 2803 σωτηρίαν
2749 2731 2866 2802 Θεῷ
2893 2731 3232 2804 πρέπουσαν,
3268 2730 3407 2782 ὥστε
3454 2729 3563 2789 τοὺς
3600 2725 3717 2776 πάλαι

2211 2829 2352 2882 κατά
2385 2827 2474 2879 τὸν
2499 2826 2660 2896 νόμον
2691 2825 3044 2898 εἰργομένους
3081 2823 3180 2892 τῆς
3229 2819 3539 2890 Ἐκκλησίας
3573 2817 3722 2885 Κυρίου

2208 2919 2296 2975 διὰ
2349 2919 2447 2989 τῆς
2484 2919 2782 2988 γενομένης
2813 2917 2996 2978 αὐτοῖς
3032 2914 3353 2984 ἐπιφανείας
3384 2911 3640 2978 ἐπιγνῶναι
3661 2909 3726 2960 τὸν

2208 3015 2434 3085 Κύριον,
2471 3011 2636 3067 αὑτοῦ
2667 3010 2760 3064 τοῦ
2787 3010 2993 3081 Κυρίου
3028 3007 3270 3077 γνωστὸν
3301 3005 3460 3066 αὑτὸν
3491 3001 3722 3068 αὐτοῖςέμ-

3718 1354 3742 1368 ζ

538 3097 1051 3167 congregationibus
1081 3115 1201 3168 quae
1246 3101 1298 3153 in
1329 3103 1476 3156 omni
1507 3104 1626 3158 loco
1677 3106 1810 3161 ﬁunt
1853 3110 1921 3163 ad
1963 3113 2111 3171 invo-

2225 3107 2529 3169 ποιοῦντος·
2588 3105 2755 3172 σαφὲς
2807 3102 2850 3156 δ’
2891 3102 3038 3164 ὅπως
3083 3103 3138 3153 ὲν
3171 3101 3238 3169 τῇ
3279 3097 3563 3168 δηλωθείσῃ
3585 3095 3724 3162 τῇτᾱη

535 3188 768 3240 candum
809 3189 1258 3261 adorandumqne
1304 3192 1490 3253 Deum.
1551 3197 1689 3252 Dicit
1737 3200 1878 3258 forte
1917 3206 2115 3277 aliquis

540 3279 666 3336 huic
707 3282 825 3335 loco
865 3283 1205 3350 adversatus,
1256 3287 1466 3344 scilicet
1501 3310 1518 3340 ι
1557 3300 1612 3345 et
1655 3294 1756 3346 erit
1803 3297 1974 3357 altare
2008 3299 2114 3355 Do-

538 3374 686 3427 mino
725 3375 776 3428 in
813 3383 956 3430 terra
989 3377 1390 3448 Egyptiorum,
1433 3401 1451 3432 ι
1489 3383 1532 3436 si
1575 3385 1794 3452 quidem
1830 3389 2000 3445 altare
2039 3392 2116 3445 lo-

539 3479 636 3518 cus
667 3467 844 3534 quivis
875 3469 945 3521 sit
971 3470 1390 3538 sacrificiorum,
1413 3474 1577 3529 verbo
1603 3473 1696 3529 Dei
1728 3477 2114 3549 insipientibus

537 3553 727 3609 bestiis
778 3555 1094 3621 immolatis,
1136 3559 1344 3628 justius
1393 3569 1538 3619 esset
1583 3565 1781 3633 majus,
1832 3563 2113 3641 magisque

537 3661 722 3698 verum
748 3663 840 3716 per
869 3648 1147 3703 Christum
1185 3651 1298 3706 ﬁeri
1334 3651 1442 3712 Deo
1477 3655 1649 3709 altare
1689 3657 1743 3710 in
1767 3661 1916 3714 omni
1941 3669 2112 3718 terre-

533 3736 634 3788 stri
676 3735 816 3802 loco,
851 3737 1086 3810 {Egypto
1115 3756 1210 3810 per
1242 3743 1617 3813 metaphoram
1649 3750 1949 3816 nominato,
1987 3771 2113 3824 pro-

536 3835 655 3897 pter
698 3844 889 3884 omnes
945 3833 1146 3902 ubique
1190 3844 1477 3906 martyres,
1531 3839 1688 3905 quasi
1743 3843 2012 3898 sacriﬁcia
2057 3854 2112 3900 et

535 3919 788 3976 victimas
843 3939 938 3990 pro
989 3923 1268 3979 hominum
1309 3929 1526 3997 generis
1572 3930 1746 3985 salute
1789 3932 1920 3999 Deo,
1955 3945 2009 3991 et
2055 3938 2108 3992 in

537 4007 652 4075 ipsa
699 4011 969 4077 corporali
1003 4004 1384 4083 Aﬂgyptiorum
1428 4027 1598 4082 terra,
1632 4021 1723 4074 ubi
1755 4032 1834 4077 tot
1877 4033 1930 4080 et
1975 4029 2108 4082 tanti

537 4110 802 4172 martyres
844 4107 1064 4172 proprio
1095 4107 1336 4174 ipsorum
1389 4113 1656 4179 sanguine
1703 4113 1869 4169 Deum
1903 4118 2105 4188 gloriﬁ-

535 4205 815 4248 caverunt.
853 4195 1008 4260 Quod
1057 4198 1101 4252 si
1134 4198 1265 4254 illud
1297 4201 1512 4258 diﬁicile
1540 4205 1826 4261 crederent
1864 4210 2106 4266 circum-

535 4285 658 4350 cisi,
687 4287 875 4342 dicant
913 4291 1013 4358 ipsi
1049 4292 1268 4360 quando
1306 4301 1360 4348 et
1385 4295 1477 4350 ubi
1526 4305 1580 4351 et
1622 4300 1897 4368 quodnam
1938 4306 2107 4361 altare

536 4380 588 4432 in
623 4379 856 4451 Egypto
889 4392 1128 4438 erectum
1178 4385 1248 4440 sit
1298 4385 1550 4457 Domino,
1594 4392 1718 4468 quis
1770 4410 1898 4448 vero
1945 4397 2108 4453 homo

2219 3197 2530 3266 Αἰγυπτίων
2580 3194 2732 3267 χώρᾳ
2779 3194 3007 3262 συνέστη
3055 3191 3136 3261 τῷ
3174 3190 3370 3261 Κυρίῳ
3416 3186 3724 3256 θυσιαστήριον

2217 3291 2325 3344 ἀπὸ
2349 3289 2457 3341 τῶν
2492 3291 2548 3343 ὲν
2573 3288 2737 3341 παντί
2755 3288 2904 3358 τόπῳ
2937 3289 3015 3350 εἰς
3043 3285 3205 3353 εὐχὰς
3242 3283 3335 3336 καὶ
3354 3282 3479 3336 Θεοῦ
3500 3278 3727 3350 Θρησκείαν,

2214 3381 2645 3452 ἐπιτελουμένων
2679 3378 3080 3452 ἀθροισμάτων.
3119 3375 3282 3428 Εἴποι
3310 3374 3354 3427 δ’
3389 3372 3451 3427 ἀν
3476 3388 3549 3463 τις
3569 3365 3721 3463 Eximi-

2215 3493 2320 3530 νων
2361 3477 2427 3545 τῇ
2471 3473 2613 3540 λέξει
2662 3473 2742 3535 εις
2787 3471 2868 3532 τὸ,
2915 3491 2931 3518 ι
2970 3469 3080 3527 Καὶ
3101 3467 3257 3519 ἔσται
3303 3462 3650 3530 θυσιαστήριον
3673 3462 3722 3522 τῳ

2215 3567 2404 3638 Κυρίῳ
2431 3567 2486 3618 ὲν
2517 3563 2669 3636 χώρᾳ
2693 3563 2802 3616 τῶν
2825 3561 3158 3631 Αἰγυπτίων,
3193 3577 3213 3611 ι
3242 3559 3292 3611 εἰ
3326 3557 3391 3628 δὴ
3413 3556 3471 3609 τὸ
3500 3550 3721 3618 (iactasti,-

2216 3677 2329 3732 ριον
2384 3658 2547 3720 τόπος
2577 3656 2662 3719 τίς
2706 3658 2823 3709 ἐστι
2863 3654 3138 3724 θυμάτων,
3175 3652 3270 3703 ὲπί
3303 3651 3443 3720 λόγῳ
3477 3641 3724 3732 Θεοῦ

2211 3731 2422 3819 ἀλόγων
2486 3747 2956 3818 σφαγιαζομένων,
3018 3745 3341 3798 δικαιότατα
3385 3743 3447 3796 ἂν
3488 3738 3638 3811 μεῖζον
3661 3731 3724 3785 iui

2212 3843 2574 3914 ἀληθέστερον
2639 3841 2728 3895 διὰ
2774 3837 3012 3912 Χριστοῦ
3070 3837 3358 3906 γεγονέναι
3408 3834 3481 3905 τῷ
3533 3825 3724 3898 65:310-4-

2214 3940 2528 4012 σιαστήριον
2603 3940 2663 3991 ὲν
2717 3936 2823 4008 ὅλῳ
2875 3954 2935 3989 τε
2993 3933 3070 4009 τῷ
3138 3933 3406 4006 περιγείῳ
3457 3931 3623 3997 τόπῳ.
3661 3921 3725 3975 λί⁹

2212 4031 2402 4099 γύπτῳ
2474 4030 2747 4102 τροπικῶς
2803 4026 3236 4102 χρηματίζοντι,
3315 4025 3403 4079 διὰ
3481 4023 3590 4083 τοὺς

2209 4126 2405 4195 ταχόσε
2469 4128 2748 4198 μάρτυρας
2811 4124 3025 4194 θύματα
3083 4122 3174 4176 καὶ
3221 4121 3390 4174 οἱονεὶ
3441 4116 3621 4185 σφάγια
3659 4121 3726 4158 τον

2211 4219 2402 4288 γένους
2445 4218 2554 4273 τῶν
2584 4217 2906 4290 ζάνορώπων
2950 4214 3371 4285 ἀναφερομένων
3408 4209 3482 4280 τῷ
3530 4198 3728 4308 Θεῷικαιἱ

2209 4313 2267 4364 έν
2323 4313 2458 4382 αὐτῇ
2517 4313 2573 4364 δὲ
2625 4313 2690 4382 τῇ
2754 4311 3036 4380 σωματικῇ
3089 4305 3195 4359 τῶν
3246 4303 3551 4372 Αἰγυπτίων
3587 4303 3718 4368 χώρᾳ.

2212 4401 2340 4456 ἔνθα
2387 4401 2629 4455 τοσοῦτοι
2689 4401 2782 4454 καὶ
2847 4398 3153 4469 τηλικοῦτοι
3210 4397 3485 4468 μάρτυρες
3533 4387 3726 4451 ἐδόξασαν

535 4473 626 4541 ιιιιί
677 4474 963 4546 Αἰωμιίοε
1024 4478 1206 4534 salvos
1259 4479 1478 4546 fecerit,
1542 4485 2004 4553 quemadmodum
2053 4499 2108 4546 et

2215 4494 2305 4546 τὸν
2357 4493 2488 4546 Θεὸν
2533 4492 2610 4562 τῷ
2677 4492 2790 4562 ἰδίῳ
2829 4489 3005 4545 αὐτῶν
3046 4489 3268 4558 αἶματι’
3323 4485 3435 4539 ἀλλ’
3477 4483 3521 4534 εἰ
3564 4479 3724 4531 δυσπει-

533 4567 753 4634 quando
784 4571 1034 4639 cognitus
1088 4571 1250 4626 fuerit
1290 4568 1556 4631 Dominus
1600 4577 1892 4649 1Egyptiis,
1943 4583 2014 4636 ita
2048 4591 2106 4637 ut

534 4658 636 4727 ipsi
666 4675 695 4712 a
723 4662 994 4728 prioribus
1015 4665 1350 4723 declinantes
1373 4671 1655 4727 erroribus
1679 4671 1745 4724 ad
1779 4673 1898 4742 ejus
1923 4677 2102 4731 scien-

533 4753 665 4805 tiam
723 4758 1070 4822 pervenerint
1114 4777 1126 4813 :
1180 4759 1283 4814 hoc
1327 4768 1412 4816 est
1464 4763 1715 4818 videlicet
1771 4781 2102 4835 cognoscere

537 4843 842 4900 Dominum.
878 4847 1084 4901 Caetera
1126 4867 1255 4906 vero
1297 4855 1480 4908 omnia
1528 4857 1826 4925 prophetia:
1855 4860 2103 4915 altiorem

534 4950 753 4990 sensum
820 4941 1123 5007 includunt,
1167 4962 1328 5014 quem
1377 4949 1664 5005 enucleare
1709 4967 1949 5019 praesens
1997 4970 2106 5008 non

535 5026 665 5081 sinit
699 5035 932 5099 tempus.

2218 4585 2324 4648 θῶς
2373 4584 2544 4655 ἔχοιεν
2594 4584 2730 4655 πρὸς
2789 4582 2859 4635 τά
2913 4579 3286 4650 ἀποδεδομένα
3347 4579 3396 4630 οἰ
3447 4577 3505 4627 ἐκ
3553 4579 3724 4668 Δπεριτεί-

2215 4675 2342 4745 μῆς,
2377 4674 2682 4743 λεγέτωσαν
2711 4674 2864 4726 αὐτοὶ
2909 4671 3036 4725 πότε
3083 4672 3175 4724 καὶ
3203 4670 3331 4730 ποῦ,
3350 4669 3443 4721 καὶ
3482 4663 3599 4735 πρὸς
3627 4663 3725 4714 τίνος

2211 4767 2592 4837 θυσιαστήριον
2622 4767 2857 4836 κατέστη
2883 4765 2960 4834 τῷ
2987 4765 3174 4835 Κυρίῳ
3209 4767 3269 4817 ὲν
3317 4761 3580 4830 Αἰγύπτῳ,
3611 4755 3673 4814 τίς
3690 4749 3724 4799 δὲ

2210 4861 2239 4912 δ
2285 4858 2570 4928 ἄνθρωπος
2594 4861 2622 4913 ὁ
2654 4857 2832 4920 σώσας
2866 4859 2992 4920 τοὺς
3029 4857 3384 4924 Αἰγυπτίους,
3422 4854 3532 4906 τίνα
3558 4865 3606 4902 τε
3640 4842 3725 4914 =94-

2215 4969 2315 5003 πον
2369 4952 2461 5004 καὶ
2511 4951 2639 5003 πότε
2695 4949 2932 5019 γνωστὸς
2981 4949 3192 5017 ἐγένετο
3244 4947 3450 5018 Κύριος
3489 4945 3585 5003 τοῖς
3609 4939 3724 5034 Δίγνσ

2215 5044 2410 5107 πτίοις,
2448 5042 2589 5095 ὥστε
2619 5043 2814 5105 αὐτοὺς
2861 5041 3202 5104 ἀποστάντας
3226 5039 3328 5110 τῆς
3359 5035 3606 5110 προτέρας
3632 5039 3723 5079 πω·

533 5137 650 5192 νης,
681 5123 779 5196 τὴν
805 5128 932 5197 περὶ
973 5129 1135 5182 αὐτοῦ
1182 5131 1382 5199 γνῶσιν
1423 5135 1738 5190 ἀναλαϐεῖν⁸
1769 5138 2006 5191 τοιοῦτον
2031 5139 2137 5209 γάρ
2177 5139 2289 5190 ἐστι
2314 5139 2373 5190 τὸ
2397 5135 2692 5204 ἐπιγνῶναι
2739 5135 2961 5207 Κύριον.
3005 5135 3113 5187 Καὶ
3160 5133 3256 5186 ὅλα
3333 5131 3384 5182 δὲ
3426 5128 3492 5180 τὰ
3527 5123 3632 5189 ἑξῆς
3659 5129 3725 5183 της

536 5216 865 5285 προφητείας
919 5220 1216 5292 βαθυτέρας
1260 5224 1490 5295 ἤρτηται
1533 5227 1783 5293 διανοίας,
1835 5230 1900 5299 ἢν
1944 5231 2041 5299 οὐχ
2081 5233 2108 5282 ὁ
2141 5227 2331 5299 παρὼν
2371 5228 2732 5281 ἀναπτύσσειν
2767 5226 2974 5297 καιρός.

1121 5337 1349 5392 CAPUT
1389 5341 1500 5394 XII.

615 5461 630 5492 ι
671 5448 915 5508 Domine,
970 5465 1022 5502 in
1067 5452 1322 5520 angustia
1364 5457 1682 5512 recordatus
1733 5475 1854 5514 sum
1900 5460 2012 5527 tui;
2050 5459 2104 5514 in

536 5533 887 5594 tribulatione
926 5557 1109 5610 parva,
1143 5545 1388 5604 doctrina
1439 5560 1530 5606 tua
1579 5554 1757 5609 nobis.
1806 5553 1958 5612 Sicut
1990 5573 2108 5628 quae

609 5683 626 5716 ⁸
655 5686 760 5744 lsa.
796 5706 912 5757 xu,
953 5695 1131 5750 17-21.

2737 5341 3130 5398 ΚΕΦΛΛΑῙΟΝ
3168 5339 3264 5393 IB'.

2291 5482 2308 5514 ι
2343 5462 2539 5535 Κύριε,
2573 5463 2631 5517 ὲν
2670 5461 2844 5530 θλίψει
2875 5458 3150 5531 ἐμνήσθην
3187 5472 3300 5509 σου·
3337 5455 3396 5507 ὲν
3418 5446 3578 5517 θλίψει
3599 5437 3721 5535 WE?

2217 5561 2248 5629 ὴ
2286 5556 2502 5612 παιδεία
2535 5572 2629 5608 σου
2671 5555 2820 5624 ἡμῖν·
2864 5552 2956 5606 καὶ
2999 5549 3072 5614 ὡς
3103 5553 3134 5620 ἡ
3168 5545 3431 5602 ὼδινοῦσα
3459 5537 3634 5613 ἐγγίζει
3655 5546 3719 5584 νου
