  <div class='ocr_page' id='page_1' title='image "/cluster/home/n/w/nwhite01/storage/ocr_20150623/22/mdp.39015078384388/626.png"; bbox 0 0 3926 6260; ppageno 0'>
   <div class='ocr_carea' id='block_1_1' title="bbox 205 316 336 372">
    <p class='ocr_par' dir='ltr' id='par_1_1' title="bbox 205 316 336 372">
     <span class='ocr_line' id='line_1_1' title="bbox 205 316 336 372; baseline 0.015 -3"><span class='ocrx_word' id='word_1_1' title='bbox 205 316 336 372; x_wconf 72' lang='grc'><strong>1217</strong></span> 
     </span>
    </p>
   </div>
   <div class='ocr_carea' id='block_1_2' title="bbox 1248 314 2468 375">
    <p class='ocr_par' dir='ltr' id='par_1_2' title="bbox 1248 314 2468 375">
     <span class='ocr_line' id='line_1_2' title="bbox 1248 314 2468 375; baseline -0.003 -2"><span class='ocrx_word' id='word_1_2' title='bbox 1248 318 1542 375; x_wconf 64' lang='grc' dir='ltr'>ποιοοΛε</span> <span class='ocrx_word' id='word_1_3' title='bbox 1581 316 2062 373; x_wconf 56' lang='grc' dir='ltr'><strong>ΡΗΟΡΗΕΤΠΆΕ.</strong></span> <span class='ocrx_word' id='word_1_4' title='bbox 2096 349 2164 360; x_wconf 90' lang='grc'><strong><em>-</em></strong></span> <span class='ocrx_word' id='word_1_5' title='bbox 2203 314 2330 372; x_wconf 86' lang='lat' dir='ltr'><strong>LIB.</strong></span> <span class='ocrx_word' id='word_1_6' title='bbox 2372 314 2468 369; x_wconf 80' lang='lat' dir='ltr'><strong>IV.</strong></span> 
     </span>
    </p>
   </div>
   <div class='ocr_carea' id='block_1_3' title="bbox 3322 320 3452 373">
    <p class='ocr_par' dir='ltr' id='par_1_3' title="bbox 3322 320 3452 373">
     <span class='ocr_line' id='line_1_3' title="bbox 3322 320 3452 373; baseline 0 0"><span class='ocrx_word' id='word_1_7' title='bbox 3322 320 3452 373; x_wconf 71' lang='lat' dir='ltr'><strong>l2l8</strong></span> 
     </span>
    </p>
   </div>
   <div class='ocr_carea' id='block_1_4' title="bbox 198 426 1777 511">
    <p class='ocr_par' dir='ltr' id='par_1_4' title="bbox 198 426 1773 511">
     <span class='ocr_line' id='line_1_4' title="bbox 198 426 1773 511; baseline 0.001 -24"><span class='ocrx_word' id='word_1_8' title='bbox 198 435 389 496; x_wconf 83' lang='grc' dir='ltr'><strong>τεκεῖν,</strong></span> <span class='ocrx_word' id='word_1_9' title='bbox 436 434 530 487; x_wconf 69' lang='grc' dir='ltr'><strong>καὶ</strong></span> <span class='ocrx_word' id='word_1_10' title='bbox 570 434 661 487; x_wconf 75' lang='grc' dir='ltr'>ὲπὶ</span> <span class='ocrx_word' id='word_1_11' title='bbox 706 437 771 506; x_wconf 79' lang='grc' dir='ltr'>τῇ</span> <span class='ocrx_word' id='word_1_12' title='bbox 818 435 965 490; x_wconf 84' lang='grc' dir='ltr'>ὠδῖνι</span> <span class='ocrx_word' id='word_1_13' title='bbox 1010 438 1175 510; x_wconf 79' lang='grc' dir='ltr'>αὐτῆς</span> <span class='ocrx_word' id='word_1_14' title='bbox 1219 426 1553 511; x_wconf 71' lang='grc' dir='ltr'>ἐκέκραξεν,</span> <span class='ocrx_word' id='word_1_15' title='bbox 1600 434 1773 499; x_wconf 72' lang='grc' dir='ltr'>οὕτως</span> 
     </span>
    </p>
   </div>
   <div class='ocr_carea' id='block_1_5' title="bbox 1881 426 3456 511">
    <p class='ocr_par' dir='ltr' id='par_1_5' title="bbox 1881 426 3456 503">
     <span class='ocr_line' id='line_1_5' title="bbox 1881 426 3456 503; baseline -0.001 -16"><span class='ocrx_word' id='word_1_16' title='bbox 1881 433 2151 503; x_wconf 78' lang='lat' dir='ltr'><strong>concepit,</strong></span> <span class='ocrx_word' id='word_1_17' title='bbox 2184 445 2307 486; x_wconf 88' lang='lat' dir='ltr'><strong>cum</strong></span> <span class='ocrx_word' id='word_1_18' title='bbox 2336 426 2860 499; x_wconf 86' lang='lat' dir='ltr'><strong>appropinquaverit</strong></span> <span class='ocrx_word' id='word_1_19' title='bbox 2888 428 2954 482; x_wconf 84' lang='lat' dir='ltr'><strong>ad</strong></span> <span class='ocrx_word' id='word_1_20' title='bbox 2991 436 3232 498; x_wconf 83' lang='lat' dir='ltr'><strong>partum,</strong></span> <span class='ocrx_word' id='word_1_21' title='bbox 3263 429 3456 486; x_wconf 81' lang='lat' dir='ltr'><strong>dolens</strong></span> 
     </span>
    </p>
   </div>
   <div class='ocr_carea' id='block_1_6' title="bbox 198 524 1770 602">
    <p class='ocr_par' dir='ltr' id='par_1_6' title="bbox 198 524 1770 602">
     <span class='ocr_line' id='line_1_6' title="bbox 198 524 1770 602; baseline 0 -23"><span class='ocrx_word' id='word_1_22' title='bbox 198 524 525 596; x_wconf 79' lang='grc' dir='ltr'><strong>ἐγενήθημεν</strong></span> <span class='ocrx_word' id='word_1_23' title='bbox 571 524 646 596; x_wconf 85' lang='grc' dir='ltr'>τῷ</span> <span class='ocrx_word' id='word_1_24' title='bbox 683 526 975 600; x_wconf 85' lang='grc' dir='ltr'>Ἀγαπητῷ</span> <span class='ocrx_word' id='word_1_25' title='bbox 1024 547 1137 584; x_wconf 86' lang='grc' dir='ltr'>σου.</span> <span class='ocrx_word' id='word_1_26' title='bbox 1176 549 1194 581; x_wconf 76' lang='grc' dir='ltr'><strong>ι</strong></span> <span class='ocrx_word' id='word_1_27' title='bbox 1234 531 1539 602; x_wconf 73' lang='grc' dir='ltr'>Ἑπιγραιρή</span> <span class='ocrx_word' id='word_1_28' title='bbox 1582 546 1666 592; x_wconf 87' lang='grc' dir='ltr'><strong>τις</strong></span> <span class='ocrx_word' id='word_1_29' title='bbox 1712 530 1770 580; x_wconf 83' lang='grc' dir='ltr'>ὲν</span> 
     </span>
    </p>
   </div>
   <div class='ocr_carea' id='block_1_7' title="bbox 196 619 1774 695">
    <p class='ocr_par' dir='ltr' id='par_1_7' title="bbox 196 619 1774 695">
     <span class='ocr_line' id='line_1_7' title="bbox 196 619 1774 695; baseline 0.001 -22"><span class='ocrx_word' id='word_1_30' title='bbox 196 619 440 690; x_wconf 75' lang='grc' dir='ltr'><strong>Ψαλμοῖς</strong></span> <span class='ocrx_word' id='word_1_31' title='bbox 468 638 487 671; x_wconf 77' lang='grc' dir='ltr'><strong>ι</strong></span> <span class='ocrx_word' id='word_1_32' title='bbox 525 619 696 692; x_wconf 77' lang='grc' dir='ltr'>’Υπὲρ</span> <span class='ocrx_word' id='word_1_33' title='bbox 722 619 814 674; x_wconf 89' lang='grc' dir='ltr'><strong>τοῦ</strong></span> <span class='ocrx_word' id='word_1_34' title='bbox 850 621 1154 692; x_wconf 81' lang='grc' dir='ltr'>Ἀγαπητοῦ</span> <span class='ocrx_word' id='word_1_35' title='bbox 1192 643 1211 675; x_wconf 69' lang='grc' dir='ltr'><strong>ι</strong></span> <span class='ocrx_word' id='word_1_36' title='bbox 1250 623 1471 695; x_wconf 77' lang='grc' dir='ltr'>φέρεται</span> <span class='ocrx_word' id='word_1_37' title='bbox 1494 639 1507 653; x_wconf 89' lang='grc'><strong>·</strong></span> <span class='ocrx_word' id='word_1_38' title='bbox 1538 623 1633 676; x_wconf 80' lang='grc' dir='ltr'><strong>καὶ</strong></span> <span class='ocrx_word' id='word_1_39' title='bbox 1670 622 1774 676; x_wconf 84' lang='grc' dir='ltr'>πά-</span> 
     </span>
    </p>
   </div>
   <div class='ocr_carea' id='block_1_8' title="bbox 196 711 1771 786">
    <p class='ocr_par' dir='ltr' id='par_1_8' title="bbox 196 711 1771 786">
     <span class='ocr_line' id='line_1_8' title="bbox 196 711 1771 786; baseline 0.003 -22"><span class='ocrx_word' id='word_1_40' title='bbox 196 711 541 783; x_wconf 73' lang='grc' dir='ltr'>λινιεξ’ρηται·</span> <span class='ocrx_word' id='word_1_41' title='bbox 585 732 603 764; x_wconf 79' lang='grc' dir='ltr'><strong>ι</strong></span> <span class='ocrx_word' id='word_1_42' title='bbox 646 714 702 766; x_wconf 82' lang='grc' dir='ltr'><strong>Ὀ</strong></span> <span class='ocrx_word' id='word_1_43' title='bbox 734 712 986 783; x_wconf 77' lang='grc' dir='ltr'>βασιλεὺς</span> <span class='ocrx_word' id='word_1_44' title='bbox 1029 716 1137 769; x_wconf 88' lang='grc' dir='ltr'><strong>τῶν</strong></span> <span class='ocrx_word' id='word_1_45' title='bbox 1168 715 1451 786; x_wconf 79' lang='grc' dir='ltr'>δυνάμεων</span> <span class='ocrx_word' id='word_1_46' title='bbox 1476 714 1567 769; x_wconf 90' lang='grc' dir='ltr'><strong>τοῦ</strong></span> <span class='ocrx_word' id='word_1_47' title='bbox 1608 714 1771 783; x_wconf 80' lang='grc' dir='ltr'><strong>Ἀγα-</strong></span> 
     </span>
    </p>
   </div>
   <div class='ocr_carea' id='block_1_9' title="bbox 198 804 1770 882">
    <p class='ocr_par' dir='ltr' id='par_1_9' title="bbox 198 804 1770 882">
     <span class='ocr_line' id='line_1_9' title="bbox 198 804 1770 882; baseline 0.004 -27"><span class='ocrx_word' id='word_1_48' title='bbox 198 804 395 876; x_wconf 84' lang='grc' dir='ltr'>πητοῦ·</span> <span class='ocrx_word' id='word_1_49' title='bbox 439 825 455 856; x_wconf 76' lang='grc' dir='ltr'><strong>ι</strong></span> <span class='ocrx_word' id='word_1_50' title='bbox 486 805 758 861; x_wconf 84' lang='grc' dir='ltr'>δείκνυται</span> <span class='ocrx_word' id='word_1_51' title='bbox 793 807 837 860; x_wconf 89' lang='grc' dir='ltr'>δ’</span> <span class='ocrx_word' id='word_1_52' title='bbox 872 809 929 863; x_wconf 83' lang='grc' dir='ltr'>ὲν</span> <span class='ocrx_word' id='word_1_53' title='bbox 968 812 1079 873; x_wconf 85' lang='grc' dir='ltr'>τοῖς</span> <span class='ocrx_word' id='word_1_54' title='bbox 1119 809 1304 873; x_wconf 85' lang='grc' dir='ltr'>τόποις</span> <span class='ocrx_word' id='word_1_55' title='bbox 1331 808 1389 882; x_wconf 78' lang='lat' dir='ltr'><strong>(l&#39;.</strong></span> <span class='ocrx_word' id='word_1_56' title='bbox 1426 809 1515 882; x_wconf 79' lang='lat'><strong>50)</strong></span> <span class='ocrx_word' id='word_1_57' title='bbox 1549 811 1648 864; x_wconf 73' lang='grc' dir='ltr'><strong>οὐκ</strong></span> <span class='ocrx_word' id='word_1_58' title='bbox 1681 809 1770 864; x_wconf 83' lang='grc' dir='ltr'><strong>ἅ).⁴</strong></span> 
     </span>
    </p>
   </div>
   <div class='ocr_carea' id='block_1_10' title="bbox 197 893 1771 972">
    <p class='ocr_par' dir='ltr' id='par_1_10' title="bbox 197 893 1771 972">
     <span class='ocr_line' id='line_1_10' title="bbox 197 893 1771 972; baseline 0.004 -25"><span class='ocrx_word' id='word_1_59' title='bbox 197 895 283 959; x_wconf 88' lang='grc' dir='ltr'><strong>λος</strong></span> <span class='ocrx_word' id='word_1_60' title='bbox 319 893 393 948; x_wconf 85' lang='grc' dir='ltr'><strong>ῶν</strong></span> <span class='ocrx_word' id='word_1_61' title='bbox 422 895 514 949; x_wconf 87' lang='grc' dir='ltr'><strong>τοῦ</strong></span> <span class='ocrx_word' id='word_1_62' title='bbox 557 896 793 969; x_wconf 79' lang='grc' dir='ltr'><strong>Χριστοῦ</strong></span> <span class='ocrx_word' id='word_1_63' title='bbox 834 898 1126 971; x_wconf 80' lang='grc' dir='ltr'>λεγόμενος</span> <span class='ocrx_word' id='word_1_64' title='bbox 1142 899 1449 972; x_wconf 80' lang='grc' dir='ltr'>Ἀγαπητδς</span> <span class='ocrx_word' id='word_1_65' title='bbox 1485 900 1580 955; x_wconf 91' lang='grc' dir='ltr'><strong>τοῦ</strong></span> <span class='ocrx_word' id='word_1_66' title='bbox 1612 898 1771 954; x_wconf 88' lang='grc' dir='ltr'>Θεοῦ.</span> 
     </span>
    </p>
   </div>
   <div class='ocr_carea' id='block_1_11' title="bbox 198 984 1775 1064">
    <p class='ocr_par' dir='ltr' id='par_1_11' title="bbox 198 984 1775 1064">
     <span class='ocr_line' id='line_1_11' title="bbox 198 984 1775 1064; baseline 0.004 -26"><span class='ocrx_word' id='word_1_67' title='bbox 198 984 394 1040; x_wconf 87' lang='grc' dir='ltr'>Τούτου</span> <span class='ocrx_word' id='word_1_68' title='bbox 448 988 610 1058; x_wconf 86' lang='grc' dir='ltr'><strong>χάριν</strong></span> <span class='ocrx_word' id='word_1_69' title='bbox 662 989 1128 1062; x_wconf 86' lang='grc' dir='ltr'>ὲπεσημηνάμεθα</span> <span class='ocrx_word' id='word_1_70' title='bbox 1193 993 1286 1044; x_wconf 77' lang='grc' dir='ltr'><strong>καὶ</strong></span> <span class='ocrx_word' id='word_1_71' title='bbox 1338 990 1429 1044; x_wconf 85' lang='grc' dir='ltr'><strong>τὸν</strong></span> <span class='ocrx_word' id='word_1_72' title='bbox 1473 994 1532 1046; x_wconf 79' lang='grc' dir='ltr'>ὲν</span> <span class='ocrx_word' id='word_1_73' title='bbox 1588 990 1775 1064; x_wconf 73' lang='grc' dir='ltr'>χερσὶν</span> 
     </span>
    </p>
   </div>
   <div class='ocr_carea' id='block_1_12' title="bbox 197 1078 1777 1154">
    <p class='ocr_par' dir='ltr' id='par_1_12' title="bbox 197 1078 1777 1154">
     <span class='ocr_line' id='line_1_12' title="bbox 197 1078 1777 1154; baseline 0.006 -25"><span class='ocrx_word' id='word_1_74' title='bbox 197 1078 502 1149; x_wconf 79' lang='grc' dir='ltr'>ἀγαπητόν·</span> <span class='ocrx_word' id='word_1_75' title='bbox 553 1081 716 1134; x_wconf 81' lang='grc' dir='ltr'>αὐτὸν</span> <span class='ocrx_word' id='word_1_76' title='bbox 767 1083 971 1136; x_wconf 77' lang='grc' dir='ltr'>ἐκεῖνον</span> <span class='ocrx_word' id='word_1_77' title='bbox 1012 1082 1483 1154; x_wconf 82' lang='grc' dir='ltr'>ὑπολαμϐάνοντες</span> <span class='ocrx_word' id='word_1_78' title='bbox 1524 1079 1682 1148; x_wconf 80' lang='grc' dir='ltr'>εἶναι,</span> <span class='ocrx_word' id='word_1_79' title='bbox 1717 1083 1777 1138; x_wconf 77' lang='grc' dir='ltr'>ὃν</span> 
     </span>
    </p>
   </div>
   <div class='ocr_carea' id='block_1_13' title="bbox 198 1168 1772 1244">
    <p class='ocr_par' dir='ltr' id='par_1_13' title="bbox 198 1168 1772 1244">
     <span class='ocr_line' id='line_1_13' title="bbox 198 1168 1772 1244; baseline 0.003 -23"><span class='ocrx_word' id='word_1_80' title='bbox 198 1169 286 1222; x_wconf 72' lang='grc' dir='ltr'>καὶ</span> <span class='ocrx_word' id='word_1_81' title='bbox 329 1168 387 1233; x_wconf 79' lang='grc' dir='ltr'>ἐξ</span> <span class='ocrx_word' id='word_1_82' title='bbox 432 1171 661 1241; x_wconf 79' lang='grc' dir='ltr'>οὐρανοῦ</span> <span class='ocrx_word' id='word_1_83' title='bbox 706 1172 855 1243; x_wconf 82' lang='grc' dir='ltr'>φωνὴ</span> <span class='ocrx_word' id='word_1_84' title='bbox 921 1171 1108 1241; x_wconf 80' lang='grc' dir='ltr'>σαφῶς</span> <span class='ocrx_word' id='word_1_85' title='bbox 1166 1172 1467 1244; x_wconf 80' lang='grc' dir='ltr'>ἀνεκήρυξε</span> <span class='ocrx_word' id='word_1_86' title='bbox 1526 1173 1772 1243; x_wconf 81' lang='grc' dir='ltr'>φήσασα·</span> 
     </span>
    </p>
   </div>
   <div class='ocr_carea' id='block_1_14' title="bbox 203 1252 1776 1335">
    <p class='ocr_par' dir='ltr' id='par_1_14' title="bbox 203 1252 1776 1335">
     <span class='ocr_line' id='line_1_14' title="bbox 203 1252 1776 1335; baseline 0.003 -24"><span class='ocrx_word' id='word_1_87' title='bbox 203 1278 220 1310; x_wconf 77' lang='grc' dir='ltr'><strong>ι</strong></span> <span class='ocrx_word' id='word_1_88' title='bbox 260 1252 427 1324; x_wconf 75' lang='grc' dir='ltr'>Οὗτός</span> <span class='ocrx_word' id='word_1_89' title='bbox 470 1263 617 1317; x_wconf 74' lang='grc' dir='ltr'>ἐστιν</span> <span class='ocrx_word' id='word_1_90' title='bbox 661 1263 689 1314; x_wconf 79' lang='grc' dir='ltr'>ὁ</span> <span class='ocrx_word' id='word_1_91' title='bbox 730 1263 856 1326; x_wconf 79' lang='grc' dir='ltr'>Υἱός</span> <span class='ocrx_word' id='word_1_92' title='bbox 905 1282 1004 1334; x_wconf 89' lang='grc' dir='ltr'><strong>μου</strong></span> <span class='ocrx_word' id='word_1_93' title='bbox 1054 1264 1081 1315; x_wconf 85' lang='grc' dir='ltr'>ὀ</span> <span class='ocrx_word' id='word_1_94' title='bbox 1128 1263 1430 1335; x_wconf 80' lang='grc' dir='ltr'>ἀγαπητὸς,</span> <span class='ocrx_word' id='word_1_95' title='bbox 1460 1265 1518 1318; x_wconf 85' lang='grc' dir='ltr'>ὲν</span> <span class='ocrx_word' id='word_1_96' title='bbox 1548 1255 1593 1331; x_wconf 76' lang='grc' dir='ltr'>ᾧ</span> <span class='ocrx_word' id='word_1_97' title='bbox 1625 1262 1776 1316; x_wconf 84' lang='grc' dir='ltr'>εύδὸ-</span> 
     </span>
    </p>
   </div>
   <div class='ocr_carea' id='block_1_15' title="bbox 198 1369 420 1423">
    <p class='ocr_par' dir='ltr' id='par_1_15' title="bbox 198 1369 420 1423">
     <span class='ocr_line' id='line_1_15' title="bbox 198 1369 420 1423; baseline -0.014 -18"><span class='ocrx_word' id='word_1_98' title='bbox 198 1369 359 1423; x_wconf 77' lang='grc' dir='ltr'>κησα.</span> <span class='ocrx_word' id='word_1_99' title='bbox 402 1371 420 1402; x_wconf 75' lang='grc' dir='ltr'><strong>ι</strong></span> 
     </span>
    </p>
   </div>
   <div class='ocr_carea' id='block_1_16' title="bbox 714 1445 1251 1499">
    <p class='ocr_par' dir='ltr' id='par_1_16' title="bbox 714 1445 1251 1499">
     <span class='ocr_line' id='line_1_16' title="bbox 714 1445 1251 1499; baseline 0.004 -2"><span class='ocrx_word' id='word_1_100' title='bbox 714 1445 1106 1499; x_wconf 81' lang='grc' dir='ltr'><strong>ΚΕΦΑΛΑΙΟΝ</strong></span> <span class='ocrx_word' id='word_1_101' title='bbox 1153 1447 1251 1499; x_wconf 76' lang='lat' dir='ltr'><strong>II&quot;.</strong></span> 
     </span>
    </p>
   </div>
   <div class='ocr_carea' id='block_1_17' title="bbox 271 1534 1777 1609">
    <p class='ocr_par' dir='ltr' id='par_1_17' title="bbox 271 1534 1777 1609">
     <span class='ocr_line' id='line_1_17' title="bbox 271 1534 1777 1609; baseline 0.003 -24"><span class='ocrx_word' id='word_1_102' title='bbox 271 1553 290 1585; x_wconf 80' lang='grc' dir='ltr'><strong>ι</strong></span> <span class='ocrx_word' id='word_1_103' title='bbox 326 1534 619 1589; x_wconf 82' lang='grc' dir='ltr'>Ἀκούσατε</span> <span class='ocrx_word' id='word_1_104' title='bbox 639 1534 810 1605; x_wconf 80' lang='grc' dir='ltr'>λόγων</span> <span class='ocrx_word' id='word_1_105' title='bbox 832 1536 1057 1608; x_wconf 84' lang='grc' dir='ltr'>Κυρίου,</span> <span class='ocrx_word' id='word_1_106' title='bbox 1082 1536 1271 1609; x_wconf 80' lang='grc' dir='ltr'>ἄνδρες</span> <span class='ocrx_word' id='word_1_107' title='bbox 1292 1536 1657 1609; x_wconf 87' lang='grc' dir='ltr'>τεθλιμμένοι,</span> <span class='ocrx_word' id='word_1_108' title='bbox 1684 1537 1777 1590; x_wconf 72' lang='grc' dir='ltr'>καὶ</span> 
     </span>
    </p>
   </div>
   <div class='ocr_carea' id='block_1_18' title="bbox 198 1626 1781 1701">
    <p class='ocr_par' dir='ltr' id='par_1_18' title="bbox 198 1626 1781 1701">
     <span class='ocr_line' id='line_1_18' title="bbox 198 1626 1781 1701; baseline 0.003 -21"><span class='ocrx_word' id='word_1_109' title='bbox 198 1627 453 1698; x_wconf 82' lang='grc' dir='ltr'>ἄρχοντες</span> <span class='ocrx_word' id='word_1_110' title='bbox 480 1626 724 1697; x_wconf 64' lang='grc' dir='ltr'>τοῦξλαοῦ</span> <span class='ocrx_word' id='word_1_111' title='bbox 750 1628 961 1694; x_wconf 81' lang='grc' dir='ltr'>τούτου,</span> <span class='ocrx_word' id='word_1_112' title='bbox 984 1633 1030 1682; x_wconf 77' lang='lat' dir='ltr'><strong>ei</strong></span> <span class='ocrx_word' id='word_1_113' title='bbox 1057 1632 1113 1682; x_wconf 82' lang='grc' dir='ltr'>ὲν</span> <span class='ocrx_word' id='word_1_114' title='bbox 1142 1627 1493 1701; x_wconf 81' lang='grc' dir='ltr'>Ἰερουσαλήμ</span> <span class='ocrx_word' id='word_1_115' title='bbox 1511 1647 1523 1659; x_wconf 78' lang='grc' dir='ltr'><strong>ο</strong></span> <span class='ocrx_word' id='word_1_116' title='bbox 1558 1630 1678 1685; x_wconf 83' lang='grc' dir='ltr'>Ὅτι</span> <span class='ocrx_word' id='word_1_117' title='bbox 1710 1631 1781 1684; x_wconf 86' lang='grc' dir='ltr'>εῐ-</span> 
     </span>
    </p>
   </div>
   <div class='ocr_carea' id='block_1_19' title="bbox 197 1714 1772 1793">
    <p class='ocr_par' dir='ltr' id='par_1_19' title="bbox 197 1714 1772 1793">
     <span class='ocr_line' id='line_1_19' title="bbox 197 1714 1772 1793; baseline 0.003 -22"><span class='ocrx_word' id='word_1_118' title='bbox 197 1730 355 1772; x_wconf 84' lang='grc' dir='ltr'>πατε·</span> <span class='ocrx_word' id='word_1_119' title='bbox 373 1714 739 1791; x_wconf 85' lang='grc' dir='ltr'>Ἕποιήσαμεν</span> <span class='ocrx_word' id='word_1_120' title='bbox 754 1720 1015 1792; x_wconf 80' lang='grc' dir='ltr'><strong>διαθήκην</strong></span> <span class='ocrx_word' id='word_1_121' title='bbox 1038 1719 1175 1792; x_wconf 74' lang='grc' dir='ltr'>μετὰ</span> <span class='ocrx_word' id='word_1_122' title='bbox 1208 1719 1301 1773; x_wconf 83' lang='grc' dir='ltr'><strong>τοῦ</strong></span> <span class='ocrx_word' id='word_1_123' title='bbox 1345 1720 1497 1792; x_wconf 73' lang='grc' dir='ltr'>ᾅδου,</span> <span class='ocrx_word' id='word_1_124' title='bbox 1523 1722 1616 1775; x_wconf 78' lang='grc' dir='ltr'><strong>καὶ</strong></span> <span class='ocrx_word' id='word_1_125' title='bbox 1636 1722 1772 1793; x_wconf 63' lang='grc' dir='ltr'>μετὰ</span> 
     </span>
    </p>
   </div>
   <div class='ocr_carea' id='block_1_20' title="bbox 195 1805 1777 1885">
    <p class='ocr_par' dir='ltr' id='par_1_20' title="bbox 195 1805 1777 1885">
     <span class='ocr_line' id='line_1_20' title="bbox 195 1805 1777 1885; baseline 0.004 -25"><span class='ocrx_word' id='word_1_126' title='bbox 195 1805 285 1861; x_wconf 87' lang='grc' dir='ltr'><strong>τοῦ</strong></span> <span class='ocrx_word' id='word_1_127' title='bbox 309 1806 540 1862; x_wconf 84' lang='grc' dir='ltr'>θανάτου</span> <span class='ocrx_word' id='word_1_128' title='bbox 564 1809 834 1882; x_wconf 75' lang='grc' dir='ltr'>συνθήκας</span> <span class='ocrx_word' id='word_1_129' title='bbox 852 1827 865 1840; x_wconf 88' lang='grc'><strong>·</strong></span> <span class='ocrx_word' id='word_1_130' title='bbox 888 1811 1144 1879; x_wconf 78' lang='grc' dir='ltr'>καταιγὶς</span> <span class='ocrx_word' id='word_1_131' title='bbox 1160 1811 1431 1884; x_wconf 81' lang='grc' dir='ltr'>φερομένη</span> <span class='ocrx_word' id='word_1_132' title='bbox 1453 1811 1551 1867; x_wconf 76' lang='grc' dir='ltr'><strong>ἐὰν</strong></span> <span class='ocrx_word' id='word_1_133' title='bbox 1576 1830 1653 1868; x_wconf 77' lang='grc' dir='ltr'><strong>πα</strong></span> <span class='ocrx_word' id='word_1_134' title='bbox 1663 1814 1777 1885; x_wconf 77' lang='grc' dir='ltr'>ρέλ-</span> 
     </span>
    </p>
   </div>
   <div class='ocr_carea' id='block_1_21' title="bbox 196 1898 1781 1977">
    <p class='ocr_par' dir='ltr' id='par_1_21' title="bbox 196 1898 1781 1977">
     <span class='ocr_line' id='line_1_21' title="bbox 196 1898 1781 1977; baseline 0.006 -25"><span class='ocrx_word' id='word_1_135' title='bbox 196 1898 281 1974; x_wconf 85' lang='grc' dir='ltr'>θῃ,</span> <span class='ocrx_word' id='word_1_136' title='bbox 306 1898 367 1955; x_wconf 82' lang='grc' dir='ltr'><strong>ού</strong></span> <span class='ocrx_word' id='word_1_137' title='bbox 388 1901 461 1973; x_wconf 83' lang='grc' dir='ltr'>μὴ</span> <span class='ocrx_word' id='word_1_138' title='bbox 487 1902 613 1976; x_wconf 74' lang='grc' dir='ltr'>ἔλθῃ</span> <span class='ocrx_word' id='word_1_139' title='bbox 642 1905 724 1972; x_wconf 79' lang='grc' dir='ltr'><strong>ἐφ’</strong></span> <span class='ocrx_word' id='word_1_140' title='bbox 753 1904 898 1975; x_wconf 80' lang='grc' dir='ltr'>ἡμᾶς</span> <span class='ocrx_word' id='word_1_141' title='bbox 914 1920 927 1932; x_wconf 83' lang='grc'><em>’</em></span> <span class='ocrx_word' id='word_1_142' title='bbox 951 1904 1230 1976; x_wconf 76' lang='grc' dir='ltr'>ἐθήκαμεν</span> <span class='ocrx_word' id='word_1_143' title='bbox 1254 1903 1450 1975; x_wconf 78' lang='grc' dir='ltr'>ψεῦδος</span> <span class='ocrx_word' id='word_1_144' title='bbox 1467 1906 1567 1977; x_wconf 84' lang='grc' dir='ltr'><strong>τὴν</strong></span> <span class='ocrx_word' id='word_1_145' title='bbox 1589 1907 1781 1962; x_wconf 77' lang='grc' dir='ltr'>ἐλπίδα</span> 
     </span>
    </p>
   </div>
   <div class='ocr_carea' id='block_1_22' title="bbox 194 1990 1783 2067">
    <p class='ocr_par' dir='ltr' id='par_1_22' title="bbox 194 1990 1783 2067">
     <span class='ocr_line' id='line_1_22' title="bbox 194 1990 1783 2067; baseline 0.005 -23"><span class='ocrx_word' id='word_1_146' title='bbox 194 1990 368 2062; x_wconf 87' lang='grc' dir='ltr'>ήμῶν,</span> <span class='ocrx_word' id='word_1_147' title='bbox 385 1993 478 2046; x_wconf 76' lang='grc' dir='ltr'><strong>καὶ</strong></span> <span class='ocrx_word' id='word_1_148' title='bbox 495 1992 572 2065; x_wconf 85' lang='grc' dir='ltr'>τῷ</span> <span class='ocrx_word' id='word_1_149' title='bbox 592 1993 774 2064; x_wconf 76' lang='grc' dir='ltr'>ψεύδει</span> <span class='ocrx_word' id='word_1_150' title='bbox 797 1995 1304 2067; x_wconf 87' lang='grc' dir='ltr'>σκεπασθησόμεθα·</span> <span class='ocrx_word' id='word_1_151' title='bbox 1328 1996 1415 2049; x_wconf 74' lang='grc' dir='ltr'>διὰ</span> <span class='ocrx_word' id='word_1_152' title='bbox 1429 1997 1589 2052; x_wconf 88' lang='grc' dir='ltr'>τοῦτο</span> <span class='ocrx_word' id='word_1_153' title='bbox 1609 1998 1783 2063; x_wconf 78' lang='grc' dir='ltr'>οὕτως</span> 
     </span>
    </p>
   </div>
   <div class='ocr_carea' id='block_1_23' title="bbox 193 2083 1779 2160">
    <p class='ocr_par' dir='ltr' id='par_1_23' title="bbox 193 2083 1779 2160">
     <span class='ocr_line' id='line_1_23' title="bbox 193 2083 1779 2160; baseline 0.006 -23"><span class='ocrx_word' id='word_1_154' title='bbox 193 2084 336 2153; x_wconf 82' lang='grc' dir='ltr'>λέγει</span> <span class='ocrx_word' id='word_1_155' title='bbox 361 2083 565 2157; x_wconf 82' lang='grc' dir='ltr'>Κύριος</span> <span class='ocrx_word' id='word_1_156' title='bbox 598 2087 801 2159; x_wconf 84' lang='grc' dir='ltr'>Κύριος</span> <span class='ocrx_word' id='word_1_157' title='bbox 828 2105 842 2120; x_wconf 77' lang='grc' dir='ltr'><strong><em>ο</em></strong></span> <span class='ocrx_word' id='word_1_158' title='bbox 864 2089 994 2143; x_wconf 83' lang='grc' dir='ltr'>Ἰδοὺ</span> <span class='ocrx_word' id='word_1_159' title='bbox 1040 2086 1151 2158; x_wconf 78' lang='grc' dir='ltr'><strong>ἐγὼ</strong></span> <span class='ocrx_word' id='word_1_160' title='bbox 1198 2090 1451 2160; x_wconf 76' lang='grc' dir='ltr'>ὲμὸάλλω</span> <span class='ocrx_word' id='word_1_161' title='bbox 1478 2092 1558 2154; x_wconf 85' lang='grc' dir='ltr'>εἰς</span> <span class='ocrx_word' id='word_1_162' title='bbox 1589 2090 1656 2145; x_wconf 86' lang='grc' dir='ltr'>τὰ</span> <span class='ocrx_word' id='word_1_163' title='bbox 1691 2091 1779 2146; x_wconf 78' lang='grc' dir='ltr'>θε-</span> 
     </span>
    </p>
   </div>
   <div class='ocr_carea' id='block_1_24' title="bbox 197 2175 1779 2254">
    <p class='ocr_par' dir='ltr' id='par_1_24' title="bbox 197 2175 1779 2254">
     <span class='ocr_line' id='line_1_24' title="bbox 197 2175 1779 2254; baseline 0.005 -24"><span class='ocrx_word' id='word_1_164' title='bbox 197 2175 359 2246; x_wconf 79' lang='grc' dir='ltr'>μέλια</span> <span class='ocrx_word' id='word_1_165' title='bbox 389 2176 526 2230; x_wconf 84' lang='grc' dir='ltr'>Σιὼν</span> <span class='ocrx_word' id='word_1_166' title='bbox 557 2177 701 2231; x_wconf 80' lang='grc' dir='ltr'>λίθον</span> <span class='ocrx_word' id='word_1_167' title='bbox 744 2178 1029 2250; x_wconf 82' lang='grc' dir='ltr'>πολυτελῆ,</span> <span class='ocrx_word' id='word_1_168' title='bbox 1061 2180 1335 2243; x_wconf 76' lang='grc' dir='ltr'>ἐκλεκτὸν,</span> <span class='ocrx_word' id='word_1_169' title='bbox 1366 2182 1779 2254; x_wconf 81' lang='grc' dir='ltr'>ἀκρογωνιαῖον,</span> 
     </span>
    </p>
   </div>
   <div class='ocr_carea' id='block_1_25' title="bbox 192 2264 1779 2342">
    <p class='ocr_par' dir='ltr' id='par_1_25' title="bbox 192 2264 1779 2342">
     <span class='ocr_line' id='line_1_25' title="bbox 192 2264 1779 2342; baseline 0.007 -24"><span class='ocrx_word' id='word_1_170' title='bbox 192 2264 407 2336; x_wconf 76' lang='grc' dir='ltr'>ἔντιμον</span> <span class='ocrx_word' id='word_1_171' title='bbox 457 2269 537 2330; x_wconf 83' lang='grc' dir='ltr'>εἰς</span> <span class='ocrx_word' id='word_1_172' title='bbox 585 2266 652 2320; x_wconf 79' lang='grc' dir='ltr'><strong>τά</strong></span> <span class='ocrx_word' id='word_1_173' title='bbox 695 2266 918 2338; x_wconf 84' lang='grc' dir='ltr'>θεμέλια</span> <span class='ocrx_word' id='word_1_174' title='bbox 961 2271 1152 2342; x_wconf 80' lang='grc' dir='ltr'>αὐτῆς,</span> <span class='ocrx_word' id='word_1_175' title='bbox 1197 2272 1292 2325; x_wconf 75' lang='grc' dir='ltr'><strong>καὶ</strong></span> <span class='ocrx_word' id='word_1_176' title='bbox 1322 2272 1350 2324; x_wconf 87' lang='grc' dir='ltr'>ὁ</span> <span class='ocrx_word' id='word_1_177' title='bbox 1380 2274 1650 2328; x_wconf 83' lang='grc' dir='ltr'>πιστεύων</span> <span class='ocrx_word' id='word_1_178' title='bbox 1692 2275 1779 2329; x_wconf 72' lang='grc' dir='ltr'><strong>ἐπ’</strong></span> 
     </span>
    </p>
   </div>
   <div class='ocr_carea' id='block_1_26' title="bbox 190 2357 1783 2435">
    <p class='ocr_par' dir='ltr' id='par_1_26' title="bbox 190 2357 1783 2435">
     <span class='ocr_line' id='line_1_26' title="bbox 190 2357 1783 2435; baseline 0.007 -25"><span class='ocrx_word' id='word_1_179' title='bbox 190 2357 337 2428; x_wconf 87' lang='grc' dir='ltr'>αύτῷ</span> <span class='ocrx_word' id='word_1_180' title='bbox 373 2357 437 2413; x_wconf 87' lang='grc' dir='ltr'><strong>ού</strong></span> <span class='ocrx_word' id='word_1_181' title='bbox 485 2358 559 2430; x_wconf 85' lang='grc' dir='ltr'>μὴ</span> <span class='ocrx_word' id='word_1_182' title='bbox 598 2360 993 2433; x_wconf 78' lang='grc' dir='ltr'>καταισχυνθῇ·</span> <span class='ocrx_word' id='word_1_183' title='bbox 1029 2362 1125 2417; x_wconf 78' lang='grc' dir='ltr'><strong>καὶ</strong></span> <span class='ocrx_word' id='word_1_184' title='bbox 1159 2363 1312 2434; x_wconf 88' lang='grc' dir='ltr'>θήσω</span> <span class='ocrx_word' id='word_1_185' title='bbox 1352 2365 1535 2435; x_wconf 83' lang='grc' dir='ltr'>κρίσιν</span> <span class='ocrx_word' id='word_1_186' title='bbox 1582 2369 1663 2431; x_wconf 82' lang='grc' dir='ltr'><strong>είς</strong></span> <span class='ocrx_word' id='word_1_187' title='bbox 1705 2368 1783 2421; x_wconf 70' lang='grc' dir='ltr'><strong>ἐλ-</strong></span> 
     </span>
    </p>
   </div>
   <div class='ocr_carea' id='block_1_27' title="bbox 195 2450 1782 2527">
    <p class='ocr_par' dir='ltr' id='par_1_27' title="bbox 195 2450 1782 2527">
     <span class='ocr_line' id='line_1_27' title="bbox 195 2450 1782 2527; baseline 0.006 -23"><span class='ocrx_word' id='word_1_188' title='bbox 195 2450 340 2514; x_wconf 85' lang='grc' dir='ltr'>πίδα,</span> <span class='ocrx_word' id='word_1_189' title='bbox 370 2452 405 2523; x_wconf 84' lang='grc' dir='ltr'><strong>ή</strong></span> <span class='ocrx_word' id='word_1_190' title='bbox 433 2450 490 2504; x_wconf 81' lang='grc' dir='ltr'>δὲ</span> <span class='ocrx_word' id='word_1_191' title='bbox 517 2451 854 2525; x_wconf 75' lang='grc' dir='ltr'>ἐλεημοσύνη</span> <span class='ocrx_word' id='word_1_192' title='bbox 893 2470 995 2524; x_wconf 91' lang='grc' dir='ltr'><strong>μου</strong></span> <span class='ocrx_word' id='word_1_193' title='bbox 1027 2456 1108 2518; x_wconf 86' lang='grc' dir='ltr'>εἰς</span> <span class='ocrx_word' id='word_1_194' title='bbox 1137 2456 1434 2527; x_wconf 82' lang='grc' dir='ltr'>σταθμούς.</span> <span class='ocrx_word' id='word_1_195' title='bbox 1473 2477 1491 2509; x_wconf 77' lang='grc' dir='ltr'><strong>ι</strong></span> <span class='ocrx_word' id='word_1_196' title='bbox 1523 2458 1635 2511; x_wconf 76' lang='grc' dir='ltr'>Καὶ</span> <span class='ocrx_word' id='word_1_197' title='bbox 1665 2459 1782 2524; x_wconf 88' lang='grc' dir='ltr'><strong>πῶς</strong></span> 
     </span>
    </p>
   </div>
   <div class='ocr_carea' id='block_1_28' title="bbox 193 2542 1783 2623">
    <p class='ocr_par' dir='ltr' id='par_1_28' title="bbox 193 2542 1783 2623">
     <span class='ocr_line' id='line_1_28' title="bbox 193 2542 1783 2623; baseline 0.006 -28"><span class='ocrx_word' id='word_1_198' title='bbox 193 2543 291 2596; x_wconf 82' lang='grc' dir='ltr'><strong>οὐκ</strong></span> <span class='ocrx_word' id='word_1_199' title='bbox 324 2542 540 2615; x_wconf 84' lang='grc' dir='ltr'>ἀληθῶς</span> <span class='ocrx_word' id='word_1_200' title='bbox 570 2545 776 2615; x_wconf 81' lang='grc' dir='ltr'>ἠλίθιος</span> <span class='ocrx_word' id='word_1_201' title='bbox 813 2547 907 2600; x_wconf 69' lang='grc' dir='ltr'>καὶ</span> <span class='ocrx_word' id='word_1_202' title='bbox 945 2548 1141 2619; x_wconf 87' lang='grc' dir='ltr'>κομιδῆ</span> <span class='ocrx_word' id='word_1_203' title='bbox 1176 2549 1580 2618; x_wconf 81' lang='grc' dir='ltr'>καταγέλαστος</span> <span class='ocrx_word' id='word_1_204' title='bbox 1606 2553 1639 2623; x_wconf 89' lang='grc' dir='ltr'><strong>ή</strong></span> <span class='ocrx_word' id='word_1_205' title='bbox 1672 2553 1783 2605; x_wconf 87' lang='grc' dir='ltr'><strong>τῶν</strong></span> 
     </span>
    </p>
   </div>
   <div class='ocr_carea' id='block_1_29' title="bbox 197 2634 1778 2717">
    <p class='ocr_par' dir='ltr' id='par_1_29' title="bbox 197 2634 1778 2717">
     <span class='ocr_line' id='line_1_29' title="bbox 197 2634 1778 2717; baseline 0.007 -30"><span class='ocrx_word' id='word_1_206' title='bbox 197 2634 522 2707; x_wconf 85' lang='grc' dir='ltr'>σωματικῶς</span> <span class='ocrx_word' id='word_1_207' title='bbox 572 2636 1019 2709; x_wconf 86' lang='grc' dir='ltr'>καραδοκούντων</span> <span class='ocrx_word' id='word_1_208' title='bbox 1060 2639 1208 2693; x_wconf 88' lang='grc' dir='ltr'>λίθον</span> <span class='ocrx_word' id='word_1_209' title='bbox 1277 2640 1399 2695; x_wconf 84' lang='grc' dir='ltr'>τινὰ</span> <span class='ocrx_word' id='word_1_210' title='bbox 1447 2643 1654 2697; x_wconf 85' lang='grc' dir='ltr'>τούτων</span> <span class='ocrx_word' id='word_1_211' title='bbox 1714 2645 1778 2717; x_wconf 83' lang='grc' dir='ltr'>δὴ</span> 
     </span>
    </p>
   </div>
   <div class='ocr_carea' id='block_1_30' title="bbox 194 2725 1784 2807">
    <p class='ocr_par' dir='ltr' id='par_1_30' title="bbox 194 2725 1784 2807">
     <span class='ocr_line' id='line_1_30' title="bbox 194 2725 1784 2807; baseline 0.007 -29"><span class='ocrx_word' id='word_1_212' title='bbox 194 2725 299 2780; x_wconf 88' lang='grc' dir='ltr'><strong>τῶν</strong></span> <span class='ocrx_word' id='word_1_213' title='bbox 344 2726 649 2781; x_wconf 81' lang='grc' dir='ltr'>πολυτελῶν</span> <span class='ocrx_word' id='word_1_214' title='bbox 696 2731 790 2783; x_wconf 74' lang='grc' dir='ltr'><strong>καὶ</strong></span> <span class='ocrx_word' id='word_1_215' title='bbox 843 2731 1158 2802; x_wconf 84' lang='grc' dir='ltr'>πολυτίμων</span> <span class='ocrx_word' id='word_1_216' title='bbox 1213 2727 1351 2786; x_wconf 73' lang='grc' dir='ltr'>εἶναι</span> <span class='ocrx_word' id='word_1_217' title='bbox 1407 2735 1784 2807; x_wconf 81' lang='grc' dir='ltr'>νομιζομένων</span> 
     </span>
    </p>
   </div>
   <div class='ocr_carea' id='block_1_31' title="bbox 195 2818 1780 2898">
    <p class='ocr_par' dir='ltr' id='par_1_31' title="bbox 195 2818 1780 2898">
     <span class='ocr_line' id='line_1_31' title="bbox 195 2818 1780 2898; baseline 0.006 -27"><span class='ocrx_word' id='word_1_218' title='bbox 195 2818 274 2882; x_wconf 74' lang='grc' dir='ltr'><strong>είς</strong></span> <span class='ocrx_word' id='word_1_219' title='bbox 305 2818 374 2874; x_wconf 84' lang='grc' dir='ltr'>τὰ</span> <span class='ocrx_word' id='word_1_220' title='bbox 411 2818 636 2891; x_wconf 78' lang='grc' dir='ltr'>θεμέλια</span> <span class='ocrx_word' id='word_1_221' title='bbox 685 2824 784 2893; x_wconf 78' lang='grc' dir='ltr'>τῆς</span> <span class='ocrx_word' id='word_1_222' title='bbox 828 2825 1146 2895; x_wconf 80' lang='grc' dir='ltr'>σωματικῆς</span> <span class='ocrx_word' id='word_1_223' title='bbox 1174 2822 1311 2879; x_wconf 84' lang='grc' dir='ltr'>Σιὼν</span> <span class='ocrx_word' id='word_1_224' title='bbox 1344 2824 1780 2898; x_wconf 77' lang='grc' dir='ltr'>ὲμδληθήσεσθαι</span> 
     </span>
    </p>
   </div>
   <div class='ocr_carea' id='block_1_32' title="bbox 196 2908 1778 2986">
    <p class='ocr_par' dir='ltr' id='par_1_32' title="bbox 196 2908 1778 2986">
     <span class='ocr_line' id='line_1_32' title="bbox 196 2908 1778 2986; baseline 0.007 -25"><span class='ocrx_word' id='word_1_225' title='bbox 196 2908 328 2981; x_wconf 79' lang='grc' dir='ltr'>πρὸς</span> <span class='ocrx_word' id='word_1_226' title='bbox 356 2910 521 2965; x_wconf 81' lang='grc' dir='ltr'>αὐτοῦ</span> <span class='ocrx_word' id='word_1_227' title='bbox 549 2910 643 2964; x_wconf 90' lang='grc' dir='ltr'><strong>τοῦ</strong></span> <span class='ocrx_word' id='word_1_228' title='bbox 676 2913 881 2983; x_wconf 81' lang='grc' dir='ltr'>Κυρίου</span> <span class='ocrx_word' id='word_1_229' title='bbox 920 2913 1211 2986; x_wconf 77' lang='grc' dir='ltr'>ὑπόληψις,</span> <span class='ocrx_word' id='word_1_230' title='bbox 1246 2916 1332 2984; x_wconf 77' lang='grc' dir='ltr'><strong>ἐφ’</strong></span> <span class='ocrx_word' id='word_1_231' title='bbox 1359 2916 1420 2971; x_wconf 79' lang='grc' dir='ltr'>ὃν</span> <span class='ocrx_word' id='word_1_232' title='bbox 1453 2916 1598 2971; x_wconf 90' lang='grc' dir='ltr'>λίθον</span> <span class='ocrx_word' id='word_1_233' title='bbox 1625 2919 1654 2971; x_wconf 82' lang='grc' dir='ltr'><strong>ὁ</strong></span> <span class='ocrx_word' id='word_1_234' title='bbox 1686 2936 1778 2971; x_wconf 84' lang='grc' dir='ltr'>πι-</span> 
     </span>
    </p>
   </div>
   <div class='ocr_carea' id='block_1_33' title="bbox 199 2997 1776 3078">
    <p class='ocr_par' dir='ltr' id='par_1_33' title="bbox 199 2997 1776 3078">
     <span class='ocr_line' id='line_1_33' title="bbox 199 2997 1776 3078; baseline 0.006 -28"><span class='ocrx_word' id='word_1_235' title='bbox 199 2997 425 3063; x_wconf 81' lang='grc' dir='ltr'>στεύσας</span> <span class='ocrx_word' id='word_1_236' title='bbox 452 2999 706 3071; x_wconf 84' lang='grc' dir='ltr'>οὐδαμῶς</span> <span class='ocrx_word' id='word_1_237' title='bbox 744 3004 1308 3076; x_wconf 84' lang='grc' dir='ltr'>καταισχυνθήσεσθαι</span> <span class='ocrx_word' id='word_1_238' title='bbox 1347 3006 1776 3078; x_wconf 84' lang='grc' dir='ltr'>προφητεύεται;</span> 
     </span>
    </p>
   </div>
   <div class='ocr_carea' id='block_1_34' title="bbox 199 3088 1845 3190">
    <p class='ocr_par' dir='ltr' id='par_1_34' title="bbox 199 3088 1845 3190">
     <span class='ocr_line' id='line_1_34' title="bbox 199 3088 1845 3190; baseline 0.008 -48"><span class='ocrx_word' id='word_1_239' title='bbox 199 3088 302 3152; x_wconf 81' lang='grc' dir='ltr'><strong>Τὰς</strong></span> <span class='ocrx_word' id='word_1_240' title='bbox 332 3092 525 3190; x_wconf 67' lang='grc' dir='ltr'>μωράς</span> <span class='ocrx_word' id='word_1_241' title='bbox 552 3093 840 3190; x_wconf 44' lang='grc' dir='ltr'>τοιγαροῦν</span> <span class='ocrx_word' id='word_1_242' title='bbox 861 3096 960 3190; x_wconf 31' lang='grc' dir='ltr'>’καὶ</span> <span class='ocrx_word' id='word_1_243' title='bbox 1000 3096 1295 3162; x_wconf 74' lang='grc' dir='ltr'>Ἰουδαῖκὰς</span> <span class='ocrx_word' id='word_1_244' title='bbox 1318 3098 1616 3172; x_wconf 85' lang='grc' dir='ltr'>διηγήσεις,</span> <span class='ocrx_word' id='word_1_245' title='bbox 1650 3102 1776 3165; x_wconf 87' lang='grc' dir='ltr'>τούς</span> <span class='ocrx_word' id='word_1_246' title='bbox 1802 3132 1845 3190; x_wconf 77' lang='lat' dir='ltr'><strong>C</strong></span> 
     </span>
    </p>
   </div>
   <div class='ocr_carea' id='block_1_35' title="bbox 194 3184 1773 3261">
    <p class='ocr_par' dir='ltr' id='par_1_35' title="bbox 194 3184 1773 3261">
     <span class='ocr_line' id='line_1_35' title="bbox 194 3184 1773 3261; baseline 0.009 -27"><span class='ocrx_word' id='word_1_247' title='bbox 194 3198 251 3235; x_wconf 84' lang='grc' dir='ltr'><strong>τε</strong></span> <span class='ocrx_word' id='word_1_248' title='bbox 289 3184 575 3252; x_wconf 74' lang='grc' dir='ltr'>γραώδεις</span> <span class='ocrx_word' id='word_1_249' title='bbox 623 3185 714 3252; x_wconf 80' lang='grc' dir='ltr'><strong>οὓς</strong></span> <span class='ocrx_word' id='word_1_250' title='bbox 770 3186 1051 3257; x_wconf 86' lang='grc' dir='ltr'>ὠνόμασεν</span> <span class='ocrx_word' id='word_1_251' title='bbox 1095 3189 1124 3241; x_wconf 87' lang='grc' dir='ltr'>ὁ</span> <span class='ocrx_word' id='word_1_252' title='bbox 1176 3190 1497 3256; x_wconf 77' lang='grc' dir='ltr'>Ἀπόστολος</span> <span class='ocrx_word' id='word_1_253' title='bbox 1541 3193 1773 3261; x_wconf 79' lang='grc' dir='ltr'>μύθους</span> 
     </span>
    </p>
   </div>
   <div class='ocr_carea' id='block_1_36' title="bbox 195 3275 1779 3354">
    <p class='ocr_par' dir='ltr' id='par_1_36' title="bbox 195 3275 1779 3354">
     <span class='ocr_line' id='line_1_36' title="bbox 195 3275 1779 3354; baseline 0.008 -30"><span class='ocrx_word' id='word_1_254' title='bbox 195 3275 636 3348; x_wconf 70' lang='grc' dir='ltr'>ἀποσεισάμενοι,</span> <span class='ocrx_word' id='word_1_255' title='bbox 668 3277 802 3332; x_wconf 88' lang='grc' dir='ltr'>Θεοῦ</span> <span class='ocrx_word' id='word_1_256' title='bbox 840 3277 1005 3344; x_wconf 80' lang='grc' dir='ltr'>ἀξίως</span> <span class='ocrx_word' id='word_1_257' title='bbox 1038 3280 1137 3343; x_wconf 83' lang='grc' dir='ltr'>τὰς</span> <span class='ocrx_word' id='word_1_258' title='bbox 1165 3280 1556 3347; x_wconf 86' lang='grc' dir='ltr'>θεοπνεύστους</span> <span class='ocrx_word' id='word_1_259' title='bbox 1604 3301 1779 3354; x_wconf 88' lang='grc' dir='ltr'>παρα-</span> 
     </span>
    </p>
   </div>
   <div class='ocr_carea' id='block_1_37' title="bbox 194 3361 1778 3442">
    <p class='ocr_par' dir='ltr' id='par_1_37' title="bbox 194 3361 1778 3442">
     <span class='ocr_line' id='line_1_37' title="bbox 194 3361 1778 3442; baseline 0.006 -24"><span class='ocrx_word' id='word_1_260' title='bbox 194 3361 477 3438; x_wconf 85' lang='grc' dir='ltr'>δεχώμεθα</span> <span class='ocrx_word' id='word_1_261' title='bbox 511 3369 876 3441; x_wconf 84' lang='grc' dir='ltr'>προφητείας·</span> <span class='ocrx_word' id='word_1_262' title='bbox 908 3373 1072 3442; x_wconf 76' lang='grc' dir='ltr'>φησὶν</span> <span class='ocrx_word' id='word_1_263' title='bbox 1119 3368 1238 3427; x_wconf 83' lang='grc' dir='ltr'>οὖν·</span> <span class='ocrx_word' id='word_1_264' title='bbox 1279 3392 1298 3423; x_wconf 73' lang='grc' dir='ltr'><strong>ι</strong></span> <span class='ocrx_word' id='word_1_265' title='bbox 1339 3372 1440 3427; x_wconf 82' lang='grc' dir='ltr'><strong>Διὰ</strong></span> <span class='ocrx_word' id='word_1_266' title='bbox 1481 3373 1645 3427; x_wconf 88' lang='grc' dir='ltr'>τοῦτο</span> <span class='ocrx_word' id='word_1_267' title='bbox 1668 3374 1778 3427; x_wconf 66' lang='grc' dir='ltr'>ἰδοῦ</span> 
     </span>
    </p>
   </div>
   <div class='ocr_carea' id='block_1_38' title="bbox 195 3458 1779 3535">
    <p class='ocr_par' dir='ltr' id='par_1_38' title="bbox 195 3458 1779 3535">
     <span class='ocr_line' id='line_1_38' title="bbox 195 3458 1779 3535; baseline 0.006 -24"><span class='ocrx_word' id='word_1_268' title='bbox 195 3458 300 3528; x_wconf 75' lang='grc' dir='ltr'><strong>ἐγὼ</strong></span> <span class='ocrx_word' id='word_1_269' title='bbox 327 3462 589 3532; x_wconf 75' lang='grc' dir='ltr'>έμϐάλλω</span> <span class='ocrx_word' id='word_1_270' title='bbox 617 3465 697 3528; x_wconf 83' lang='grc' dir='ltr'><strong>είς</strong></span> <span class='ocrx_word' id='word_1_271' title='bbox 718 3463 788 3518; x_wconf 81' lang='grc' dir='ltr'>τὰ</span> <span class='ocrx_word' id='word_1_272' title='bbox 828 3463 1052 3535; x_wconf 86' lang='grc' dir='ltr'>θεμέλια</span> <span class='ocrx_word' id='word_1_273' title='bbox 1097 3464 1235 3519; x_wconf 81' lang='grc' dir='ltr'>Σιὼν</span> <span class='ocrx_word' id='word_1_274' title='bbox 1255 3464 1422 3520; x_wconf 88' lang='grc' dir='ltr'>λίθον.</span> <span class='ocrx_word' id='word_1_275' title='bbox 1460 3486 1480 3520; x_wconf 71' lang='grc' dir='ltr'><strong>ι</strong></span> <span class='ocrx_word' id='word_1_276' title='bbox 1507 3466 1606 3521; x_wconf 79' lang='grc' dir='ltr'><strong>Διὰ</strong></span> <span class='ocrx_word' id='word_1_277' title='bbox 1629 3471 1779 3521; x_wconf 88' lang='grc' dir='ltr'>ποῖον</span> 
     </span>
    </p>
   </div>
   <div class='ocr_carea' id='block_1_39' title="bbox 195 3550 1776 3631">
    <p class='ocr_par' dir='ltr' id='par_1_39' title="bbox 195 3550 1776 3631">
     <span class='ocr_line' id='line_1_39' title="bbox 195 3550 1776 3631; baseline 0.005 -26"><span class='ocrx_word' id='word_1_278' title='bbox 195 3550 248 3605; x_wconf 77' lang='grc' dir='ltr'>δὲ</span> <span class='ocrx_word' id='word_1_279' title='bbox 274 3551 452 3620; x_wconf 83' lang='grc' dir='ltr'>τοῦτο,</span> <span class='ocrx_word' id='word_1_280' title='bbox 490 3554 634 3627; x_wconf 81' lang='grc' dir='ltr'>ήδιὰ</span> <span class='ocrx_word' id='word_1_281' title='bbox 660 3555 720 3609; x_wconf 81' lang='grc' dir='ltr'><strong>τὸ</strong></span> <span class='ocrx_word' id='word_1_282' title='bbox 753 3558 878 3621; x_wconf 78' lang='grc' dir='ltr'>τοὺς</span> <span class='ocrx_word' id='word_1_283' title='bbox 911 3555 1179 3628; x_wconf 77' lang='grc' dir='ltr'>ἄρχοντας</span> <span class='ocrx_word' id='word_1_284' title='bbox 1204 3555 1299 3611; x_wconf 89' lang='grc' dir='ltr'><strong>τοῦ</strong></span> <span class='ocrx_word' id='word_1_285' title='bbox 1344 3558 1610 3631; x_wconf 81' lang='grc' dir='ltr'>προτέρου</span> <span class='ocrx_word' id='word_1_286' title='bbox 1647 3558 1776 3613; x_wconf 91' lang='grc' dir='ltr'>λαοῦ</span> 
     </span>
    </p>
   </div>
   <div class='ocr_carea' id='block_1_40' title="bbox 196 3645 1780 3720">
    <p class='ocr_par' dir='ltr' id='par_1_40' title="bbox 196 3645 1780 3720">
     <span class='ocr_line' id='line_1_40' title="bbox 196 3645 1780 3720; baseline 0.006 -23"><span class='ocrx_word' id='word_1_287' title='bbox 196 3645 552 3717; x_wconf 72' lang='grc' dir='ltr'>πεποιηκέναι</span> <span class='ocrx_word' id='word_1_288' title='bbox 607 3647 877 3719; x_wconf 87' lang='grc' dir='ltr'>συνθήκας</span> <span class='ocrx_word' id='word_1_289' title='bbox 939 3648 1076 3720; x_wconf 79' lang='grc' dir='ltr'>μετὰ</span> <span class='ocrx_word' id='word_1_290' title='bbox 1129 3648 1221 3702; x_wconf 87' lang='grc' dir='ltr'><strong>τοῦ</strong></span> <span class='ocrx_word' id='word_1_291' title='bbox 1265 3648 1517 3713; x_wconf 85' lang='grc' dir='ltr'>θανάτου,</span> <span class='ocrx_word' id='word_1_292' title='bbox 1559 3651 1654 3705; x_wconf 71' lang='grc' dir='ltr'>καὶ</span> <span class='ocrx_word' id='word_1_293' title='bbox 1691 3651 1780 3706; x_wconf 80' lang='grc' dir='ltr'>διὰ</span> 
     </span>
    </p>
   </div>
   <div class='ocr_carea' id='block_1_41' title="bbox 195 3733 1776 3815">
    <p class='ocr_par' dir='ltr' id='par_1_41' title="bbox 195 3733 1776 3815">
     <span class='ocr_line' id='line_1_41' title="bbox 195 3733 1776 3815; baseline 0.008 -29"><span class='ocrx_word' id='word_1_294' title='bbox 195 3733 256 3789; x_wconf 76' lang='grc' dir='ltr'>τὸ</span> <span class='ocrx_word' id='word_1_295' title='bbox 286 3738 613 3808; x_wconf 85' lang='grc' dir='ltr'>καταλεῖψαι</span> <span class='ocrx_word' id='word_1_296' title='bbox 650 3740 748 3811; x_wconf 84' lang='grc' dir='ltr'><strong>μὲν</strong></span> <span class='ocrx_word' id='word_1_297' title='bbox 793 3741 990 3805; x_wconf 79' lang='grc' dir='ltr'>αὐτοὺς</span> <span class='ocrx_word' id='word_1_298' title='bbox 1034 3739 1133 3811; x_wconf 78' lang='grc' dir='ltr'>τὴν</span> <span class='ocrx_word' id='word_1_299' title='bbox 1176 3740 1269 3794; x_wconf 86' lang='grc' dir='ltr'><strong>τοῦ</strong></span> <span class='ocrx_word' id='word_1_300' title='bbox 1317 3740 1452 3795; x_wconf 83' lang='grc' dir='ltr'>Θεοῦ</span> <span class='ocrx_word' id='word_1_301' title='bbox 1491 3742 1776 3815; x_wconf 84' lang='grc' dir='ltr'>διαθήκην,</span> 
     </span>
    </p>
   </div>
   <div class='ocr_carea' id='block_1_42' title="bbox 196 3827 1780 3907">
    <p class='ocr_par' dir='ltr' id='par_1_42' title="bbox 196 3827 1780 3907">
     <span class='ocr_line' id='line_1_42' title="bbox 196 3827 1780 3907; baseline 0.005 -27"><span class='ocrx_word' id='word_1_302' title='bbox 196 3827 312 3882; x_wconf 71' lang='grc' dir='ltr'>ἀντὶ</span> <span class='ocrx_word' id='word_1_303' title='bbox 344 3829 401 3884; x_wconf 80' lang='grc' dir='ltr'>δὲ</span> <span class='ocrx_word' id='word_1_304' title='bbox 427 3829 640 3901; x_wconf 86' lang='grc' dir='ltr'>ταύτης</span> <span class='ocrx_word' id='word_1_305' title='bbox 691 3830 955 3902; x_wconf 84' lang='grc' dir='ltr'>διαθήκην</span> <span class='ocrx_word' id='word_1_306' title='bbox 999 3831 1135 3904; x_wconf 77' lang='grc' dir='ltr'>πρὸς</span> <span class='ocrx_word' id='word_1_307' title='bbox 1167 3832 1260 3887; x_wconf 82' lang='grc' dir='ltr'><strong>τὸν</strong></span> <span class='ocrx_word' id='word_1_308' title='bbox 1298 3832 1430 3907; x_wconf 74' lang='grc' dir='ltr'>ᾅδην</span> <span class='ocrx_word' id='word_1_309' title='bbox 1492 3836 1780 3907; x_wconf 76' lang='grc' dir='ltr'>πεποιηκέ-</span> 
     </span>
    </p>
   </div>
   <div class='ocr_carea' id='block_1_43' title="bbox 198 3896 1775 3993">
    <p class='ocr_par' dir='ltr' id='par_1_43' title="bbox 198 3896 1775 3993">
     <span class='ocr_line' id='line_1_43' title="bbox 198 3896 1775 3993; baseline 0.004 -21"><span class='ocrx_word' id='word_1_310' title='bbox 198 3933 302 3984; x_wconf 87' lang='grc' dir='ltr'>ναι,</span> <span class='ocrx_word' id='word_1_311' title='bbox 352 3896 763 3993; x_wconf 72' lang='grc' dir='ltr'>ὑπολαμθάνειν</span> <span class='ocrx_word' id='word_1_312' title='bbox 900 3896 987 3977; x_wconf 86' lang='grc' dir='ltr'>διὰ</span> <span class='ocrx_word' id='word_1_313' title='bbox 1023 3896 1194 3977; x_wconf 73' lang='grc' dir='ltr'>ταῦτα</span> <span class='ocrx_word' id='word_1_314' title='bbox 1243 3896 1408 3993; x_wconf 65' lang='grc' dir='ltr'><strong>μήέὲρ</strong></span> <span class='ocrx_word' id='word_1_315' title='bbox 1446 3924 1614 3978; x_wconf 81' lang='grc' dir='ltr'>κακὸν</span> <span class='ocrx_word' id='word_1_316' title='bbox 1648 3896 1775 3978; x_wconf 70' lang='grc' dir='ltr'>ἑαυ-</span> 
     </span>
    </p>
   </div>
   <div class='ocr_carea' id='block_1_44' title="bbox 197 4011 1781 4076">
    <p class='ocr_par' dir='ltr' id='par_1_44' title="bbox 197 4011 1781 4076">
     <span class='ocr_line' id='line_1_44' title="bbox 197 4011 1781 4076; baseline 0.006 -14"><span class='ocrx_word' id='word_1_317' title='bbox 197 4011 319 4076; x_wconf 81' lang='grc' dir='ltr'>τοὺς</span> <span class='ocrx_word' id='word_1_318' title='bbox 384 4013 711 4069; x_wconf 85' lang='grc' dir='ltr'>πείσεσθαι·</span> <span class='ocrx_word' id='word_1_319' title='bbox 763 4014 900 4069; x_wconf 75' lang='grc' dir='ltr'>ἀλλὰ</span> <span class='ocrx_word' id='word_1_320' title='bbox 953 4015 1050 4069; x_wconf 76' lang='grc' dir='ltr'>καὶ</span> <span class='ocrx_word' id='word_1_321' title='bbox 1109 4015 1199 4069; x_wconf 81' lang='grc' dir='ltr'><strong>διὰ</strong></span> <span class='ocrx_word' id='word_1_322' title='bbox 1261 4015 1417 4069; x_wconf 86' lang='grc' dir='ltr'>τοῦτο</span> <span class='ocrx_word' id='word_1_323' title='bbox 1476 4016 1781 4072; x_wconf 77' lang='grc' dir='ltr'>τεθεικέναι</span> 
     </span>
    </p>
   </div>
   <div class='ocr_carea' id='block_1_45' title="bbox 204 4101 1781 4181">
    <p class='ocr_par' dir='ltr' id='par_1_45' title="bbox 204 4101 1781 4181">
     <span class='ocr_line' id='line_1_45' title="bbox 204 4101 1781 4181; baseline 0.004 -25"><span class='ocrx_word' id='word_1_324' title='bbox 204 4101 298 4170; x_wconf 67' lang='grc' dir='ltr'>μὲν</span> <span class='ocrx_word' id='word_1_325' title='bbox 347 4106 439 4161; x_wconf 76' lang='grc' dir='ltr'><strong>ἐπὶ</strong></span> <span class='ocrx_word' id='word_1_326' title='bbox 486 4105 681 4176; x_wconf 83' lang='grc' dir='ltr'>ψεῦδος</span> <span class='ocrx_word' id='word_1_327' title='bbox 716 4106 816 4179; x_wconf 79' lang='grc' dir='ltr'>τὴν</span> <span class='ocrx_word' id='word_1_328' title='bbox 860 4105 1050 4160; x_wconf 77' lang='grc' dir='ltr'>ἐλπίδα</span> <span class='ocrx_word' id='word_1_329' title='bbox 1095 4106 1275 4161; x_wconf 84' lang='grc' dir='ltr'>αὐτῶν</span> <span class='ocrx_word' id='word_1_330' title='bbox 1324 4107 1420 4161; x_wconf 70' lang='grc' dir='ltr'><strong>καὶ</strong></span> <span class='ocrx_word' id='word_1_331' title='bbox 1450 4107 1658 4162; x_wconf 74' lang='grc' dir='ltr'>οἴεσθαι</span> <span class='ocrx_word' id='word_1_332' title='bbox 1702 4109 1781 4181; x_wconf 83' lang='grc' dir='ltr'>τῷ</span> 
     </span>
    </p>
   </div>
   <div class='ocr_carea' id='block_1_46' title="bbox 199 4191 1781 4273">
    <p class='ocr_par' dir='ltr' id='par_1_46' title="bbox 199 4191 1781 4273">
     <span class='ocr_line' id='line_1_46' title="bbox 199 4191 1781 4273; baseline 0.006 -26"><span class='ocrx_word' id='word_1_333' title='bbox 199 4191 380 4260; x_wconf 81' lang='grc' dir='ltr'>ψεύδει</span> <span class='ocrx_word' id='word_1_334' title='bbox 409 4199 923 4271; x_wconf 79' lang='grc' dir='ltr'>σκεπασθήσεσθαι·</span> <span class='ocrx_word' id='word_1_335' title='bbox 959 4199 1049 4253; x_wconf 85' lang='grc' dir='ltr'><strong>διὰ</strong></span> <span class='ocrx_word' id='word_1_336' title='bbox 1090 4201 1201 4273; x_wconf 85' lang='grc' dir='ltr'>γάρ</span> <span class='ocrx_word' id='word_1_337' title='bbox 1235 4217 1317 4255; x_wconf 87' lang='grc' dir='ltr'><strong>τοι</strong></span> <span class='ocrx_word' id='word_1_338' title='bbox 1364 4200 1558 4264; x_wconf 90' lang='grc' dir='ltr'>ταῦτα,</span> <span class='ocrx_word' id='word_1_339' title='bbox 1591 4202 1668 4267; x_wconf 83' lang='grc' dir='ltr'>ὡς</span> <span class='ocrx_word' id='word_1_340' title='bbox 1715 4203 1781 4256; x_wconf 82' lang='grc' dir='ltr'>ἂν</span> 
     </span>
    </p>
   </div>
   <div class='ocr_carea' id='block_1_47' title="bbox 120 4285 1783 4363">
    <p class='ocr_par' dir='ltr' id='par_1_47' title="bbox 120 4285 1783 4363">
     <span class='ocr_line' id='line_1_47' title="bbox 120 4285 1783 4363; baseline 0.005 -27"><span class='ocrx_word' id='word_1_341' title='bbox 120 4306 131 4319; x_wconf 71' lang='grc' dir='ltr'><strong>ι</strong></span> <span class='ocrx_word' id='word_1_342' title='bbox 203 4285 682 4346; x_wconf 84' lang='grc' dir='ltr'>ἁποπεπτωκότων</span> <span class='ocrx_word' id='word_1_343' title='bbox 706 4291 929 4346; x_wconf 80' lang='grc' dir='ltr'>ἐκείνων</span> <span class='ocrx_word' id='word_1_344' title='bbox 966 4288 1076 4363; x_wconf 77' lang='grc' dir='ltr'><strong>ἀπὸ</strong></span> <span class='ocrx_word' id='word_1_345' title='bbox 1106 4293 1204 4363; x_wconf 80' lang='grc' dir='ltr'><strong>τῆς</strong></span> <span class='ocrx_word' id='word_1_346' title='bbox 1236 4294 1315 4356; x_wconf 81' lang='grc' dir='ltr'><strong>είς</strong></span> <span class='ocrx_word' id='word_1_347' title='bbox 1338 4293 1427 4346; x_wconf 89' lang='grc' dir='ltr'><strong>τὸν</strong></span> <span class='ocrx_word' id='word_1_348' title='bbox 1463 4293 1599 4347; x_wconf 75' lang='grc' dir='ltr'>θεὸν</span> <span class='ocrx_word' id='word_1_349' title='bbox 1632 4293 1783 4347; x_wconf 73' lang='grc' dir='ltr'>ἐλπί-</span> 
     </span>
    </p>
   </div>
   <div class='ocr_carea' id='block_1_48' title="bbox 202 4374 1781 4455">
    <p class='ocr_par' dir='ltr' id='par_1_48' title="bbox 202 4374 1781 4455">
     <span class='ocr_line' id='line_1_48' title="bbox 202 4374 1781 4455; baseline 0.004 -23"><span class='ocrx_word' id='word_1_350' title='bbox 202 4374 308 4443; x_wconf 84' lang='grc' dir='ltr'>δος,</span> <span class='ocrx_word' id='word_1_351' title='bbox 328 4382 420 4436; x_wconf 85' lang='grc' dir='ltr'><strong>τὸν</strong></span> <span class='ocrx_word' id='word_1_352' title='bbox 448 4381 816 4455; x_wconf 84' lang='grc' dir='ltr'>πολυτίμητον</span> <span class='ocrx_word' id='word_1_353' title='bbox 838 4382 984 4437; x_wconf 88' lang='grc' dir='ltr'>λίθον</span> <span class='ocrx_word' id='word_1_354' title='bbox 1009 4383 1121 4448; x_wconf 87' lang='grc' dir='ltr'>τοῖς</span> <span class='ocrx_word' id='word_1_355' title='bbox 1147 4384 1494 4439; x_wconf 87' lang='grc' dir='ltr'>πιστεύουσιν</span> <span class='ocrx_word' id='word_1_356' title='bbox 1518 4385 1781 4454; x_wconf 75' lang='grc' dir='ltr'>ἐπαγγέλ-</span> 
     </span>
    </p>
   </div>
   <div class='ocr_carea' id='block_1_49' title="bbox 1875 519 3549 579">
    <p class='ocr_par' dir='ltr' id='par_1_49' title="bbox 1875 519 3549 579">
     <span class='ocr_line' id='line_1_49' title="bbox 1875 519 3549 579; baseline -0.004 0"><span class='ocrx_word' id='word_1_357' title='bbox 1875 529 2074 579; x_wconf 89' lang='lat' dir='ltr'><strong>clamat</strong></span> <span class='ocrx_word' id='word_1_358' title='bbox 2112 523 2166 577; x_wconf 91' lang='lat' dir='ltr'><strong>in</strong></span> <span class='ocrx_word' id='word_1_359' title='bbox 2209 522 2490 578; x_wconf 83' lang='lat' dir='ltr'><strong>doloribus</strong></span> <span class='ocrx_word' id='word_1_360' title='bbox 2541 521 2700 577; x_wconf 89' lang='lat' dir='ltr'><strong>suis:</strong></span> <span class='ocrx_word' id='word_1_361' title='bbox 2736 521 2819 575; x_wconf 89' lang='lat' dir='ltr'><strong>sic</strong></span> <span class='ocrx_word' id='word_1_362' title='bbox 2851 519 2980 575; x_wconf 81' lang='lat' dir='ltr'><strong>facti</strong></span> <span class='ocrx_word' id='word_1_363' title='bbox 3026 536 3218 577; x_wconf 87' lang='lat' dir='ltr'><strong>smnus</strong></span> <span class='ocrx_word' id='word_1_364' title='bbox 3249 520 3457 576; x_wconf 85' lang='lat' dir='ltr'><strong>Dilecto</strong></span> <span class='ocrx_word' id='word_1_365' title='bbox 3544 532 3549 535; x_wconf 84' lang='lat'>&#39;</span> 
     </span>
    </p>
   </div>
   <div class='ocr_carea' id='block_1_50' title="bbox 1873 610 3456 685">
    <p class='ocr_par' dir='ltr' id='par_1_50' title="bbox 1873 610 3456 685">
     <span class='ocr_line' id='line_1_50' title="bbox 1873 610 3456 685; baseline -0.003 -13"><span class='ocrx_word' id='word_1_366' title='bbox 1873 619 2007 672; x_wconf 69' lang='lat' dir='ltr'><strong>tuo‘</strong></span> <span class='ocrx_word' id='word_1_367' title='bbox 2034 637 2054 670; x_wconf 75' lang='grc' dir='ltr'><strong>ι</strong></span> <span class='ocrx_word' id='word_1_368' title='bbox 2093 615 2310 671; x_wconf 88' lang='lat' dir='ltr'><strong>Titulus</strong></span> <span class='ocrx_word' id='word_1_369' title='bbox 2352 613 2573 685; x_wconf 88' lang='lat' dir='ltr'><strong>quidam</strong></span> <span class='ocrx_word' id='word_1_370' title='bbox 2611 614 2666 667; x_wconf 93' lang='lat' dir='ltr'><strong>in</strong></span> <span class='ocrx_word' id='word_1_371' title='bbox 2705 610 2941 666; x_wconf 77' lang='lat' dir='ltr'><strong>Psalmis</strong></span> <span class='ocrx_word' id='word_1_372' title='bbox 2990 611 3093 666; x_wconf 78' lang='lat' dir='ltr'><strong>fert</strong></span> <span class='ocrx_word' id='word_1_373' title='bbox 3120 630 3138 662; x_wconf 84' lang='grc' dir='ltr'><strong>ι</strong></span> <span class='ocrx_word' id='word_1_374' title='bbox 3173 610 3280 665; x_wconf 86' lang='lat' dir='ltr'><strong>Pro</strong></span> <span class='ocrx_word' id='word_1_375' title='bbox 3314 611 3456 668; x_wconf 83' lang='lat' dir='ltr'><strong>Dile—</strong></span> 
     </span>
    </p>
   </div>
   <div class='ocr_carea' id='block_1_51' title="bbox 1874 700 3454 772">
    <p class='ocr_par' dir='ltr' id='par_1_51' title="bbox 1874 700 3454 772">
     <span class='ocr_line' id='line_1_51' title="bbox 1874 700 3454 772; baseline -0.003 -12"><span class='ocrx_word' id='word_1_376' title='bbox 1874 706 2041 772; x_wconf 81' lang='lat' dir='ltr'><strong>cto&#39;;</strong></span> <span class='ocrx_word' id='word_1_377' title='bbox 2081 724 2099 756; x_wconf 73' lang='grc' dir='ltr'><strong>ι</strong></span> <span class='ocrx_word' id='word_1_378' title='bbox 2133 713 2186 759; x_wconf 90' lang='lat' dir='ltr'><strong>et</strong></span> <span class='ocrx_word' id='word_1_379' title='bbox 2222 718 2418 757; x_wconf 83' lang='lat' dir='ltr'><strong>rursus</strong></span> <span class='ocrx_word' id='word_1_380' title='bbox 2456 701 2661 756; x_wconf 89' lang='lat' dir='ltr'><strong>dictum</strong></span> <span class='ocrx_word' id='word_1_381' title='bbox 2696 708 2821 756; x_wconf 87' lang='lat' dir='ltr'><strong>est:</strong></span> <span class='ocrx_word' id='word_1_382' title='bbox 2856 718 2875 752; x_wconf 72' lang='grc' dir='ltr'><strong>ι</strong></span> <span class='ocrx_word' id='word_1_383' title='bbox 2910 700 3024 756; x_wconf 78' lang='lat' dir='ltr'><strong>Rex</strong></span> <span class='ocrx_word' id='word_1_384' title='bbox 3056 703 3319 756; x_wconf 83' lang='lat' dir='ltr'><strong>virtutum</strong></span> <span class='ocrx_word' id='word_1_385' title='bbox 3366 701 3454 756; x_wconf 85' lang='lat' dir='ltr'><strong>Di-</strong></span> 
     </span>
    </p>
   </div>
   <div class='ocr_carea' id='block_1_52' title="bbox 1875 791 3452 851">
    <p class='ocr_par' dir='ltr' id='par_1_52' title="bbox 1875 791 3452 851">
     <span class='ocr_line' id='line_1_52' title="bbox 1875 791 3452 851; baseline 0 -3"><span class='ocrx_word' id='word_1_386' title='bbox 1875 796 1999 851; x_wconf 89' lang='lat' dir='ltr'><strong>lecti</strong></span> <span class='ocrx_word' id='word_1_387' title='bbox 2023 796 2065 850; x_wconf 85' lang='grc'><strong>³.</strong></span> <span class='ocrx_word' id='word_1_388' title='bbox 2098 813 2117 846; x_wconf 72' lang='grc' dir='ltr'><strong>ι</strong></span> <span class='ocrx_word' id='word_1_389' title='bbox 2154 793 2477 849; x_wconf 75' lang='lat' dir='ltr'><strong>Ostenditur</strong></span> <span class='ocrx_word' id='word_1_390' title='bbox 2505 795 2559 846; x_wconf 93' lang='lat' dir='ltr'><strong>in</strong></span> <span class='ocrx_word' id='word_1_391' title='bbox 2597 791 2683 846; x_wconf 88' lang='lat' dir='ltr'><strong>his</strong></span> <span class='ocrx_word' id='word_1_392' title='bbox 2720 792 2857 846; x_wconf 88' lang='lat' dir='ltr'><strong>locis</strong></span> <span class='ocrx_word' id='word_1_393' title='bbox 2892 807 3003 845; x_wconf 89' lang='lat' dir='ltr'><strong>non</strong></span> <span class='ocrx_word' id='word_1_394' title='bbox 3051 793 3195 848; x_wconf 81' lang='lat' dir='ltr'><strong>alius</strong></span> <span class='ocrx_word' id='word_1_395' title='bbox 3237 807 3362 848; x_wconf 83' lang='lat' dir='ltr'><strong>esse</strong></span> <span class='ocrx_word' id='word_1_396' title='bbox 3392 807 3452 849; x_wconf 84' lang='lat' dir='ltr'><strong>ac</strong></span> 
     </span>
    </p>
   </div>
   <div class='ocr_carea' id='block_1_53' title="bbox 1874 884 3458 957">
    <p class='ocr_par' dir='ltr' id='par_1_53' title="bbox 1874 884 3458 957">
     <span class='ocr_line' id='line_1_53' title="bbox 1874 884 3458 957; baseline -0.002 -13"><span class='ocrx_word' id='word_1_397' title='bbox 1874 888 2149 950; x_wconf 88' lang='lat' dir='ltr'><strong>Christus,</strong></span> <span class='ocrx_word' id='word_1_398' title='bbox 2199 887 2249 943; x_wconf 88' lang='lat' dir='ltr'><strong>is</strong></span> <span class='ocrx_word' id='word_1_399' title='bbox 2287 887 2380 957; x_wconf 90' lang='lat' dir='ltr'><strong>qui</strong></span> <span class='ocrx_word' id='word_1_400' title='bbox 2452 885 2545 941; x_wconf 88' lang='lat' dir='ltr'><strong>Dei</strong></span> <span class='ocrx_word' id='word_1_401' title='bbox 2598 884 2840 941; x_wconf 73' lang='lat' dir='ltr'><strong>Dilectus</strong></span> <span class='ocrx_word' id='word_1_402' title='bbox 2892 886 3216 955; x_wconf 65' lang='lat' dir='ltr'><strong>appellantur.</strong></span> <span class='ocrx_word' id='word_1_403' title='bbox 3282 885 3458 957; x_wconf 85' lang='lat' dir='ltr'><strong>Huqu</strong></span> 
     </span>
    </p>
   </div>
   <div class='ocr_carea' id='block_1_54' title="bbox 1875 978 3455 1053">
    <p class='ocr_par' dir='ltr' id='par_1_54' title="bbox 1875 978 3455 1053">
     <span class='ocr_line' id='line_1_54' title="bbox 1875 978 3455 1053; baseline -0.003 -17"><span class='ocrx_word' id='word_1_404' title='bbox 1875 983 2049 1053; x_wconf 77' lang='lat' dir='ltr'><strong>gratia</strong></span> <span class='ocrx_word' id='word_1_405' title='bbox 2087 981 2467 1036; x_wconf 83' lang='lat' dir='ltr'><strong>adnotavimus</strong></span> <span class='ocrx_word' id='word_1_406' title='bbox 2515 994 2733 1050; x_wconf 85' lang='lat' dir='ltr'><strong>quoque</strong></span> <span class='ocrx_word' id='word_1_407' title='bbox 2781 978 2928 1032; x_wconf 89' lang='lat' dir='ltr'><strong>hunc</strong></span> <span class='ocrx_word' id='word_1_408' title='bbox 2977 978 3260 1042; x_wconf 83' lang='lat' dir='ltr'><strong>dilectum,</strong></span> <span class='ocrx_word' id='word_1_409' title='bbox 3293 993 3455 1048; x_wconf 89' lang='lat' dir='ltr'><strong>quem</strong></span> 
     </span>
    </p>
   </div>
   <div class='ocr_carea' id='block_1_55' title="bbox 1875 1070 3456 1144">
    <p class='ocr_par' dir='ltr' id='par_1_55' title="bbox 1875 1070 3456 1144">
     <span class='ocr_line' id='line_1_55' title="bbox 1875 1070 3456 1144; baseline -0.002 -16"><span class='ocrx_word' id='word_1_410' title='bbox 1875 1089 1999 1129; x_wconf 89' lang='lat' dir='ltr'><strong>esse</strong></span> <span class='ocrx_word' id='word_1_411' title='bbox 2032 1075 2342 1144; x_wconf 81' lang='lat' dir='ltr'><strong>putavimus</strong></span> <span class='ocrx_word' id='word_1_412' title='bbox 2385 1073 2636 1128; x_wconf 89' lang='lat' dir='ltr'><strong>eumdem</strong></span> <span class='ocrx_word' id='word_1_413' title='bbox 2684 1071 2752 1126; x_wconf 92' lang='lat' dir='ltr'><strong>de</strong></span> <span class='ocrx_word' id='word_1_414' title='bbox 2786 1085 2897 1141; x_wconf 83' lang='lat' dir='ltr'><strong>quo</strong></span> <span class='ocrx_word' id='word_1_415' title='bbox 2944 1086 3052 1125; x_wconf 68' lang='lat' dir='ltr'><strong>vos</strong></span> <span class='ocrx_word' id='word_1_416' title='bbox 3102 1070 3390 1126; x_wconf 76' lang='lat' dir='ltr'><strong>manifeste</strong></span> <span class='ocrx_word' id='word_1_417' title='bbox 3424 1086 3456 1125; x_wconf 90' lang='lat' dir='ltr'><strong>a</strong></span> 
     </span>
    </p>
   </div>
   <div class='ocr_carea' id='block_1_56' title="bbox 1877 1162 3455 1221">
    <p class='ocr_par' dir='ltr' id='par_1_56' title="bbox 1877 1162 3455 1221">
     <span class='ocr_line' id='line_1_56' title="bbox 1877 1162 3455 1221; baseline -0.003 0"><span class='ocrx_word' id='word_1_418' title='bbox 1877 1166 2032 1221; x_wconf 68' lang='lat' dir='ltr'><strong>caelis</strong></span> <span class='ocrx_word' id='word_1_419' title='bbox 2060 1167 2247 1221; x_wconf 84' lang='lat' dir='ltr'><strong>audita</strong></span> <span class='ocrx_word' id='word_1_420' title='bbox 2295 1172 2380 1221; x_wconf 90' lang='lat' dir='ltr'><strong>est</strong></span> <span class='ocrx_word' id='word_1_421' title='bbox 2413 1165 2604 1220; x_wconf 90' lang='lat' dir='ltr'><strong>dicens</strong></span> <span class='ocrx_word' id='word_1_422' title='bbox 2631 1182 2644 1218; x_wconf 90' lang='lat'><strong>:</strong></span> <span class='ocrx_word' id='word_1_423' title='bbox 2676 1180 2696 1215; x_wconf 75' lang='grc' dir='ltr'><strong>ι</strong></span> <span class='ocrx_word' id='word_1_424' title='bbox 2731 1162 2832 1217; x_wconf 85' lang='lat' dir='ltr'><strong>Hic</strong></span> <span class='ocrx_word' id='word_1_425' title='bbox 2865 1171 2952 1217; x_wconf 89' lang='lat' dir='ltr'><strong>est</strong></span> <span class='ocrx_word' id='word_1_426' title='bbox 2986 1162 3159 1219; x_wconf 86' lang='lat' dir='ltr'><strong>Filius</strong></span> <span class='ocrx_word' id='word_1_427' title='bbox 3188 1179 3345 1218; x_wconf 88' lang='lat' dir='ltr'><strong>meus</strong></span> <span class='ocrx_word' id='word_1_428' title='bbox 3379 1162 3455 1218; x_wconf 84' lang='lat' dir='ltr'><strong>di—</strong></span> 
     </span>
    </p>
   </div>
   <div class='ocr_carea' id='block_1_57' title="bbox 1877 1256 2763 1331">
    <p class='ocr_par' dir='ltr' id='par_1_57' title="bbox 1877 1256 2763 1331">
     <span class='ocr_line' id='line_1_57' title="bbox 1877 1256 2763 1331; baseline -0.006 -17"><span class='ocrx_word' id='word_1_429' title='bbox 1877 1260 2075 1328; x_wconf 88' lang='lat' dir='ltr'><strong>lectus,</strong></span> <span class='ocrx_word' id='word_1_430' title='bbox 2111 1262 2165 1315; x_wconf 91' lang='lat' dir='ltr'><strong>in</strong></span> <span class='ocrx_word' id='word_1_431' title='bbox 2192 1273 2304 1331; x_wconf 90' lang='lat' dir='ltr'><strong>quo</strong></span> <span class='ocrx_word' id='word_1_432' title='bbox 2330 1257 2639 1329; x_wconf 83' lang='lat' dir='ltr'><strong>complacui</strong></span> <span class='ocrx_word' id='word_1_433' title='bbox 2663 1256 2706 1310; x_wconf 70' lang='grc'><strong>⁸.</strong></span> <span class='ocrx_word' id='word_1_434' title='bbox 2744 1275 2763 1309; x_wconf 72' lang='grc' dir='ltr'><strong>ι</strong></span> 
     </span>
    </p>
   </div>
   <div class='ocr_carea' id='block_1_58' title="bbox 2461 1433 2873 1491">
    <p class='ocr_par' dir='ltr' id='par_1_58' title="bbox 2461 1433 2873 1491">
     <span class='ocr_line' id='line_1_58' title="bbox 2461 1433 2873 1491; baseline -0.007 0"><span class='ocrx_word' id='word_1_435' title='bbox 2461 1433 2692 1491; x_wconf 74' lang='lat' dir='ltr'><strong>CAPUT</strong></span> <span class='ocrx_word' id='word_1_436' title='bbox 2731 1433 2873 1488; x_wconf 77' lang='lat' dir='ltr'><strong>XIII.</strong></span> 
     </span>
    </p>
   </div>
   <div class='ocr_carea' id='block_1_59' title="bbox 1952 1527 3457 1598">
    <p class='ocr_par' dir='ltr' id='par_1_59' title="bbox 1952 1527 3457 1598">
     <span class='ocr_line' id='line_1_59' title="bbox 1952 1527 3457 1598; baseline 0 -15"><span class='ocrx_word' id='word_1_437' title='bbox 1952 1550 1970 1583; x_wconf 76' lang='grc' dir='ltr'><strong>ι</strong></span> <span class='ocrx_word' id='word_1_438' title='bbox 2006 1530 2205 1586; x_wconf 82' lang='lat' dir='ltr'><strong>Audite</strong></span> <span class='ocrx_word' id='word_1_439' title='bbox 2232 1529 2463 1585; x_wconf 84' lang='lat' dir='ltr'><strong>verbum</strong></span> <span class='ocrx_word' id='word_1_440' title='bbox 2501 1527 2740 1592; x_wconf 86' lang='lat' dir='ltr'><strong>Domini,</strong></span> <span class='ocrx_word' id='word_1_441' title='bbox 2774 1528 2874 1582; x_wconf 88' lang='lat' dir='ltr'><strong>viri</strong></span> <span class='ocrx_word' id='word_1_442' title='bbox 2918 1527 3196 1589; x_wconf 81' lang='lat' dir='ltr'><strong>illusorcs,</strong></span> <span class='ocrx_word' id='word_1_443' title='bbox 3227 1528 3321 1598; x_wconf 90' lang='lat' dir='ltr'><strong>qui</strong></span> <span class='ocrx_word' id='word_1_444' title='bbox 3355 1528 3457 1583; x_wconf 89' lang='lat' dir='ltr'><strong>do-</strong></span> 
     </span>
    </p>
   </div>
   <div class='ocr_carea' id='block_1_60' title="bbox 1876 1618 3459 1694">
    <p class='ocr_par' dir='ltr' id='par_1_60' title="bbox 1876 1618 3459 1694">
     <span class='ocr_line' id='line_1_60' title="bbox 1876 1618 3459 1694; baseline -0.005 -13"><span class='ocrx_word' id='word_1_445' title='bbox 1876 1624 2161 1681; x_wconf 84' lang='lat' dir='ltr'><strong>minamini</strong></span> <span class='ocrx_word' id='word_1_446' title='bbox 2192 1638 2361 1694; x_wconf 85' lang='lat' dir='ltr'><strong>super</strong></span> <span class='ocrx_word' id='word_1_447' title='bbox 2396 1623 2657 1693; x_wconf 86' lang='lat' dir='ltr'><strong>populum</strong></span> <span class='ocrx_word' id='word_1_448' title='bbox 2695 1635 2875 1674; x_wconf 91' lang='lat' dir='ltr'><strong>meum</strong></span> <span class='ocrx_word' id='word_1_449' title='bbox 2909 1619 3003 1689; x_wconf 86' lang='lat' dir='ltr'><strong>qui</strong></span> <span class='ocrx_word' id='word_1_450' title='bbox 3043 1627 3128 1674; x_wconf 90' lang='lat' dir='ltr'><strong>est</strong></span> <span class='ocrx_word' id='word_1_451' title='bbox 3166 1619 3218 1672; x_wconf 90' lang='lat' dir='ltr'><strong>in</strong></span> <span class='ocrx_word' id='word_1_452' title='bbox 3240 1618 3459 1675; x_wconf 83' lang='lat' dir='ltr'><strong>Jerusa-</strong></span> 
     </span>
    </p>
   </div>
   <div class='ocr_carea' id='block_1_61' title="bbox 1879 1713 3456 1777">
    <p class='ocr_par' dir='ltr' id='par_1_61' title="bbox 1879 1713 3456 1777">
     <span class='ocr_line' id='line_1_61' title="bbox 1879 1713 3456 1777; baseline -0.004 -2"><span class='ocrx_word' id='word_1_453' title='bbox 1879 1727 2003 1776; x_wconf 91' lang='lat' dir='ltr'><strong>lem.</strong></span> <span class='ocrx_word' id='word_1_454' title='bbox 2036 1719 2259 1775; x_wconf 82' lang='lat' dir='ltr'><strong>Dixistis</strong></span> <span class='ocrx_word' id='word_1_455' title='bbox 2289 1717 2434 1773; x_wconf 90' lang='lat' dir='ltr'><strong>enim</strong></span> <span class='ocrx_word' id='word_1_456' title='bbox 2468 1713 2886 1769; x_wconf 85' lang='lat' dir='ltr'><strong>:Percussimus</strong></span> <span class='ocrx_word' id='word_1_457' title='bbox 2910 1713 3089 1766; x_wconf 75' lang='lat' dir='ltr'><strong>fmdus</strong></span> <span class='ocrx_word' id='word_1_458' title='bbox 3114 1728 3237 1768; x_wconf 89' lang='lat' dir='ltr'><strong>cum</strong></span> <span class='ocrx_word' id='word_1_459' title='bbox 3262 1722 3456 1777; x_wconf 89' lang='lat' dir='ltr'><strong>morte,</strong></span> 
     </span>
    </p>
   </div>
   <div class='ocr_carea' id='block_1_62' title="bbox 1807 1794 3459 1877">
    <p class='ocr_par' dir='ltr' id='par_1_62' title="bbox 1807 1794 3459 1877">
     <span class='ocr_line' id='line_1_62' title="bbox 1807 1794 3459 1877; baseline -0.005 -9"><span class='ocrx_word' id='word_1_460' title='bbox 1807 1794 1849 1848; x_wconf 78' lang='grc' dir='ltr'><strong>Β</strong></span> <span class='ocrx_word' id='word_1_461' title='bbox 1881 1820 2087 1868; x_wconf 86' lang='lat' dir='ltr'><strong>etcum</strong></span> <span class='ocrx_word' id='word_1_462' title='bbox 2123 1809 2339 1864; x_wconf 81' lang='lat' dir='ltr'><strong>inferno</strong></span> <span class='ocrx_word' id='word_1_463' title='bbox 2383 1809 2612 1863; x_wconf 79' lang='lat' dir='ltr'><strong>fecimus</strong></span> <span class='ocrx_word' id='word_1_464' title='bbox 2660 1816 2902 1877; x_wconf 89' lang='lat' dir='ltr'><strong>pactum.</strong></span> <span class='ocrx_word' id='word_1_465' title='bbox 2951 1805 3251 1877; x_wconf 79' lang='lat' dir='ltr'><strong>Flagellum</strong></span> <span class='ocrx_word' id='word_1_466' title='bbox 3301 1806 3459 1860; x_wconf 88' lang='lat' dir='ltr'><strong>inun-</strong></span> 
     </span>
    </p>
   </div>
   <div class='ocr_carea' id='block_1_63' title="bbox 1882 1898 3458 1968">
    <p class='ocr_par' dir='ltr' id='par_1_63' title="bbox 1882 1898 3458 1968">
     <span class='ocr_line' id='line_1_63' title="bbox 1882 1898 3458 1968; baseline -0.005 -9"><span class='ocrx_word' id='word_1_467' title='bbox 1882 1905 2020 1959; x_wconf 85' lang='lat' dir='ltr'><strong>dans</strong></span> <span class='ocrx_word' id='word_1_468' title='bbox 2056 1918 2180 1956; x_wconf 89' lang='lat' dir='ltr'><strong>cum</strong></span> <span class='ocrx_word' id='word_1_469' title='bbox 2219 1901 2518 1963; x_wconf 88' lang='lat' dir='ltr'><strong>transierit,</strong></span> <span class='ocrx_word' id='word_1_470' title='bbox 2569 1915 2679 1953; x_wconf 92' lang='lat' dir='ltr'><strong>non</strong></span> <span class='ocrx_word' id='word_1_471' title='bbox 2725 1900 2905 1954; x_wconf 79' lang='lat' dir='ltr'><strong>veniet</strong></span> <span class='ocrx_word' id='word_1_472' title='bbox 2941 1913 3107 1968; x_wconf 87' lang='lat' dir='ltr'><strong>super</strong></span> <span class='ocrx_word' id='word_1_473' title='bbox 3152 1913 3298 1954; x_wconf 90' lang='lat' dir='ltr'><strong>nos:</strong></span> <span class='ocrx_word' id='word_1_474' title='bbox 3330 1898 3458 1968; x_wconf 87' lang='lat' dir='ltr'><strong>quia</strong></span> 
     </span>
    </p>
   </div>
   <div class='ocr_carea' id='block_1_64' title="bbox 1884 1991 3459 2068">
    <p class='ocr_par' dir='ltr' id='par_1_64' title="bbox 1884 1991 3459 2068">
     <span class='ocr_line' id='line_1_64' title="bbox 1884 1991 3459 2068; baseline -0.004 -17"><span class='ocrx_word' id='word_1_475' title='bbox 1884 1997 2167 2068; x_wconf 84' lang='lat' dir='ltr'><strong>posuimus</strong></span> <span class='ocrx_word' id='word_1_476' title='bbox 2204 1993 2547 2049; x_wconf 86' lang='lat' dir='ltr'><strong>mendacium</strong></span> <span class='ocrx_word' id='word_1_477' title='bbox 2581 2005 2733 2062; x_wconf 80' lang='lat' dir='ltr'><strong>spem</strong></span> <span class='ocrx_word' id='word_1_478' title='bbox 2769 1998 3037 2055; x_wconf 91' lang='lat' dir='ltr'><strong>nostram,</strong></span> <span class='ocrx_word' id='word_1_479' title='bbox 3072 1999 3126 2047; x_wconf 92' lang='lat' dir='ltr'><strong>et</strong></span> <span class='ocrx_word' id='word_1_480' title='bbox 3176 1991 3459 2046; x_wconf 90' lang='lat' dir='ltr'><strong>mendacio</strong></span> 
     </span>
    </p>
   </div>
   <div class='ocr_carea' id='block_1_65' title="bbox 1883 2083 3460 2161">
    <p class='ocr_par' dir='ltr' id='par_1_65' title="bbox 1883 2083 3460 2161">
     <span class='ocr_line' id='line_1_65' title="bbox 1883 2083 3460 2161; baseline -0.004 -15"><span class='ocrx_word' id='word_1_481' title='bbox 1883 2090 2113 2161; x_wconf 86' lang='lat' dir='ltr'><strong>protecti</strong></span> <span class='ocrx_word' id='word_1_482' title='bbox 2164 2102 2377 2144; x_wconf 87' lang='lat' dir='ltr'><strong>sumus.</strong></span> <span class='ocrx_word' id='word_1_483' title='bbox 2412 2085 2622 2141; x_wconf 86' lang='lat' dir='ltr'><strong>Idcirco</strong></span> <span class='ocrx_word' id='word_1_484' title='bbox 2662 2086 2778 2139; x_wconf 56' lang='lat' dir='ltr'><strong>hinc</strong></span> <span class='ocrx_word' id='word_1_485' title='bbox 2820 2085 2953 2139; x_wconf 86' lang='lat' dir='ltr'><strong>dicit</strong></span> <span class='ocrx_word' id='word_1_486' title='bbox 2984 2084 3292 2141; x_wconf 90' lang='lat' dir='ltr'><strong>Dominus:</strong></span> <span class='ocrx_word' id='word_1_487' title='bbox 3322 2083 3460 2139; x_wconf 87' lang='lat' dir='ltr'><strong>Ecce</strong></span> 
     </span>
    </p>
   </div>
   <div class='ocr_carea' id='block_1_66' title="bbox 1882 2176 3457 2249">
    <p class='ocr_par' dir='ltr' id='par_1_66' title="bbox 1882 2176 3457 2249">
     <span class='ocr_line' id='line_1_66' title="bbox 1882 2176 3457 2249; baseline -0.004 -13"><span class='ocrx_word' id='word_1_488' title='bbox 1882 2197 1982 2249; x_wconf 83' lang='lat' dir='ltr'><strong>ego</strong></span> <span class='ocrx_word' id='word_1_489' title='bbox 2016 2180 2227 2234; x_wconf 85' lang='lat' dir='ltr'><strong>mittam</strong></span> <span class='ocrx_word' id='word_1_490' title='bbox 2267 2179 2321 2233; x_wconf 89' lang='lat' dir='ltr'><strong>in</strong></span> <span class='ocrx_word' id='word_1_491' title='bbox 2349 2177 2718 2233; x_wconf 75' lang='lat' dir='ltr'><strong>fundamentis</strong></span> <span class='ocrx_word' id='word_1_492' title='bbox 2751 2177 2883 2232; x_wconf 87' lang='lat' dir='ltr'><strong>Sion</strong></span> <span class='ocrx_word' id='word_1_493' title='bbox 2933 2176 3170 2248; x_wconf 87' lang='lat' dir='ltr'><strong>lapidem</strong></span> <span class='ocrx_word' id='word_1_494' title='bbox 3200 2178 3457 2242; x_wconf 80' lang='lat' dir='ltr'><strong>electum,</strong></span> 
     </span>
    </p>
   </div>
   <div class='ocr_carea' id='block_1_67' title="bbox 1884 2268 3460 2344">
    <p class='ocr_par' dir='ltr' id='par_1_67' title="bbox 1884 2268 3460 2344">
     <span class='ocr_line' id='line_1_67' title="bbox 1884 2268 3460 2344; baseline -0.004 -16"><span class='ocrx_word' id='word_1_495' title='bbox 1884 2274 2220 2344; x_wconf 81' lang='lat' dir='ltr'><strong>angularem,</strong></span> <span class='ocrx_word' id='word_1_496' title='bbox 2264 2273 2585 2342; x_wconf 59' lang='lat' dir='ltr'><strong>pretiosum,</strong></span> <span class='ocrx_word' id='word_1_497' title='bbox 2642 2270 2958 2341; x_wconf 84' lang='lat' dir='ltr'><strong>probatum,</strong></span> <span class='ocrx_word' id='word_1_498' title='bbox 3011 2268 3065 2322; x_wconf 91' lang='lat' dir='ltr'><strong>in</strong></span> <span class='ocrx_word' id='word_1_499' title='bbox 3108 2268 3460 2324; x_wconf 79' lang='lat' dir='ltr'><strong>fundamento</strong></span> 
     </span>
    </p>
   </div>
   <div class='ocr_carea' id='block_1_68' title="bbox 1886 2362 3455 2436">
    <p class='ocr_par' dir='ltr' id='par_1_68' title="bbox 1886 2362 3455 2436">
     <span class='ocr_line' id='line_1_68' title="bbox 1886 2362 3455 2436; baseline -0.003 -15"><span class='ocrx_word' id='word_1_500' title='bbox 1886 2365 2192 2430; x_wconf 78' lang='lat' dir='ltr'><strong>fundatum,</strong></span> <span class='ocrx_word' id='word_1_501' title='bbox 2225 2375 2278 2421; x_wconf 91' lang='lat' dir='ltr'><strong>et</strong></span> <span class='ocrx_word' id='word_1_502' title='bbox 2314 2364 2419 2436; x_wconf 40' lang='lat' dir='ltr'><strong>qui.</strong></span> <span class='ocrx_word' id='word_1_503' title='bbox 2441 2364 2616 2418; x_wconf 88' lang='lat' dir='ltr'><strong>credit</strong></span> <span class='ocrx_word' id='word_1_504' title='bbox 2655 2365 2708 2417; x_wconf 89' lang='lat' dir='ltr'><strong>in</strong></span> <span class='ocrx_word' id='word_1_505' title='bbox 2756 2379 2879 2417; x_wconf 87' lang='lat' dir='ltr'><strong>eum</strong></span> <span class='ocrx_word' id='word_1_506' title='bbox 2926 2376 3036 2416; x_wconf 87' lang='lat' dir='ltr'><strong>non</strong></span> <span class='ocrx_word' id='word_1_507' title='bbox 3068 2362 3455 2416; x_wconf 73' lang='lat' dir='ltr'><strong>confundetur.</strong></span> 
     </span>
    </p>
   </div>
   <div class='ocr_carea' id='block_1_69' title="bbox 1883 2454 3457 2531">
    <p class='ocr_par' dir='ltr' id='par_1_69' title="bbox 1883 2454 3457 2531">
     <span class='ocr_line' id='line_1_69' title="bbox 1883 2454 3457 2531; baseline -0.004 -18"><span class='ocrx_word' id='word_1_508' title='bbox 1883 2459 1950 2513; x_wconf 80' lang='lat' dir='ltr'><strong>Et</strong></span> <span class='ocrx_word' id='word_1_509' title='bbox 2002 2475 2200 2531; x_wconf 86' lang='lat' dir='ltr'><strong>ponam</strong></span> <span class='ocrx_word' id='word_1_510' title='bbox 2247 2459 2300 2513; x_wconf 90' lang='lat' dir='ltr'><strong>in</strong></span> <span class='ocrx_word' id='word_1_511' title='bbox 2345 2457 2585 2528; x_wconf 89' lang='lat' dir='ltr'><strong>pondere</strong></span> <span class='ocrx_word' id='word_1_512' title='bbox 2631 2455 2934 2525; x_wconf 82' lang='lat' dir='ltr'><strong>judicium,</strong></span> <span class='ocrx_word' id='word_1_513' title='bbox 2991 2461 3048 2508; x_wconf 87' lang='lat' dir='ltr'><strong>et</strong></span> <span class='ocrx_word' id='word_1_514' title='bbox 3083 2454 3353 2523; x_wconf 83' lang='lat' dir='ltr'><strong>justitiam</strong></span> <span class='ocrx_word' id='word_1_515' title='bbox 3402 2454 3457 2508; x_wconf 89' lang='lat' dir='ltr'><strong>in</strong></span> 
     </span>
    </p>
   </div>
   <div class='ocr_carea' id='block_1_70' title="bbox 1884 2545 3460 2617">
    <p class='ocr_par' dir='ltr' id='par_1_70' title="bbox 1884 2545 3460 2617">
     <span class='ocr_line' id='line_1_70' title="bbox 1884 2545 3460 2617; baseline -0.006 -10"><span class='ocrx_word' id='word_1_516' title='bbox 1884 2569 2142 2609; x_wconf 84' lang='lat' dir='ltr'><strong>mensura</strong></span> <span class='ocrx_word' id='word_1_517' title='bbox 2167 2552 2213 2606; x_wconf 82' lang='grc'><strong><em>⁵.</em></strong></span> <span class='ocrx_word' id='word_1_518' title='bbox 2245 2571 2264 2603; x_wconf 78' lang='grc' dir='ltr'><strong>ι</strong></span> <span class='ocrx_word' id='word_1_519' title='bbox 2304 2548 2588 2617; x_wconf 85' lang='lat' dir='ltr'><strong>Quomodo</strong></span> <span class='ocrx_word' id='word_1_520' title='bbox 2631 2548 2778 2603; x_wconf 90' lang='lat' dir='ltr'><strong>enim</strong></span> <span class='ocrx_word' id='word_1_521' title='bbox 2813 2563 2922 2602; x_wconf 92' lang='lat' dir='ltr'><strong>non</strong></span> <span class='ocrx_word' id='word_1_522' title='bbox 2963 2561 3091 2602; x_wconf 76' lang='lat' dir='ltr'><strong>vere</strong></span> <span class='ocrx_word' id='word_1_523' title='bbox 3128 2545 3357 2616; x_wconf 89' lang='lat' dir='ltr'><strong>puerilis</strong></span> <span class='ocrx_word' id='word_1_524' title='bbox 3403 2553 3460 2600; x_wconf 91' lang='lat' dir='ltr'><strong>et</strong></span> 
     </span>
    </p>
   </div>
   <div class='ocr_carea' id='block_1_71' title="bbox 1881 2636 3460 2709">
    <p class='ocr_par' dir='ltr' id='par_1_71' title="bbox 1881 2636 3460 2709">
     <span class='ocr_line' id='line_1_71' title="bbox 1881 2636 3460 2709; baseline -0.006 -8"><span class='ocrx_word' id='word_1_525' title='bbox 1881 2647 2106 2702; x_wconf 87' lang='lat' dir='ltr'><strong>omnino</strong></span> <span class='ocrx_word' id='word_1_526' title='bbox 2134 2644 2469 2700; x_wconf 87' lang='lat' dir='ltr'><strong>deridendus</strong></span> <span class='ocrx_word' id='word_1_527' title='bbox 2512 2642 2730 2695; x_wconf 88' lang='lat' dir='ltr'><strong>illorum</strong></span> <span class='ocrx_word' id='word_1_528' title='bbox 2756 2639 3062 2709; x_wconf 55' lang='lat' dir='ltr'><strong>errem-qui</strong></span> <span class='ocrx_word' id='word_1_529' title='bbox 3097 2636 3460 2708; x_wconf 85' lang='lat' dir='ltr'><strong>corporaliter</strong></span> 
     </span>
    </p>
   </div>
   <div class='ocr_carea' id='block_1_72' title="bbox 1882 2730 3463 2810">
    <p class='ocr_par' dir='ltr' id='par_1_72' title="bbox 1882 2730 3463 2810">
     <span class='ocr_line' id='line_1_72' title="bbox 1882 2730 3463 2810; baseline -0.009 -12"><span class='ocrx_word' id='word_1_530' title='bbox 1882 2741 2197 2798; x_wconf 81' lang='lat' dir='ltr'><strong>existimant</strong></span> <span class='ocrx_word' id='word_1_531' title='bbox 2227 2739 2457 2810; x_wconf 84' lang='lat' dir='ltr'><strong>lapidem</strong></span> <span class='ocrx_word' id='word_1_532' title='bbox 2482 2736 2773 2806; x_wconf 86' lang='lat' dir='ltr'><strong>quemdam</strong></span> <span class='ocrx_word' id='word_1_533' title='bbox 2819 2749 2849 2788; x_wconf 93' lang='lat' dir='ltr'><strong>e</strong></span> <span class='ocrx_word' id='word_1_534' title='bbox 2893 2732 3151 2803; x_wconf 88' lang='lat' dir='ltr'><strong>pretiosis</strong></span> <span class='ocrx_word' id='word_1_535' title='bbox 3184 2730 3463 2800; x_wconf 89' lang='lat' dir='ltr'><strong>probatis-</strong></span> 
     </span>
    </p>
   </div>
   <div class='ocr_carea' id='block_1_73' title="bbox 1881 2822 3460 2903">
    <p class='ocr_par' dir='ltr' id='par_1_73' title="bbox 1881 2822 3460 2903">
     <span class='ocr_line' id='line_1_73' title="bbox 1881 2822 3460 2903; baseline -0.009 -13"><span class='ocrx_word' id='word_1_536' title='bbox 1881 2849 1990 2903; x_wconf 89' lang='lat' dir='ltr'><strong>que</strong></span> <span class='ocrx_word' id='word_1_537' title='bbox 2021 2834 2075 2887; x_wconf 92' lang='lat' dir='ltr'><strong>in</strong></span> <span class='ocrx_word' id='word_1_538' title='bbox 2102 2831 2475 2886; x_wconf 74' lang='lat' dir='ltr'><strong>fundamentis</strong></span> <span class='ocrx_word' id='word_1_539' title='bbox 2492 2826 2797 2898; x_wconf 80' lang='lat' dir='ltr'><strong>corporalis</strong></span> <span class='ocrx_word' id='word_1_540' title='bbox 2830 2823 2961 2880; x_wconf 90' lang='lat' dir='ltr'><strong>Sion</strong></span> <span class='ocrx_word' id='word_1_541' title='bbox 2988 2822 3315 2878; x_wconf 88' lang='lat' dir='ltr'><strong>mittendum</strong></span> <span class='ocrx_word' id='word_1_542' title='bbox 3337 2837 3460 2878; x_wconf 85' lang='lat' dir='ltr'><strong>esse</strong></span> 
     </span>
    </p>
   </div>
   <div class='ocr_carea' id='block_1_74' title="bbox 1882 2913 3458 2994">
    <p class='ocr_par' dir='ltr' id='par_1_74' title="bbox 1882 2913 3458 2994">
     <span class='ocr_line' id='line_1_74' title="bbox 1882 2913 3458 2994; baseline -0.005 -17"><span class='ocrx_word' id='word_1_543' title='bbox 1882 2925 1950 2979; x_wconf 90' lang='lat' dir='ltr'><strong>ab</strong></span> <span class='ocrx_word' id='word_1_544' title='bbox 1972 2924 2091 2994; x_wconf 89' lang='lat' dir='ltr'><strong>ipso</strong></span> <span class='ocrx_word' id='word_1_545' title='bbox 2123 2923 2374 2985; x_wconf 87' lang='lat' dir='ltr'><strong>Domino,</strong></span> <span class='ocrx_word' id='word_1_546' title='bbox 2401 2937 2605 2990; x_wconf 85' lang='lat' dir='ltr'><strong>eosque</strong></span> <span class='ocrx_word' id='word_1_547' title='bbox 2635 2921 2725 2989; x_wconf 89' lang='lat' dir='ltr'><strong>qui</strong></span> <span class='ocrx_word' id='word_1_548' title='bbox 2756 2920 2810 2973; x_wconf 92' lang='lat' dir='ltr'><strong>in</strong></span> <span class='ocrx_word' id='word_1_549' title='bbox 2840 2913 2999 2972; x_wconf 70' lang='lat' dir='ltr'><strong>bunc&#39;</strong></span> <span class='ocrx_word' id='word_1_550' title='bbox 3014 2915 3248 2987; x_wconf 85' lang='lat' dir='ltr'><strong>lapidem</strong></span> <span class='ocrx_word' id='word_1_551' title='bbox 3277 2915 3458 2970; x_wconf 82' lang='lat' dir='ltr'><strong>credi-</strong></span> 
     </span>
    </p>
   </div>
   <div class='ocr_carea' id='block_1_75' title="bbox 1881 3007 3457 3079">
    <p class='ocr_par' dir='ltr' id='par_1_75' title="bbox 1881 3007 3457 3079">
     <span class='ocr_line' id='line_1_75' title="bbox 1881 3007 3457 3079; baseline -0.006 -11"><span class='ocrx_word' id='word_1_552' title='bbox 1881 3014 2061 3069; x_wconf 86' lang='lat' dir='ltr'><strong>derint</strong></span> <span class='ocrx_word' id='word_1_553' title='bbox 2105 3030 2217 3069; x_wconf 88' lang='lat' dir='ltr'><strong>non</strong></span> <span class='ocrx_word' id='word_1_554' title='bbox 2262 3029 2385 3070; x_wconf 89' lang='lat' dir='ltr'><strong>esse</strong></span> <span class='ocrx_word' id='word_1_555' title='bbox 2412 3012 2851 3073; x_wconf 84' lang='lat' dir='ltr'><strong>confundendos,</strong></span> <span class='ocrx_word' id='word_1_556' title='bbox 2876 3010 3032 3079; x_wconf 73' lang='lat' dir='ltr'><strong>juxta</strong></span> <span class='ocrx_word' id='word_1_557' title='bbox 3064 3008 3406 3079; x_wconf 87' lang='lat' dir='ltr'><strong>prophetiam</strong></span> <span class='ocrx_word' id='word_1_558' title='bbox 3432 3007 3457 3059; x_wconf 66' lang='grc' dir='ltr'><em>ἲ</em></span> 
     </span>
    </p>
   </div>
   <div class='ocr_carea' id='block_1_76' title="bbox 1885 3101 3459 3177">
    <p class='ocr_par' dir='ltr' id='par_1_76' title="bbox 1885 3101 3459 3177">
     <span class='ocr_line' id='line_1_76' title="bbox 1885 3101 3459 3177; baseline -0.005 -17"><span class='ocrx_word' id='word_1_559' title='bbox 1885 3105 2093 3162; x_wconf 87' lang='lat' dir='ltr'><strong>Stultas</strong></span> <span class='ocrx_word' id='word_1_560' title='bbox 2143 3106 2309 3177; x_wconf 78' lang='lat' dir='ltr'><strong>igitur</strong></span> <span class='ocrx_word' id='word_1_561' title='bbox 2355 3112 2410 3160; x_wconf 86' lang='lat' dir='ltr'><strong>et</strong></span> <span class='ocrx_word' id='word_1_562' title='bbox 2457 3102 2717 3159; x_wconf 82' lang='lat' dir='ltr'><strong>Judaicas</strong></span> <span class='ocrx_word' id='word_1_563' title='bbox 2763 3101 3262 3171; x_wconf 88' lang='lat' dir='ltr'><strong>interpretationes,</strong></span> <span class='ocrx_word' id='word_1_564' title='bbox 3319 3114 3459 3170; x_wconf 85' lang='lat' dir='ltr'><strong>quas</strong></span> 
     </span>
    </p>
   </div>
   <div class='ocr_carea' id='block_1_77' title="bbox 1881 3190 3434 3268">
    <p class='ocr_par' dir='ltr' id='par_1_77' title="bbox 1881 3190 3434 3268">
     <span class='ocr_line' id='line_1_77' title="bbox 1881 3190 3434 3268; baseline -0.007 -13"><span class='ocrx_word' id='word_1_565' title='bbox 1881 3201 2054 3255; x_wconf 78' lang='lat' dir='ltr'><strong>aniles</strong></span> <span class='ocrx_word' id='word_1_566' title='bbox 2103 3199 2316 3268; x_wconf 70' lang='lat' dir='ltr'><strong>fabulas</strong></span> <span class='ocrx_word' id='word_1_567' title='bbox 2367 3199 2666 3268; x_wconf 87' lang='lat' dir='ltr'><strong>Apostolus</strong></span> <span class='ocrx_word' id='word_1_568' title='bbox 2728 3195 2925 3251; x_wconf 70' lang='lat' dir='ltr'><strong>vocat“</strong></span> <span class='ocrx_word' id='word_1_569' title='bbox 2982 3192 3330 3264; x_wconf 83' lang='lat' dir='ltr'><strong>abjicientes,</strong></span> <span class='ocrx_word' id='word_1_570' title='bbox 3378 3190 3434 3245; x_wconf 86' lang='lat' dir='ltr'><strong>di</strong></span> 
     </span>
    </p>
   </div>
   <div class='ocr_carea' id='block_1_78' title="bbox 1880 3283 3460 3363">
    <p class='ocr_par' dir='ltr' id='par_1_78' title="bbox 1880 3283 3460 3363">
     <span class='ocr_line' id='line_1_78' title="bbox 1880 3283 3460 3363; baseline -0.008 -16"><span class='ocrx_word' id='word_1_571' title='bbox 1880 3307 1986 3363; x_wconf 83' lang='lat' dir='ltr'><strong>gna</strong></span> <span class='ocrx_word' id='word_1_572' title='bbox 2039 3291 2150 3347; x_wconf 90' lang='lat' dir='ltr'><strong>Deo</strong></span> <span class='ocrx_word' id='word_1_573' title='bbox 2195 3291 2514 3359; x_wconf 86' lang='lat' dir='ltr'><strong>acceptione</strong></span> <span class='ocrx_word' id='word_1_574' title='bbox 2576 3287 2845 3343; x_wconf 83' lang='lat' dir='ltr'><strong>divinitus</strong></span> <span class='ocrx_word' id='word_1_575' title='bbox 2908 3287 3030 3355; x_wconf 89' lang='lat' dir='ltr'><strong>insp</strong></span> <span class='ocrx_word' id='word_1_576' title='bbox 3055 3295 3200 3340; x_wconf 86' lang='lat' dir='ltr'><strong>ratas</strong></span> <span class='ocrx_word' id='word_1_577' title='bbox 3257 3283 3460 3338; x_wconf 66' lang='lat' dir='ltr'><strong>intelli-</strong></span> 
     </span>
    </p>
   </div>
   <div class='ocr_carea' id='block_1_79' title="bbox 1878 3375 3455 3454">
    <p class='ocr_par' dir='ltr' id='par_1_79' title="bbox 1878 3375 3455 3454">
     <span class='ocr_line' id='line_1_79' title="bbox 1878 3375 3455 3454; baseline -0.006 -16"><span class='ocrx_word' id='word_1_578' title='bbox 1878 3399 2073 3454; x_wconf 77' lang='lat' dir='ltr'><strong>gamus</strong></span> <span class='ocrx_word' id='word_1_579' title='bbox 2099 3381 2435 3453; x_wconf 82' lang='lat' dir='ltr'><strong>prophetias.</strong></span> <span class='ocrx_word' id='word_1_580' title='bbox 2467 3380 2607 3433; x_wconf 86' lang='lat' dir='ltr'><strong>Dicit</strong></span> <span class='ocrx_word' id='word_1_581' title='bbox 2641 3379 2807 3449; x_wconf 76' lang='lat' dir='ltr'><strong>igitur</strong></span> <span class='ocrx_word' id='word_1_582' title='bbox 2833 3397 2847 3432; x_wconf 90' lang='lat'><strong>:</strong></span> <span class='ocrx_word' id='word_1_583' title='bbox 2884 3396 2904 3427; x_wconf 75' lang='grc' dir='ltr'><strong>ι</strong></span> <span class='ocrx_word' id='word_1_584' title='bbox 2936 3376 3077 3432; x_wconf 80' lang='lat' dir='ltr'><strong>Ecce</strong></span> <span class='ocrx_word' id='word_1_585' title='bbox 3107 3390 3208 3445; x_wconf 80' lang='lat' dir='ltr'><strong>ego</strong></span> <span class='ocrx_word' id='word_1_586' title='bbox 3241 3375 3455 3429; x_wconf 86' lang='lat' dir='ltr'><strong>mittam</strong></span> 
     </span>
    </p>
   </div>
   <div class='ocr_carea' id='block_1_80' title="bbox 1880 3468 3428 3541">
    <p class='ocr_par' dir='ltr' id='par_1_80' title="bbox 1880 3468 3428 3541">
     <span class='ocr_line' id='line_1_80' title="bbox 1880 3468 3428 3541; baseline -0.008 -10"><span class='ocrx_word' id='word_1_587' title='bbox 1880 3477 1935 3531; x_wconf 89' lang='lat' dir='ltr'><strong>in</strong></span> <span class='ocrx_word' id='word_1_588' title='bbox 1966 3473 2336 3530; x_wconf 79' lang='lat' dir='ltr'><strong>fundamentis</strong></span> <span class='ocrx_word' id='word_1_589' title='bbox 2361 3471 2493 3526; x_wconf 88' lang='lat' dir='ltr'><strong>Sion</strong></span> <span class='ocrx_word' id='word_1_590' title='bbox 2524 3471 2782 3541; x_wconf 86' lang='lat' dir='ltr'><strong>lapidem.</strong></span> <span class='ocrx_word' id='word_1_591' title='bbox 2818 3489 2836 3520; x_wconf 77' lang='grc' dir='ltr'><strong>ι</strong></span> <span class='ocrx_word' id='word_1_592' title='bbox 2867 3468 2980 3523; x_wconf 87' lang='lat' dir='ltr'><strong>Cur</strong></span> <span class='ocrx_word' id='word_1_593' title='bbox 3005 3468 3163 3529; x_wconf 90' lang='lat' dir='ltr'><strong>illud,</strong></span> <span class='ocrx_word' id='word_1_594' title='bbox 3190 3468 3296 3520; x_wconf 92' lang='lat' dir='ltr'><strong>nisi</strong></span> <span class='ocrx_word' id='word_1_595' title='bbox 3317 3481 3428 3536; x_wconf 88' lang='lat' dir='ltr'><strong>quo</strong></span> 
     </span>
    </p>
   </div>
   <div class='ocr_carea' id='block_1_81' title="bbox 1878 3558 3459 3635">
    <p class='ocr_par' dir='ltr' id='par_1_81' title="bbox 1878 3558 3459 3635">
     <span class='ocr_line' id='line_1_81' title="bbox 1878 3558 3459 3635; baseline -0.004 -15"><span class='ocrx_word' id='word_1_596' title='bbox 1878 3567 2024 3621; x_wconf 88' lang='lat' dir='ltr'><strong>niam</strong></span> <span class='ocrx_word' id='word_1_597' title='bbox 2073 3563 2276 3635; x_wconf 89' lang='lat' dir='ltr'><strong>prioris</strong></span> <span class='ocrx_word' id='word_1_598' title='bbox 2322 3562 2506 3634; x_wconf 89' lang='lat' dir='ltr'><strong>populi</strong></span> <span class='ocrx_word' id='word_1_599' title='bbox 2551 3562 2827 3633; x_wconf 88' lang='lat' dir='ltr'><strong>principes</strong></span> <span class='ocrx_word' id='word_1_600' title='bbox 2873 3575 2998 3614; x_wconf 82' lang='lat' dir='ltr'><strong>cum</strong></span> <span class='ocrx_word' id='word_1_601' title='bbox 3053 3566 3228 3614; x_wconf 90' lang='lat' dir='ltr'><strong>morte</strong></span> <span class='ocrx_word' id='word_1_602' title='bbox 3276 3558 3459 3613; x_wconf 76' lang='lat' dir='ltr'><strong>fmdus</strong></span> 
     </span>
    </p>
   </div>
   <div class='ocr_carea' id='block_1_82' title="bbox 1880 3650 3455 3728">
    <p class='ocr_par' dir='ltr' id='par_1_82' title="bbox 1880 3650 3455 3728">
     <span class='ocr_line' id='line_1_82' title="bbox 1880 3650 3455 3728; baseline -0.006 -16"><span class='ocrx_word' id='word_1_603' title='bbox 1880 3664 2310 3728; x_wconf 80' lang='lat' dir='ltr'><strong>percusserunt,</strong></span> <span class='ocrx_word' id='word_1_604' title='bbox 2378 3656 2463 3710; x_wconf 85' lang='lat' dir='ltr'><strong>vel</strong></span> <span class='ocrx_word' id='word_1_605' title='bbox 2510 3654 2770 3725; x_wconf 86' lang='lat' dir='ltr'><strong>quoniam</strong></span> <span class='ocrx_word' id='word_1_606' title='bbox 2829 3653 3023 3707; x_wconf 84' lang='lat' dir='ltr'><strong>relicto</strong></span> <span class='ocrx_word' id='word_1_607' title='bbox 3067 3650 3163 3707; x_wconf 89' lang='lat' dir='ltr'><strong>Dei</strong></span> <span class='ocrx_word' id='word_1_608' title='bbox 3210 3650 3455 3715; x_wconf 71' lang='lat' dir='ltr'><strong>ﬁndere,</strong></span> 
     </span>
    </p>
   </div>
   <div class='ocr_carea' id='block_1_83' title="bbox 1879 3743 3459 3819">
    <p class='ocr_par' dir='ltr' id='par_1_83' title="bbox 1879 3743 3459 3819">
     <span class='ocr_line' id='line_1_83' title="bbox 1879 3743 3459 3819; baseline -0.005 -14"><span class='ocrx_word' id='word_1_609' title='bbox 1879 3756 2071 3805; x_wconf 90' lang='lat' dir='ltr'><strong>contra</strong></span> <span class='ocrx_word' id='word_1_610' title='bbox 2104 3759 2322 3819; x_wconf 87' lang='lat' dir='ltr'><strong>pactum</strong></span> <span class='ocrx_word' id='word_1_611' title='bbox 2358 3763 2487 3803; x_wconf 88' lang='lat' dir='ltr'><strong>cum</strong></span> <span class='ocrx_word' id='word_1_612' title='bbox 2520 3747 2736 3802; x_wconf 82' lang='lat' dir='ltr'><strong>inferno</strong></span> <span class='ocrx_word' id='word_1_613' title='bbox 2769 3744 3037 3811; x_wconf 81' lang='lat' dir='ltr'><strong>fecerunt,</strong></span> <span class='ocrx_word' id='word_1_614' title='bbox 3074 3743 3459 3799; x_wconf 78' lang='lat' dir='ltr'><strong>existimantes</strong></span> 
     </span>
    </p>
   </div>
   <div class='ocr_carea' id='block_1_84' title="bbox 1879 3834 3455 3914">
    <p class='ocr_par' dir='ltr' id='par_1_84' title="bbox 1879 3834 3455 3914">
     <span class='ocr_line' id='line_1_84' title="bbox 1879 3834 3455 3914; baseline -0.007 -18"><span class='ocrx_word' id='word_1_615' title='bbox 1879 3850 2101 3914; x_wconf 88' lang='lat' dir='ltr'><strong>prepter</strong></span> <span class='ocrx_word' id='word_1_616' title='bbox 2123 3840 2259 3897; x_wconf 78' lang='lat' dir='ltr'><strong>illud</strong></span> <span class='ocrx_word' id='word_1_617' title='bbox 2287 3856 2348 3897; x_wconf 83' lang='lat' dir='ltr'><strong>se</strong></span> <span class='ocrx_word' id='word_1_618' title='bbox 2370 3840 2506 3895; x_wconf 87' lang='lat' dir='ltr'><strong>nihil</strong></span> <span class='ocrx_word' id='word_1_619' title='bbox 2532 3838 2660 3894; x_wconf 90' lang='lat' dir='ltr'><strong>mali</strong></span> <span class='ocrx_word' id='word_1_620' title='bbox 2692 3853 2816 3894; x_wconf 85' lang='lat' dir='ltr'><strong>esse</strong></span> <span class='ocrx_word' id='word_1_621' title='bbox 2841 3850 3137 3907; x_wconf 68' lang='lat' dir='ltr'><strong>passurae;</strong></span> <span class='ocrx_word' id='word_1_622' title='bbox 3169 3834 3263 3892; x_wconf 90' lang='lat' dir='ltr'><strong>sed</strong></span> <span class='ocrx_word' id='word_1_623' title='bbox 3290 3834 3455 3888; x_wconf 81' lang='lat' dir='ltr'><strong>ctiam</strong></span> 
     </span>
    </p>
   </div>
   <div class='ocr_carea' id='block_1_85' title="bbox 1878 3933 3458 4006">
    <p class='ocr_par' dir='ltr' id='par_1_85' title="bbox 1878 3933 3458 4006">
     <span class='ocr_line' id='line_1_85' title="bbox 1878 3933 3458 4006; baseline -0.007 -16"><span class='ocrx_word' id='word_1_624' title='bbox 1878 3935 2138 4006; x_wconf 80' lang='lat' dir='ltr'><strong>quoniam</strong></span> <span class='ocrx_word' id='word_1_625' title='bbox 2179 3934 2235 3988; x_wconf 93' lang='lat' dir='ltr'><strong>in</strong></span> <span class='ocrx_word' id='word_1_626' title='bbox 2285 3933 2572 3988; x_wconf 90' lang='lat' dir='ltr'><strong>mendacio</strong></span> <span class='ocrx_word' id='word_1_627' title='bbox 2629 3947 2781 4002; x_wconf 88' lang='lat' dir='ltr'><strong>spem</strong></span> <span class='ocrx_word' id='word_1_628' title='bbox 2829 3936 3134 4000; x_wconf 76' lang='lat' dir='ltr'><strong>posuerunt</strong></span> <span class='ocrx_word' id='word_1_629' title='bbox 3179 3942 3358 3989; x_wconf 83' lang='lat' dir='ltr'><strong>suam,</strong></span> <span class='ocrx_word' id='word_1_630' title='bbox 3402 3935 3458 3980; x_wconf 88' lang='lat' dir='ltr'><strong>et</strong></span> 
     </span>
    </p>
   </div>
   <div class='ocr_carea' id='block_1_86' title="bbox 1880 4018 3459 4097">
    <p class='ocr_par' dir='ltr' id='par_1_86' title="bbox 1880 4018 3459 4097">
     <span class='ocr_line' id='line_1_86' title="bbox 1880 4018 3459 4097; baseline -0.003 -16"><span class='ocrx_word' id='word_1_631' title='bbox 1880 4026 2168 4083; x_wconf 79' lang='lat' dir='ltr'><strong>mendacio</strong></span> <span class='ocrx_word' id='word_1_632' title='bbox 2196 4041 2257 4083; x_wconf 87' lang='lat' dir='ltr'><strong>se</strong></span> <span class='ocrx_word' id='word_1_633' title='bbox 2282 4032 2558 4097; x_wconf 86' lang='lat' dir='ltr'><strong>protectos</strong></span> <span class='ocrx_word' id='word_1_634' title='bbox 2580 4024 2953 4079; x_wconf 84' lang='lat' dir='ltr'><strong>crediderunt.</strong></span> <span class='ocrx_word' id='word_1_635' title='bbox 2979 4021 3323 4092; x_wconf 80' lang='lat' dir='ltr'><strong>Quapropter</strong></span> <span class='ocrx_word' id='word_1_636' title='bbox 3346 4018 3459 4077; x_wconf 78' lang='lat' dir='ltr'><strong>illis</strong></span> 
     </span>
    </p>
   </div>
   <div class='ocr_carea' id='block_1_87' title="bbox 1883 4111 3462 4189">
    <p class='ocr_par' dir='ltr' id='par_1_87' title="bbox 1883 4111 3462 4189">
     <span class='ocr_line' id='line_1_87' title="bbox 1883 4111 3462 4189; baseline -0.003 -18"><span class='ocrx_word' id='word_1_637' title='bbox 1883 4132 1913 4171; x_wconf 84' lang='lat' dir='ltr'><strong>a</strong></span> <span class='ocrx_word' id='word_1_638' title='bbox 1937 4134 2034 4189; x_wconf 89' lang='lat' dir='ltr'><strong>spe</strong></span> <span class='ocrx_word' id='word_1_639' title='bbox 2063 4117 2319 4174; x_wconf 21' lang='lat' dir='ltr'><strong>in‘Deum</strong></span> <span class='ocrx_word' id='word_1_640' title='bbox 2351 4116 2622 4187; x_wconf 75' lang='lat' dir='ltr'><strong>disjectis,</strong></span> <span class='ocrx_word' id='word_1_641' title='bbox 2652 4115 2957 4186; x_wconf 84' lang='lat' dir='ltr'><strong>pretiosum</strong></span> <span class='ocrx_word' id='word_1_642' title='bbox 2985 4114 3220 4185; x_wconf 88' lang='lat' dir='ltr'><strong>lapidem</strong></span> <span class='ocrx_word' id='word_1_643' title='bbox 3238 4111 3462 4167; x_wconf 81' lang='lat' dir='ltr'><strong>creden-</strong></span> 
     </span>
    </p>
   </div>
   <div class='ocr_carea' id='block_1_88' title="bbox 1881 4206 3451 4279">
    <p class='ocr_par' dir='ltr' id='par_1_88' title="bbox 1881 4206 3451 4279">
     <span class='ocr_line' id='line_1_88' title="bbox 1881 4206 3451 4279; baseline -0.004 -15"><span class='ocrx_word' id='word_1_644' title='bbox 1881 4209 2026 4264; x_wconf 82' lang='lat' dir='ltr'><strong>tibus</strong></span> <span class='ocrx_word' id='word_1_645' title='bbox 2058 4208 2272 4264; x_wconf 90' lang='lat' dir='ltr'><strong>mittere</strong></span> <span class='ocrx_word' id='word_1_646' title='bbox 2301 4209 2611 4279; x_wconf 83' lang='lat' dir='ltr'><strong>pollicetur.</strong></span> <span class='ocrx_word' id='word_1_647' title='bbox 2648 4208 2730 4262; x_wconf 82' lang='lat' dir='ltr'><strong>Ad</strong></span> <span class='ocrx_word' id='word_1_648' title='bbox 2771 4208 2906 4263; x_wconf 87' lang='lat' dir='ltr'><strong>istos</strong></span> <span class='ocrx_word' id='word_1_649' title='bbox 2951 4214 3133 4262; x_wconf 90' lang='lat' dir='ltr'><strong>autem</strong></span> <span class='ocrx_word' id='word_1_650' title='bbox 3163 4206 3408 4261; x_wconf 75' lang='lat' dir='ltr'><strong>dicentes</strong></span> <span class='ocrx_word' id='word_1_651' title='bbox 3436 4220 3451 4256; x_wconf 88' lang='lat'><strong>:</strong></span> 
     </span>
    </p>
   </div>
   <div class='ocr_carea' id='block_1_89' title="bbox 1885 4295 3460 4363">
    <p class='ocr_par' dir='ltr' id='par_1_89' title="bbox 1885 4295 3460 4363">
     <span class='ocr_line' id='line_1_89' title="bbox 1885 4295 3460 4363; baseline -0.003 -13"><span class='ocrx_word' id='word_1_652' title='bbox 1885 4316 1907 4350; x_wconf 71' lang='grc' dir='ltr'><strong>ι</strong></span> <span class='ocrx_word' id='word_1_653' title='bbox 1934 4297 2318 4355; x_wconf 86' lang='lat' dir='ltr'><strong>Percussimus</strong></span> <span class='ocrx_word' id='word_1_654' title='bbox 2358 4298 2537 4354; x_wconf 72' lang='lat' dir='ltr'><strong>fmdus</strong></span> <span class='ocrx_word' id='word_1_655' title='bbox 2566 4314 2690 4353; x_wconf 86' lang='lat' dir='ltr'><strong>eum</strong></span> <span class='ocrx_word' id='word_1_656' title='bbox 2726 4306 2922 4363; x_wconf 87' lang='lat' dir='ltr'><strong>morte,</strong></span> <span class='ocrx_word' id='word_1_657' title='bbox 2971 4306 3025 4351; x_wconf 91' lang='lat' dir='ltr'><strong>et</strong></span> <span class='ocrx_word' id='word_1_658' title='bbox 3064 4311 3191 4351; x_wconf 90' lang='lat' dir='ltr'><strong>cum</strong></span> <span class='ocrx_word' id='word_1_659' title='bbox 3240 4295 3460 4350; x_wconf 84' lang='lat' dir='ltr'><strong>inferno</strong></span> 
     </span>
    </p>
   </div>
   <div class='ocr_carea' id='block_1_90' title="bbox 1882 4384 3455 4460">
    <p class='ocr_par' dir='ltr' id='par_1_90' title="bbox 1882 4384 3455 4460">
     <span class='ocr_line' id='line_1_90' title="bbox 1882 4384 3455 4460; baseline -0.002 -18"><span class='ocrx_word' id='word_1_660' title='bbox 1882 4389 2111 4444; x_wconf 74' lang='lat' dir='ltr'><strong>iecimus</strong></span> <span class='ocrx_word' id='word_1_661' title='bbox 2142 4396 2398 4460; x_wconf 82' lang='lat' dir='ltr'><strong>pactum;</strong></span> <span class='ocrx_word' id='word_1_662' title='bbox 2439 4388 2708 4459; x_wconf 75' lang='lat' dir='ltr'><strong>ﬂagellum</strong></span> <span class='ocrx_word' id='word_1_663' title='bbox 2751 4387 3027 4442; x_wconf 88' lang='lat' dir='ltr'><strong>inundans</strong></span> <span class='ocrx_word' id='word_1_664' title='bbox 3062 4402 3187 4441; x_wconf 91' lang='lat' dir='ltr'><strong>cum</strong></span> <span class='ocrx_word' id='word_1_665' title='bbox 3222 4384 3455 4439; x_wconf 78' lang='lat' dir='ltr'><strong>transie-</strong></span> 
     </span>
    </p>
   </div>
   <div class='ocr_carea' id='block_1_91' title="bbox 202 4466 1777 4551">
    <p class='ocr_par' dir='ltr' id='par_1_91' title="bbox 202 4466 1771 4549">
     <span class='ocr_line' id='line_1_91' title="bbox 202 4466 1771 4549; baseline 0.006 -27"><span class='ocrx_word' id='word_1_666' title='bbox 202 4466 350 4526; x_wconf 85' lang='grc' dir='ltr'>λεται</span> <span class='ocrx_word' id='word_1_667' title='bbox 410 4475 622 4548; x_wconf 85' lang='grc' dir='ltr'>θήσειν.</span> <span class='ocrx_word' id='word_1_668' title='bbox 677 4477 822 4546; x_wconf 84' lang='grc' dir='ltr'>Πρὸς</span> <span class='ocrx_word' id='word_1_669' title='bbox 880 4476 1121 4540; x_wconf 78' lang='grc' dir='ltr'>ἐκείνους</span> <span class='ocrx_word' id='word_1_670' title='bbox 1172 4476 1229 4530; x_wconf 80' lang='grc' dir='ltr'><strong>δὲ</strong></span> <span class='ocrx_word' id='word_1_671' title='bbox 1283 4478 1410 4541; x_wconf 78' lang='grc' dir='ltr'>τοὺς</span> <span class='ocrx_word' id='word_1_672' title='bbox 1464 4479 1771 4549; x_wconf 79' lang='grc' dir='ltr'>εἰρηκότας,</span> 
     </span>
    </p>
   </div>
   <div class='ocr_carea' id='block_1_92' title="bbox 1881 4466 3457 4551">
    <p class='ocr_par' dir='ltr' id='par_1_92' title="bbox 1881 4476 3457 4551">
     <span class='ocr_line' id='line_1_92' title="bbox 1881 4476 3457 4551; baseline -0.004 -16"><span class='ocrx_word' id='word_1_673' title='bbox 1881 4482 1969 4547; x_wconf 90' lang='lat' dir='ltr'><strong>rit,</strong></span> <span class='ocrx_word' id='word_1_674' title='bbox 1999 4497 2110 4537; x_wconf 89' lang='lat' dir='ltr'><strong>non</strong></span> <span class='ocrx_word' id='word_1_675' title='bbox 2140 4482 2317 4537; x_wconf 88' lang='lat' dir='ltr'><strong>veniet</strong></span> <span class='ocrx_word' id='word_1_676' title='bbox 2361 4497 2689 4550; x_wconf 88' lang='lat' dir='ltr'><strong>supernos;</strong></span> <span class='ocrx_word' id='word_1_677' title='bbox 2736 4480 2865 4551; x_wconf 90' lang='lat' dir='ltr'><strong>quia</strong></span> <span class='ocrx_word' id='word_1_678' title='bbox 2905 4479 3189 4549; x_wconf 90' lang='lat' dir='ltr'><strong>posuimus</strong></span> <span class='ocrx_word' id='word_1_679' title='bbox 3229 4476 3457 4531; x_wconf 60' lang='lat' dir='ltr'><strong>menda-r</strong></span> 
     </span>
    </p>
   </div>
   <div class='ocr_carea' id='block_1_93' title="bbox 210 4562 1777 4640">
    <p class='ocr_par' dir='ltr' id='par_1_93' title="bbox 210 4562 1777 4640">
     <span class='ocr_line' id='line_1_93' title="bbox 210 4562 1777 4640; baseline 0.003 -22"><span class='ocrx_word' id='word_1_680' title='bbox 210 4578 229 4611; x_wconf 69' lang='grc' dir='ltr'><strong>ι</strong></span> <span class='ocrx_word' id='word_1_681' title='bbox 272 4562 638 4640; x_wconf 85' lang='grc' dir='ltr'>Ἐποιήσαμεν</span> <span class='ocrx_word' id='word_1_682' title='bbox 666 4566 929 4639; x_wconf 88' lang='grc' dir='ltr'>διαθήκην</span> <span class='ocrx_word' id='word_1_683' title='bbox 974 4568 1113 4638; x_wconf 82' lang='grc' dir='ltr'>μετὰ</span> <span class='ocrx_word' id='word_1_684' title='bbox 1141 4566 1233 4620; x_wconf 84' lang='grc' dir='ltr'><strong>τοῦ</strong></span> <span class='ocrx_word' id='word_1_685' title='bbox 1281 4568 1430 4640; x_wconf 70' lang='grc' dir='ltr'>ᾅδου,</span> <span class='ocrx_word' id='word_1_686' title='bbox 1479 4570 1571 4622; x_wconf 78' lang='grc' dir='ltr'><strong>καὶ</strong></span> <span class='ocrx_word' id='word_1_687' title='bbox 1639 4569 1777 4640; x_wconf 78' lang='grc' dir='ltr'>μετὰ</span> 
     </span>
    </p>
   </div>
   <div class='ocr_carea' id='block_1_94' title="bbox 204 4650 1777 4731">
    <p class='ocr_par' dir='ltr' id='par_1_94' title="bbox 204 4650 1777 4731">
     <span class='ocr_line' id='line_1_94' title="bbox 204 4650 1777 4731; baseline 0.004 -25"><span class='ocrx_word' id='word_1_688' title='bbox 204 4654 297 4709; x_wconf 89' lang='grc' dir='ltr'><strong>τοῦ</strong></span> <span class='ocrx_word' id='word_1_689' title='bbox 318 4655 550 4715; x_wconf 84' lang='grc' dir='ltr'>θανάτου</span> <span class='ocrx_word' id='word_1_690' title='bbox 577 4658 868 4731; x_wconf 87' lang='grc' dir='ltr'>συνθήκας·</span> <span class='ocrx_word' id='word_1_691' title='bbox 895 4660 1151 4727; x_wconf 78' lang='grc' dir='ltr'>καταιγὶς</span> <span class='ocrx_word' id='word_1_692' title='bbox 1182 4650 1476 4731; x_wconf 68' lang='grc' dir='ltr'>φερομένη,</span> <span class='ocrx_word' id='word_1_693' title='bbox 1515 4660 1611 4715; x_wconf 74' lang='grc' dir='ltr'><strong>ἐὰν</strong></span> <span class='ocrx_word' id='word_1_694' title='bbox 1634 4674 1777 4730; x_wconf 78' lang='grc' dir='ltr'>παρ-</span> 
     </span>
    </p>
   </div>
   <div class='ocr_carea' id='block_1_95' title="bbox 207 4742 1775 4825">
    <p class='ocr_par' dir='ltr' id='par_1_95' title="bbox 207 4742 1775 4825">
     <span class='ocr_line' id='line_1_95' title="bbox 207 4742 1775 4825; baseline 0.003 -25"><span class='ocrx_word' id='word_1_695' title='bbox 207 4742 355 4821; x_wconf 70' lang='grc' dir='ltr'>έλθῃ,</span> <span class='ocrx_word' id='word_1_696' title='bbox 391 4752 454 4806; x_wconf 77' lang='grc' dir='ltr'><strong>οὐ</strong></span> <span class='ocrx_word' id='word_1_697' title='bbox 500 4751 579 4824; x_wconf 73' lang='grc' dir='ltr'>μὴ</span> <span class='ocrx_word' id='word_1_698' title='bbox 621 4749 752 4825; x_wconf 71' lang='grc' dir='ltr'>ἔλθῃ</span> <span class='ocrx_word' id='word_1_699' title='bbox 784 4751 869 4820; x_wconf 69' lang='grc' dir='ltr'><strong>ἐφ’</strong></span> <span class='ocrx_word' id='word_1_700' title='bbox 915 4750 1096 4822; x_wconf 81' lang='grc' dir='ltr'>ἡμᾶς·</span> <span class='ocrx_word' id='word_1_701' title='bbox 1143 4749 1420 4821; x_wconf 73' lang='grc' dir='ltr'>ἐθήκαμεν</span> <span class='ocrx_word' id='word_1_702' title='bbox 1450 4751 1643 4822; x_wconf 78' lang='grc' dir='ltr'>ψεῦδος</span> <span class='ocrx_word' id='word_1_703' title='bbox 1676 4752 1775 4824; x_wconf 74' lang='grc' dir='ltr'>τὴν</span> 
     </span>
    </p>
   </div>
   <div class='ocr_carea' id='block_1_96' title="bbox 207 4833 1773 4917">
    <p class='ocr_par' dir='ltr' id='par_1_96' title="bbox 207 4833 1773 4917">
     <span class='ocr_line' id='line_1_96' title="bbox 207 4833 1773 4917; baseline 0.004 -27"><span class='ocrx_word' id='word_1_704' title='bbox 207 4833 394 4895; x_wconf 71' lang='grc' dir='ltr'>ἐλπίδα</span> <span class='ocrx_word' id='word_1_705' title='bbox 436 4843 617 4917; x_wconf 80' lang='grc' dir='ltr'>ήμῶν,</span> <span class='ocrx_word' id='word_1_706' title='bbox 674 4845 770 4897; x_wconf 80' lang='grc' dir='ltr'>καὶ</span> <span class='ocrx_word' id='word_1_707' title='bbox 828 4842 907 4914; x_wconf 80' lang='grc' dir='ltr'>τῷ</span> <span class='ocrx_word' id='word_1_708' title='bbox 958 4840 1143 4912; x_wconf 81' lang='grc' dir='ltr'>ψεύδει</span> <span class='ocrx_word' id='word_1_709' title='bbox 1190 4842 1702 4915; x_wconf 77' lang='grc' dir='ltr'>σκεπασθησόμεθα,</span> <span class='ocrx_word' id='word_1_710' title='bbox 1753 4864 1773 4896; x_wconf 72' lang='grc' dir='ltr'><strong>ι</strong></span> 
     </span>
    </p>
   </div>
   <div class='ocr_carea' id='block_1_97' title="bbox 210 4927 1777 5008">
    <p class='ocr_par' dir='ltr' id='par_1_97' title="bbox 210 4927 1777 5008">
     <span class='ocr_line' id='line_1_97' title="bbox 210 4927 1777 5008; baseline 0.002 -23"><span class='ocrx_word' id='word_1_711' title='bbox 210 4927 559 5002; x_wconf 61' lang='grc' dir='ltr'>ὑποκαταωις</span> <span class='ocrx_word' id='word_1_712' title='bbox 590 4938 620 4990; x_wconf 80' lang='grc'>6</span> <span class='ocrx_word' id='word_1_713' title='bbox 665 4935 824 5006; x_wconf 85' lang='grc' dir='ltr'>λόγος</span> <span class='ocrx_word' id='word_1_714' title='bbox 864 4934 1054 5006; x_wconf 83' lang='grc' dir='ltr'>φησίν·</span> <span class='ocrx_word' id='word_1_715' title='bbox 1092 4952 1113 4985; x_wconf 78' lang='grc' dir='ltr'><strong>ι</strong></span> <span class='ocrx_word' id='word_1_716' title='bbox 1156 4935 1220 4989; x_wconf 76' lang='grc' dir='ltr'>Οἱ</span> <span class='ocrx_word' id='word_1_717' title='bbox 1252 4933 1568 5000; x_wconf 83' lang='grc' dir='ltr'>πεποιθότες</span> <span class='ocrx_word' id='word_1_718' title='bbox 1600 4936 1777 5008; x_wconf 84' lang='grc' dir='ltr'>μάτην</span> 
     </span>
    </p>
   </div>
   <div class='ocr_carea' id='block_1_98' title="bbox 205 5016 1783 5102">
    <p class='ocr_par' dir='ltr' id='par_1_98' title="bbox 205 5016 1783 5102">
     <span class='ocr_line' id='line_1_98' title="bbox 205 5016 1783 5102; baseline 0.003 -25"><span class='ocrx_word' id='word_1_719' title='bbox 205 5016 407 5093; x_wconf 71' lang='grc' dir='ltr'>ψεύδει,</span> <span class='ocrx_word' id='word_1_720' title='bbox 432 5028 495 5083; x_wconf 84' lang='grc' dir='ltr'>οὐ</span> <span class='ocrx_word' id='word_1_721' title='bbox 528 5028 602 5100; x_wconf 82' lang='grc' dir='ltr'>μὴ</span> <span class='ocrx_word' id='word_1_722' title='bbox 636 5026 881 5102; x_wconf 76' lang='grc' dir='ltr'>παρέλθῃ</span> <span class='ocrx_word' id='word_1_723' title='bbox 904 5027 1048 5097; x_wconf 77' lang='grc' dir='ltr'>ὑμᾶς</span> <span class='ocrx_word' id='word_1_724' title='bbox 1073 5028 1345 5095; x_wconf 79' lang='grc' dir='ltr'>καταιγὶς,</span> <span class='ocrx_word' id='word_1_725' title='bbox 1371 5027 1446 5099; x_wconf 81' lang='grc' dir='ltr'>μὴ</span> <span class='ocrx_word' id='word_1_726' title='bbox 1479 5028 1572 5081; x_wconf 79' lang='grc' dir='ltr'><strong>καὶ</strong></span> <span class='ocrx_word' id='word_1_727' title='bbox 1600 5027 1783 5101; x_wconf 69' lang='grc' dir='ltr'>ἀφέλῃ</span> 
     </span>
    </p>
   </div>
   <div class='ocr_carea' id='block_1_99' title="bbox 176 5109 1781 5192">
    <p class='ocr_par' dir='ltr' id='par_1_99' title="bbox 176 5109 1781 5192">
     <span class='ocr_line' id='line_1_99' title="bbox 176 5109 1781 5192; baseline 0.004 -24"><span class='ocrx_word' id='word_1_728' title='bbox 176 5109 358 5183; x_wconf 72' lang='grc' dir='ltr'>’ὐμῶν</span> <span class='ocrx_word' id='word_1_729' title='bbox 379 5118 478 5191; x_wconf 78' lang='grc' dir='ltr'>τὴν</span> <span class='ocrx_word' id='word_1_730' title='bbox 503 5120 765 5192; x_wconf 84' lang='grc' dir='ltr'>διαθήκην</span> <span class='ocrx_word' id='word_1_731' title='bbox 794 5118 889 5173; x_wconf 82' lang='grc' dir='ltr'><strong>τοῦ</strong></span> <span class='ocrx_word' id='word_1_732' title='bbox 921 5116 1172 5182; x_wconf 84' lang='grc' dir='ltr'>θανάτου,</span> <span class='ocrx_word' id='word_1_733' title='bbox 1189 5117 1282 5172; x_wconf 80' lang='grc' dir='ltr'>καὶ</span> <span class='ocrx_word' id='word_1_734' title='bbox 1309 5120 1341 5189; x_wconf 91' lang='grc' dir='ltr'><strong>ή</strong></span> <span class='ocrx_word' id='word_1_735' title='bbox 1377 5118 1527 5181; x_wconf 72' lang='grc' dir='ltr'>ἐλπὶς</span> <span class='ocrx_word' id='word_1_736' title='bbox 1555 5118 1708 5190; x_wconf 82' lang='grc' dir='ltr'>ὑμῶν</span> <span class='ocrx_word' id='word_1_737' title='bbox 1740 5122 1781 5192; x_wconf 68' lang='grc' dir='ltr'>ἡ,</span> 
     </span>
    </p>
   </div>
   <div class='ocr_carea' id='block_1_100' title="bbox 208 5203 1770 5284">
    <p class='ocr_par' dir='ltr' id='par_1_100' title="bbox 208 5203 1770 5284">
     <span class='ocr_line' id='line_1_100' title="bbox 208 5203 1770 5284; baseline 0.001 -21"><span class='ocrx_word' id='word_1_738' title='bbox 208 5203 342 5273; x_wconf 74' lang='grc' dir='ltr'>πρὸς</span> <span class='ocrx_word' id='word_1_739' title='bbox 383 5210 475 5265; x_wconf 80' lang='grc' dir='ltr'><strong>τὸν</strong></span> <span class='ocrx_word' id='word_1_740' title='bbox 518 5212 649 5284; x_wconf 63' lang='grc' dir='ltr'>ᾅδην</span> <span class='ocrx_word' id='word_1_741' title='bbox 678 5212 739 5266; x_wconf 82' lang='grc' dir='ltr'><strong>οὐ</strong></span> <span class='ocrx_word' id='word_1_742' title='bbox 775 5212 849 5283; x_wconf 77' lang='grc' dir='ltr'>μὴ</span> <span class='ocrx_word' id='word_1_743' title='bbox 891 5211 1153 5282; x_wconf 80' lang='grc' dir='ltr'>ὲμμείνῃ·</span> <span class='ocrx_word' id='word_1_744' title='bbox 1187 5211 1441 5278; x_wconf 73' lang='grc' dir='ltr'>καταιγὶς</span> <span class='ocrx_word' id='word_1_745' title='bbox 1495 5212 1770 5284; x_wconf 80' lang='grc' dir='ltr'>φερομένη</span> 
     </span>
    </p>
   </div>
   <div class='ocr_carea' id='block_1_101' title="bbox 207 5290 1775 5377">
    <p class='ocr_par' dir='ltr' id='par_1_101' title="bbox 207 5290 1775 5377">
     <span class='ocr_line' id='line_1_101' title="bbox 207 5290 1775 5377; baseline 0.009 -33"><span class='ocrx_word' id='word_1_746' title='bbox 207 5290 301 5348; x_wconf 64' lang='grc' dir='ltr'><strong>ἐάν</strong></span> <span class='ocrx_word' id='word_1_747' title='bbox 323 5298 549 5377; x_wconf 71' lang='grc' dir='ltr'>ἐπέλθῃ,</span> <span class='ocrx_word' id='word_1_748' title='bbox 592 5303 780 5358; x_wconf 78' lang='grc' dir='ltr'>ἔσεσθε</span> <span class='ocrx_word' id='word_1_749' title='bbox 821 5304 1067 5375; x_wconf 72' lang='grc' dir='ltr'>αὐτῇείς</span> <span class='ocrx_word' id='word_1_750' title='bbox 1098 5303 1468 5373; x_wconf 80' lang='grc' dir='ltr'>καταπάτημα</span> <span class='ocrx_word' id='word_1_751' title='bbox 1490 5319 1504 5333; x_wconf 95' lang='grc'><strong>·</strong></span> <span class='ocrx_word' id='word_1_752' title='bbox 1540 5323 1560 5356; x_wconf 74' lang='grc' dir='ltr'><strong>ι</strong></span> <span class='ocrx_word' id='word_1_753' title='bbox 1611 5303 1648 5358; x_wconf 79' lang='grc' dir='ltr'>ἃ</span> <span class='ocrx_word' id='word_1_754' title='bbox 1679 5303 1775 5358; x_wconf 76' lang='grc' dir='ltr'><strong>καὶ</strong></span> 
     </span>
    </p>
   </div>
   <div class='ocr_carea' id='block_1_102' title="bbox 202 5386 1773 5469">
    <p class='ocr_par' dir='ltr' id='par_1_102' title="bbox 202 5386 1773 5469">
     <span class='ocr_line' id='line_1_102' title="bbox 202 5386 1773 5469; baseline 0.003 -24"><span class='ocrx_word' id='word_1_755' title='bbox 202 5386 469 5462; x_wconf 80' lang='grc' dir='ltr'>πρόδηλον</span> <span class='ocrx_word' id='word_1_756' title='bbox 497 5398 646 5461; x_wconf 81' lang='grc' dir='ltr'>ὅπως</span> <span class='ocrx_word' id='word_1_757' title='bbox 676 5397 769 5450; x_wconf 75' lang='grc' dir='ltr'><strong>ἐπὶ</strong></span> <span class='ocrx_word' id='word_1_758' title='bbox 797 5398 861 5467; x_wconf 83' lang='grc' dir='ltr'><strong>τῇ</strong></span> <span class='ocrx_word' id='word_1_759' title='bbox 904 5395 1176 5467; x_wconf 81' lang='grc' dir='ltr'>παρουσίᾳ</span> <span class='ocrx_word' id='word_1_760' title='bbox 1203 5395 1296 5448; x_wconf 90' lang='grc' dir='ltr'><strong>τοῦ</strong></span> <span class='ocrx_word' id='word_1_761' title='bbox 1326 5396 1576 5467; x_wconf 79' lang='grc' dir='ltr'>Σωτῆρος</span> <span class='ocrx_word' id='word_1_762' title='bbox 1616 5395 1773 5469; x_wconf 87' lang='grc' dir='ltr'>ήμῶν</span> 
     </span>
    </p>
   </div>
   <div class='ocr_carea' id='block_1_103' title="bbox 200 5480 1776 5567">
    <p class='ocr_par' dir='ltr' id='par_1_103' title="bbox 200 5480 1776 5567">
     <span class='ocr_line' id='line_1_103' title="bbox 200 5480 1776 5567; baseline 0.004 -24"><span class='ocrx_word' id='word_1_763' title='bbox 200 5480 278 5567; x_wconf 66' lang='grc' dir='ltr'><strong>εἰς</strong></span> <span class='ocrx_word' id='word_1_764' title='bbox 326 5486 541 5547; x_wconf 74' lang='grc' dir='ltr'>ἐκεῖνον</span> <span class='ocrx_word' id='word_1_765' title='bbox 584 5492 941 5564; x_wconf 86' lang='grc' dir='ltr'>πεπλήρωται</span> <span class='ocrx_word' id='word_1_766' title='bbox 977 5492 1070 5546; x_wconf 85' lang='grc' dir='ltr'><strong>τὸν</strong></span> <span class='ocrx_word' id='word_1_767' title='bbox 1108 5492 1253 5546; x_wconf 87' lang='grc' dir='ltr'>λαόν.</span> <span class='ocrx_word' id='word_1_768' title='bbox 1299 5490 1631 5557; x_wconf 83' lang='grc' dir='ltr'>Ἀκολούθως</span> <span class='ocrx_word' id='word_1_769' title='bbox 1665 5493 1776 5567; x_wconf 80' lang='grc' dir='ltr'>ἄρα</span> 
     </span>
    </p>
   </div>
   <div class='ocr_carea' id='block_1_104' title="bbox 198 5566 1774 5655">
    <p class='ocr_par' dir='ltr' id='par_1_104' title="bbox 198 5566 1774 5655">
     <span class='ocr_line' id='line_1_104' title="bbox 198 5566 1774 5655; baseline 0.003 -19"><span class='ocrx_word' id='word_1_770' title='bbox 198 5566 357 5640; x_wconf 70' lang='grc' dir='ltr'>ἡμεῖς</span> <span class='ocrx_word' id='word_1_771' title='bbox 392 5581 505 5637; x_wconf 83' lang='grc' dir='ltr'><strong>οὐκ</strong></span> <span class='ocrx_word' id='word_1_772' title='bbox 535 5583 692 5638; x_wconf 73' lang='grc' dir='ltr'>ἄλλον</span> <span class='ocrx_word' id='word_1_773' title='bbox 730 5581 1011 5655; x_wconf 78' lang='grc' dir='ltr'>ἡγούμεθα</span> <span class='ocrx_word' id='word_1_774' title='bbox 1044 5578 1181 5636; x_wconf 72' lang='grc' dir='ltr'>εἶναι</span> <span class='ocrx_word' id='word_1_775' title='bbox 1208 5583 1299 5638; x_wconf 81' lang='grc' dir='ltr'><strong>τὸν</strong></span> <span class='ocrx_word' id='word_1_776' title='bbox 1331 5582 1658 5655; x_wconf 75' lang='grc' dir='ltr'>δηλούμενον</span> <span class='ocrx_word' id='word_1_777' title='bbox 1684 5566 1774 5640; x_wconf 84' lang='grc' dir='ltr'><strong>ὲν·-</strong></span> 
     </span>
    </p>
   </div>
   <div class='ocr_carea' id='block_1_105' title="bbox 202 5748 1361 5834">
    <p class='ocr_par' dir='ltr' id='par_1_105' title="bbox 202 5748 1361 5834">
     <span class='ocr_line' id='line_1_105' title="bbox 202 5748 1361 5834; baseline 0.014 -30"><span class='ocrx_word' id='word_1_778' title='bbox 202 5748 220 5777; x_wconf 82' lang='grc'><strong>⁷</strong></span> <span class='ocrx_word' id='word_1_779' title='bbox 255 5748 274 5802; x_wconf 81' lang='grc' dir='ltr'><strong>Ι</strong></span> <span class='ocrx_word' id='word_1_780' title='bbox 318 5748 472 5819; x_wconf 79' lang='lat' dir='ltr'><strong>Tim.</strong></span> <span class='ocrx_word' id='word_1_781' title='bbox 522 5748 604 5829; x_wconf 66' lang='lat' dir='ltr'><strong>tv,</strong></span> <span class='ocrx_word' id='word_1_782' title='bbox 627 5763 677 5816; x_wconf 88' lang='lat'><strong>7.</strong></span> <span class='ocrx_word' id='word_1_783' title='bbox 707 5748 715 5749; x_wconf 19' lang='grc' dir='ltr'><strong>ί</strong></span> <span class='ocrx_word' id='word_1_784' title='bbox 753 5762 773 5794; x_wconf 81' lang='grc'><strong><em>⁸</em></strong></span> <span class='ocrx_word' id='word_1_785' title='bbox 799 5762 899 5818; x_wconf 87' lang='lat' dir='ltr'><strong>lsa.</strong></span> <span class='ocrx_word' id='word_1_786' title='bbox 935 5748 1128 5834; x_wconf 54' lang='lat' dir='ltr'><strong>xxviii,</strong></span> <span class='ocrx_word' id='word_1_787' title='bbox 1160 5766 1247 5832; x_wconf 78' lang='lat' dir='ltr'><strong>I7,</strong></span> <span class='ocrx_word' id='word_1_788' title='bbox 1276 5748 1361 5821; x_wconf 76' lang='lat' dir='ltr'><strong>I8.</strong></span> 
     </span>
    </p>
   </div>
   <div class='ocr_carea' id='block_1_106' title="bbox 1878 4571 3458 4644">
    <p class='ocr_par' dir='ltr' id='par_1_106' title="bbox 1878 4571 3458 4644">
     <span class='ocr_line' id='line_1_106' title="bbox 1878 4571 3458 4644; baseline -0.006 -16"><span class='ocrx_word' id='word_1_789' title='bbox 1878 4573 2024 4628; x_wconf 90' lang='lat' dir='ltr'><strong>cium</strong></span> <span class='ocrx_word' id='word_1_790' title='bbox 2056 4589 2205 4644; x_wconf 88' lang='lat' dir='ltr'><strong>spem</strong></span> <span class='ocrx_word' id='word_1_791' title='bbox 2231 4580 2502 4637; x_wconf 85' lang='lat' dir='ltr'><strong>nostram,</strong></span> <span class='ocrx_word' id='word_1_792' title='bbox 2522 4580 2576 4627; x_wconf 87' lang='lat' dir='ltr'><strong>et</strong></span> <span class='ocrx_word' id='word_1_793' title='bbox 2600 4572 2884 4627; x_wconf 85' lang='lat' dir='ltr'><strong>mendacio</strong></span> <span class='ocrx_word' id='word_1_794' title='bbox 2922 4571 3152 4641; x_wconf 88' lang='lat' dir='ltr'><strong>protecti</strong></span> <span class='ocrx_word' id='word_1_795' title='bbox 3189 4582 3401 4626; x_wconf 87' lang='lat' dir='ltr'><strong>sumus,</strong></span> <span class='ocrx_word' id='word_1_796' title='bbox 3429 4584 3458 4618; x_wconf 64' lang='grc' dir='ltr'><strong>ν</strong></span> 
     </span>
    </p>
   </div>
   <div class='ocr_carea' id='block_1_107' title="bbox 1878 4658 3462 4737">
    <p class='ocr_par' dir='ltr' id='par_1_107' title="bbox 1878 4658 3462 4737">
     <span class='ocr_line' id='line_1_107' title="bbox 1878 4658 3462 4737; baseline -0.004 -18"><span class='ocrx_word' id='word_1_797' title='bbox 1878 4666 2043 4736; x_wconf 85' lang='lat' dir='ltr'><strong>paulo</strong></span> <span class='ocrx_word' id='word_1_798' title='bbox 2071 4674 2196 4737; x_wconf 87' lang='lat' dir='ltr'><strong>post</strong></span> <span class='ocrx_word' id='word_1_799' title='bbox 2234 4665 2456 4735; x_wconf 85' lang='lat' dir='ltr'><strong>subjicit</strong></span> <span class='ocrx_word' id='word_1_800' title='bbox 2491 4663 2774 4735; x_wconf 85' lang='lat' dir='ltr'><strong>Scriptura</strong></span> <span class='ocrx_word' id='word_1_801' title='bbox 2808 4683 2820 4718; x_wconf 90' lang='lat'>:</span> <span class='ocrx_word' id='word_1_802' title='bbox 2857 4682 2876 4715; x_wconf 79' lang='grc' dir='ltr'><strong>ι</strong></span> <span class='ocrx_word' id='word_1_803' title='bbox 2909 4662 3018 4720; x_wconf 82' lang='lat' dir='ltr'><strong>Vos</strong></span> <span class='ocrx_word' id='word_1_804' title='bbox 3044 4662 3138 4733; x_wconf 88' lang='lat' dir='ltr'><strong>qui</strong></span> <span class='ocrx_word' id='word_1_805' title='bbox 3169 4658 3462 4715; x_wconf 76' lang='lat' dir='ltr'><strong>mendacio</strong></span> 
     </span>
    </p>
   </div>
   <div class='ocr_carea' id='block_1_108' title="bbox 1880 4753 3460 4823">
    <p class='ocr_par' dir='ltr' id='par_1_108' title="bbox 1880 4753 3460 4823">
     <span class='ocr_line' id='line_1_108' title="bbox 1880 4753 3460 4823; baseline -0.007 -9"><span class='ocrx_word' id='word_1_806' title='bbox 1880 4758 2086 4814; x_wconf 75' lang='lat' dir='ltr'><strong>frustra</strong></span> <span class='ocrx_word' id='word_1_807' title='bbox 2109 4757 2301 4814; x_wconf 74' lang='lat' dir='ltr'><strong>conﬁsi</strong></span> <span class='ocrx_word' id='word_1_808' title='bbox 2323 4759 2480 4823; x_wconf 86' lang='lat' dir='ltr'><strong>estis,</strong></span> <span class='ocrx_word' id='word_1_809' title='bbox 2524 4773 2636 4812; x_wconf 89' lang='lat' dir='ltr'><strong>non</strong></span> <span class='ocrx_word' id='word_1_810' title='bbox 2670 4756 2927 4811; x_wconf 88' lang='lat' dir='ltr'><strong>transibit</strong></span> <span class='ocrx_word' id='word_1_811' title='bbox 2950 4753 3238 4810; x_wconf 87' lang='lat' dir='ltr'><strong>inundatio</strong></span> <span class='ocrx_word' id='word_1_812' title='bbox 3276 4764 3460 4821; x_wconf 67' lang='lat' dir='ltr'><strong>aquae.-</strong></span> 
     </span>
    </p>
   </div>
   <div class='ocr_carea' id='block_1_109' title="bbox 1880 4848 3462 4913">
    <p class='ocr_par' dir='ltr' id='par_1_109' title="bbox 1880 4848 3462 4913">
     <span class='ocr_line' id='line_1_109' title="bbox 1880 4848 3462 4913; baseline -0.008 -7"><span class='ocrx_word' id='word_1_813' title='bbox 1880 4857 1935 4907; x_wconf 90' lang='lat' dir='ltr'><strong>et</strong></span> <span class='ocrx_word' id='word_1_814' title='bbox 1975 4851 2246 4906; x_wconf 88' lang='lat' dir='ltr'><strong>delebitur</strong></span> <span class='ocrx_word' id='word_1_815' title='bbox 2277 4848 2459 4905; x_wconf 74' lang='lat' dir='ltr'><strong>Imdus</strong></span> <span class='ocrx_word' id='word_1_816' title='bbox 2490 4856 2738 4905; x_wconf 89' lang='lat' dir='ltr'><strong>vestrum</strong></span> <span class='ocrx_word' id='word_1_817' title='bbox 2780 4863 2905 4903; x_wconf 91' lang='lat' dir='ltr'><strong>cum</strong></span> <span class='ocrx_word' id='word_1_818' title='bbox 2934 4853 3111 4902; x_wconf 88' lang='lat' dir='ltr'><strong>morte</strong></span> <span class='ocrx_word' id='word_1_819' title='bbox 3143 4853 3199 4900; x_wconf 89' lang='lat' dir='ltr'><strong>et</strong></span> <span class='ocrx_word' id='word_1_820' title='bbox 3233 4849 3462 4913; x_wconf 76' lang='lat' dir='ltr'><strong>pactum</strong></span> 
     </span>
    </p>
   </div>
   <div class='ocr_carea' id='block_1_110' title="bbox 1881 4935 3455 5009">
    <p class='ocr_par' dir='ltr' id='par_1_110' title="bbox 1881 4935 3455 5009">
     <span class='ocr_line' id='line_1_110' title="bbox 1881 4935 3455 5009; baseline -0.008 -10"><span class='ocrx_word' id='word_1_821' title='bbox 1881 4951 2127 5000; x_wconf 76' lang='lat' dir='ltr'><strong>vestrum</strong></span> <span class='ocrx_word' id='word_1_822' title='bbox 2169 4958 2292 4998; x_wconf 89' lang='lat' dir='ltr'><strong>cum</strong></span> <span class='ocrx_word' id='word_1_823' title='bbox 2325 4941 2540 4999; x_wconf 79' lang='lat' dir='ltr'><strong>inferno</strong></span> <span class='ocrx_word' id='word_1_824' title='bbox 2589 4957 2701 4998; x_wconf 92' lang='lat' dir='ltr'><strong>non</strong></span> <span class='ocrx_word' id='word_1_825' title='bbox 2750 4937 3249 5009; x_wconf 82' lang='lat' dir='ltr'><strong>stabit:ﬂagellum</strong></span> <span class='ocrx_word' id='word_1_826' title='bbox 3292 4935 3455 4989; x_wconf 85' lang='lat' dir='ltr'><strong>inun-</strong></span> 
     </span>
    </p>
   </div>
   <div class='ocr_carea' id='block_1_111' title="bbox 1884 5028 3459 5102">
    <p class='ocr_par' dir='ltr' id='par_1_111' title="bbox 1884 5028 3459 5102">
     <span class='ocr_line' id='line_1_111' title="bbox 1884 5028 3459 5102; baseline -0.01 -8"><span class='ocrx_word' id='word_1_827' title='bbox 1884 5039 2022 5095; x_wconf 82' lang='lat' dir='ltr'><strong>dans</strong></span> <span class='ocrx_word' id='word_1_828' title='bbox 2043 5053 2167 5092; x_wconf 88' lang='lat' dir='ltr'><strong>cum</strong></span> <span class='ocrx_word' id='word_1_829' title='bbox 2191 5039 2496 5102; x_wconf 87' lang='lat' dir='ltr'><strong>transierit,</strong></span> <span class='ocrx_word' id='word_1_830' title='bbox 2530 5040 2686 5094; x_wconf 88' lang='lat' dir='ltr'><strong>eritis</strong></span> <span class='ocrx_word' id='word_1_831' title='bbox 2709 5038 2759 5094; x_wconf 90' lang='lat' dir='ltr'><strong>ei</strong></span> <span class='ocrx_word' id='word_1_832' title='bbox 2783 5038 2838 5093; x_wconf 92' lang='lat' dir='ltr'><strong>in</strong></span> <span class='ocrx_word' id='word_1_833' title='bbox 2867 5028 3396 5092; x_wconf 85' lang='lat' dir='ltr'><strong>cenculcationem&quot;.</strong></span> <span class='ocrx_word' id='word_1_834' title='bbox 3427 5043 3459 5078; x_wconf 75' lang='grc' dir='ltr'><em>ν</em></span> 
     </span>
    </p>
   </div>
   <div class='ocr_carea' id='block_1_112' title="bbox 1883 5119 3463 5205">
    <p class='ocr_par' dir='ltr' id='par_1_112' title="bbox 1883 5119 3463 5205">
     <span class='ocr_line' id='line_1_112' title="bbox 1883 5119 3463 5205; baseline -0.01 -17"><span class='ocrx_word' id='word_1_835' title='bbox 1883 5130 2017 5198; x_wconf 71' lang='lat' dir='ltr'><strong>Quae</strong></span> <span class='ocrx_word' id='word_1_836' title='bbox 2059 5130 2340 5186; x_wconf 86' lang='lat' dir='ltr'><strong>evidenter</strong></span> <span class='ocrx_word' id='word_1_837' title='bbox 2374 5131 2675 5205; x_wconf 85' lang='lat' dir='ltr'><strong>Salvatoris</strong></span> <span class='ocrx_word' id='word_1_838' title='bbox 2721 5129 2896 5185; x_wconf 85' lang='lat' dir='ltr'><strong>nostri</strong></span> <span class='ocrx_word' id='word_1_839' title='bbox 2927 5127 3163 5183; x_wconf 89' lang='lat' dir='ltr'><strong>adventu</strong></span> <span class='ocrx_word' id='word_1_840' title='bbox 3207 5123 3265 5177; x_wconf 92' lang='lat' dir='ltr'><strong>in</strong></span> <span class='ocrx_word' id='word_1_841' title='bbox 3305 5119 3463 5174; x_wconf 75' lang='lat' dir='ltr'><strong>hunc</strong></span> 
     </span>
    </p>
   </div>
   <div class='ocr_carea' id='block_1_113' title="bbox 1882 5209 3452 5293">
    <p class='ocr_par' dir='ltr' id='par_1_113' title="bbox 1882 5209 3452 5293">
     <span class='ocr_line' id='line_1_113' title="bbox 1882 5209 3452 5293; baseline -0.01 -15"><span class='ocrx_word' id='word_1_842' title='bbox 1882 5222 2144 5293; x_wconf 88' lang='lat' dir='ltr'><strong>populum</strong></span> <span class='ocrx_word' id='word_1_843' title='bbox 2175 5221 2395 5291; x_wconf 75' lang='lat' dir='ltr'><strong>impleta</strong></span> <span class='ocrx_word' id='word_1_844' title='bbox 2418 5228 2568 5277; x_wconf 90' lang='lat' dir='ltr'><strong>sunt.</strong></span> <span class='ocrx_word' id='word_1_845' title='bbox 2602 5218 2788 5290; x_wconf 87' lang='lat' dir='ltr'><strong>Itaque</strong></span> <span class='ocrx_word' id='word_1_846' title='bbox 2810 5234 2911 5275; x_wconf 91' lang='lat' dir='ltr'><strong>nos</strong></span> <span class='ocrx_word' id='word_1_847' title='bbox 2941 5233 3050 5273; x_wconf 90' lang='lat' dir='ltr'><strong>non</strong></span> <span class='ocrx_word' id='word_1_848' title='bbox 3073 5216 3241 5269; x_wconf 88' lang='lat' dir='ltr'><strong>alium</strong></span> <span class='ocrx_word' id='word_1_849' title='bbox 3261 5209 3452 5268; x_wconf 81' lang='lat' dir='ltr'><strong>existi-</strong></span> 
     </span>
    </p>
   </div>
   <div class='ocr_carea' id='block_1_114' title="bbox 1881 5306 3459 5385">
    <p class='ocr_par' dir='ltr' id='par_1_114' title="bbox 1881 5306 3459 5385">
     <span class='ocr_line' id='line_1_114' title="bbox 1881 5306 3459 5385; baseline -0.01 -14"><span class='ocrx_word' id='word_1_850' title='bbox 1881 5331 2095 5371; x_wconf 85' lang='lat' dir='ltr'><strong>mamus</strong></span> <span class='ocrx_word' id='word_1_851' title='bbox 2127 5330 2270 5378; x_wconf 85' lang='lat' dir='ltr'><strong>esse,</strong></span> <span class='ocrx_word' id='word_1_852' title='bbox 2307 5315 2400 5385; x_wconf 90' lang='lat' dir='ltr'><strong>qui</strong></span> <span class='ocrx_word' id='word_1_853' title='bbox 2435 5314 2526 5369; x_wconf 91' lang='lat' dir='ltr'><strong>hic</strong></span> <span class='ocrx_word' id='word_1_854' title='bbox 2562 5314 2890 5378; x_wconf 87' lang='lat' dir='ltr'><strong>ostenditur,</strong></span> <span class='ocrx_word' id='word_1_855' title='bbox 2929 5310 3165 5382; x_wconf 89' lang='lat' dir='ltr'><strong>lapidem</strong></span> <span class='ocrx_word' id='word_1_856' title='bbox 3193 5306 3459 5367; x_wconf 68' lang='lat' dir='ltr'><strong>electum,—</strong></span> 
     </span>
    </p>
   </div>
   <div class='ocr_carea' id='block_1_115' title="bbox 1880 5396 3455 5479">
    <p class='ocr_par' dir='ltr' id='par_1_115' title="bbox 1880 5396 3455 5479">
     <span class='ocr_line' id='line_1_115' title="bbox 1880 5396 3455 5479; baseline -0.009 -16"><span class='ocrx_word' id='word_1_857' title='bbox 1880 5407 2171 5479; x_wconf 88' lang='lat' dir='ltr'><strong>probatum</strong></span> <span class='ocrx_word' id='word_1_858' title='bbox 2223 5413 2278 5461; x_wconf 89' lang='lat' dir='ltr'><strong>et</strong></span> <span class='ocrx_word' id='word_1_859' title='bbox 2321 5405 2646 5470; x_wconf 82' lang='lat' dir='ltr'><strong>mirabilem,</strong></span> <span class='ocrx_word' id='word_1_860' title='bbox 2697 5407 2753 5460; x_wconf 89' lang='lat' dir='ltr'><strong>in</strong></span> <span class='ocrx_word' id='word_1_861' title='bbox 2786 5418 2948 5475; x_wconf 91' lang='lat' dir='ltr'><strong>quem</strong></span> <span class='ocrx_word' id='word_1_862' title='bbox 2990 5401 3083 5472; x_wconf 89' lang='lat' dir='ltr'><strong>qui</strong></span> <span class='ocrx_word' id='word_1_863' title='bbox 3117 5396 3455 5455; x_wconf 83' lang='lat' dir='ltr'><strong>crediderint</strong></span> 
     </span>
    </p>
   </div>
   <div class='ocr_carea' id='block_1_116' title="bbox 1880 5482 3457 5558">
    <p class='ocr_par' dir='ltr' id='par_1_116' title="bbox 1880 5482 3457 5558">
     <span class='ocr_line' id='line_1_116' title="bbox 1880 5482 3457 5558; baseline -0.01 -6"><span class='ocrx_word' id='word_1_864' title='bbox 1880 5512 1991 5552; x_wconf 88' lang='lat' dir='ltr'><strong>non</strong></span> <span class='ocrx_word' id='word_1_865' title='bbox 2046 5493 2473 5558; x_wconf 77' lang='lat' dir='ltr'><strong>confundentur,</strong></span> <span class='ocrx_word' id='word_1_866' title='bbox 2531 5508 2596 5548; x_wconf 90' lang='lat' dir='ltr'><strong>ac</strong></span> <span class='ocrx_word' id='word_1_867' title='bbox 2643 5501 2894 5549; x_wconf 83' lang='lat' dir='ltr'><strong>sanctum</strong></span> <span class='ocrx_word' id='word_1_868' title='bbox 2944 5490 3041 5546; x_wconf 88' lang='lat' dir='ltr'><strong>Dei</strong></span> <span class='ocrx_word' id='word_1_869' title='bbox 3088 5486 3353 5550; x_wconf 84' lang='lat' dir='ltr'><strong>Verbum,</strong></span> <span class='ocrx_word' id='word_1_870' title='bbox 3391 5482 3457 5538; x_wconf 68' lang='lat' dir='ltr'><strong>inv</strong></span> 
     </span>
    </p>
   </div>
   <div class='ocr_carea' id='block_1_117' title="bbox 1880 5574 3452 5657">
    <p class='ocr_par' dir='ltr' id='par_1_117' title="bbox 1880 5574 3452 5657">
     <span class='ocr_line' id='line_1_117' title="bbox 1880 5574 3452 5657; baseline -0.009 -15"><span class='ocrx_word' id='word_1_871' title='bbox 1880 5600 2013 5657; x_wconf 90' lang='lat' dir='ltr'><strong>quo,</strong></span> <span class='ocrx_word' id='word_1_872' title='bbox 2056 5587 2205 5640; x_wconf 86' lang='lat' dir='ltr'><strong>velut</strong></span> <span class='ocrx_word' id='word_1_873' title='bbox 2250 5583 2466 5655; x_wconf 83' lang='lat' dir='ltr'><strong>lapideo</strong></span> <span class='ocrx_word' id='word_1_874' title='bbox 2513 5582 2889 5649; x_wconf 78' lang='lat' dir='ltr'><strong>fundamento,</strong></span> <span class='ocrx_word' id='word_1_875' title='bbox 2937 5578 3240 5654; x_wconf 78' lang='lat' dir='ltr'><strong>spiritualis</strong></span> <span class='ocrx_word' id='word_1_876' title='bbox 3272 5574 3452 5630; x_wconf 75' lang='lat' dir='ltr'><strong>cmle-</strong></span> 
     </span>
    </p>
   </div>
   <div class='ocr_carea' id='block_1_118' title="bbox 262 5681 3447 5765">
    <p class='ocr_par' dir='ltr' id='par_1_118' title="bbox 262 5681 3447 5765">
     <span class='ocr_line' id='line_1_118' title="bbox 262 5681 3447 5765; baseline -0.003 -15"><span class='ocrx_word' id='word_1_877' title='bbox 262 5681 280 5765; x_wconf 63' lang='grc' dir='ltr'><em>ξ</em></span> <span class='ocrx_word' id='word_1_878' title='bbox 314 5683 719 5765; x_wconf 53' lang='lat' dir='ltr'><strong>[Ea-xxvnjii.</strong></span> <span class='ocrx_word' id='word_1_879' title='bbox 753 5691 938 5765; x_wconf 62' lang='lat' dir='ltr'><strong>fPsal.</strong></span> <span class='ocrx_word' id='word_1_880' title='bbox 968 5710 1112 5751; x_wconf 81' lang='lat' dir='ltr'><strong>xuv.</strong></span> <span class='ocrx_word' id='word_1_881' title='bbox 1191 5694 1573 5763; x_wconf 72' lang='lat' dir='ltr'><strong>‘Psal.LXVI.I.</strong></span> <span class='ocrx_word' id='word_1_882' title='bbox 1617 5698 1687 5754; x_wconf 75' lang='grc'><strong>12</strong></span> <span class='ocrx_word' id='word_1_883' title='bbox 1763 5697 1998 5756; x_wconf 62' lang='lat' dir='ltr'><strong>‘Matth.</strong></span> <span class='ocrx_word' id='word_1_884' title='bbox 2067 5715 2146 5765; x_wconf 84' lang='lat' dir='ltr'><strong>tn,</strong></span> <span class='ocrx_word' id='word_1_885' title='bbox 2202 5698 2288 5751; x_wconf 78' lang='lat' dir='ltr'><strong>l7.</strong></span> <span class='ocrx_word' id='word_1_886' title='bbox 2367 5699 2387 5731; x_wconf 85' lang='grc'><strong><em>³</em></strong></span> <span class='ocrx_word' id='word_1_887' title='bbox 2417 5697 2521 5754; x_wconf 89' lang='lat' dir='ltr'><strong>lsa.</strong></span> <span class='ocrx_word' id='word_1_888' title='bbox 2551 5710 2745 5764; x_wconf 74' lang='lat' dir='ltr'><strong>xxviii,</strong></span> <span class='ocrx_word' id='word_1_889' title='bbox 2804 5696 2986 5750; x_wconf 75' lang='lat' dir='ltr'><strong>ll-i7.</strong></span> <span class='ocrx_word' id='word_1_890' title='bbox 3063 5696 3085 5728; x_wconf 77' lang='grc'>⁸</span> <span class='ocrx_word' id='word_1_891' title='bbox 3116 5690 3259 5746; x_wconf 87' lang='lat' dir='ltr'><strong>Phil.</strong></span> <span class='ocrx_word' id='word_1_892' title='bbox 3298 5705 3360 5759; x_wconf 81' lang='lat' dir='ltr'><strong>rt,</strong></span> <span class='ocrx_word' id='word_1_893' title='bbox 3385 5688 3447 5742; x_wconf 77' lang='grc' dir='ltr'><strong>8ο</strong></span> 
     </span>
    </p>
   </div>
  </div>
