3926 6260
524 300 662 354 1219

1165 293 1435 351 EUSEBII
1475 290 1949 350 CAESARIENSIS
1983 289 2132 346 OPP.
2173 288 2354 343 PARS
2385 287 2470 341 111.
2512 317 2581 327 --
2623 271 3029 344 EXEGETICA.

3560 300 3660 355 1220

522 416 733 482 stisque
785 408 914 464 Sion
968 405 1346 469 aediﬁcabitur,
1407 405 1500 460 Dei
1559 405 1769 460 scilicet
1816 403 2076 457 Ecclesia.

2181 402 2352 456 ταῦθα
2395 401 2539 455 λίθον
2572 401 2826 455 ἐκλεκτὸν
2885 401 3190 472 θαυμαστόν
3221 420 3332 455 τινα
3362 405 3470 459 ὄντα
3492 412 3566 464 καὶ
3590 433 3662 470 πα,

523 519 542 552 ι
577 499 1007 554 Fundamentum
1047 495 1190 548 enim
1233 494 1380 548 aliud
1432 509 1594 548 nemo
1639 501 1818 563 potest
1860 507 2082 562 ponere,

521 598 718 662 praeter
751 588 804 641 id
841 587 982 657 quod
1010 587 1243 655 positum
1274 594 1380 650 est,
1410 585 1554 655 quod
1588 594 1671 640 est
1701 585 1958 640 Christus
1990 583 2082 637 Jc-

520 700 617 739 sus
641 695 678 736 ι.
714 701 731 732 ι
770 680 843 733 De
875 694 984 748 quo
1020 692 1074 732 et
1108 679 1162 732 in
1210 678 1442 733 Psalmis
1474 677 1680 731 dictum
1717 686 1800 731 est
1829 696 1840 730 :
1875 697 1891 726 ι
1925 676 2084 746 Lapi-

519 776 640 829 dem
673 787 831 842 quem
865 771 1295 839 reprohaverunt
1317 768 1666 830 aedificantes.
1693 769 1781 822 hic
1807 767 1980 821 factus
1999 775 2084 822 est

519 867 574 919 in
612 873 774 934 caput
805 864 1047 924 anguli'.
1084 884 1102 914 ι
1147 870 1199 916 et
1228 881 1246 911 ι
1277 861 1554 931 angularis
1588 879 1605 911 ι
1635 867 1881 914 vocatur.
1910 859 2080 925 Quem

516 970 646 1008 vero
677 953 866 1007 Daniel
900 968 1114 1022 quoque
1151 951 1383 1020 lapidem
1418 952 1806 1020 interpretatur
1825 951 1891 1004 de
1922 950 2085 1004 Chri-

518 1048 587 1102 sti
617 1062 809 1115 regno,
834 1062 957 1099 cum
1007 1044 1142 1098 dicit
1167 1062 1179 1096 :
1208 1063 1225 1094 ‹
1257 1043 1420 1113 Lapis
1447 1053 1645 1106 autem,
1675 1045 1766 1112 qui
1792 1058 2078 1112 percusse-

517 1149 601 1192 rat
637 1148 895 1204 statuam,
933 1136 1108 1190 factus
1157 1145 1239 1190 est
1279 1149 1435 1189 mons
1462 1150 1712 1204 magnus,
1758 1141 1812 1188 et
1839 1134 2080 1204 implevit

522 1231 830 1285 universam
870 1229 1126 1283 terram’.
1159 1247 1177 1277 ι
1212 1227 1568 1282 Ediﬁcantes
1601 1227 1768 1296 igitur
1803 1226 1960 1295 juxta
2003 1227 2080 1279 le-

515 1323 599 1392 gis
647 1322 882 1374 litteram
933 1319 1246 1384 aedilicium,
1283 1319 1430 1372 hunc
1480 1318 1910 1383 reprohavernnt
1944 1315 2080 1384 lapi—

513 1414 677 1466 dem:
710 1411 802 1480 qui
861 1409 1249 1472 nihilominus,
1291 1410 1360 1463 ab
1417 1409 1484 1463 iis
1527 1409 1872 1478 reprobatus,
1916 1414 2079 1476 caput

512 1503 718 1572 anguli,
741 1502 982 1571 gentium
1012 1501 1267 1556 videlicet
1297 1500 1550 1556 Ecclesia:
1576 1499 2076 1567 ostenditur,juxta

515 1593 646 1647 illud
682 1609 699 1648 ε
743 1613 762 1644 ι
791 1591 1109 1647 Constitues
1163 1609 1249 1646 me
1293 1593 1348 1646 in
1399 1598 1563 1660 caput
1602 1591 1845 1661 gentium
1871 1591 1909 1644 ⁸.
1946 1611 1964 1642 ι
2018 1589 2076 1644 In

515 1688 660 1740 hunc
696 1686 864 1754 igitur
888 1687 1122 1756 lapidem
1155 1687 1248 1755 qui
1289 1684 1607 1747 crediderit,
1673 1699 1781 1738 non
1850 1683 2077 1738 confun-

2188 493 2426 566 ράδοξον,
2454 494 2529 557 ὡς
2561 493 2686 562 τοὺς
2724 493 3116 556 πιστεύσαντας
3155 495 3232 556 εἰς
3257 496 3402 549 αὐτὸν
3436 498 3498 569 μὴ
3527 519 3662 560 καται-

2187 585 2578 657 σχυνθήσεσθαι
2607 585 2700 638 τοῦ
2737 584 2882 656 ἰεροῦ
2925 585 3018 638 τοῦ
3054 585 3190 638 Θεοῦ
3235 586 3412 654 Λόγου,
3440 591 3508 657 ἐφ’
3536 593 3581 644 ὃν
3612 597 3663 660 ὡς

2183 680 2276 730 ἐπὶ
2317 677 2562 748 Θεμέλιον
2596 678 2806 749 ἑδραῖον
2849 679 2882 747 ἡ
2933 675 3273 747 πνευματικὴ
3303 678 3388 730 καὶ
3423 681 3666 752 ἐπουράνιος

2183 768 2318 820 Σιὼν
2348 769 2708 840 ᾠκοδόμηται,
2753 769 2854 823 οὐκ
2894 769 3026 841 ἄλλη
3067 789 3150 833 τις
3181 766 3310 823 οὖσα
3337 771 3426 840 τῆς
3462 775 3540 827 τοῦ
3570 778 3665 834 Θεοῦ

2198 861 2551 931 Ἐκκλησίαςυ
2606 881 2624 913 ‹
2669 863 2927 933 Θεμέλιον
2967 863 3076 933 γὰρ
3119 861 3276 916 ἄλλον
3321 864 3472 928 οὐδεὶς
3507 868 3666 924 δύνατεις

2185 949 2248 1019 (ί.
2274 951 2342 1006 50
2369 954 2443 1022 v‘)
2479 952 2648 1006 θεῖναι
2683 953 2832 1023 παρὰ
2852 954 2941 1007 τὸν
2974 953 3244 1024 κείμενον,
3279 955 3333 1016 ὂς
3360 957 3488 1008 ἐστιν
3519 960 3668 1029 Ἰησοῦς

2184 1040 2446 1112 Χριστός⁹
2485 1062 2504 1095 ι
2543 1045 2669 1114 περί
2705 1045 2892 1098 τούτου
2931 1046 2987 1098 δὲ
3031 1047 3124 1099 καὶ
3152 1047 3208 1098 ὲν
3235 1046 3461 1115 Ψαλμοῖς
3486 1049 3681 1119 εἴρηταικ

2187 1151 2204 1181 ι
2248 1133 2426 1198 Λίθον,
2473 1134 2531 1187 ὃν
2577 1136 2988 1207 ἀπεδοκίμασαν
3035 1138 3084 1189 οἰ
3131 1137 3526 1208 οἰκοδομοῦντες,
3559 1117 3681 1204 οὗτοςΙ

2181 1224 2410 1295 ἐγενήθη
2444 1227 2520 1288 εἰς
2565 1227 2802 1298 κεφαλὴν
2841 1228 3062 1296 γωνίας,
3089 1247 3107 1280 ι
3144 1230 3234 1282 καὶ
3265 1247 3283 1279 ι
3308 1232 3668 1299 ἁκρογωνιαίοςι

2179 1314 2525 1385 ὠνόμασται·
2573 1318 2760 1372 τοῦτον
2799 1316 2854 1372 δὲ
2899 1322 2991 1373 καὶ
3028 1321 3223 1390 Δανιὴλ
3265 1321 3351 1372 τὸν
3392 1321 3516 1372 λίϐον
3549 1324 3674 1393 ἑρμη-

2177 1406 2319 1460 νεύει
2366 1409 2458 1461 ἐπὶ
2498 1411 2597 1480 τὴν
2643 1409 2740 1463 τοῦ
2783 1413 3016 1483 Χριστοῦ
3061 1413 3352 1482 βασιλείαν,
3394 1413 3506 1465 ἔνθα
3539 1415 3673 1482 λέγει·

2183 1518 2201 1550 ι
2244 1501 2352 1551 Καὶ
2394 1503 2422 1552 ὁ
2451 1500 2597 1565 λίθος
2637 1506 2664 1556 ό
2708 1504 2952 1568 πατάξας
2997 1505 3092 1575 τὴν
3140 1505 3344 1568 εἰκόνα,
3369 1505 3556 1572 ἐγένετο
3587 1506 3675 1578 ὅρος

2181 1591 2339 1660 μέγα,
2367 1593 2459 1644 καὶ
2477 1595 2768 1659 ἐπάταξεν,
2801 1595 2833 1666 ἢ
2857 1596 2951 1648 καὶ
2971 1596 3251 1668 ἐπλήρωσε
3280 1598 3446 1649 πᾶσαν
3459 1597 3542 1666 τὴν
3559 1597 3673 1666 γῆν.»

2179 1684 2242 1735 Ui
2287 1685 2384 1753 μὲν
2429 1681 2522 1738 οὖν
2563 1682 2966 1756 οἰκοδομὸῦντες
2992 1687 3089 1757 τὴν
3134 1687 3278 1740 κατὰ
3304 1688 3360 1740 τὸ
3394 1689 3590 1758 γράμμα
3611 1686 3677 1738 τοῦ

511 1779 692 1842 detur,
747 1787 806 1833 ut
838 1794 964 1834 vere
995 1777 1322 1848 praenuntiat
1379 1791 1619 1846 praesens
1666 1775 1733 1830 de
1783 1776 1901 1844 ipso
1953 1791 2077 1844 pro-

2181 1775 2341 1844 νόμου
2371 1777 2678 1849 οἰκοδομὴν,
2702 1779 2889 1832 τοῦτον
2910 1775 3318 1846 ἀπεδοκίμασαν
3345 1777 3428 1830 τὸν
3448 1778 3570 1830 λίθον
3585 1794 3595 1806 ο
3613 1779 3680 1830 a5-

551 1871 712 1924 hetia.

553 1887 712 1924 netia.

512 1887 654 2034 Ξαλὴ
691 1963 890 2032 γωνίας
927 1963 1024 2032 τῆς
1065 1962 1172 2014 τῶν
1222 1960 1280 2026 ἐξ
1325 1960 1492 2014 ἐθνῶν
1577 1959 1898 2028 Ἐκκλησίας

2181 1868 2272 1930 τὸς
2299 1869 2355 1921 δὲ
2383 1871 2532 1923 οὐδὲν
2568 1867 2728 1951 ἦττον
2764 1873 2853 1925 ὑπ’
2890 1873 3111 1924 ἐκείνων
3154 1871 3591 1940 ἁποδοκιμασθεὶς,
3614 1887 3678 1923 κε-

1978 1961 2342 2018 ἁναδέδεικται
2386 1967 2523 2020 κατὰ
2569 1968 2628 2020 τὸ
2681 1968 2967 2039 εἰρημένον
3007 1983 3128 2033 που,
3179 1985 3196 2016 ι
3259 1968 3596 2036 Καταστήσεις
3635 1983 3682 2035 με

511 2059 590 2118 εἰς
624 2055 860 2126 κεφαλὴν
895 2055 1082 2108 ἐθνῶν.
1123 2073 1140 2105 ι
1185 2053 1306 2107 Ἐπὶ
1341 2053 1526 2106 τοῦτον
1565 2051 1851 2123 τοιγαροῦν
1879 2052 1969 2106 τὸν
2019 2053 2164 2109 λίθον
2227 2060 2254 2110 ὁ
2282 2059 2545 2112 πιστεύων
2594 2061 2655 2114 οὐ
2709 2059 3261 2131 καταισχυνθήσεται,
3319 2057 3681 2128 mammam;

513 2151 605 2202 καὶ
641 2149 842 2220 ταύτης
872 2153 970 2221 τῆς
996 2151 1121 2220 περὶ
1149 2148 1312 2202 αὑτοῦ
1337 2147 1687 2219 προφητείας.

1151 2260 1379 2315 CAPUT
1411 2259 1552 2315 XIV.

591 2372 610 2404 ι
653 2349 791 2408 Ecce
811 2362 1008 2408 nomen
1039 2353 1252 2407 Domini
1281 2354 1429 2408 venit
1452 2352 1517 2406 de
1541 2353 1856 2422 longinquo,
1882 2353 2078 2410 ardens

512 2447 667 2502 furor
703 2431 822 2516 ejus
847 2454 900 2500 et
930 2446 1112 2516 gravis
1152 2446 1218 2498 ad
1262 2443 1590 2515 portandum
1631 2463 1646 2499 :
1673 2445 1814 2498 labia
1845 2444 1966 2513 ejus
1992 2459 2078 2498 re-

514 2540 658 2609 pleta
701 2547 829 2591 sunt
859 2537 1253 2606 indignatione,
1286 2544 1339 2590 et
1373 2537 1558 2607 lingua
1603 2537 1724 2606 ejus
1753 2537 1909 2606 quasi
1939 2536 2078 2606 ignis

513 2631 783 2685 devorans
811 2631 852 2684 ⁵.
878 2644 895 2680 ι
929 2629 1066 2694 Quid
1094 2637 1238 2684 esset
1267 2629 1472 2683 dictum
1504 2628 1592 2682 hic
1615 2643 1812 2682 nomen
1842 2626 2077 2690 Domini,

514 2721 621 2776 nisi
671 2719 814 2775 Deus
843 2717 1106 2782 Verbum,
1151 2735 1180 2773 a
1220 2734 1328 2789 quo
1363 2718 1548 2773 omnia
1593 2725 1776 2771 creata
1811 2718 1978 2771 sunt?
2006 2715 2080 2770 De

513 2812 751 2868 secunda
783 2813 948 2882 igitur
979 2820 1032 2867 et
1055 2812 1316 2881 praeclara
1365 2811 1486 2880 ejus
1521 2808 1966 2864 manifestatione
1990 2823 2080 2862 ac-

513 2905 763 2975 cipienda
798 2912 902 2968 est,
937 2912 995 2956 ut
1023 2905 1240 2974 opinor,
1272 2903 1387 2957 haec
1417 2901 1728 2973 prophetia.

1103 3103 1329 3158 CAPUT
1359 3103 1477 3158 XV.

595 3215 613 3247 ε
646 3196 769 3251 llaec
791 3193 924 3250 dicit
956 3195 1216 3251 Dominus
1250 3216 1262 3253 :
1298 3196 1494 3252 Beatus
1523 3195 1615 3266 qui
1655 3195 1818 3250 habet
1848 3195 1904 3249 in
1943 3191 2077 3249 Sion

513 3283 807 3351 semen,et
859 3288 1070 3342 incolas
1126 3288 1179 3341 in
1234 3287 1558 3343 Jerusalem.
1594 3287 1736 3342 Ecce
1783 3287 1930 3341 enim
1981 3301 2077 3340 rex

508 3381 690 3449 justus
708 3380 975 3449 regnabit,
999 3391 1052 3434 et
1075 3379 1350 3450 principes
1377 3379 1430 3432 in
1460 3379 1670 3449 judicio
1695 3388 1969 3449 praeerunt
1996 3378 2072 3430 ⁸.»

510 3471 763 3526 Christus
792 3470 887 3526 Dei
925 3471 1148 3527 dicens:
1188 3491 1206 3522 ι
1240 3472 1352 3542 Ego
1411 3471 1748 3526 constitutus
1802 3485 1923 3525 sum
1980 3485 2072 3524 rex

512 3578 676 3632 super
694 3577 788 3618 eos
825 3582 843 3615 ι
868 3564 923 3616 in
956 3564 1058 3617 hac
1081 3564 1364 3633 prophetia
1394 3563 1732 3632 designatur.
1757 3559 1863 3627 Qui
1895 3567 2075 3614 autem

512 3655 614 3709 sub
641 3670 706 3709 eo
729 3660 856 3710 sunt
883 3655 1178 3725 principes,
1205 3655 1436 3724 apostoli
1472 3655 1703 3715 scilicet,
1723 3660 1776 3708 et
1805 3652 2076 3707 Ecclesias

512 3746 796 3814 injudicio
822 3745 918 3800 Dei
952 3746 1272 3816 dirigentes,
1307 3745 1420 3800 sive
1453 3744 1623 3798 divini
1668 3742 1866 3812 angeli,
1899 3742 2076 3796 homi-

510 3855 642 3892 num
691 3838 880 3893 salutis
934 3837 1269 3893 defensores.
1298 3835 1528 3904 Propter
1572 3835 1724 3888 illum
1760 3835 1944 3904 igitur,
1981 3834 2074 3903 qui

511 3931 651 4000 regit.
684 3928 812 3983 Sion
837 3936 892 3983 et
927 3926 1249 3991 Jerusalem,
1269 3945 1286 3977 ι
1317 3926 1516 3980 Beatus
1546 3926 1640 3996 qui
1669 3925 1828 3979 habet
1856 3925 1911 3978 in
1945 3923 2077 3979 Sion

514 4036 698 4075 semen
715 4029 769 4074 et
789 4020 996 4073 incolas
1020 4020 1073 4072 in
1094 4017 1398 4072 Jerusalem
1419 4035 1434 4083 ;
1462 4036 1480 4069 ι
1505 4031 1625 4086 quae
1642 4025 1696 4070 et
1712 4025 2074 4086 congruenter

513 4111 582 4164 de
609 4109 908 4179 apostolico
935 4108 1129 4177 spiritu
1174 4107 1347 4176 accipi
1395 4115 1647 4176 possunt,
1683 4107 1945 4160 edocente
1975 4121 2076 4160 nos

514 4201 580 4254 de
607 4213 839 4270 superna
861 4197 1162 4253 Jerusalem
1194 4208 1248 4252 et
1277 4198 1344 4252 de
1369 4197 1579 4251 caelesti
1610 4204 1792 4250 monte
1823 4195 1976 4251 Sion.

2105 3081 2153 3144 C

2705 2262 3098 2316 ΚΕΦΑΛΑΙΟΝ
3128 2262 3224 2315 ιΔιε
3791 2329 3797 2339 ε

2257 2370 2276 2404 ι
2333 2353 2462 2407 ’ἰδοὺ
2490 2353 2549 2406 τὸ
2579 2352 2748 2424 ὄνομα
2781 2353 2984 2425 Κυρίου
3025 2354 3238 2423 ἔρχεται
3280 2352 3365 2405 διὰ
3398 2341 3568 2405 πολλοῦ
3598 2354 3684 2423 χρό-

2180 2461 2294 2506 νου,
2323 2445 2608 2514 καιόμενος
2641 2445 2835 2516 θυμὸς,
2867 2444 3007 2516 μετὰ
3026 2444 3180 2515 δόξης
3211 2445 3273 2497 τὸ
3305 2445 3470 2513 λόγιον
3492 2446 3583 2498 τῶν
3604 2463 3684 2515 χει-

2180 2535 2318 2589 λέων
2347 2537 2532 2601 αύτοῦ,
2563 2537 2624 2591 τὸ
2663 2537 2840 2606 λόγιον
2878 2537 3050 2608 ὀργῆς
3084 2539 3311 2609 πλῆρες,
3353 2539 3441 2590 καὶ
3474 2538 3590 2608 ὀργὴ
3619 2537 3684 2589 τοῦ

2182 2627 2354 2698 Θυμοῦ
2394 2629 2470 2686 ὡς
2513 2630 2623 2701 πῦρ
2651 2629 2844 2682 ἔδεται.
2884 2648 2902 2681 ι
2939 2630 3047 2682 Καὶ
3075 2629 3125 2682 τί
3155 2628 3222 2682 ἂν
3246 2629 3330 2700 εἰζη
3373 2629 3430 2681 τὸ
3457 2629 3686 2698 λεγόμενον

2178 2720 2350 2792 ὄνομα
2380 2721 2583 2791 Κυρίου
2617 2721 2649 2792 ἢ
2683 2723 2711 2773 ό
2739 2721 2870 2785 Θεὸς
2922 2722 3110 2788 Λόγος,
3157 2721 3225 2773 δι’
3257 2717 3317 2774 οὗ
3351 2723 3416 2774 τὰ
3459 2722 3688 2790 σύμπαντα

2180 2812 2507 2882 γεγένηται;
2539 2812 2620 2866 Τὰ
2653 2814 2902 2885 περὶτῆς
2931 2813 3184 2883 δευτέρας
3215 2813 3392 2865 τοίνυν
3421 2813 3506 2865 καὶ
3528 2810 3686 2884 ἐνδόξου

2181 2905 2346 2958 αὐτοῦ
2387 2905 2686 2976 παρουσίας
2719 2906 2926 2976 νομίζω
2951 2906 3044 2957 καὶ
3067 2905 3273 2976 ταύτην
3309 2904 3602 2958 αἰνίττεσθαι
3620 2905 3689 2970 τὴν

2181 2995 2534 3065 προφητείαν.

2700 3093 3093 3164 κεσιιΑΑΑιοΝ
3131 3091 3232 3163 ιε’.

2255 3192 2392 3254 Τάδε
2421 3200 2568 3269 λέγει
2609 3191 2843 3273 Κύριος·
2885 3221 2904 3254 ι
2935 3203 3242 3272 Μακάριος,
3269 3201 3328 3264 ὃς
3371 3202 3474 3272 ἔχει
3519 3201 3567 3252 ἐν
3593 3197 3694 3250 Σιὼν

2186 3292 2426 3363 σπέρμα,
2463 3293 2556 3346 καί⁵
2599 3295 2830 3358 οἰκείους
2859 3295 2916 3346 ὲν
2956 3294 3317 3365 Ἰερουσαλήμ
3337 3313 3348 3325 ·
3384 3293 3484 3346 ἰδοὺ
3511 3291 3603 3361 γὰρ
3628 3289 3693 3357 βα·

2185 3382 2364 3446 σιλεὺς
2407 3385 2614 3448 δίκαιος
2659 3385 2985 3456 βασιλεύσει,
3026 3388 3122 3439 καὶ
3165 3385 3425 3457 ἄρχοντες
3465 3383 3584 3454 μετὰ
3605 3380 3694 3450 κρί-

2185 3491 2320 3538 σεως
2371 3476 2646 3546 ἄρξουσιν.
2684 3497 2703 3529 ι
2765 3478 2824 3531 '0
2879 3479 3111 3550 Χριστὸς
3153 3478 3248 3530 τοῦ
3303 3475 3434 3528 Θεοῦ
3479 3477 3505 3526 ὁ
3551 3469 3693 3530 εἰπὼν,

2188 3582 2207 3614 ι
2253 3558 2392 3633 Ἐγὼ
2423 3567 2480 3619 δὲ
2517 3570 2856 3642 κατεστάθην
2895 3569 3146 3640 βασιλεὺς
3170 3571 3262 3622 ὑπ’
3284 3569 3468 3632 αὑτοῦ,
3491 3586 3510 3619 ι
3537 3564 3615 3618 καὶ
3634 3561 3698 3615 διὰ

2181 3655 2384 3709 τούτων
2409 3657 2695 3728 δηλοῦται·
2730 3659 2838 3714 εἶεν
2866 3663 2911 3714 δ’
2955 3661 3021 3714 ἂν
3047 3663 3095 3714 οἰ
3129 3663 3222 3714 ὑπ’
3269 3661 3431 3714 αὑτὸν
3472 3659 3695 3729 ἄρχοντες,

2178 3746 2296 3816 ἢτοι
2328 3748 2632 3816 ἀπόστολοι,
2666 3753 2758 3804 καὶ
2800 3755 2848 3805 οἰ
2882 3753 3017 3824 μετὰ
3057 3753 3190 3806 Θεοῦ
3227 3754 3459 3824 κρίσεως
3491 3750 3583 3803 τῶν
3614 3747 3698 3801 Ἐκ·

2179 3837 2280 3911 κλη
2289 3840 2416 3893 σιῶν
2439 3842 2696 3912 ἄρχοντες
2716 3844 2748 3913 ἢ
2779 3844 2995 3914 ἄγγελοι
3023 3845 3175 3908 Θείοι,
3205 3844 3307 3915 τῆς
3329 3843 3433 3897 τῶν
3454 3839 3540 3894 ἀνθ
3549 3837 3698 3909 ρώπων

2179 3926 2362 4000 ἔφοροι
2396 3933 2698 4004 σωτηρίαςο
2733 3934 2820 3988 διὰ
2851 3935 3040 3989 τοῦτον
3071 3937 3128 3989 δὲ
3155 3937 3246 3988 τὸν
3281 3932 3608 4006 βασιλεύοντα
3629 3925 3699 3992 τῆς

2181 4020 2318 4074 Σιὼν
2351 4024 2445 4077 καί
2476 4024 2578 4095 τῆς
2629 4026 3000 4098 Ἰερουσαλὴμ,
3024 4047 3042 4078 ι
3080 4027 3402 4094 Μακάριος,
3435 4025 3490 4086 ὃς
3533 4021 3626 4090 ἔχει
3661 4017 3702 4066 έν

2182 4111 2319 4166 Σιὼν
2350 4115 2591 4186 σπέρμα,
2630 4118 2724 4170 καὶ
2749 4119 2982 4182 οἰκείους
3012 4119 3069 4171 ἐν
3105 4117 3480 4189 Ἰερουσαλήμ
3522 4132 3538 4164 ι
3572 4109 3604 4166 ἃ
3633 4104 3703 4169 κρῖ

2181 4202 2346 4269 ἀξίως
2372 4207 2465 4259 τοῦ
2499 4209 2856 4264 ἀποστολικοῢ
2893 4211 3198 4283 πνεύματος
3230 4205 3620 4280 ἐκλη[μ]πτέον,
3642 4199 3701 4250 δε·

512 4295 796 4358 δάσκοντος
835 4295 980 4366 ἡμᾶς
1009 4293 1079 4346 τὰ
1117 4293 1243 4364 περὶ
1287 4293 1385 4364 τῆς
1414 4292 1524 4346 ἄνω
1559 4291 1931 4362 Ἰερουσαλὴμ,
1979 4293 2072 4346 καὶ
2100 4297 2192 4348 τοῦ
2221 4299 2360 4354 Σιὼν
2393 4303 2716 4374 ἐπουρανίου
2756 4305 2936 4378 ὅρους.

1093 4491 1323 4552 CAPUT
1354 4494 1496 4550 XVI.

590 4611 608 4641 ι
650 4590 876 4653 Lzetare,
927 4585 1165 4644 Solitudo
1215 4589 1428 4652 sitiens,
1463 4587 1704 4650 exsulta,
1729 4586 1991 4648 solitudo,
2025 4595 2079 4640 ct

515 4682 741 4737 ﬂoribus
763 4697 1014 4752 spargere
1046 4692 1104 4736 ut
1136 4680 1688 4736 lilium..Germinans
1727 4674 2077 4748 germinabit,

514 4782 568 4827 et
593 4774 888 4828 exsultabit
926 4773 1234 4829 laetabunda
1282 4780 1337 4826 et
1385 4771 1613 4824 laudans
1643 4789 1657 4825 :
1687 4770 1856 4839 gloria
1885 4769 2080 4823 Libani

515 4864 642 4918 data
663 4873 747 4920 est
775 4865 886 4919 eiet
906 4865 1069 4919 decor
1083 4863 1320 4918 Carmeli
1343 4881 1356 4928 ;
1375 4869 1427 4917 et
1441 4862 1677 4932 populus
1703 4877 1858 4915 meus
1877 4859 2080 4914 videbit

515 4956 743 5029 gloriam
768 4955 984 5010 Domini
1020 4963 1073 5010 et
1098 4954 1441 5008 altitudinem
1464 4953 1578 5008 Dei.
1607 4953 1926 5007 Confortate
1956 4966 2072 5005 ma-

515 5065 620 5103 nus
666 5046 984 5108 dissolutas,
1019 5052 1073 5101 et
1101 5055 1301 5116 'genua
1348 5045 1545 5099 debilia
1575 5045 1853 5098 roborate.
1905 5042 2078 5098 Dicite

513 5136 877 5205 pusillanimis
915 5157 926 5190 :
960 5135 1355 5191 Conlortamini
1397 5145 1450 5190 et
1492 5136 1660 5190 nolite
1689 5136 1916 5190 timere:
1952 5151 2078 5190 ecce

515 5224 659 5281 Deus
685 5233 863 5280 vester
890 5226 1152 5280 ultionem
1196 5220 1431 5279 adducet
1481 5226 1854 5280 retributionis
1885 5243 1902 5278 :
1933 5223 2076 5280 Deus

516 5314 630 5382 ipse
656 5317 832 5371 veniet
856 5324 909 5372 et
935 5317 1165 5373 salvabit
1202 5332 1323 5370 nos.
1370 5315 1525 5371 Tunc
1571 5318 1885 5388 aperientur
1931 5319 2075 5372 oculi

515 5417 807 5471 caacorum,
839 5417 892 5462 et
923 5421 1082 5462 aures
1111 5407 1402 5462 surdorum
1430 5409 1710 5476 patebunt.
1744 5407 1899 5462 Tunc
1921 5410 2076 5463 saliet

517 5491 658 5546 sicut
691 5512 886 5554 cervus
921 5500 1168 5560 claudus,
1202 5510 1252 5554 et
1284 5507 1468 5568 aperta
1513 5500 1615 5553 erit
1659 5500 1842 5570 lingua
1894 5510 2074 5555 muto-

595 5645 610 5674 ⁸
641 5648 659 5699 Ι
687 5652 814 5707 Cor.
853 5670 934 5718 ιιι,
968 5655 1050 5708 ll.
1131 5658 1150 5687 ²
1180 5655 1321 5709 Psal.
1345 5671 1509 5718 cxvu,
1539 5655 1626 5708 22.

508 5725 690 5784 nm,
717 5723 766 5777 ί,

1714 5656 1745 5727 ,³
1785 5654 1914 5710 Dan.
1943 5671 2000 5720 ιι,
2027 5657 2115 5710 53.

2705 4501 3094 4555 ΚΕΦΑΛΑΙΟΝ
3125 4495 3239 4568 ις’.
3297 4565 3300 4568 ,

2235 4605 2253 4637 ι
2278 4584 2641 4658 Εὐφράνθητι,
2667 4589 2869 4661 ἔρημος
2896 4590 3124 4658 διψῶσα,
3143 4582 3504 4658 ἀγαλλιάσθω,
3523 4576 3702 4655 ἔρημος,

2181 4679 2274 4732 καί⁵
2302 4679 2530 4732 ἁνθείτω
2579 4679 2655 4744 ὡς
2702 4682 2884 4753 κρίνον
2904 4700 2916 4712 ·
2950 4684 3041 4735 καὶ
3068 4681 3352 4752 ὲξανθήσει
3380 4680 3471 4734 καὶ
3493 4669 3700 4745 ἀγαλλιά-

2182 4789 2332 4824 σεται
2374 4772 2553 4843 ἔρημα
2595 4773 2689 4827 τοῦ
2732 4774 3024 4845 Ἰορδάνουσ
3059 4774 3152 4826 καὶ
3179 4777 3211 4843 ἡ
3245 4773 3376 4837 δόξα
3405 4771 3493 4843 τοῦ
3517 4765 3700 4821 Λιὸάνου

2178 4862 2520 4934 ὲδόθηιαύτῇ,
2541 4865 2634 4917 καὶ
2656 4868 2688 4936 ἡ
2713 4865 2844 4936 τιμὴ
2864 4865 2957 4918 τοῦ
2985 4865 3279 4936 Καρμήλου
3301 4881 3314 4894 ο
3344 4863 3436 4915 καὶ
3453 4862 3480 4913 ό
3496 4857 3607 4919 λαός
3627 4868 3699 4924 μου

2178 4951 2366 5024 ὄψεται
2387 4956 2484 5026 τὴν
2505 4955 2662 5022 δόξαν
2681 4956 2884 5028 Κυρίου
2919 4957 3012 5009 καί
3055 4957 3115 5010 τὸ
3137 4955 3266 5025 ὕψος
3287 4955 3382 5007 τοῦ
3408 4951 3551 5005 Θεοῦ.
3567 4943 3699 5013 Ἰσχὺο

2183 5066 2332 5113 σατε,
2366 5051 2545 5122 χεῖρες
2587 5047 2886 5120 ἀνειμέναι,
2921 5053 3014 5102 καὶ
3057 5050 3254 5117 γόνατα
3299 5037 3698 5116 παραλελυμένο³

2182 5139 2623 5210 παρακαλέσατε,
2649 5140 2954 5210 ὀλιγόψυχοι
2997 5142 3060 5209 τῇ
3088 5137 3294 5207 διανοίᾳ
3314 5156 3328 5170 ·
3366 5134 3616 5204 ἰσχύσατε,
3648 5122 3702 5190 μὴ

2183 5230 2462 5300 φοϐεῖσθε·
2501 5230 2608 5282 ἰδοὺ
2642 5231 2670 5281 ό
2703 5230 2834 5294 Θεὸς
2856 5229 3014 5300 ἡμῶν
3037 5229 3213 5300 κρίσιν
3242 5222 3612 5280 ἀνταποδίδωσι
3633 5211 3701 5266 καὶ

2182 5318 2548 5372 ἀνταποδώσει
2573 5335 2586 5349 ’
2617 5320 2778 5382 αὐτὸς
2792 5320 2930 5390 ἥξει,
2953 5320 3045 5372 καὶ
3074 5318 3232 5370 σώσει
3261 5318 3434 5387 ἡμᾶς·
3465 5313 3574 5364 τότε
3600 5307 3702 5359 ἀνοι-

2182 5411 2468 5482 Χθήσονται
2499 5411 2765 5481 ὁ(ιθθαλμοὶ
2805 5411 3042 5480 τυφλῶν,
3074 5412 3166 5464 καὶ
3204 5403 3321 5462 ὦτα
3363 5405 3550 5475 κωφῶν
3576 5393 3700 5454 (11(05-

2185 5517 2365 5554 σονται
2380 5517 2393 5531 ο
2419 5500 2536 5552 τότε
2558 5502 2764 5555 ἁλεῖται
2789 5503 2862 5565 ὼς
2879 5501 3072 5569 ἔλαφος
3094 5501 3280 5570 χωλὸς,
3298 5501 3391 5552 καὶ
3411 5493 3566 5567 τρανὴ
3586 5491 3698 5542 ἔσται

2224 5655 2411 5711 ‘Psal.
2442 5673 2570 5722 xvii,
2611 5657 2694 5711 45.
2798 5660 2817 5690 ⁵
2845 5657 2946 5712 lsa.
2981 5674 3108 5710 xxx.
3138 5656 3203 5710 27
3290 5656 3310 5686 ⁶
3344 5653 3447 5708 lsa.
3481 5661 3615 5710 aut,
3644 5640 3692 5701 9;
