  <div class='ocr_page' id='page_1' title='image "/cluster/home/n/w/nwhite01/storage/ocr_20150623/22/mdp.39015078384388/628.png"; bbox 0 0 3926 6260; ppageno 0'>
   <div class='ocr_carea' id='block_1_1' title="bbox 218 330 342 389">
    <p class='ocr_par' dir='ltr' id='par_1_1' title="bbox 218 330 342 389">
     <span class='ocr_line' id='line_1_1' title="bbox 218 330 342 389; baseline -0.024 0"><span class='ocrx_word' id='word_1_1' title='bbox 218 330 342 389; x_wconf 65' lang='grc'><strong>42⁸11</strong></span> 
     </span>
    </p>
   </div>
   <div class='ocr_carea' id='block_1_2' title="bbox 1227 309 2439 375">
    <p class='ocr_par' dir='ltr' id='par_1_2' title="bbox 1227 309 2439 375">
     <span class='ocr_line' id='line_1_2' title="bbox 1227 309 2439 375; baseline -0.003 -1"><span class='ocrx_word' id='word_1_2' title='bbox 1227 315 1525 375; x_wconf 73' lang='grc' dir='ltr'><strong>ΕΕιΟῦᾹΞ</strong></span> <span class='ocrx_word' id='word_1_3' title='bbox 1565 312 2045 371; x_wconf 75' lang='grc' dir='ltr'><strong>ΡΒΟΡΗΕΤΙΟᾸΞ.</strong></span> <span class='ocrx_word' id='word_1_4' title='bbox 2086 341 2155 352; x_wconf 92' lang='lat'><strong>—-</strong></span> <span class='ocrx_word' id='word_1_5' title='bbox 2191 309 2318 367; x_wconf 74' lang='lat' dir='ltr'><strong>LIB.</strong></span> <span class='ocrx_word' id='word_1_6' title='bbox 2348 311 2439 370; x_wconf 81' lang='lat' dir='ltr'><strong>IV.</strong></span> 
     </span>
    </p>
   </div>
   <div class='ocr_carea' id='block_1_3' title="bbox 3329 316 3465 371">
    <p class='ocr_par' dir='ltr' id='par_1_3' title="bbox 3329 316 3465 371">
     <span class='ocr_line' id='line_1_3' title="bbox 3329 316 3465 371; baseline 0.015 -2"><span class='ocrx_word' id='word_1_7' title='bbox 3329 316 3465 371; x_wconf 67' lang='lat'><strong>19.99.</strong></span> 
     </span>
    </p>
   </div>
   <div class='ocr_carea' id='block_1_4' title="bbox 216 433 1801 517">
    <p class='ocr_par' dir='ltr' id='par_1_4' title="bbox 216 435 1790 517">
     <span class='ocr_line' id='line_1_4' title="bbox 216 435 1790 517; baseline -0.01 -16"><span class='ocrx_word' id='word_1_8' title='bbox 216 445 426 517; x_wconf 88' lang='grc' dir='ltr'>γλῶσσα</span> <span class='ocrx_word' id='word_1_9' title='bbox 471 444 792 515; x_wconf 83' lang='grc' dir='ltr'>μογιλάλων,</span> <span class='ocrx_word' id='word_1_10' title='bbox 826 441 907 494; x_wconf 83' lang='grc' dir='ltr'>ὅτι</span> <span class='ocrx_word' id='word_1_11' title='bbox 949 438 1160 510; x_wconf 76' lang='grc' dir='ltr'>ἐρράγη</span> <span class='ocrx_word' id='word_1_12' title='bbox 1199 437 1257 489; x_wconf 85' lang='grc' dir='ltr'><strong>ἐν</strong></span> <span class='ocrx_word' id='word_1_13' title='bbox 1296 439 1361 506; x_wconf 86' lang='grc' dir='ltr'>τῇ</span> <span class='ocrx_word' id='word_1_14' title='bbox 1405 436 1596 506; x_wconf 81' lang='grc' dir='ltr'>ἐρήμῳ</span> <span class='ocrx_word' id='word_1_15' title='bbox 1625 435 1790 504; x_wconf 74' lang='grc' dir='ltr'>ὕδωρ,</span> 
     </span>
    </p>
   </div>
   <div class='ocr_carea' id='block_1_5' title="bbox 1905 433 3466 517">
    <p class='ocr_par' dir='ltr' id='par_1_5' title="bbox 1905 433 3466 504">
     <span class='ocr_line' id='line_1_5' title="bbox 1905 433 3466 504; baseline 0.001 -16"><span class='ocrx_word' id='word_1_16' title='bbox 1905 447 2016 488; x_wconf 86' lang='lat' dir='ltr'><strong>rum</strong></span> <span class='ocrx_word' id='word_1_17' title='bbox 2047 451 2064 487; x_wconf 82' lang='lat'><strong>:-</strong></span> <span class='ocrx_word' id='word_1_18' title='bbox 2094 433 2221 503; x_wconf 84' lang='lat' dir='ltr'><strong>quia</strong></span> <span class='ocrx_word' id='word_1_19' title='bbox 2252 433 2439 488; x_wconf 84' lang='lat' dir='ltr'><strong>scissae</strong></span> <span class='ocrx_word' id='word_1_20' title='bbox 2467 439 2594 487; x_wconf 90' lang='lat' dir='ltr'><strong>sunt</strong></span> <span class='ocrx_word' id='word_1_21' title='bbox 2629 433 2684 486; x_wconf 80' lang='lat' dir='ltr'><strong>in</strong></span> <span class='ocrx_word' id='word_1_22' title='bbox 2708 433 2926 489; x_wconf 85' lang='lat' dir='ltr'><strong>deserto</strong></span> <span class='ocrx_word' id='word_1_23' title='bbox 2957 447 3132 504; x_wconf 89' lang='lat' dir='ltr'><strong>aquae,</strong></span> <span class='ocrx_word' id='word_1_24' title='bbox 3166 440 3221 490; x_wconf 91' lang='lat' dir='ltr'><strong>et</strong></span> <span class='ocrx_word' id='word_1_25' title='bbox 3253 441 3466 490; x_wconf 85' lang='lat' dir='ltr'><strong>torren-</strong></span> 
     </span>
    </p>
   </div>
   <div class='ocr_carea' id='block_1_6' title="bbox 218 527 1786 606">
    <p class='ocr_par' dir='ltr' id='par_1_6' title="bbox 218 527 1786 606">
     <span class='ocr_line' id='line_1_6' title="bbox 218 527 1786 606; baseline -0.01 -13"><span class='ocrx_word' id='word_1_26' title='bbox 218 539 310 593; x_wconf 71' lang='grc' dir='ltr'>καὶ</span> <span class='ocrx_word' id='word_1_27' title='bbox 339 535 549 606; x_wconf 84' lang='grc' dir='ltr'>φάραγξ</span> <span class='ocrx_word' id='word_1_28' title='bbox 599 539 657 589; x_wconf 82' lang='grc' dir='ltr'><strong>ὲν</strong></span> <span class='ocrx_word' id='word_1_29' title='bbox 701 537 772 605; x_wconf 86' lang='grc' dir='ltr'>γῇ</span> <span class='ocrx_word' id='word_1_30' title='bbox 811 529 1018 602; x_wconf 77' lang='grc' dir='ltr'>διψώσῃ</span> <span class='ocrx_word' id='word_1_31' title='bbox 1039 547 1052 559; x_wconf 91' lang='grc'><strong>·</strong></span> <span class='ocrx_word' id='word_1_32' title='bbox 1084 531 1234 598; x_wconf 78' lang='grc' dir='ltr'><strong>καὶὴ</strong></span> <span class='ocrx_word' id='word_1_33' title='bbox 1270 527 1493 598; x_wconf 77' lang='grc' dir='ltr'>ἄνυδρος</span> <span class='ocrx_word' id='word_1_34' title='bbox 1528 527 1678 579; x_wconf 76' lang='grc' dir='ltr'>ἔσται</span> <span class='ocrx_word' id='word_1_35' title='bbox 1709 529 1786 590; x_wconf 81' lang='grc' dir='ltr'><strong>εἰς</strong></span> 
     </span>
    </p>
   </div>
   <div class='ocr_carea' id='block_1_7' title="bbox 215 618 1783 700">
    <p class='ocr_par' dir='ltr' id='par_1_7' title="bbox 215 618 1783 700">
     <span class='ocr_line' id='line_1_7' title="bbox 215 618 1783 700; baseline -0.009 -17"><span class='ocrx_word' id='word_1_36' title='bbox 215 630 330 700; x_wconf 68' lang='grc' dir='ltr'>ἕλη,</span> <span class='ocrx_word' id='word_1_37' title='bbox 358 630 450 682; x_wconf 74' lang='grc' dir='ltr'><strong>καὶ</strong></span> <span class='ocrx_word' id='word_1_38' title='bbox 487 630 565 692; x_wconf 72' lang='grc' dir='ltr'>εἰς</span> <span class='ocrx_word' id='word_1_39' title='bbox 587 627 684 699; x_wconf 79' lang='grc' dir='ltr'><strong>τὴν</strong></span> <span class='ocrx_word' id='word_1_40' title='bbox 711 624 949 696; x_wconf 77' lang='grc' dir='ltr'>διψῶσαν</span> <span class='ocrx_word' id='word_1_41' title='bbox 975 621 1079 691; x_wconf 82' lang='grc' dir='ltr'><strong>γῆν</strong></span> <span class='ocrx_word' id='word_1_42' title='bbox 1112 620 1260 690; x_wconf 80' lang='grc' dir='ltr'>πηγὴ</span> <span class='ocrx_word' id='word_1_43' title='bbox 1307 619 1513 672; x_wconf 83' lang='grc' dir='ltr'>ὑδάτων</span> <span class='ocrx_word' id='word_1_44' title='bbox 1557 618 1726 674; x_wconf 73' lang='grc' dir='ltr'>ἔσται.</span> <span class='ocrx_word' id='word_1_45' title='bbox 1763 637 1783 669; x_wconf 71' lang='grc' dir='ltr'><strong>ι</strong></span> 
     </span>
    </p>
   </div>
   <div class='ocr_carea' id='block_1_8' title="bbox 228 712 1789 793">
    <p class='ocr_par' dir='ltr' id='par_1_8' title="bbox 228 712 1789 793">
     <span class='ocr_line' id='line_1_8' title="bbox 228 712 1789 793; baseline -0.008 -17"><span class='ocrx_word' id='word_1_46' title='bbox 228 722 349 777; x_wconf 75' lang='grc' dir='ltr'>Ἐπὶ</span> <span class='ocrx_word' id='word_1_47' title='bbox 389 724 455 793; x_wconf 80' lang='grc' dir='ltr'>τῇ</span> <span class='ocrx_word' id='word_1_48' title='bbox 498 720 590 774; x_wconf 86' lang='grc' dir='ltr'><strong>τοῦ</strong></span> <span class='ocrx_word' id='word_1_49' title='bbox 642 717 777 773; x_wconf 87' lang='grc' dir='ltr'>Θεοῦ</span> <span class='ocrx_word' id='word_1_50' title='bbox 822 715 1093 788; x_wconf 77' lang='grc' dir='ltr'><strong>παρουσίᾳ</strong></span> <span class='ocrx_word' id='word_1_51' title='bbox 1120 713 1219 777; x_wconf 79' lang='grc' dir='ltr'>τὰς</span> <span class='ocrx_word' id='word_1_52' title='bbox 1251 712 1587 784; x_wconf 81' lang='grc' dir='ltr'><strong>παραδόξους</strong></span> <span class='ocrx_word' id='word_1_53' title='bbox 1620 712 1789 775; x_wconf 82' lang='grc' dir='ltr'><strong>ἰάσεις</strong></span> 
     </span>
    </p>
   </div>
   <div class='ocr_carea' id='block_1_9' title="bbox 217 798 1791 881">
    <p class='ocr_par' dir='ltr' id='par_1_9' title="bbox 217 798 1791 881">
     <span class='ocr_line' id='line_1_9' title="bbox 217 798 1791 881; baseline -0.011 -14"><span class='ocrx_word' id='word_1_54' title='bbox 217 811 427 867; x_wconf 71' lang='grc' dir='ltr'>ἔσεσθαι</span> <span class='ocrx_word' id='word_1_55' title='bbox 475 808 849 881; x_wconf 81' lang='grc' dir='ltr'><strong>προαγορεύει.</strong></span> <span class='ocrx_word' id='word_1_56' title='bbox 878 804 1071 873; x_wconf 82' lang='grc' dir='ltr'><strong>Σαφῶς</strong></span> <span class='ocrx_word' id='word_1_57' title='bbox 1116 798 1206 855; x_wconf 76' lang='grc' dir='ltr'><strong>οὖν</strong></span> <span class='ocrx_word' id='word_1_58' title='bbox 1248 802 1342 854; x_wconf 70' lang='grc' dir='ltr'><strong>καὶ</strong></span> <span class='ocrx_word' id='word_1_59' title='bbox 1385 800 1570 853; x_wconf 82' lang='grc' dir='ltr'>ἐνθάδε</span> <span class='ocrx_word' id='word_1_60' title='bbox 1598 802 1663 870; x_wconf 83' lang='grc' dir='ltr'>τῇ</span> <span class='ocrx_word' id='word_1_61' title='bbox 1694 798 1791 850; x_wconf 83' lang='grc' dir='ltr'><strong>τοῦ</strong></span> 
     </span>
    </p>
   </div>
   <div class='ocr_carea' id='block_1_10' title="bbox 217 887 1790 975">
    <p class='ocr_par' dir='ltr' id='par_1_10' title="bbox 217 887 1790 975">
     <span class='ocr_line' id='line_1_10' title="bbox 217 887 1790 975; baseline -0.008 -16"><span class='ocrx_word' id='word_1_62' title='bbox 217 905 349 960; x_wconf 83' lang='grc' dir='ltr'>Θεοῦ</span> <span class='ocrx_word' id='word_1_63' title='bbox 384 903 724 975; x_wconf 83' lang='grc' dir='ltr'>προσηγορίᾳ</span> <span class='ocrx_word' id='word_1_64' title='bbox 765 902 792 953; x_wconf 87' lang='grc' dir='ltr'>ὁ</span> <span class='ocrx_word' id='word_1_65' title='bbox 824 897 1058 969; x_wconf 85' lang='grc' dir='ltr'>Χριστὸς</span> <span class='ocrx_word' id='word_1_66' title='bbox 1093 895 1185 948; x_wconf 82' lang='grc' dir='ltr'><strong>τοῦ</strong></span> <span class='ocrx_word' id='word_1_67' title='bbox 1222 893 1355 947; x_wconf 86' lang='grc' dir='ltr'>Θεοῦ</span> <span class='ocrx_word' id='word_1_68' title='bbox 1383 893 1696 964; x_wconf 74' lang='grc' dir='ltr'>τετίμηταιο</span> <span class='ocrx_word' id='word_1_69' title='bbox 1727 887 1790 947; x_wconf 81' lang='grc' dir='ltr'><strong>οῦ</strong></span> 
     </span>
    </p>
   </div>
   <div class='ocr_carea' id='block_1_11' title="bbox 216 986 1790 1067">
    <p class='ocr_par' dir='ltr' id='par_1_11' title="bbox 216 986 1790 1067">
     <span class='ocr_line' id='line_1_11' title="bbox 216 986 1790 1067; baseline -0.008 -16"><span class='ocrx_word' id='word_1_70' title='bbox 216 997 306 1052; x_wconf 75' lang='grc' dir='ltr'>ἐπὶ</span> <span class='ocrx_word' id='word_1_71' title='bbox 329 998 394 1067; x_wconf 84' lang='grc' dir='ltr'>τῇ</span> <span class='ocrx_word' id='word_1_72' title='bbox 428 994 698 1065; x_wconf 73' lang='grc' dir='ltr'>παρουσίᾳ</span> <span class='ocrx_word' id='word_1_73' title='bbox 725 991 818 1046; x_wconf 75' lang='grc' dir='ltr'>καὶ</span> <span class='ocrx_word' id='word_1_74' title='bbox 844 987 1171 1060; x_wconf 76' lang='grc' dir='ltr'><strong>σωματικῶς</strong></span> <span class='ocrx_word' id='word_1_75' title='bbox 1196 986 1293 1056; x_wconf 87' lang='grc' dir='ltr'><strong>μὲν</strong></span> <span class='ocrx_word' id='word_1_76' title='bbox 1321 987 1377 1038; x_wconf 85' lang='grc' dir='ltr'>αἱ</span> <span class='ocrx_word' id='word_1_77' title='bbox 1401 986 1790 1056; x_wconf 81' lang='grc' dir='ltr'>προειρημέναι</span> 
     </span>
    </p>
   </div>
   <div class='ocr_carea' id='block_1_12' title="bbox 217 1074 1790 1164">
    <p class='ocr_par' dir='ltr' id='par_1_12' title="bbox 217 1074 1790 1164">
     <span class='ocr_line' id='line_1_12' title="bbox 217 1074 1790 1164; baseline -0.011 -20"><span class='ocrx_word' id='word_1_78' title='bbox 217 1090 500 1164; x_wconf 86' lang='grc' dir='ltr'>θεραπεῖαι</span> <span class='ocrx_word' id='word_1_79' title='bbox 531 1083 753 1139; x_wconf 73' lang='grc' dir='ltr'>ἐπὶτῶν</span> <span class='ocrx_word' id='word_1_80' title='bbox 786 1080 1102 1152; x_wconf 84' lang='grc' dir='ltr'>πασχόντων</span> <span class='ocrx_word' id='word_1_81' title='bbox 1130 1074 1593 1144; x_wconf 80' lang='grc' dir='ltr'>ἀπετελέσθησαν,</span> <span class='ocrx_word' id='word_1_82' title='bbox 1616 1075 1676 1144; x_wconf 69' lang='grc' dir='ltr'>(ι.</span> <span class='ocrx_word' id='word_1_83' title='bbox 1701 1075 1790 1146; x_wconf 77' lang='grc'><strong>51)</strong></span> 
     </span>
    </p>
   </div>
   <div class='ocr_carea' id='block_1_13' title="bbox 216 1167 1794 1253">
    <p class='ocr_par' dir='ltr' id='par_1_13' title="bbox 216 1167 1794 1253">
     <span class='ocr_line' id='line_1_13' title="bbox 216 1167 1794 1253; baseline -0.011 -17"><span class='ocrx_word' id='word_1_84' title='bbox 216 1179 658 1253; x_wconf 86' lang='grc' dir='ltr'>θαυμασιώτερον</span> <span class='ocrx_word' id='word_1_85' title='bbox 687 1178 730 1230; x_wconf 84' lang='grc' dir='ltr'><strong>δ’</strong></span> <span class='ocrx_word' id='word_1_86' title='bbox 754 1175 832 1228; x_wconf 75' lang='grc' dir='ltr'>ἔτι</span> <span class='ocrx_word' id='word_1_87' title='bbox 865 1174 958 1228; x_wconf 70' lang='grc' dir='ltr'><strong>καὶ</strong></span> <span class='ocrx_word' id='word_1_88' title='bbox 990 1171 1086 1225; x_wconf 87' lang='grc' dir='ltr'><strong>νῦν</strong></span> <span class='ocrx_word' id='word_1_89' title='bbox 1117 1167 1463 1240; x_wconf 83' lang='grc' dir='ltr'>ἐνεργοῦνται</span> <span class='ocrx_word' id='word_1_90' title='bbox 1485 1168 1570 1221; x_wconf 78' lang='grc' dir='ltr'><strong>διὰ</strong></span> <span class='ocrx_word' id='word_1_91' title='bbox 1591 1168 1690 1239; x_wconf 77' lang='grc' dir='ltr'><strong>τῆς</strong></span> <span class='ocrx_word' id='word_1_92' title='bbox 1713 1169 1794 1231; x_wconf 73' lang='grc' dir='ltr'>εἰς</span> 
     </span>
    </p>
   </div>
   <div class='ocr_carea' id='block_1_14' title="bbox 215 1257 1795 1331">
    <p class='ocr_par' dir='ltr' id='par_1_14' title="bbox 215 1257 1795 1331">
     <span class='ocr_line' id='line_1_14' title="bbox 215 1257 1795 1331; baseline -0.011 -4"><span class='ocrx_word' id='word_1_93' title='bbox 215 1272 376 1327; x_wconf 81' lang='grc' dir='ltr'>αὐτὸν</span> <span class='ocrx_word' id='word_1_94' title='bbox 427 1271 682 1331; x_wconf 81' lang='grc' dir='ltr'>πίστεως,</span> <span class='ocrx_word' id='word_1_95' title='bbox 713 1266 914 1328; x_wconf 87' lang='grc' dir='ltr'>παντὸς</span> <span class='ocrx_word' id='word_1_96' title='bbox 966 1259 1299 1326; x_wconf 82' lang='grc' dir='ltr'>ἁπαξαπλῶς</span> <span class='ocrx_word' id='word_1_97' title='bbox 1326 1259 1420 1311; x_wconf 89' lang='grc' dir='ltr'><strong>τοῦ</strong></span> <span class='ocrx_word' id='word_1_98' title='bbox 1450 1259 1557 1311; x_wconf 88' lang='grc' dir='ltr'><strong>τῶν</strong></span> <span class='ocrx_word' id='word_1_99' title='bbox 1587 1257 1795 1329; x_wconf 84' lang='grc' dir='ltr'>ἀνθρὼ-</span> 
     </span>
    </p>
   </div>
   <div class='ocr_carea' id='block_1_15' title="bbox 215 1350 1791 1432">
    <p class='ocr_par' dir='ltr' id='par_1_15' title="bbox 215 1350 1791 1432">
     <span class='ocr_line' id='line_1_15' title="bbox 215 1350 1791 1432; baseline -0.01 -15"><span class='ocrx_word' id='word_1_100' title='bbox 215 1381 332 1418; x_wconf 87' lang='grc' dir='ltr'>πων</span> <span class='ocrx_word' id='word_1_101' title='bbox 351 1362 541 1432; x_wconf 83' lang='grc' dir='ltr'>γένους</span> <span class='ocrx_word' id='word_1_102' title='bbox 568 1359 674 1414; x_wconf 90' lang='grc' dir='ltr'><strong>τῶν</strong></span> <span class='ocrx_word' id='word_1_103' title='bbox 703 1358 842 1413; x_wconf 82' lang='grc' dir='ltr'>κατά</span> <span class='ocrx_word' id='word_1_104' title='bbox 869 1356 1044 1427; x_wconf 75' lang='grc' dir='ltr'>ψυχὴν</span> <span class='ocrx_word' id='word_1_105' title='bbox 1077 1353 1266 1407; x_wconf 90' lang='grc' dir='ltr'>παθῶν</span> <span class='ocrx_word' id='word_1_106' title='bbox 1300 1350 1791 1420; x_wconf 78' lang='grc' dir='ltr'>ἀπαλλαττομένου.</span> 
     </span>
    </p>
   </div>
   <div class='ocr_carea' id='block_1_16' title="bbox 227 1443 1796 1528">
    <p class='ocr_par' dir='ltr' id='par_1_16' title="bbox 227 1443 1796 1528">
     <span class='ocr_line' id='line_1_16' title="bbox 227 1443 1796 1528; baseline -0.011 -17"><span class='ocrx_word' id='word_1_107' title='bbox 227 1457 467 1528; x_wconf 80' lang='grc' dir='ltr'>Ἐρῤάγη</span> <span class='ocrx_word' id='word_1_108' title='bbox 493 1454 550 1506; x_wconf 85' lang='grc' dir='ltr'><strong>δὲ</strong></span> <span class='ocrx_word' id='word_1_109' title='bbox 577 1454 634 1505; x_wconf 85' lang='grc' dir='ltr'><strong>ἐν</strong></span> <span class='ocrx_word' id='word_1_110' title='bbox 649 1454 714 1522; x_wconf 84' lang='grc' dir='ltr'>τῇ</span> <span class='ocrx_word' id='word_1_111' title='bbox 750 1451 939 1521; x_wconf 86' lang='grc' dir='ltr'>ἐρήμῳ</span> <span class='ocrx_word' id='word_1_112' title='bbox 958 1447 1100 1518; x_wconf 78' lang='grc' dir='ltr'>’ύδωρ</span> <span class='ocrx_word' id='word_1_113' title='bbox 1135 1445 1303 1515; x_wconf 68' lang='grc' dir='ltr'>ἐπὶξτῇ</span> <span class='ocrx_word' id='word_1_114' title='bbox 1333 1443 1567 1516; x_wconf 79' lang='grc' dir='ltr'>Χριστοῦ</span> <span class='ocrx_word' id='word_1_115' title='bbox 1592 1460 1796 1513; x_wconf 88' lang='grc' dir='ltr'>παρου-</span> 
     </span>
    </p>
   </div>
   <div class='ocr_carea' id='block_1_17' title="bbox 217 1534 1795 1618">
    <p class='ocr_par' dir='ltr' id='par_1_17' title="bbox 217 1534 1795 1618">
     <span class='ocr_line' id='line_1_17' title="bbox 217 1534 1795 1618; baseline -0.008 -17"><span class='ocrx_word' id='word_1_116' title='bbox 217 1548 306 1618; x_wconf 79' lang='grc' dir='ltr'><strong>σίᾳ</strong></span> <span class='ocrx_word' id='word_1_117' title='bbox 333 1547 430 1600; x_wconf 76' lang='grc' dir='ltr'>καὶ</span> <span class='ocrx_word' id='word_1_118' title='bbox 471 1542 687 1616; x_wconf 81' lang='grc' dir='ltr'>φάραγξ</span> <span class='ocrx_word' id='word_1_119' title='bbox 719 1543 775 1594; x_wconf 87' lang='grc' dir='ltr'><strong>ἐν</strong></span> <span class='ocrx_word' id='word_1_120' title='bbox 825 1543 892 1611; x_wconf 84' lang='grc' dir='ltr'>γῇ</span> <span class='ocrx_word' id='word_1_121' title='bbox 935 1537 1166 1609; x_wconf 80' lang='grc' dir='ltr'>διψώσῃ,</span> <span class='ocrx_word' id='word_1_122' title='bbox 1196 1537 1290 1589; x_wconf 87' lang='grc' dir='ltr'><strong>τοῦ</strong></span> <span class='ocrx_word' id='word_1_123' title='bbox 1318 1536 1546 1606; x_wconf 77' lang='grc' dir='ltr'>ποτίμου</span> <span class='ocrx_word' id='word_1_124' title='bbox 1574 1535 1667 1588; x_wconf 68' lang='grc' dir='ltr'>καὶ</span> <span class='ocrx_word' id='word_1_125' title='bbox 1690 1534 1795 1599; x_wconf 81' lang='grc' dir='ltr'><strong>ξω-</strong></span> 
     </span>
    </p>
   </div>
   <div class='ocr_carea' id='block_1_18' title="bbox 213 1627 1794 1704">
    <p class='ocr_par' dir='ltr' id='par_1_18' title="bbox 213 1627 1794 1704">
     <span class='ocr_line' id='line_1_18' title="bbox 213 1627 1794 1704; baseline -0.009 -12"><span class='ocrx_word' id='word_1_126' title='bbox 213 1637 365 1691; x_wconf 83' lang='grc' dir='ltr'>τικοῦ</span> <span class='ocrx_word' id='word_1_127' title='bbox 416 1637 576 1704; x_wconf 83' lang='grc' dir='ltr'>λόγου</span> <span class='ocrx_word' id='word_1_128' title='bbox 622 1631 1023 1702; x_wconf 75' lang='grc' dir='ltr'>ἀναϐλύσαντος</span> <span class='ocrx_word' id='word_1_129' title='bbox 1073 1631 1132 1682; x_wconf 86' lang='grc' dir='ltr'><strong>ἐν</strong></span> <span class='ocrx_word' id='word_1_130' title='bbox 1178 1632 1242 1701; x_wconf 83' lang='grc' dir='ltr'>τῇ</span> <span class='ocrx_word' id='word_1_131' title='bbox 1275 1628 1443 1681; x_wconf 76' lang='grc' dir='ltr'>πάλαι</span> <span class='ocrx_word' id='word_1_132' title='bbox 1476 1628 1666 1699; x_wconf 91' lang='grc' dir='ltr'>ἐρήμῳ</span> <span class='ocrx_word' id='word_1_133' title='bbox 1699 1627 1794 1680; x_wconf 80' lang='grc' dir='ltr'><strong>καὶ</strong></span> 
     </span>
    </p>
   </div>
   <div class='ocr_carea' id='block_1_19' title="bbox 212 1713 1796 1799">
    <p class='ocr_par' dir='ltr' id='par_1_19' title="bbox 212 1713 1796 1799">
     <span class='ocr_line' id='line_1_19' title="bbox 212 1713 1796 1799; baseline -0.008 -17"><span class='ocrx_word' id='word_1_134' title='bbox 212 1728 422 1799; x_wconf 79' lang='grc' dir='ltr'>διψώσῃ</span> <span class='ocrx_word' id='word_1_135' title='bbox 473 1730 565 1798; x_wconf 83' lang='grc' dir='ltr'>γῇ,</span> <span class='ocrx_word' id='word_1_136' title='bbox 600 1729 666 1796; x_wconf 84' lang='grc' dir='ltr'>τῇ</span> <span class='ocrx_word' id='word_1_137' title='bbox 699 1724 755 1790; x_wconf 82' lang='grc' dir='ltr'>ἐξ</span> <span class='ocrx_word' id='word_1_138' title='bbox 782 1721 949 1775; x_wconf 81' lang='grc' dir='ltr'>ἐθνῶν</span> <span class='ocrx_word' id='word_1_139' title='bbox 995 1719 1309 1790; x_wconf 68' lang='grc' dir='ltr'>Ἐκκλησία,</span> <span class='ocrx_word' id='word_1_140' title='bbox 1347 1720 1404 1770; x_wconf 79' lang='grc' dir='ltr'><strong>ἐν</strong></span> <span class='ocrx_word' id='word_1_141' title='bbox 1534 1718 1796 1789; x_wconf 88' lang='grc' dir='ltr'>πρότερον</span> 
     </span>
    </p>
   </div>
   <div class='ocr_carea' id='block_1_20' title="bbox 1889 520 3468 592">
    <p class='ocr_par' dir='ltr' id='par_1_20' title="bbox 1889 520 3468 592">
     <span class='ocr_line' id='line_1_20' title="bbox 1889 520 3468 592; baseline 0.002 -18"><span class='ocrx_word' id='word_1_142' title='bbox 1889 532 1972 576; x_wconf 88' lang='lat' dir='ltr'><strong>tes</strong></span> <span class='ocrx_word' id='word_1_143' title='bbox 2001 521 2057 575; x_wconf 87' lang='lat' dir='ltr'><strong>in</strong></span> <span class='ocrx_word' id='word_1_144' title='bbox 2089 522 2401 576; x_wconf 91' lang='lat' dir='ltr'><strong>solitudine.</strong></span> <span class='ocrx_word' id='word_1_145' title='bbox 2447 520 2514 574; x_wconf 87' lang='lat' dir='ltr'><strong>Et</strong></span> <span class='ocrx_word' id='word_1_146' title='bbox 2559 538 2682 592; x_wconf 76' lang='lat' dir='ltr'><strong>qua:</strong></span> <span class='ocrx_word' id='word_1_147' title='bbox 2729 529 2847 578; x_wconf 85' lang='lat' dir='ltr'><strong>erat</strong></span> <span class='ocrx_word' id='word_1_148' title='bbox 2891 522 3042 576; x_wconf 87' lang='lat' dir='ltr'><strong>arida</strong></span> <span class='ocrx_word' id='word_1_149' title='bbox 3093 523 3199 577; x_wconf 87' lang='lat' dir='ltr'><strong>erit</strong></span> <span class='ocrx_word' id='word_1_150' title='bbox 3242 524 3296 577; x_wconf 87' lang='lat' dir='ltr'><strong>in</strong></span> <span class='ocrx_word' id='word_1_151' title='bbox 3354 530 3468 578; x_wconf 82' lang='lat' dir='ltr'><strong>sta-</strong></span> 
     </span>
    </p>
   </div>
   <div class='ocr_carea' id='block_1_21' title="bbox 1889 611 3468 684">
    <p class='ocr_par' dir='ltr' id='par_1_21' title="bbox 1889 611 3468 684">
     <span class='ocr_line' id='line_1_21' title="bbox 1889 611 3468 684; baseline 0.002 -19"><span class='ocrx_word' id='word_1_152' title='bbox 1889 627 2079 684; x_wconf 82' lang='lat' dir='ltr'><strong>gnum,</strong></span> <span class='ocrx_word' id='word_1_153' title='bbox 2112 619 2167 666; x_wconf 91' lang='lat' dir='ltr'><strong>et</strong></span> <span class='ocrx_word' id='word_1_154' title='bbox 2199 612 2392 666; x_wconf 91' lang='lat' dir='ltr'><strong>sitiens</strong></span> <span class='ocrx_word' id='word_1_155' title='bbox 2439 612 2493 666; x_wconf 89' lang='lat' dir='ltr'><strong>in</strong></span> <span class='ocrx_word' id='word_1_156' title='bbox 2547 611 2726 667; x_wconf 87' lang='lat' dir='ltr'><strong>fontes</strong></span> <span class='ocrx_word' id='word_1_157' title='bbox 2755 614 3085 683; x_wconf 79' lang='lat' dir='ltr'><strong>aquarum‘.</strong></span> <span class='ocrx_word' id='word_1_158' title='bbox 3129 633 3147 664; x_wconf 84' lang='grc'><strong><em>›</em></strong></span> <span class='ocrx_word' id='word_1_159' title='bbox 3186 611 3281 667; x_wconf 88' lang='lat' dir='ltr'><strong>Dei</strong></span> <span class='ocrx_word' id='word_1_160' title='bbox 3329 629 3468 684; x_wconf 71' lang='lat' dir='ltr'><strong>pra:-</strong></span> 
     </span>
    </p>
   </div>
   <div class='ocr_carea' id='block_1_22' title="bbox 1891 704 3486 802">
    <p class='ocr_par' dir='ltr' id='par_1_22' title="bbox 1891 704 3486 802">
     <span class='ocr_line' id='line_1_22' title="bbox 1891 704 3486 802; baseline 0.001 -42"><span class='ocrx_word' id='word_1_161' title='bbox 1891 705 2066 760; x_wconf 87' lang='lat' dir='ltr'><strong>sentia</strong></span> <span class='ocrx_word' id='word_1_162' title='bbox 2122 704 2477 760; x_wconf 83' lang='lat' dir='ltr'><strong>admirabiles</strong></span> <span class='ocrx_word' id='word_1_163' title='bbox 2550 704 2666 760; x_wconf 83' lang='lat' dir='ltr'><strong>fore</strong></span> <span class='ocrx_word' id='word_1_164' title='bbox 2719 707 3032 761; x_wconf 86' lang='lat' dir='ltr'><strong>sanationes</strong></span> <span class='ocrx_word' id='word_1_165' title='bbox 3108 705 3486 802; x_wconf 54' lang='lat' dir='ltr'><strong>praenuntiam:</strong></span> 
     </span>
    </p>
   </div>
   <div class='ocr_carea' id='block_1_23' title="bbox 1889 792 3480 866">
    <p class='ocr_par' dir='ltr' id='par_1_23' title="bbox 1889 792 3480 866">
     <span class='ocr_line' id='line_1_23' title="bbox 1889 792 3480 866; baseline 0.002 -19"><span class='ocrx_word' id='word_1_166' title='bbox 1889 792 2091 864; x_wconf 78' lang='lat' dir='ltr'><strong>Aperte</strong></span> <span class='ocrx_word' id='word_1_167' title='bbox 2124 795 2292 866; x_wconf 85' lang='lat' dir='ltr'><strong>igitur</strong></span> <span class='ocrx_word' id='word_1_168' title='bbox 2317 795 2407 849; x_wconf 90' lang='lat' dir='ltr'><strong>hic</strong></span> <span class='ocrx_word' id='word_1_169' title='bbox 2442 809 2661 865; x_wconf 90' lang='lat' dir='ltr'><strong>quoque</strong></span> <span class='ocrx_word' id='word_1_170' title='bbox 2703 793 2797 850; x_wconf 87' lang='lat' dir='ltr'><strong>Dei</strong></span> <span class='ocrx_word' id='word_1_171' title='bbox 2831 795 3183 864; x_wconf 81' lang='lat' dir='ltr'><strong>praedictione</strong></span> <span class='ocrx_word' id='word_1_172' title='bbox 3211 792 3480 856; x_wconf 76' lang='lat' dir='ltr'><strong>Christqu</strong></span> 
     </span>
    </p>
   </div>
   <div class='ocr_carea' id='block_1_24' title="bbox 1895 885 3470 959">
    <p class='ocr_par' dir='ltr' id='par_1_24' title="bbox 1895 885 3470 959">
     <span class='ocr_line' id='line_1_24' title="bbox 1895 885 3470 959; baseline 0.004 -22"><span class='ocrx_word' id='word_1_173' title='bbox 1895 885 1990 941; x_wconf 89' lang='lat' dir='ltr'><strong>Dei</strong></span> <span class='ocrx_word' id='word_1_174' title='bbox 2021 887 2366 957; x_wconf 83' lang='lat' dir='ltr'><strong>gloriﬁcatus</strong></span> <span class='ocrx_word' id='word_1_175' title='bbox 2395 897 2498 943; x_wconf 89' lang='lat' dir='ltr'><strong>est.</strong></span> <span class='ocrx_word' id='word_1_176' title='bbox 2523 888 2692 957; x_wconf 85' lang='lat' dir='ltr'><strong>Cujus</strong></span> <span class='ocrx_word' id='word_1_177' title='bbox 2719 889 3008 958; x_wconf 83' lang='lat' dir='ltr'><strong>praesentia</strong></span> <span class='ocrx_word' id='word_1_178' title='bbox 3035 898 3087 943; x_wconf 91' lang='lat' dir='ltr'><strong>et</strong></span> <span class='ocrx_word' id='word_1_179' title='bbox 3111 890 3470 959; x_wconf 79' lang='lat' dir='ltr'><strong>corporaliter</strong></span> 
     </span>
    </p>
   </div>
   <div class='ocr_carea' id='block_1_25' title="bbox 1893 979 3470 1052">
    <p class='ocr_par' dir='ltr' id='par_1_25' title="bbox 1893 979 3470 1052">
     <span class='ocr_line' id='line_1_25' title="bbox 1893 979 3470 1052; baseline 0.003 -19"><span class='ocrx_word' id='word_1_180' title='bbox 1893 979 2110 1050; x_wconf 89' lang='lat' dir='ltr'><strong>quidem</strong></span> <span class='ocrx_word' id='word_1_181' title='bbox 2137 979 2405 1050; x_wconf 77' lang='lat' dir='ltr'><strong>praedictae</strong></span> <span class='ocrx_word' id='word_1_182' title='bbox 2427 981 2740 1036; x_wconf 89' lang='lat' dir='ltr'><strong>sanationes</strong></span> <span class='ocrx_word' id='word_1_183' title='bbox 2771 981 2825 1034; x_wconf 93' lang='lat' dir='ltr'><strong>in</strong></span> <span class='ocrx_word' id='word_1_184' title='bbox 2853 981 3228 1037; x_wconf 84' lang='lat' dir='ltr'><strong>laborantibus</strong></span> <span class='ocrx_word' id='word_1_185' title='bbox 3277 984 3470 1052; x_wconf 85' lang='lat' dir='ltr'><strong>imple-</strong></span> 
     </span>
    </p>
   </div>
   <div class='ocr_carea' id='block_1_26' title="bbox 1893 1073 3468 1136">
    <p class='ocr_par' dir='ltr' id='par_1_26' title="bbox 1893 1073 3468 1136">
     <span class='ocr_line' id='line_1_26' title="bbox 1893 1073 3468 1136; baseline 0.002 -10"><span class='ocrx_word' id='word_1_186' title='bbox 1893 1082 1961 1127; x_wconf 78' lang='lat' dir='ltr'><strong>tae</strong></span> <span class='ocrx_word' id='word_1_187' title='bbox 1983 1079 2133 1136; x_wconf 83' lang='lat' dir='ltr'><strong>sunt,</strong></span> <span class='ocrx_word' id='word_1_188' title='bbox 2169 1074 2480 1128; x_wconf 85' lang='lat' dir='ltr'><strong>mirabilius</strong></span> <span class='ocrx_word' id='word_1_189' title='bbox 2515 1089 2644 1128; x_wconf 91' lang='lat' dir='ltr'><strong>vero</strong></span> <span class='ocrx_word' id='word_1_190' title='bbox 2675 1091 2820 1128; x_wconf 90' lang='lat' dir='ltr'><strong>nunc</strong></span> <span class='ocrx_word' id='word_1_191' title='bbox 2850 1073 3033 1129; x_wconf 86' lang='lat' dir='ltr'><strong>adhuc</strong></span> <span class='ocrx_word' id='word_1_192' title='bbox 3058 1085 3384 1132; x_wconf 69' lang='lat' dir='ltr'><strong>exercentur</strong></span> <span class='ocrx_word' id='word_1_193' title='bbox 3413 1075 3468 1129; x_wconf 90' lang='lat' dir='ltr'><strong>in</strong></span> 
     </span>
    </p>
   </div>
   <div class='ocr_carea' id='block_1_27' title="bbox 1895 1165 3472 1237">
    <p class='ocr_par' dir='ltr' id='par_1_27' title="bbox 1895 1165 3472 1237">
     <span class='ocr_line' id='line_1_27' title="bbox 1895 1165 3472 1237; baseline 0.002 -18"><span class='ocrx_word' id='word_1_194' title='bbox 1895 1180 2017 1219; x_wconf 91' lang='lat' dir='ltr'><strong>eum</strong></span> <span class='ocrx_word' id='word_1_195' title='bbox 2049 1165 2174 1230; x_wconf 77' lang='lat' dir='ltr'><strong>ﬁde,</strong></span> <span class='ocrx_word' id='word_1_196' title='bbox 2201 1167 2349 1220; x_wconf 91' lang='lat' dir='ltr'><strong>omni</strong></span> <span class='ocrx_word' id='word_1_197' title='bbox 2380 1167 2661 1221; x_wconf 88' lang='lat' dir='ltr'><strong>hominum</strong></span> <span class='ocrx_word' id='word_1_198' title='bbox 2687 1183 2885 1237; x_wconf 85' lang='lat' dir='ltr'><strong>genere</strong></span> <span class='ocrx_word' id='word_1_199' title='bbox 2905 1169 3120 1224; x_wconf 90' lang='lat' dir='ltr'><strong>cunctis</strong></span> <span class='ocrx_word' id='word_1_200' title='bbox 3143 1170 3337 1224; x_wconf 69' lang='lat' dir='ltr'><strong>anima:</strong></span> <span class='ocrx_word' id='word_1_201' title='bbox 3361 1184 3472 1222; x_wconf 89' lang='lat' dir='ltr'><strong>ma-</strong></span> 
     </span>
    </p>
   </div>
   <div class='ocr_carea' id='block_1_28' title="bbox 1896 1255 3472 1330">
    <p class='ocr_par' dir='ltr' id='par_1_28' title="bbox 1896 1255 3472 1330">
     <span class='ocr_line' id='line_1_28' title="bbox 1896 1255 3472 1330; baseline 0.003 -20"><span class='ocrx_word' id='word_1_202' title='bbox 1896 1258 1966 1311; x_wconf 93' lang='lat' dir='ltr'><strong>lis</strong></span> <span class='ocrx_word' id='word_1_203' title='bbox 1997 1257 2223 1326; x_wconf 86' lang='lat' dir='ltr'><strong>penitus</strong></span> <span class='ocrx_word' id='word_1_204' title='bbox 2250 1257 2522 1311; x_wconf 76' lang='lat' dir='ltr'><strong>exsoluto.</strong></span> <span class='ocrx_word' id='word_1_205' title='bbox 2561 1255 2762 1312; x_wconf 86' lang='lat' dir='ltr'><strong>Scissae</strong></span> <span class='ocrx_word' id='word_1_206' title='bbox 2805 1266 2932 1314; x_wconf 89' lang='lat' dir='ltr'><strong>sunt</strong></span> <span class='ocrx_word' id='word_1_207' title='bbox 2963 1257 3018 1310; x_wconf 92' lang='lat' dir='ltr'><strong>in</strong></span> <span class='ocrx_word' id='word_1_208' title='bbox 3060 1259 3278 1314; x_wconf 81' lang='lat' dir='ltr'><strong>deserto</strong></span> <span class='ocrx_word' id='word_1_209' title='bbox 3316 1274 3472 1330; x_wconf 62' lang='lat' dir='ltr'><strong>aqua</strong></span> 
     </span>
    </p>
   </div>
   <div class='ocr_carea' id='block_1_29' title="bbox 1895 1345 3470 1416">
    <p class='ocr_par' dir='ltr' id='par_1_29' title="bbox 1895 1345 3470 1416">
     <span class='ocr_line' id='line_1_29' title="bbox 1895 1345 3470 1416; baseline 0.002 -14"><span class='ocrx_word' id='word_1_210' title='bbox 1895 1345 2102 1402; x_wconf 87' lang='lat' dir='ltr'><strong>Christi</strong></span> <span class='ocrx_word' id='word_1_211' title='bbox 2140 1347 2450 1415; x_wconf 68' lang='lat' dir='ltr'><strong>pmsentia.</strong></span> <span class='ocrx_word' id='word_1_212' title='bbox 2493 1354 2549 1402; x_wconf 89' lang='lat' dir='ltr'><strong>et</strong></span> <span class='ocrx_word' id='word_1_213' title='bbox 2601 1356 2874 1403; x_wconf 85' lang='lat' dir='ltr'><strong>torrentes</strong></span> <span class='ocrx_word' id='word_1_214' title='bbox 2926 1349 2982 1403; x_wconf 92' lang='lat' dir='ltr'><strong>in</strong></span> <span class='ocrx_word' id='word_1_215' title='bbox 3037 1357 3183 1403; x_wconf 87' lang='lat' dir='ltr'><strong>terra</strong></span> <span class='ocrx_word' id='word_1_216' title='bbox 3229 1351 3470 1416; x_wconf 87' lang='lat' dir='ltr'><strong>sitiente,</strong></span> 
     </span>
    </p>
   </div>
   <div class='ocr_carea' id='block_1_30' title="bbox 1898 1439 3472 1516">
    <p class='ocr_par' dir='ltr' id='par_1_30' title="bbox 1898 1439 3472 1516">
     <span class='ocr_line' id='line_1_30' title="bbox 1898 1439 3472 1516; baseline 0.002 -23"><span class='ocrx_word' id='word_1_217' title='bbox 1898 1439 2131 1494; x_wconf 89' lang='lat' dir='ltr'><strong>salutari</strong></span> <span class='ocrx_word' id='word_1_218' title='bbox 2185 1447 2240 1494; x_wconf 83' lang='lat' dir='ltr'><strong>et</strong></span> <span class='ocrx_word' id='word_1_219' title='bbox 2291 1439 2606 1496; x_wconf 80' lang='lat' dir='ltr'><strong>viviﬁcante</strong></span> <span class='ocrx_word' id='word_1_220' title='bbox 2635 1443 2805 1498; x_wconf 90' lang='lat' dir='ltr'><strong>verbo</strong></span> <span class='ocrx_word' id='word_1_221' title='bbox 2833 1454 3149 1516; x_wconf 88' lang='lat' dir='ltr'><strong>emergenle</strong></span> <span class='ocrx_word' id='word_1_222' title='bbox 3195 1443 3250 1496; x_wconf 88' lang='lat' dir='ltr'><strong>in</strong></span> <span class='ocrx_word' id='word_1_223' title='bbox 3289 1458 3472 1513; x_wconf 89' lang='lat' dir='ltr'><strong>quon-</strong></span> 
     </span>
    </p>
   </div>
   <div class='ocr_carea' id='block_1_31' title="bbox 1898 1533 3474 1608">
    <p class='ocr_par' dir='ltr' id='par_1_31' title="bbox 1898 1533 3474 1608">
     <span class='ocr_line' id='line_1_31' title="bbox 1898 1533 3474 1608; baseline 0.001 -21"><span class='ocrx_word' id='word_1_224' title='bbox 1898 1535 2022 1587; x_wconf 81' lang='lat' dir='ltr'><strong>dam</strong></span> <span class='ocrx_word' id='word_1_225' title='bbox 2065 1533 2282 1588; x_wconf 88' lang='lat' dir='ltr'><strong>deserta</strong></span> <span class='ocrx_word' id='word_1_226' title='bbox 2319 1541 2372 1588; x_wconf 91' lang='lat' dir='ltr'><strong>et</strong></span> <span class='ocrx_word' id='word_1_227' title='bbox 2403 1534 2624 1589; x_wconf 86' lang='lat' dir='ltr'><strong>sitiente</strong></span> <span class='ocrx_word' id='word_1_228' title='bbox 2652 1543 2821 1601; x_wconf 86' lang='lat' dir='ltr'><strong>terra,</strong></span> <span class='ocrx_word' id='word_1_229' title='bbox 2848 1539 3090 1608; x_wconf 88' lang='lat' dir='ltr'><strong>gentium</strong></span> <span class='ocrx_word' id='word_1_230' title='bbox 3133 1538 3338 1592; x_wconf 88' lang='lat' dir='ltr'><strong>scilicet</strong></span> <span class='ocrx_word' id='word_1_231' title='bbox 3370 1535 3474 1589; x_wconf 74' lang='lat' dir='ltr'><strong>Ec—</strong></span> 
     </span>
    </p>
   </div>
   <div class='ocr_carea' id='block_1_32' title="bbox 1899 1624 3470 1694">
    <p class='ocr_par' dir='ltr' id='par_1_32' title="bbox 1899 1624 3470 1694">
     <span class='ocr_line' id='line_1_32' title="bbox 1899 1624 3470 1694; baseline 0.001 -15"><span class='ocrx_word' id='word_1_232' title='bbox 1899 1624 2088 1688; x_wconf 82' lang='lat' dir='ltr'><strong>clésia,</strong></span> <span class='ocrx_word' id='word_1_233' title='bbox 2115 1624 2170 1678; x_wconf 90' lang='lat' dir='ltr'><strong>in</strong></span> <span class='ocrx_word' id='word_1_234' title='bbox 2225 1640 2356 1694; x_wconf 86' lang='lat' dir='ltr'><strong>qua,</strong></span> <span class='ocrx_word' id='word_1_235' title='bbox 2384 1642 2507 1679; x_wconf 87' lang='lat' dir='ltr'><strong>cum</strong></span> <span class='ocrx_word' id='word_1_236' title='bbox 2545 1627 2678 1681; x_wconf 87' lang='lat' dir='ltr'><strong>olim</strong></span> <span class='ocrx_word' id='word_1_237' title='bbox 2709 1628 2857 1684; x_wconf 87' lang='lat' dir='ltr'><strong>sicca</strong></span> <span class='ocrx_word' id='word_1_238' title='bbox 2898 1636 2952 1684; x_wconf 83' lang='lat' dir='ltr'><strong>et</strong></span> <span class='ocrx_word' id='word_1_239' title='bbox 2995 1628 3272 1683; x_wconf 87' lang='lat' dir='ltr'><strong>sitibunda</strong></span> <span class='ocrx_word' id='word_1_240' title='bbox 3301 1634 3470 1690; x_wconf 82' lang='lat' dir='ltr'><strong>esset,</strong></span> 
     </span>
    </p>
   </div>
   <div class='ocr_carea' id='block_1_33' title="bbox 1902 1714 3475 1791">
    <p class='ocr_par' dir='ltr' id='par_1_33' title="bbox 1902 1714 3475 1791">
     <span class='ocr_line' id='line_1_33' title="bbox 1902 1714 3475 1791; baseline 0.004 -23"><span class='ocrx_word' id='word_1_241' title='bbox 1902 1714 2190 1770; x_wconf 68' lang='lat' dir='ltr'><strong>aﬂuenter</strong></span> <span class='ocrx_word' id='word_1_242' title='bbox 2213 1715 2342 1772; x_wconf 82' lang='lat' dir='ltr'><strong>Jesu</strong></span> <span class='ocrx_word' id='word_1_243' title='bbox 2375 1719 2661 1773; x_wconf 89' lang='lat' dir='ltr'><strong>verborum</strong></span> <span class='ocrx_word' id='word_1_244' title='bbox 2695 1719 2816 1775; x_wconf 84' lang='lat' dir='ltr'><strong>fons</strong></span> <span class='ocrx_word' id='word_1_245' title='bbox 2855 1739 2874 1771; x_wconf 86' lang='grc'><strong><em>‹</em></strong></span> <span class='ocrx_word' id='word_1_246' title='bbox 2916 1736 3071 1791; x_wconf 81' lang='lat' dir='ltr'><strong>aquae</strong></span> <span class='ocrx_word' id='word_1_247' title='bbox 3117 1721 3364 1776; x_wconf 89' lang='lat' dir='ltr'><strong>salientis</strong></span> <span class='ocrx_word' id='word_1_248' title='bbox 3416 1720 3475 1774; x_wconf 92' lang='lat' dir='ltr'><strong>in</strong></span> 
     </span>
    </p>
   </div>
   <div class='ocr_carea' id='block_1_34' title="bbox 213 1782 1801 1891">
    <p class='ocr_par' dir='ltr' id='par_1_34' title="bbox 213 1782 1798 1891">
     <span class='ocr_line' id='line_1_34' title="bbox 213 1782 1798 1891; baseline -0.007 -19"><span class='ocrx_word' id='word_1_249' title='bbox 213 1782 350 1891; x_wconf 62' lang='grc' dir='ltr'>οὔσῃ</span> <span class='ocrx_word' id='word_1_250' title='bbox 383 1782 596 1889; x_wconf 63' lang='grc' dir='ltr'>ἀνύδρῳ</span> <span class='ocrx_word' id='word_1_251' title='bbox 630 1782 724 1870; x_wconf 55' lang='lat'><strong>3:11</strong></span> <span class='ocrx_word' id='word_1_252' title='bbox 739 1782 978 1884; x_wconf 46' lang='grc' dir='ltr'>’διψαλέα</span> <span class='ocrx_word' id='word_1_253' title='bbox 1009 1782 1220 1883; x_wconf 78' lang='grc' dir='ltr'>ἀθρόως</span> <span class='ocrx_word' id='word_1_254' title='bbox 1252 1782 1401 1882; x_wconf 79' lang='grc' dir='ltr'>πηγὴ</span> <span class='ocrx_word' id='word_1_255' title='bbox 1427 1782 1522 1863; x_wconf 69' lang='grc' dir='ltr'><strong>τοῦ</strong></span> <span class='ocrx_word' id='word_1_256' title='bbox 1551 1782 1658 1862; x_wconf 72' lang='grc' dir='ltr'><strong>τῶν</strong></span> <span class='ocrx_word' id='word_1_257' title='bbox 1695 1782 1798 1880; x_wconf 50' lang='grc' dir='ltr'><strong>’ἰη-</strong></span> 
     </span>
    </p>
   </div>
   <div class='ocr_carea' id='block_1_35' title="bbox 1905 1782 3476 1891">
    <p class='ocr_par' dir='ltr' id='par_1_35' title="bbox 1905 1782 3476 1885">
     <span class='ocr_line' id='line_1_35' title="bbox 1905 1782 3476 1885; baseline 0.004 -23"><span class='ocrx_word' id='word_1_258' title='bbox 1905 1808 2070 1862; x_wconf 89' lang='lat' dir='ltr'><strong>vitam</strong></span> <span class='ocrx_word' id='word_1_259' title='bbox 2094 1815 2352 1863; x_wconf 83' lang='lat' dir='ltr'><strong>aeternam</strong></span> <span class='ocrx_word' id='word_1_260' title='bbox 2377 1813 2397 1842; x_wconf 81' lang='grc'>²</span> <span class='ocrx_word' id='word_1_261' title='bbox 2438 1830 2455 1863; x_wconf 72' lang='grc' dir='ltr'><strong>ι</strong></span> <span class='ocrx_word' id='word_1_262' title='bbox 2483 1811 2732 1881; x_wconf 84' lang='lat' dir='ltr'><strong>proﬂuet.</strong></span> <span class='ocrx_word' id='word_1_263' title='bbox 2765 1812 2886 1880; x_wconf 85' lang='lat' dir='ltr'><strong>Quo</strong></span> <span class='ocrx_word' id='word_1_264' title='bbox 2919 1782 3068 1870; x_wconf 45' lang='lat' dir='ltr'><strong>fo-nte</strong></span> <span class='ocrx_word' id='word_1_265' title='bbox 3112 1814 3354 1885; x_wconf 84' lang='lat' dir='ltr'><strong>irrigata,</strong></span> <span class='ocrx_word' id='word_1_266' title='bbox 3378 1813 3476 1868; x_wconf 85' lang='lat' dir='ltr'><strong>llo-</strong></span> 
     </span>
    </p>
   </div>
   <div class='ocr_carea' id='block_1_36' title="bbox 217 1900 1797 1979">
    <p class='ocr_par' dir='ltr' id='par_1_36' title="bbox 217 1900 1797 1979">
     <span class='ocr_line' id='line_1_36' title="bbox 217 1900 1797 1979; baseline -0.007 -14"><span class='ocrx_word' id='word_1_267' title='bbox 217 1912 308 1965; x_wconf 88' lang='grc' dir='ltr'><strong>σοῦ</strong></span> <span class='ocrx_word' id='word_1_268' title='bbox 339 1912 514 1979; x_wconf 89' lang='grc' dir='ltr'>λόγων</span> <span class='ocrx_word' id='word_1_269' title='bbox 545 1928 561 1958; x_wconf 80' lang='grc' dir='ltr'><strong>ι</strong></span> <span class='ocrx_word' id='word_1_270' title='bbox 591 1908 781 1970; x_wconf 81' lang='grc' dir='ltr'>ὓδατος</span> <span class='ocrx_word' id='word_1_271' title='bbox 815 1907 1016 1971; x_wconf 83' lang='grc' dir='ltr'>ζῶντος</span> <span class='ocrx_word' id='word_1_272' title='bbox 1055 1904 1348 1975; x_wconf 79' lang='grc' dir='ltr'>ἁλλομένου</span> <span class='ocrx_word' id='word_1_273' title='bbox 1391 1904 1468 1965; x_wconf 86' lang='grc' dir='ltr'>εἰς</span> <span class='ocrx_word' id='word_1_274' title='bbox 1499 1902 1640 1974; x_wconf 80' lang='grc' dir='ltr'>ζωὴν</span> <span class='ocrx_word' id='word_1_275' title='bbox 1670 1900 1797 1955; x_wconf 80' lang='grc' dir='ltr'>αἰώ-</span> 
     </span>
    </p>
   </div>
   <div class='ocr_carea' id='block_1_37' title="bbox 214 1994 1800 2072">
    <p class='ocr_par' dir='ltr' id='par_1_37' title="bbox 214 1994 1800 2072">
     <span class='ocr_line' id='line_1_37' title="bbox 214 1994 1800 2072; baseline -0.009 -13"><span class='ocrx_word' id='word_1_276' title='bbox 214 2021 327 2059; x_wconf 90' lang='grc' dir='ltr'>νιον</span> <span class='ocrx_word' id='word_1_277' title='bbox 359 2023 377 2055; x_wconf 77' lang='grc' dir='ltr'><strong>ι</strong></span> <span class='ocrx_word' id='word_1_278' title='bbox 411 2001 774 2072; x_wconf 78' lang='grc' dir='ltr'>ἀνὼμϐρησεν</span> <span class='ocrx_word' id='word_1_279' title='bbox 796 2016 808 2029; x_wconf 91' lang='grc'><strong>·</strong></span> <span class='ocrx_word' id='word_1_280' title='bbox 839 2000 927 2068; x_wconf 84' lang='grc' dir='ltr'><strong>ὐφ’</strong></span> <span class='ocrx_word' id='word_1_281' title='bbox 958 1994 1024 2069; x_wconf 85' lang='grc' dir='ltr'>ἦς</span> <span class='ocrx_word' id='word_1_282' title='bbox 1056 1997 1238 2066; x_wconf 80' lang='grc' dir='ltr'>πηγῆς</span> <span class='ocrx_word' id='word_1_283' title='bbox 1268 1994 1594 2065; x_wconf 78' lang='grc' dir='ltr'>ποτιζομένη</span> <span class='ocrx_word' id='word_1_284' title='bbox 1634 1995 1800 2067; x_wconf 87' lang='grc' dir='ltr'>ἀνθή-</span> 
     </span>
    </p>
   </div>
   <div class='ocr_carea' id='block_1_38' title="bbox 215 2084 1800 2161">
    <p class='ocr_par' dir='ltr' id='par_1_38' title="bbox 215 2084 1800 2161">
     <span class='ocr_line' id='line_1_38' title="bbox 215 2084 1800 2161; baseline -0.004 -17"><span class='ocrx_word' id='word_1_285' title='bbox 215 2108 328 2147; x_wconf 89' lang='grc' dir='ltr'>σειν</span> <span class='ocrx_word' id='word_1_286' title='bbox 356 2091 434 2155; x_wconf 83' lang='grc' dir='ltr'>ὡς</span> <span class='ocrx_word' id='word_1_287' title='bbox 468 2090 651 2161; x_wconf 83' lang='grc' dir='ltr'>κρίνον</span> <span class='ocrx_word' id='word_1_288' title='bbox 687 2088 902 2156; x_wconf 90' lang='grc' dir='ltr'>λέγεται</span> <span class='ocrx_word' id='word_1_289' title='bbox 932 2089 965 2158; x_wconf 89' lang='grc' dir='ltr'><strong>ή</strong></span> <span class='ocrx_word' id='word_1_290' title='bbox 993 2086 1124 2140; x_wconf 85' lang='grc' dir='ltr'>ποτὲ</span> <span class='ocrx_word' id='word_1_291' title='bbox 1166 2085 1390 2157; x_wconf 80' lang='grc' dir='ltr'>ἔρημος,</span> <span class='ocrx_word' id='word_1_292' title='bbox 1418 2084 1800 2156; x_wconf 85' lang='grc' dir='ltr'>εὐφραίνεσθαί</span> 
     </span>
    </p>
   </div>
   <div class='ocr_carea' id='block_1_39' title="bbox 210 2176 1799 2251">
    <p class='ocr_par' dir='ltr' id='par_1_39' title="bbox 210 2176 1799 2251">
     <span class='ocr_line' id='line_1_39' title="bbox 210 2176 1799 2251; baseline -0.006 -14"><span class='ocrx_word' id='word_1_293' title='bbox 210 2200 270 2238; x_wconf 87' lang='grc' dir='ltr'><strong>τε</strong></span> <span class='ocrx_word' id='word_1_294' title='bbox 304 2183 404 2236; x_wconf 72' lang='grc' dir='ltr'><strong>καὶ</strong></span> <span class='ocrx_word' id='word_1_295' title='bbox 433 2181 697 2251; x_wconf 84' lang='grc' dir='ltr'>ἀγαλλιᾷν</span> <span class='ocrx_word' id='word_1_296' title='bbox 747 2179 1171 2251; x_wconf 69' lang='grc' dir='ltr'>προστάττεται·</span> <span class='ocrx_word' id='word_1_297' title='bbox 1208 2177 1302 2229; x_wconf 70' lang='grc' dir='ltr'>καὶ</span> <span class='ocrx_word' id='word_1_298' title='bbox 1354 2179 1386 2248; x_wconf 85' lang='grc' dir='ltr'>ὴ</span> <span class='ocrx_word' id='word_1_299' title='bbox 1431 2176 1578 2230; x_wconf 79' lang='grc' dir='ltr'>αἰτία</span> <span class='ocrx_word' id='word_1_300' title='bbox 1611 2176 1668 2229; x_wconf 80' lang='grc' dir='ltr'>δὲ</span> <span class='ocrx_word' id='word_1_301' title='bbox 1701 2176 1799 2246; x_wconf 77' lang='grc' dir='ltr'>τῆς</span> 
     </span>
    </p>
   </div>
   <div class='ocr_carea' id='block_1_40' title="bbox 210 2267 1796 2351">
    <p class='ocr_par' dir='ltr' id='par_1_40' title="bbox 210 2267 1796 2351">
     <span class='ocr_line' id='line_1_40' title="bbox 210 2267 1796 2351; baseline -0.006 -23"><span class='ocrx_word' id='word_1_302' title='bbox 210 2273 556 2345; x_wconf 81' lang='grc' dir='ltr'>εὐφροσύνης</span> <span class='ocrx_word' id='word_1_303' title='bbox 579 2272 672 2324; x_wconf 73' lang='grc' dir='ltr'>καὶ</span> <span class='ocrx_word' id='word_1_304' title='bbox 699 2270 799 2340; x_wconf 79' lang='grc' dir='ltr'>τῆς</span> <span class='ocrx_word' id='word_1_305' title='bbox 821 2269 1190 2351; x_wconf 74' lang='grc' dir='ltr'>ἀγαλλιάσεως</span> <span class='ocrx_word' id='word_1_306' title='bbox 1212 2267 1796 2339; x_wconf 80' lang='grc' dir='ltr'>ἐπιλέγεται,ἐπείπερ,</span> 
     </span>
    </p>
   </div>
   <div class='ocr_carea' id='block_1_41' title="bbox 210 2358 1799 2438">
    <p class='ocr_par' dir='ltr' id='par_1_41' title="bbox 210 2358 1799 2438">
     <span class='ocr_line' id='line_1_41' title="bbox 210 2358 1799 2438; baseline -0.004 -18"><span class='ocrx_word' id='word_1_307' title='bbox 210 2368 380 2438; x_wconf 72' lang='grc' dir='ltr'>φησὶν</span> <span class='ocrx_word' id='word_1_308' title='bbox 421 2385 439 2416; x_wconf 77' lang='grc' dir='ltr'><strong>ι</strong></span> <span class='ocrx_word' id='word_1_309' title='bbox 470 2364 623 2434; x_wconf 81' lang='grc' dir='ltr'>ἐδόθη</span> <span class='ocrx_word' id='word_1_310' title='bbox 668 2363 804 2432; x_wconf 82' lang='grc' dir='ltr'>αὐτῇ</span> <span class='ocrx_word' id='word_1_311' title='bbox 835 2365 866 2432; x_wconf 89' lang='grc' dir='ltr'><strong>ή</strong></span> <span class='ocrx_word' id='word_1_312' title='bbox 902 2361 1028 2426; x_wconf 87' lang='grc' dir='ltr'>δόξα</span> <span class='ocrx_word' id='word_1_313' title='bbox 1069 2359 1165 2414; x_wconf 86' lang='grc' dir='ltr'><strong>τοῦ</strong></span> <span class='ocrx_word' id='word_1_314' title='bbox 1224 2358 1480 2423; x_wconf 79' lang='grc' dir='ltr'>Λιϐάνου,</span> <span class='ocrx_word' id='word_1_315' title='bbox 1506 2379 1524 2410; x_wconf 85' lang='grc'><strong>›</strong></span> <span class='ocrx_word' id='word_1_316' title='bbox 1554 2359 1799 2413; x_wconf 78' lang='grc' dir='ltr'>τουτέστι</span> 
     </span>
    </p>
   </div>
   <div class='ocr_carea' id='block_1_42' title="bbox 209 2448 1800 2528">
    <p class='ocr_par' dir='ltr' id='par_1_42' title="bbox 209 2448 1800 2528">
     <span class='ocr_line' id='line_1_42' title="bbox 209 2448 1800 2528; baseline -0.005 -18"><span class='ocrx_word' id='word_1_317' title='bbox 209 2459 312 2528; x_wconf 85' lang='grc' dir='ltr'>τῆς</span> <span class='ocrx_word' id='word_1_318' title='bbox 348 2454 733 2527; x_wconf 46' lang='grc' dir='ltr'>Ἰερουσαλήμ</span> <span class='ocrx_word' id='word_1_319' title='bbox 763 2453 893 2522; x_wconf 78' lang='grc' dir='ltr'>περὶ</span> <span class='ocrx_word' id='word_1_320' title='bbox 920 2448 988 2524; x_wconf 84' lang='grc' dir='ltr'>ἦς</span> <span class='ocrx_word' id='word_1_321' title='bbox 1021 2454 1078 2504; x_wconf 85' lang='grc' dir='ltr'>ὲν</span> <span class='ocrx_word' id='word_1_322' title='bbox 1110 2453 1229 2514; x_wconf 82' lang='grc' dir='ltr'>ταῖς</span> <span class='ocrx_word' id='word_1_323' title='bbox 1256 2450 1558 2522; x_wconf 86' lang='grc' dir='ltr'>ἀνωτέραις</span> <span class='ocrx_word' id='word_1_324' title='bbox 1585 2467 1800 2522; x_wconf 77' lang='grc' dir='ltr'>προφη-</span> 
     </span>
    </p>
   </div>
   <div class='ocr_carea' id='block_1_43' title="bbox 211 2543 1799 2616">
    <p class='ocr_par' dir='ltr' id='par_1_43' title="bbox 211 2543 1799 2616">
     <span class='ocr_line' id='line_1_43' title="bbox 211 2543 1799 2616; baseline -0.006 -13"><span class='ocrx_word' id='word_1_325' title='bbox 211 2551 389 2613; x_wconf 87' lang='grc' dir='ltr'>τείαις</span> <span class='ocrx_word' id='word_1_326' title='bbox 424 2547 658 2616; x_wconf 75' lang='grc' dir='ltr'>ἐλέγετο,</span> <span class='ocrx_word' id='word_1_327' title='bbox 681 2547 755 2608; x_wconf 85' lang='grc' dir='ltr'>ὼς</span> <span class='ocrx_word' id='word_1_328' title='bbox 781 2546 913 2610; x_wconf 57' lang='lat' dir='ltr'><strong>orm</strong></span> <span class='ocrx_word' id='word_1_329' title='bbox 937 2544 1046 2597; x_wconf 80' lang='grc' dir='ltr'>Καὶ</span> <span class='ocrx_word' id='word_1_330' title='bbox 1076 2545 1104 2596; x_wconf 87' lang='grc' dir='ltr'><strong>ό</strong></span> <span class='ocrx_word' id='word_1_331' title='bbox 1137 2543 1366 2606; x_wconf 76' lang='grc' dir='ltr'>Λίϐανος</span> <span class='ocrx_word' id='word_1_332' title='bbox 1396 2544 1491 2596; x_wconf 79' lang='grc' dir='ltr'><strong>σὺν</strong></span> <span class='ocrx_word' id='word_1_333' title='bbox 1515 2545 1627 2605; x_wconf 88' lang='grc' dir='ltr'>τοῖς</span> <span class='ocrx_word' id='word_1_334' title='bbox 1659 2543 1799 2612; x_wconf 71' lang='grc' dir='ltr'>ὑψη-</span> 
     </span>
    </p>
   </div>
   <div class='ocr_carea' id='block_1_44' title="bbox 212 2630 1800 2706">
    <p class='ocr_par' dir='ltr' id='par_1_44' title="bbox 212 2630 1800 2706">
     <span class='ocr_line' id='line_1_44' title="bbox 212 2630 1800 2706; baseline -0.006 -11"><span class='ocrx_word' id='word_1_335' title='bbox 212 2643 326 2705; x_wconf 86' lang='grc' dir='ltr'>λοῖς</span> <span class='ocrx_word' id='word_1_336' title='bbox 362 2643 629 2694; x_wconf 87' lang='grc' dir='ltr'>πεσεῖται.</span> <span class='ocrx_word' id='word_1_337' title='bbox 659 2657 676 2689; x_wconf 75' lang='grc' dir='ltr'><strong>ι</strong></span> <span class='ocrx_word' id='word_1_338' title='bbox 729 2630 804 2691; x_wconf 77' lang='grc' dir='ltr'>Οὗ</span> <span class='ocrx_word' id='word_1_339' title='bbox 837 2637 1149 2706; x_wconf 85' lang='grc' dir='ltr'>πεσόντοςή</span> <span class='ocrx_word' id='word_1_340' title='bbox 1185 2634 1447 2706; x_wconf 84' lang='grc' dir='ltr'>πρότερον</span> <span class='ocrx_word' id='word_1_341' title='bbox 1479 2635 1800 2704; x_wconf 84' lang='grc' dir='ltr'>ὑπάρχουσα</span> 
     </span>
    </p>
   </div>
   <div class='ocr_carea' id='block_1_45' title="bbox 212 2725 1797 2802">
    <p class='ocr_par' dir='ltr' id='par_1_45' title="bbox 212 2725 1797 2802">
     <span class='ocr_line' id='line_1_45' title="bbox 212 2725 1797 2802; baseline -0.006 -15"><span class='ocrx_word' id='word_1_342' title='bbox 212 2735 270 2787; x_wconf 83' lang='grc' dir='ltr'><strong>ἐν</strong></span> <span class='ocrx_word' id='word_1_343' title='bbox 304 2732 459 2802; x_wconf 84' lang='grc' dir='ltr'>αὐτῷ</span> <span class='ocrx_word' id='word_1_344' title='bbox 490 2730 617 2796; x_wconf 79' lang='grc' dir='ltr'>δόξα</span> <span class='ocrx_word' id='word_1_345' title='bbox 659 2733 726 2801; x_wconf 82' lang='grc' dir='ltr'>τῇ</span> <span class='ocrx_word' id='word_1_346' title='bbox 777 2727 872 2781; x_wconf 86' lang='grc' dir='ltr'><strong>νῦν</strong></span> <span class='ocrx_word' id='word_1_347' title='bbox 918 2726 1377 2796; x_wconf 75' lang='grc' dir='ltr'>εὐαγγελιζομένῃ</span> <span class='ocrx_word' id='word_1_348' title='bbox 1407 2725 1620 2796; x_wconf 87' lang='grc' dir='ltr'>ἐρήμῳ,</span> <span class='ocrx_word' id='word_1_349' title='bbox 1647 2743 1797 2778; x_wconf 86' lang='grc' dir='ltr'>τουτ-</span> 
     </span>
    </p>
   </div>
   <div class='ocr_carea' id='block_1_46' title="bbox 214 2817 1798 2895">
    <p class='ocr_par' dir='ltr' id='par_1_46' title="bbox 214 2817 1798 2895">
     <span class='ocr_line' id='line_1_46' title="bbox 214 2817 1798 2895; baseline -0.006 -16"><span class='ocrx_word' id='word_1_350' title='bbox 214 2826 331 2879; x_wconf 82' lang='grc' dir='ltr'>έστι</span> <span class='ocrx_word' id='word_1_351' title='bbox 380 2827 448 2895; x_wconf 85' lang='grc' dir='ltr'>τῇ</span> <span class='ocrx_word' id='word_1_352' title='bbox 503 2822 562 2886; x_wconf 81' lang='grc' dir='ltr'>ἐξ</span> <span class='ocrx_word' id='word_1_353' title='bbox 599 2821 766 2874; x_wconf 90' lang='grc' dir='ltr'>ἐθνῶν</span> <span class='ocrx_word' id='word_1_354' title='bbox 802 2819 1115 2889; x_wconf 75' lang='grc' dir='ltr'>Ἐκκλησία,</span> <span class='ocrx_word' id='word_1_355' title='bbox 1156 2817 1310 2887; x_wconf 78' lang='grc' dir='ltr'>ἐδόθη</span> <span class='ocrx_word' id='word_1_356' title='bbox 1346 2818 1442 2870; x_wconf 82' lang='grc' dir='ltr'><strong>σὺν</strong></span> <span class='ocrx_word' id='word_1_357' title='bbox 1472 2820 1539 2886; x_wconf 83' lang='grc' dir='ltr'>τῇ</span> <span class='ocrx_word' id='word_1_358' title='bbox 1569 2821 1700 2889; x_wconf 82' lang='grc' dir='ltr'>τιμῇ</span> <span class='ocrx_word' id='word_1_359' title='bbox 1733 2820 1798 2889; x_wconf 80' lang='grc' dir='ltr'>τῇ</span> 
     </span>
    </p>
   </div>
   <div class='ocr_carea' id='block_1_47' title="bbox 215 2908 1799 2988">
    <p class='ocr_par' dir='ltr' id='par_1_47' title="bbox 215 2908 1799 2988">
     <span class='ocr_line' id='line_1_47' title="bbox 215 2908 1799 2988; baseline -0.004 -20"><span class='ocrx_word' id='word_1_360' title='bbox 215 2915 462 2988; x_wconf 75' lang='grc' dir='ltr'>προτέρᾳ</span> <span class='ocrx_word' id='word_1_361' title='bbox 498 2913 592 2966; x_wconf 86' lang='grc' dir='ltr'><strong>τοῦ</strong></span> <span class='ocrx_word' id='word_1_362' title='bbox 632 2911 923 2982; x_wconf 85' lang='grc' dir='ltr'>λεγομένου</span> <span class='ocrx_word' id='word_1_363' title='bbox 958 2909 1274 2979; x_wconf 82' lang='grc' dir='ltr'>Καρμήλου,</span> <span class='ocrx_word' id='word_1_364' title='bbox 1305 2908 1464 2977; x_wconf 76' lang='grc' dir='ltr'>δῆλον</span> <span class='ocrx_word' id='word_1_365' title='bbox 1505 2910 1549 2961; x_wconf 81' lang='grc' dir='ltr'><strong>δ’</strong></span> <span class='ocrx_word' id='word_1_366' title='bbox 1583 2911 1664 2962; x_wconf 86' lang='grc' dir='ltr'><strong>ὅτι</strong></span> <span class='ocrx_word' id='word_1_367' title='bbox 1705 2909 1799 2962; x_wconf 92' lang='grc' dir='ltr'><strong>τοῦ</strong></span> 
     </span>
    </p>
   </div>
   <div class='ocr_carea' id='block_1_48' title="bbox 213 2998 1799 3076">
    <p class='ocr_par' dir='ltr' id='par_1_48' title="bbox 213 2998 1799 3076">
     <span class='ocr_line' id='line_1_48' title="bbox 213 2998 1799 3076; baseline -0.003 -19"><span class='ocrx_word' id='word_1_368' title='bbox 213 3005 487 3076; x_wconf 84' lang='grc' dir='ltr'>προτέρου</span> <span class='ocrx_word' id='word_1_369' title='bbox 519 3002 669 3056; x_wconf 85' lang='grc' dir='ltr'>λαοῦ.</span> <span class='ocrx_word' id='word_1_370' title='bbox 703 3002 888 3055; x_wconf 86' lang='grc' dir='ltr'>Ταῦτα</span> <span class='ocrx_word' id='word_1_371' title='bbox 929 3000 985 3052; x_wconf 78' lang='grc' dir='ltr'><strong>δὲ</strong></span> <span class='ocrx_word' id='word_1_372' title='bbox 1021 2999 1208 3068; x_wconf 85' lang='grc' dir='ltr'>σαφῶς</span> <span class='ocrx_word' id='word_1_373' title='bbox 1247 2998 1385 3069; x_wconf 85' lang='grc' dir='ltr'>μετὰ</span> <span class='ocrx_word' id='word_1_374' title='bbox 1414 2998 1512 3069; x_wconf 82' lang='grc' dir='ltr'><strong>τὴν</strong></span> <span class='ocrx_word' id='word_1_375' title='bbox 1540 2998 1635 3051; x_wconf 89' lang='grc' dir='ltr'><strong>τοῦ</strong></span> <span class='ocrx_word' id='word_1_376' title='bbox 1664 3001 1799 3072; x_wconf 84' lang='grc' dir='ltr'>Χρι-</span> 
     </span>
    </p>
   </div>
   <div class='ocr_carea' id='block_1_49' title="bbox 1905 1901 3475 1978">
    <p class='ocr_par' dir='ltr' id='par_1_49' title="bbox 1905 1901 3475 1978">
     <span class='ocr_line' id='line_1_49' title="bbox 1905 1901 3475 1978; baseline 0.006 -25"><span class='ocrx_word' id='word_1_377' title='bbox 1905 1908 2086 1956; x_wconf 89' lang='lat' dir='ltr'><strong>rescet</strong></span> <span class='ocrx_word' id='word_1_378' title='bbox 2109 1909 2169 1955; x_wconf 88' lang='lat' dir='ltr'><strong>ut</strong></span> <span class='ocrx_word' id='word_1_379' title='bbox 2191 1901 2388 1966; x_wconf 91' lang='lat' dir='ltr'><strong>lilium,</strong></span> <span class='ocrx_word' id='word_1_380' title='bbox 2425 1904 2579 1974; x_wconf 89' lang='lat' dir='ltr'><strong>prius</strong></span> <span class='ocrx_word' id='word_1_381' title='bbox 2609 1905 2822 1962; x_wconf 83' lang='lat' dir='ltr'><strong>deserta</strong></span> <span class='ocrx_word' id='word_1_382' title='bbox 2843 1915 3010 1970; x_wconf 83' lang='lat' dir='ltr'><strong>terra,</strong></span> <span class='ocrx_word' id='word_1_383' title='bbox 3043 1908 3273 1978; x_wconf 85' lang='lat' dir='ltr'><strong>ideoque</strong></span> <span class='ocrx_word' id='word_1_384' title='bbox 3302 1908 3475 1962; x_wconf 85' lang='lat' dir='ltr'><strong>laetari</strong></span> 
     </span>
    </p>
   </div>
   <div class='ocr_carea' id='block_1_50' title="bbox 1904 1992 3476 2062">
    <p class='ocr_par' dir='ltr' id='par_1_50' title="bbox 1904 1992 3476 2062">
     <span class='ocr_line' id='line_1_50' title="bbox 1904 1992 3476 2062; baseline 0.006 -17"><span class='ocrx_word' id='word_1_385' title='bbox 1904 1998 1959 2046; x_wconf 93' lang='lat' dir='ltr'><strong>et</strong></span> <span class='ocrx_word' id='word_1_386' title='bbox 1976 1992 2254 2047; x_wconf 83' lang='lat' dir='ltr'><strong>exsultare</strong></span> <span class='ocrx_word' id='word_1_387' title='bbox 2277 1993 2521 2062; x_wconf 89' lang='lat' dir='ltr'><strong>jubetur.</strong></span> <span class='ocrx_word' id='word_1_388' title='bbox 2549 1995 2728 2053; x_wconf 86' lang='lat' dir='ltr'><strong>Causa</strong></span> <span class='ocrx_word' id='word_1_389' title='bbox 2761 2015 2890 2052; x_wconf 85' lang='lat' dir='ltr'><strong>vero</strong></span> <span class='ocrx_word' id='word_1_390' title='bbox 2921 2000 3122 2054; x_wconf 57' lang='lat' dir='ltr'><strong>laetitiae</strong></span> <span class='ocrx_word' id='word_1_391' title='bbox 3147 2007 3198 2054; x_wconf 91' lang='lat' dir='ltr'><strong>et</strong></span> <span class='ocrx_word' id='word_1_392' title='bbox 3226 2001 3476 2054; x_wconf 86' lang='lat' dir='ltr'><strong>exsulta—</strong></span> 
     </span>
    </p>
   </div>
   <div class='ocr_carea' id='block_1_51' title="bbox 1904 2081 3482 2161">
    <p class='ocr_par' dir='ltr' id='par_1_51' title="bbox 1904 2081 3482 2161">
     <span class='ocr_line' id='line_1_51' title="bbox 1904 2081 3482 2161; baseline 0.006 -27"><span class='ocrx_word' id='word_1_393' title='bbox 1904 2081 2071 2136; x_wconf 91' lang='lat' dir='ltr'><strong>tionis</strong></span> <span class='ocrx_word' id='word_1_394' title='bbox 2103 2082 2415 2152; x_wconf 84' lang='lat' dir='ltr'><strong>subjicitur,</strong></span> <span class='ocrx_word' id='word_1_395' title='bbox 2451 2087 2733 2156; x_wconf 89' lang='lat' dir='ltr'><strong>quoniam,</strong></span> <span class='ocrx_word' id='word_1_396' title='bbox 2769 2089 2866 2153; x_wconf 89' lang='lat' dir='ltr'><strong>ait,</strong></span> <span class='ocrx_word' id='word_1_397' title='bbox 2892 2107 2909 2138; x_wconf 79' lang='grc' dir='ltr'><strong>ι</strong></span> <span class='ocrx_word' id='word_1_398' title='bbox 2939 2090 3066 2144; x_wconf 89' lang='lat' dir='ltr'><strong>data</strong></span> <span class='ocrx_word' id='word_1_399' title='bbox 3105 2098 3187 2144; x_wconf 89' lang='lat' dir='ltr'><strong>est</strong></span> <span class='ocrx_word' id='word_1_400' title='bbox 3225 2091 3273 2146; x_wconf 92' lang='lat' dir='ltr'><strong>ei</strong></span> <span class='ocrx_word' id='word_1_401' title='bbox 3305 2090 3482 2161; x_wconf 88' lang='lat' dir='ltr'><strong>gloria-</strong></span> 
     </span>
    </p>
   </div>
   <div class='ocr_carea' id='block_1_52' title="bbox 1905 2171 3478 2252">
    <p class='ocr_par' dir='ltr' id='par_1_52' title="bbox 1905 2171 3478 2252">
     <span class='ocr_line' id='line_1_52' title="bbox 1905 2171 3478 2252; baseline 0.008 -27"><span class='ocrx_word' id='word_1_402' title='bbox 1905 2171 2121 2237; x_wconf 83' lang='lat' dir='ltr'><strong>Libani,</strong></span> <span class='ocrx_word' id='word_1_403' title='bbox 2158 2193 2177 2226; x_wconf 72' lang='grc' dir='ltr'><strong>ι</strong></span> <span class='ocrx_word' id='word_1_404' title='bbox 2212 2173 2264 2229; x_wconf 93' lang='lat' dir='ltr'><strong>id</strong></span> <span class='ocrx_word' id='word_1_405' title='bbox 2297 2184 2382 2230; x_wconf 90' lang='lat' dir='ltr'><strong>est</strong></span> <span class='ocrx_word' id='word_1_406' title='bbox 2409 2176 2749 2246; x_wconf 84' lang='lat' dir='ltr'><strong>Jerusalem;</strong></span> <span class='ocrx_word' id='word_1_407' title='bbox 2783 2179 2850 2234; x_wconf 88' lang='lat' dir='ltr'><strong>de</strong></span> <span class='ocrx_word' id='word_1_408' title='bbox 2880 2197 2985 2250; x_wconf 84' lang='lat' dir='ltr'><strong>qua</strong></span> <span class='ocrx_word' id='word_1_409' title='bbox 3017 2181 3070 2235; x_wconf 92' lang='lat' dir='ltr'><strong>in</strong></span> <span class='ocrx_word' id='word_1_410' title='bbox 3101 2183 3478 2252; x_wconf 88' lang='lat' dir='ltr'><strong>superioribus</strong></span> 
     </span>
    </p>
   </div>
   <div class='ocr_carea' id='block_1_53' title="bbox 1907 2266 3486 2336">
    <p class='ocr_par' dir='ltr' id='par_1_53' title="bbox 1907 2266 3486 2336">
     <span class='ocr_line' id='line_1_53' title="bbox 1907 2266 3486 2336; baseline 0.007 -18"><span class='ocrx_word' id='word_1_411' title='bbox 1907 2266 2208 2336; x_wconf 86' lang='lat' dir='ltr'><strong>prophetiis</strong></span> <span class='ocrx_word' id='word_1_412' title='bbox 2238 2267 2446 2323; x_wconf 88' lang='lat' dir='ltr'><strong>dictum</strong></span> <span class='ocrx_word' id='word_1_413' title='bbox 2502 2279 2607 2334; x_wconf 89' lang='lat' dir='ltr'><strong>est,</strong></span> <span class='ocrx_word' id='word_1_414' title='bbox 2652 2289 2669 2321; x_wconf 85' lang='grc'><strong><em>‹</em></strong></span> <span class='ocrx_word' id='word_1_415' title='bbox 2707 2273 2773 2326; x_wconf 87' lang='lat' dir='ltr'><strong>Et</strong></span> <span class='ocrx_word' id='word_1_416' title='bbox 2811 2271 3051 2327; x_wconf 87' lang='lat' dir='ltr'><strong>Libanus</strong></span> <span class='ocrx_word' id='word_1_417' title='bbox 3080 2289 3205 2327; x_wconf 91' lang='lat' dir='ltr'><strong>cum</strong></span> <span class='ocrx_word' id='word_1_418' title='bbox 3245 2275 3486 2329; x_wconf 88' lang='lat' dir='ltr'><strong>excelsis-</strong></span> 
     </span>
    </p>
   </div>
   <div class='ocr_carea' id='block_1_54' title="bbox 1908 2357 3478 2435">
    <p class='ocr_par' dir='ltr' id='par_1_54' title="bbox 1908 2357 3478 2435">
     <span class='ocr_line' id='line_1_54' title="bbox 1908 2357 3478 2435; baseline 0.006 -26"><span class='ocrx_word' id='word_1_419' title='bbox 1908 2357 2085 2412; x_wconf 89' lang='lat' dir='ltr'><strong>cadet.</strong></span> <span class='ocrx_word' id='word_1_420' title='bbox 2129 2377 2147 2409; x_wconf 74' lang='grc' dir='ltr'><strong>ι</strong></span> <span class='ocrx_word' id='word_1_421' title='bbox 2185 2359 2306 2425; x_wconf 83' lang='lat' dir='ltr'><strong>Quo</strong></span> <span class='ocrx_word' id='word_1_422' title='bbox 2337 2359 2623 2416; x_wconf 89' lang='lat' dir='ltr'><strong>decidente</strong></span> <span class='ocrx_word' id='word_1_423' title='bbox 2671 2379 2792 2432; x_wconf 69' lang='lat' dir='ltr'><strong>qua:</strong></span> <span class='ocrx_word' id='word_1_424' title='bbox 2842 2365 2996 2433; x_wconf 89' lang='lat' dir='ltr'><strong>prius</strong></span> <span class='ocrx_word' id='word_1_425' title='bbox 3044 2364 3094 2419; x_wconf 88' lang='lat' dir='ltr'><strong>ei</strong></span> <span class='ocrx_word' id='word_1_426' title='bbox 3145 2373 3262 2418; x_wconf 84' lang='lat' dir='ltr'><strong>erat</strong></span> <span class='ocrx_word' id='word_1_427' title='bbox 3303 2366 3478 2435; x_wconf 86' lang='lat' dir='ltr'><strong>gloria</strong></span> 
     </span>
    </p>
   </div>
   <div class='ocr_carea' id='block_1_55' title="bbox 1906 2450 3480 2524">
    <p class='ocr_par' dir='ltr' id='par_1_55' title="bbox 1906 2450 3480 2524">
     <span class='ocr_line' id='line_1_55' title="bbox 1906 2450 3480 2524; baseline 0.008 -25"><span class='ocrx_word' id='word_1_428' title='bbox 1906 2461 2053 2500; x_wconf 77' lang='lat' dir='ltr'><strong>nmo</strong></span> <span class='ocrx_word' id='word_1_429' title='bbox 2085 2450 2472 2519; x_wconf 80' lang='lat' dir='ltr'><strong>evangelizatae</strong></span> <span class='ocrx_word' id='word_1_430' title='bbox 2511 2452 2816 2516; x_wconf 87' lang='lat' dir='ltr'><strong>solitudini,</strong></span> <span class='ocrx_word' id='word_1_431' title='bbox 2851 2456 3089 2524; x_wconf 85' lang='lat' dir='ltr'><strong>gentium</strong></span> <span class='ocrx_word' id='word_1_432' title='bbox 3138 2456 3348 2510; x_wconf 85' lang='lat' dir='ltr'><strong>scilicet</strong></span> <span class='ocrx_word' id='word_1_433' title='bbox 3379 2454 3480 2511; x_wconf 88' lang='lat' dir='ltr'><strong>Ec-</strong></span> 
     </span>
    </p>
   </div>
   <div class='ocr_carea' id='block_1_56' title="bbox 1906 2541 3477 2618">
    <p class='ocr_par' dir='ltr' id='par_1_56' title="bbox 1906 2541 3477 2618">
     <span class='ocr_line' id='line_1_56' title="bbox 1906 2541 3477 2618; baseline 0.007 -23"><span class='ocrx_word' id='word_1_434' title='bbox 1906 2541 2121 2609; x_wconf 68' lang='lat' dir='ltr'><strong>clesiae,</strong></span> <span class='ocrx_word' id='word_1_435' title='bbox 2169 2544 2296 2598; x_wconf 86' lang='lat' dir='ltr'><strong>data</strong></span> <span class='ocrx_word' id='word_1_436' title='bbox 2351 2555 2437 2602; x_wconf 88' lang='lat' dir='ltr'><strong>est</strong></span> <span class='ocrx_word' id='word_1_437' title='bbox 2492 2563 2614 2601; x_wconf 89' lang='lat' dir='ltr'><strong>cum</strong></span> <span class='ocrx_word' id='word_1_438' title='bbox 2666 2550 2901 2618; x_wconf 84' lang='lat' dir='ltr'><strong>pristino</strong></span> <span class='ocrx_word' id='word_1_439' title='bbox 2965 2551 3197 2606; x_wconf 80' lang='lat' dir='ltr'><strong>Carmeli</strong></span> <span class='ocrx_word' id='word_1_440' title='bbox 3256 2552 3477 2617; x_wconf 88' lang='lat' dir='ltr'><strong>decore,</strong></span> 
     </span>
    </p>
   </div>
   <div class='ocr_carea' id='block_1_57' title="bbox 1906 2634 3482 2714">
    <p class='ocr_par' dir='ltr' id='par_1_57' title="bbox 1906 2634 3482 2714">
     <span class='ocr_line' id='line_1_57' title="bbox 1906 2634 3482 2714; baseline 0.007 -27"><span class='ocrx_word' id='word_1_441' title='bbox 1906 2634 2126 2704; x_wconf 88' lang='lat' dir='ltr'><strong>prioris,</strong></span> <span class='ocrx_word' id='word_1_442' title='bbox 2160 2643 2219 2690; x_wconf 92' lang='lat' dir='ltr'><strong>ut</strong></span> <span class='ocrx_word' id='word_1_443' title='bbox 2251 2638 2439 2708; x_wconf 87' lang='lat' dir='ltr'><strong>liquet,</strong></span> <span class='ocrx_word' id='word_1_444' title='bbox 2475 2641 2681 2710; x_wconf 81' lang='lat' dir='ltr'><strong>pepuli.</strong></span> <span class='ocrx_word' id='word_1_445' title='bbox 2715 2640 2840 2697; x_wconf 82' lang='lat' dir='ltr'><strong>Haec</strong></span> <span class='ocrx_word' id='word_1_446' title='bbox 2891 2651 3071 2698; x_wconf 89' lang='lat' dir='ltr'><strong>autem</strong></span> <span class='ocrx_word' id='word_1_447' title='bbox 3123 2653 3308 2714; x_wconf 89' lang='lat' dir='ltr'><strong>aperte</strong></span> <span class='ocrx_word' id='word_1_448' title='bbox 3356 2653 3482 2714; x_wconf 79' lang='lat' dir='ltr'><strong>post</strong></span> 
     </span>
    </p>
   </div>
   <div class='ocr_carea' id='block_1_58' title="bbox 1909 2728 3480 2809">
    <p class='ocr_par' dir='ltr' id='par_1_58' title="bbox 1909 2728 3480 2809">
     <span class='ocr_line' id='line_1_58' title="bbox 1909 2728 3480 2809; baseline 0.005 -26"><span class='ocrx_word' id='word_1_449' title='bbox 1909 2728 2114 2786; x_wconf 86' lang='lat' dir='ltr'><strong>Christi</strong></span> <span class='ocrx_word' id='word_1_450' title='bbox 2141 2732 2434 2788; x_wconf 81' lang='lat' dir='ltr'><strong>adventum</strong></span> <span class='ocrx_word' id='word_1_451' title='bbox 2467 2735 2644 2806; x_wconf 88' lang='lat' dir='ltr'><strong>reipsa</strong></span> <span class='ocrx_word' id='word_1_452' title='bbox 2669 2739 2875 2791; x_wconf 79' lang='lat' dir='ltr'><strong>exitum</strong></span> <span class='ocrx_word' id='word_1_453' title='bbox 2905 2737 3148 2793; x_wconf 86' lang='lat' dir='ltr'><strong>habuere</strong></span> <span class='ocrx_word' id='word_1_454' title='bbox 3175 2752 3480 2809; x_wconf 87' lang='lat' dir='ltr'><strong>congruen—</strong></span> 
     </span>
    </p>
   </div>
   <div class='ocr_carea' id='block_1_59' title="bbox 1908 2827 3482 2898">
    <p class='ocr_par' dir='ltr' id='par_1_59' title="bbox 1908 2827 3482 2898">
     <span class='ocr_line' id='line_1_59' title="bbox 1908 2827 3482 2898; baseline 0.005 -24"><span class='ocrx_word' id='word_1_455' title='bbox 1908 2831 2015 2875; x_wconf 88' lang='lat' dir='ltr'><strong>tem</strong></span> <span class='ocrx_word' id='word_1_456' title='bbox 2050 2838 2174 2876; x_wconf 91' lang='lat' dir='ltr'><strong>cum</strong></span> <span class='ocrx_word' id='word_1_457' title='bbox 2210 2833 2479 2893; x_wconf 63' lang='lat' dir='ltr'><strong>praesente</strong></span> <span class='ocrx_word' id='word_1_458' title='bbox 2507 2828 2814 2897; x_wconf 87' lang='lat' dir='ltr'><strong>prophetia,</strong></span> <span class='ocrx_word' id='word_1_459' title='bbox 2857 2844 2980 2898; x_wconf 78' lang='lat' dir='ltr'><strong>quae</strong></span> <span class='ocrx_word' id='word_1_460' title='bbox 3021 2830 3194 2898; x_wconf 92' lang='lat' dir='ltr'><strong>ipsius</strong></span> <span class='ocrx_word' id='word_1_461' title='bbox 3230 2827 3482 2883; x_wconf 81' lang='lat' dir='ltr'><strong>Salvato-</strong></span> 
     </span>
    </p>
   </div>
   <div class='ocr_carea' id='block_1_60' title="bbox 1907 2913 3483 2991">
    <p class='ocr_par' dir='ltr' id='par_1_60' title="bbox 1907 2913 3483 2991">
     <span class='ocr_line' id='line_1_60' title="bbox 1907 2913 3483 2991; baseline 0.004 -25"><span class='ocrx_word' id='word_1_462' title='bbox 1907 2913 1984 2967; x_wconf 77' lang='lat' dir='ltr'><strong>lis</strong></span> <span class='ocrx_word' id='word_1_463' title='bbox 2016 2928 2150 2969; x_wconf 89' lang='lat' dir='ltr'><strong>voce</strong></span> <span class='ocrx_word' id='word_1_464' title='bbox 2178 2916 2314 2970; x_wconf 88' lang='lat' dir='ltr'><strong>dicit</strong></span> <span class='ocrx_word' id='word_1_465' title='bbox 2347 2934 2361 2969; x_wconf 92' lang='lat'>:</span> <span class='ocrx_word' id='word_1_466' title='bbox 2400 2935 2417 2966; x_wconf 87' lang='grc'><strong>‹</strong></span> <span class='ocrx_word' id='word_1_467' title='bbox 2459 2917 2778 2972; x_wconf 88' lang='lat' dir='ltr'><strong>Elevabitur</strong></span> <span class='ocrx_word' id='word_1_468' title='bbox 2809 2935 3036 2991; x_wconf 82' lang='lat' dir='ltr'><strong>regnum</strong></span> <span class='ocrx_word' id='word_1_469' title='bbox 3075 2919 3192 2988; x_wconf 90' lang='lat' dir='ltr'><strong>Dei,</strong></span> <span class='ocrx_word' id='word_1_470' title='bbox 3226 2930 3280 2975; x_wconf 88' lang='lat' dir='ltr'><strong>et</strong></span> <span class='ocrx_word' id='word_1_471' title='bbox 3326 2919 3483 2976; x_wconf 79' lang='lat' dir='ltr'><strong>dabi-</strong></span> 
     </span>
    </p>
   </div>
   <div class='ocr_carea' id='block_1_61' title="bbox 1908 3006 2948 3080">
    <p class='ocr_par' dir='ltr' id='par_1_61' title="bbox 1908 3006 2948 3080">
     <span class='ocr_line' id='line_1_61' title="bbox 1908 3006 2948 3080; baseline 0.007 -24"><span class='ocrx_word' id='word_1_472' title='bbox 1908 3011 1998 3057; x_wconf 89' lang='lat' dir='ltr'><strong>tur</strong></span> <span class='ocrx_word' id='word_1_473' title='bbox 2024 3007 2170 3075; x_wconf 86' lang='lat' dir='ltr'><strong>genti</strong></span> <span class='ocrx_word' id='word_1_474' title='bbox 2205 3006 2427 3063; x_wconf 78' lang='lat' dir='ltr'><strong>facienti</strong></span> <span class='ocrx_word' id='word_1_475' title='bbox 2457 3009 2671 3064; x_wconf 78' lang='lat' dir='ltr'><strong>fructus</strong></span> <span class='ocrx_word' id='word_1_476' title='bbox 2696 3011 2816 3080; x_wconf 89' lang='lat' dir='ltr'><strong>ejus</strong></span> <span class='ocrx_word' id='word_1_477' title='bbox 2845 3011 2886 3065; x_wconf 82' lang='grc'><strong>³.</strong></span> <span class='ocrx_word' id='word_1_478' title='bbox 2929 3032 2948 3063; x_wconf 74' lang='grc' dir='ltr'><strong>ι</strong></span> 
     </span>
    </p>
   </div>
   <div class='ocr_carea' id='block_1_62' title="bbox 215 3093 3491 3178">
    <p class='ocr_par' dir='ltr' id='par_1_62' title="bbox 215 3093 3491 3178">
     <span class='ocr_line' id='line_1_62' title="bbox 215 3093 3491 3178; baseline -0.003 -23"><span class='ocrx_word' id='word_1_479' title='bbox 215 3101 342 3156; x_wconf 77' lang='grc' dir='ltr'>ατοῦ</span> <span class='ocrx_word' id='word_1_480' title='bbox 389 3099 698 3172; x_wconf 87' lang='grc' dir='ltr'>παρουσίαν</span> <span class='ocrx_word' id='word_1_481' title='bbox 745 3096 924 3169; x_wconf 76' lang='grc' dir='ltr'>ἔργοις</span> <span class='ocrx_word' id='word_1_482' title='bbox 951 3094 1102 3158; x_wconf 86' lang='grc' dir='ltr'>τέλος</span> <span class='ocrx_word' id='word_1_483' title='bbox 1137 3094 1358 3164; x_wconf 74' lang='grc' dir='ltr'>εἴληφεν</span> <span class='ocrx_word' id='word_1_484' title='bbox 1387 3093 1694 3157; x_wconf 82' lang='grc' dir='ltr'>ἀκολούθως</span> <span class='ocrx_word' id='word_1_485' title='bbox 1725 3098 1791 3168; x_wconf 83' lang='grc' dir='ltr'>τῇ</span> <span class='ocrx_word' id='word_1_486' title='bbox 1831 3113 1892 3149; x_wconf 90' lang='grc' dir='ltr'><strong>τε</strong></span> <span class='ocrx_word' id='word_1_487' title='bbox 1939 3098 2078 3169; x_wconf 81' lang='grc' dir='ltr'>μετὰ</span> <span class='ocrx_word' id='word_1_488' title='bbox 2117 3104 2304 3174; x_wconf 80' lang='grc' dir='ltr'>χεῖρας</span> <span class='ocrx_word' id='word_1_489' title='bbox 2351 3103 2687 3176; x_wconf 62' lang='grc' dir='ltr'>προφητείᾳ,</span> <span class='ocrx_word' id='word_1_490' title='bbox 2737 3105 2830 3158; x_wconf 71' lang='grc' dir='ltr'><strong>καὶ</strong></span> <span class='ocrx_word' id='word_1_491' title='bbox 2872 3108 2939 3175; x_wconf 74' lang='grc' dir='ltr'><strong>τῇ</strong></span> <span class='ocrx_word' id='word_1_492' title='bbox 3000 3105 3282 3178; x_wconf 46' lang='lat' dir='ltr'><strong>(manus!)</strong></span> <span class='ocrx_word' id='word_1_493' title='bbox 3320 3105 3491 3158; x_wconf 63' lang='grc' dir='ltr'>αὑτοῦ</span> 
     </span>
    </p>
   </div>
   <div class='ocr_carea' id='block_1_63' title="bbox 211 3188 3490 3272">
    <p class='ocr_par' dir='ltr' id='par_1_63' title="bbox 211 3188 3490 3272">
     <span class='ocr_line' id='line_1_63' title="bbox 211 3188 3490 3272; baseline 0.002 -25"><span class='ocrx_word' id='word_1_494' title='bbox 211 3195 305 3248; x_wconf 85' lang='grc' dir='ltr'><strong>τοῦ</strong></span> <span class='ocrx_word' id='word_1_495' title='bbox 334 3195 596 3264; x_wconf 81' lang='grc' dir='ltr'>Σωτῆρος</span> <span class='ocrx_word' id='word_1_496' title='bbox 623 3189 778 3263; x_wconf 87' lang='grc' dir='ltr'>ήμῶν</span> <span class='ocrx_word' id='word_1_497' title='bbox 807 3192 980 3260; x_wconf 80' lang='grc' dir='ltr'>φωνῇ,</span> <span class='ocrx_word' id='word_1_498' title='bbox 1007 3189 1082 3252; x_wconf 81' lang='grc' dir='ltr'>ὡς</span> <span class='ocrx_word' id='word_1_499' title='bbox 1139 3189 1246 3258; x_wconf 79' lang='grc' dir='ltr'><strong>ἄρα</strong></span> <span class='ocrx_word' id='word_1_500' title='bbox 1279 3206 1296 3238; x_wconf 82' lang='grc' dir='ltr'><strong>ι</strong></span> <span class='ocrx_word' id='word_1_501' title='bbox 1343 3188 1663 3258; x_wconf 87' lang='grc' dir='ltr'>Ἀρθήσεται</span> <span class='ocrx_word' id='word_1_502' title='bbox 1694 3192 1728 3260; x_wconf 90' lang='grc' dir='ltr'><strong>ή</strong></span> <span class='ocrx_word' id='word_1_503' title='bbox 1757 3190 2004 3260; x_wconf 83' lang='grc' dir='ltr'>βασιλεία</span> <span class='ocrx_word' id='word_1_504' title='bbox 2035 3195 2128 3249; x_wconf 89' lang='grc' dir='ltr'><strong>τοῦ</strong></span> <span class='ocrx_word' id='word_1_505' title='bbox 2174 3197 2330 3263; x_wconf 86' lang='grc' dir='ltr'>Θεοῦ,</span> <span class='ocrx_word' id='word_1_506' title='bbox 2391 3200 2485 3252; x_wconf 79' lang='grc' dir='ltr'>καὶ</span> <span class='ocrx_word' id='word_1_507' title='bbox 2531 3199 2817 3272; x_wconf 85' lang='grc' dir='ltr'>δοθήσεται</span> <span class='ocrx_word' id='word_1_508' title='bbox 2860 3199 3002 3254; x_wconf 82' lang='grc' dir='ltr'>ἔθνει</span> <span class='ocrx_word' id='word_1_509' title='bbox 3066 3201 3306 3254; x_wconf 81' lang='grc' dir='ltr'>ποιοῦντι</span> <span class='ocrx_word' id='word_1_510' title='bbox 3361 3202 3490 3263; x_wconf 78' lang='grc' dir='ltr'>τοὺς</span> 
     </span>
    </p>
   </div>
   <div class='ocr_carea' id='block_1_64' title="bbox 210 3287 745 3361">
    <p class='ocr_par' dir='ltr' id='par_1_64' title="bbox 210 3287 745 3361">
     <span class='ocr_line' id='line_1_64' title="bbox 210 3287 745 3361; baseline -0.015 -17"><span class='ocrx_word' id='word_1_511' title='bbox 210 3291 464 3361; x_wconf 73' lang='grc' dir='ltr'>καρποὺς</span> <span class='ocrx_word' id='word_1_512' title='bbox 501 3287 688 3356; x_wconf 78' lang='grc' dir='ltr'>αὐτῆς.</span> <span class='ocrx_word' id='word_1_513' title='bbox 727 3305 745 3336; x_wconf 76' lang='grc' dir='ltr'><strong>ι</strong></span> 
     </span>
    </p>
   </div>
   <div class='ocr_carea' id='block_1_65' title="bbox 746 3398 1270 3454">
    <p class='ocr_par' dir='ltr' id='par_1_65' title="bbox 746 3398 1270 3454">
     <span class='ocr_line' id='line_1_65' title="bbox 746 3398 1270 3454; baseline -0.006 0"><span class='ocrx_word' id='word_1_514' title='bbox 746 3400 1140 3454; x_wconf 79' lang='grc' dir='ltr'><strong>ΚΕΦΑΛΑΙΟΝ</strong></span> <span class='ocrx_word' id='word_1_515' title='bbox 1174 3398 1270 3453; x_wconf 87' lang='lat' dir='ltr'><strong>IZ&#39;.</strong></span> 
     </span>
    </p>
   </div>
   <div class='ocr_carea' id='block_1_66' title="bbox 291 3494 1805 3570">
    <p class='ocr_par' dir='ltr' id='par_1_66' title="bbox 291 3494 1805 3570">
     <span class='ocr_line' id='line_1_66' title="bbox 291 3494 1805 3570; baseline -0.001 -20"><span class='ocrx_word' id='word_1_516' title='bbox 291 3519 306 3550; x_wconf 84' lang='grc' dir='ltr'><strong>ι</strong></span> <span class='ocrx_word' id='word_1_517' title='bbox 325 3499 490 3570; x_wconf 82' lang='grc' dir='ltr'>Φωνὴ</span> <span class='ocrx_word' id='word_1_518' title='bbox 522 3498 749 3568; x_wconf 81' lang='grc' dir='ltr'>βοῶντος</span> <span class='ocrx_word' id='word_1_519' title='bbox 771 3500 827 3550; x_wconf 84' lang='grc' dir='ltr'><strong>ἐν</strong></span> <span class='ocrx_word' id='word_1_520' title='bbox 847 3498 913 3568; x_wconf 81' lang='grc' dir='ltr'>τῇ</span> <span class='ocrx_word' id='word_1_521' title='bbox 938 3497 1128 3567; x_wconf 86' lang='grc' dir='ltr'>ἐρήμῳ</span> <span class='ocrx_word' id='word_1_522' title='bbox 1143 3506 1155 3524; x_wconf 86' lang='grc'><em>⁴</em></span> <span class='ocrx_word' id='word_1_523' title='bbox 1193 3494 1546 3566; x_wconf 82' lang='grc' dir='ltr'>Ἑτοιμάσατε</span> <span class='ocrx_word' id='word_1_524' title='bbox 1568 3494 1667 3565; x_wconf 85' lang='grc' dir='ltr'><strong>τὴν</strong></span> <span class='ocrx_word' id='word_1_525' title='bbox 1687 3495 1805 3548; x_wconf 78' lang='grc' dir='ltr'>ὁδὸν</span> 
     </span>
    </p>
   </div>
   <div class='ocr_carea' id='block_1_67' title="bbox 213 3586 1808 3664">
    <p class='ocr_par' dir='ltr' id='par_1_67' title="bbox 213 3586 1808 3664">
     <span class='ocr_line' id='line_1_67' title="bbox 213 3586 1808 3664; baseline -0.004 -18"><span class='ocrx_word' id='word_1_526' title='bbox 213 3587 460 3664; x_wconf 80' lang='grc' dir='ltr'>Κυρίου·</span> <span class='ocrx_word' id='word_1_527' title='bbox 504 3590 723 3654; x_wconf 83' lang='grc' dir='ltr'>εὐθείας</span> <span class='ocrx_word' id='word_1_528' title='bbox 768 3593 970 3643; x_wconf 86' lang='grc' dir='ltr'>ποιεῖτε</span> <span class='ocrx_word' id='word_1_529' title='bbox 1005 3588 1103 3652; x_wconf 90' lang='grc' dir='ltr'><strong>τάς</strong></span> <span class='ocrx_word' id='word_1_530' title='bbox 1146 3588 1362 3659; x_wconf 72' lang='grc' dir='ltr'>τρίϐους</span> <span class='ocrx_word' id='word_1_531' title='bbox 1410 3586 1610 3640; x_wconf 88' lang='grc' dir='ltr'>αὐτοῦ·</span> <span class='ocrx_word' id='word_1_532' title='bbox 1657 3589 1808 3640; x_wconf 80' lang='grc' dir='ltr'>πᾶσα</span> 
     </span>
    </p>
   </div>
   <div class='ocr_carea' id='block_1_68' title="bbox 214 3682 1811 3761">
    <p class='ocr_par' dir='ltr' id='par_1_68' title="bbox 214 3682 1811 3761">
     <span class='ocr_line' id='line_1_68' title="bbox 214 3682 1811 3761; baseline -0.005 -19"><span class='ocrx_word' id='word_1_533' title='bbox 214 3689 437 3761; x_wconf 79' lang='grc' dir='ltr'>φάραγξ</span> <span class='ocrx_word' id='word_1_534' title='bbox 471 3687 918 3759; x_wconf 83' lang='grc' dir='ltr'>πληρωθήσεται,</span> <span class='ocrx_word' id='word_1_535' title='bbox 947 3687 1040 3739; x_wconf 74' lang='grc' dir='ltr'><strong>καὶ</strong></span> <span class='ocrx_word' id='word_1_536' title='bbox 1076 3685 1182 3738; x_wconf 81' lang='grc' dir='ltr'><strong>πᾶν</strong></span> <span class='ocrx_word' id='word_1_537' title='bbox 1209 3683 1334 3756; x_wconf 83' lang='grc' dir='ltr'>ὅρος</span> <span class='ocrx_word' id='word_1_538' title='bbox 1370 3683 1464 3736; x_wconf 75' lang='grc' dir='ltr'>καὶ</span> <span class='ocrx_word' id='word_1_539' title='bbox 1497 3682 1683 3754; x_wconf 82' lang='grc' dir='ltr'>βουνὸς</span> <span class='ocrx_word' id='word_1_540' title='bbox 1713 3699 1811 3735; x_wconf 90' lang='grc' dir='ltr'>τα-</span> 
     </span>
    </p>
   </div>
   <div class='ocr_carea' id='block_1_69' title="bbox 213 3773 1811 3850">
    <p class='ocr_par' dir='ltr' id='par_1_69' title="bbox 213 3773 1811 3850">
     <span class='ocr_line' id='line_1_69' title="bbox 213 3773 1811 3850; baseline -0.004 -19"><span class='ocrx_word' id='word_1_541' title='bbox 213 3780 627 3850; x_wconf 87' lang='grc' dir='ltr'>πεινωθήσεται</span> <span class='ocrx_word' id='word_1_542' title='bbox 647 3795 659 3807; x_wconf 82' lang='lat'><strong><em>°</em></strong></span> <span class='ocrx_word' id='word_1_543' title='bbox 679 3779 772 3830; x_wconf 72' lang='grc' dir='ltr'>καὶ</span> <span class='ocrx_word' id='word_1_544' title='bbox 796 3776 947 3830; x_wconf 77' lang='grc' dir='ltr'>ἔσται</span> <span class='ocrx_word' id='word_1_545' title='bbox 979 3776 1154 3829; x_wconf 90' lang='grc' dir='ltr'>πάντα</span> <span class='ocrx_word' id='word_1_546' title='bbox 1175 3774 1246 3827; x_wconf 85' lang='grc' dir='ltr'><strong>τά</strong></span> <span class='ocrx_word' id='word_1_547' title='bbox 1276 3774 1460 3827; x_wconf 89' lang='grc' dir='ltr'>σκολιά</span> <span class='ocrx_word' id='word_1_548' title='bbox 1489 3775 1569 3837; x_wconf 81' lang='grc' dir='ltr'>εἰς</span> <span class='ocrx_word' id='word_1_549' title='bbox 1597 3773 1811 3827; x_wconf 87' lang='grc' dir='ltr'>εὐθεῖαν</span> 
     </span>
    </p>
   </div>
   <div class='ocr_carea' id='block_1_70' title="bbox 213 3865 1813 3942">
    <p class='ocr_par' dir='ltr' id='par_1_70' title="bbox 213 3865 1813 3942">
     <span class='ocr_line' id='line_1_70' title="bbox 213 3865 1813 3942; baseline -0.003 -19"><span class='ocrx_word' id='word_1_550' title='bbox 213 3870 307 3923; x_wconf 70' lang='grc' dir='ltr'>καὶ</span> <span class='ocrx_word' id='word_1_551' title='bbox 337 3873 372 3940; x_wconf 84' lang='grc' dir='ltr'><strong>ὴ</strong></span> <span class='ocrx_word' id='word_1_552' title='bbox 409 3873 644 3942; x_wconf 86' lang='grc' dir='ltr'>τραχεῖα</span> <span class='ocrx_word' id='word_1_553' title='bbox 678 3871 758 3932; x_wconf 86' lang='grc' dir='ltr'>εἰς</span> <span class='ocrx_word' id='word_1_554' title='bbox 785 3868 968 3921; x_wconf 78' lang='grc' dir='ltr'>πεδία’</span> <span class='ocrx_word' id='word_1_555' title='bbox 1006 3868 1099 3920; x_wconf 79' lang='grc' dir='ltr'>καὶ</span> <span class='ocrx_word' id='word_1_556' title='bbox 1131 3866 1425 3936; x_wconf 79' lang='grc' dir='ltr'>ὀφθήσεται</span> <span class='ocrx_word' id='word_1_557' title='bbox 1475 3868 1508 3937; x_wconf 88' lang='grc' dir='ltr'><strong>ή</strong></span> <span class='ocrx_word' id='word_1_558' title='bbox 1553 3865 1678 3932; x_wconf 88' lang='grc' dir='ltr'>δόξα</span> <span class='ocrx_word' id='word_1_559' title='bbox 1703 3867 1813 3918; x_wconf 87' lang='grc' dir='ltr'><strong>Κυ-</strong></span> 
     </span>
    </p>
   </div>
   <div class='ocr_carea' id='block_1_71' title="bbox 215 3955 1810 4030">
    <p class='ocr_par' dir='ltr' id='par_1_71' title="bbox 215 3955 1810 4030">
     <span class='ocr_line' id='line_1_71' title="bbox 215 3955 1810 4030; baseline -0.003 -18"><span class='ocrx_word' id='word_1_560' title='bbox 215 3960 355 4030; x_wconf 82' lang='grc' dir='ltr'>ρίου,</span> <span class='ocrx_word' id='word_1_561' title='bbox 386 3961 486 4014; x_wconf 77' lang='grc' dir='ltr'><strong>καὶ</strong></span> <span class='ocrx_word' id='word_1_562' title='bbox 535 3960 724 4029; x_wconf 60' lang='grc' dir='ltr'>ὄψεται</span> <span class='ocrx_word' id='word_1_563' title='bbox 773 3961 923 4013; x_wconf 83' lang='grc' dir='ltr'>πᾶσα</span> <span class='ocrx_word' id='word_1_564' title='bbox 955 3958 1090 4030; x_wconf 81' lang='grc' dir='ltr'>σὰρξ</span> <span class='ocrx_word' id='word_1_565' title='bbox 1119 3959 1178 4012; x_wconf 82' lang='grc' dir='ltr'><strong>τὸ</strong></span> <span class='ocrx_word' id='word_1_566' title='bbox 1213 3958 1496 4028; x_wconf 90' lang='grc' dir='ltr'>Σωτήριον</span> <span class='ocrx_word' id='word_1_567' title='bbox 1524 3957 1618 4010; x_wconf 90' lang='grc' dir='ltr'><strong>τοῦ</strong></span> <span class='ocrx_word' id='word_1_568' title='bbox 1652 3955 1810 4019; x_wconf 86' lang='grc' dir='ltr'>Θεοῦ,</span> 
     </span>
    </p>
   </div>
   <div class='ocr_carea' id='block_1_72' title="bbox 213 4043 1812 4122">
    <p class='ocr_par' dir='ltr' id='par_1_72' title="bbox 213 4043 1812 4122">
     <span class='ocr_line' id='line_1_72' title="bbox 213 4043 1812 4122; baseline -0.002 -22"><span class='ocrx_word' id='word_1_569' title='bbox 213 4050 297 4102; x_wconf 81' lang='grc' dir='ltr'>ὅτι</span> <span class='ocrx_word' id='word_1_570' title='bbox 332 4049 550 4120; x_wconf 81' lang='grc' dir='ltr'>Κύριος</span> <span class='ocrx_word' id='word_1_571' title='bbox 593 4047 870 4118; x_wconf 87' lang='grc' dir='ltr'>ἐλάλησεν.</span> <span class='ocrx_word' id='word_1_572' title='bbox 901 4067 920 4099; x_wconf 74' lang='grc' dir='ltr'><strong>ι</strong></span> <span class='ocrx_word' id='word_1_573' title='bbox 941 4047 998 4100; x_wconf 88' lang='lat'><strong>&#39;0</strong></span> <span class='ocrx_word' id='word_1_574' title='bbox 1046 4046 1138 4100; x_wconf 82' lang='grc' dir='ltr'><strong>τοῦ</strong></span> <span class='ocrx_word' id='word_1_575' title='bbox 1183 4046 1434 4115; x_wconf 84' lang='grc' dir='ltr'>Σωτῆρος</span> <span class='ocrx_word' id='word_1_576' title='bbox 1471 4043 1642 4122; x_wconf 16' lang='grc' dir='ltr'>’ήμῶν</span> <span class='ocrx_word' id='word_1_577' title='bbox 1676 4045 1812 4116; x_wconf 90' lang='grc' dir='ltr'>πρό-</span> 
     </span>
    </p>
   </div>
   <div class='ocr_carea' id='block_1_73' title="bbox 214 4133 1808 4211">
    <p class='ocr_par' dir='ltr' id='par_1_73' title="bbox 214 4133 1808 4211">
     <span class='ocr_line' id='line_1_73' title="bbox 214 4133 1808 4211; baseline -0.004 -20"><span class='ocrx_word' id='word_1_578' title='bbox 214 4137 419 4211; x_wconf 87' lang='grc' dir='ltr'>δρομος</span> <span class='ocrx_word' id='word_1_579' title='bbox 460 4138 716 4208; x_wconf 80' lang='grc' dir='ltr'>Ἰωάννης</span> <span class='ocrx_word' id='word_1_580' title='bbox 755 4138 868 4200; x_wconf 80' lang='grc' dir='ltr'>τοῖς</span> <span class='ocrx_word' id='word_1_581' title='bbox 912 4135 1265 4208; x_wconf 85' lang='grc' dir='ltr'>ἐπερωτῶσιν</span> <span class='ocrx_word' id='word_1_582' title='bbox 1315 4133 1475 4187; x_wconf 85' lang='grc' dir='ltr'>αὐτὸν</span> <span class='ocrx_word' id='word_1_583' title='bbox 1509 4135 1659 4197; x_wconf 83' lang='grc' dir='ltr'>ὅστις</span> <span class='ocrx_word' id='word_1_584' title='bbox 1699 4133 1808 4205; x_wconf 73' lang='grc' dir='ltr'>εἴη,</span> 
     </span>
    </p>
   </div>
   <div class='ocr_carea' id='block_1_74' title="bbox 217 4224 1816 4300">
    <p class='ocr_par' dir='ltr' id='par_1_74' title="bbox 217 4224 1816 4300">
     <span class='ocr_line' id='line_1_74' title="bbox 217 4224 1816 4300; baseline -0.003 -18"><span class='ocrx_word' id='word_1_585' title='bbox 217 4227 386 4300; x_wconf 81' lang='grc' dir='ltr'>φησίν</span> <span class='ocrx_word' id='word_1_586' title='bbox 404 4247 418 4260; x_wconf 82' lang='grc'><em>’</em></span> <span class='ocrx_word' id='word_1_587' title='bbox 461 4248 481 4281; x_wconf 73' lang='grc' dir='ltr'><strong>ι</strong></span> <span class='ocrx_word' id='word_1_588' title='bbox 509 4227 653 4296; x_wconf 86' lang='grc' dir='ltr'><strong>Ἐγὼ</strong></span> <span class='ocrx_word' id='word_1_589' title='bbox 678 4228 828 4300; x_wconf 86' lang='grc' dir='ltr'>φωνὴ</span> <span class='ocrx_word' id='word_1_590' title='bbox 857 4228 1086 4298; x_wconf 87' lang='grc' dir='ltr'>βοῶντος</span> <span class='ocrx_word' id='word_1_591' title='bbox 1113 4229 1170 4280; x_wconf 88' lang='grc' dir='ltr'><strong>ἐν</strong></span> <span class='ocrx_word' id='word_1_592' title='bbox 1196 4229 1260 4297; x_wconf 78' lang='grc' dir='ltr'>τῇ</span> <span class='ocrx_word' id='word_1_593' title='bbox 1295 4226 1509 4298; x_wconf 84' lang='grc' dir='ltr'>ἐρήμῳ,</span> <span class='ocrx_word' id='word_1_594' title='bbox 1540 4244 1559 4277; x_wconf 72' lang='grc' dir='ltr'><strong>ι</strong></span> <span class='ocrx_word' id='word_1_595' title='bbox 1603 4225 1697 4279; x_wconf 75' lang='grc' dir='ltr'><strong>καὶ</strong></span> <span class='ocrx_word' id='word_1_596' title='bbox 1746 4224 1816 4278; x_wconf 80' lang='grc' dir='ltr'><strong>τὰ</strong></span> 
     </span>
    </p>
   </div>
   <div class='ocr_carea' id='block_1_75' title="bbox 217 4314 1814 4392">
    <p class='ocr_par' dir='ltr' id='par_1_75' title="bbox 217 4314 1814 4392">
     <span class='ocr_line' id='line_1_75' title="bbox 217 4314 1814 4392; baseline -0.003 -18"><span class='ocrx_word' id='word_1_597' title='bbox 217 4321 369 4392; x_wconf 73' lang='grc' dir='ltr'>ἑξῆς.</span> <span class='ocrx_word' id='word_1_598' title='bbox 406 4318 619 4374; x_wconf 80' lang='grc' dir='ltr'>Τούτου</span> <span class='ocrx_word' id='word_1_599' title='bbox 664 4319 729 4390; x_wconf 81' lang='grc' dir='ltr'><strong>δὴ</strong></span> <span class='ocrx_word' id='word_1_600' title='bbox 775 4315 868 4372; x_wconf 82' lang='grc' dir='ltr'><strong>οὖν</strong></span> <span class='ocrx_word' id='word_1_601' title='bbox 909 4318 1066 4392; x_wconf 86' lang='grc' dir='ltr'>χάριν</span> <span class='ocrx_word' id='word_1_602' title='bbox 1103 4315 1399 4386; x_wconf 82' lang='grc' dir='ltr'>ἐξεθέμεθα</span> <span class='ocrx_word' id='word_1_603' title='bbox 1429 4316 1488 4368; x_wconf 84' lang='grc' dir='ltr'><strong>τὸ</strong></span> <span class='ocrx_word' id='word_1_604' title='bbox 1521 4314 1814 4386; x_wconf 84' lang='grc' dir='ltr'>κεφάλαιον</span> 
     </span>
    </p>
   </div>
   <div class='ocr_carea' id='block_1_76' title="bbox 217 4401 1814 4482">
    <p class='ocr_par' dir='ltr' id='par_1_76' title="bbox 217 4401 1814 4482">
     <span class='ocr_line' id='line_1_76' title="bbox 217 4401 1814 4482; baseline -0.005 -17"><span class='ocrx_word' id='word_1_605' title='bbox 217 4415 276 4465; x_wconf 87' lang='grc' dir='ltr'><strong>ἐν</strong></span> <span class='ocrx_word' id='word_1_606' title='bbox 305 4409 426 4477; x_wconf 83' lang='grc' dir='ltr'>τοῖς</span> <span class='ocrx_word' id='word_1_607' title='bbox 451 4410 586 4482; x_wconf 80' lang='grc' dir='ltr'>περὶ</span> <span class='ocrx_word' id='word_1_608' title='bbox 613 4409 851 4481; x_wconf 86' lang='grc' dir='ltr'>Χριστοῦ</span> <span class='ocrx_word' id='word_1_609' title='bbox 886 4408 1229 4481; x_wconf 82' lang='grc' dir='ltr'>μαρτυρίοις,</span> <span class='ocrx_word' id='word_1_610' title='bbox 1258 4405 1525 4477; x_wconf 74' lang='grc' dir='ltr'>σύμϐολον</span> <span class='ocrx_word' id='word_1_611' title='bbox 1557 4401 1694 4458; x_wconf 75' lang='grc' dir='ltr'>εἶναι</span> <span class='ocrx_word' id='word_1_612' title='bbox 1725 4422 1814 4458; x_wconf 90' lang='grc' dir='ltr'>νο-</span> 
     </span>
    </p>
   </div>
   <div class='ocr_carea' id='block_1_77' title="bbox 221 4496 1811 4574">
    <p class='ocr_par' dir='ltr' id='par_1_77' title="bbox 221 4496 1811 4574">
     <span class='ocr_line' id='line_1_77' title="bbox 221 4496 1811 4574; baseline -0.004 -20"><span class='ocrx_word' id='word_1_613' title='bbox 221 4502 483 4574; x_wconf 77' lang='grc' dir='ltr'>μίζοντες</span> <span class='ocrx_word' id='word_1_614' title='bbox 541 4501 791 4572; x_wconf 83' lang='grc' dir='ltr'>Ἰωάννην</span> <span class='ocrx_word' id='word_1_615' title='bbox 856 4499 948 4554; x_wconf 89' lang='grc' dir='ltr'><strong>τοῦ</strong></span> <span class='ocrx_word' id='word_1_616' title='bbox 1002 4496 1357 4552; x_wconf 85' lang='grc' dir='ltr'>ἀποστολικοῦ</span> <span class='ocrx_word' id='word_1_617' title='bbox 1420 4496 1775 4568; x_wconf 85' lang='grc' dir='ltr'>κηρύγματος</span> <span class='ocrx_word' id='word_1_618' title='bbox 1798 4513 1811 4528; x_wconf 74' lang='grc'><strong><em>⁸</em></strong></span> 
     </span>
    </p>
   </div>
   <div class='ocr_carea' id='block_1_78' title="bbox 217 4590 1814 4666">
    <p class='ocr_par' dir='ltr' id='par_1_78' title="bbox 217 4590 1814 4666">
     <span class='ocr_line' id='line_1_78' title="bbox 217 4590 1814 4666; baseline -0.006 -15"><span class='ocrx_word' id='word_1_619' title='bbox 217 4596 450 4665; x_wconf 87' lang='grc' dir='ltr'>τοιαύτη</span> <span class='ocrx_word' id='word_1_620' title='bbox 481 4595 592 4666; x_wconf 89' lang='grc' dir='ltr'><strong>γάρ</strong></span> <span class='ocrx_word' id='word_1_621' title='bbox 632 4592 714 4646; x_wconf 86' lang='grc' dir='ltr'><strong>τοί</strong></span> <span class='ocrx_word' id='word_1_622' title='bbox 754 4594 900 4647; x_wconf 81' lang='grc' dir='ltr'>ἐστιν</span> <span class='ocrx_word' id='word_1_623' title='bbox 931 4594 965 4665; x_wconf 82' lang='grc' dir='ltr'><strong>ἡ</strong></span> <span class='ocrx_word' id='word_1_624' title='bbox 1000 4595 1058 4646; x_wconf 86' lang='grc' dir='ltr'><strong>ἐν</strong></span> <span class='ocrx_word' id='word_1_625' title='bbox 1081 4595 1146 4663; x_wconf 85' lang='grc' dir='ltr'>τῇ</span> <span class='ocrx_word' id='word_1_626' title='bbox 1192 4592 1386 4662; x_wconf 80' lang='grc' dir='ltr'>ἐρήμῳ</span> <span class='ocrx_word' id='word_1_627' title='bbox 1421 4590 1601 4660; x_wconf 85' lang='grc' dir='ltr'>βοῶσα</span> <span class='ocrx_word' id='word_1_628' title='bbox 1643 4590 1814 4660; x_wconf 83' lang='grc' dir='ltr'>φωνὴ,</span> 
     </span>
    </p>
   </div>
   <div class='ocr_carea' id='block_1_79' title="bbox 218 4681 1815 4760">
    <p class='ocr_par' dir='ltr' id='par_1_79' title="bbox 218 4681 1815 4760">
     <span class='ocr_line' id='line_1_79' title="bbox 218 4681 1815 4760; baseline -0.006 -18"><span class='ocrx_word' id='word_1_629' title='bbox 218 4689 442 4760; x_wconf 73' lang='grc' dir='ltr'>ἄσημός</span> <span class='ocrx_word' id='word_1_630' title='bbox 480 4703 566 4750; x_wconf 89' lang='grc' dir='ltr'><strong>τις</strong></span> <span class='ocrx_word' id='word_1_631' title='bbox 593 4681 747 4750; x_wconf 80' lang='grc' dir='ltr'>οὐσα,</span> <span class='ocrx_word' id='word_1_632' title='bbox 770 4683 864 4739; x_wconf 73' lang='grc' dir='ltr'><strong>καὶ</strong></span> <span class='ocrx_word' id='word_1_633' title='bbox 889 4683 1258 4755; x_wconf 87' lang='grc' dir='ltr'>ἀδιάρθρωτος</span> <span class='ocrx_word' id='word_1_634' title='bbox 1289 4685 1402 4745; x_wconf 90' lang='grc' dir='ltr'>τοῖς</span> <span class='ocrx_word' id='word_1_635' title='bbox 1426 4683 1552 4754; x_wconf 79' lang='grc' dir='ltr'>ἄρτι</span> <span class='ocrx_word' id='word_1_636' title='bbox 1587 4698 1815 4752; x_wconf 87' lang='grc' dir='ltr'>στοιχει-</span> 
     </span>
    </p>
   </div>
   <div class='ocr_carea' id='block_1_80' title="bbox 2469 3408 3019 3464">
    <p class='ocr_par' dir='ltr' id='par_1_80' title="bbox 2469 3408 3019 3464">
     <span class='ocr_line' id='line_1_80' title="bbox 2469 3408 3019 3464; baseline 0.004 -1"><span class='ocrx_word' id='word_1_637' title='bbox 2469 3408 2701 3463; x_wconf 88' lang='lat' dir='ltr'><strong>CAPUT</strong></span> <span class='ocrx_word' id='word_1_638' title='bbox 2741 3409 2907 3464; x_wconf 68' lang='lat' dir='ltr'><strong>XVII.</strong></span> <span class='ocrx_word' id='word_1_639' title='bbox 3007 3435 3019 3448; x_wconf 72' lang='grc' dir='ltr'><strong><em>ε</em></strong></span> 
     </span>
    </p>
   </div>
   <div class='ocr_carea' id='block_1_81' title="bbox 1982 3498 3488 3558">
    <p class='ocr_par' dir='ltr' id='par_1_81' title="bbox 1982 3498 3488 3558">
     <span class='ocr_line' id='line_1_81' title="bbox 1982 3498 3488 3558; baseline 0.005 -8"><span class='ocrx_word' id='word_1_640' title='bbox 1982 3517 2000 3550; x_wconf 76' lang='grc' dir='ltr'><strong>ι</strong></span> <span class='ocrx_word' id='word_1_641' title='bbox 2037 3498 2155 3553; x_wconf 81' lang='lat' dir='ltr'><strong>Vox</strong></span> <span class='ocrx_word' id='word_1_642' title='bbox 2188 3499 2475 3554; x_wconf 85' lang='lat' dir='ltr'><strong>clamantis</strong></span> <span class='ocrx_word' id='word_1_643' title='bbox 2513 3501 2570 3554; x_wconf 92' lang='lat' dir='ltr'><strong>in</strong></span> <span class='ocrx_word' id='word_1_644' title='bbox 2605 3501 2824 3555; x_wconf 89' lang='lat' dir='ltr'><strong>deserto</strong></span> <span class='ocrx_word' id='word_1_645' title='bbox 2859 3520 2870 3554; x_wconf 91' lang='lat'><strong>:</strong></span> <span class='ocrx_word' id='word_1_646' title='bbox 2905 3501 3104 3556; x_wconf 90' lang='lat' dir='ltr'><strong>Parate</strong></span> <span class='ocrx_word' id='word_1_647' title='bbox 3131 3503 3276 3556; x_wconf 89' lang='lat' dir='ltr'><strong>viam</strong></span> <span class='ocrx_word' id='word_1_648' title='bbox 3304 3502 3488 3558; x_wconf 90' lang='lat' dir='ltr'><strong>Domi-</strong></span> 
     </span>
    </p>
   </div>
   <div class='ocr_carea' id='block_1_82' title="bbox 1909 3589 3487 3661">
    <p class='ocr_par' dir='ltr' id='par_1_82' title="bbox 1909 3589 3487 3661">
     <span class='ocr_line' id='line_1_82' title="bbox 1909 3589 3487 3661; baseline 0.004 -20"><span class='ocrx_word' id='word_1_649' title='bbox 1909 3589 2040 3643; x_wconf 92' lang='lat' dir='ltr'><strong>mini</strong></span> <span class='ocrx_word' id='word_1_650' title='bbox 2060 3603 2081 3656; x_wconf 79' lang='lat'><strong>‘;</strong></span> <span class='ocrx_word' id='word_1_651' title='bbox 2112 3597 2289 3646; x_wconf 90' lang='lat' dir='ltr'><strong>rectas</strong></span> <span class='ocrx_word' id='word_1_652' title='bbox 2333 3591 2497 3645; x_wconf 82' lang='lat' dir='ltr'><strong>facile</strong></span> <span class='ocrx_word' id='word_1_653' title='bbox 2526 3591 2752 3647; x_wconf 87' lang='lat' dir='ltr'><strong>semitas</strong></span> <span class='ocrx_word' id='word_1_654' title='bbox 2781 3591 2922 3661; x_wconf 86' lang='lat' dir='ltr'><strong>ejus.</strong></span> <span class='ocrx_word' id='word_1_655' title='bbox 2969 3592 3162 3647; x_wconf 90' lang='lat' dir='ltr'><strong>Omnis</strong></span> <span class='ocrx_word' id='word_1_656' title='bbox 3201 3592 3360 3649; x_wconf 79' lang='lat' dir='ltr'><strong>vallis</strong></span> <span class='ocrx_word' id='word_1_657' title='bbox 3385 3595 3487 3650; x_wconf 86' lang='lat' dir='ltr'><strong>im-</strong></span> 
     </span>
    </p>
   </div>
   <div class='ocr_carea' id='block_1_83' title="bbox 1910 3679 3488 3751">
    <p class='ocr_par' dir='ltr' id='par_1_83' title="bbox 1910 3679 3488 3751">
     <span class='ocr_line' id='line_1_83' title="bbox 1910 3679 3488 3751; baseline 0.004 -17"><span class='ocrx_word' id='word_1_658' title='bbox 1910 3680 2168 3751; x_wconf 87' lang='lat' dir='ltr'><strong>plebitur,</strong></span> <span class='ocrx_word' id='word_1_659' title='bbox 2194 3692 2248 3737; x_wconf 88' lang='lat' dir='ltr'><strong>et</strong></span> <span class='ocrx_word' id='word_1_660' title='bbox 2278 3684 2459 3739; x_wconf 91' lang='lat' dir='ltr'><strong>omnis</strong></span> <span class='ocrx_word' id='word_1_661' title='bbox 2489 3679 2648 3738; x_wconf 84' lang='lat' dir='ltr'><strong>mons</strong></span> <span class='ocrx_word' id='word_1_662' title='bbox 2680 3692 2734 3737; x_wconf 90' lang='lat' dir='ltr'><strong>et</strong></span> <span class='ocrx_word' id='word_1_663' title='bbox 2777 3685 2934 3739; x_wconf 83' lang='lat' dir='ltr'><strong>collis</strong></span> <span class='ocrx_word' id='word_1_664' title='bbox 2968 3685 3350 3740; x_wconf 88' lang='lat' dir='ltr'><strong>humiliabitur</strong></span> <span class='ocrx_word' id='word_1_665' title='bbox 3389 3707 3401 3741; x_wconf 95' lang='lat'>:</span> <span class='ocrx_word' id='word_1_666' title='bbox 3433 3695 3488 3742; x_wconf 91' lang='lat' dir='ltr'><strong>et</strong></span> 
     </span>
    </p>
   </div>
   <div class='ocr_carea' id='block_1_84' title="bbox 1910 3776 3487 3848">
    <p class='ocr_par' dir='ltr' id='par_1_84' title="bbox 1910 3776 3487 3848">
     <span class='ocr_line' id='line_1_84' title="bbox 1910 3776 3487 3848; baseline 0.003 -21"><span class='ocrx_word' id='word_1_667' title='bbox 1910 3780 2071 3827; x_wconf 90' lang='lat' dir='ltr'><strong>erunt</strong></span> <span class='ocrx_word' id='word_1_668' title='bbox 2102 3789 2268 3844; x_wconf 86' lang='lat' dir='ltr'><strong>prava</strong></span> <span class='ocrx_word' id='word_1_669' title='bbox 2301 3776 2354 3830; x_wconf 93' lang='lat' dir='ltr'><strong>in</strong></span> <span class='ocrx_word' id='word_1_670' title='bbox 2389 3783 2592 3830; x_wconf 91' lang='lat' dir='ltr'><strong>rectam</strong></span> <span class='ocrx_word' id='word_1_671' title='bbox 2617 3787 2670 3832; x_wconf 92' lang='lat' dir='ltr'><strong>et</strong></span> <span class='ocrx_word' id='word_1_672' title='bbox 2696 3792 2891 3848; x_wconf 87' lang='lat' dir='ltr'><strong>aspera</strong></span> <span class='ocrx_word' id='word_1_673' title='bbox 2917 3777 2972 3831; x_wconf 91' lang='lat' dir='ltr'><strong>in</strong></span> <span class='ocrx_word' id='word_1_674' title='bbox 3015 3779 3133 3833; x_wconf 91' lang='lat' dir='ltr'><strong>vias</strong></span> <span class='ocrx_word' id='word_1_675' title='bbox 3163 3779 3356 3847; x_wconf 82' lang='lat' dir='ltr'><strong>planas</strong></span> <span class='ocrx_word' id='word_1_676' title='bbox 3389 3799 3400 3833; x_wconf 89' lang='lat'>:</span> <span class='ocrx_word' id='word_1_677' title='bbox 3432 3785 3487 3834; x_wconf 90' lang='lat' dir='ltr'><strong>et</strong></span> 
     </span>
    </p>
   </div>
   <div class='ocr_carea' id='block_1_85' title="bbox 1910 3865 3488 3938">
    <p class='ocr_par' dir='ltr' id='par_1_85' title="bbox 1910 3865 3488 3938">
     <span class='ocr_line' id='line_1_85' title="bbox 1910 3865 3488 3938; baseline 0.004 -19"><span class='ocrx_word' id='word_1_678' title='bbox 1910 3865 2184 3921; x_wconf 81' lang='lat' dir='ltr'><strong>videbitur</strong></span> <span class='ocrx_word' id='word_1_679' title='bbox 2221 3867 2393 3938; x_wconf 85' lang='lat' dir='ltr'><strong>gloria</strong></span> <span class='ocrx_word' id='word_1_680' title='bbox 2422 3867 2655 3923; x_wconf 90' lang='lat' dir='ltr'><strong>Domini.</strong></span> <span class='ocrx_word' id='word_1_681' title='bbox 2698 3869 2762 3923; x_wconf 86' lang='lat' dir='ltr'><strong>Et</strong></span> <span class='ocrx_word' id='word_1_682' title='bbox 2786 3871 2990 3924; x_wconf 87' lang='lat' dir='ltr'><strong>videbit</strong></span> <span class='ocrx_word' id='word_1_683' title='bbox 3024 3873 3204 3926; x_wconf 91' lang='lat' dir='ltr'><strong>omnis</strong></span> <span class='ocrx_word' id='word_1_684' title='bbox 3233 3887 3363 3926; x_wconf 89' lang='lat' dir='ltr'><strong>caro</strong></span> <span class='ocrx_word' id='word_1_685' title='bbox 3387 3869 3488 3926; x_wconf 86' lang='lat' dir='ltr'><strong>Sa—</strong></span> 
     </span>
    </p>
   </div>
   <div class='ocr_carea' id='block_1_86' title="bbox 1914 3956 3489 4027">
    <p class='ocr_par' dir='ltr' id='par_1_86' title="bbox 1914 3956 3489 4027">
     <span class='ocr_line' id='line_1_86' title="bbox 1914 3956 3489 4027; baseline 0.003 -17"><span class='ocrx_word' id='word_1_686' title='bbox 1914 3957 2086 4012; x_wconf 89' lang='lat' dir='ltr'><strong>Iutare</strong></span> <span class='ocrx_word' id='word_1_687' title='bbox 2117 3956 2231 4021; x_wconf 88' lang='lat' dir='ltr'><strong>Dei,</strong></span> <span class='ocrx_word' id='word_1_688' title='bbox 2270 3959 2530 4027; x_wconf 87' lang='lat' dir='ltr'><strong>quoniam</strong></span> <span class='ocrx_word' id='word_1_689' title='bbox 2577 3959 2842 4015; x_wconf 88' lang='lat' dir='ltr'><strong>Dominus</strong></span> <span class='ocrx_word' id='word_1_690' title='bbox 2883 3961 3100 4016; x_wconf 91' lang='lat' dir='ltr'><strong>locutus</strong></span> <span class='ocrx_word' id='word_1_691' title='bbox 3131 3961 3274 4016; x_wconf 74' lang='lat' dir='ltr'><strong>est‘.</strong></span> <span class='ocrx_word' id='word_1_692' title='bbox 3317 3983 3335 4014; x_wconf 80' lang='grc'>›</span> <span class='ocrx_word' id='word_1_693' title='bbox 3375 3961 3489 4016; x_wconf 82' lang='lat' dir='ltr'><strong>Sal-</strong></span> 
     </span>
    </p>
   </div>
   <div class='ocr_carea' id='block_1_87' title="bbox 1912 4050 3488 4126">
    <p class='ocr_par' dir='ltr' id='par_1_87' title="bbox 1912 4050 3488 4126">
     <span class='ocr_line' id='line_1_87' title="bbox 1912 4050 3488 4126; baseline 0.005 -23"><span class='ocrx_word' id='word_1_694' title='bbox 1912 4050 2118 4105; x_wconf 88' lang='lat' dir='ltr'><strong>vatoris</strong></span> <span class='ocrx_word' id='word_1_695' title='bbox 2160 4050 2333 4106; x_wconf 78' lang='lat' dir='ltr'><strong>nostri</strong></span> <span class='ocrx_word' id='word_1_696' title='bbox 2382 4058 2690 4122; x_wconf 64' lang='lat' dir='ltr'><strong>prmcursor</strong></span> <span class='ocrx_word' id='word_1_697' title='bbox 2743 4053 2984 4111; x_wconf 88' lang='lat' dir='ltr'><strong>Joannes</strong></span> <span class='ocrx_word' id='word_1_698' title='bbox 3023 4055 3488 4126; x_wconf 84' lang='lat' dir='ltr'><strong>interrogantibus</strong></span> 
     </span>
    </p>
   </div>
   <div class='ocr_carea' id='block_1_88' title="bbox 1914 4141 3489 4214">
    <p class='ocr_par' dir='ltr' id='par_1_88' title="bbox 1914 4141 3489 4214">
     <span class='ocr_line' id='line_1_88' title="bbox 1914 4141 3489 4214; baseline 0.004 -20"><span class='ocrx_word' id='word_1_699' title='bbox 1914 4155 2037 4194; x_wconf 91' lang='lat' dir='ltr'><strong>eum</strong></span> <span class='ocrx_word' id='word_1_700' title='bbox 2060 4141 2186 4211; x_wconf 85' lang='lat' dir='ltr'><strong>quis</strong></span> <span class='ocrx_word' id='word_1_701' title='bbox 2219 4150 2385 4208; x_wconf 86' lang='lat' dir='ltr'><strong>esset,</strong></span> <span class='ocrx_word' id='word_1_702' title='bbox 2415 4144 2490 4196; x_wconf 89' lang='lat' dir='ltr'><strong>ait</strong></span> <span class='ocrx_word' id='word_1_703' title='bbox 2516 4162 2528 4198; x_wconf 91' lang='lat'><strong>:</strong></span> <span class='ocrx_word' id='word_1_704' title='bbox 2567 4163 2584 4195; x_wconf 79' lang='grc' dir='ltr'><strong>ι</strong></span> <span class='ocrx_word' id='word_1_705' title='bbox 2615 4143 2723 4214; x_wconf 85' lang='lat' dir='ltr'><strong>Ego</strong></span> <span class='ocrx_word' id='word_1_706' title='bbox 2756 4159 2858 4198; x_wconf 83' lang='lat' dir='ltr'><strong>vox</strong></span> <span class='ocrx_word' id='word_1_707' title='bbox 2892 4145 3184 4200; x_wconf 90' lang='lat' dir='ltr'><strong>clamantis</strong></span> <span class='ocrx_word' id='word_1_708' title='bbox 3213 4148 3266 4199; x_wconf 93' lang='lat' dir='ltr'><strong>in</strong></span> <span class='ocrx_word' id='word_1_709' title='bbox 3297 4147 3489 4202; x_wconf 88' lang='lat' dir='ltr'><strong>deser-</strong></span> 
     </span>
    </p>
   </div>
   <div class='ocr_carea' id='block_1_89' title="bbox 1881 4233 3488 4311">
    <p class='ocr_par' dir='ltr' id='par_1_89' title="bbox 1881 4233 3488 4311">
     <span class='ocr_line' id='line_1_89' title="bbox 1881 4233 3488 4311; baseline 0.003 -25"><span class='ocrx_word' id='word_1_710' title='bbox 1881 4242 1991 4311; x_wconf 38' lang='lat' dir='ltr'><strong>.to,</strong></span> <span class='ocrx_word' id='word_1_711' title='bbox 2025 4250 2044 4283; x_wconf 78' lang='grc' dir='ltr'><strong>ι</strong></span> <span class='ocrx_word' id='word_1_712' title='bbox 2085 4240 2138 4286; x_wconf 88' lang='lat' dir='ltr'><strong>et</strong></span> <span class='ocrx_word' id='word_1_713' title='bbox 2179 4247 2302 4302; x_wconf 84' lang='lat' dir='ltr'><strong>quae</strong></span> <span class='ocrx_word' id='word_1_714' title='bbox 2345 4242 2670 4302; x_wconf 89' lang='lat' dir='ltr'><strong>sequuntur.</strong></span> <span class='ocrx_word' id='word_1_715' title='bbox 2706 4233 2880 4304; x_wconf 85' lang='lat' dir='ltr'><strong>Hujus</strong></span> <span class='ocrx_word' id='word_1_716' title='bbox 2907 4250 3038 4290; x_wconf 91' lang='lat' dir='ltr'><strong>vero</strong></span> <span class='ocrx_word' id='word_1_717' title='bbox 3073 4237 3244 4306; x_wconf 82' lang='lat' dir='ltr'><strong>gratia</strong></span> <span class='ocrx_word' id='word_1_718' title='bbox 3291 4239 3488 4306; x_wconf 72' lang='lat' dir='ltr'><strong>prazci-</strong></span> 
     </span>
    </p>
   </div>
   <div class='ocr_carea' id='block_1_90' title="bbox 1914 4323 3490 4397">
    <p class='ocr_par' dir='ltr' id='par_1_90' title="bbox 1914 4323 3490 4397">
     <span class='ocr_line' id='line_1_90' title="bbox 1914 4323 3490 4397; baseline 0.003 -20"><span class='ocrx_word' id='word_1_719' title='bbox 1914 4338 2080 4393; x_wconf 88' lang='lat' dir='ltr'><strong>puum</strong></span> <span class='ocrx_word' id='word_1_720' title='bbox 2112 4323 2400 4378; x_wconf 89' lang='lat' dir='ltr'><strong>retulimus</strong></span> <span class='ocrx_word' id='word_1_721' title='bbox 2433 4324 2488 4378; x_wconf 90' lang='lat' dir='ltr'><strong>in</strong></span> <span class='ocrx_word' id='word_1_722' title='bbox 2518 4325 2848 4380; x_wconf 83' lang='lat' dir='ltr'><strong>testimoniis</strong></span> <span class='ocrx_word' id='word_1_723' title='bbox 2874 4323 2941 4379; x_wconf 91' lang='lat' dir='ltr'><strong>de</strong></span> <span class='ocrx_word' id='word_1_724' title='bbox 2983 4323 3227 4390; x_wconf 89' lang='lat' dir='ltr'><strong>Christo,</strong></span> <span class='ocrx_word' id='word_1_725' title='bbox 3267 4327 3490 4397; x_wconf 78' lang='lat' dir='ltr'><strong>symbo-~</strong></span> 
     </span>
    </p>
   </div>
   <div class='ocr_carea' id='block_1_91' title="bbox 1917 4414 3482 4489">
    <p class='ocr_par' dir='ltr' id='par_1_91' title="bbox 1917 4414 3482 4489">
     <span class='ocr_line' id='line_1_91' title="bbox 1917 4414 3482 4489; baseline 0.004 -22"><span class='ocrx_word' id='word_1_726' title='bbox 1917 4414 2027 4467; x_wconf 89' lang='lat' dir='ltr'><strong>lum</strong></span> <span class='ocrx_word' id='word_1_727' title='bbox 2064 4430 2188 4469; x_wconf 88' lang='lat' dir='ltr'><strong>esse</strong></span> <span class='ocrx_word' id='word_1_728' title='bbox 2219 4423 2531 4485; x_wconf 86' lang='lat' dir='ltr'><strong>reputantes</strong></span> <span class='ocrx_word' id='word_1_729' title='bbox 2551 4415 2815 4471; x_wconf 84' lang='lat' dir='ltr'><strong>Joannem</strong></span> <span class='ocrx_word' id='word_1_730' title='bbox 2860 4418 3172 4488; x_wconf 81' lang='lat' dir='ltr'><strong>apostolicae</strong></span> <span class='ocrx_word' id='word_1_731' title='bbox 3224 4420 3482 4489; x_wconf 63' lang='lat' dir='ltr'><strong>prredica-</strong></span> 
     </span>
    </p>
   </div>
   <div class='ocr_carea' id='block_1_92' title="bbox 1917 4506 3490 4580">
    <p class='ocr_par' dir='ltr' id='par_1_92' title="bbox 1917 4506 3490 4580">
     <span class='ocr_line' id='line_1_92' title="bbox 1917 4506 3490 4580; baseline 0.003 -19"><span class='ocrx_word' id='word_1_732' title='bbox 1917 4506 2102 4562; x_wconf 87' lang='lat' dir='ltr'><strong>tionis.</strong></span> <span class='ocrx_word' id='word_1_733' title='bbox 2138 4507 2285 4560; x_wconf 85' lang='lat' dir='ltr'><strong>Talis</strong></span> <span class='ocrx_word' id='word_1_734' title='bbox 2310 4507 2454 4560; x_wconf 90' lang='lat' dir='ltr'><strong>enim</strong></span> <span class='ocrx_word' id='word_1_735' title='bbox 2481 4515 2566 4560; x_wconf 85' lang='lat' dir='ltr'><strong>est</strong></span> <span class='ocrx_word' id='word_1_736' title='bbox 2593 4507 2647 4560; x_wconf 91' lang='lat' dir='ltr'><strong>in</strong></span> <span class='ocrx_word' id='word_1_737' title='bbox 2681 4507 2900 4561; x_wconf 86' lang='lat' dir='ltr'><strong>deserto</strong></span> <span class='ocrx_word' id='word_1_738' title='bbox 2929 4508 3490 4580; x_wconf 79' lang='lat' dir='ltr'><strong>clamans’vox,igno-</strong></span> 
     </span>
    </p>
   </div>
   <div class='ocr_carea' id='block_1_93' title="bbox 1918 4600 3489 4671">
    <p class='ocr_par' dir='ltr' id='par_1_93' title="bbox 1918 4600 3489 4671">
     <span class='ocr_line' id='line_1_93' title="bbox 1918 4600 3489 4671; baseline 0.001 -13"><span class='ocrx_word' id='word_1_739' title='bbox 1918 4602 2045 4658; x_wconf 87' lang='lat' dir='ltr'><strong>bilis</strong></span> <span class='ocrx_word' id='word_1_740' title='bbox 2086 4601 2305 4671; x_wconf 90' lang='lat' dir='ltr'><strong>quidem</strong></span> <span class='ocrx_word' id='word_1_741' title='bbox 2338 4606 2392 4654; x_wconf 91' lang='lat' dir='ltr'><strong>et</strong></span> <span class='ocrx_word' id='word_1_742' title='bbox 2437 4600 2787 4654; x_wconf 88' lang='lat' dir='ltr'><strong>inarticulata</strong></span> <span class='ocrx_word' id='word_1_743' title='bbox 2832 4600 2939 4656; x_wconf 88' lang='lat' dir='ltr'><strong>illis</strong></span> <span class='ocrx_word' id='word_1_744' title='bbox 2978 4601 3070 4670; x_wconf 80' lang='lat' dir='ltr'><strong>qui</strong></span> <span class='ocrx_word' id='word_1_745' title='bbox 3115 4602 3294 4656; x_wconf 85' lang='lat' dir='ltr'><strong>adhuc</strong></span> <span class='ocrx_word' id='word_1_746' title='bbox 3324 4605 3489 4659; x_wconf 88' lang='lat' dir='ltr'><strong>rudes</strong></span> 
     </span>
    </p>
   </div>
   <div class='ocr_carea' id='block_1_94' title="bbox 1918 4693 3488 4764">
    <p class='ocr_par' dir='ltr' id='par_1_94' title="bbox 1918 4693 3488 4764">
     <span class='ocr_line' id='line_1_94' title="bbox 1918 4693 3488 4764; baseline -0.001 -12"><span class='ocrx_word' id='word_1_747' title='bbox 1918 4703 2093 4753; x_wconf 89' lang='lat' dir='ltr'><strong>erant.</strong></span> <span class='ocrx_word' id='word_1_748' title='bbox 2126 4693 2184 4747; x_wconf 88' lang='lat' dir='ltr'><strong>In</strong></span> <span class='ocrx_word' id='word_1_749' title='bbox 2217 4699 2362 4748; x_wconf 89' lang='lat' dir='ltr'><strong>terra</strong></span> <span class='ocrx_word' id='word_1_750' title='bbox 2411 4693 2539 4746; x_wconf 89' lang='lat' dir='ltr'><strong>olim</strong></span> <span class='ocrx_word' id='word_1_751' title='bbox 2589 4693 2826 4756; x_wconf 89' lang='lat' dir='ltr'><strong>deserta,</strong></span> <span class='ocrx_word' id='word_1_752' title='bbox 2862 4696 3101 4764; x_wconf 82' lang='lat' dir='ltr'><strong>gentium</strong></span> <span class='ocrx_word' id='word_1_753' title='bbox 3133 4696 3386 4750; x_wconf 88' lang='lat' dir='ltr'><strong>videlicet</strong></span> <span class='ocrx_word' id='word_1_754' title='bbox 3432 4698 3488 4751; x_wconf 92' lang='lat' dir='ltr'><strong>in</strong></span> 
     </span>
    </p>
   </div>
   <div class='ocr_carea' id='block_1_95' title="bbox 217 4766 1801 4855">
    <p class='ocr_par' dir='ltr' id='par_1_95' title="bbox 217 4772 1801 4854">
     <span class='ocr_line' id='line_1_95' title="bbox 217 4772 1801 4854; baseline -0.004 -22"><span class='ocrx_word' id='word_1_755' title='bbox 217 4778 481 4852; x_wconf 87' lang='grc' dir='ltr'>ουμένοις</span> <span class='ocrx_word' id='word_1_756' title='bbox 503 4795 517 4810; x_wconf 69' lang='grc' dir='ltr'><strong>ο</strong></span> <span class='ocrx_word' id='word_1_757' title='bbox 556 4780 613 4831; x_wconf 81' lang='grc' dir='ltr'><strong>ἐν</strong></span> <span class='ocrx_word' id='word_1_758' title='bbox 657 4779 723 4850; x_wconf 78' lang='grc' dir='ltr'>τῇ</span> <span class='ocrx_word' id='word_1_759' title='bbox 774 4775 940 4831; x_wconf 82' lang='grc' dir='ltr'>πάλαι</span> <span class='ocrx_word' id='word_1_760' title='bbox 971 4776 1029 4829; x_wconf 86' lang='grc' dir='ltr'><strong>δὲ</strong></span> <span class='ocrx_word' id='word_1_761' title='bbox 1061 4775 1276 4845; x_wconf 81' lang='grc' dir='ltr'>ἐρήμῳ,</span> <span class='ocrx_word' id='word_1_762' title='bbox 1305 4777 1372 4854; x_wconf 79' lang='grc' dir='ltr'>τῇ</span> <span class='ocrx_word' id='word_1_763' title='bbox 1401 4773 1461 4838; x_wconf 81' lang='grc' dir='ltr'><strong>ἐξ</strong></span> <span class='ocrx_word' id='word_1_764' title='bbox 1489 4772 1657 4827; x_wconf 75' lang='grc' dir='ltr'>ἐθνῶν</span> <span class='ocrx_word' id='word_1_765' title='bbox 1694 4772 1801 4826; x_wconf 80' lang='grc' dir='ltr'><strong>Ἐκ-</strong></span> 
     </span>
    </p>
   </div>
   <div class='ocr_carea' id='block_1_96' title="bbox 1905 4766 3486 4855">
    <p class='ocr_par' dir='ltr' id='par_1_96' title="bbox 1922 4783 3486 4855">
     <span class='ocr_line' id='line_1_96' title="bbox 1922 4783 3486 4855; baseline -0.001 -12"><span class='ocrx_word' id='word_1_766' title='bbox 1922 4788 2187 4851; x_wconf 88' lang='lat' dir='ltr'><strong>Ecclesia,</strong></span> <span class='ocrx_word' id='word_1_767' title='bbox 2211 4786 2337 4840; x_wconf 88' lang='lat' dir='ltr'><strong>talis</strong></span> <span class='ocrx_word' id='word_1_768' title='bbox 2365 4801 2469 4840; x_wconf 91' lang='lat' dir='ltr'><strong>vox</strong></span> <span class='ocrx_word' id='word_1_769' title='bbox 2498 4783 2640 4838; x_wconf 90' lang='lat' dir='ltr'><strong>edita</strong></span> <span class='ocrx_word' id='word_1_770' title='bbox 2667 4799 2861 4854; x_wconf 88' lang='lat' dir='ltr'><strong>parare</strong></span> <span class='ocrx_word' id='word_1_771' title='bbox 2883 4785 3109 4855; x_wconf 86' lang='lat' dir='ltr'><strong>jubebat</strong></span> <span class='ocrx_word' id='word_1_772' title='bbox 3139 4787 3278 4841; x_wconf 89' lang='lat' dir='ltr'><strong>viam</strong></span> <span class='ocrx_word' id='word_1_773' title='bbox 3310 4784 3486 4841; x_wconf 91' lang='lat' dir='ltr'><strong>Domi-</strong></span> 
     </span>
    </p>
   </div>
   <div class='ocr_carea' id='block_1_97' title="bbox 221 4867 1814 4944">
    <p class='ocr_par' dir='ltr' id='par_1_97' title="bbox 221 4867 1814 4944">
     <span class='ocr_line' id='line_1_97' title="bbox 221 4867 1814 4944; baseline -0.003 -20"><span class='ocrx_word' id='word_1_774' title='bbox 221 4869 451 4944; x_wconf 79' lang='grc' dir='ltr'>κλησίᾳ,</span> <span class='ocrx_word' id='word_1_775' title='bbox 491 4871 527 4941; x_wconf 87' lang='grc' dir='ltr'><strong>ή</strong></span> <span class='ocrx_word' id='word_1_776' title='bbox 557 4869 776 4939; x_wconf 86' lang='grc' dir='ltr'>τοιαύτη</span> <span class='ocrx_word' id='word_1_777' title='bbox 805 4867 1070 4938; x_wconf 86' lang='grc' dir='ltr'>γενομένη</span> <span class='ocrx_word' id='word_1_778' title='bbox 1111 4868 1260 4938; x_wconf 85' lang='grc' dir='ltr'>φωνὴ</span> <span class='ocrx_word' id='word_1_779' title='bbox 1304 4867 1612 4938; x_wconf 73' lang='grc' dir='ltr'>ἑτοιμάζειν</span> <span class='ocrx_word' id='word_1_780' title='bbox 1634 4885 1814 4939; x_wconf 87' lang='grc' dir='ltr'>παρα-</span> 
     </span>
    </p>
   </div>
   <div class='ocr_carea' id='block_1_98' title="bbox 220 4957 1815 5032">
    <p class='ocr_par' dir='ltr' id='par_1_98' title="bbox 220 4957 1815 5032">
     <span class='ocr_line' id='line_1_98' title="bbox 220 4957 1815 5032; baseline -0.002 -16"><span class='ocrx_word' id='word_1_781' title='bbox 220 4960 521 5016; x_wconf 84' lang='grc' dir='ltr'>κελεύεται</span> <span class='ocrx_word' id='word_1_782' title='bbox 563 4957 661 5032; x_wconf 76' lang='grc' dir='ltr'>τὴν</span> <span class='ocrx_word' id='word_1_783' title='bbox 704 4957 821 5014; x_wconf 86' lang='grc' dir='ltr'>ὁδὸν</span> <span class='ocrx_word' id='word_1_784' title='bbox 867 4958 1096 5030; x_wconf 84' lang='grc' dir='ltr'>Κυρίου,</span> <span class='ocrx_word' id='word_1_785' title='bbox 1130 4959 1226 5011; x_wconf 75' lang='grc' dir='ltr'>καὶ</span> <span class='ocrx_word' id='word_1_786' title='bbox 1265 4958 1334 5012; x_wconf 87' lang='grc' dir='ltr'><strong>τά</strong></span> <span class='ocrx_word' id='word_1_787' title='bbox 1355 4957 1481 5028; x_wconf 80' lang='grc' dir='ltr'>ἑξῆς</span> <span class='ocrx_word' id='word_1_788' title='bbox 1501 4975 1515 4988; x_wconf 89' lang='grc'><strong>·</strong></span> <span class='ocrx_word' id='word_1_789' title='bbox 1545 4959 1690 5030; x_wconf 81' lang='grc' dir='ltr'>ἆπερ</span> <span class='ocrx_word' id='word_1_790' title='bbox 1724 4960 1815 5013; x_wconf 78' lang='grc' dir='ltr'>ἐπὶ</span> 
     </span>
    </p>
   </div>
   <div class='ocr_carea' id='block_1_99' title="bbox 222 5044 1809 5126">
    <p class='ocr_par' dir='ltr' id='par_1_99' title="bbox 222 5044 1809 5126">
     <span class='ocr_line' id='line_1_99' title="bbox 222 5044 1809 5126; baseline -0.003 -19"><span class='ocrx_word' id='word_1_791' title='bbox 222 5054 428 5126; x_wconf 81' lang='grc' dir='ltr'>σχολῆς</span> <span class='ocrx_word' id='word_1_792' title='bbox 463 5045 513 5122; x_wconf 85' lang='grc' dir='ltr'>ᾧ</span> <span class='ocrx_word' id='word_1_793' title='bbox 545 5044 693 5124; x_wconf 84' lang='grc' dir='ltr'>μέλει</span> <span class='ocrx_word' id='word_1_794' title='bbox 727 5053 827 5124; x_wconf 82' lang='grc' dir='ltr'>τῆς</span> <span class='ocrx_word' id='word_1_795' title='bbox 888 5051 1091 5106; x_wconf 89' lang='grc' dir='ltr'>τούτων</span> <span class='ocrx_word' id='word_1_796' title='bbox 1119 5051 1372 5120; x_wconf 84' lang='grc' dir='ltr'>γνώσεως</span> <span class='ocrx_word' id='word_1_797' title='bbox 1402 5051 1700 5122; x_wconf 87' lang='grc' dir='ltr'>ἐρευνήσας</span> <span class='ocrx_word' id='word_1_798' title='bbox 1730 5051 1809 5104; x_wconf 79' lang='grc' dir='ltr'><strong>ετ-</strong></span> 
     </span>
    </p>
   </div>
   <div class='ocr_carea' id='block_1_100' title="bbox 220 5163 402 5203">
    <p class='ocr_par' dir='ltr' id='par_1_100' title="bbox 220 5163 402 5203">
     <span class='ocr_line' id='line_1_100' title="bbox 220 5163 402 5203; baseline 0 -1"><span class='ocrx_word' id='word_1_799' title='bbox 220 5163 402 5203; x_wconf 75' lang='grc' dir='ltr'>σεται.</span> 
     </span>
    </p>
   </div>
   <div class='ocr_carea' id='block_1_101' title="bbox 764 5259 1298 5314">
    <p class='ocr_par' dir='ltr' id='par_1_101' title="bbox 764 5259 1298 5314">
     <span class='ocr_line' id='line_1_101' title="bbox 764 5259 1298 5314; baseline 0 0"><span class='ocrx_word' id='word_1_800' title='bbox 764 5260 1159 5314; x_wconf 82' lang='grc' dir='ltr'><strong>ΚΕΦΑΛΑΙΟΝ</strong></span> <span class='ocrx_word' id='word_1_801' title='bbox 1191 5259 1298 5314; x_wconf 84' lang='lat' dir='ltr'><strong>IH’.</strong></span> 
     </span>
    </p>
   </div>
   <div class='ocr_carea' id='block_1_102' title="bbox 1921 4877 3485 4950">
    <p class='ocr_par' dir='ltr' id='par_1_102' title="bbox 1921 4877 3485 4950">
     <span class='ocr_line' id='line_1_102' title="bbox 1921 4877 3485 4950; baseline -0.001 -14"><span class='ocrx_word' id='word_1_802' title='bbox 1921 4883 1997 4946; x_wconf 91' lang='lat' dir='ltr'><strong>ni,</strong></span> <span class='ocrx_word' id='word_1_803' title='bbox 2054 4890 2108 4936; x_wconf 91' lang='lat' dir='ltr'><strong>et</strong></span> <span class='ocrx_word' id='word_1_804' title='bbox 2152 4880 2361 4950; x_wconf 85' lang='lat' dir='ltr'><strong>reliqua</strong></span> <span class='ocrx_word' id='word_1_805' title='bbox 2415 4898 2427 4935; x_wconf 92' lang='lat'>:</span> <span class='ocrx_word' id='word_1_806' title='bbox 2483 4879 2627 4949; x_wconf 85' lang='lat' dir='ltr'><strong>quod</strong></span> <span class='ocrx_word' id='word_1_807' title='bbox 2682 4877 2845 4949; x_wconf 87' lang='lat' dir='ltr'><strong>hujus</strong></span> <span class='ocrx_word' id='word_1_808' title='bbox 2903 4879 3148 4936; x_wconf 90' lang='lat' dir='ltr'><strong>scientiae</strong></span> <span class='ocrx_word' id='word_1_809' title='bbox 3206 4880 3485 4936; x_wconf 90' lang='lat' dir='ltr'><strong>studiosus</strong></span> 
     </span>
    </p>
   </div>
   <div class='ocr_carea' id='block_1_103' title="bbox 1920 4971 2721 5040">
    <p class='ocr_par' dir='ltr' id='par_1_103' title="bbox 1920 4971 2721 5040">
     <span class='ocr_line' id='line_1_103' title="bbox 1920 4971 2721 5040; baseline -0.002 -12"><span class='ocrx_word' id='word_1_810' title='bbox 1920 4975 2095 5029; x_wconf 88' lang='lat' dir='ltr'><strong>otiose</strong></span> <span class='ocrx_word' id='word_1_811' title='bbox 2125 4981 2378 5027; x_wconf 87' lang='lat' dir='ltr'><strong>scrutans</strong></span> <span class='ocrx_word' id='word_1_812' title='bbox 2399 4971 2721 5040; x_wconf 88' lang='lat' dir='ltr'><strong>comperiet.</strong></span> 
     </span>
    </p>
   </div>
   <div class='ocr_carea' id='block_1_104' title="bbox 2480 5245 2930 5302">
    <p class='ocr_par' dir='ltr' id='par_1_104' title="bbox 2480 5245 2930 5302">
     <span class='ocr_line' id='line_1_104' title="bbox 2480 5245 2930 5302; baseline -0.002 0"><span class='ocrx_word' id='word_1_813' title='bbox 2480 5245 2710 5302; x_wconf 86' lang='lat' dir='ltr'><strong>CAPUT</strong></span> <span class='ocrx_word' id='word_1_814' title='bbox 2743 5247 2930 5302; x_wconf 78' lang='lat' dir='ltr'><strong>XVIII.</strong></span> 
     </span>
    </p>
   </div>
   <div class='ocr_carea' id='block_1_105' title="bbox 294 5338 1801 5424">
    <p class='ocr_par' dir='ltr' id='par_1_105' title="bbox 294 5345 1801 5424">
     <span class='ocr_line' id='line_1_105' title="bbox 294 5345 1801 5424; baseline -0.005 -17"><span class='ocrx_word' id='word_1_815' title='bbox 294 5373 313 5407; x_wconf 76' lang='grc' dir='ltr'><strong>ι</strong></span> <span class='ocrx_word' id='word_1_816' title='bbox 336 5354 462 5407; x_wconf 86' lang='grc' dir='ltr'><strong>Ἐπ’</strong></span> <span class='ocrx_word' id='word_1_817' title='bbox 498 5352 637 5424; x_wconf 71' lang='grc' dir='ltr'>ὄρος</span> <span class='ocrx_word' id='word_1_818' title='bbox 699 5352 898 5423; x_wconf 79' lang='grc' dir='ltr'>ὑψηλὸν</span> <span class='ocrx_word' id='word_1_819' title='bbox 960 5349 1212 5420; x_wconf 83' lang='grc' dir='ltr'>ἀνάϐηθι,</span> <span class='ocrx_word' id='word_1_820' title='bbox 1261 5351 1290 5403; x_wconf 89' lang='grc' dir='ltr'>ὁ</span> <span class='ocrx_word' id='word_1_821' title='bbox 1338 5345 1801 5419; x_wconf 65' lang='grc' dir='ltr'>εὐαγγελιζόμενος</span> 
     </span>
    </p>
   </div>
   <div class='ocr_carea' id='block_1_106' title="bbox 1905 5338 3494 5424">
    <p class='ocr_par' dir='ltr' id='par_1_106' title="bbox 2003 5338 3494 5414">
     <span class='ocr_line' id='line_1_106' title="bbox 2003 5338 3494 5414; baseline -0.002 -18"><span class='ocrx_word' id='word_1_822' title='bbox 2003 5362 2022 5396; x_wconf 74' lang='grc' dir='ltr'><strong>ι</strong></span> <span class='ocrx_word' id='word_1_823' title='bbox 2059 5341 2232 5414; x_wconf 90' lang='lat' dir='ltr'><strong>Super</strong></span> <span class='ocrx_word' id='word_1_824' title='bbox 2264 5349 2503 5398; x_wconf 89' lang='lat' dir='ltr'><strong>montem</strong></span> <span class='ocrx_word' id='word_1_825' title='bbox 2539 5343 2817 5398; x_wconf 85' lang='lat' dir='ltr'><strong>excelsum</strong></span> <span class='ocrx_word' id='word_1_826' title='bbox 2850 5339 3085 5395; x_wconf 89' lang='lat' dir='ltr'><strong>ascende</strong></span> <span class='ocrx_word' id='word_1_827' title='bbox 3115 5348 3196 5402; x_wconf 86' lang='lat' dir='ltr'><strong>tu,</strong></span> <span class='ocrx_word' id='word_1_828' title='bbox 3222 5338 3314 5410; x_wconf 88' lang='lat' dir='ltr'><strong>qui</strong></span> <span class='ocrx_word' id='word_1_829' title='bbox 3329 5354 3494 5395; x_wconf 90' lang='lat' dir='ltr'><strong>evan-</strong></span> 
     </span>
    </p>
   </div>
   <div class='ocr_carea' id='block_1_107' title="bbox 208 5433 1801 5517">
    <p class='ocr_par' dir='ltr' id='par_1_107' title="bbox 208 5434 1801 5517">
     <span class='ocr_line' id='line_1_107' title="bbox 208 5434 1801 5517; baseline -0.005 -15"><span class='ocrx_word' id='word_1_830' title='bbox 208 5447 374 5512; x_wconf 86' lang='grc' dir='ltr'>Σιὼν,</span> <span class='ocrx_word' id='word_1_831' title='bbox 397 5445 636 5516; x_wconf 75' lang='grc' dir='ltr'>ὕψωσαν</span> <span class='ocrx_word' id='word_1_832' title='bbox 667 5449 734 5517; x_wconf 83' lang='grc' dir='ltr'>τῇ</span> <span class='ocrx_word' id='word_1_833' title='bbox 771 5443 914 5516; x_wconf 81' lang='grc' dir='ltr'>ἰσχύι</span> <span class='ocrx_word' id='word_1_834' title='bbox 939 5444 1037 5516; x_wconf 75' lang='grc' dir='ltr'><strong>τὴν</strong></span> <span class='ocrx_word' id='word_1_835' title='bbox 1067 5436 1250 5515; x_wconf 81' lang='grc' dir='ltr'>φωνήν</span> <span class='ocrx_word' id='word_1_836' title='bbox 1286 5444 1446 5508; x_wconf 83' lang='grc' dir='ltr'>σου,ὁ</span> <span class='ocrx_word' id='word_1_837' title='bbox 1473 5434 1801 5511; x_wconf 81' lang='grc' dir='ltr'>εὐαγγελιζό-</span> 
     </span>
    </p>
   </div>
   <div class='ocr_carea' id='block_1_108' title="bbox 1905 5433 3488 5517">
    <p class='ocr_par' dir='ltr' id='par_1_108' title="bbox 1922 5433 3488 5508">
     <span class='ocr_line' id='line_1_108' title="bbox 1922 5433 3488 5508; baseline -0.006 -16"><span class='ocrx_word' id='word_1_838' title='bbox 1922 5437 2124 5508; x_wconf 82' lang='lat' dir='ltr'><strong>gelizas</strong></span> <span class='ocrx_word' id='word_1_839' title='bbox 2164 5435 2340 5491; x_wconf 88' lang='lat' dir='ltr'><strong>Sion:</strong></span> <span class='ocrx_word' id='word_1_840' title='bbox 2382 5435 2562 5490; x_wconf 85' lang='lat' dir='ltr'><strong>exalta</strong></span> <span class='ocrx_word' id='word_1_841' title='bbox 2594 5435 2652 5488; x_wconf 90' lang='lat' dir='ltr'><strong>in</strong></span> <span class='ocrx_word' id='word_1_842' title='bbox 2701 5433 3024 5488; x_wconf 80' lang='lat' dir='ltr'><strong>fortitudine</strong></span> <span class='ocrx_word' id='word_1_843' title='bbox 3080 5447 3268 5488; x_wconf 90' lang='lat' dir='ltr'><strong>vocem</strong></span> <span class='ocrx_word' id='word_1_844' title='bbox 3317 5441 3488 5495; x_wconf 91' lang='lat' dir='ltr'><strong>tuam,</strong></span> 
     </span>
    </p>
   </div>
   <div class='ocr_carea' id='block_1_109' title="bbox 215 5522 1801 5609">
    <p class='ocr_par' dir='ltr' id='par_1_109' title="bbox 215 5524 1801 5609">
     <span class='ocr_line' id='line_1_109' title="bbox 215 5524 1801 5609; baseline -0.005 -17"><span class='ocrx_word' id='word_1_845' title='bbox 215 5555 383 5609; x_wconf 75' lang='grc' dir='ltr'>μενος</span> <span class='ocrx_word' id='word_1_846' title='bbox 420 5535 823 5606; x_wconf 70' lang='grc' dir='ltr'>Ἰερουσαλήμ·</span> <span class='ocrx_word' id='word_1_847' title='bbox 880 5533 1153 5602; x_wconf 76' lang='grc' dir='ltr'>ὑψώσατε,</span> <span class='ocrx_word' id='word_1_848' title='bbox 1200 5533 1275 5602; x_wconf 83' lang='grc' dir='ltr'>μὴ</span> <span class='ocrx_word' id='word_1_849' title='bbox 1323 5530 1605 5602; x_wconf 76' lang='grc' dir='ltr'>φοϐεῖσθεο</span> <span class='ocrx_word' id='word_1_850' title='bbox 1665 5524 1801 5584; x_wconf 57' lang='grc' dir='ltr'>εἴποι</span> 
     </span>
    </p>
   </div>
   <div class='ocr_carea' id='block_1_110' title="bbox 1905 5522 3490 5609">
    <p class='ocr_par' dir='ltr' id='par_1_110' title="bbox 1920 5522 3490 5598">
     <span class='ocr_line' id='line_1_110' title="bbox 1920 5522 3490 5598; baseline 0 -17"><span class='ocrx_word' id='word_1_851' title='bbox 1920 5528 2015 5598; x_wconf 90' lang='lat' dir='ltr'><strong>qui</strong></span> <span class='ocrx_word' id='word_1_852' title='bbox 2063 5528 2403 5596; x_wconf 85' lang='lat' dir='ltr'><strong>evangelizas</strong></span> <span class='ocrx_word' id='word_1_853' title='bbox 2447 5523 2799 5581; x_wconf 86' lang='lat' dir='ltr'><strong>Jerusalem:</strong></span> <span class='ocrx_word' id='word_1_854' title='bbox 2843 5525 3047 5586; x_wconf 88' lang='lat' dir='ltr'><strong>exalta,</strong></span> <span class='ocrx_word' id='word_1_855' title='bbox 3106 5524 3214 5577; x_wconf 91' lang='lat' dir='ltr'><strong>noli</strong></span> <span class='ocrx_word' id='word_1_856' title='bbox 3270 5522 3490 5581; x_wconf 86' lang='lat' dir='ltr'><strong>timere.</strong></span> 
     </span>
    </p>
   </div>
   <div class='ocr_carea' id='block_1_111' title="bbox 222 5615 1801 5693">
    <p class='ocr_par' dir='ltr' id='par_1_111' title="bbox 222 5622 1801 5693">
     <span class='ocr_line' id='line_1_111' title="bbox 222 5622 1801 5693; baseline -0.006 -9"><span class='ocrx_word' id='word_1_857' title='bbox 222 5633 348 5693; x_wconf 79' lang='grc' dir='ltr'>ταῖς</span> <span class='ocrx_word' id='word_1_858' title='bbox 387 5626 619 5680; x_wconf 85' lang='grc' dir='ltr'>πόλεσιν</span> <span class='ocrx_word' id='word_1_859' title='bbox 652 5625 850 5679; x_wconf 85' lang='grc' dir='ltr'>Ἰούδα·</span> <span class='ocrx_word' id='word_1_860' title='bbox 895 5625 1022 5678; x_wconf 75' lang='grc' dir='ltr'>Ἰδοὺ</span> <span class='ocrx_word' id='word_1_861' title='bbox 1056 5626 1084 5676; x_wconf 86' lang='grc' dir='ltr'>ὁ</span> <span class='ocrx_word' id='word_1_862' title='bbox 1116 5623 1246 5686; x_wconf 80' lang='grc' dir='ltr'>Θεὸς</span> <span class='ocrx_word' id='word_1_863' title='bbox 1273 5622 1448 5693; x_wconf 87' lang='grc' dir='ltr'>ὐμῶν,</span> <span class='ocrx_word' id='word_1_864' title='bbox 1485 5622 1688 5693; x_wconf 85' lang='grc' dir='ltr'>Κύριος</span> <span class='ocrx_word' id='word_1_865' title='bbox 1708 5622 1801 5674; x_wconf 82' lang='grc' dir='ltr'><strong>Κύ-</strong></span> 
     </span>
    </p>
   </div>
   <div class='ocr_carea' id='block_1_112' title="bbox 1905 5615 3493 5693">
    <p class='ocr_par' dir='ltr' id='par_1_112' title="bbox 1923 5615 3493 5674">
     <span class='ocr_line' id='line_1_112' title="bbox 1923 5615 3493 5674; baseline -0.001 -1"><span class='ocrx_word' id='word_1_866' title='bbox 1923 5619 2044 5673; x_wconf 79' lang='lat' dir='ltr'><strong>Dixi</strong></span> <span class='ocrx_word' id='word_1_867' title='bbox 2073 5620 2387 5674; x_wconf 85' lang='lat' dir='ltr'><strong>civitatibus</strong></span> <span class='ocrx_word' id='word_1_868' title='bbox 2415 5617 2552 5672; x_wconf 86' lang='lat' dir='ltr'><strong>Jnda</strong></span> <span class='ocrx_word' id='word_1_869' title='bbox 2582 5638 2594 5672; x_wconf 89' lang='lat'><strong>:</strong></span> <span class='ocrx_word' id='word_1_870' title='bbox 2638 5616 2774 5673; x_wconf 87' lang='lat' dir='ltr'><strong>Ecce</strong></span> <span class='ocrx_word' id='word_1_871' title='bbox 2803 5616 2946 5672; x_wconf 90' lang='lat' dir='ltr'><strong>Deus</strong></span> <span class='ocrx_word' id='word_1_872' title='bbox 2974 5627 3156 5672; x_wconf 87' lang='lat' dir='ltr'><strong>vester</strong></span> <span class='ocrx_word' id='word_1_873' title='bbox 3194 5637 3205 5671; x_wconf 93' lang='lat'>:</span> <span class='ocrx_word' id='word_1_874' title='bbox 3231 5633 3358 5672; x_wconf 89' lang='lat' dir='ltr'><strong>ecce</strong></span> <span class='ocrx_word' id='word_1_875' title='bbox 3385 5615 3493 5672; x_wconf 86' lang='lat' dir='ltr'><strong>Do-</strong></span> 
     </span>
    </p>
   </div>
   <div class='ocr_carea' id='block_1_113' title="bbox 317 5775 1801 5843">
    <p class='ocr_par' dir='ltr' id='par_1_113' title="bbox 317 5775 1775 5843">
     <span class='ocr_line' id='line_1_113' title="bbox 317 5775 1775 5843; baseline -0.004 -7"><span class='ocrx_word' id='word_1_876' title='bbox 317 5783 471 5837; x_wconf 74' lang='lat' dir='ltr'><strong>‘Isa.</strong></span> <span class='ocrx_word' id='word_1_877' title='bbox 509 5795 651 5835; x_wconf 83' lang='lat' dir='ltr'><strong>xxxv</strong></span> <span class='ocrx_word' id='word_1_878' title='bbox 700 5779 806 5833; x_wconf 79' lang='grc'><strong>1-7.</strong></span> <span class='ocrx_word' id='word_1_879' title='bbox 883 5776 1079 5832; x_wconf 77' lang='lat' dir='ltr'><strong>&#39;Joan.</strong></span> <span class='ocrx_word' id='word_1_880' title='bbox 1111 5793 1184 5843; x_wconf 77' lang='grc' dir='ltr'>ιγ,</span> <span class='ocrx_word' id='word_1_881' title='bbox 1213 5777 1301 5832; x_wconf 74' lang='grc' dir='ltr'><strong>Η.</strong></span> <span class='ocrx_word' id='word_1_882' title='bbox 1379 5777 1400 5808; x_wconf 87' lang='grc'>⁸</span> <span class='ocrx_word' id='word_1_883' title='bbox 1430 5775 1615 5832; x_wconf 83' lang='lat' dir='ltr'><strong>Matth.</strong></span> <span class='ocrx_word' id='word_1_884' title='bbox 1660 5792 1775 5841; x_wconf 73' lang='lat' dir='ltr'><strong>xxi,</strong></span> 
     </span>
    </p>
   </div>
   <div class='ocr_carea' id='block_1_114' title="bbox 1905 5775 2383 5843">
    <p class='ocr_par' dir='ltr' id='par_1_114' title="bbox 1979 5775 2383 5840">
     <span class='ocr_line' id='line_1_114' title="bbox 1979 5775 2383 5840; baseline 0.005 -11"><span class='ocrx_word' id='word_1_885' title='bbox 1979 5776 1998 5808; x_wconf 74' lang='grc'><strong><em>³</em></strong></span> <span class='ocrx_word' id='word_1_886' title='bbox 2015 5775 2118 5832; x_wconf 82' lang='lat' dir='ltr'><strong>Isa.</strong></span> <span class='ocrx_word' id='word_1_887' title='bbox 2161 5791 2248 5840; x_wconf 68' lang='grc' dir='ltr'><strong>ιι,</strong></span> <span class='ocrx_word' id='word_1_888' title='bbox 2275 5776 2383 5831; x_wconf 75' lang='lat'><strong>3-5.</strong></span> 
     </span>
    </p>
   </div>
  </div>
