3926 6260
495 262 626 320 1923

1199 265 1466 321 EUSEBII
1502 263 1984 322 CAESARIENSIS
2012 265 2165 324 OPP.
2187 264 2369 323 PARS
2401 267 2490 326 Ill.
2513 302 2583 312 —-
2611 270 3019 329 EXEGETICA.

3541 290 3643 348 1224

501 383 679 437 minus
735 383 878 440 Deus
927 385 984 438 in
1045 383 1367 440 fortitudine
1426 387 1624 448 veniet,
1687 395 1741 440 et
1787 385 2051 440 braehiun

2175 403 2286 457 ριος
2323 386 2460 456 μετὰ
2495 387 2672 458 ῑσχύος
2709 387 2924 461 ἔρχεται
2945 407 2957 419 ’
2989 389 3082 442 καὶ
3113 390 3141 442 6
3174 389 3396 460 βραχίων
3423 395 3554 452 αὑτοῦ
3577 422 3646 470 με.

491 474 617 544 ejus
667 476 1039 530 dominabitur
1077 496 1089 531 :
1134 492 1262 531 ecce
1299 493 1508 532 merces
1546 480 1664 545 ejus
1713 493 1834 531 cum
1889 493 1972 539 eo,
2013 485 2065 531 et

493 582 630 636 opus
664 568 808 620 illius
864 583 1046 621 coram
1073 569 1184 621 illo.
1222 569 1374 623 Sicut
1417 580 1599 639 pastor
1635 585 1847 640 gregem
1905 585 2062 624 suum

501 667 714 726 pascet:
749 660 803 712 in
866 659 1090 713 brachio
1124 675 1225 714 suo
1269 661 1621 730 congregabit
1661 675 1850 729 agnos,
1912 666 1965 712 et
2011 659 2063 712 in

500 751 616 804 sinu
645 767 746 804 suo
781 753 1004 814 levabit,
1037 752 1176 806 fetas
1209 753 1324 824 ipse
1365 754 1668 823 portabit’.
1714 771 1730 803 ι
1779 751 1901 806 Haec
1929 768 2064 822 quo-

500 857 599 912 que
639 845 1022 900 existimamus
1069 847 1135 900 de
1187 845 1348 900 Verbi
1399 844 1492 900 Dci
1552 845 1786 899 adventu
1840 845 1969 907 dici,
2011 851 2064 898 et

497 935 794 1000 praesertim
836 934 902 987 de
947 936 1208 998 secundo,
1247 937 1301 989 in
1348 951 1456 1004 quo
1493 936 1638 989 velut
1671 935 1856 1002 justus
1897 936 2063 1002 judex

497 1034 757 1076 venturus
792 1026 1202 1093 preplietizatur
1249 1026 1551 1079 mercedem
1603 1025 1810 1080 habens
1860 1023 2062 1094 justam

496 1115 791 1185 unicuique
827 1117 1124 1171 secundum
1159 1133 1323 1186 opera
1351 1132 1469 1171 sua.
1507 1116 1733 1186 Reliqua
1767 1133 1895 1172 vero
1919 1133 2063 1171 nunc

495 1221 764 1276 exponere
800 1223 905 1260 non
945 1216 1156 1276 tempus
1201 1215 1315 1273 est;
1347 1222 1518 1275 quare
1571 1209 1734 1260 aliam
1780 1207 2062 1278 aggredia-

493 1310 615 1349 mur
642 1296 986 1365 particulam.

1065 1487 1296 1542 CAPUT
1331 1486 1475 1540 XIX.

570 1594 591 1628 ι
639 1575 774 1642 Quis
838 1577 1122 1633 suscitavit
1173 1578 1242 1630 ab
1287 1575 1508 1631 Oriente
1553 1576 1786 1646 justum,
1843 1576 2060 1630 vocavit

495 1683 616 1722 eum
643 1678 1036 1738 utsequeretur
1067 1669 1157 1723 se?
1183 1667 1334 1721 dabit
1367 1670 1422 1720 in
1453 1675 1750 1739 conspectu
1782 1667 1902 1736 ejus
1929 1683 2060 1738 gen-

2165 477 2233 530 τὰ
2267 479 2486 549 κυρίαςο
2517 480 2624 533 ἰδοὺ
2675 481 2702 532 6
2743 481 2931 550 μισθὸς
2964 480 3126 532 αὑτοῦ
3172 484 3286 552 μετ’
3319 483 3486 539 αὑτοῦ·
3514 495 3586 546 καὶ
3608 497 3651 550 τὸ

2167 568 2324 638 ἔργον
2371 569 2609 622 ἐναντίον
2659 571 2821 623 αὑτοῦ
2843 588 2856 600 ’
2889 573 2963 635 ὡς
2992 573 3194 642 ποιμὴν
3240 581 3465 646 ποιμανεί
3495 582 3543 635 τὸ
3563 589 3650 640 ποί-

2169 675 2318 728 μνιον
2353 657 2537 723 αὑτοῦ,
2563 660 2654 712 καὶ
2681 659 2758 729 τῷ
2793 661 3034 732 βραχίονι
3076 660 3239 713 αὑτοῦ
3283 665 3472 729 συνάξει
3513 671 3651 740 ἄρνας,

2167 751 2256 803 καὶ
2279 752 2336 803 ἐν
2372 753 2568 822 γαστρὶ
2595 750 2818 820 ἐχούσας
2853 749 3235 824 παρακαλέσει.
3271 772 3289 804 ›
3322 756 3418 808 Καὶ
3443 760 3579 814 ταῦτα
3603 783 3653 818 νο-

2167 839 2393 915 μίζομεν
2423 845 2549 916 περὶ
2583 845 2679 916 τῆς
2704 845 2797 897 τοῦ
2838 847 3006 914 Λόγου
3038 846 3130 899 τοῦ
3169 845 3300 898 Θεοῦ
3329 852 3580 919 παρουσίας
3600 854 3656 907 λέ.

2165 936 2373 1004 γεσοαι,
2401 936 2494 988 καὶ
2526 937 2667 1005 τάχα
2698 953 2760 1004 γε
2793 936 2987 1006 μᾶλλον
3018 936 3144 1006 περὶ
3174 936 3274 1004 τῆς
3304 936 3544 1008 δευτέρας,
3564 941 3650 995 καθ’

2162 1026 2227 1097 ἢν
2256 1024 2343 1079 οἷα
2370 1027 2433 1097 δὴ
2464 1025 2667 1090 δίκαιος
2701 1024 2892 1096 κριτὴς
2921 1022 3068 1094 ἥξειν
3100 1025 3493 1094 προφητεύεται,
3511 1029 3581 1082 τὸν
3598 1048 3658 1100 μι-

2165 1113 2287 1166 σθὸν
2315 1114 2451 1184 ἔχων
2480 1114 2586 1165 τῶν
2608 1116 2727 1165 κατ’
2757 1113 2911 1176 ἀξίαν
2945 1114 3155 1183 ἑκάστῳ
3191 1113 3208 1184 (
3227 1114 3265 1166 f.
3299 1114 3355 1167 51
3393 1119 3468 1181 v°)
3507 1135 3658 1191 πεπρα-

2162 1204 2376 1274 γμένων
2427 1203 2860 1276 ἀπονεμητικὸν·
2913 1205 2978 1258 τὰ
3032 1205 3283 1275 μέντοιγε
3335 1205 3478 1260 λοιπὰ
3505 1209 3583 1262 οὐκ
3604 1213 3660 1264 ἔτι

2161 1292 2255 1346 νῦν
2283 1293 2470 1365 καιρὸς
2503 1295 2722 1346 ἀπαιτεῖ
2761 1292 3061 1364 διηγεῖσθαι
3081 1310 3094 1323 °
3121 1295 3242 1346 ὅθεν
3269 1297 3352 1364 ἐφ’
3377 1297 3541 1369 ἑτέραν
3567 1317 3660 1371 τρα-

2162 1379 2450 1454 πησόμεθα
2479 1386 2803 1456 περικοπὴν.

2648 1497 3042 1550 ΚΕΦΑΛΑῘΟΝ
3075 1497 3174 1550 ΙΘ’.

2236 1604 2256 1637 ι
2288 1587 2382 1649 Τίς
2406 1587 2684 1658 ἐξήγειρεν
2715 1587 2821 1642 ἀπὸ
2845 1589 3109 1660 ἀνατολῆς
3137 1589 3486 1660 δικαιοσύνην,
3521 1593 3665 1648 ἐκάλε-

2163 1695 2253 1730 σεν
2286 1678 2452 1748 αὑτὴν
2481 1678 2621 1731 κατά
2656 1679 2821 1742 πόδας
2842 1679 3026 1745 αὑτοῦ,
3055 1681 3146 1733 καὶ
3168 1682 3511 1752 πορεύσεται;
3536 1685 3663 1739 Δὼσει

494 1767 598 1825 tes,
631 1767 683 1814 et
707 1775 858 1830 reges
887 1761 1152 1815 obtinebit
1187 1779 1199 1814 :
1236 1760 1386 1812 dabit
1427 1761 1582 1829 quasi
1632 1761 1910 1830 pulverem
1944 1760 2051 1827 gla-

2163 1770 2398 1822 ἐναντίον
2427 1769 2613 1831 ἐθνῶν,
2649 1773 2740 1824 καὶ
2775 1771 3007 1841 βασιλεῖς
3035 1775 3289 1844 ἐκστήσει
3310 1791 3320 1801 ·
3345 1775 3432 1827 καὶ
3457 1775 3589 1830 δώσει
3611 1780 3666 1841 είς

491 1853 581 1906 ilio
620 1852 760 1920 ejus,
799 1853 943 1906 sicut
975 1854 1231 1922 stipulam
1267 1861 1428 1908 vento
1458 1863 1668 1921 raptam
1722 1853 1872 1904 arcui
1915 1851 2055 1919 ejus.

489 1940 854 2012 Persequetur
881 1959 998 2005 eos,
1031 1944 1288 1998 transibit
1323 1945 1378 1996 in
1407 1957 1559 2013 pace,
1596 1943 1790 1997 semita
1819 1943 1874 1995 in
1908 1941 2060 2012 pedi-

489 2034 592 2089 bus
626 2035 748 2104 ejus
779 2050 884 2089 non
918 2037 1223 2104 apparebit.
1254 2035 1388 2101 Quis
1413 2037 1526 2089 hazc
1572 2042 1834 2104 operatus
1865 2041 1971 2097 est,
2006 2041 2060 2088 et

488 2125 638 2187 fecit,
670 2141 877 2180 vocans
906 2127 1287 2197 generationes
1321 2127 1389 2180 ab
1424 2125 1686 2180 exordio?
1725 2124 1836 2195 Ego
1871 2123 2056 2179 Domi-

487 2235 613 2282 nus,
645 2219 855 2288 primus
889 2229 940 2273 et
964 2219 1298 2273 novissimus
1323 2233 1424 2288 ego
1450 2233 1591 2272 sum.
1617 2216 1884 2272 Viderunt
1915 2218 2055 2273 insu-

489 2309 552 2362 lm
589 2320 641 2363 et
673 2312 994 2374 timuerunt,
1025 2317 1266 2364 extrema
1297 2318 1456 2363 terra:
1506 2310 1926 2378 obstupuerunt,
1957 2324 2058 2377 ap-

486 2403 1010 2469 propiuquaverunt,
1079 2408 1134 2454 et
1209 2409 1584 2455 accesserunt.
1671 2398 2057 2470 Unusquisque

485 2493 734 2561 proximo
787 2509 887 2547 suo
958 2493 1356 2553 auxiliabitur,
1407 2504 1465 2547 et
1496 2492 1652 2546 fratri
1705 2507 1806 2546 suo
1856 2493 1999 2546 dicet
2039 2509 2052 2545 :

483 2581 826 2639 Confortare.
865 2583 1210 2637 Confortavit
1256 2583 1411 2638 faber
1457 2584 1684 2638 aerarius
1743 2581 2056 2652 percutiens

484 2673 680 2727 malleo
742 2690 906 2736 eum,
967 2675 1061 2743 qui
1122 2673 1356 2728 cudebat
1429 2681 1560 2728 tunc
1626 2675 1923 2743 temporis,
1969 2674 2049 2728 di-

481 2779 649 2818 cens:
675 2762 899 2820 Glutino
921 2766 1124 2819 bonum
1150 2778 1232 2820 est
1259 2784 1274 2829 ;
1309 2765 1714 2822 etconfortavit
1745 2781 1868 2820 eum
1886 2766 2055 2821 clavis

483 2861 541 2906 ut
589 2869 698 2908 nun
749 2855 1122 2908 moveretur".
1161 2874 1178 2907 ι
1223 2853 1443 2909 Justitia
1492 2855 1560 2907 ab
1611 2855 1830 2907 Oriente
1867 2863 2054 2909 exorta

481 2961 729 3016 qun-am
773 2954 919 3001 esset
954 2948 1253 3001 secundum
1292 2946 1545 3000 essentia
1582 2945 2052 3013 circumscriptio-

2161 1850 2264 1928 γῆν
2285 1859 2380 1922 τὰς
2408 1861 2679 1930 μαχαίρας
2699 1863 2898 1924 αὑτῶν,
2923 1864 3017 1917 καὶ
3035 1863 3165 1916 ὡσεὶ
3183 1865 3426 1935 φρύγανα
3445 1864 3664 1937 ἐξωσμὲνα

2159 1947 2226 2000 τὰ
2252 1949 2381 2013 τόξα
2406 1949 2585 2002 αὑτῶν
2602 1960 2614 1977 ⁴
2651 1951 2742 2004 καὶ
2775 1951 3020 2015 διώξεται
3051 1953 3249 2018 αὑτούς
3269 1971 3284 1984 ο
3322 1955 3608 2010 διελεύσεται
3627 1961 3668 2010 ἐν

2159 2040 2350 2111 εἰρήνῃ
2380 2045 2412 2112 ἡ
2442 2042 2556 2105 ὁδὸς
2589 2043 2694 2095 τῶν
2719 2043 2892 2095 ποδῶν
2924 2041 3114 2097 αὑτοῦ·
3143 2047 3240 2116 οὑχ
3271 2045 3387 2116 ἥξει
3410 2064 3424 2078 ⁸
3451 2050 3526 2111 τίς
3548 2050 3668 2121 ἐνήρ-

2159 2147 2295 2200 γησε
2343 2133 2436 2185 καὶ
2465 2133 2688 2204 ἐποίησε
2714 2133 2919 2199 ταῦτας
2962 2128 3244 2188 Ἐιιάλεσεν
3291 2137 3452 2209 αὐτὴν
3481 2140 3505 2191 6
3533 2140 3669 2192 καλῶν

2159 2223 2326 2294 αὑτὴν
2358 2217 2464 2276 ἀπὸ
2492 2223 2691 2292 γενεῶν
2716 2224 2908 2294 ἀρχῆς.
2943 2224 3080 2293 Ἐγὼ
3110 2226 3241 2291 Θεὸς
3270 2228 3494 2298 πρῶτος,
3515 2231 3591 2283 καὶ
3613 2232 3669 2293 εις

2159 2314 2226 2367 τὰ
2254 2315 2594 2385 ἐπερχόμενα
2629 2315 2738 2384 ἐγώ
2767 2319 2903 2388 εἰμι.
2932 2316 3156 2371 Εἷδοσαν
3193 2319 3325 2389 ἔθνη
3358 2320 3447 2374 καὶ
3466 2320 3674 2391 ἐφοϐήθη-

2161 2423 2259 2460 σαν
2280 2425 2291 2437 ’
2327 2407 2394 2461 τὰ
2421 2408 2562 2479 ἄκρα
2589 2408 2689 2478 τῆς
2727 2409 2829 2480 γῆς
2856 2409 3226 2482 ἐξεπλάγησαν
3244 2428 3260 2442 ο
3292 2412 3529 2481 ἤγγισαν.
3551 2408 3671 2482 ἦλθον

2160 2498 2273 2568 ἅμα
2295 2498 2492 2570 κρίνων
2512 2500 2738 2563 ἕκαστος
2771 2501 2846 2571 τῷ
2873 2503 3115 2573 πλησίον,
3140 2505 3231 2557 καὶ
3264 2505 3342 2575 τῷ
3365 2504 3556 2574 ἀδελφῷ
3578 2505 3671 2575 βοη-

2158 2588 2320 2659 θῆσαι
2339 2607 2351 2620 ·
2370 2591 2462 2644 καὶ
2488 2593 2875 2663 ἐρεῖ,Ἰσχυσεν
2903 2595 3040 2664 ἀνὴρ
3059 2595 3264 2648 τέκτων
3289 2613 3302 2625 ο
3329 2596 3420 2648 καὶ
3443 2598 3564 2667 ἀνὴρ
3580 2597 3672 2667 χαλέ

2158 2683 2285 2745 κεὺς
2313 2682 2532 2736 τύπτων
2571 2683 2801 2755 σφύραν,
2822 2685 2936 2756 ἅμα
2979 2686 3214 2740 ἐλαύνων
3234 2703 3249 2717 ⁸
3288 2690 3418 2741 ποτὲ
3447 2689 3536 2760 μὲν
3562 2690 3674 2759 ἐρεῖ·

2158 2775 2228 2826 Σύ
2237 2774 2375 2846 μϐλη
2385 2793 2458 2845 μα
2487 2776 2645 2829 καλόν
2669 2779 2834 2842 ἐστιν,
2864 2777 3164 2848 ίσχύρωσαν
3187 2779 3331 2832 αὑτὰ
3354 2782 3409 2832 ἐν
3437 2781 3584 2850 ήλοις,
3605 2779 3676 2850 θήρ

2158 2882 2337 2918 σουσιν
2366 2866 2525 2932 αὑτὰ,
2577 2867 2671 2920 καὶ
2697 2868 2758 2920 οὑ
2805 2868 3171 2938 κινηθήσεται.
3202 2888 3221 2920 ι
3259 2869 3563 2941 Δικαιοσύνη
3595 2867 3677 2921 ἀπὸ

2156 2957 2423 3011 ἀνατολῶν
2453 2957 2833 3031 ἐξεγειρομένη
2865 2961 2948 3023 τίς
2991 2960 3054 3014 ἂν
3089 2962 3172 3030 εἴη
3213 2961 3360 3016 κατὰ
3386 2961 3678 3033 περιγραφὴν

482 3053 604 3090 nem
640 3038 912 3106 propriam
957 3037 1319 3091 substantiam
1372 3037 1600 3099 habens,
1653 3035 1760 3089 nisi
1801 3034 2051 3090 Christus

2154 3049 2360 3115 οὐσίας,
2403 3049 2538 3103 ίδίαν
2588 3050 2881 3105 ὑπόστασιν
2931 3051 3147 3121 ἔχουσα,
3192 3053 3223 3124 ἢ
3283 3056 3312 3107 6
3356 3053 3570 3125 Χριστὸς
3609 3050 3679 3104 τοῦ

483 3127 599 3191 Dei,
631 3128 696 3183 de
729 3143 838 3198 quo
867 3127 998 3181 dicit
1029 3128 1322 3198 Apostolus
1349 3149 1361 3181 :
1392 3147 1410 3178 ‹
1444 3128 1547 3194 Qui
1579 3126 1756 3182 factus
1781 3135 1866 3182 est
1898 3127 2051 3184 uobis

2155 3141 2311 3206 Θεοῦ,
2341 3143 2469 3215 περὶ
2489 3137 2548 3197 οῦ
2573 3160 2735 3214 φησιν
2756 3146 2783 3196 6
2807 3144 3152 3208 Ἀπόστολοςο
3181 3165 3198 3196 ι
3217 3147 3320 3210 Ὃς
3344 3146 3556 3218 ἐγενήθη
3579 3145 3678 3216 ἡμῖν

482 3220 750 3290 sapientia
787 3235 815 3272 ιι
849 3219 981 3285 Deo,
1011 3229 1065 3274 et
1101 3221 1339 3289 justitia,
1376 3227 1429 3274 et
1463 3218 1848 3283 sanctificatio,
1881 3228 1933 3274 et
1964 3235 2055 3275 re-

479 3313 720 3384 demptio
745 3315 803 3368 '?
833 3335 851 3366 ›
885 3313 1042 3380 Hunc
1065 3322 1246 3368 autem
1279 3330 1309 3368 e
1340 3315 1518 3384 patrio
1541 3314 1689 3377 sinu,
1716 3328 1839 3366 cum
1870 3315 2055 3368 oriens

483 3406 556 3460 sit
595 3422 757 3461 omne
802 3408 1089 3477 spirituale
1124 3407 1330 3468 lumen,
1394 3407 1507 3460 sive
1569 3420 1665 3474 per
1720 3404 2052 3458 incarnatio-

480 3513 603 3553 nem
652 3499 932 3563 excitavit,
982 3498 1341 3568 providentia,
1395 3499 1510 3552 sive
1560 3499 1675 3569 ipse
1723 3497 1906 3562 Pater;
1960 3497 2052 3566 qui

480 3588 628 3642 dedit
665 3603 787 3643 eum
837 3589 890 3642 in
938 3597 1235 3657 conspectu
1271 3588 1551 3658 gentium;
1603 3595 1663 3641 ut
1700 3587 1914 3658 pristini
1961 3603 2054 3640 e0-

479 3697 601 3735 rum
639 3695 793 3751 reges
823 3681 1145 3746 invisibiles,
1187 3689 1484 3749 potestates
1531 3680 1740 3734 scilicet
1778 3679 2053 3751 nequissi-

479 3789 604 3837 mae,
637 3775 704 3828 ad
735 3774 984 3828 miraculi
1021 3774 1329 3843 prodigium
1362 3773 1832 3842 obstupescerent,
1864 3771 2052 3827 viden-

477 3873 561 3920 tes
587 3867 748 3919 talem
786 3866 874 3918 Dei
909 3865 1106 3918 Filium
1141 3882 1316 3935 neque
1346 3864 1574 3919 formam
1605 3880 1780 3934 neque
1809 3865 2050 3934 pulchri-

478 3959 720 4011 tudinem
767 3958 1055 4012 habentem
1083 3975 1098 4024 ;
1129 3966 1294 4028 utque
1318 3967 1538 4028 stupore
1562 3958 1654 4012 illo
1680 3958 1732 4010 in
1771 3958 2048 4027 pulverem

477 4057 761 4102 vertantur
794 4064 982 4103 eorum
1025 4049 1212 4120 gladii,
1255 4059 1307 4106 et
1338 4051 1479 4105 sicut
1523 4051 1735 4119 stipulae
1770 4057 1931 4104 vento
1961 4065 2050 4103 ra-

480 4148 585 4208 ptae
625 4139 756 4192 fiant
807 4155 970 4194 arcus
999 4157 1211 4204 eorum,
1268 4157 1371 4195 nec
1406 4141 1518 4211 jam
1559 4141 1779 4195 hostilia
1825 4143 1934 4196 sint
1969 4140 2048 4195 eis

477 4247 648 4295 arma,
685 4232 923 4301 ignitave
953 4233 1080 4295 tela,
1111 4233 1310 4302 quibus
1337 4233 1468 4286 olim
1505 4232 1609 4288 sibi
1644 4233 1910 4287 obnoxias
1938 4232 2051 4286 ani-

477 4341 594 4382 mas
642 4325 1003 4382 lacessebant.
1059 4324 1188 4380 Post
1232 4324 1348 4380 hazc
1375 4325 1487 4388 ait,
1539 4343 1556 4375 ι
1590 4324 1654 4378 Et
1685 4330 2046 4394 persequetur

2158 3231 2317 3304 σοφία
2342 3235 2447 3288 ἀπὸ
2475 3235 2631 3301 Θεοῦ,
2651 3235 2959 3308 δικαιοσύνη
2983 3255 3042 3290 τε
3059 3239 3471 3309 καὶ-ἁγιασμὸς,
3488 3238 3570 3291 καὶ
3585 3239 3682 3290 ἁπο-

2154 3321 2451 3394 λύτρωσιςς
2491 3343 2509 3374 ›
2549 3322 2746 3378 Τοῦτον
2795 3325 2850 3378 δὲ
2904 3327 2967 3378 ἐκ
3010 3326 3118 3379 τῶν
3153 3329 3441 3398 πατρικῶν
3487 3327 3675 3386 κόλπων,

2155 3414 2352 3478 παντὸς
2383 3415 2573 3485 νοητοῦ
2605 3416 2778 3484 φωτὸς
2806 3416 3076 3470 ἀνατολῶν
3111 3419 3486 3490 ὑπαρχόντων,
3517 3421 3548 3490 η
3573 3417 3681 3472 κατὰ

2151 3503 2249 3574 τὴν
2277 3503 2680 3576 ὲνανθρώπησιν
2708 3506 2988 3578 ἐξήγειρεν
3007 3509 3309 3579 οἰκονομία,
3337 3510 3371 3579 ἢ
3396 3510 3486 3561 καὶ
3511 3507 3679 3568 αὑτδςό

2153 3595 2363 3664 Πατὴρ,
2403 3597 2432 3647 6
2469 3595 2591 3658 δοὺς
2621 3595 2782 3649 αὑτὸν
2813 3597 3050 3650 ἐναντίον
3082 3597 3188 3650 τῶν
3218 3599 3420 3653 ἐθνῶνο
3457 3598 3517 3652 ἶν’
3544 3595 3680 3667 οἱμὲν

2152 3682 2404 3754 πρότεροι
2423 3682 2657 3752 βασιλεῖς
2673 3684 2849 3738 αὐτῶν
2869 3686 3104 3758 ἀόρατοι,
3121 3686 3382 3758 δυνάμεις
3393 3683 3536 3741 οὖσαι
3547 3702 3679 3754 πονη-

2155 3775 2262 3844 ραὶ,
2283 3774 2562 3840 ἐξιστῶσιν
2579 3775 2793 3828 ἀπὸτοῦ
2812 3777 3111 3848 παραδόξου
3126 3778 3227 3847 τῆς
3239 3775 3682 3850 οἰκονομίας,όώ

2151 3882 2240 3919 σαι
2269 3866 2358 3920 τὸν
2387 3865 2701 3938 τηλικοῦτον
2716 3866 2842 3920 Υίὸν
2868 3868 2961 3921 τοῦ
2972 3869 3105 3922 Θεοῦ
3129 3871 3204 3941 μὴ
3225 3871 3421 3942 ἔχοντα
3437 3866 3564 3931 εἶδος
3578 3865 3681 3937 μηδὲ

2150 3953 2369 4020 κάλλοςο
2390 3957 2483 4009 καὶ
2500 3957 2586 4010 ἵνα
2608 3957 2742 4027 μετὰ
2764 3957 2970 4010 τοιάνδε
2992 3957 3249 4012 ἔκστασιν
3273 3959 3498 4012 δοθῶσιν
3520 3959 3588 4018 εἰς
3605 3953 3680 4023 γῆν
3741 4009 3749 4026 ,

2148 4048 2204 4099 αἱ
2228 4049 2490 4118 ρομφαῖαι
2515 4048 2712 4114 αὐτῶν,
2728 4049 2821 4102 καὶ
2839 4050 2913 4112 ὡς
2929 4049 3484 4121 φρύγαναςέξωσμένα
3509 4048 3569 4101 τὰ
3585 4045 3684 4108 τόξα

2149 4138 2346 4206 αὐτῶν,
2381 4141 2514 4212 πρὸς
2541 4141 2601 4194 τὸ
2629 4141 2703 4212 μὴ
2751 4141 2996 4212 κατέχειν
3031 4143 3229 4206 αὑτοὺς
3273 4142 3419 4196 ὅπλα
3457 4134 3684 4209 πολεμικὰ

2147 4232 2242 4285 καὶ
2281 4233 2649 4305 πεπυρωμένα
2693 4232 2844 4304 βέλη,
2891 4233 2955 4285 δι’
2987 4226 3061 4287 ὧν
3104 4233 3379 4304 πρότερον
3428 4228 3682 4286 κατεπολέ-

2152 4342 2286 4396 μουν
2332 4325 2430 4387 τὰς
2484 4324 2828 4395 ὑποχειρίους
2869 4325 3049 4388 αὐτοῖς
3096 4324 3300 4396 ψυχάς.
3350 4322 3502 4378 Μετὰ
3546 4315 3686 4374 ταῦτὰ

478 4433 591 4481 eos,
619 4437 638 4470 ι
673 4429 730 4471 ut
762 4419 910 4471 omni
950 4419 1178 4472 telorum
1213 4431 1412 4486 genere
1451 4417 1523 4469 ita
1565 4423 1888 4485 persecutus
1923 4432 2039 4480 eos,

2153 4433 2299 4486 φησι,
2339 4435 2358 4468 ‹
2397 4417 2505 4469 Καὶ
2547 4414 2794 4479 διώξεται
2823 4416 3043 4480 αὑτούς·
3086 4436 3102 4466 ι
3153 4418 3217 4470 ἵν’
3249 4415 3450 4481 οὕτως,
3485 4413 3608 4468 κατὰ
3639 4408 3685 4462 τὸ

479 4509 733 4578 procedat
768 4510 822 4562 in
851 4524 983 4579 pace
1011 4509 1151 4561 viam
1188 4509 1382 4578 pedum
1415 4523 1658 4562 suorum.
1711 4526 1729 4556 ι
1763 4506 1898 4572 Quis
1929 4507 2043 4562 hate

478 4610 733 4671 operatus
761 4607 844 4654 est
879 4609 933 4655 et
965 4599 1130 4653 fecit?
1157 4619 1173 4649 ι
1211 4599 1307 4655 ait.
1343 4599 1731 4653 Existimamus
1768 4600 1914 4669 quod
1943 4615 2042 4653 ex-

479 4691 725 4746 cellentia
761 4698 815 4745 et
859 4690 1164 4760 benignitas
1205 4689 1447 4744 omnium
1497 4688 1591 4744 Dei
1619 4691 1867 4745 vocantis
1899 4705 2040 4756 eam,

478 4782 737 4848 [ustitiain
769 4781 1038 4846 videlicet,
1083 4797 1192 4836 non
1246 4782 1412 4845 aliam
1447 4795 1510 4835 ac
1543 4781 1866 4850 sapientiam
1898 4781 2038 4851 ejus,

479 4887 641 4943 quam
691 4879 746 4925 et
793 4871 1225 4940 contemplantes
1276 4871 1462 4925 verita:
1519 4878 1647 4925 sunt
1702 4869 1870 4925 Deum
1921 4885 2041 4940 quae

479 4965 628 5034 prius
678 4964 732 5016 in
783 4959 879 5017 Dei
927 4963 1333 5032 contemptione
1372 4961 1626 5017 vivebant
1679 4971 1888 5034 gentes.
1936 4962 2040 5028 Qui

477 5053 750 5126 quondam
790 5053 1144 5108 remotissimi
1189 5061 1367 5117 erant,
1408 5051 1643 5123 proximi
1681 5053 1832 5123 regni
1873 5053 2042 5106 caelo-

479 5162 593 5200 rum
619 5144 749 5199 facti
779 5154 923 5200 sunt.
951 5143 1186 5214 Ideoque
1216 5144 1438 5199 fuerunt
1467 5144 1682 5200 attoniti
1715 5146 1910 5201 salutis
1936 5145 2040 5198 mi—

479 5237 685 5300 raculo,
723 5252 782 5290 se
817 5237 1052 5291 invicem
1090 5236 1371 5300 docentes.
1412 5244 1466 5292 et
1500 5236 1665 5292 frater
1698 5236 1850 5291 fratri
1883 5236 2040 5291 auxi-

481 5323 636 5390 iians,
675 5325 1075 5397 pristinumque
1117 5327 1447 5381 conﬁtentur
1475 5326 1540 5381 de
1571 5328 1730 5382 idolis
1771 5342 2036 5391 errorem,

483 5412 591 5469 haec
615 5417 804 5471 eadem
837 5418 1100 5474 dicentes.
1131 5418 1307 5474 Faber
1335 5420 1535 5491 quippe
1564 5429 1679 5475 erat
1708 5429 1760 5475 et
1789 5421 2036 5486 aerarius,

481 5501 816 5574 qni'malleo,
864 5516 918 5561 et
948 5508 1140 5573 clavis,
1189 5519 1242 5564 et
1273 5511 1506 5564 humana
1561 5511 1814 5566 machina
1861 5513 2040 5567 susci-

556 5675 572 5702 ¹
605 5675 707 5732 lsa.
732 5680 880 5746 “,9,
914 5683 1001 5736 Η.
1079 5687 1098 5716 ³
1122 5685 1224 5741 lsa.
1252 5703 1363 5753 xu,
1398 5689 1515 5744 2‘7.
1593 5689 1612 5722 ³
1643 5687 1811 5744 lCor.
1843 5704 1880 5755 ι,
1914 5690 2037 5746 ὃθμε

2145 4506 2358 4560 πάντων
2402 4505 2550 4570 τέλος
2577 4503 2970 4578 ἐκδιωχθέντων
2995 4506 3193 4571 αὐτῶν,
3231 4507 3422 4580 διέλθῃ
3451 4508 3504 4559 ἐν
3529 4502 3682 4575 εἰρήνῃ

2141 4603 2174 4671 ἡ
2204 4599 2322 4662 ὁδὸς
2348 4597 2454 4652 τῶν
2485 4597 2658 4653 ποδῶν
2685 4597 2871 4652 αὑτοῦ.
2907 4617 2925 4650 ι
2966 4599 3061 4663 Τίς
3092 4599 3148 4652 δὲ
3204 4601 3508 4671 ἐνήργησε,
3558 4594 3679 4664 φησὶ,

2141 4692 2232 4747 καὶ
2288 4691 2508 4762 ἐποίησε
2563 4690 2773 4756 ταῦτα;
2818 4710 2835 4742 ι
2902 4691 3409 4763 Προσυπακούομεν
3451 4691 3524 4751 δέ,
3565 4685 3682 4752 ὖτιή

2141 4779 2441 4852 χρηστότης
2470 4781 2563 4833 καὶ
2599 4780 2976 4853 φιλανθρωπία
3006 4780 3100 4833 τοῦ
3135 4779 3248 4834 τῶν
3284 4781 3428 4834 ὅλων
3455 4777 3578 4858 Θεοῦ
3606 4770 3678 4826 τοῦ

2140 4867 2429 4932 καλοῦντος
2458 4866 2646 4938 αὑτὴν,
2685 4868 2843 4939 δῆλον
2873 4868 2915 4921 δ’
2956 4869 3036 4922 ὅτι
3082 4869 3179 4940 τὴν
3209 4867 3577 4940 δικαιοσύνην,
3601 4862 3678 4917 οὐκ

2140 4959 2305 5031 ἄλλην
2347 4953 2511 5013 οὖσαν
2555 4959 2655 5029 τῆς
2693 4962 2883 5029 σοφίας
2916 4961 3097 5024 αὑτοῦ,
3143 4961 3208 5032 ἢν
3255 4961 3356 5014 καὶ
3405 4958 3676 5026 θεασάμενα

2140 5049 2378 5120 ἐφοϐήθη
2403 5044 2492 5103 τδν
2521 5049 2653 5103 Θεὸν
2677 5052 2744 5104 τὰ
2763 5052 2820 5104 ἐν
2841 5051 3039 5122 ἀφοϐίᾳ
3062 5050 3193 5104 Θεοῦ
3221 5052 3493 5123 πρότερον
3516 5044 3675 5117 τυγχά-

2139 5157 2296 5194 νοντα
2327 5141 2484 5213 έθνη·
2518 5142 2554 5196 ἃ
2591 5143 2684 5196 καὶ
2716 5143 2775 5208 ἐξ
2818 5143 3001 5215 ἄκρων
3044 5144 3138 5196 καὶ
3166 5144 3282 5196 ἀπὸ
3315 5148 3564 5215 περάτων
3602 5137 3676 5204 τῆς

2139 5233 2461 5304 οἰκουμένης
2492 5233 2757 5306 κληθέντα
2791 5237 2983 5306 ήγγισε
3013 5235 3092 5307 τῷ
3137 5235 3259 5305 Θεῷ
3278 5253 3293 5265 ·
3331 5238 3380 5290 οι
3408 5233 3533 5288 ποτέ
3557 5231 3675 5289 ὄντες

2143 5325 2562 5394 μακρανοέγγὺς
2609 5325 2886 5396 γενόμενοι
2927 5326 3026 5396 τῆς
3068 5325 3353 5396 βασιλείας
3400 5326 3507 5378 τῶν
3543 5324 3676 5391 αὖραι

2139 5415 2244 5469 νῶν
2267 5432 2280 5446 ο
2327 5416 2408 5470 διὸ
2451 5418 2543 5470 καὶ
2583 5417 2954 5488 ἐξεπλάγησαν
2997 5418 3090 5472 ἐπὶ
3137 5416 3213 5488 τῷ
3272 5416 3558 5490 παραδόξῳ
3597 5410 3674 5479 τῆς

2141 5507 2431 5579 σωτηρίας,
2484 5508 2822 5572 διδάσκοντές
2875 5525 2934 5562 τε
2989 5507 3271 5580 ἀλλήλους,
3335 5508 3445 5562 καὶ·
3487 5500 3675 5569 ἁδελφὸς
