3926 6260
319 257 458 311 I925

1332 261 1623 320 ECLOGJE
1647 262 2129 322 PROPHETlC£.
2172 299 2238 309 -—-
2278 267 2408 324 LIB.
2449 267 2539 325 IV.

3424 278 3444 329 1
3458 278 3559 330 226

315 375 533 449 ἀδελφῷ
565 380 793 452 βοηθῶν,
832 384 932 454 τὴν
960 382 1226 455 προτέραν
1267 384 1709 455 ἐξομολογοῦνται
1754 386 1874 456 περὶ

1984 393 2111 440 tans
2151 392 2203 441 et
2249 385 2568 442 confortans
2636 404 2772 458 quos
2819 388 2972 458 prius
3016 388 3148 444 deos
3202 388 3537 447 ducebamns

312 469 383 525 τὰ
414 472 606 527 εἴδωλα
638 475 863 547 πλάνην,
895 476 1033 530 αὐτά
1058 476 1121 549 δὴ
1154 476 1324 531 ταῦτα
1350 477 1597 545 λέγοντες
1617 495 1630 507 ·
1665 477 1881 532 Τέκτων

313 564 421 637 ἄρα
450 562 517 637 ἦν
549 567 642 622 καὶ
665 568 916 639 χαλκεὺς,
940 573 969 623 6
999 569 1087 623 διὰ
1130 569 1339 642 σφύρας
1364 571 1459 624 καὶ
1481 570 1627 640 ἥλων
1652 571 1746 623 καὶ
1773 586 1880 641 μη,

310 657 483 727 χανῆς
537 660 880 733 ἀνθρωπίνης
923 645 1210 733 ἀνεγείρας
1263 662 1357 715 καὶ
1415 659 1701 732 ἐνισχῦσας
1755 661 1880 723 τοὺς

311 750 575 822 πρότερον
602 752 984 823 νομιζομένους
1026 756 1156 825 ἡμῖν
1186 753 1366 817 θεούς·
1403 754 1452 806 oi
1496 753 1552 806 δὲ
1591 752 1745 806 οὐδὲν
1775 751 1884 822 ἄρα

307 834 450 909 ἦσαν
488 842 521 913 ἢ
566 842 749 914 ἄψυχα
792 845 983 911 ξόανα,
1028 845 1280 916 οὐδεμίαν
1322 843 1382 910 ἐξ
1422 842 1631 899 ἐαυτῶν
1669 842 1882 914 κίνησιν

310 932 690 1004 ἐπιδεχόμενα,
735 937 826 990 καὶ
863 936 938 1001 ὡς
981 937 1149 1007 ψευδῆ
1194 938 1496 1008 ἐκτήσαντο
1537 938 1588 989 oi
1642 935 1884 1007 πατέρες

1989 471 2101 539 Qui
2139 475 2357 544 quidem
2408 477 2543 532 nihil
2583 487 2762 543 erant,
2811 479 2918 534 nisi
2963 480 3202 535 inanima
3246 483 3561 550 simulacra,

1991 565 2203 618 nullum
2236 580 2265 618 a
2296 580 2356 619 se
2389 566 2524 637 ipsis
2554 575 2761 622 motum
2791 578 3109 634 consecuta,
3144 578 3198 626 et
3222 575 3380 642 quasi
3412 592 3564 632 men-

1993 655 2147 711 dacia
2182 669 2507 727 acceperant
2550 668 2732 730 patres
2783 661 2957 717 nostri
3000 663 3166 727 idola,
3215 674 3270 719 et
3305 680 3415 722 nm
3445 681 3561 724 erat

1994 747 2048 801 in
2078 752 2160 803 eis
2191 749 2422 806 utilitas.
2459 750 2615 817 Quod
2644 760 2824 808 autem
2858 752 2974 807 haec
3008 753 3082 807 ita
3121 753 3421 813 Salvatoris
3456 775 3560 813 no-

1992 840 2092 896 stri
2138 841 2359 911 impleta
2409 854 2536 899 sunt
2583 844 2842 907 adventu,
2880 846 3053 917 magis
3089 848 3348 916 operibus
3395 865 3561 921 quam

1991 934 2173 989 verbis
2203 933 2632 991 demonstratur.

310 1030 468 1101 ἡμῶν
507 1032 831 1097 είδωλα,καὶ
869 1035 969 1088 οῦκ
1009 1031 1076 1107 ἢν
1116 1037 1175 1088 ἐν
1207 1037 1390 1099 αὐτοῖς
1428 1034 1713 1108 ὠφέλημα.
1750 1034 1872 1086 Ὅτι
1911 1031 1966 1085 δὲ
1990 1028 2142 1084 ταῦθ’
2171 1029 2344 1095 οὕτως
2366 1033 2458 1086 ἐπὶ
2480 1036 2540 1105 τῇ
2569 1032 2662 1086 τοῦ
2716 1032 2966 1105 Σωτῆρος
3017 1034 3175 1105 ἡμῶν
3230 1036 3559 1108 ἀπετελέσθη

310 1124 581 1197 παρουσία
611 1126 810 1197 μᾶλλον
842 1126 948 1180 τῶν
973 1127 1147 1195 λόγων
1174 1130 1207 1198 ή
1242 1126 1310 1180 δι’
1346 1126 1522 1199 ἔργων
1555 1126 1618 1198 (f;
1651 1125 1741 1198 52)
1770 1127 2066 1199 παρίστησι
2104 1125 2399 1199 μαρτυρία.

831 1242 1225 1296 ΚΕΦΑΛΑΙΟΝ
1264 1244 1348 1296 Κ’.

382 1349 402 1382 ι
452 1330 646 1385 Ἰακὼϐ
672 1333 700 1386 6
725 1335 854 1398 παῖς
880 1351 1002 1404 μου,
1033 1334 1395 1405 ἀντιλήψομαι
1420 1334 1583 1389 αὐτοῦ
1603 1353 1617 1366 ο
1666 1336 1883 1409 Ἰσραὴλ

303 1420 336 1472 ὁ
385 1421 638 1487 ἐκλεκτός
688 1440 812 1496 μου,
864 1426 1221 1498 προσεδέξατο
1267 1428 1427 1482 αὐτὸν
1474 1430 1507 1499 ή
1550 1427 1696 1499 ψυχή
1734 1445 1836 1500 μου
1859 1445 1875 1459 ·

306 1517 482 1570 ἔδωκα
513 1518 574 1571 τὸ
601 1518 825 1589 Πνεῦμά
853 1538 953 1590 μου
988 1520 1072 1574 ἐπ’
1101 1521 1263 1575 αὐτόν
1282 1538 1294 1552 °
1324 1519 1501 1592 κρίσιν
1532 1524 1644 1585 τοῖς
1673 1521 1881 1576 ἔθνεσιν

304 1606 535 1672 ἐρἰξοίσει⁹
576 1610 635 1662 οὐ
668 1609 1008 1682 κεκράξεται,
1049 1610 1167 1665 οὐδὲ
1203 1612 1411 1682 ἀνήσει,
1453 1611 1575 1664 οὐδὲ
1605 1611 1879 1683 ἀκουσθή-

2571 1239 2801 1296 CAPUT
2853 1238 2968 1295 XX.

2063 1349 2082 1382 ι
2116 1328 2288 1386 Iacob
2340 1346 2476 1401 puer
2506 1346 2681 1390 meus.
2708 1331 3002 1400 suscipiam
3029 1346 3153 1385 eum
3186 1350 3202 1386 :
3228 1330 3417 1387 lsrael‘
3448 1334 3558 1389 ele-

1982 1430 2106 1478 ctus
2134 1438 2309 1487 meus,
2339 1422 2634 1493 assumpsit
2670 1437 2795 1478 eum
2821 1423 3001 1476 anima
3032 1438 3150 1477 mea
3186 1442 3199 1479 :
3235 1423 3355 1478 dedi
3384 1422 3560 1494 Spiri-

1991 1520 2107 1570 tum
2134 1527 2314 1566 meum
2340 1526 2505 1582 super
2534 1527 2658 1567 eum
2679 1529 2696 1580 ;
2720 1511 2988 1581 judicium
3014 1512 3265 1582 gentibus
3284 1512 3555 1583 proferet;

1986 1618 2096 1658 non
2119 1604 2395 1669 clamabit,
2424 1620 2601 1676 neque
2629 1607 2890 1668 remittet,
2932 1618 3111 1673 neque
3137 1604 3391 1674 audietur
3423 1604 3558 1660 foris

306 1712 462 1749 σεται
497 1695 601 1762 ἔξω
632 1701 664 1769 ἡ
713 1697 860 1769 φωνὴ
897 1699 1091 1753 αὑτοῦ·
1129 1699 1372 1772 κάλαμον
1407 1700 1767 1771 τεθλασμένον
1814 1704 1874 1756 οὐ

1983 1707 2089 1746 vox
2117 1693 2259 1762 ejus;
2285 1693 2552 1748 calamum
2582 1694 2880 1749 contritum
2910 1708 3021 1747 non
3048 1692 3281 1763 franget,
3310 1703 3365 1747 et
3385 1694 3559 1750 linum

307 1789 606 1861 συντρίψει,
655 1792 749 1845 καὶ
787 1792 929 1845 λίνον
975 1793 1368 1863 καωιζὸμενον
1408 1793 1469 1846 οὐ
1511 1792 1722 1848 σϐέσει·
1760 1794 1877 1848 ἀλλ’

302 1882 385 1945 είς
414 1881 666 1955 ἀλήθειαν
691 1883 883 1948 ἐξοίσει
906 1885 1085 1955 κρίσιν
1106 1901 1121 1915 ο
1148 1884 1454 1956 ἀναλάμψει
1488 1887 1583 1940 καὶ
1610 1886 1669 1939 οὐ
1715 1886 1880 1958 θραυ-

302 1970 561 2043 σθήσεται
591 1973 695 2036 ἓως
724 1973 789 2027 ἂν
818 1973 883 2045 θῇ
909 1974 1001 2027 ἐπὶ
1038 1974 1136 2045 τῆς
1163 1975 1265 2045 γῆς
1297 1975 1510 2047 κρίσιν⁸
1547 1977 1640 2029 καὶ
1684 1976 1777 2030 ἐπὶ
1799 1976 1880 2047 τῷ

301 2063 526 2131 ὀνόματι
567 2062 730 2117 αὐτοῦ
768 2064 1220 2136 ἔθνη-ἐλπιοῦσιν.
1261 2066 1447 2132 Οὕτως
1488 2067 1638 2137 λέγει
1678 2068 1877 2141 Κύριος

298 2156 330 2207 ὁ
363 2154 495 2217 Θεὸς
534 2158 562 2209 6
608 2158 837 2228 ποιήσας
875 2158 965 2211 τὸν
1005 2159 1228 2231 οὐρανὸν
1277 2160 1373 2214 καὶ
1417 2159 1595 2230 πήξας
1634 2162 1815 2226 αὐτὸν,
1848 2165 1877 2215 6

303 2244 612 2317 περεὼσας
638 2248 735 2318 τὴν
759 2248 861 2320 γῆν
887 2250 980 2303 καὶ
1006 2249 1074 2303 τά
1107 2253 1165 2303 ἐν
1188 2251 1349 2322 αὐτῇ,
1376 2252 1469 2306 καὶ
1496 2252 1670 2319 διδοὺς
1710 2256 1877 2326 πνοὴν

214 2361 220 2369 -
296 2335 381 2406 τῷ
422 2335 536 2406 λαῷ
579 2336 658 2407 τῷ
690 2339 776 2390 ἐπ’
823 2338 1011 2409 αὐτῆς,
1065 2341 1159 2393 καὶ
1202 2339 1420 2412 πνεῦμα
1466 2344 1579 2407 τοῖς
1616 2344 1876 2398 πατοῦσιν

301 2426 476 2496 αὐτήν
497 2444 511 2458 ·
536 2425 645 2494 ἐγὼ
675 2427 877 2500 Κύριος
898 2431 927 2482 6
949 2429 1081 2493 Θεὸς
1110 2428 1344 2484 ἐκάλεσά
1370 2448 1427 2484 σε
1457 2434 1514 2486 ἐν
1538 2433 1874 2505 δικαιοσᾷνῃ,

296 2517 397 2570 καὶ
428 2520 686 2590 κρατήσω
727 2519 828 2590 τῆς
866 2521 1047 2592 χειρός
1087 2536 1180 2574 σου
1215 2510 1308 2576 καὶ
1343 2523 1606 2594 ἐνισχύσω
1646 2542 1704 2578 σε
1726 2543 1739 2557 ο
1785 2527 1877 2580 καὶ

296 2604 481 2661 ἔδωκά
509 2626 569 2661 σε
595 2611 676 2673 είς
702 2610 964 2683 διαθήκην
990 2614 1181 2681 γένους
1206 2616 1286 2679 εἰς
1313 2613 1429 2685 φῶς
1450 2616 1639 2682 ἐθνῶν,
1671 2617 1874 2682 ἀνοῖξαι

295 2694 609 2768 ὀφθαλμοὺς
640 2698 872 2770 τυφλῶν,
896 2700 1181 2772 ἐξαγαγεῖν
1205 2707 1269 2758 ἐκ
1291 2705 1507 2776 δεσμῶν
1537 2707 1872 2779 δεδεμένους,

298 2788 392 2847 καὶ
423 2788 480 2856 ἐξ
513 2790 659 2844 οῐκου
692 2793 936 2864 φυλακῆς
976 2784 1317 2867 καθημένους
1350 2800 1408 2851 ἐν
1453 2799 1653 2855 σκότει.
1691 2820 1709 2852 ι
1749 2802 1875 2856 ’Ότι

300 2880 375 2951 μὴ
422 2882 552 2952 περὶ
596 2882 690 2935 τοῦ
726 2882 832 2938 τῶν
866 2886 1138 2941 Ἰουδαίων
1178 2889 1308 2944 λαοῦ
1356 2891 1765 2962 προφητεύεταιτ
1806 2894 1876 2947 τὰ

297 2974 407 3032 ἀπο
437 2973 530 3027 τοῦ
554 2991 569 3006 ⁸
602 2994 620 3027 ι
662 2976 853 3031 Ἰακὼϐ
901 2980 928 3032 6
972 2983 1102 3045 παῖς
1136 2999 1260 3053 μου,
1284 2983 1644 3055 ἀντιλήψομαι
1685 2984 1872 3047 αὑτοῦ,

1983 1783 2256 1853 futnigans
2297 1799 2408 1839 non
2444 1785 2789 1855 exstinguet;
2827 1785 2921 1840 sed
2953 1785 3010 1838 in
3052 1784 3280 1839 veritate
3320 1784 3558 1855 proferet

1975 1875 2268 1945 judicium,
2306 1876 2699 1947 resplendebit,
2731 1886 2785 1933 et
2810 1891 2921 1933 non
2949 1876 3430 1947 conquassabitur,
3456 1876 3558 1930 do-

1979 1982 2082 2022 nec
2106 1977 2271 2037 ponat
2287 1967 2343 2022 in
2360 1968 2806 2038 terrajudicium,
2829 1978 2885 2025 et
2907 1968 2961 2023 in
2983 1970 3206 2022 nomine
3223 1968 3345 2037 ejus
3365 1977 3554 2039 gentes

1981 2060 2297 2129 sperabunt.
2339 2058 2431 2114 Sic
2458 2047 2591 2116 dicit
2650 2058 2913 2116 Dominus
2978 2058 3144 2125 Deus,
3174 2061 3267 2130 qui
3298 2059 3423 2114 fecit
3447 2076 3560 2114 coc-

1980 2149 2113 2213 lnm,
2135 2159 2188 2204 et
2216 2149 2447 2205 intendit
2474 2148 2631 2216 illud,
2660 2152 2755 2221 qui
2779 2151 3013 2207 firmavit
3034 2161 3236 2206 terram
3265 2162 3320 2207 et
3347 2167 3413 2206 ea
3436 2168 3558 2223 qua:

1979 2248 2108 2295 sunt
2137 2239 2194 2293 in
2220 2239 2359 2311 ipsa,
2394 2242 2602 2313 quique
2636 2240 2729 2295 dat
2759 2240 2945 2296 ﬂatum
2995 2243 3217 2313 papula,
3258 2242 3354 2314 qui
3382 2253 3467 2298 est
3504 2243 3558 2297 in

1977 2348 2064 2401 ea,
2089 2350 2145 2394 et
2163 2337 2417 2410 spiritum
2447 2335 2787 2392 calcantibus
2811 2349 2952 2389 eam.
2982 2334 3093 2405 Ego
3119 2333 3381 2392 Dominus
3402 2333 3549 2390 Deus‘

1977 2441 2106 2486 tuus
2136 2428 2327 2484 vocavi
2358 2437 2411 2484 te
2438 2428 2494 2482 in
2521 2427 2755 2498 justitia,
2789 2435 2842 2482 et
2879 2426 3286 2498 apprehendam
3316 2442 3542 2481 manum

1977 2507 2148 2587 tuam,
2173 2531 2227 2577 et
2249 2519 2619 2577 corroborabo
2649 2529 2700 2573 te
2728 2538 2743 2574 :
2772 2528 2827 2574 et
2853 2518 2977 2574 dedi
3008 2526 3061 2574 te
3085 2519 3140 2573 in
3169 2525 3556 2574 testamentum

1977 2614 2195 2686 generis
2230 2613 2288 2668 in
2329 2613 2513 2668 lumen
2545 2610 2813 2683 gentium,
2845 2620 2907 2665 ut
2939 2611 3182 2682 aperires
3222 2610 3412 2666 oculos
3447 2626 3557 2666 caa-

1977 2722 2189 2770 corum,
2208 2712 2263 2761 et
2288 2705 2551 2761 educeres
2584 2720 2651 2760 ex
2675 2703 2908 2759 vinculis
2933 2705 3191 2774 illigatos,
3220 2711 3277 2758 et
3304 2703 3371 2759 de
3394 2702 3557 2759 domo

1977 2798 2217 2853 carceris
2251 2797 2501 2853 sedentes
2530 2796 2589 2852 in
2614 2796 2859 2852 tenebris
2890 2796 2930 2851 ί.
2971 2815 2991 2849 ι
3023 2795 3182 2862 Quod
3216 2810 3325 2851 non
3353 2795 3419 2851 de
3454 2794 3556 2849 Iu-

1977 2888 2217 2944 daeorum
2243 2889 2443 2959 popqu
2478 2888 2920 2959 prophetizantur
2955 2887 3069 2942 haec
3102 2905 3116 2942 :
3154 2906 3173 2939 ι
3200 2884 3371 2941 Iacob
3423 2901 3561 2957 puer

1979 2995 2155 3046 meus,
2189 2980 2485 3050 suscipiam
2508 2994 2667 3047 eum;
2692 2978 2855 3036 lsrael
2896 2979 3103 3035 elecms
3134 2994 3309 3043 meus,
3343 2994 3557 3034 assum-

306 3068 528 3140 Ἰσραήλ
558 3072 587 3123 6
632 3070 882 3137 ἐκλεκτός
924 3089 1046 3144 μου,
1078 3075 1435 3146 προσεδέξατο
1463 3078 1625 3131 αὑτὸν
1666 3079 1701 3148 ή
1730 3077 1874 3150 ψυχή

1980 3072 2088 3142 psit
2117 3085 2239 3125 eum
2287 3071 2471 3126 anima
2506 3085 2647 3135 mea,
2678 3088 2697 3121 ι
2740 3079 2795 3126 et
2820 3070 3059 3141 reliqua,
3092 3070 3439 3127 manifestum
3473 3078 3558 3125 est

297 3177 426 3230 μου,
462 3182 481 3213 ι
514 3163 680 3231 σαφὲς
710 3163 860 3217 ἔσται
885 3169 997 3229 τοῖς
1020 3166 1293 3222 ἐθέλουσιν
1328 3168 1564 3240 ἑκάστην
1587 3170 1733 3237 λέξιν
1764 3170 1873 3224 τῶν

1980 3163 2226 3234 singulas
2250 3162 2483 3233 hujusce
2502 3162 2801 3233 prophetia
2829 3175 2991 3218 voces
3018 3163 3353 3233 perpendere
3373 3162 3553 3217 volen-

297 3245 674 3324 προκειμένων
711 3254 1002 3320 ἐξετάζειν.
1040 3258 1176 3312 ἀλλά
1208 3260 1302 3313 καὶ
1326 3261 1457 3314 *ἀπὸ
1496 3263 1597 3334 τῆς
1634 3262 1775 3316 κατὰ
1813 3264 1874 3317 τὸ

1980 3255 2147 3316 tibus,
2181 3253 2279 3311 sed
2310 3255 2476 3310 etiam
2521 3254 2644 3324 ipso
2675 3252 2946 3309 Hebraico
2983 3261 3136 3309 textu
3166 3261 3336 3325 patet.
3369 3252 3558 3324 Neque

307 3344 600 3417 Ἐϐραῖκδν
646 3347 926 3419 ἀκριϐείας
976 3350 1133 3406 τοῦτο
1179 3351 1334 3422 δῆλόν
1378 3354 1523 3407 ἐστιν
1546 3371 1561 3384 θ
1620 3353 1732 3409 οὔτ’
1780 3351 1873 3411 οὖν

1980 3344 2165 3413 Iacob,
2194 3361 2374 3416 neque
2402 3345 2568 3402 Israel
2601 3346 2849 3400 nominat
2885 3364 2900 3400 :
2935 3346 3077 3415 apud
3126 3346 3276 3416 ipsos
3324 3345 3548 3416 quidem

294 3437 354 3491 τὸ
392 3436 593 3490 Ἰακὼϐ
641 3437 831 3507 ὄνομα,
875 3438 997 3493 οὔτε
1040 3440 1102 3493 τὸ
1145 3441 1361 3514 Ἰσραὴλ
1400 3444 1457 3496 ἐν
1506 3443 1657 3513 αὐτῷ
1704 3445 1874 3516 ἐμφέ-

298 3542 485 3597 ρεταν
517 3526 636 3581 ὅθεν
678 3530 772 3583 καὶ
804 3528 1091 3583 ὠϐἐλισται
1118 3531 1270 3603 παρά
1298 3536 1412 3597 τοῖς
1449 3534 1732 3607 ἀκριϐέσιν
1782 3536 1875 3589 ἀν-

295 3619 588 3691 τιγράφοις
640 3620 746 3673 τῶν
784 3621 1202 3693 Ἐϐδομήκοντα,
1231 3625 1419 3678 καθότι
1464 3643 1527 3695 γε
1567 3627 1668 3680 οὐκ
1716 3627 1872 3691 ἄλλος

293 3706 401 3760 τῶν
453 3707 674 3763 δικαίων
719 3710 858 3785 πλὴν
897 3711 991 3764 τοῦ
1030 3712 1278 3784 Σωτῆρος
1318 3713 1474 3785 ἡμῶν
1519 3715 1692 3786 Ἰησοῦ
1734 3718 1874 3788 Χρι-

301 3800 454 3865 στοῦ,
501 3801 618 3854 οὐδὲ
663 3803 769 3874 μὴν
812 3804 973 3867 αὐτὸς
1014 3807 1044 3859 6
1091 3805 1185 3858 τοῦ
1231 3807 1414 3861 Ἰσαὰκ
1456 3806 1489 3879 ἢ
1542 3808 1736 3862 Ἰακὼϐ
1777 3810 1873 3863 καὶ

313 3892 531 3965 Ἰσραὴλ
557 3895 1011 3967 προσαγορευθεὶς
1040 3896 1277 3962 τοιοῦτός
1308 3916 1392 3962 τις
1420 3893 1509 3972 ἦν,
1538 3899 1615 3962 ὡς
1638 3901 1875 3973 ἐφαρμό-

300 3983 412 4048 ζειν
459 3986 605 4057 αὐτῷ
648 3986 903 4042 δύνασθαι
949 3988 1017 4042 τὰ
1059 3990 1428 4061 προκείμενα,
1481 3990 1670 4045 οὐδένα
1721 3989 1873 4064 οἶμαι

301 4076 688 4146 ἀμφιϐάλλειν·
733 4080 818 4131 ἵνα
859 4080 966 4152 γὰρ
1003 4082 1096 4134 καὶ
1135 4082 1340 4154 ἑτέροις
1385 4083 1618 4155 ἁρμόσοι
1650 4102 1735 4148 τις
1784 4085 1868 4138 τό*

305 4186 326 4219 ι
362 4169 578 4223 Ἐδωκα
610 4170 670 4223 τὸ
696 4170 922 4243 Πνεῦμά
959 4189 1059 4243 μου
1089 4175 1174 4227 ἐπ’
1203 4175 1384 4240 αὑτὸν,
1421 4195 1441 4228 ι
1479 4176 1532 4229 τί
1558 4177 1602 4230 δ’
1632 4175 1699 4231 ἂν
1726 4176 1874 4232 εἴποι

301 4263 377 4325 είς
407 4262 489 4315 τό·
530 4281 549 4314 ι
583 4264 778 4335 Κρίσιν
823 4268 935 4328 τοῖς
978 4264 1183 4320 ἔθνεσιν
1212 4265 1429 4332 ἐξοίσει,
1463 4286 1483 4320 ι
1535 4268 1630 4321 καὶ
1676 4271 1755 4332 είς
1801 4270 1871 4323 τά

302 4353 447 4424 ἐξῆς,
475 4355 570 4407 καὶ
615 4354 845 4426 μάλιστα
883 4357 964 4409 τό·
1013 4376 1032 4409 ι
1068 4358 1179 4411 Καὶ
1218 4358 1310 4412 ἐπὶ
1339 4357 1418 4429 τῷ
1446 4359 1670 4430 ὀνόματι
1704 4360 1870 4415 αὑτοῦ

1976 3436 2333 3509 Septuaginta
2371 3438 2532 3492 obelo
2561 3437 2835 3507 signatum
2874 3448 2956 3492 est
3001 3451 3196 3491 nomen
3246 3436 3401 3498 illud,
3423 3451 3557 3504 quo-

1976 3532 2124 3586 niam
2159 3546 2273 3585 non
2307 3530 2585 3600 justorum
2618 3529 2782 3594 alius,
2814 3529 2922 3585 nisi
2951 3526 3202 3582 Salvator
3235 3536 3422 3583 noster
3456 3526 3551 3582 Ie-

1976 3638 2072 3677 sus
2102 3622 2379 3685 Christus,
2413 3635 2523 3676 non
2546 3620 2767 3692 quidem
2811 3620 2928 3690 ipse
2973 3619 3118 3673 filius
3151 3619 3323 3682 Isaac,
3352 3616 3549 3679 Iacob,

1976 3715 2059 3769 vel
2088 3712 2254 3770 Israel
2278 3712 2688 3777 denominatur,
2717 3712 2765 3767 is
2787 3718 2907 3767 erat
2934 3709 3025 3764 cui
3056 3708 3301 3778 adaptari
3326 3719 3550 3778 possent

1976 3806 2240 3877 praedicta
2256 3807 2460 3874 verba;
2486 3814 2651 3875 atque
2674 3806 2827 3871 illud,
2854 3813 2909 3859 ut
2933 3803 3146 3873 opinor,
3165 3802 3298 3857 nulli
3320 3801 3548 3857 dubium

1976 3908 2079 3954 est.
2106 3896 2244 3952 Dato
2263 3900 2409 3954 enim
2428 3897 2576 3968 quod
2610 3897 2734 3952 aliis
2756 3912 2973 3966 quoque
3003 3895 3119 3949 haec
3148 3893 3503 3947 convenirent
3528 3911 3545 3945 :

1978 4007 1998 4041 ι
2015 3988 2143 4044 Dedi
2154 3989 2415 4059 Spiritum
2434 4004 2612 4044 meum
2630 4003 2795 4060 super
2807 4003 2953 4055 eum;
2964 4006 2983 4038 ι
2993 3986 3207 4041 cuinam
3221 3983 3332 4038 dici
3345 3982 3546 4054 potuit:

1980 4099 2000 4133 ι
2026 4078 2299 4136 Iudicium
2331 4081 2587 4153 gentibus
2616 4079 2875 4151 proferet,
2914 4099 2934 4133 ι
2976 4088 3030 4141 et
3059 4093 3180 4148 quae
3222 4086 3546 4147 sequuntur,

1974 4174 2384 4244 praesertimque
2410 4173 2543 4227 illud
2573 4191 2588 4227 :
2618 4191 2637 4224 (
2663 4171 2728 4227 Et
2755 4173 2809 4227 in
2839 4173 3060 4227 nomine
3079 4170 3200 4240 ejus
3216 4178 3405 4240 gentes
3426 4184 3552 4238 spe-

1979 4262 2222 4319 rabunt?
2252 4283 2271 4316 ›
2311 4262 2599 4328 Quomodo
2630 4270 2813 4318 autem
2839 4262 3102 4317 credibile
3129 4267 3275 4315 esset
3307 4260 3421 4314 sive
3447 4258 3547 4312 Iu—

1979 4354 2223 4411 daeorum
2259 4356 2479 4425 populo,
2514 4357 2630 4411 sive
2655 4355 2761 4426 ipsi
2794 4354 2907 4409 lilio
2932 4355 3107 4417 Isaac,
3135 4352 3333 4419 Iacob,
3349 4352 3469 4408 sive
3494 4358 3550 4405 es.

302 4443 427 4515 ἔθνη
453 4446 760 4513 ἐλπιοῦσιν;
808 4467 826 4498 ι
858 4448 982 4511 Πῶς
1009 4449 1067 4502 δὲ
1103 4449 1208 4503 κᾶν
1235 4449 1456 4505 πιθανὸν
1498 4452 1582 4523 εἴη
1618 4452 1737 4524 ἦτοι
1760 4452 1870 4507 τῶν

1980 4448 2154 4502 cuivis
2179 4446 2455 4516 justorum
2478 4445 2594 4510 alii,
2626 4461 2691 4501 ea
2714 4443 3009 4499 convenire
3037 4464 3049 4499 :
3091 4462 3111 4495 ‹
3146 4442 3278 4499 Dedi
3310 4450 3364 4497 te
3387 4442 3447 4497 in
3466 4449 3551 4495 te-

314 4532 579 4591 Ἶουδαίων
609 4537 798 4611 λαῷ,ἢ
834 4541 928 4593 καὶ
952 4539 1099 4611 αὐτῷ
1127 4539 1206 4611 τῷ
1229 4542 1323 4595 τοῦ
1361 4543 1546 4597 Ἰσαὰκ
1586 4543 1800 4608 Ἰακὼϐ,
1835 4543 1869 4615 ἢ

302 4628 398 4681 καὶ
427 4629 595 4699 ἑτέρῳ
623 4630 728 4684 τινὶ
752 4629 858 4683 τῶν
889 4630 1107 4685 δικαίων
1132 4632 1462 4703 ἐφαρμόζειν
1487 4634 1551 4687 τό
1570 4649 1586 4665 ⁶
1622 4654 1640 4686 ι
1658 4634 1875 4688 Ἕδωκά

309 4734 367 4773 σε
390 4723 469 4787 είς
490 4721 750 4795 διαθήκην
774 4722 980 4792 γένους,
1004 4727 1082 4787 είς
1103 4724 1215 4793 φῶς
1238 4725 1426 4792 ἐθνῶν,
1450 4726 1656 4793 ἀνοῖξαι
1676 4728 1876 4798 ὀφθαλ-

309 4813 441 4881 μοὺς
478 4815 1033 4885 τυφλῶν,·ἐξαγαγεῖν
1068 4818 1132 4870 ἐκ
1162 4817 1378 4888 δεσμῶν
1409 4819 1745 4891 δεδεμένους,
1776 4822 1871 4874 καὶ

308 4900 367 4968 ἐξ
404 4903 552 4959 οίκου
598 4907 843 4979 φυλακῆς
886 4907 1226 4979 καθημένους
1269 4911 1327 4962 ἐν
1379 4911 1594 4977 σκότει;
1639 4932 1657 4963 ι
1706 4912 1870 4966 Ἀλλά

303 4991 472 5048 ταῦτα
496 4998 626 5067 ἡμῖν
647 4996 722 5061 ὡς
744 4999 880 5068 πρὸς
901 4999 1026 5062 τοὺς
1048 4999 1113 5052 ἐκ
1136 5001 1435 5071 περιτομῆς
1461 5002 1831 5075 ἐπηπορήσθω
1851 5020 1865 5033 ⁸

309 5085 493 5153 σαφῶς
517 5104 581 5156 γε
609 5089 714 5160 μὴν
737 5091 883 5160 ἡμᾶς
921 5089 981 5143 τὸ
1022 5090 1349 5159 Εὐαγγέλιω
1377 5093 1472 5145 ἐπὶ⁵
1497 5093 1592 5146 τοῦ
1617 5094 1870 5167 Σωτῆρος

300 5173 458 5244 ἡμῶν
500 5177 670 5249 Ἰησοῦ
702 5178 942 5233 διδάσκει
987 5180 1078 5234 καὶ
1114 5181 1316 5253 ταύτην
1350 5182 1742 5256 πεπληρῶσθαι
1771 5186 1868 5256 τὴν

295 5267 655 5338 προφητείαν,
707 5270 796 5321 ὅτε
835 5287 853 5319 ι
885 5269 1265 5335 ἐξελθόντεςοί
1316 5273 1599 5344 Φαρισαῖοι
1633 5273 1870 5345 συμϐού-

292 5350 400 5407 λιον
443 5357 563 5414 κατ’
605 5356 766 5410 αὑτοῦ
803 5357 1012 5422 ἔλαϐον,
1046 5360 1193 5424 ὅπως
1225 5361 1385 5416 αὐτὸν
1409 5362 1765 5417 ἀπολέσωσιν.
1806 5364 1866 5416 '0

289 5441 345 5495 δὲ
389 5445 605 5516 Ἰησοῦς
643 5450 803 5516 γνοὺς
832 5449 1178 5522 ἀνεχώρησεν
1217 5452 1427 5506 ἐκεῖθεν
1451 5469 1464 5483 ο
1509 5455 1603 5508 καὶ
1634 5454 1865 5525 ἠκολού-

287 5527 472 5601 θησαν
504 5535 651 5606 αὑτῷ
676 5536 875 5603 πολλοὶ,
905 5541 996 5592 καὶ
1022 5540 1386 5612 ἐθεράπευσεν
1408 5544 1604 5608 αὐτοὺς
1627 5546 1833 5609 πάντας
1850 5563 1863 5577 ο

362 5685 381 5716 ⁸
417 5687 536 5746 lsai.
570 5705 699 5754 seu,
741 5691 857 5745 1-7.
934 5698 953 5725 ²
985 5694 1302 5761 Μσιιιιηκιι,
1339 5698 1420 5752 Η.

616 5784 885 5844 ΡΑτιιοι..
934 5786 1051 5849 (in.
1101 5789 1297 5853 XXII.

1978 4547 2306 4593 stamentum
2350 4537 2569 4608 generis
2604 4538 2662 4593 in
2697 4537 2881 4592 lumen
2924 4537 3191 4608 gentium,
3216 4545 3277 4592 ut
3300 4536 3547 4606 aperires

1976 4630 2167 4683 oculos
2195 4643 2491 4693 caecorum,
2532 4638 2589 4683 et
2623 4627 2887 4685 educeres
2915 4646 2982 4685 ex
3016 4628 3248 4683 vinculis
3282 4628 3544 4698 illigatos.

1975 4726 2030 4772 et
2055 4718 2122 4772 de
2151 4717 2316 4772 domo
2342 4719 2582 4774 carceris
2630 4721 2882 4776 sedentes
2937 4719 2993 4774 in
3046 4718 3325 4774 tenebris?
3363 4736 3384 4770 ι
3417 4714 3545 4771 Haec

1977 4824 2108 4864 vero
2161 4809 2343 4874 nobis,
2392 4811 2551 4880 quasi
2579 4811 2945 4874 circumcisis,
2999 4807 3341 4865 discutienda
3391 4816 3539 4861 sunt.

1974 4897 2261 4954 Manifesta
2300 4915 2402 4956 nos
2438 4899 2789 4972 Evangelium
2815 4914 2848 4953 a
2880 4899 3162 4954 Salvaiure
3189 4904 3379 4952 nostro
3410 4892 3542 4949 Iesu

1936 4996 1949 5009 ‘
1972 4990 2116 5044 hanc
2136 4990 2296 5046 docet
2318 4991 2656 5062 prophetiam
2679 4993 2954 5063 impletam
2978 4991 3169 5054 fuisse,
3198 5004 3323 5044 cum
3357 5005 3377 5038 ι
3405 4985 3544 5041 Pha-

1972 5081 2116 5136 risaei
2143 5092 2409 5138 exeuntes
2452 5084 2745 5139 consilium
2792 5085 3058 5140 adversus
3090 5096 3217 5138 eum
3256 5088 3542 5149 ceperunt.

1974 5182 2035 5227 ut
2077 5188 2202 5227 eum
2234 5175 2629 5237 interﬁcerent.
2660 5174 2817 5241 Quod
2866 5191 2997 5232 vero
3042 5173 3202 5230 Iesus
3231 5173 3429 5235 sciens,
3458 5185 3546 5226 se-

1973 5267 2141 5321 cessit
2185 5267 2310 5323 inde
2335 5287 2349 5322 :
2373 5278 2429 5323 et
2470 5277 2669 5324 secutae
2698 5277 2828 5322 sunt
2858 5283 2984 5323 eum
3032 5267 3208 5322 turba
3246 5261 3449 5324 multae,
3489 5272 3546 5317 et

1974 5356 2189 5413 curavit
2217 5374 2312 5416 eos
2338 5375 2530 5418 omnes
2554 5401 2569 5425 ,
2599 5370 2654 5417 et
2686 5362 2942 5431 pnccepit
2971 5360 3053 5416 eis
3090 5375 3160 5415 ne
3192 5354 3542 5412 manifestum

1976 5453 2154 5522 ipsum
2177 5452 2420 5509 facerent
2445 5456 2488 5507 ’.
2528 5474 2547 5506 ι
2581 5452 2678 5509 llis
2706 5455 2853 5509 enim
2881 5454 3100 5508 additur
3119 5454 3175 5506 in
3203 5452 3494 5522 Evangelio
3522 5467 3538 5503 :

1980 5565 2001 5599 ι
2037 5546 2103 5603 Ut
2134 5548 2452 5620 impleretur
2471 5546 2615 5618 quod
2638 5547 2842 5602 dictum
2870 5557 2952 5602 est
2974 5562 3072 5617 per
3092 5545 3286 5604 lsaiam
3320 5545 3544 5617 prophe-

3134 5791 3212 5851 39
