  <div class='ocr_page' id='page_1' title='image "/cluster/home/n/w/nwhite01/storage/ocr_20150623/22/mdp.39015078384388/631.png"; bbox 0 0 3926 6260; ppageno 0'>
   <div class='ocr_carea' id='block_1_1' title="bbox 439 259 3619 325">
    <p class='ocr_par' dir='ltr' id='par_1_1' title="bbox 439 259 3619 325">
     <span class='ocr_line' id='line_1_1' title="bbox 439 259 3619 325; baseline -0.002 0"><span class='ocrx_word' id='word_1_1' title='bbox 439 271 574 325; x_wconf 71' lang='grc'><strong>1⁷227</strong></span> <span class='ocrx_word' id='word_1_2' title='bbox 1104 264 1367 323; x_wconf 77' lang='lat' dir='ltr'><strong>EUSEBII</strong></span> <span class='ocrx_word' id='word_1_3' title='bbox 1408 261 1883 317; x_wconf 61' lang='lat' dir='ltr'><strong>CAISARIENSIS</strong></span> <span class='ocrx_word' id='word_1_4' title='bbox 1920 260 2069 316; x_wconf 80' lang='grc' dir='ltr'><strong>ΟΡΡ.</strong></span> <span class='ocrx_word' id='word_1_5' title='bbox 2113 259 2293 314; x_wconf 75' lang='lat' dir='ltr'><strong>PARS</strong></span> <span class='ocrx_word' id='word_1_6' title='bbox 2344 260 2432 315; x_wconf 86' lang='lat' dir='ltr'><strong>Ill.</strong></span> <span class='ocrx_word' id='word_1_7' title='bbox 2474 290 2541 302; x_wconf 89' lang='lat'><strong>-—</strong></span> <span class='ocrx_word' id='word_1_8' title='bbox 2583 260 2991 315; x_wconf 74' lang='lat' dir='ltr'><strong>EXEGETICA.</strong></span> <span class='ocrx_word' id='word_1_9' title='bbox 3515 266 3619 320; x_wconf 65' lang='grc'>1228</span> 
     </span>
    </p>
   </div>
   <div class='ocr_carea' id='block_1_2' title="bbox 437 379 1987 459">
    <p class='ocr_par' dir='ltr' id='par_1_2' title="bbox 437 383 1987 456">
     <span class='ocr_line' id='line_1_2' title="bbox 437 383 1987 456; baseline -0.005 -13"><span class='ocrx_word' id='word_1_10' title='bbox 437 400 546 444; x_wconf 74' lang='lat' dir='ltr'><strong>tam</strong></span> <span class='ocrx_word' id='word_1_11' title='bbox 569 389 872 443; x_wconf 90' lang='lat' dir='ltr'><strong>dicentem:</strong></span> <span class='ocrx_word' id='word_1_12' title='bbox 905 386 1040 441; x_wconf 77' lang='lat' dir='ltr'><strong>Ecce</strong></span> <span class='ocrx_word' id='word_1_13' title='bbox 1080 401 1215 455; x_wconf 88' lang='lat' dir='ltr'><strong>puer</strong></span> <span class='ocrx_word' id='word_1_14' title='bbox 1248 402 1401 441; x_wconf 86' lang='lat' dir='ltr'><strong>meus</strong></span> <span class='ocrx_word' id='word_1_15' title='bbox 1435 386 1490 440; x_wconf 89' lang='lat' dir='ltr'><strong>in</strong></span> <span class='ocrx_word' id='word_1_16' title='bbox 1529 401 1639 456; x_wconf 92' lang='lat' dir='ltr'><strong>quo</strong></span> <span class='ocrx_word' id='word_1_17' title='bbox 1667 383 1987 455; x_wconf 56' lang='lat' dir='ltr'><strong>complacui.</strong></span> 
     </span>
    </p>
   </div>
   <div class='ocr_carea' id='block_1_3' title="bbox 2068 379 3618 459">
    <p class='ocr_par' dir='ltr' id='par_1_3' title="bbox 2068 379 3618 459">
     <span class='ocr_line' id='line_1_3' title="bbox 2068 379 3618 459; baseline 0.024 -26"><span class='ocrx_word' id='word_1_18' title='bbox 2068 398 2081 444; x_wconf 57' lang='grc' dir='ltr'><strong>ι</strong></span> <span class='ocrx_word' id='word_1_19' title='bbox 2111 383 2205 437; x_wconf 75' lang='grc' dir='ltr'><strong>καὶ</strong></span> <span class='ocrx_word' id='word_1_20' title='bbox 2236 383 2566 453; x_wconf 79' lang='grc' dir='ltr'>ἐπετίμησεν</span> <span class='ocrx_word' id='word_1_21' title='bbox 2594 384 2795 446; x_wconf 71' lang='grc' dir='ltr'>αὐτοῖς.</span> <span class='ocrx_word' id='word_1_22' title='bbox 2832 383 2917 435; x_wconf 72' lang='grc' dir='ltr'><strong>ἵνα</strong></span> <span class='ocrx_word' id='word_1_23' title='bbox 2957 381 3031 451; x_wconf 64' lang='grc' dir='ltr'><strong>μὴ</strong></span> <span class='ocrx_word' id='word_1_24' title='bbox 3079 379 3300 450; x_wconf 55' lang='grc' dir='ltr'><strong>φανερὸν</strong></span> <span class='ocrx_word' id='word_1_25' title='bbox 3328 381 3468 436; x_wconf 57' lang='grc' dir='ltr'>αὑτὸν</span> <span class='ocrx_word' id='word_1_26' title='bbox 3500 389 3618 459; x_wconf 45' lang='lat' dir='ltr'><strong>md?</strong></span> 
     </span>
    </p>
   </div>
   <div class='ocr_carea' id='block_1_4' title="bbox 437 473 1987 552">
    <p class='ocr_par' dir='ltr' id='par_1_4' title="bbox 437 473 1987 547">
     <span class='ocr_line' id='line_1_4' title="bbox 437 473 1987 547; baseline -0.003 -16"><span class='ocrx_word' id='word_1_27' title='bbox 437 480 668 533; x_wconf 83' lang='lat' dir='ltr'><strong>dilectus</strong></span> <span class='ocrx_word' id='word_1_28' title='bbox 702 492 876 542; x_wconf 90' lang='lat' dir='ltr'><strong>meus,</strong></span> <span class='ocrx_word' id='word_1_29' title='bbox 901 490 1063 545; x_wconf 86' lang='lat' dir='ltr'><strong>quem</strong></span> <span class='ocrx_word' id='word_1_30' title='bbox 1089 476 1252 547; x_wconf 86' lang='lat' dir='ltr'><strong>elegit</strong></span> <span class='ocrx_word' id='word_1_31' title='bbox 1280 476 1460 529; x_wconf 87' lang='lat' dir='ltr'><strong>anima</strong></span> <span class='ocrx_word' id='word_1_32' title='bbox 1489 491 1629 531; x_wconf 88' lang='lat' dir='ltr'><strong>mea.</strong></span> <span class='ocrx_word' id='word_1_33' title='bbox 1664 473 1869 530; x_wconf 88' lang='lat' dir='ltr'><strong>Ponam</strong></span> <span class='ocrx_word' id='word_1_34' title='bbox 1897 476 1987 544; x_wconf 66' lang='lat' dir='ltr'><strong>spi</strong></span> 
     </span>
    </p>
   </div>
   <div class='ocr_carea' id='block_1_5' title="bbox 2069 473 3619 552">
    <p class='ocr_par' dir='ltr' id='par_1_5' title="bbox 2119 475 3619 552">
     <span class='ocr_line' id='line_1_5' title="bbox 2119 475 3619 552; baseline 0.002 -23"><span class='ocrx_word' id='word_1_35' title='bbox 2119 494 2282 529; x_wconf 89' lang='grc' dir='ltr'>σωσιν</span> <span class='ocrx_word' id='word_1_36' title='bbox 2304 494 2316 504; x_wconf 90' lang='grc'><strong>·</strong></span> <span class='ocrx_word' id='word_1_37' title='bbox 2362 496 2380 528; x_wconf 74' lang='grc' dir='ltr'><strong>ι</strong></span> <span class='ocrx_word' id='word_1_38' title='bbox 2416 477 2627 539; x_wconf 76' lang='grc' dir='ltr'><strong>τούτοις</strong></span> <span class='ocrx_word' id='word_1_39' title='bbox 2657 478 2767 548; x_wconf 86' lang='grc' dir='ltr'><strong>γὰρ</strong></span> <span class='ocrx_word' id='word_1_40' title='bbox 2798 476 3117 548; x_wconf 82' lang='grc' dir='ltr'>ἐπιφέρεται</span> <span class='ocrx_word' id='word_1_41' title='bbox 3142 478 3198 528; x_wconf 82' lang='grc' dir='ltr'><strong>ἐν</strong></span> <span class='ocrx_word' id='word_1_42' title='bbox 3227 475 3301 546; x_wconf 81' lang='grc' dir='ltr'><strong>τῷ</strong></span> <span class='ocrx_word' id='word_1_43' title='bbox 3328 477 3619 552; x_wconf 79' lang='grc' dir='ltr'>Εὐαγγελίῳ·</span> 
     </span>
    </p>
   </div>
   <div class='ocr_carea' id='block_1_6' title="bbox 439 566 1989 640">
    <p class='ocr_par' dir='ltr' id='par_1_6' title="bbox 439 568 1989 640">
     <span class='ocr_line' id='line_1_6' title="bbox 439 568 1989 640; baseline -0.001 -16"><span class='ocrx_word' id='word_1_44' title='bbox 439 576 601 626; x_wconf 73' lang='lat' dir='ltr'><strong>ritum</strong></span> <span class='ocrx_word' id='word_1_45' title='bbox 628 585 807 625; x_wconf 92' lang='lat' dir='ltr'><strong>meum</strong></span> <span class='ocrx_word' id='word_1_46' title='bbox 858 582 1023 640; x_wconf 89' lang='lat' dir='ltr'><strong>super</strong></span> <span class='ocrx_word' id='word_1_47' title='bbox 1081 585 1228 635; x_wconf 86' lang='lat' dir='ltr'><strong>eum,</strong></span> <span class='ocrx_word' id='word_1_48' title='bbox 1278 586 1297 621; x_wconf 70' lang='grc' dir='ltr'><strong>ι</strong></span> <span class='ocrx_word' id='word_1_49' title='bbox 1362 577 1416 623; x_wconf 92' lang='lat' dir='ltr'><strong>ct</strong></span> <span class='ocrx_word' id='word_1_50' title='bbox 1476 568 1706 639; x_wconf 91' lang='lat' dir='ltr'><strong>reliqua,</strong></span> <span class='ocrx_word' id='word_1_51' title='bbox 1769 569 1912 624; x_wconf 89' lang='lat' dir='ltr'><strong>sicut</strong></span> <span class='ocrx_word' id='word_1_52' title='bbox 1957 568 1989 622; x_wconf 86' lang='lat' dir='ltr'><strong>it</strong></span> 
     </span>
    </p>
   </div>
   <div class='ocr_carea' id='block_1_7' title="bbox 2068 566 3618 640">
    <p class='ocr_par' dir='ltr' id='par_1_7' title="bbox 2121 566 3618 640">
     <span class='ocr_line' id='line_1_7' title="bbox 2121 566 3618 640; baseline 0.002 -19"><span class='ocrx_word' id='word_1_53' title='bbox 2121 587 2138 621; x_wconf 78' lang='grc' dir='ltr'><strong>ι</strong></span> <span class='ocrx_word' id='word_1_54' title='bbox 2176 570 2290 622; x_wconf 88' lang='grc' dir='ltr'>’Ίνα</span> <span class='ocrx_word' id='word_1_55' title='bbox 2318 568 2575 639; x_wconf 82' lang='grc' dir='ltr'><strong>πληρωθῇ</strong></span> <span class='ocrx_word' id='word_1_56' title='bbox 2609 568 2671 621; x_wconf 84' lang='grc' dir='ltr'><strong>τὸ</strong></span> <span class='ocrx_word' id='word_1_57' title='bbox 2705 567 2866 639; x_wconf 80' lang='grc' dir='ltr'>ρηθέν</span> <span class='ocrx_word' id='word_1_58' title='bbox 2898 567 2985 620; x_wconf 72' lang='grc' dir='ltr'>διὰ</span> <span class='ocrx_word' id='word_1_59' title='bbox 3024 568 3243 619; x_wconf 80' lang='grc' dir='ltr'>Ἡσαΐου</span> <span class='ocrx_word' id='word_1_60' title='bbox 3272 566 3356 620; x_wconf 80' lang='grc' dir='ltr'>τοῦ</span> <span class='ocrx_word' id='word_1_61' title='bbox 3377 572 3618 640; x_wconf 78' lang='grc' dir='ltr'>προφήτου.</span> 
     </span>
    </p>
   </div>
   <div class='ocr_carea' id='block_1_8' title="bbox 436 651 1986 734">
    <p class='ocr_par' dir='ltr' id='par_1_8' title="bbox 436 651 1986 732">
     <span class='ocr_line' id='line_1_8' title="bbox 436 651 1986 732; baseline -0.002 -16"><span class='ocrx_word' id='word_1_62' title='bbox 436 651 718 732; x_wconf 80' lang='lat' dir='ltr'><strong>prophetia</strong></span> <span class='ocrx_word' id='word_1_63' title='bbox 780 659 1108 715; x_wconf 86' lang='lat' dir='ltr'><strong>referuntur.</strong></span> <span class='ocrx_word' id='word_1_64' title='bbox 1155 658 1273 729; x_wconf 88' lang='lat' dir='ltr'><strong>Ipse</strong></span> <span class='ocrx_word' id='word_1_65' title='bbox 1338 659 1501 730; x_wconf 86' lang='lat' dir='ltr'><strong>igitur</strong></span> <span class='ocrx_word' id='word_1_66' title='bbox 1566 668 1733 724; x_wconf 88' lang='lat' dir='ltr'><strong>esset,</strong></span> <span class='ocrx_word' id='word_1_67' title='bbox 1789 660 1882 730; x_wconf 88' lang='lat' dir='ltr'><strong>qui</strong></span> <span class='ocrx_word' id='word_1_68' title='bbox 1923 660 1986 713; x_wconf 42' lang='lat' dir='ltr'><strong>hii</strong></span> 
     </span>
    </p>
   </div>
   <div class='ocr_carea' id='block_1_9' title="bbox 2072 651 3622 734">
    <p class='ocr_par' dir='ltr' id='par_1_9' title="bbox 2112 658 3622 734">
     <span class='ocr_line' id='line_1_9' title="bbox 2112 658 3622 734; baseline 0.001 -20"><span class='ocrx_word' id='word_1_69' title='bbox 2112 660 2361 730; x_wconf 84' lang='grc' dir='ltr'>λέγοντος</span> <span class='ocrx_word' id='word_1_70' title='bbox 2381 677 2395 691; x_wconf 87' lang='grc'><strong>·</strong></span> <span class='ocrx_word' id='word_1_71' title='bbox 2441 659 2569 714; x_wconf 77' lang='grc' dir='ltr'>Ἰδοὺ</span> <span class='ocrx_word' id='word_1_72' title='bbox 2594 662 2623 714; x_wconf 93' lang='lat'><strong>6</strong></span> <span class='ocrx_word' id='word_1_73' title='bbox 2656 662 2783 724; x_wconf 86' lang='grc' dir='ltr'>παῖς</span> <span class='ocrx_word' id='word_1_74' title='bbox 2818 677 2944 730; x_wconf 89' lang='grc' dir='ltr'>μου,</span> <span class='ocrx_word' id='word_1_75' title='bbox 2974 658 3033 712; x_wconf 79' lang='grc' dir='ltr'>ὃν</span> <span class='ocrx_word' id='word_1_76' title='bbox 3062 658 3283 729; x_wconf 75' lang='grc' dir='ltr'><strong>ᾑρέτισα</strong></span> <span class='ocrx_word' id='word_1_77' title='bbox 3301 676 3312 689; x_wconf 70' lang='grc'><strong><em>⁸</em></strong></span> <span class='ocrx_word' id='word_1_78' title='bbox 3342 661 3368 713; x_wconf 92' lang='lat'><strong>6</strong></span> <span class='ocrx_word' id='word_1_79' title='bbox 3395 660 3622 734; x_wconf 79' lang='grc' dir='ltr'>ἀγαπητός</span> 
     </span>
    </p>
   </div>
   <div class='ocr_carea' id='block_1_10' title="bbox 432 749 1982 823">
    <p class='ocr_par' dir='ltr' id='par_1_10' title="bbox 432 750 1978 821">
     <span class='ocr_line' id='line_1_10' title="bbox 432 750 1978 821; baseline -0.003 -13"><span class='ocrx_word' id='word_1_80' title='bbox 432 752 604 808; x_wconf 74' lang='lat' dir='ltr'><strong>Jucob</strong></span> <span class='ocrx_word' id='word_1_81' title='bbox 639 758 885 821; x_wconf 75' lang='lat' dir='ltr'><strong>vocatur,</strong></span> <span class='ocrx_word' id='word_1_82' title='bbox 933 752 1105 807; x_wconf 88' lang='lat' dir='ltr'><strong>Filius</strong></span> <span class='ocrx_word' id='word_1_83' title='bbox 1166 750 1261 807; x_wconf 85' lang='lat' dir='ltr'><strong>Dei</strong></span> <span class='ocrx_word' id='word_1_84' title='bbox 1312 751 1645 821; x_wconf 84' lang='lat' dir='ltr'><strong>unigenitus;</strong></span> <span class='ocrx_word' id='word_1_85' title='bbox 1693 750 1837 807; x_wconf 83' lang='lat' dir='ltr'><strong>sicut</strong></span> <span class='ocrx_word' id='word_1_86' title='bbox 1878 752 1978 805; x_wconf 84' lang='lat' dir='ltr'><strong>alia</strong></span> 
     </span>
    </p>
   </div>
   <div class='ocr_carea' id='block_1_11' title="bbox 2069 749 3619 823">
    <p class='ocr_par' dir='ltr' id='par_1_11' title="bbox 2116 749 3619 823">
     <span class='ocr_line' id='line_1_11' title="bbox 2116 749 3619 823; baseline 0.001 -17"><span class='ocrx_word' id='word_1_87' title='bbox 2116 770 2238 823; x_wconf 88' lang='grc' dir='ltr'>μου,</span> <span class='ocrx_word' id='word_1_88' title='bbox 2268 752 2326 805; x_wconf 81' lang='grc' dir='ltr'>ὃν</span> <span class='ocrx_word' id='word_1_89' title='bbox 2350 752 2638 822; x_wconf 80' lang='grc' dir='ltr'><strong>εὐδόκησεν</strong></span> <span class='ocrx_word' id='word_1_90' title='bbox 2667 753 2700 822; x_wconf 81' lang='grc' dir='ltr'><strong>ἡ</strong></span> <span class='ocrx_word' id='word_1_91' title='bbox 2728 753 2871 823; x_wconf 77' lang='grc' dir='ltr'>ψυχή</span> <span class='ocrx_word' id='word_1_92' title='bbox 2905 766 3036 822; x_wconf 81' lang='grc' dir='ltr'>μου’</span> <span class='ocrx_word' id='word_1_93' title='bbox 3069 750 3217 820; x_wconf 84' lang='grc' dir='ltr'>θήσω</span> <span class='ocrx_word' id='word_1_94' title='bbox 3246 749 3305 804; x_wconf 88' lang='grc' dir='ltr'><strong>τὸ</strong></span> <span class='ocrx_word' id='word_1_95' title='bbox 3331 751 3524 823; x_wconf 84' lang='grc' dir='ltr'><strong>Πνεῦμά</strong></span> <span class='ocrx_word' id='word_1_96' title='bbox 3545 772 3619 823; x_wconf 74' lang='grc' dir='ltr'><strong>μου</strong></span> 
     </span>
    </p>
   </div>
   <div class='ocr_carea' id='block_1_12' title="bbox 436 841 1986 916">
    <p class='ocr_par' dir='ltr' id='par_1_12' title="bbox 436 843 1986 914">
     <span class='ocr_line' id='line_1_12' title="bbox 436 843 1986 914; baseline 0.001 -17"><span class='ocrx_word' id='word_1_97' title='bbox 436 844 639 897; x_wconf 89' lang='lat' dir='ltr'><strong>dictum</strong></span> <span class='ocrx_word' id='word_1_98' title='bbox 681 850 766 897; x_wconf 89' lang='lat' dir='ltr'><strong>est</strong></span> <span class='ocrx_word' id='word_1_99' title='bbox 820 863 833 899; x_wconf 89' lang='lat'><strong>:</strong></span> <span class='ocrx_word' id='word_1_100' title='bbox 894 863 912 896; x_wconf 81' lang='grc' dir='ltr'><strong>ι</strong></span> <span class='ocrx_word' id='word_1_101' title='bbox 945 843 1195 914; x_wconf 75' lang='lat' dir='ltr'><strong>Magnum</strong></span> <span class='ocrx_word' id='word_1_102' title='bbox 1238 844 1337 899; x_wconf 89' lang='lat' dir='ltr'><strong>tibi</strong></span> <span class='ocrx_word' id='word_1_103' title='bbox 1395 854 1480 899; x_wconf 89' lang='lat' dir='ltr'><strong>est</strong></span> <span class='ocrx_word' id='word_1_104' title='bbox 1521 845 1706 899; x_wconf 84' lang='lat' dir='ltr'><strong>vocari</strong></span> <span class='ocrx_word' id='word_1_105' title='bbox 1737 852 1790 900; x_wconf 89' lang='lat' dir='ltr'><strong>te</strong></span> <span class='ocrx_word' id='word_1_106' title='bbox 1836 845 1986 898; x_wconf 85' lang='lat' dir='ltr'><strong>ﬁliun</strong></span> 
     </span>
    </p>
   </div>
   <div class='ocr_carea' id='block_1_13' title="bbox 2073 841 3623 916">
    <p class='ocr_par' dir='ltr' id='par_1_13' title="bbox 2113 841 3623 916">
     <span class='ocr_line' id='line_1_13' title="bbox 2113 841 3623 916; baseline -0.001 -18"><span class='ocrx_word' id='word_1_107' title='bbox 2113 846 2199 898; x_wconf 83' lang='grc' dir='ltr'>ἐπ’</span> <span class='ocrx_word' id='word_1_108' title='bbox 2226 845 2409 908; x_wconf 84' lang='grc' dir='ltr'>αὑτὸν,</span> <span class='ocrx_word' id='word_1_109' title='bbox 2446 863 2464 895; x_wconf 74' lang='grc' dir='ltr'><strong>ι</strong></span> <span class='ocrx_word' id='word_1_110' title='bbox 2499 845 2591 899; x_wconf 72' lang='grc' dir='ltr'>καὶ</span> <span class='ocrx_word' id='word_1_111' title='bbox 2633 842 2704 896; x_wconf 84' lang='grc' dir='ltr'>τὰ</span> <span class='ocrx_word' id='word_1_112' title='bbox 2746 843 2893 913; x_wconf 77' lang='grc' dir='ltr'>ἑξῆς,</span> <span class='ocrx_word' id='word_1_113' title='bbox 2927 844 3027 896; x_wconf 85' lang='grc' dir='ltr'>ὅσα</span> <span class='ocrx_word' id='word_1_114' title='bbox 3061 841 3126 909; x_wconf 84' lang='grc' dir='ltr'>δὴ</span> <span class='ocrx_word' id='word_1_115' title='bbox 3172 843 3230 894; x_wconf 84' lang='grc' dir='ltr'><strong>ἐν</strong></span> <span class='ocrx_word' id='word_1_116' title='bbox 3272 843 3337 912; x_wconf 77' lang='grc' dir='ltr'>τῇ</span> <span class='ocrx_word' id='word_1_117' title='bbox 3377 846 3623 916; x_wconf 70' lang='grc' dir='ltr'><strong>προφητείᾳ</strong></span> 
     </span>
    </p>
   </div>
   <div class='ocr_carea' id='block_1_14' title="bbox 435 927 1985 1001">
    <p class='ocr_par' dir='ltr' id='par_1_14' title="bbox 435 934 1982 999">
     <span class='ocr_line' id='line_1_14' title="bbox 435 934 1982 999; baseline 0.001 -10"><span class='ocrx_word' id='word_1_118' title='bbox 435 950 636 999; x_wconf 89' lang='lat' dir='ltr'><strong>meum,</strong></span> <span class='ocrx_word' id='word_1_119' title='bbox 671 935 940 992; x_wconf 82' lang='lat' dir='ltr'><strong>suscitare</strong></span> <span class='ocrx_word' id='word_1_120' title='bbox 964 937 1141 992; x_wconf 90' lang='lat' dir='ltr'><strong>tribus</strong></span> <span class='ocrx_word' id='word_1_121' title='bbox 1169 934 1358 999; x_wconf 76' lang='lat' dir='ltr'><strong>Iacob,</strong></span> <span class='ocrx_word' id='word_1_122' title='bbox 1392 942 1446 991; x_wconf 90' lang='lat' dir='ltr'><strong>et</strong></span> <span class='ocrx_word' id='word_1_123' title='bbox 1480 936 1638 991; x_wconf 80' lang='lat' dir='ltr'><strong>faeces</strong></span> <span class='ocrx_word' id='word_1_124' title='bbox 1669 934 1834 993; x_wconf 87' lang='lat' dir='ltr'><strong>Israel</strong></span> <span class='ocrx_word' id='word_1_125' title='bbox 1879 952 1982 991; x_wconf 92' lang='lat' dir='ltr'><strong>con</strong></span> 
     </span>
    </p>
   </div>
   <div class='ocr_carea' id='block_1_15' title="bbox 2071 927 3621 1001">
    <p class='ocr_par' dir='ltr' id='par_1_15' title="bbox 2111 927 3621 1001">
     <span class='ocr_line' id='line_1_15' title="bbox 2111 927 3621 1001; baseline -0.001 -13"><span class='ocrx_word' id='word_1_126' title='bbox 2111 935 2474 989; x_wconf 86' lang='grc' dir='ltr'>κατείλεκται.</span> <span class='ocrx_word' id='word_1_127' title='bbox 2505 934 2675 997; x_wconf 82' lang='grc' dir='ltr'>Αὐτὸς</span> <span class='ocrx_word' id='word_1_128' title='bbox 2720 934 2763 987; x_wconf 79' lang='grc' dir='ltr'>δ’</span> <span class='ocrx_word' id='word_1_129' title='bbox 2811 933 2878 987; x_wconf 82' lang='grc' dir='ltr'><strong>ἂν</strong></span> <span class='ocrx_word' id='word_1_130' title='bbox 2927 927 3019 985; x_wconf 80' lang='grc' dir='ltr'><strong>οὖν</strong></span> <span class='ocrx_word' id='word_1_131' title='bbox 3059 931 3146 1001; x_wconf 76' lang='grc' dir='ltr'><strong>εἴη</strong></span> <span class='ocrx_word' id='word_1_132' title='bbox 3189 930 3255 984; x_wconf 81' lang='grc' dir='ltr'>ἂν</span> <span class='ocrx_word' id='word_1_133' title='bbox 3301 932 3327 982; x_wconf 91' lang='lat'><strong>6</strong></span> <span class='ocrx_word' id='word_1_134' title='bbox 3358 933 3442 985; x_wconf 72' lang='grc' dir='ltr'><strong>καὶ</strong></span> <span class='ocrx_word' id='word_1_135' title='bbox 3473 933 3621 987; x_wconf 85' lang='grc' dir='ltr'>Ἰακὼϐ</span> 
     </span>
    </p>
   </div>
   <div class='ocr_carea' id='block_1_16' title="bbox 434 1014 1984 1100">
    <p class='ocr_par' dir='ltr' id='par_1_16' title="bbox 434 1025 1984 1099">
     <span class='ocr_line' id='line_1_16' title="bbox 434 1025 1984 1099; baseline 0 -20"><span class='ocrx_word' id='word_1_136' title='bbox 434 1034 648 1082; x_wconf 83' lang='lat' dir='ltr'><strong>vertere</strong></span> <span class='ocrx_word' id='word_1_137' title='bbox 692 1028 731 1082; x_wconf 78' lang='grc' dir='ltr'>ί.</span> <span class='ocrx_word' id='word_1_138' title='bbox 782 1047 800 1079; x_wconf 76' lang='grc' dir='ltr'><strong>ι</strong></span> <span class='ocrx_word' id='word_1_139' title='bbox 840 1025 940 1082; x_wconf 89' lang='lat' dir='ltr'><strong>Hic</strong></span> <span class='ocrx_word' id='word_1_140' title='bbox 970 1028 1136 1099; x_wconf 79' lang='lat' dir='ltr'><strong>igitur</strong></span> <span class='ocrx_word' id='word_1_141' title='bbox 1163 1042 1193 1082; x_wconf 90' lang='lat' dir='ltr'><strong>a</strong></span> <span class='ocrx_word' id='word_1_142' title='bbox 1225 1026 1387 1083; x_wconf 77' lang='lat' dir='ltr'><strong>Patre</strong></span> <span class='ocrx_word' id='word_1_143' title='bbox 1428 1043 1552 1081; x_wconf 86' lang='lat' dir='ltr'><strong>cum</strong></span> <span class='ocrx_word' id='word_1_144' title='bbox 1585 1028 1725 1083; x_wconf 87' lang='lat' dir='ltr'><strong>inter</strong></span> <span class='ocrx_word' id='word_1_145' title='bbox 1755 1028 1860 1082; x_wconf 86' lang='lat' dir='ltr'><strong>alia</strong></span> <span class='ocrx_word' id='word_1_146' title='bbox 1886 1028 1984 1083; x_wconf 61' lang='lat' dir='ltr'><strong>haec</strong></span> 
     </span>
    </p>
   </div>
   <div class='ocr_carea' id='block_1_17' title="bbox 2072 1014 3622 1100">
    <p class='ocr_par' dir='ltr' id='par_1_17' title="bbox 2109 1014 3622 1100">
     <span class='ocr_line' id='line_1_17' title="bbox 2109 1014 3622 1100; baseline 0 -20"><span class='ocrx_word' id='word_1_147' title='bbox 2109 1028 2469 1100; x_wconf 82' lang='grc' dir='ltr'><strong>χρηματίσας,</strong></span> <span class='ocrx_word' id='word_1_148' title='bbox 2507 1028 2642 1091; x_wconf 79' lang='grc' dir='ltr'>Παίς</span> <span class='ocrx_word' id='word_1_149' title='bbox 2672 1026 2747 1079; x_wconf 84' lang='grc' dir='ltr'><strong>ὢν</strong></span> <span class='ocrx_word' id='word_1_150' title='bbox 2792 1014 3082 1096; x_wconf 77' lang='grc' dir='ltr'>μονογενὴς</span> <span class='ocrx_word' id='word_1_151' title='bbox 3116 1023 3205 1077; x_wconf 77' lang='grc' dir='ltr'>τοῦ</span> <span class='ocrx_word' id='word_1_152' title='bbox 3249 1023 3403 1076; x_wconf 81' lang='grc' dir='ltr'>Θεοῦ·</span> <span class='ocrx_word' id='word_1_153' title='bbox 3445 1025 3508 1088; x_wconf 85' lang='grc' dir='ltr'><strong>ὡς</strong></span> <span class='ocrx_word' id='word_1_154' title='bbox 3534 1028 3622 1080; x_wconf 81' lang='grc' dir='ltr'>ἐτέ-</span> 
     </span>
    </p>
   </div>
   <div class='ocr_carea' id='block_1_18' title="bbox 436 1114 1986 1191">
    <p class='ocr_par' dir='ltr' id='par_1_18' title="bbox 436 1116 1979 1190">
     <span class='ocr_line' id='line_1_18' title="bbox 436 1116 1979 1190; baseline 0.002 -19"><span class='ocrx_word' id='word_1_155' title='bbox 436 1116 701 1173; x_wconf 83' lang='lat' dir='ltr'><strong>audiisset</strong></span> <span class='ocrx_word' id='word_1_156' title='bbox 729 1137 742 1173; x_wconf 89' lang='lat'><strong>:</strong></span> <span class='ocrx_word' id='word_1_157' title='bbox 781 1138 800 1171; x_wconf 78' lang='grc' dir='ltr'><strong>ι</strong></span> <span class='ocrx_word' id='word_1_158' title='bbox 838 1117 969 1176; x_wconf 87' lang='lat' dir='ltr'><strong>Dedi</strong></span> <span class='ocrx_word' id='word_1_159' title='bbox 1002 1129 1055 1175; x_wconf 89' lang='lat' dir='ltr'><strong>te</strong></span> <span class='ocrx_word' id='word_1_160' title='bbox 1085 1120 1139 1174; x_wconf 91' lang='lat' dir='ltr'><strong>in</strong></span> <span class='ocrx_word' id='word_1_161' title='bbox 1168 1127 1550 1176; x_wconf 86' lang='lat' dir='ltr'><strong>testamentum</strong></span> <span class='ocrx_word' id='word_1_162' title='bbox 1581 1120 1816 1190; x_wconf 78' lang='lat' dir='ltr'><strong>generis,</strong></span> <span class='ocrx_word' id='word_1_163' title='bbox 1844 1120 1900 1174; x_wconf 93' lang='lat' dir='ltr'><strong>in</strong></span> <span class='ocrx_word' id='word_1_164' title='bbox 1922 1121 1979 1175; x_wconf 91' lang='lat' dir='ltr'><strong>lu</strong></span> 
     </span>
    </p>
   </div>
   <div class='ocr_carea' id='block_1_19' title="bbox 2074 1114 3624 1191">
    <p class='ocr_par' dir='ltr' id='par_1_19' title="bbox 2112 1114 3624 1191">
     <span class='ocr_line' id='line_1_19' title="bbox 2112 1114 3624 1191; baseline -0.001 -19"><span class='ocrx_word' id='word_1_165' title='bbox 2112 1119 2242 1189; x_wconf 87' lang='grc' dir='ltr'>ρωθι</span> <span class='ocrx_word' id='word_1_166' title='bbox 2275 1119 2522 1173; x_wconf 87' lang='grc' dir='ltr'>λέλεκται</span> <span class='ocrx_word' id='word_1_167' title='bbox 2554 1136 2569 1149; x_wconf 90' lang='grc'><strong>·</strong></span> <span class='ocrx_word' id='word_1_168' title='bbox 2609 1137 2628 1170; x_wconf 80' lang='grc' dir='ltr'><strong>ι</strong></span> <span class='ocrx_word' id='word_1_169' title='bbox 2680 1118 2837 1187; x_wconf 84' lang='grc' dir='ltr'>Μέγα</span> <span class='ocrx_word' id='word_1_170' title='bbox 2891 1116 2973 1171; x_wconf 91' lang='grc' dir='ltr'><strong>σοί</strong></span> <span class='ocrx_word' id='word_1_171' title='bbox 3022 1117 3139 1169; x_wconf 86' lang='grc' dir='ltr'>ἐστι</span> <span class='ocrx_word' id='word_1_172' title='bbox 3190 1114 3283 1168; x_wconf 82' lang='grc' dir='ltr'><strong>τοῦ</strong></span> <span class='ocrx_word' id='word_1_173' title='bbox 3326 1115 3554 1191; x_wconf 83' lang='grc' dir='ltr'>κληθῆναί</span> <span class='ocrx_word' id='word_1_174' title='bbox 3580 1136 3624 1171; x_wconf 80' lang='grc' dir='ltr'><strong>σε</strong></span> 
     </span>
    </p>
   </div>
   <div class='ocr_carea' id='block_1_20' title="bbox 437 1204 1987 1282">
    <p class='ocr_par' dir='ltr' id='par_1_20' title="bbox 437 1204 1987 1278">
     <span class='ocr_line' id='line_1_20' title="bbox 437 1204 1987 1278; baseline 0.005 -23"><span class='ocrx_word' id='word_1_175' title='bbox 437 1218 557 1258; x_wconf 88' lang='lat' dir='ltr'><strong>men</strong></span> <span class='ocrx_word' id='word_1_176' title='bbox 582 1204 846 1274; x_wconf 85' lang='lat' dir='ltr'><strong>gentium,</strong></span> <span class='ocrx_word' id='word_1_177' title='bbox 870 1206 1138 1276; x_wconf 87' lang='lat' dir='ltr'><strong>judicium</strong></span> <span class='ocrx_word' id='word_1_178' title='bbox 1168 1207 1350 1261; x_wconf 90' lang='lat' dir='ltr'><strong>attulit</strong></span> <span class='ocrx_word' id='word_1_179' title='bbox 1372 1207 1644 1277; x_wconf 80' lang='lat' dir='ltr'><strong>gentibus,</strong></span> <span class='ocrx_word' id='word_1_180' title='bbox 1681 1228 1699 1260; x_wconf 77' lang='grc' dir='ltr'><strong>ι</strong></span> <span class='ocrx_word' id='word_1_181' title='bbox 1732 1210 1805 1262; x_wconf 91' lang='lat' dir='ltr'><strong>ita</strong></span> <span class='ocrx_word' id='word_1_182' title='bbox 1833 1218 1892 1263; x_wconf 95' lang='lat' dir='ltr'><strong>ut</strong></span> <span class='ocrx_word' id='word_1_183' title='bbox 1915 1209 1987 1278; x_wconf 25' lang='lat' dir='ltr'><strong>ju‘</strong></span> 
     </span>
    </p>
   </div>
   <div class='ocr_carea' id='block_1_21' title="bbox 2075 1204 3625 1282">
    <p class='ocr_par' dir='ltr' id='par_1_21' title="bbox 2107 1207 3625 1282">
     <span class='ocr_line' id='line_1_21' title="bbox 2107 1207 3625 1282; baseline -0.001 -17"><span class='ocrx_word' id='word_1_184' title='bbox 2107 1212 2273 1265; x_wconf 75' lang='grc' dir='ltr'>παῖδά</span> <span class='ocrx_word' id='word_1_185' title='bbox 2319 1229 2439 1282; x_wconf 89' lang='grc' dir='ltr'>μου,</span> <span class='ocrx_word' id='word_1_186' title='bbox 2487 1210 2581 1265; x_wconf 83' lang='grc' dir='ltr'><strong>τοῦ</strong></span> <span class='ocrx_word' id='word_1_187' title='bbox 2628 1211 2824 1281; x_wconf 77' lang='grc' dir='ltr'>στῆσαι</span> <span class='ocrx_word' id='word_1_188' title='bbox 2869 1209 2967 1273; x_wconf 81' lang='grc' dir='ltr'>τὰς</span> <span class='ocrx_word' id='word_1_189' title='bbox 3009 1208 3181 1279; x_wconf 77' lang='grc' dir='ltr'>φυλὰς</span> <span class='ocrx_word' id='word_1_190' title='bbox 3215 1207 3416 1273; x_wconf 84' lang='grc' dir='ltr'>Ἰακὼϐ,</span> <span class='ocrx_word' id='word_1_191' title='bbox 3444 1211 3524 1263; x_wconf 70' lang='grc' dir='ltr'><strong>καὶ</strong></span> <span class='ocrx_word' id='word_1_192' title='bbox 3550 1210 3625 1274; x_wconf 76' lang='grc' dir='ltr'>τὰς</span> 
     </span>
    </p>
   </div>
   <div class='ocr_carea' id='block_1_22' title="bbox 434 1294 1984 1375">
    <p class='ocr_par' dir='ltr' id='par_1_22' title="bbox 434 1295 1984 1371">
     <span class='ocr_line' id='line_1_22' title="bbox 434 1295 1984 1371; baseline 0.005 -24"><span class='ocrx_word' id='word_1_193' title='bbox 434 1295 613 1350; x_wconf 86' lang='lat' dir='ltr'><strong>dicata</strong></span> <span class='ocrx_word' id='word_1_194' title='bbox 655 1297 869 1352; x_wconf 82' lang='lat' dir='ltr'><strong>ratione</strong></span> <span class='ocrx_word' id='word_1_195' title='bbox 895 1298 1052 1368; x_wconf 80' lang='lat' dir='ltr'><strong>juxta</strong></span> <span class='ocrx_word' id='word_1_196' title='bbox 1090 1312 1337 1355; x_wconf 85' lang='lat' dir='ltr'><strong>sanctum</strong></span> <span class='ocrx_word' id='word_1_197' title='bbox 1375 1299 1723 1370; x_wconf 74' lang='lat' dir='ltr'><strong>Evangelium</strong></span> <span class='ocrx_word' id='word_1_198' title='bbox 1756 1302 1887 1371; x_wconf 72' lang='lat' dir='ltr'><strong>ipsa:</strong></span> <span class='ocrx_word' id='word_1_199' title='bbox 1919 1301 1984 1355; x_wconf 88' lang='lat' dir='ltr'><strong>di-</strong></span> 
     </span>
    </p>
   </div>
   <div class='ocr_carea' id='block_1_23' title="bbox 2075 1294 3625 1375">
    <p class='ocr_par' dir='ltr' id='par_1_23' title="bbox 2104 1294 3625 1375">
     <span class='ocr_line' id='line_1_23' title="bbox 2104 1294 3625 1375; baseline -0.008 -19"><span class='ocrx_word' id='word_1_200' title='bbox 2104 1302 2403 1375; x_wconf 76' lang='grc' dir='ltr'>διασπορὰς</span> <span class='ocrx_word' id='word_1_201' title='bbox 2430 1302 2524 1357; x_wconf 77' lang='grc' dir='ltr'>τοῦ</span> <span class='ocrx_word' id='word_1_202' title='bbox 2568 1302 2781 1374; x_wconf 81' lang='grc' dir='ltr'>Ἰσραὴλ</span> <span class='ocrx_word' id='word_1_203' title='bbox 2815 1301 3161 1371; x_wconf 56' lang='grc' dir='ltr'>ἐπιστρὲφαι.</span> <span class='ocrx_word' id='word_1_204' title='bbox 3201 1317 3220 1350; x_wconf 77' lang='grc' dir='ltr'><strong>ι</strong></span> <span class='ocrx_word' id='word_1_205' title='bbox 3268 1294 3425 1363; x_wconf 69' lang='grc' dir='ltr'>Οὗτος</span> <span class='ocrx_word' id='word_1_206' title='bbox 3464 1300 3519 1371; x_wconf 79' lang='grc' dir='ltr'>δὴ</span> <span class='ocrx_word' id='word_1_207' title='bbox 3549 1303 3625 1354; x_wconf 76' lang='grc' dir='ltr'>τοί.</span> 
     </span>
    </p>
   </div>
   <div class='ocr_carea' id='block_1_24' title="bbox 436 1386 1986 1467">
    <p class='ocr_par' dir='ltr' id='par_1_24' title="bbox 436 1386 1986 1463">
     <span class='ocr_line' id='line_1_24' title="bbox 436 1386 1986 1463; baseline 0.007 -26"><span class='ocrx_word' id='word_1_208' title='bbox 436 1386 740 1456; x_wconf 89' lang='lat' dir='ltr'><strong>rigerentur</strong></span> <span class='ocrx_word' id='word_1_209' title='bbox 776 1406 789 1442; x_wconf 90' lang='lat'><strong>:</strong></span> <span class='ocrx_word' id='word_1_210' title='bbox 824 1389 991 1460; x_wconf 88' lang='lat' dir='ltr'><strong>liquet</strong></span> <span class='ocrx_word' id='word_1_211' title='bbox 1019 1391 1073 1443; x_wconf 92' lang='lat' dir='ltr'><strong>iu</strong></span> <span class='ocrx_word' id='word_1_212' title='bbox 1095 1391 1314 1447; x_wconf 89' lang='lat' dir='ltr'><strong>nomine</strong></span> <span class='ocrx_word' id='word_1_213' title='bbox 1336 1392 1455 1461; x_wconf 88' lang='lat' dir='ltr'><strong>ejus</strong></span> <span class='ocrx_word' id='word_1_214' title='bbox 1478 1393 1783 1463; x_wconf 87' lang='lat' dir='ltr'><strong>speravisse</strong></span> <span class='ocrx_word' id='word_1_215' title='bbox 1819 1401 1986 1462; x_wconf 77' lang='lat' dir='ltr'><strong>gente:</strong></span> 
     </span>
    </p>
   </div>
   <div class='ocr_carea' id='block_1_25' title="bbox 2075 1386 3625 1467">
    <p class='ocr_par' dir='ltr' id='par_1_25' title="bbox 2104 1392 3625 1467">
     <span class='ocr_line' id='line_1_25' title="bbox 2104 1392 3625 1467; baseline -0.001 -19"><span class='ocrx_word' id='word_1_216' title='bbox 2104 1412 2197 1449; x_wconf 85' lang='grc' dir='ltr'><strong>νυν</strong></span> <span class='ocrx_word' id='word_1_217' title='bbox 2244 1395 2396 1467; x_wconf 82' lang='grc' dir='ltr'>παρὰ</span> <span class='ocrx_word' id='word_1_218' title='bbox 2440 1393 2534 1448; x_wconf 74' lang='grc' dir='ltr'>τοῦ</span> <span class='ocrx_word' id='word_1_219' title='bbox 2587 1394 2800 1466; x_wconf 86' lang='grc' dir='ltr'>Πατρὸς</span> <span class='ocrx_word' id='word_1_220' title='bbox 2860 1394 3099 1457; x_wconf 85' lang='grc' dir='ltr'>ἀκούσας</span> <span class='ocrx_word' id='word_1_221' title='bbox 3152 1392 3291 1464; x_wconf 80' lang='grc' dir='ltr'>μετὰ</span> <span class='ocrx_word' id='word_1_222' title='bbox 3343 1392 3441 1446; x_wconf 86' lang='grc' dir='ltr'><strong>τῶν</strong></span> <span class='ocrx_word' id='word_1_223' title='bbox 3490 1394 3625 1448; x_wconf 72' lang='grc' dir='ltr'>ἄλλων</span> 
     </span>
    </p>
   </div>
   <div class='ocr_carea' id='block_1_26' title="bbox 435 1478 1985 1557">
    <p class='ocr_par' dir='ltr' id='par_1_26' title="bbox 435 1478 1985 1554">
     <span class='ocr_line' id='line_1_26' title="bbox 435 1478 1985 1554; baseline 0.006 -24"><span class='ocrx_word' id='word_1_224' title='bbox 435 1493 557 1547; x_wconf 78' lang='lat' dir='ltr'><strong>qua:</strong></span> <span class='ocrx_word' id='word_1_225' title='bbox 588 1478 643 1533; x_wconf 90' lang='lat' dir='ltr'><strong>in</strong></span> <span class='ocrx_word' id='word_1_226' title='bbox 670 1495 793 1534; x_wconf 90' lang='lat' dir='ltr'><strong>eum</strong></span> <span class='ocrx_word' id='word_1_227' title='bbox 818 1481 1190 1548; x_wconf 81' lang='lat' dir='ltr'><strong>crediderunt,</strong></span> <span class='ocrx_word' id='word_1_228' title='bbox 1218 1483 1505 1554; x_wconf 89' lang='lat' dir='ltr'><strong>ipsumque</strong></span> <span class='ocrx_word' id='word_1_229' title='bbox 1528 1484 1595 1539; x_wconf 91' lang='lat' dir='ltr'><strong>ad</strong></span> <span class='ocrx_word' id='word_1_230' title='bbox 1618 1500 1713 1540; x_wconf 91' lang='lat' dir='ltr'><strong>eas</strong></span> <span class='ocrx_word' id='word_1_231' title='bbox 1739 1485 1793 1538; x_wconf 93' lang='lat' dir='ltr'><strong>in</strong></span> <span class='ocrx_word' id='word_1_232' title='bbox 1822 1485 1985 1540; x_wconf 79' lang='lat' dir='ltr'><strong>lumet</strong></span> 
     </span>
    </p>
   </div>
   <div class='ocr_carea' id='block_1_27' title="bbox 2074 1478 3624 1557">
    <p class='ocr_par' dir='ltr' id='par_1_27' title="bbox 2104 1483 3624 1557">
     <span class='ocr_line' id='line_1_27' title="bbox 2104 1483 3624 1557; baseline -0.003 -15"><span class='ocrx_word' id='word_1_233' title='bbox 2104 1487 2167 1557; x_wconf 81' lang='lat' dir='ltr'><strong>(f.</strong></span> <span class='ocrx_word' id='word_1_234' title='bbox 2213 1487 2279 1541; x_wconf 71' lang='lat'><strong>52</strong></span> <span class='ocrx_word' id='word_1_235' title='bbox 2313 1486 2389 1557; x_wconf 87' lang='lat' dir='ltr'><strong>v°)</strong></span> <span class='ocrx_word' id='word_1_236' title='bbox 2423 1487 2517 1540; x_wconf 81' lang='grc' dir='ltr'>καὶ</span> <span class='ocrx_word' id='word_1_237' title='bbox 2543 1485 2631 1539; x_wconf 87' lang='grc' dir='ltr'>τό·</span> <span class='ocrx_word' id='word_1_238' title='bbox 2678 1501 2697 1536; x_wconf 78' lang='grc' dir='ltr'><strong>ι</strong></span> <span class='ocrx_word' id='word_1_239' title='bbox 2735 1484 2955 1538; x_wconf 81' lang='grc' dir='ltr'>Ἔδωκά</span> <span class='ocrx_word' id='word_1_240' title='bbox 2982 1501 3039 1538; x_wconf 90' lang='grc' dir='ltr'><strong>σε</strong></span> <span class='ocrx_word' id='word_1_241' title='bbox 3072 1486 3153 1548; x_wconf 89' lang='grc' dir='ltr'><strong>είς</strong></span> <span class='ocrx_word' id='word_1_242' title='bbox 3179 1483 3433 1555; x_wconf 76' lang='grc' dir='ltr'><strong>διαθήκην</strong></span> <span class='ocrx_word' id='word_1_243' title='bbox 3458 1484 3624 1555; x_wconf 76' lang='grc' dir='ltr'>γένους,</span> 
     </span>
    </p>
   </div>
   <div class='ocr_carea' id='block_1_28' title="bbox 435 1572 1985 1647">
    <p class='ocr_par' dir='ltr' id='par_1_28' title="bbox 435 1572 1985 1640">
     <span class='ocr_line' id='line_1_28' title="bbox 435 1572 1985 1640; baseline 0.006 -17"><span class='ocrx_word' id='word_1_244' title='bbox 435 1572 676 1640; x_wconf 90' lang='lat' dir='ltr'><strong>gentium</strong></span> <span class='ocrx_word' id='word_1_245' title='bbox 706 1573 942 1637; x_wconf 77' lang='lat' dir='ltr'><strong>venisse,</strong></span> <span class='ocrx_word' id='word_1_246' title='bbox 973 1582 1032 1628; x_wconf 92' lang='lat' dir='ltr'><strong>ut</strong></span> <span class='ocrx_word' id='word_1_247' title='bbox 1061 1574 1208 1629; x_wconf 81' lang='lat' dir='ltr'><strong>verbi</strong></span> <span class='ocrx_word' id='word_1_248' title='bbox 1240 1575 1325 1631; x_wconf 91' lang='lat' dir='ltr'><strong>sui</strong></span> <span class='ocrx_word' id='word_1_249' title='bbox 1358 1576 1561 1630; x_wconf 87' lang='lat' dir='ltr'><strong>lumine</strong></span> <span class='ocrx_word' id='word_1_250' title='bbox 1587 1577 1784 1632; x_wconf 90' lang='lat' dir='ltr'><strong>mentis</strong></span> <span class='ocrx_word' id='word_1_251' title='bbox 1814 1576 1985 1632; x_wconf 73' lang='lat' dir='ltr'><strong>oculos</strong></span> 
     </span>
    </p>
   </div>
   <div class='ocr_carea' id='block_1_29' title="bbox 2076 1572 3626 1647">
    <p class='ocr_par' dir='ltr' id='par_1_29' title="bbox 2104 1574 3626 1647">
     <span class='ocr_line' id='line_1_29' title="bbox 2104 1574 3626 1647; baseline -0.001 -16"><span class='ocrx_word' id='word_1_252' title='bbox 2104 1580 2183 1642; x_wconf 86' lang='grc' dir='ltr'><strong>είς</strong></span> <span class='ocrx_word' id='word_1_253' title='bbox 2214 1576 2329 1647; x_wconf 85' lang='grc' dir='ltr'><strong>φῶς</strong></span> <span class='ocrx_word' id='word_1_254' title='bbox 2371 1576 2563 1642; x_wconf 84' lang='grc' dir='ltr'>ἐθνῶν,</span> <span class='ocrx_word' id='word_1_255' title='bbox 2595 1576 2776 1647; x_wconf 80' lang='grc' dir='ltr'><strong>κρίσιν</strong></span> <span class='ocrx_word' id='word_1_256' title='bbox 2809 1574 3043 1647; x_wconf 77' lang='grc' dir='ltr'>ἐξήγαγε</span> <span class='ocrx_word' id='word_1_257' title='bbox 3083 1576 3197 1639; x_wconf 88' lang='grc' dir='ltr'>τοῖς</span> <span class='ocrx_word' id='word_1_258' title='bbox 3224 1575 3441 1639; x_wconf 79' lang='grc' dir='ltr'><strong>ἔθνεσιν,</strong></span> <span class='ocrx_word' id='word_1_259' title='bbox 3477 1595 3493 1628; x_wconf 81' lang='grc' dir='ltr'><strong>ι</strong></span> <span class='ocrx_word' id='word_1_260' title='bbox 3518 1575 3626 1629; x_wconf 74' lang='grc' dir='ltr'>ὥστε</span> 
     </span>
    </p>
   </div>
   <div class='ocr_carea' id='block_1_30' title="bbox 436 1665 1986 1741">
    <p class='ocr_par' dir='ltr' id='par_1_30' title="bbox 436 1665 1986 1735">
     <span class='ocr_line' id='line_1_30' title="bbox 436 1665 1986 1735; baseline 0.006 -18"><span class='ocrx_word' id='word_1_261' title='bbox 436 1665 589 1733; x_wconf 89' lang='lat' dir='ltr'><strong>prius</strong></span> <span class='ocrx_word' id='word_1_262' title='bbox 622 1665 984 1735; x_wconf 75' lang='lat' dir='ltr'><strong>caligantibus</strong></span> <span class='ocrx_word' id='word_1_263' title='bbox 1031 1668 1357 1725; x_wconf 84' lang='lat' dir='ltr'><strong>rceluderet.</strong></span> <span class='ocrx_word' id='word_1_264' title='bbox 1394 1667 1498 1724; x_wconf 89' lang='lat' dir='ltr'><strong>Sed</strong></span> <span class='ocrx_word' id='word_1_265' title='bbox 1542 1669 1703 1725; x_wconf 88' lang='lat' dir='ltr'><strong>etiam</strong></span> <span class='ocrx_word' id='word_1_266' title='bbox 1756 1669 1986 1726; x_wconf 73' lang='lat' dir='ltr'><strong>eduxitt</strong></span> 
     </span>
    </p>
   </div>
   <div class='ocr_carea' id='block_1_31' title="bbox 2077 1665 3627 1741">
    <p class='ocr_par' dir='ltr' id='par_1_31' title="bbox 2103 1667 3627 1741">
     <span class='ocr_line' id='line_1_31' title="bbox 2103 1667 3627 1741; baseline -0.002 -18"><span class='ocrx_word' id='word_1_267' title='bbox 2103 1670 2410 1741; x_wconf 84' lang='grc' dir='ltr'>κεκριμένῳ</span> <span class='ocrx_word' id='word_1_268' title='bbox 2437 1667 2683 1739; x_wconf 87' lang='grc' dir='ltr'>λογισμῷ</span> <span class='ocrx_word' id='word_1_269' title='bbox 2727 1667 2868 1721; x_wconf 85' lang='grc' dir='ltr'>κατά</span> <span class='ocrx_word' id='word_1_270' title='bbox 2913 1668 2973 1721; x_wconf 86' lang='grc' dir='ltr'><strong>τὸ</strong></span> <span class='ocrx_word' id='word_1_271' title='bbox 3002 1667 3144 1738; x_wconf 81' lang='grc' dir='ltr'>ίερὸν</span> <span class='ocrx_word' id='word_1_272' title='bbox 3171 1667 3486 1736; x_wconf 78' lang='grc' dir='ltr'>Εὑαγγέλιον</span> <span class='ocrx_word' id='word_1_273' title='bbox 3522 1667 3627 1720; x_wconf 70' lang='grc' dir='ltr'>αὐτὰ</span> 
     </span>
    </p>
   </div>
   <div class='ocr_carea' id='block_1_32' title="bbox 437 1758 1987 1839">
    <p class='ocr_par' dir='ltr' id='par_1_32' title="bbox 437 1759 1987 1834">
     <span class='ocr_line' id='line_1_32' title="bbox 437 1759 1987 1834; baseline 0.005 -24"><span class='ocrx_word' id='word_1_274' title='bbox 437 1759 670 1814; x_wconf 73' lang='lat' dir='ltr'><strong>vinculis</strong></span> <span class='ocrx_word' id='word_1_275' title='bbox 697 1760 968 1829; x_wconf 90' lang='lat' dir='ltr'><strong>quondam</strong></span> <span class='ocrx_word' id='word_1_276' title='bbox 999 1771 1344 1831; x_wconf 86' lang='lat' dir='ltr'><strong>peccatorum</strong></span> <span class='ocrx_word' id='word_1_277' title='bbox 1371 1763 1600 1817; x_wconf 79' lang='lat' dir='ltr'><strong>nexibus</strong></span> <span class='ocrx_word' id='word_1_278' title='bbox 1628 1762 1886 1834; x_wconf 84' lang='lat' dir='ltr'><strong>illigatos,</strong></span> <span class='ocrx_word' id='word_1_279' title='bbox 1913 1771 1987 1817; x_wconf 89' lang='lat' dir='ltr'><strong>at-</strong></span> 
     </span>
    </p>
   </div>
   <div class='ocr_carea' id='block_1_33' title="bbox 2078 1758 3628 1839">
    <p class='ocr_par' dir='ltr' id='par_1_33' title="bbox 2106 1758 3628 1839">
     <span class='ocr_line' id='line_1_33' title="bbox 2106 1758 3628 1839; baseline -0.004 -23"><span class='ocrx_word' id='word_1_280' title='bbox 2106 1761 2477 1816; x_wconf 79' lang='grc' dir='ltr'>πολιτεύεσθαι</span> <span class='ocrx_word' id='word_1_281' title='bbox 2500 1778 2514 1791; x_wconf 75' lang='grc'><strong><em>⁸</em></strong></span> <span class='ocrx_word' id='word_1_282' title='bbox 2565 1760 2731 1830; x_wconf 74' lang='grc' dir='ltr'>σαφὲς</span> <span class='ocrx_word' id='word_1_283' title='bbox 2764 1759 2808 1812; x_wconf 82' lang='grc' dir='ltr'>δ’</span> <span class='ocrx_word' id='word_1_284' title='bbox 2843 1760 2990 1839; x_wconf 72' lang='grc' dir='ltr'>δπως</span> <span class='ocrx_word' id='word_1_285' title='bbox 3036 1760 3127 1811; x_wconf 72' lang='grc' dir='ltr'>ἐπὶ</span> <span class='ocrx_word' id='word_1_286' title='bbox 3168 1758 3245 1830; x_wconf 79' lang='grc' dir='ltr'>τῷ</span> <span class='ocrx_word' id='word_1_287' title='bbox 3268 1760 3475 1830; x_wconf 86' lang='grc' dir='ltr'>ὀνόματι</span> <span class='ocrx_word' id='word_1_288' title='bbox 3501 1758 3628 1812; x_wconf 72' lang='grc' dir='ltr'>αὑτοῦ</span> 
     </span>
    </p>
   </div>
   <div class='ocr_carea' id='block_1_34' title="bbox 435 1850 1985 1924">
    <p class='ocr_par' dir='ltr' id='par_1_34' title="bbox 435 1851 1985 1924">
     <span class='ocr_line' id='line_1_34' title="bbox 435 1851 1985 1924; baseline 0.002 -19"><span class='ocrx_word' id='word_1_289' title='bbox 435 1868 542 1922; x_wconf 85' lang='lat' dir='ltr'><strong>que</strong></span> <span class='ocrx_word' id='word_1_290' title='bbox 570 1867 600 1906; x_wconf 94' lang='lat' dir='ltr'><strong>e</strong></span> <span class='ocrx_word' id='word_1_291' title='bbox 625 1851 788 1908; x_wconf 90' lang='lat' dir='ltr'><strong>domo</strong></span> <span class='ocrx_word' id='word_1_292' title='bbox 812 1855 1051 1909; x_wconf 89' lang='lat' dir='ltr'><strong>carceris</strong></span> <span class='ocrx_word' id='word_1_293' title='bbox 1081 1855 1280 1910; x_wconf 89' lang='lat' dir='ltr'><strong>diaboli</strong></span> <span class='ocrx_word' id='word_1_294' title='bbox 1308 1856 1429 1910; x_wconf 91' lang='lat' dir='ltr'><strong>illos</strong></span> <span class='ocrx_word' id='word_1_295' title='bbox 1453 1856 1544 1924; x_wconf 86' lang='lat' dir='ltr'><strong>qui</strong></span> <span class='ocrx_word' id='word_1_296' title='bbox 1565 1855 1806 1909; x_wconf 91' lang='lat' dir='ltr'><strong>omnium</strong></span> <span class='ocrx_word' id='word_1_297' title='bbox 1830 1854 1985 1912; x_wconf 81' lang='lat' dir='ltr'><strong>Deuir</strong></span> 
     </span>
    </p>
   </div>
   <div class='ocr_carea' id='block_1_35' title="bbox 2078 1850 3628 1924">
    <p class='ocr_par' dir='ltr' id='par_1_35' title="bbox 2104 1850 3628 1922">
     <span class='ocr_line' id='line_1_35' title="bbox 2104 1850 3628 1922; baseline -0.003 -15"><span class='ocrx_word' id='word_1_298' title='bbox 2104 1853 2174 1907; x_wconf 76' lang='grc' dir='ltr'>τὰ</span> <span class='ocrx_word' id='word_1_299' title='bbox 2219 1852 2583 1907; x_wconf 79' lang='grc' dir='ltr'>πιστεύσαντα</span> <span class='ocrx_word' id='word_1_300' title='bbox 2625 1854 2703 1914; x_wconf 86' lang='grc' dir='ltr'>εἰς</span> <span class='ocrx_word' id='word_1_301' title='bbox 2738 1852 2897 1904; x_wconf 71' lang='grc' dir='ltr'>αὑτὸν</span> <span class='ocrx_word' id='word_1_302' title='bbox 2947 1850 3073 1921; x_wconf 78' lang='grc' dir='ltr'>ἔθνη</span> <span class='ocrx_word' id='word_1_303' title='bbox 3124 1850 3341 1922; x_wconf 71' lang='grc' dir='ltr'>ἧλπικε,</span> <span class='ocrx_word' id='word_1_304' title='bbox 3386 1850 3472 1903; x_wconf 74' lang='grc' dir='ltr'><strong>καὶ</strong></span> <span class='ocrx_word' id='word_1_305' title='bbox 3513 1851 3628 1913; x_wconf 81' lang='grc' dir='ltr'>ὅπως</span> 
     </span>
    </p>
   </div>
   <div class='ocr_carea' id='block_1_36' title="bbox 437 1941 1987 2016">
    <p class='ocr_par' dir='ltr' id='par_1_36' title="bbox 437 1942 1987 2013">
     <span class='ocr_line' id='line_1_36' title="bbox 437 1942 1987 2013; baseline 0.005 -19"><span class='ocrx_word' id='word_1_306' title='bbox 437 1942 748 2013; x_wconf 72' lang='lat' dir='ltr'><strong>ignorantes</strong></span> <span class='ocrx_word' id='word_1_307' title='bbox 781 1944 836 1998; x_wconf 92' lang='lat' dir='ltr'><strong>in</strong></span> <span class='ocrx_word' id='word_1_308' title='bbox 868 1944 1109 2000; x_wconf 87' lang='lat' dir='ltr'><strong>tenebris</strong></span> <span class='ocrx_word' id='word_1_309' title='bbox 1135 1946 1414 2002; x_wconf 82' lang='lat' dir='ltr'><strong>sedebant.</strong></span> <span class='ocrx_word' id='word_1_310' title='bbox 1440 1945 1590 2001; x_wconf 86' lang='lat' dir='ltr'><strong>Licet</strong></span> <span class='ocrx_word' id='word_1_311' title='bbox 1609 1945 1855 2001; x_wconf 91' lang='lat' dir='ltr'><strong>studioso</strong></span> <span class='ocrx_word' id='word_1_312' title='bbox 1886 1948 1987 2003; x_wconf 89' lang='lat' dir='ltr'><strong>sin-</strong></span> 
     </span>
    </p>
   </div>
   <div class='ocr_carea' id='block_1_37' title="bbox 2078 1941 3628 2016">
    <p class='ocr_par' dir='ltr' id='par_1_37' title="bbox 2100 1941 3628 2016">
     <span class='ocr_line' id='line_1_37' title="bbox 2100 1941 3628 2016; baseline -0.003 -17"><span class='ocrx_word' id='word_1_313' title='bbox 2100 1944 2246 2016; x_wconf 82' lang='grc' dir='ltr'>αύτῷ</span> <span class='ocrx_word' id='word_1_314' title='bbox 2293 1944 2368 2015; x_wconf 86' lang='lat' dir='ltr'><strong>(l)</strong></span> <span class='ocrx_word' id='word_1_315' title='bbox 2414 1945 2493 2007; x_wconf 84' lang='grc' dir='ltr'><strong>είς</strong></span> <span class='ocrx_word' id='word_1_316' title='bbox 2544 1943 2656 2013; x_wconf 73' lang='grc' dir='ltr'>φῶς</span> <span class='ocrx_word' id='word_1_317' title='bbox 2690 1944 2857 1997; x_wconf 84' lang='grc' dir='ltr'>ἐθνῶν</span> <span class='ocrx_word' id='word_1_318' title='bbox 2880 1942 3272 2006; x_wconf 83' lang='grc' dir='ltr'>ἁναδέδεικται,</span> <span class='ocrx_word' id='word_1_319' title='bbox 3302 1941 3435 1995; x_wconf 82' lang='grc' dir='ltr'>ὥστε</span> <span class='ocrx_word' id='word_1_320' title='bbox 3460 1941 3535 1995; x_wconf 69' lang='grc' dir='ltr'>διὰ</span> <span class='ocrx_word' id='word_1_321' title='bbox 3558 1941 3628 1995; x_wconf 83' lang='grc' dir='ltr'>τοῦ</span> 
     </span>
    </p>
   </div>
   <div class='ocr_carea' id='block_1_38' title="bbox 436 2032 1986 2109">
    <p class='ocr_par' dir='ltr' id='par_1_38' title="bbox 436 2032 1986 2108">
     <span class='ocr_line' id='line_1_38' title="bbox 436 2032 1986 2108; baseline 0.005 -23"><span class='ocrx_word' id='word_1_322' title='bbox 436 2032 590 2102; x_wconf 84' lang='lat' dir='ltr'><strong>gulas</strong></span> <span class='ocrx_word' id='word_1_323' title='bbox 607 2033 883 2103; x_wconf 85' lang='lat' dir='ltr'><strong>inquirere</strong></span> <span class='ocrx_word' id='word_1_324' title='bbox 898 2038 1196 2106; x_wconf 72' lang='lat' dir='ltr'><strong>prophetia:</strong></span> <span class='ocrx_word' id='word_1_325' title='bbox 1214 2052 1397 2102; x_wconf 89' lang='lat' dir='ltr'><strong>voces,</strong></span> <span class='ocrx_word' id='word_1_326' title='bbox 1419 2038 1794 2108; x_wconf 78' lang='lat' dir='ltr'><strong>reliquamque</strong></span> <span class='ocrx_word' id='word_1_327' title='bbox 1813 2037 1986 2095; x_wconf 88' lang='lat' dir='ltr'><strong>dictio</strong></span> 
     </span>
    </p>
   </div>
   <div class='ocr_carea' id='block_1_39' title="bbox 2080 2032 3630 2109">
    <p class='ocr_par' dir='ltr' id='par_1_39' title="bbox 2104 2032 3630 2109">
     <span class='ocr_line' id='line_1_39' title="bbox 2104 2032 3630 2109; baseline -0.004 -16"><span class='ocrx_word' id='word_1_328' title='bbox 2104 2039 2279 2109; x_wconf 80' lang='grc' dir='ltr'>φωτὸς</span> <span class='ocrx_word' id='word_1_329' title='bbox 2314 2037 2408 2091; x_wconf 79' lang='grc' dir='ltr'>τοῦ</span> <span class='ocrx_word' id='word_1_330' title='bbox 2442 2036 2600 2105; x_wconf 81' lang='grc' dir='ltr'>λόγου</span> <span class='ocrx_word' id='word_1_331' title='bbox 2625 2036 2788 2090; x_wconf 75' lang='grc' dir='ltr'>αὑτοῦ</span> <span class='ocrx_word' id='word_1_332' title='bbox 2831 2035 3406 2108; x_wconf 82' lang='grc' dir='ltr'>διανυγῆναι(οιγῆναι)</span> <span class='ocrx_word' id='word_1_333' title='bbox 3426 2036 3537 2098; x_wconf 72' lang='grc' dir='ltr'>τοὺς</span> <span class='ocrx_word' id='word_1_334' title='bbox 3556 2032 3630 2104; x_wconf 81' lang='grc' dir='ltr'>τῆς</span> 
     </span>
    </p>
   </div>
   <div class='ocr_carea' id='block_1_40' title="bbox 437 2125 1987 2200">
    <p class='ocr_par' dir='ltr' id='par_1_40' title="bbox 437 2126 1987 2199">
     <span class='ocr_line' id='line_1_40' title="bbox 437 2126 1987 2199; baseline 0.004 -23"><span class='ocrx_word' id='word_1_335' title='bbox 437 2139 583 2188; x_wconf 80' lang='lat' dir='ltr'><strong>nem,</strong></span> <span class='ocrx_word' id='word_1_336' title='bbox 631 2126 774 2181; x_wconf 88' lang='lat' dir='ltr'><strong>sicut</strong></span> <span class='ocrx_word' id='word_1_337' title='bbox 828 2127 992 2183; x_wconf 90' lang='lat' dir='ltr'><strong>modo</strong></span> <span class='ocrx_word' id='word_1_338' title='bbox 1040 2130 1412 2199; x_wconf 76' lang='lat' dir='ltr'><strong>exposuimus,</strong></span> <span class='ocrx_word' id='word_1_339' title='bbox 1464 2128 1534 2183; x_wconf 87' lang='lat' dir='ltr'><strong>ad</strong></span> <span class='ocrx_word' id='word_1_340' title='bbox 1577 2129 1854 2186; x_wconf 84' lang='lat' dir='ltr'><strong>Christum</strong></span> <span class='ocrx_word' id='word_1_341' title='bbox 1905 2128 1987 2185; x_wconf 70' lang='lat' dir='ltr'><strong>Del</strong></span> 
     </span>
    </p>
   </div>
   <div class='ocr_carea' id='block_1_41' title="bbox 2081 2125 3631 2200">
    <p class='ocr_par' dir='ltr' id='par_1_41' title="bbox 2100 2125 3631 2200">
     <span class='ocr_line' id='line_1_41' title="bbox 2100 2125 3631 2200; baseline -0.003 -17"><span class='ocrx_word' id='word_1_342' title='bbox 2100 2130 2335 2192; x_wconf 82' lang='grc' dir='ltr'>διανοίας</span> <span class='ocrx_word' id='word_1_343' title='bbox 2371 2128 2681 2200; x_wconf 77' lang='grc' dir='ltr'>ὀφθαλμοὺς</span> <span class='ocrx_word' id='word_1_344' title='bbox 2719 2126 2824 2180; x_wconf 86' lang='grc' dir='ltr'><strong>τῶν</strong></span> <span class='ocrx_word' id='word_1_345' title='bbox 2856 2126 3023 2180; x_wconf 67' lang='grc' dir='ltr'>πάλαι</span> <span class='ocrx_word' id='word_1_346' title='bbox 3070 2126 3295 2190; x_wconf 78' lang='grc' dir='ltr'>τούτοις</span> <span class='ocrx_word' id='word_1_347' title='bbox 3348 2125 3631 2197; x_wconf 78' lang='grc' dir='ltr'>πεπηρωμέ-</span> 
     </span>
    </p>
   </div>
   <div class='ocr_carea' id='block_1_42' title="bbox 436 2217 1986 2292">
    <p class='ocr_par' dir='ltr' id='par_1_42' title="bbox 436 2221 752 2277">
     <span class='ocr_line' id='line_1_42' title="bbox 436 2221 752 2277; baseline 0.028 -9"><span class='ocrx_word' id='word_1_348' title='bbox 436 2221 752 2277; x_wconf 82' lang='lat' dir='ltr'><strong>transferre.</strong></span> 
     </span>
    </p>
   </div>
   <div class='ocr_carea' id='block_1_43' title="bbox 2082 2217 3632 2292">
    <p class='ocr_par' dir='ltr' id='par_1_43' title="bbox 2101 2217 3632 2292">
     <span class='ocr_line' id='line_1_43' title="bbox 2101 2217 3632 2292; baseline -0.003 -17"><span class='ocrx_word' id='word_1_349' title='bbox 2101 2238 2205 2275; x_wconf 91' lang='grc' dir='ltr'><strong>νων</strong></span> <span class='ocrx_word' id='word_1_350' title='bbox 2230 2239 2244 2253; x_wconf 90' lang='grc'><strong>·</strong></span> <span class='ocrx_word' id='word_1_351' title='bbox 2276 2221 2411 2275; x_wconf 81' lang='grc' dir='ltr'>ἀλλὰ</span> <span class='ocrx_word' id='word_1_352' title='bbox 2442 2221 2535 2275; x_wconf 72' lang='grc' dir='ltr'>καὶ</span> <span class='ocrx_word' id='word_1_353' title='bbox 2577 2219 2844 2292; x_wconf 76' lang='grc' dir='ltr'>ἐξήγαγεν</span> <span class='ocrx_word' id='word_1_354' title='bbox 2892 2221 2957 2273; x_wconf 86' lang='grc' dir='ltr'><strong>ἐκ</strong></span> <span class='ocrx_word' id='word_1_355' title='bbox 2995 2218 3210 2290; x_wconf 81' lang='grc' dir='ltr'>δεσμῶν</span> <span class='ocrx_word' id='word_1_356' title='bbox 3251 2218 3374 2281; x_wconf 72' lang='grc' dir='ltr'>τοὺς</span> <span class='ocrx_word' id='word_1_357' title='bbox 3416 2217 3632 2288; x_wconf 77' lang='grc' dir='ltr'>πρότερον</span> 
     </span>
    </p>
   </div>
   <div class='ocr_carea' id='block_1_44' title="bbox 440 2314 3635 2404">
    <p class='ocr_par' dir='ltr' id='par_1_44' title="bbox 440 2314 3635 2404">
     <span class='ocr_line' id='line_1_44' title="bbox 440 2314 3635 2404; baseline 0 -38"><span class='ocrx_word' id='word_1_358' title='bbox 440 2318 641 2387; x_wconf 83' lang='grc' dir='ltr'>σειραῖς</span> <span class='ocrx_word' id='word_1_359' title='bbox 671 2316 780 2370; x_wconf 88' lang='grc' dir='ltr'><strong>τῶν</strong></span> <span class='ocrx_word' id='word_1_360' title='bbox 820 2315 964 2369; x_wconf 78' lang='grc' dir='ltr'>ἰδίων</span> <span class='ocrx_word' id='word_1_361' title='bbox 1010 2316 1291 2387; x_wconf 81' lang='grc' dir='ltr'>ἁμαρτιῶν</span> <span class='ocrx_word' id='word_1_362' title='bbox 1336 2315 1801 2388; x_wconf 80' lang='grc' dir='ltr'>κατεσφιγμένους</span> <span class='ocrx_word' id='word_1_363' title='bbox 1832 2315 1892 2380; x_wconf 80' lang='grc' dir='ltr'>ἐξ</span> <span class='ocrx_word' id='word_1_364' title='bbox 1935 2314 2084 2370; x_wconf 76' lang='grc' dir='ltr'>οἴκου</span> <span class='ocrx_word' id='word_1_365' title='bbox 2125 2334 2184 2371; x_wconf 87' lang='grc' dir='ltr'><strong>τε</strong></span> <span class='ocrx_word' id='word_1_366' title='bbox 2206 2316 2306 2388; x_wconf 83' lang='grc' dir='ltr'><strong>τῆς</strong></span> <span class='ocrx_word' id='word_1_367' title='bbox 2364 2317 2456 2371; x_wconf 81' lang='grc' dir='ltr'>τοῦ</span> <span class='ocrx_word' id='word_1_368' title='bbox 2520 2316 2762 2370; x_wconf 89' lang='grc' dir='ltr'>διαϐόλου</span> <span class='ocrx_word' id='word_1_369' title='bbox 2811 2316 3054 2387; x_wconf 78' lang='grc' dir='ltr'>φυλακῆς</span> <span class='ocrx_word' id='word_1_370' title='bbox 3111 2316 3239 2379; x_wconf 76' lang='grc' dir='ltr'>τοὺς</span> <span class='ocrx_word' id='word_1_371' title='bbox 3288 2314 3372 2368; x_wconf 84' lang='grc' dir='ltr'>διὰ</span> <span class='ocrx_word' id='word_1_372' title='bbox 3412 2314 3501 2386; x_wconf 78' lang='grc' dir='ltr'><strong>τὴν</strong></span> <span class='ocrx_word' id='word_1_373' title='bbox 3538 2330 3635 2404; x_wconf 35' lang='grc' dir='ltr'>πρέ</span> 
     </span>
    </p>
   </div>
   <div class='ocr_carea' id='block_1_45' title="bbox 436 2406 3635 2482">
    <p class='ocr_par' dir='ltr' id='par_1_45' title="bbox 436 2406 3635 2482">
     <span class='ocr_line' id='line_1_45' title="bbox 436 2406 3635 2482; baseline 0 -24"><span class='ocrx_word' id='word_1_374' title='bbox 436 2406 528 2459; x_wconf 87' lang='grc' dir='ltr'><strong>τὸν</strong></span> <span class='ocrx_word' id='word_1_375' title='bbox 565 2407 671 2461; x_wconf 89' lang='grc' dir='ltr'><strong>τῶν</strong></span> <span class='ocrx_word' id='word_1_376' title='bbox 691 2408 826 2462; x_wconf 84' lang='grc' dir='ltr'>ὅλων</span> <span class='ocrx_word' id='word_1_377' title='bbox 848 2408 979 2461; x_wconf 91' lang='grc' dir='ltr'>Θεὸν</span> <span class='ocrx_word' id='word_1_378' title='bbox 1001 2407 1221 2477; x_wconf 73' lang='grc' dir='ltr'>ἄγνοιαν</span> <span class='ocrx_word' id='word_1_379' title='bbox 1248 2409 1304 2461; x_wconf 90' lang='grc' dir='ltr'><strong>ἐν</strong></span> <span class='ocrx_word' id='word_1_380' title='bbox 1331 2410 1509 2461; x_wconf 85' lang='grc' dir='ltr'>σκότει</span> <span class='ocrx_word' id='word_1_381' title='bbox 1544 2407 1902 2481; x_wconf 85' lang='grc' dir='ltr'>καθημένους.</span> <span class='ocrx_word' id='word_1_382' title='bbox 1926 2410 2213 2481; x_wconf 84' lang='grc' dir='ltr'>Πρόκειται</span> <span class='ocrx_word' id='word_1_383' title='bbox 2236 2411 2293 2465; x_wconf 86' lang='grc' dir='ltr'>δὲ</span> <span class='ocrx_word' id='word_1_384' title='bbox 2342 2410 2422 2482; x_wconf 82' lang='grc' dir='ltr'>τῷ</span> <span class='ocrx_word' id='word_1_385' title='bbox 2462 2410 2749 2482; x_wconf 83' lang='grc' dir='ltr'>φιλομαθεί</span> <span class='ocrx_word' id='word_1_386' title='bbox 2782 2410 3014 2480; x_wconf 79' lang='grc' dir='ltr'>ἑκάστην</span> <span class='ocrx_word' id='word_1_387' title='bbox 3036 2408 3309 2475; x_wconf 76' lang='grc' dir='ltr'>ἐξετάζειν</span> <span class='ocrx_word' id='word_1_388' title='bbox 3345 2407 3436 2477; x_wconf 80' lang='grc' dir='ltr'>τῆς</span> <span class='ocrx_word' id='word_1_389' title='bbox 3464 2422 3635 2476; x_wconf 73' lang='grc' dir='ltr'>προφη,</span> 
     </span>
    </p>
   </div>
   <div class='ocr_carea' id='block_1_46' title="bbox 436 2482 3613 2573">
    <p class='ocr_par' dir='ltr' id='par_1_46' title="bbox 436 2482 3613 2573">
     <span class='ocr_line' id='line_1_46' title="bbox 436 2482 3613 2573; baseline -0.001 -23"><span class='ocrx_word' id='word_1_390' title='bbox 436 2496 583 2560; x_wconf 84' lang='grc' dir='ltr'>τείας</span> <span class='ocrx_word' id='word_1_391' title='bbox 608 2496 770 2563; x_wconf 76' lang='grc' dir='ltr'>λέξιν,</span> <span class='ocrx_word' id='word_1_392' title='bbox 803 2500 896 2552; x_wconf 80' lang='grc' dir='ltr'>καὶ</span> <span class='ocrx_word' id='word_1_393' title='bbox 929 2498 1203 2567; x_wconf 84' lang='grc' dir='ltr'>ἀναλόγως</span> <span class='ocrx_word' id='word_1_394' title='bbox 1231 2482 1342 2563; x_wconf 78' lang='grc' dir='ltr'>τοῖς</span> <span class='ocrx_word' id='word_1_395' title='bbox 1372 2499 1460 2568; x_wconf 79' lang='grc' dir='ltr'><strong>ὑφ’</strong></span> <span class='ocrx_word' id='word_1_396' title='bbox 1488 2499 1644 2572; x_wconf 71' lang='grc' dir='ltr'>ἡμῶν</span> <span class='ocrx_word' id='word_1_397' title='bbox 1663 2499 1969 2571; x_wconf 77' lang='grc' dir='ltr'>εἰρημένοις</span> <span class='ocrx_word' id='word_1_398' title='bbox 1991 2501 2083 2553; x_wconf 72' lang='grc' dir='ltr'><strong>ἐπὶ</strong></span> <span class='ocrx_word' id='word_1_399' title='bbox 2104 2501 2194 2555; x_wconf 77' lang='grc' dir='ltr'><strong>τὸν</strong></span> <span class='ocrx_word' id='word_1_400' title='bbox 2216 2502 2448 2573; x_wconf 83' lang='grc' dir='ltr'>Χριστὸν</span> <span class='ocrx_word' id='word_1_401' title='bbox 2471 2502 2565 2555; x_wconf 84' lang='grc' dir='ltr'>τοῦ</span> <span class='ocrx_word' id='word_1_402' title='bbox 2592 2501 2726 2555; x_wconf 87' lang='grc' dir='ltr'><strong>Θεοῦ</strong></span> <span class='ocrx_word' id='word_1_403' title='bbox 2755 2500 2825 2555; x_wconf 78' lang='grc' dir='ltr'>τὰ</span> <span class='ocrx_word' id='word_1_404' title='bbox 2842 2501 3215 2554; x_wconf 83' lang='grc' dir='ltr'>ὑποπίπτοντα</span> <span class='ocrx_word' id='word_1_405' title='bbox 3242 2497 3560 2569; x_wconf 70' lang='grc' dir='ltr'>μεταφέοειν.</span> <span class='ocrx_word' id='word_1_406' title='bbox 3608 2556 3613 2559; x_wconf 89' lang='lat'>_</span> 
     </span>
    </p>
   </div>
   <div class='ocr_carea' id='block_1_47' title="bbox 998 2582 2548 2651">
    <p class='ocr_par' dir='ltr' id='par_1_47' title="bbox 998 2582 1423 2649">
     <span class='ocr_line' id='line_1_47' title="bbox 998 2582 1423 2649; baseline 0.002 -1"><span class='ocrx_word' id='word_1_407' title='bbox 998 2591 1248 2649; x_wconf 75' lang='lat' dir='ltr'><strong>&#39;CAPUT</strong></span> <span class='ocrx_word' id='word_1_408' title='bbox 1272 2582 1423 2649; x_wconf 78' lang='lat' dir='ltr'><strong>XXI.</strong></span> 
     </span>
    </p>
   </div>
   <div class='ocr_carea' id='block_1_48' title="bbox 1612 2582 3162 2651">
    <p class='ocr_par' dir='ltr' id='par_1_48' title="bbox 2609 2594 3162 2651">
     <span class='ocr_line' id='line_1_48' title="bbox 2609 2594 3162 2651; baseline 0 -1"><span class='ocrx_word' id='word_1_409' title='bbox 2609 2596 3000 2651; x_wconf 79' lang='grc' dir='ltr'><strong>ΚΕΦΑΛΔΙΟΝ</strong></span> <span class='ocrx_word' id='word_1_410' title='bbox 3031 2594 3162 2650; x_wconf 79' lang='lat' dir='ltr'><strong>KA&#39;.</strong></span> 
     </span>
    </p>
   </div>
   <div class='ocr_carea' id='block_1_49' title="bbox 511 2683 2061 2760">
    <p class='ocr_par' dir='ltr' id='par_1_49' title="bbox 511 2683 2006 2757">
     <span class='ocr_line' id='line_1_49' title="bbox 511 2683 2006 2757; baseline 0.005 -21"><span class='ocrx_word' id='word_1_411' title='bbox 511 2703 532 2736; x_wconf 78' lang='grc' dir='ltr'><strong>ι</strong></span> <span class='ocrx_word' id='word_1_412' title='bbox 573 2683 756 2741; x_wconf 83' lang='lat' dir='ltr'><strong>Estote</strong></span> <span class='ocrx_word' id='word_1_413' title='bbox 778 2685 909 2740; x_wconf 85' lang='lat' dir='ltr'><strong>mihi</strong></span> <span class='ocrx_word' id='word_1_414' title='bbox 942 2694 1132 2751; x_wconf 89' lang='lat' dir='ltr'><strong>testes,</strong></span> <span class='ocrx_word' id='word_1_415' title='bbox 1154 2696 1208 2742; x_wconf 91' lang='lat' dir='ltr'><strong>et</strong></span> <span class='ocrx_word' id='word_1_416' title='bbox 1235 2702 1335 2757; x_wconf 78' lang='lat' dir='ltr'><strong>ego</strong></span> <span class='ocrx_word' id='word_1_417' title='bbox 1365 2688 1542 2755; x_wconf 91' lang='lat' dir='ltr'><strong>testis,</strong></span> <span class='ocrx_word' id='word_1_418' title='bbox 1580 2686 1712 2743; x_wconf 89' lang='lat' dir='ltr'><strong>dicit</strong></span> <span class='ocrx_word' id='word_1_419' title='bbox 1742 2686 2006 2744; x_wconf 90' lang='lat' dir='ltr'><strong>Dominus</strong></span> 
     </span>
    </p>
   </div>
   <div class='ocr_carea' id='block_1_50' title="bbox 2088 2683 3638 2760">
    <p class='ocr_par' dir='ltr' id='par_1_50' title="bbox 2184 2685 3638 2760">
     <span class='ocr_line' id='line_1_50' title="bbox 2184 2685 3638 2760; baseline -0.003 -20"><span class='ocrx_word' id='word_1_420' title='bbox 2184 2707 2203 2740; x_wconf 79' lang='grc' dir='ltr'><strong>ι</strong></span> <span class='ocrx_word' id='word_1_421' title='bbox 2240 2688 2463 2742; x_wconf 84' lang='grc' dir='ltr'>Γένεσθέ</span> <span class='ocrx_word' id='word_1_422' title='bbox 2498 2706 2588 2760; x_wconf 84' lang='grc' dir='ltr'><strong>μοι</strong></span> <span class='ocrx_word' id='word_1_423' title='bbox 2624 2689 2916 2760; x_wconf 86' lang='grc' dir='ltr'>μάρτυρες,</span> <span class='ocrx_word' id='word_1_424' title='bbox 2953 2687 3107 2757; x_wconf 81' lang='grc' dir='ltr'>κάγὼ</span> <span class='ocrx_word' id='word_1_425' title='bbox 3137 2689 3367 2760; x_wconf 84' lang='grc' dir='ltr'>μάρτυς,</span> <span class='ocrx_word' id='word_1_426' title='bbox 3388 2686 3524 2756; x_wconf 82' lang='grc' dir='ltr'>λέγει</span> <span class='ocrx_word' id='word_1_427' title='bbox 3551 2685 3638 2739; x_wconf 80' lang='grc' dir='ltr'><strong>Κύ-</strong></span> 
     </span>
    </p>
   </div>
   <div class='ocr_carea' id='block_1_51' title="bbox 438 2775 1988 2852">
    <p class='ocr_par' dir='ltr' id='par_1_51' title="bbox 438 2777 1988 2852">
     <span class='ocr_line' id='line_1_51' title="bbox 438 2777 1988 2852; baseline 0.002 -19"><span class='ocrx_word' id='word_1_428' title='bbox 438 2777 601 2839; x_wconf 82' lang='lat' dir='ltr'><strong>Deus,</strong></span> <span class='ocrx_word' id='word_1_429' title='bbox 627 2785 682 2832; x_wconf 86' lang='lat' dir='ltr'><strong>et</strong></span> <span class='ocrx_word' id='word_1_430' title='bbox 719 2793 851 2847; x_wconf 89' lang='lat' dir='ltr'><strong>puer</strong></span> <span class='ocrx_word' id='word_1_431' title='bbox 885 2794 1046 2849; x_wconf 89' lang='lat' dir='ltr'><strong>quem</strong></span> <span class='ocrx_word' id='word_1_432' title='bbox 1098 2779 1234 2850; x_wconf 86' lang='lat' dir='ltr'><strong>elegi</strong></span> <span class='ocrx_word' id='word_1_433' title='bbox 1261 2782 1304 2835; x_wconf 77' lang='grc'><strong>⁵³.</strong></span> <span class='ocrx_word' id='word_1_434' title='bbox 1342 2800 1361 2833; x_wconf 71' lang='grc' dir='ltr'><strong>ι</strong></span> <span class='ocrx_word' id='word_1_435' title='bbox 1411 2780 1477 2834; x_wconf 86' lang='lat' dir='ltr'><strong>Et</strong></span> <span class='ocrx_word' id='word_1_436' title='bbox 1509 2781 1632 2852; x_wconf 91' lang='lat' dir='ltr'><strong>quis</strong></span> <span class='ocrx_word' id='word_1_437' title='bbox 1683 2788 1827 2836; x_wconf 90' lang='lat' dir='ltr'><strong>esset</strong></span> <span class='ocrx_word' id='word_1_438' title='bbox 1873 2797 1988 2850; x_wconf 82' lang='lat' dir='ltr'><strong>puet</strong></span> 
     </span>
    </p>
   </div>
   <div class='ocr_carea' id='block_1_52' title="bbox 2085 2775 3635 2852">
    <p class='ocr_par' dir='ltr' id='par_1_52' title="bbox 2114 2775 3635 2852">
     <span class='ocr_line' id='line_1_52' title="bbox 2114 2775 3635 2852; baseline -0.004 -19"><span class='ocrx_word' id='word_1_439' title='bbox 2114 2797 2223 2852; x_wconf 89' lang='grc' dir='ltr'>ριος</span> <span class='ocrx_word' id='word_1_440' title='bbox 2247 2783 2275 2835; x_wconf 97' lang='lat'><strong>6</strong></span> <span class='ocrx_word' id='word_1_441' title='bbox 2300 2781 2449 2846; x_wconf 89' lang='grc' dir='ltr'>Θεὸς,</span> <span class='ocrx_word' id='word_1_442' title='bbox 2483 2781 2576 2836; x_wconf 81' lang='grc' dir='ltr'>καὶ</span> <span class='ocrx_word' id='word_1_443' title='bbox 2599 2782 2626 2835; x_wconf 90' lang='grc' dir='ltr'><strong>ό</strong></span> <span class='ocrx_word' id='word_1_444' title='bbox 2658 2783 2784 2844; x_wconf 85' lang='grc' dir='ltr'>παῖς</span> <span class='ocrx_word' id='word_1_445' title='bbox 2808 2780 2865 2834; x_wconf 81' lang='grc' dir='ltr'>ὃν</span> <span class='ocrx_word' id='word_1_446' title='bbox 2897 2777 3249 2850; x_wconf 75' lang='grc' dir='ltr'>ἐξελεξάμην.</span> <span class='ocrx_word' id='word_1_447' title='bbox 3286 2800 3305 2831; x_wconf 72' lang='grc' dir='ltr'><strong>ι</strong></span> <span class='ocrx_word' id='word_1_448' title='bbox 3342 2778 3447 2831; x_wconf 83' lang='grc' dir='ltr'><strong>Καὶ</strong></span> <span class='ocrx_word' id='word_1_449' title='bbox 3474 2777 3547 2840; x_wconf 81' lang='grc' dir='ltr'><strong>τίς</strong></span> <span class='ocrx_word' id='word_1_450' title='bbox 3586 2775 3635 2829; x_wconf 79' lang='grc' dir='ltr'><strong>ἂν</strong></span> 
     </span>
    </p>
   </div>
   <div class='ocr_carea' id='block_1_53' title="bbox 434 2866 1984 2943">
    <p class='ocr_par' dir='ltr' id='par_1_53' title="bbox 434 2866 1984 2939">
     <span class='ocr_line' id='line_1_53' title="bbox 434 2866 1984 2939; baseline 0.002 -16"><span class='ocrx_word' id='word_1_451' title='bbox 434 2884 594 2939; x_wconf 82' lang='lat' dir='ltr'><strong>quem</strong></span> <span class='ocrx_word' id='word_1_452' title='bbox 623 2868 782 2938; x_wconf 84' lang='lat' dir='ltr'><strong>elegit</strong></span> <span class='ocrx_word' id='word_1_453' title='bbox 811 2866 1071 2924; x_wconf 91' lang='lat' dir='ltr'><strong>Dominus</strong></span> <span class='ocrx_word' id='word_1_454' title='bbox 1119 2867 1263 2924; x_wconf 90' lang='lat' dir='ltr'><strong>Deus</strong></span> <span class='ocrx_word' id='word_1_455' title='bbox 1286 2910 1306 2936; x_wconf 92' lang='lat'><strong>,</strong></span> <span class='ocrx_word' id='word_1_456' title='bbox 1364 2884 1527 2939; x_wconf 90' lang='lat' dir='ltr'><strong>quem</strong></span> <span class='ocrx_word' id='word_1_457' title='bbox 1570 2878 1623 2924; x_wconf 91' lang='lat' dir='ltr'><strong>et</strong></span> <span class='ocrx_word' id='word_1_458' title='bbox 1675 2870 1779 2925; x_wconf 90' lang='lat' dir='ltr'><strong>sibi</strong></span> <span class='ocrx_word' id='word_1_459' title='bbox 1813 2878 1984 2926; x_wconf 91' lang='lat' dir='ltr'><strong>testen</strong></span> 
     </span>
    </p>
   </div>
   <div class='ocr_carea' id='block_1_54' title="bbox 2087 2866 3637 2943">
    <p class='ocr_par' dir='ltr' id='par_1_54' title="bbox 2111 2866 3637 2943">
     <span class='ocr_line' id='line_1_54' title="bbox 2111 2866 3637 2943; baseline -0.002 -20"><span class='ocrx_word' id='word_1_460' title='bbox 2111 2872 2192 2943; x_wconf 77' lang='grc' dir='ltr'><strong>εἴη</strong></span> <span class='ocrx_word' id='word_1_461' title='bbox 2225 2872 2254 2923; x_wconf 89' lang='lat'><strong>6</strong></span> <span class='ocrx_word' id='word_1_462' title='bbox 2283 2874 2411 2935; x_wconf 86' lang='grc' dir='ltr'>παῖς</span> <span class='ocrx_word' id='word_1_463' title='bbox 2438 2872 2495 2924; x_wconf 85' lang='grc' dir='ltr'>ὃν</span> <span class='ocrx_word' id='word_1_464' title='bbox 2527 2871 2801 2936; x_wconf 78' lang='grc' dir='ltr'>ἐξελέξατο</span> <span class='ocrx_word' id='word_1_465' title='bbox 2838 2871 3039 2943; x_wconf 82' lang='grc' dir='ltr'>Κύριος</span> <span class='ocrx_word' id='word_1_466' title='bbox 3064 2872 3092 2922; x_wconf 94' lang='lat'><strong>6</strong></span> <span class='ocrx_word' id='word_1_467' title='bbox 3117 2870 3273 2935; x_wconf 86' lang='grc' dir='ltr'>Θεὸς,</span> <span class='ocrx_word' id='word_1_468' title='bbox 3300 2869 3358 2923; x_wconf 88' lang='grc' dir='ltr'>ὂν</span> <span class='ocrx_word' id='word_1_469' title='bbox 3382 2870 3470 2923; x_wconf 76' lang='grc' dir='ltr'><strong>καὶ</strong></span> <span class='ocrx_word' id='word_1_470' title='bbox 3496 2866 3637 2936; x_wconf 79' lang='grc' dir='ltr'>ἐαυτῷ</span> 
     </span>
    </p>
   </div>
   <div class='ocr_carea' id='block_1_55' title="bbox 438 2957 1988 3034">
    <p class='ocr_par' dir='ltr' id='par_1_55' title="bbox 438 2957 1988 3030">
     <span class='ocr_line' id='line_1_55' title="bbox 438 2957 1988 3030; baseline 0 -15"><span class='ocrx_word' id='word_1_471' title='bbox 438 2959 554 3015; x_wconf 88' lang='lat' dir='ltr'><strong>fore</strong></span> <span class='ocrx_word' id='word_1_472' title='bbox 576 2957 833 3027; x_wconf 69' lang='lat' dir='ltr'><strong>praedicat</strong></span> <span class='ocrx_word' id='word_1_473' title='bbox 865 2972 1058 3013; x_wconf 88' lang='lat' dir='ltr'><strong>eorum</strong></span> <span class='ocrx_word' id='word_1_474' title='bbox 1085 2957 1179 3028; x_wconf 90' lang='lat' dir='ltr'><strong>qui</strong></span> <span class='ocrx_word' id='word_1_475' title='bbox 1222 2958 1327 3029; x_wconf 89' lang='lat' dir='ltr'><strong>ipsi</strong></span> <span class='ocrx_word' id='word_1_476' title='bbox 1355 2958 1727 3015; x_wconf 91' lang='lat' dir='ltr'><strong>testimonium</strong></span> <span class='ocrx_word' id='word_1_477' title='bbox 1756 2960 1988 3030; x_wconf 89' lang='lat' dir='ltr'><strong>perhibe-</strong></span> 
     </span>
    </p>
   </div>
   <div class='ocr_carea' id='block_1_56' title="bbox 2086 2957 3636 3034">
    <p class='ocr_par' dir='ltr' id='par_1_56' title="bbox 2111 2959 3636 3034">
     <span class='ocr_line' id='line_1_56' title="bbox 2111 2959 3636 3034; baseline -0.003 -19"><span class='ocrx_word' id='word_1_478' title='bbox 2111 2962 2501 3031; x_wconf 85' lang='grc' dir='ltr'>συγκαταλέγει</span> <span class='ocrx_word' id='word_1_479' title='bbox 2538 2963 2787 3034; x_wconf 85' lang='grc' dir='ltr'>μάρτυρα</span> <span class='ocrx_word' id='word_1_480' title='bbox 2819 2962 3180 3033; x_wconf 85' lang='grc' dir='ltr'>γενησόμενον</span> <span class='ocrx_word' id='word_1_481' title='bbox 3215 2961 3324 3015; x_wconf 91' lang='grc' dir='ltr'><strong>τῶν</strong></span> <span class='ocrx_word' id='word_1_482' title='bbox 3362 2959 3498 3030; x_wconf 80' lang='grc' dir='ltr'>αὐτῷ</span> <span class='ocrx_word' id='word_1_483' title='bbox 3529 2976 3636 3029; x_wconf 79' lang='grc' dir='ltr'>μαρ-</span> 
     </span>
    </p>
   </div>
   <div class='ocr_carea' id='block_1_57' title="bbox 437 3046 1987 3131">
    <p class='ocr_par' dir='ltr' id='par_1_57' title="bbox 437 3049 1987 3131">
     <span class='ocr_line' id='line_1_57' title="bbox 437 3049 1987 3131; baseline 0.003 -28"><span class='ocrx_word' id='word_1_484' title='bbox 437 3050 591 3113; x_wconf 87' lang='lat' dir='ltr'><strong>bunt,</strong></span> <span class='ocrx_word' id='word_1_485' title='bbox 622 3050 729 3103; x_wconf 90' lang='lat' dir='ltr'><strong>nisi</strong></span> <span class='ocrx_word' id='word_1_486' title='bbox 754 3050 864 3112; x_wconf 93' lang='lat' dir='ltr'><strong>ille,</strong></span> <span class='ocrx_word' id='word_1_487' title='bbox 891 3049 959 3104; x_wconf 93' lang='lat' dir='ltr'><strong>de</strong></span> <span class='ocrx_word' id='word_1_488' title='bbox 985 3065 1095 3120; x_wconf 92' lang='lat' dir='ltr'><strong>quo</strong></span> <span class='ocrx_word' id='word_1_489' title='bbox 1118 3058 1172 3103; x_wconf 93' lang='lat' dir='ltr'><strong>et</strong></span> <span class='ocrx_word' id='word_1_490' title='bbox 1201 3049 1257 3103; x_wconf 92' lang='lat' dir='ltr'><strong>in</strong></span> <span class='ocrx_word' id='word_1_491' title='bbox 1298 3051 1624 3120; x_wconf 62' lang='lat' dir='ltr'><strong>praecedenti</strong></span> <span class='ocrx_word' id='word_1_492' title='bbox 1644 3051 1891 3131; x_wconf 84' lang='lat' dir='ltr'><strong>_capitulo</strong></span> <span class='ocrx_word' id='word_1_493' title='bbox 1922 3052 1987 3107; x_wconf 36' lang='lat' dir='ltr'><strong>dii</strong></span> 
     </span>
    </p>
   </div>
   <div class='ocr_carea' id='block_1_58' title="bbox 2087 3046 3637 3131">
    <p class='ocr_par' dir='ltr' id='par_1_58' title="bbox 2109 3046 3637 3124">
     <span class='ocr_line' id='line_1_58' title="bbox 2109 3046 3637 3124; baseline -0.003 -19"><span class='ocrx_word' id='word_1_494' title='bbox 2109 3052 2492 3124; x_wconf 85' lang='grc' dir='ltr'>τυρούντων,ἢ</span> <span class='ocrx_word' id='word_1_495' title='bbox 2541 3049 2693 3117; x_wconf 73' lang='grc' dir='ltr'>οὗτος</span> <span class='ocrx_word' id='word_1_496' title='bbox 2741 3052 2868 3124; x_wconf 80' lang='grc' dir='ltr'>περὶ</span> <span class='ocrx_word' id='word_1_497' title='bbox 2908 3046 2967 3105; x_wconf 72' lang='grc' dir='ltr'>οὗ</span> <span class='ocrx_word' id='word_1_498' title='bbox 2998 3051 3090 3106; x_wconf 79' lang='grc' dir='ltr'><strong>καὶ</strong></span> <span class='ocrx_word' id='word_1_499' title='bbox 3133 3054 3191 3105; x_wconf 77' lang='grc' dir='ltr'><strong>ἐν</strong></span> <span class='ocrx_word' id='word_1_500' title='bbox 3236 3051 3316 3123; x_wconf 79' lang='grc' dir='ltr'>τῷ</span> <span class='ocrx_word' id='word_1_501' title='bbox 3360 3050 3460 3123; x_wconf 87' lang='grc' dir='ltr'><strong>πρὸ</strong></span> <span class='ocrx_word' id='word_1_502' title='bbox 3482 3048 3637 3103; x_wconf 80' lang='grc' dir='ltr'>τούτου</span> 
     </span>
    </p>
   </div>
   <div class='ocr_carea' id='block_1_59' title="bbox 433 3138 1983 3215">
    <p class='ocr_par' dir='ltr' id='par_1_59' title="bbox 433 3138 1943 3213">
     <span class='ocr_line' id='line_1_59' title="bbox 433 3138 1943 3213; baseline 0.005 -24"><span class='ocrx_word' id='word_1_503' title='bbox 433 3148 581 3193; x_wconf 69' lang='lat' dir='ltr'><strong>«tum</strong></span> <span class='ocrx_word' id='word_1_504' title='bbox 615 3148 735 3195; x_wconf 90' lang='lat' dir='ltr'><strong>est:</strong></span> <span class='ocrx_word' id='word_1_505' title='bbox 775 3159 792 3190; x_wconf 81' lang='grc' dir='ltr'><strong>ι</strong></span> <span class='ocrx_word' id='word_1_506' title='bbox 831 3138 998 3195; x_wconf 82' lang='lat' dir='ltr'><strong>Jacob</strong></span> <span class='ocrx_word' id='word_1_507' title='bbox 1054 3156 1188 3210; x_wconf 91' lang='lat' dir='ltr'><strong>puer</strong></span> <span class='ocrx_word' id='word_1_508' title='bbox 1217 3156 1393 3209; x_wconf 91' lang='lat' dir='ltr'><strong>meus,</strong></span> <span class='ocrx_word' id='word_1_509' title='bbox 1444 3143 1739 3213; x_wconf 87' lang='lat' dir='ltr'><strong>suscipiam</strong></span> <span class='ocrx_word' id='word_1_510' title='bbox 1798 3159 1943 3209; x_wconf 90' lang='lat' dir='ltr'><strong>eum,</strong></span> 
     </span>
    </p>
   </div>
   <div class='ocr_carea' id='block_1_60' title="bbox 2189 3138 3739 3215">
    <p class='ocr_par' dir='ltr' id='par_1_60' title="bbox 2189 3140 3739 3215">
     <span class='ocr_line' id='line_1_60' title="bbox 2189 3140 3739 3215; baseline -0.002 -18"><span class='ocrx_word' id='word_1_511' title='bbox 2189 3144 2388 3215; x_wconf 79' lang='grc' dir='ltr'>ραλαίῳ</span> <span class='ocrx_word' id='word_1_512' title='bbox 2421 3145 2656 3214; x_wconf 87' lang='grc' dir='ltr'>ἐλέγετο·</span> <span class='ocrx_word' id='word_1_513' title='bbox 2694 3164 2712 3196; x_wconf 81' lang='grc' dir='ltr'><strong>ι</strong></span> <span class='ocrx_word' id='word_1_514' title='bbox 2756 3143 2950 3197; x_wconf 83' lang='grc' dir='ltr'>Ἰακὼϐ</span> <span class='ocrx_word' id='word_1_515' title='bbox 2992 3144 3020 3194; x_wconf 91' lang='lat'><strong>6</strong></span> <span class='ocrx_word' id='word_1_516' title='bbox 3054 3146 3183 3207; x_wconf 86' lang='grc' dir='ltr'>παῖς</span> <span class='ocrx_word' id='word_1_517' title='bbox 3223 3161 3359 3214; x_wconf 85' lang='grc' dir='ltr'>μου,</span> <span class='ocrx_word' id='word_1_518' title='bbox 3392 3140 3636 3210; x_wconf 68' lang='grc' dir='ltr'>ἀντιλήψο·</span> <span class='ocrx_word' id='word_1_519' title='bbox 3732 3204 3739 3213; x_wconf 24' lang='grc' dir='ltr'>ἰ</span> 
     </span>
    </p>
   </div>
   <div class='ocr_carea' id='block_1_61' title="bbox 434 3230 1984 3313">
    <p class='ocr_par' dir='ltr' id='par_1_61' title="bbox 434 3230 1977 3313">
     <span class='ocr_line' id='line_1_61' title="bbox 434 3230 1977 3313; baseline 0.005 -31"><span class='ocrx_word' id='word_1_520' title='bbox 434 3240 491 3284; x_wconf 72' lang='lat' dir='ltr'><strong>et</strong></span> <span class='ocrx_word' id='word_1_521' title='bbox 522 3245 642 3300; x_wconf 64' lang='lat' dir='ltr'><strong>quae</strong></span> <span class='ocrx_word' id='word_1_522' title='bbox 671 3231 1011 3304; x_wconf 85' lang='lat' dir='ltr'><strong>sequuntur?</strong></span> <span class='ocrx_word' id='word_1_523' title='bbox 1035 3230 1166 3298; x_wconf 62' lang='lat' dir='ltr'><strong>Quae</strong></span> <span class='ocrx_word' id='word_1_524' title='bbox 1209 3232 1426 3303; x_wconf 90' lang='lat' dir='ltr'><strong>quidem</strong></span> <span class='ocrx_word' id='word_1_525' title='bbox 1458 3234 1746 3291; x_wconf 81' lang='lat' dir='ltr'><strong>manifeste</strong></span> <span class='ocrx_word' id='word_1_526' title='bbox 1791 3234 1857 3313; x_wconf 81' lang='lat' dir='ltr'><strong>de</strong></span> <span class='ocrx_word' id='word_1_527' title='bbox 1888 3234 1977 3291; x_wconf 85' lang='lat' dir='ltr'><strong>Sal</strong></span> 
     </span>
    </p>
   </div>
   <div class='ocr_carea' id='block_1_62' title="bbox 2088 3230 3638 3313">
    <p class='ocr_par' dir='ltr' id='par_1_62' title="bbox 2111 3230 3638 3309">
     <span class='ocr_line' id='line_1_62' title="bbox 2111 3230 3638 3309; baseline -0.007 -18"><span class='ocrx_word' id='word_1_528' title='bbox 2111 3255 2205 3309; x_wconf 85' lang='grc' dir='ltr'><strong>μαι</strong></span> <span class='ocrx_word' id='word_1_529' title='bbox 2243 3235 2430 3301; x_wconf 78' lang='grc' dir='ltr'>αὐτοῦ,</span> <span class='ocrx_word' id='word_1_530' title='bbox 2474 3258 2492 3290; x_wconf 73' lang='grc' dir='ltr'><strong>ι</strong></span> <span class='ocrx_word' id='word_1_531' title='bbox 2530 3237 2625 3290; x_wconf 77' lang='grc' dir='ltr'>καὶ</span> <span class='ocrx_word' id='word_1_532' title='bbox 2673 3235 2741 3289; x_wconf 82' lang='grc' dir='ltr'>τὰ</span> <span class='ocrx_word' id='word_1_533' title='bbox 2790 3236 2952 3307; x_wconf 52' lang='lat' dir='ltr'><strong>eam;</strong></span> <span class='ocrx_word' id='word_1_534' title='bbox 3006 3234 3162 3289; x_wconf 76' lang='grc' dir='ltr'>ἅτινα</span> <span class='ocrx_word' id='word_1_535' title='bbox 3217 3235 3405 3304; x_wconf 77' lang='grc' dir='ltr'>σαφῶς</span> <span class='ocrx_word' id='word_1_536' title='bbox 3442 3234 3526 3288; x_wconf 66' lang='grc' dir='ltr'>ἐπὶ</span> <span class='ocrx_word' id='word_1_537' title='bbox 3568 3230 3638 3283; x_wconf 78' lang='grc' dir='ltr'><strong>τὸν</strong></span> 
     </span>
    </p>
   </div>
   <div class='ocr_carea' id='block_1_63' title="bbox 436 3323 1986 3401">
    <p class='ocr_par' dir='ltr' id='par_1_63' title="bbox 436 3323 1986 3398">
     <span class='ocr_line' id='line_1_63' title="bbox 436 3323 1986 3398; baseline 0.008 -27"><span class='ocrx_word' id='word_1_538' title='bbox 436 3330 624 3378; x_wconf 62' lang='lat' dir='ltr'><strong>a-atore</strong></span> <span class='ocrx_word' id='word_1_539' title='bbox 653 3323 987 3395; x_wconf 81' lang='lat' dir='ltr'><strong>Dominoque</strong></span> <span class='ocrx_word' id='word_1_540' title='bbox 1013 3331 1204 3381; x_wconf 85' lang='lat' dir='ltr'><strong>nostro</strong></span> <span class='ocrx_word' id='word_1_541' title='bbox 1222 3323 1353 3382; x_wconf 83' lang='lat' dir='ltr'><strong>Jesu</strong></span> <span class='ocrx_word' id='word_1_542' title='bbox 1382 3327 1759 3398; x_wconf 84' lang='lat' dir='ltr'><strong>prophetizata</strong></span> <span class='ocrx_word' id='word_1_543' title='bbox 1783 3328 1986 3384; x_wconf 83' lang='lat' dir='ltr'><strong>demon</strong></span> 
     </span>
    </p>
   </div>
   <div class='ocr_carea' id='block_1_64' title="bbox 2089 3323 3639 3401">
    <p class='ocr_par' dir='ltr' id='par_1_64' title="bbox 2107 3326 3639 3401">
     <span class='ocr_line' id='line_1_64' title="bbox 2107 3326 3639 3401; baseline -0.006 -18"><span class='ocrx_word' id='word_1_544' title='bbox 2107 3329 2335 3401; x_wconf 85' lang='grc' dir='ltr'>Σωτῆρα</span> <span class='ocrx_word' id='word_1_545' title='bbox 2365 3329 2459 3382; x_wconf 78' lang='grc' dir='ltr'>καὶ</span> <span class='ocrx_word' id='word_1_546' title='bbox 2492 3328 2693 3400; x_wconf 81' lang='grc' dir='ltr'>Κύριον</span> <span class='ocrx_word' id='word_1_547' title='bbox 2723 3329 2880 3399; x_wconf 78' lang='grc' dir='ltr'>ἡμῶν</span> <span class='ocrx_word' id='word_1_548' title='bbox 2917 3326 3121 3399; x_wconf 79' lang='grc' dir='ltr'>Ἰησοῦν</span> <span class='ocrx_word' id='word_1_549' title='bbox 3167 3326 3513 3380; x_wconf 85' lang='grc' dir='ltr'>ἀπεδείκνυτο</span> <span class='ocrx_word' id='word_1_550' title='bbox 3539 3338 3639 3393; x_wconf 79' lang='grc' dir='ltr'>προ-</span> 
     </span>
    </p>
   </div>
   <div class='ocr_carea' id='block_1_65' title="bbox 437 3418 1987 3490">
    <p class='ocr_par' dir='ltr' id='par_1_65' title="bbox 437 3418 780 3468">
     <span class='ocr_line' id='line_1_65' title="bbox 437 3418 780 3468; baseline 0.012 -4"><span class='ocrx_word' id='word_1_551' title='bbox 437 3418 606 3466; x_wconf 82' lang='lat' dir='ltr'><strong>strata</strong></span> <span class='ocrx_word' id='word_1_552' title='bbox 631 3419 780 3468; x_wconf 89' lang='lat' dir='ltr'><strong>sunt.</strong></span> 
     </span>
    </p>
   </div>
   <div class='ocr_carea' id='block_1_66' title="bbox 963 3418 2513 3490">
    <p class='ocr_par' dir='ltr' id='par_1_66' title="bbox 2110 3419 2513 3490">
     <span class='ocr_line' id='line_1_66' title="bbox 2110 3419 2513 3490; baseline 0.002 -18"><span class='ocrx_word' id='word_1_553' title='bbox 2110 3436 2352 3490; x_wconf 83' lang='grc' dir='ltr'>πεφητευ</span> <span class='ocrx_word' id='word_1_554' title='bbox 2359 3419 2513 3490; x_wconf 86' lang='grc' dir='ltr'>μένα.</span> 
     </span>
    </p>
   </div>
   <div class='ocr_carea' id='block_1_67' title="bbox 1017 3526 2567 3586">
    <p class='ocr_par' dir='ltr' id='par_1_67' title="bbox 1017 3526 1448 3584">
     <span class='ocr_line' id='line_1_67' title="bbox 1017 3526 1448 3584; baseline 0.007 -3"><span class='ocrx_word' id='word_1_555' title='bbox 1017 3526 1244 3583; x_wconf 79' lang='lat' dir='ltr'><strong>CAPUT</strong></span> <span class='ocrx_word' id='word_1_556' title='bbox 1281 3527 1448 3584; x_wconf 79' lang='lat' dir='ltr'><strong>XXII.</strong></span> 
     </span>
    </p>
   </div>
   <div class='ocr_carea' id='block_1_68' title="bbox 1627 3526 3177 3586">
    <p class='ocr_par' dir='ltr' id='par_1_68' title="bbox 2607 3531 3177 3586">
     <span class='ocr_line' id='line_1_68' title="bbox 2607 3531 3177 3586; baseline -0.007 0"><span class='ocrx_word' id='word_1_557' title='bbox 2607 3531 3005 3586; x_wconf 80' lang='grc' dir='ltr'><strong>ΚΕΦΑΔΑΙΟΝ</strong></span> <span class='ocrx_word' id='word_1_558' title='bbox 3051 3531 3177 3584; x_wconf 84' lang='lat' dir='ltr'><strong>KB&#39;.</strong></span> 
     </span>
    </p>
   </div>
   <div class='ocr_carea' id='block_1_69' title="bbox 511 3612 2061 3694">
    <p class='ocr_par' dir='ltr' id='par_1_69' title="bbox 511 3617 2006 3691">
     <span class='ocr_line' id='line_1_69' title="bbox 511 3617 2006 3691; baseline 0.003 -21"><span class='ocrx_word' id='word_1_559' title='bbox 511 3635 531 3669; x_wconf 81' lang='grc' dir='ltr'><strong>ι</strong></span> <span class='ocrx_word' id='word_1_560' title='bbox 567 3617 706 3672; x_wconf 82' lang='lat' dir='ltr'><strong>Ecce</strong></span> <span class='ocrx_word' id='word_1_561' title='bbox 720 3633 820 3689; x_wconf 79' lang='lat' dir='ltr'><strong>ego</strong></span> <span class='ocrx_word' id='word_1_562' title='bbox 846 3617 1108 3676; x_wconf 87' lang='lat' dir='ltr'><strong>Dominus</strong></span> <span class='ocrx_word' id='word_1_563' title='bbox 1124 3619 1225 3676; x_wconf 86' lang='lat' dir='ltr'><strong>feci</strong></span> <span class='ocrx_word' id='word_1_564' title='bbox 1245 3628 1465 3686; x_wconf 85' lang='lat' dir='ltr'><strong>terram,</strong></span> <span class='ocrx_word' id='word_1_565' title='bbox 1484 3621 1824 3687; x_wconf 34' lang='lat' dir='ltr'><strong>etIhominem</strong></span> <span class='ocrx_word' id='word_1_566' title='bbox 1844 3637 2006 3691; x_wconf 86' lang='lat' dir='ltr'><strong>super</strong></span> 
     </span>
    </p>
   </div>
   <div class='ocr_carea' id='block_1_70' title="bbox 2091 3612 3641 3694">
    <p class='ocr_par' dir='ltr' id='par_1_70' title="bbox 2182 3612 3641 3694">
     <span class='ocr_line' id='line_1_70' title="bbox 2182 3612 3641 3694; baseline -0.005 -21"><span class='ocrx_word' id='word_1_567' title='bbox 2182 3641 2201 3673; x_wconf 79' lang='grc' dir='ltr'><strong>ι</strong></span> <span class='ocrx_word' id='word_1_568' title='bbox 2227 3620 2367 3690; x_wconf 86' lang='grc' dir='ltr'><strong>Ἐγὼ</strong></span> <span class='ocrx_word' id='word_1_569' title='bbox 2394 3622 2623 3693; x_wconf 82' lang='grc' dir='ltr'>ἐποίησα</span> <span class='ocrx_word' id='word_1_570' title='bbox 2656 3622 2779 3692; x_wconf 83' lang='grc' dir='ltr'>γῆν,</span> <span class='ocrx_word' id='word_1_571' title='bbox 2808 3623 2901 3676; x_wconf 74' lang='grc' dir='ltr'><strong>καὶ</strong></span> <span class='ocrx_word' id='word_1_572' title='bbox 2928 3621 3215 3694; x_wconf 78' lang='grc' dir='ltr'>ἄνθρωπον</span> <span class='ocrx_word' id='word_1_573' title='bbox 3232 3620 3497 3688; x_wconf 75' lang='grc' dir='ltr'>ἐπάὐτῆς</span> <span class='ocrx_word' id='word_1_574' title='bbox 3514 3635 3525 3646; x_wconf 94' lang='grc'><strong>·</strong></span> <span class='ocrx_word' id='word_1_575' title='bbox 3553 3612 3641 3683; x_wconf 83' lang='grc' dir='ltr'>ἐγὼ</span> 
     </span>
    </p>
   </div>
   <div class='ocr_carea' id='block_1_71' title="bbox 436 3707 1986 3783">
    <p class='ocr_par' dir='ltr' id='par_1_71' title="bbox 436 3709 1986 3780">
     <span class='ocr_line' id='line_1_71' title="bbox 436 3709 1986 3780; baseline 0.001 -19"><span class='ocrx_word' id='word_1_576' title='bbox 436 3723 590 3775; x_wconf 74' lang='lat' dir='ltr'><strong>eam;</strong></span> <span class='ocrx_word' id='word_1_577' title='bbox 624 3724 724 3779; x_wconf 87' lang='lat' dir='ltr'><strong>ego</strong></span> <span class='ocrx_word' id='word_1_578' title='bbox 755 3723 918 3763; x_wconf 89' lang='lat' dir='ltr'><strong>manu</strong></span> <span class='ocrx_word' id='word_1_579' title='bbox 942 3725 1061 3764; x_wconf 90' lang='lat' dir='ltr'><strong>mea</strong></span> <span class='ocrx_word' id='word_1_580' title='bbox 1095 3709 1427 3766; x_wconf 82' lang='lat' dir='ltr'><strong>consolidavi</strong></span> <span class='ocrx_word' id='word_1_581' title='bbox 1465 3709 1684 3774; x_wconf 71' lang='lat' dir='ltr'><strong>caelum,</strong></span> <span class='ocrx_word' id='word_1_582' title='bbox 1709 3725 1810 3780; x_wconf 80' lang='lat' dir='ltr'><strong>ego</strong></span> <span class='ocrx_word' id='word_1_583' title='bbox 1829 3711 1986 3764; x_wconf 90' lang='lat' dir='ltr'><strong>omni-</strong></span> 
     </span>
    </p>
   </div>
   <div class='ocr_carea' id='block_1_72' title="bbox 2088 3707 3638 3783">
    <p class='ocr_par' dir='ltr' id='par_1_72' title="bbox 2104 3707 3638 3783">
     <span class='ocr_line' id='line_1_72' title="bbox 2104 3707 3638 3783; baseline -0.004 -18"><span class='ocrx_word' id='word_1_584' title='bbox 2104 3716 2169 3783; x_wconf 77' lang='grc' dir='ltr'>τῇ</span> <span class='ocrx_word' id='word_1_585' title='bbox 2204 3712 2345 3783; x_wconf 88' lang='grc' dir='ltr'>χειρί</span> <span class='ocrx_word' id='word_1_586' title='bbox 2377 3729 2479 3783; x_wconf 88' lang='grc' dir='ltr'><strong>μου</strong></span> <span class='ocrx_word' id='word_1_587' title='bbox 2520 3712 2823 3783; x_wconf 83' lang='grc' dir='ltr'>ἐστερέωσα</span> <span class='ocrx_word' id='word_1_588' title='bbox 2850 3713 2940 3766; x_wconf 87' lang='grc' dir='ltr'><strong>τὸν</strong></span> <span class='ocrx_word' id='word_1_589' title='bbox 2967 3712 3194 3783; x_wconf 83' lang='grc' dir='ltr'>οὐρανόν</span> <span class='ocrx_word' id='word_1_590' title='bbox 3214 3731 3228 3744; x_wconf 91' lang='grc'><strong>·</strong></span> <span class='ocrx_word' id='word_1_591' title='bbox 3270 3711 3380 3780; x_wconf 88' lang='grc' dir='ltr'>ἐγὼ</span> <span class='ocrx_word' id='word_1_592' title='bbox 3408 3711 3530 3762; x_wconf 77' lang='grc' dir='ltr'>πᾶσι</span> <span class='ocrx_word' id='word_1_593' title='bbox 3551 3707 3638 3767; x_wconf 82' lang='grc' dir='ltr'>τοῖς</span> 
     </span>
    </p>
   </div>
   <div class='ocr_carea' id='block_1_73' title="bbox 438 3795 1988 3876">
    <p class='ocr_par' dir='ltr' id='par_1_73' title="bbox 438 3799 1988 3871">
     <span class='ocr_line' id='line_1_73' title="bbox 438 3799 1988 3871; baseline 0.001 -19"><span class='ocrx_word' id='word_1_594' title='bbox 438 3801 537 3855; x_wconf 68' lang='lat' dir='ltr'><strong>lius</strong></span> <span class='ocrx_word' id='word_1_595' title='bbox 566 3800 731 3856; x_wconf 85' lang='lat' dir='ltr'><strong>astris</strong></span> <span class='ocrx_word' id='word_1_596' title='bbox 757 3799 1027 3857; x_wconf 83' lang='lat' dir='ltr'><strong>mandavi.</strong></span> <span class='ocrx_word' id='word_1_597' title='bbox 1061 3802 1173 3871; x_wconf 87' lang='lat' dir='ltr'><strong>Ego</strong></span> <span class='ocrx_word' id='word_1_598' title='bbox 1207 3800 1468 3857; x_wconf 88' lang='lat' dir='ltr'><strong>suscitavi</strong></span> <span class='ocrx_word' id='word_1_599' title='bbox 1489 3816 1612 3855; x_wconf 91' lang='lat' dir='ltr'><strong>eum</strong></span> <span class='ocrx_word' id='word_1_600' title='bbox 1639 3815 1763 3855; x_wconf 90' lang='lat' dir='ltr'><strong>cum</strong></span> <span class='ocrx_word' id='word_1_601' title='bbox 1787 3800 1988 3870; x_wconf 79' lang='lat' dir='ltr'><strong>justiti:</strong></span> 
     </span>
    </p>
   </div>
   <div class='ocr_carea' id='block_1_74' title="bbox 2089 3795 3639 3876">
    <p class='ocr_par' dir='ltr' id='par_1_74' title="bbox 2105 3795 3639 3876">
     <span class='ocr_line' id='line_1_74' title="bbox 2105 3795 3639 3876; baseline -0.007 -18"><span class='ocrx_word' id='word_1_602' title='bbox 2105 3804 2323 3876; x_wconf 76' lang='grc' dir='ltr'>ἄστροις</span> <span class='ocrx_word' id='word_1_603' title='bbox 2373 3802 2740 3873; x_wconf 82' lang='grc' dir='ltr'>ἐνετειλάμην.</span> <span class='ocrx_word' id='word_1_604' title='bbox 2786 3801 2927 3871; x_wconf 86' lang='grc' dir='ltr'><strong>Ἐγὼ</strong></span> <span class='ocrx_word' id='word_1_605' title='bbox 2971 3803 3166 3874; x_wconf 71' lang='grc' dir='ltr'>ἤγειρα</span> <span class='ocrx_word' id='word_1_606' title='bbox 3210 3800 3374 3855; x_wconf 82' lang='grc' dir='ltr'>αὑτὸν</span> <span class='ocrx_word' id='word_1_607' title='bbox 3418 3796 3542 3871; x_wconf 81' lang='grc' dir='ltr'><strong>μετᾶ</strong></span> <span class='ocrx_word' id='word_1_608' title='bbox 3577 3795 3639 3848; x_wconf 82' lang='grc' dir='ltr'>δι·</span> 
     </span>
    </p>
   </div>
   <div class='ocr_carea' id='block_1_75' title="bbox 438 3887 1988 3965">
    <p class='ocr_par' dir='ltr' id='par_1_75' title="bbox 438 3888 1988 3963">
     <span class='ocr_line' id='line_1_75' title="bbox 438 3888 1988 3963; baseline 0.001 -20"><span class='ocrx_word' id='word_1_609' title='bbox 438 3906 638 3963; x_wconf 85' lang='lat' dir='ltr'><strong>rcgem,</strong></span> <span class='ocrx_word' id='word_1_610' title='bbox 661 3899 715 3946; x_wconf 89' lang='lat' dir='ltr'><strong>et</strong></span> <span class='ocrx_word' id='word_1_611' title='bbox 743 3905 934 3947; x_wconf 89' lang='lat' dir='ltr'><strong>omnes</strong></span> <span class='ocrx_word' id='word_1_612' title='bbox 962 3891 1064 3946; x_wconf 74' lang='lat' dir='ltr'><strong>via:</strong></span> <span class='ocrx_word' id='word_1_613' title='bbox 1103 3892 1220 3961; x_wconf 90' lang='lat' dir='ltr'><strong>ejus</strong></span> <span class='ocrx_word' id='word_1_614' title='bbox 1255 3898 1437 3947; x_wconf 61' lang='lat' dir='ltr'><strong>rectae.</strong></span> <span class='ocrx_word' id='word_1_615' title='bbox 1469 3888 1571 3945; x_wconf 86' lang='lat' dir='ltr'><strong>Hic</strong></span> <span class='ocrx_word' id='word_1_616' title='bbox 1597 3889 1885 3946; x_wconf 66' lang='lat' dir='ltr'><strong>aedificabit</strong></span> <span class='ocrx_word' id='word_1_617' title='bbox 1929 3890 1988 3944; x_wconf 85' lang='lat' dir='ltr'><strong>ci-</strong></span> 
     </span>
    </p>
   </div>
   <div class='ocr_carea' id='block_1_76' title="bbox 2086 3887 3636 3965">
    <p class='ocr_par' dir='ltr' id='par_1_76' title="bbox 2105 3887 3636 3965">
     <span class='ocr_line' id='line_1_76' title="bbox 2105 3887 3636 3965; baseline -0.01 -15"><span class='ocrx_word' id='word_1_618' title='bbox 2105 3895 2395 3965; x_wconf 81' lang='grc' dir='ltr'>καιοσύνης</span> <span class='ocrx_word' id='word_1_619' title='bbox 2431 3894 2673 3965; x_wconf 81' lang='grc' dir='ltr'>βασιλέα,</span> <span class='ocrx_word' id='word_1_620' title='bbox 2708 3895 2801 3947; x_wconf 71' lang='grc' dir='ltr'>καὶ</span> <span class='ocrx_word' id='word_1_621' title='bbox 2835 3894 3003 3946; x_wconf 75' lang='grc' dir='ltr'>πᾶσαι</span> <span class='ocrx_word' id='word_1_622' title='bbox 3037 3895 3092 3947; x_wconf 79' lang='lat' dir='ltr'><strong>ai</strong></span> <span class='ocrx_word' id='word_1_623' title='bbox 3120 3892 3233 3945; x_wconf 73' lang='grc' dir='ltr'>ὁδοὶ</span> <span class='ocrx_word' id='word_1_624' title='bbox 3257 3890 3420 3945; x_wconf 74' lang='grc' dir='ltr'>αὐτοῦ</span> <span class='ocrx_word' id='word_1_625' title='bbox 3449 3887 3636 3956; x_wconf 66' lang='grc' dir='ltr'>εὐθεῖαι.</span> 
     </span>
    </p>
   </div>
   <div class='ocr_carea' id='block_1_77' title="bbox 437 3980 1987 4059">
    <p class='ocr_par' dir='ltr' id='par_1_77' title="bbox 437 3982 1987 4052">
     <span class='ocr_line' id='line_1_77' title="bbox 437 3982 1987 4052; baseline -0.003 -16"><span class='ocrx_word' id='word_1_626' title='bbox 437 3986 657 4039; x_wconf 74' lang='lat' dir='ltr'><strong>vitalem</strong></span> <span class='ocrx_word' id='word_1_627' title='bbox 691 3999 886 4047; x_wconf 86' lang='lat' dir='ltr'><strong>meam,</strong></span> <span class='ocrx_word' id='word_1_628' title='bbox 917 3993 971 4039; x_wconf 91' lang='lat' dir='ltr'><strong>et</strong></span> <span class='ocrx_word' id='word_1_629' title='bbox 1022 3985 1388 4052; x_wconf 84' lang='lat' dir='ltr'><strong>captivitatem</strong></span> <span class='ocrx_word' id='word_1_630' title='bbox 1448 3982 1633 4052; x_wconf 90' lang='lat' dir='ltr'><strong>populi</strong></span> <span class='ocrx_word' id='word_1_631' title='bbox 1686 3989 1987 4038; x_wconf 20' lang='lat' dir='ltr'><strong>convertet.</strong></span> 
     </span>
    </p>
   </div>
   <div class='ocr_carea' id='block_1_78' title="bbox 2090 3980 3640 4059">
    <p class='ocr_par' dir='ltr' id='par_1_78' title="bbox 2105 3980 3640 4059">
     <span class='ocr_line' id='line_1_78' title="bbox 2105 3980 3640 4059; baseline -0.006 -18"><span class='ocrx_word' id='word_1_632' title='bbox 2105 3982 2271 4049; x_wconf 78' lang='grc' dir='ltr'>Οὗτος</span> <span class='ocrx_word' id='word_1_633' title='bbox 2303 3988 2644 4059; x_wconf 78' lang='grc' dir='ltr'>οἰκοδομήσει</span> <span class='ocrx_word' id='word_1_634' title='bbox 2680 3988 2777 4056; x_wconf 84' lang='grc' dir='ltr'>τὴν</span> <span class='ocrx_word' id='word_1_635' title='bbox 2801 3986 2952 4040; x_wconf 89' lang='grc' dir='ltr'>πόλιν</span> <span class='ocrx_word' id='word_1_636' title='bbox 2993 4003 3113 4056; x_wconf 89' lang='grc' dir='ltr'>μου,</span> <span class='ocrx_word' id='word_1_637' title='bbox 3144 3986 3242 4039; x_wconf 75' lang='grc' dir='ltr'><strong>καὶ</strong></span> <span class='ocrx_word' id='word_1_638' title='bbox 3275 3986 3374 4055; x_wconf 72' lang='grc' dir='ltr'>τὴν</span> <span class='ocrx_word' id='word_1_639' title='bbox 3401 3980 3640 4053; x_wconf 79' lang='grc' dir='ltr'>αἰχμαλω·</span> 
     </span>
    </p>
   </div>
   <div class='ocr_carea' id='block_1_79' title="bbox 438 4070 1988 4151">
    <p class='ocr_par' dir='ltr' id='par_1_79' title="bbox 438 4072 1988 4146">
     <span class='ocr_line' id='line_1_79' title="bbox 438 4072 1988 4146; baseline -0.001 -16"><span class='ocrx_word' id='word_1_640' title='bbox 438 4092 556 4131; x_wconf 74' lang='lat' dir='ltr'><strong>non&#39;</strong></span> <span class='ocrx_word' id='word_1_641' title='bbox 578 4076 783 4146; x_wconf 85' lang='lat' dir='ltr'><strong>pretio,</strong></span> <span class='ocrx_word' id='word_1_642' title='bbox 834 4090 1011 4145; x_wconf 89' lang='lat' dir='ltr'><strong>neque</strong></span> <span class='ocrx_word' id='word_1_643' title='bbox 1047 4076 1366 4131; x_wconf 86' lang='lat' dir='ltr'><strong>muneribus</strong></span> <span class='ocrx_word' id='word_1_644' title='bbox 1386 4114 1401 4138; x_wconf 93' lang='lat'><strong>,</strong></span> <span class='ocrx_word' id='word_1_645' title='bbox 1455 4073 1587 4130; x_wconf 87' lang='lat' dir='ltr'><strong>dicit</strong></span> <span class='ocrx_word' id='word_1_646' title='bbox 1619 4073 1880 4129; x_wconf 89' lang='lat' dir='ltr'><strong>Dominus</strong></span> <span class='ocrx_word' id='word_1_647' title='bbox 1912 4072 1988 4128; x_wconf 78' lang='lat' dir='ltr'><strong>Sa</strong></span> 
     </span>
    </p>
   </div>
   <div class='ocr_carea' id='block_1_80' title="bbox 2088 4070 3638 4151">
    <p class='ocr_par' dir='ltr' id='par_1_80' title="bbox 2106 4070 3638 4151">
     <span class='ocr_line' id='line_1_80' title="bbox 2106 4070 3638 4151; baseline -0.007 -17"><span class='ocrx_word' id='word_1_648' title='bbox 2106 4079 2225 4134; x_wconf 87' lang='grc' dir='ltr'>σίαν</span> <span class='ocrx_word' id='word_1_649' title='bbox 2256 4078 2349 4133; x_wconf 81' lang='grc' dir='ltr'>τοῦ</span> <span class='ocrx_word' id='word_1_650' title='bbox 2382 4079 2508 4134; x_wconf 81' lang='grc' dir='ltr'>λαοῦ</span> <span class='ocrx_word' id='word_1_651' title='bbox 2546 4097 2646 4151; x_wconf 89' lang='grc' dir='ltr'><strong>μου</strong></span> <span class='ocrx_word' id='word_1_652' title='bbox 2678 4078 3011 4150; x_wconf 73' lang='grc' dir='ltr'>ἐπιστρέψει,</span> <span class='ocrx_word' id='word_1_653' title='bbox 3041 4079 3101 4132; x_wconf 78' lang='grc' dir='ltr'><strong>οὐ</strong></span> <span class='ocrx_word' id='word_1_654' title='bbox 3144 4077 3287 4148; x_wconf 77' lang='grc' dir='ltr'>μετὰ</span> <span class='ocrx_word' id='word_1_655' title='bbox 3315 4076 3515 4147; x_wconf 81' lang='grc' dir='ltr'>δώρων.</span> <span class='ocrx_word' id='word_1_656' title='bbox 3542 4070 3638 4125; x_wconf 70' lang='grc' dir='ltr'>οὐδὲ</span> 
     </span>
    </p>
   </div>
   <div class='ocr_carea' id='block_1_81' title="bbox 438 4162 1988 4244">
    <p class='ocr_par' dir='ltr' id='par_1_81' title="bbox 438 4164 1988 4237">
     <span class='ocr_line' id='line_1_81' title="bbox 438 4164 1988 4237; baseline 0 -18"><span class='ocrx_word' id='word_1_657' title='bbox 438 4165 621 4222; x_wconf 81' lang='lat' dir='ltr'><strong>liaoth.</strong></span> <span class='ocrx_word' id='word_1_658' title='bbox 652 4164 743 4221; x_wconf 91' lang='lat' dir='ltr'><strong>Sic</strong></span> <span class='ocrx_word' id='word_1_659' title='bbox 766 4166 900 4221; x_wconf 91' lang='lat' dir='ltr'><strong>dicit</strong></span> <span class='ocrx_word' id='word_1_660' title='bbox 931 4164 1194 4221; x_wconf 91' lang='lat' dir='ltr'><strong>Dominus</strong></span> <span class='ocrx_word' id='word_1_661' title='bbox 1216 4164 1453 4221; x_wconf 88' lang='lat' dir='ltr'><strong>Sabaoth</strong></span> <span class='ocrx_word' id='word_1_662' title='bbox 1481 4180 1494 4216; x_wconf 92' lang='lat'><strong>:</strong></span> <span class='ocrx_word' id='word_1_663' title='bbox 1528 4164 1988 4237; x_wconf 64' lang='lat' dir='ltr'><strong>LaboravitIEgy-</strong></span> 
     </span>
    </p>
   </div>
   <div class='ocr_carea' id='block_1_82' title="bbox 2089 4162 3639 4244">
    <p class='ocr_par' dir='ltr' id='par_1_82' title="bbox 2108 4162 3639 4244">
     <span class='ocr_line' id='line_1_82' title="bbox 2108 4162 3639 4244; baseline -0.009 -18"><span class='ocrx_word' id='word_1_664' title='bbox 2108 4172 2245 4243; x_wconf 83' lang='grc' dir='ltr'>μετὰ</span> <span class='ocrx_word' id='word_1_665' title='bbox 2292 4171 2520 4244; x_wconf 87' lang='grc' dir='ltr'>λύτρων,</span> <span class='ocrx_word' id='word_1_666' title='bbox 2567 4167 2716 4223; x_wconf 77' lang='grc' dir='ltr'>εἶπεν</span> <span class='ocrx_word' id='word_1_667' title='bbox 2756 4169 2959 4241; x_wconf 86' lang='grc' dir='ltr'>Κύριος</span> <span class='ocrx_word' id='word_1_668' title='bbox 3001 4168 3250 4222; x_wconf 80' lang='grc' dir='ltr'>Σαϐαὼθ.</span> <span class='ocrx_word' id='word_1_669' title='bbox 3298 4166 3479 4229; x_wconf 74' lang='grc' dir='ltr'>Οὕτως</span> <span class='ocrx_word' id='word_1_670' title='bbox 3519 4162 3639 4228; x_wconf 79' lang='grc' dir='ltr'>λέγει</span> 
     </span>
    </p>
   </div>
   <div class='ocr_carea' id='block_1_83' title="bbox 438 4253 1988 4335">
    <p class='ocr_par' dir='ltr' id='par_1_83' title="bbox 438 4254 1988 4329">
     <span class='ocr_line' id='line_1_83' title="bbox 438 4254 1988 4329; baseline 0.001 -18"><span class='ocrx_word' id='word_1_671' title='bbox 438 4266 580 4328; x_wconf 83' lang='lat' dir='ltr'><strong>plus,</strong></span> <span class='ocrx_word' id='word_1_672' title='bbox 606 4267 661 4313; x_wconf 91' lang='lat' dir='ltr'><strong>et</strong></span> <span class='ocrx_word' id='word_1_673' title='bbox 689 4258 981 4329; x_wconf 87' lang='lat' dir='ltr'><strong>negotiatio</strong></span> <span class='ocrx_word' id='word_1_674' title='bbox 1013 4256 1366 4329; x_wconf 63' lang='lat' dir='ltr'><strong>Ethiopum,</strong></span> <span class='ocrx_word' id='word_1_675' title='bbox 1418 4265 1473 4311; x_wconf 90' lang='lat' dir='ltr'><strong>et</strong></span> <span class='ocrx_word' id='word_1_676' title='bbox 1506 4254 1723 4311; x_wconf 87' lang='lat' dir='ltr'><strong>Sabaim</strong></span> <span class='ocrx_word' id='word_1_677' title='bbox 1756 4257 1859 4311; x_wconf 91' lang='lat' dir='ltr'><strong>viri</strong></span> <span class='ocrx_word' id='word_1_678' title='bbox 1907 4274 1988 4312; x_wconf 65' lang='grc' dir='ltr'><strong>εις</strong></span> 
     </span>
    </p>
   </div>
   <div class='ocr_carea' id='block_1_84' title="bbox 2089 4253 3639 4335">
    <p class='ocr_par' dir='ltr' id='par_1_84' title="bbox 2105 4253 3639 4335">
     <span class='ocr_line' id='line_1_84' title="bbox 2105 4253 3639 4335; baseline -0.008 -20"><span class='ocrx_word' id='word_1_679' title='bbox 2105 4262 2305 4335; x_wconf 84' lang='grc' dir='ltr'>Κύριος</span> <span class='ocrx_word' id='word_1_680' title='bbox 2333 4259 2557 4315; x_wconf 82' lang='grc' dir='ltr'>Σαϐαὼθ</span> <span class='ocrx_word' id='word_1_681' title='bbox 2579 4277 2593 4291; x_wconf 80' lang='grc'><strong>’</strong></span> <span class='ocrx_word' id='word_1_682' title='bbox 2636 4261 2955 4313; x_wconf 89' lang='grc' dir='ltr'>Ἐκοπίασεν</span> <span class='ocrx_word' id='word_1_683' title='bbox 2982 4260 3276 4327; x_wconf 79' lang='grc' dir='ltr'>Αἴγυπτος,</span> <span class='ocrx_word' id='word_1_684' title='bbox 3314 4257 3406 4311; x_wconf 76' lang='grc' dir='ltr'>καὶ</span> <span class='ocrx_word' id='word_1_685' title='bbox 3436 4253 3639 4325; x_wconf 77' lang='grc' dir='ltr'>ἐμπορία</span> 
     </span>
    </p>
   </div>
   <div class='ocr_carea' id='block_1_85' title="bbox 434 4315 1984 4421">
    <p class='ocr_par' dir='ltr' id='par_1_85' title="bbox 434 4315 1984 4416">
     <span class='ocr_line' id='line_1_85' title="bbox 434 4315 1984 4416; baseline -0.002 -14"><span class='ocrx_word' id='word_1_686' title='bbox 434 4315 565 4404; x_wconf 62' lang='lat' dir='ltr'><strong>celsi</strong></span> <span class='ocrx_word' id='word_1_687' title='bbox 597 4347 664 4402; x_wconf 86' lang='lat' dir='ltr'><strong>ad</strong></span> <span class='ocrx_word' id='word_1_688' title='bbox 695 4356 747 4403; x_wconf 91' lang='lat' dir='ltr'><strong>te</strong></span> <span class='ocrx_word' id='word_1_689' title='bbox 760 4315 1110 4415; x_wconf 39' lang='lat' dir='ltr'><strong>“transibunt,</strong></span> <span class='ocrx_word' id='word_1_690' title='bbox 1140 4315 1295 4404; x_wconf 51' lang='grc' dir='ltr'>ει.ιυί</span> <span class='ocrx_word' id='word_1_691' title='bbox 1326 4353 1487 4402; x_wconf 89' lang='lat' dir='ltr'><strong>erunt</strong></span> <span class='ocrx_word' id='word_1_692' title='bbox 1518 4346 1684 4411; x_wconf 90' lang='lat' dir='ltr'><strong>servi,</strong></span> <span class='ocrx_word' id='word_1_693' title='bbox 1713 4355 1763 4401; x_wconf 91' lang='lat' dir='ltr'><strong>et</strong></span> <span class='ocrx_word' id='word_1_694' title='bbox 1785 4361 1815 4399; x_wconf 89' lang='lat' dir='ltr'><strong>a</strong></span> <span class='ocrx_word' id='word_1_695' title='bbox 1847 4354 1984 4416; x_wconf 81' lang='lat' dir='ltr'><strong>tergc</strong></span> 
     </span>
    </p>
   </div>
   <div class='ocr_carea' id='block_1_86' title="bbox 2089 4315 3639 4421">
    <p class='ocr_par' dir='ltr' id='par_1_86' title="bbox 2101 4315 3639 4421">
     <span class='ocr_line' id='line_1_86' title="bbox 2101 4315 3639 4421; baseline -0.007 -16"><span class='ocrx_word' id='word_1_696' title='bbox 2101 4315 2387 4414; x_wconf 52' lang='grc' dir='ltr'>Αἰθιόπων,</span> <span class='ocrx_word' id='word_1_697' title='bbox 2416 4351 2508 4404; x_wconf 80' lang='grc' dir='ltr'><strong>καὶ</strong></span> <span class='ocrx_word' id='word_1_698' title='bbox 2526 4348 2830 4420; x_wconf 78' lang='grc' dir='ltr'>οίΣαϐαεὶμ</span> <span class='ocrx_word' id='word_1_699' title='bbox 2849 4350 3035 4421; x_wconf 84' lang='grc' dir='ltr'>ἄνδρες</span> <span class='ocrx_word' id='word_1_700' title='bbox 3061 4315 3380 4419; x_wconf 36' lang='grc' dir='ltr'>ύψηλολιέπὶ</span> <span class='ocrx_word' id='word_1_701' title='bbox 3406 4315 3639 4409; x_wconf 34' lang='grc' dir='ltr'>σὲΙδιαθή-</span> 
     </span>
    </p>
   </div>
   <div class='ocr_carea' id='block_1_87' title="bbox 437 4436 1987 4511">
    <p class='ocr_par' dir='ltr' id='par_1_87' title="bbox 437 4438 1987 4511">
     <span class='ocr_line' id='line_1_87' title="bbox 437 4438 1987 4511; baseline 0.001 -19"><span class='ocrx_word' id='word_1_702' title='bbox 437 4450 490 4494; x_wconf 86' lang='grc' dir='ltr'><strong>ιο</strong></span> <span class='ocrx_word' id='word_1_703' title='bbox 515 4451 808 4511; x_wconf 81' lang='lat' dir='ltr'><strong>sequentur</strong></span> <span class='ocrx_word' id='word_1_704' title='bbox 838 4442 1005 4496; x_wconf 91' lang='lat' dir='ltr'><strong>vincti</strong></span> <span class='ocrx_word' id='word_1_705' title='bbox 1038 4440 1290 4504; x_wconf 84' lang='lat' dir='ltr'><strong>manicis,</strong></span> <span class='ocrx_word' id='word_1_706' title='bbox 1317 4448 1371 4496; x_wconf 90' lang='lat' dir='ltr'><strong>et</strong></span> <span class='ocrx_word' id='word_1_707' title='bbox 1409 4439 1718 4495; x_wconf 75' lang='lat' dir='ltr'><strong>adorabunt</strong></span> <span class='ocrx_word' id='word_1_708' title='bbox 1744 4438 1987 4508; x_wconf 74' lang='lat' dir='ltr'><strong>juvenes,</strong></span> 
     </span>
    </p>
   </div>
   <div class='ocr_carea' id='block_1_88' title="bbox 2089 4436 3639 4511">
    <p class='ocr_par' dir='ltr' id='par_1_88' title="bbox 2108 4436 3639 4508">
     <span class='ocr_line' id='line_1_88' title="bbox 2108 4436 3639 4508; baseline -0.009 -10"><span class='ocrx_word' id='word_1_709' title='bbox 2108 4461 2307 4508; x_wconf 85' lang='grc' dir='ltr'>σονται,</span> <span class='ocrx_word' id='word_1_710' title='bbox 2336 4445 2429 4497; x_wconf 81' lang='grc' dir='ltr'>καὶ</span> <span class='ocrx_word' id='word_1_711' title='bbox 2454 4443 2535 4495; x_wconf 74' lang='grc' dir='ltr'><strong>σοὶ</strong></span> <span class='ocrx_word' id='word_1_712' title='bbox 2562 4442 2772 4496; x_wconf 77' lang='grc' dir='ltr'>ἔσονται</span> <span class='ocrx_word' id='word_1_713' title='bbox 2796 4442 2992 4505; x_wconf 79' lang='grc' dir='ltr'>δοῦλοι,</span> <span class='ocrx_word' id='word_1_714' title='bbox 3021 4444 3115 4494; x_wconf 78' lang='grc' dir='ltr'><strong>καὶ</strong></span> <span class='ocrx_word' id='word_1_715' title='bbox 3142 4442 3322 4494; x_wconf 82' lang='grc' dir='ltr'>ὀπίσω</span> <span class='ocrx_word' id='word_1_716' title='bbox 3343 4457 3435 4492; x_wconf 85' lang='grc' dir='ltr'><strong>σου</strong></span> <span class='ocrx_word' id='word_1_717' title='bbox 3452 4436 3639 4490; x_wconf 70' lang='grc' dir='ltr'>ἀκολου-</span> 
     </span>
    </p>
   </div>
   <div class='ocr_carea' id='block_1_89' title="bbox 434 4522 1984 4605">
    <p class='ocr_par' dir='ltr' id='par_1_89' title="bbox 434 4530 1984 4605">
     <span class='ocr_line' id='line_1_89' title="bbox 434 4530 1984 4605; baseline -0.003 -18"><span class='ocrx_word' id='word_1_718' title='bbox 434 4539 490 4587; x_wconf 89' lang='lat' dir='ltr'><strong>et</strong></span> <span class='ocrx_word' id='word_1_719' title='bbox 520 4535 575 4587; x_wconf 91' lang='lat' dir='ltr'><strong>in</strong></span> <span class='ocrx_word' id='word_1_720' title='bbox 607 4542 661 4588; x_wconf 90' lang='lat' dir='ltr'><strong>te</strong></span> <span class='ocrx_word' id='word_1_721' title='bbox 687 4533 953 4599; x_wconf 87' lang='lat' dir='ltr'><strong>orabunt,</strong></span> <span class='ocrx_word' id='word_1_722' title='bbox 1000 4533 1256 4605; x_wconf 89' lang='lat' dir='ltr'><strong>quoniam</strong></span> <span class='ocrx_word' id='word_1_723' title='bbox 1280 4533 1346 4587; x_wconf 90' lang='lat' dir='ltr'><strong>.in</strong></span> <span class='ocrx_word' id='word_1_724' title='bbox 1392 4541 1445 4587; x_wconf 88' lang='lat' dir='ltr'><strong>te</strong></span> <span class='ocrx_word' id='word_1_725' title='bbox 1492 4530 1636 4586; x_wconf 90' lang='lat' dir='ltr'><strong>Deus</strong></span> <span class='ocrx_word' id='word_1_726' title='bbox 1669 4540 1774 4595; x_wconf 89' lang='lat' dir='ltr'><strong>est,</strong></span> <span class='ocrx_word' id='word_1_727' title='bbox 1804 4536 1860 4585; x_wconf 87' lang='lat' dir='ltr'><strong>et</strong></span> <span class='ocrx_word' id='word_1_728' title='bbox 1889 4545 1984 4584; x_wconf 83' lang='lat' dir='ltr'><strong>nor</strong></span> 
     </span>
    </p>
   </div>
   <div class='ocr_carea' id='block_1_90' title="bbox 2090 4522 3640 4605">
    <p class='ocr_par' dir='ltr' id='par_1_90' title="bbox 2107 4522 3640 4604">
     <span class='ocr_line' id='line_1_90' title="bbox 2107 4522 3640 4604; baseline -0.003 -17"><span class='ocrx_word' id='word_1_729' title='bbox 2107 4534 2327 4603; x_wconf 82' lang='grc' dir='ltr'>θήσουσι</span> <span class='ocrx_word' id='word_1_730' title='bbox 2360 4532 2628 4602; x_wconf 82' lang='grc' dir='ltr'>δεδεμένοι</span> <span class='ocrx_word' id='word_1_731' title='bbox 2666 4532 3026 4604; x_wconf 82' lang='grc' dir='ltr'>χειροπέδαις,</span> <span class='ocrx_word' id='word_1_732' title='bbox 3048 4531 3143 4583; x_wconf 76' lang='grc' dir='ltr'>καὶ</span> <span class='ocrx_word' id='word_1_733' title='bbox 3169 4529 3509 4601; x_wconf 78' lang='grc' dir='ltr'>διαϐήσονται</span> <span class='ocrx_word' id='word_1_734' title='bbox 3532 4522 3640 4594; x_wconf 72' lang='grc' dir='ltr'>πρὸς</span> 
     </span>
    </p>
   </div>
   <div class='ocr_carea' id='block_1_91' title="bbox 433 4618 1983 4695">
    <p class='ocr_par' dir='ltr' id='par_1_91' title="bbox 433 4621 1983 4693">
     <span class='ocr_line' id='line_1_91' title="bbox 433 4621 1983 4693; baseline -0.003 -12"><span class='ocrx_word' id='word_1_735' title='bbox 433 4632 519 4681; x_wconf 87' lang='lat' dir='ltr'><strong>est</strong></span> <span class='ocrx_word' id='word_1_736' title='bbox 550 4622 692 4681; x_wconf 87' lang='lat' dir='ltr'><strong>Deus</strong></span> <span class='ocrx_word' id='word_1_737' title='bbox 720 4632 917 4693; x_wconf 63' lang='lat' dir='ltr'><strong>praeter</strong></span> <span class='ocrx_word' id='word_1_738' title='bbox 948 4632 1002 4679; x_wconf 94' lang='lat' dir='ltr'><strong>te</strong></span> <span class='ocrx_word' id='word_1_739' title='bbox 1029 4643 1047 4679; x_wconf 90' lang='lat'><strong>:</strong></span> <span class='ocrx_word' id='word_1_740' title='bbox 1084 4636 1140 4678; x_wconf 90' lang='lat' dir='ltr'><strong>tu</strong></span> <span class='ocrx_word' id='word_1_741' title='bbox 1169 4625 1314 4680; x_wconf 90' lang='lat' dir='ltr'><strong>enim</strong></span> <span class='ocrx_word' id='word_1_742' title='bbox 1344 4639 1405 4679; x_wconf 88' lang='lat' dir='ltr'><strong>es</strong></span> <span class='ocrx_word' id='word_1_743' title='bbox 1426 4621 1609 4688; x_wconf 85' lang='lat' dir='ltr'><strong>Deus,</strong></span> <span class='ocrx_word' id='word_1_744' title='bbox 1661 4629 1717 4677; x_wconf 91' lang='lat' dir='ltr'><strong>et</strong></span> <span class='ocrx_word' id='word_1_745' title='bbox 1756 4637 1865 4677; x_wconf 91' lang='lat' dir='ltr'><strong>non</strong></span> <span class='ocrx_word' id='word_1_746' title='bbox 1904 4637 1983 4676; x_wconf 83' lang='lat' dir='ltr'><strong>no</strong></span> 
     </span>
    </p>
   </div>
   <div class='ocr_carea' id='block_1_92' title="bbox 2089 4618 3639 4695">
    <p class='ocr_par' dir='ltr' id='par_1_92' title="bbox 2109 4618 3639 4695">
     <span class='ocr_line' id='line_1_92' title="bbox 2109 4618 3639 4695; baseline -0.007 -16"><span class='ocrx_word' id='word_1_747' title='bbox 2109 4626 2191 4690; x_wconf 81' lang='grc' dir='ltr'><strong>σὲ,</strong></span> <span class='ocrx_word' id='word_1_748' title='bbox 2229 4627 2320 4677; x_wconf 76' lang='grc' dir='ltr'>καὶ</span> <span class='ocrx_word' id='word_1_749' title='bbox 2350 4625 2784 4695; x_wconf 83' lang='grc' dir='ltr'>προσκυνήσουσί</span> <span class='ocrx_word' id='word_1_750' title='bbox 2813 4622 3025 4685; x_wconf 74' lang='grc' dir='ltr'>σοι,καὶ</span> <span class='ocrx_word' id='word_1_751' title='bbox 3056 4624 3113 4674; x_wconf 83' lang='grc' dir='ltr'><strong>ἐν</strong></span> <span class='ocrx_word' id='word_1_752' title='bbox 3149 4622 3233 4674; x_wconf 79' lang='grc' dir='ltr'><strong>σοὶ</strong></span> <span class='ocrx_word' id='word_1_753' title='bbox 3266 4618 3639 4692; x_wconf 79' lang='grc' dir='ltr'>προσεύξονται.</span> 
     </span>
    </p>
   </div>
   <div class='ocr_carea' id='block_1_93' title="bbox 431 4704 1981 4782">
    <p class='ocr_par' dir='ltr' id='par_1_93' title="bbox 431 4714 1981 4782">
     <span class='ocr_line' id='line_1_93' title="bbox 431 4714 1981 4782; baseline -0.003 -12"><span class='ocrx_word' id='word_1_754' title='bbox 431 4732 707 4782; x_wconf 73' lang='lat' dir='ltr'><strong>vei-amns,</strong></span> <span class='ocrx_word' id='word_1_755' title='bbox 749 4716 892 4772; x_wconf 88' lang='lat' dir='ltr'><strong>Deus</strong></span> <span class='ocrx_word' id='word_1_756' title='bbox 921 4718 1085 4772; x_wconf 88' lang='lat' dir='ltr'><strong>Israel</strong></span> <span class='ocrx_word' id='word_1_757' title='bbox 1106 4717 1384 4771; x_wconf 81' lang='lat' dir='ltr'><strong>Salvator.</strong></span> <span class='ocrx_word' id='word_1_758' title='bbox 1410 4714 1756 4771; x_wconf 77' lang='lat' dir='ltr'><strong>.Erubescent</strong></span> <span class='ocrx_word' id='word_1_759' title='bbox 1784 4721 1838 4770; x_wconf 93' lang='lat' dir='ltr'><strong>et</strong></span> <span class='ocrx_word' id='word_1_760' title='bbox 1871 4728 1981 4767; x_wconf 91' lang='lat' dir='ltr'><strong>con-</strong></span> 
     </span>
    </p>
   </div>
   <div class='ocr_carea' id='block_1_94' title="bbox 2088 4704 3638 4782">
    <p class='ocr_par' dir='ltr' id='par_1_94' title="bbox 2108 4704 3638 4782">
     <span class='ocr_line' id='line_1_94' title="bbox 2108 4704 3638 4782; baseline -0.009 -11"><span class='ocrx_word' id='word_1_761' title='bbox 2108 4719 2191 4771; x_wconf 82' lang='grc' dir='ltr'>ὅτι</span> <span class='ocrx_word' id='word_1_762' title='bbox 2211 4719 2268 4770; x_wconf 84' lang='grc' dir='ltr'><strong>ἐν</strong></span> <span class='ocrx_word' id='word_1_763' title='bbox 2288 4718 2369 4770; x_wconf 71' lang='grc' dir='ltr'>σοὶ</span> <span class='ocrx_word' id='word_1_764' title='bbox 2396 4719 2424 4769; x_wconf 95' lang='lat'><strong>6</strong></span> <span class='ocrx_word' id='word_1_765' title='bbox 2452 4717 2582 4780; x_wconf 89' lang='grc' dir='ltr'>Θεός</span> <span class='ocrx_word' id='word_1_766' title='bbox 2610 4718 2746 4780; x_wconf 83' lang='grc' dir='ltr'>ἐστι,</span> <span class='ocrx_word' id='word_1_767' title='bbox 2778 4716 2870 4767; x_wconf 80' lang='grc' dir='ltr'><strong>καὶ</strong></span> <span class='ocrx_word' id='word_1_768' title='bbox 2896 4715 2992 4768; x_wconf 72' lang='grc' dir='ltr'>οὐκ</span> <span class='ocrx_word' id='word_1_769' title='bbox 3011 4713 3123 4767; x_wconf 75' lang='grc' dir='ltr'>ἐστι</span> <span class='ocrx_word' id='word_1_770' title='bbox 3140 4713 3272 4776; x_wconf 88' lang='grc' dir='ltr'>Θεὸς</span> <span class='ocrx_word' id='word_1_771' title='bbox 3299 4711 3437 4782; x_wconf 75' lang='grc' dir='ltr'>πλὴν</span> <span class='ocrx_word' id='word_1_772' title='bbox 3453 4708 3561 4762; x_wconf 78' lang='grc' dir='ltr'>σοῦ·</span> <span class='ocrx_word' id='word_1_773' title='bbox 3588 4704 3638 4757; x_wconf 74' lang='grc' dir='ltr'><strong>σὺ</strong></span> 
     </span>
    </p>
   </div>
   <div class='ocr_carea' id='block_1_95' title="bbox 432 4796 1982 4881">
    <p class='ocr_par' dir='ltr' id='par_1_95' title="bbox 432 4806 1981 4881">
     <span class='ocr_line' id='line_1_95' title="bbox 432 4806 1981 4881; baseline -0.003 -17"><span class='ocrx_word' id='word_1_774' title='bbox 432 4812 732 4866; x_wconf 71' lang='lat' dir='ltr'><strong>fundentur</strong></span> <span class='ocrx_word' id='word_1_775' title='bbox 757 4824 949 4866; x_wconf 89' lang='lat' dir='ltr'><strong>omnes</strong></span> <span class='ocrx_word' id='word_1_776' title='bbox 971 4811 1066 4881; x_wconf 86' lang='lat' dir='ltr'><strong>qui</strong></span> <span class='ocrx_word' id='word_1_777' title='bbox 1095 4811 1455 4865; x_wconf 86' lang='lat' dir='ltr'><strong>adversantur</strong></span> <span class='ocrx_word' id='word_1_778' title='bbox 1498 4807 1634 4872; x_wconf 88' lang='lat' dir='ltr'><strong>tibi,</strong></span> <span class='ocrx_word' id='word_1_779' title='bbox 1680 4815 1736 4861; x_wconf 91' lang='lat' dir='ltr'><strong>et</strong></span> <span class='ocrx_word' id='word_1_780' title='bbox 1766 4806 1981 4862; x_wconf 84' lang='lat' dir='ltr'><strong>ambula</strong></span> 
     </span>
    </p>
   </div>
   <div class='ocr_carea' id='block_1_96' title="bbox 2088 4796 3638 4881">
    <p class='ocr_par' dir='ltr' id='par_1_96' title="bbox 2104 4796 3638 4880">
     <span class='ocr_line' id='line_1_96' title="bbox 2104 4796 3638 4880; baseline -0.01 -18"><span class='ocrx_word' id='word_1_781' title='bbox 2104 4809 2210 4880; x_wconf 79' lang='grc' dir='ltr'>γὰρ</span> <span class='ocrx_word' id='word_1_782' title='bbox 2235 4806 2282 4861; x_wconf 81' lang='grc' dir='ltr'>εἶ</span> <span class='ocrx_word' id='word_1_783' title='bbox 2319 4808 2469 4873; x_wconf 79' lang='grc' dir='ltr'>Θεὸς,</span> <span class='ocrx_word' id='word_1_784' title='bbox 2500 4807 2593 4861; x_wconf 75' lang='grc' dir='ltr'><strong>καὶ</strong></span> <span class='ocrx_word' id='word_1_785' title='bbox 2624 4807 2723 4860; x_wconf 80' lang='grc' dir='ltr'><strong>οὐκ</strong></span> <span class='ocrx_word' id='word_1_786' title='bbox 2746 4806 2990 4877; x_wconf 72' lang='grc' dir='ltr'>ᾔδειμεν,</span> <span class='ocrx_word' id='word_1_787' title='bbox 3020 4803 3151 4866; x_wconf 84' lang='grc' dir='ltr'>Θεὸς</span> <span class='ocrx_word' id='word_1_788' title='bbox 3179 4802 3276 4856; x_wconf 78' lang='grc' dir='ltr'>τοῦ</span> <span class='ocrx_word' id='word_1_789' title='bbox 3316 4799 3525 4873; x_wconf 78' lang='grc' dir='ltr'>Ἰσραὴλ</span> <span class='ocrx_word' id='word_1_790' title='bbox 3549 4796 3638 4847; x_wconf 82' lang='grc' dir='ltr'><strong>Σω-</strong></span> 
     </span>
    </p>
   </div>
   <div class='ocr_carea' id='block_1_97' title="bbox 434 4883 1984 4973">
    <p class='ocr_par' dir='ltr' id='par_1_97' title="bbox 434 4898 1984 4973">
     <span class='ocr_line' id='line_1_97' title="bbox 434 4898 1984 4973; baseline -0.005 -14"><span class='ocrx_word' id='word_1_791' title='bbox 434 4905 570 4959; x_wconf 81' lang='lat' dir='ltr'><strong>bunt</strong></span> <span class='ocrx_word' id='word_1_792' title='bbox 599 4903 653 4957; x_wconf 90' lang='lat' dir='ltr'><strong>in</strong></span> <span class='ocrx_word' id='word_1_793' title='bbox 702 4902 909 4973; x_wconf 87' lang='lat' dir='ltr'><strong>pudore</strong></span> <span class='ocrx_word' id='word_1_794' title='bbox 941 4902 983 4956; x_wconf 87' lang='grc'><strong>³.</strong></span> <span class='ocrx_word' id='word_1_795' title='bbox 1022 4922 1041 4955; x_wconf 71' lang='grc' dir='ltr'><strong>ι</strong></span> <span class='ocrx_word' id='word_1_796' title='bbox 1105 4901 1383 4958; x_wconf 77' lang='lat' dir='ltr'><strong>Christum</strong></span> <span class='ocrx_word' id='word_1_797' title='bbox 1417 4899 1578 4955; x_wconf 91' lang='lat' dir='ltr'><strong>Pater</strong></span> <span class='ocrx_word' id='word_1_798' title='bbox 1633 4898 1922 4955; x_wconf 87' lang='lat' dir='ltr'><strong>suscitavit</strong></span> <span class='ocrx_word' id='word_1_799' title='bbox 1972 4913 1984 4951; x_wconf 84' lang='lat'><strong>:</strong></span> 
     </span>
    </p>
   </div>
   <div class='ocr_carea' id='block_1_98' title="bbox 2088 4883 3638 4973">
    <p class='ocr_par' dir='ltr' id='par_1_98' title="bbox 2102 4883 3638 4971">
     <span class='ocr_line' id='line_1_98' title="bbox 2102 4883 3638 4971; baseline -0.013 -14"><span class='ocrx_word' id='word_1_800' title='bbox 2102 4903 2239 4971; x_wconf 84' lang='grc' dir='ltr'><strong>τήρ·</strong></span> <span class='ocrx_word' id='word_1_801' title='bbox 2278 4900 2725 4971; x_wconf 78' lang='grc' dir='ltr'>αἱσχυνθήσονται</span> <span class='ocrx_word' id='word_1_802' title='bbox 2774 4898 2870 4951; x_wconf 71' lang='grc' dir='ltr'><strong>καὶ</strong></span> <span class='ocrx_word' id='word_1_803' title='bbox 2911 4898 3344 4966; x_wconf 78' lang='grc' dir='ltr'>ἐντραπήσονται</span> <span class='ocrx_word' id='word_1_804' title='bbox 3385 4893 3568 4950; x_wconf 79' lang='grc' dir='ltr'>πάντες</span> <span class='ocrx_word' id='word_1_805' title='bbox 3598 4883 3638 4938; x_wconf 77' lang='grc' dir='ltr'>οἱ</span> 
     </span>
    </p>
   </div>
   <div class='ocr_carea' id='block_1_99' title="bbox 434 4978 1984 5063">
    <p class='ocr_par' dir='ltr' id='par_1_99' title="bbox 434 4990 1984 5061">
     <span class='ocr_line' id='line_1_99' title="bbox 434 4990 1984 5061; baseline -0.005 -11"><span class='ocrx_word' id='word_1_806' title='bbox 434 4996 690 5059; x_wconf 87' lang='lat' dir='ltr'><strong>mortuis,</strong></span> <span class='ocrx_word' id='word_1_807' title='bbox 722 4995 1062 5050; x_wconf 88' lang='lat' dir='ltr'><strong>constituens</strong></span> <span class='ocrx_word' id='word_1_808' title='bbox 1090 5009 1217 5048; x_wconf 87' lang='lat' dir='ltr'><strong>eum</strong></span> <span class='ocrx_word' id='word_1_809' title='bbox 1259 5007 1383 5048; x_wconf 91' lang='lat' dir='ltr'><strong>cum</strong></span> <span class='ocrx_word' id='word_1_810' title='bbox 1415 4990 1630 5061; x_wconf 89' lang='lat' dir='ltr'><strong>justitia</strong></span> <span class='ocrx_word' id='word_1_811' title='bbox 1670 5005 1872 5060; x_wconf 88' lang='lat' dir='ltr'><strong>regem,</strong></span> <span class='ocrx_word' id='word_1_812' title='bbox 1912 5006 1984 5046; x_wconf 27' lang='lat' dir='ltr'><strong>sui</strong></span> 
     </span>
    </p>
   </div>
   <div class='ocr_carea' id='block_1_100' title="bbox 2089 4978 3639 5063">
    <p class='ocr_par' dir='ltr' id='par_1_100' title="bbox 2104 4978 3639 5063">
     <span class='ocr_line' id='line_1_100' title="bbox 2104 4978 3639 5063; baseline -0.009 -18"><span class='ocrx_word' id='word_1_813' title='bbox 2104 4991 2464 5063; x_wconf 87' lang='grc' dir='ltr'>ἁντικείμενοί</span> <span class='ocrx_word' id='word_1_814' title='bbox 2497 5007 2598 5053; x_wconf 88' lang='grc' dir='ltr'>σοι,</span> <span class='ocrx_word' id='word_1_815' title='bbox 2629 4990 2724 5044; x_wconf 75' lang='grc' dir='ltr'><strong>καὶ</strong></span> <span class='ocrx_word' id='word_1_816' title='bbox 2754 4988 3107 5059; x_wconf 79' lang='grc' dir='ltr'>πορεύσονται</span> <span class='ocrx_word' id='word_1_817' title='bbox 3128 4988 3185 5039; x_wconf 80' lang='grc' dir='ltr'><strong>ἐν</strong></span> <span class='ocrx_word' id='word_1_818' title='bbox 3211 4983 3464 5054; x_wconf 82' lang='grc' dir='ltr'>αἰσχύνῃ.</span> <span class='ocrx_word' id='word_1_819' title='bbox 3492 4998 3511 5031; x_wconf 73' lang='grc' dir='ltr'><strong>ι</strong></span> <span class='ocrx_word' id='word_1_820' title='bbox 3534 4978 3639 5045; x_wconf 76' lang='grc' dir='ltr'>Χρι-</span> 
     </span>
    </p>
   </div>
   <div class='ocr_carea' id='block_1_101' title="bbox 434 5065 1984 5159">
    <p class='ocr_par' dir='ltr' id='par_1_101' title="bbox 434 5081 1976 5159">
     <span class='ocr_line' id='line_1_101' title="bbox 434 5081 1976 5159; baseline -0.005 -16"><span class='ocrx_word' id='word_1_821' title='bbox 434 5104 531 5159; x_wconf 87' lang='lat' dir='ltr'><strong>per</strong></span> <span class='ocrx_word' id='word_1_822' title='bbox 569 5087 701 5143; x_wconf 90' lang='lat' dir='ltr'><strong>Sion</strong></span> <span class='ocrx_word' id='word_1_823' title='bbox 729 5085 1008 5141; x_wconf 62' lang='lat' dir='ltr'><strong>caelestem</strong></span> <span class='ocrx_word' id='word_1_824' title='bbox 1029 5126 1044 5151; x_wconf 91' lang='lat'><strong>,</strong></span> <span class='ocrx_word' id='word_1_825' title='bbox 1081 5093 1317 5139; x_wconf 86' lang='lat' dir='ltr'><strong>montem</strong></span> <span class='ocrx_word' id='word_1_826' title='bbox 1349 5092 1596 5139; x_wconf 86' lang='lat' dir='ltr'><strong>sanctum</strong></span> <span class='ocrx_word' id='word_1_827' title='bbox 1622 5081 1743 5150; x_wconf 88' lang='lat' dir='ltr'><strong>ejus</strong></span> <span class='ocrx_word' id='word_1_828' title='bbox 1770 5095 1976 5150; x_wconf 87' lang='lat' dir='ltr'><strong>regnan</strong></span> 
     </span>
    </p>
   </div>
   <div class='ocr_carea' id='block_1_102' title="bbox 2190 5065 3740 5159">
    <p class='ocr_par' dir='ltr' id='par_1_102' title="bbox 2190 5065 3740 5154">
     <span class='ocr_line' id='line_1_102' title="bbox 2190 5065 3740 5154; baseline -0.01 -18"><span class='ocrx_word' id='word_1_829' title='bbox 2190 5102 2228 5137; x_wconf 74' lang='lat' dir='ltr'><strong>iV</strong></span> <span class='ocrx_word' id='word_1_830' title='bbox 2269 5086 2298 5137; x_wconf 86' lang='lat'><strong>6</strong></span> <span class='ocrx_word' id='word_1_831' title='bbox 2346 5083 2533 5154; x_wconf 79' lang='grc' dir='ltr'>Πατὴρ</span> <span class='ocrx_word' id='word_1_832' title='bbox 2577 5084 2795 5153; x_wconf 78' lang='grc' dir='ltr'>ἧγειρεν</span> <span class='ocrx_word' id='word_1_833' title='bbox 2830 5082 2896 5134; x_wconf 81' lang='grc' dir='ltr'><strong>ἐκ</strong></span> <span class='ocrx_word' id='word_1_834' title='bbox 2943 5080 3148 5153; x_wconf 85' lang='grc' dir='ltr'>νεκρῶν</span> <span class='ocrx_word' id='word_1_835' title='bbox 3189 5077 3284 5130; x_wconf 79' lang='grc' dir='ltr'>τοῦ</span> <span class='ocrx_word' id='word_1_836' title='bbox 3327 5072 3464 5130; x_wconf 77' lang='grc' dir='ltr'>εἶναι</span> <span class='ocrx_word' id='word_1_837' title='bbox 3502 5065 3640 5125; x_wconf 78' lang='grc' dir='ltr'>αὐτὸν</span> <span class='ocrx_word' id='word_1_838' title='bbox 3718 5090 3740 5113; x_wconf 71' lang='grc' dir='ltr'><strong>κ</strong></span> 
     </span>
    </p>
   </div>
   <div class='ocr_carea' id='block_1_103' title="bbox 433 5165 1983 5248">
    <p class='ocr_par' dir='ltr' id='par_1_103' title="bbox 433 5173 1983 5248">
     <span class='ocr_line' id='line_1_103' title="bbox 433 5173 1983 5248; baseline -0.004 -17"><span class='ocrx_word' id='word_1_839' title='bbox 433 5189 572 5246; x_wconf 85' lang='lat' dir='ltr'><strong>tem;</strong></span> <span class='ocrx_word' id='word_1_840' title='bbox 607 5178 837 5248; x_wconf 88' lang='lat' dir='ltr'><strong>ideoque</strong></span> <span class='ocrx_word' id='word_1_841' title='bbox 861 5177 1145 5231; x_wconf 78' lang='lat' dir='ltr'><strong>suscitavit</strong></span> <span class='ocrx_word' id='word_1_842' title='bbox 1160 5192 1305 5241; x_wconf 93' lang='lat' dir='ltr'><strong>eum,</strong></span> <span class='ocrx_word' id='word_1_843' title='bbox 1333 5182 1619 5247; x_wconf 86' lang='lat' dir='ltr'><strong>postquam</strong></span> <span class='ocrx_word' id='word_1_844' title='bbox 1641 5189 1661 5221; x_wconf 76' lang='grc' dir='ltr'><strong>ι</strong></span> <span class='ocrx_word' id='word_1_845' title='bbox 1689 5184 1879 5226; x_wconf 88' lang='lat' dir='ltr'><strong>omnes</strong></span> <span class='ocrx_word' id='word_1_846' title='bbox 1904 5173 1983 5225; x_wconf 85' lang='lat' dir='ltr'><strong>via</strong></span> 
     </span>
    </p>
   </div>
   <div class='ocr_carea' id='block_1_104' title="bbox 2087 5165 3637 5248">
    <p class='ocr_par' dir='ltr' id='par_1_104' title="bbox 2109 5165 3637 5246">
     <span class='ocr_line' id='line_1_104' title="bbox 2109 5165 3637 5246; baseline -0.007 -17"><span class='ocrx_word' id='word_1_847' title='bbox 2109 5175 2244 5245; x_wconf 85' lang='grc' dir='ltr'><strong>μετὰ</strong></span> <span class='ocrx_word' id='word_1_848' title='bbox 2289 5173 2629 5246; x_wconf 82' lang='grc' dir='ltr'>δικαιοσύνης</span> <span class='ocrx_word' id='word_1_849' title='bbox 2675 5172 2915 5243; x_wconf 82' lang='grc' dir='ltr'>βασιλέα,</span> <span class='ocrx_word' id='word_1_850' title='bbox 2948 5172 3041 5225; x_wconf 77' lang='grc' dir='ltr'>ἐπὶ</span> <span class='ocrx_word' id='word_1_851' title='bbox 3075 5170 3207 5224; x_wconf 85' lang='grc' dir='ltr'>Σιὼν</span> <span class='ocrx_word' id='word_1_852' title='bbox 3248 5170 3313 5223; x_wconf 83' lang='grc' dir='ltr'><strong>τὸ</strong></span> <span class='ocrx_word' id='word_1_853' title='bbox 3350 5165 3637 5234; x_wconf 66' lang='grc' dir='ltr'>ἐπουράνιον</span> 
     </span>
    </p>
   </div>
   <div class='ocr_carea' id='block_1_105' title="bbox 433 5254 1983 5337">
    <p class='ocr_par' dir='ltr' id='par_1_105' title="bbox 433 5265 1983 5337">
     <span class='ocr_line' id='line_1_105' title="bbox 433 5265 1983 5337; baseline -0.004 -13"><span class='ocrx_word' id='word_1_854' title='bbox 433 5270 575 5336; x_wconf 74' lang='lat' dir='ltr'><strong>ejus,</strong></span> <span class='ocrx_word' id='word_1_855' title='bbox 606 5290 625 5321; x_wconf 67' lang='grc' dir='ltr'><strong>ι</strong></span> <span class='ocrx_word' id='word_1_856' title='bbox 659 5271 756 5337; x_wconf 83' lang='lat' dir='ltr'><strong>ait,</strong></span> <span class='ocrx_word' id='word_1_857' title='bbox 782 5270 940 5325; x_wconf 73' lang='lat' dir='ltr'><strong>factae</strong></span> <span class='ocrx_word' id='word_1_858' title='bbox 967 5280 1095 5327; x_wconf 89' lang='lat' dir='ltr'><strong>sunt</strong></span> <span class='ocrx_word' id='word_1_859' title='bbox 1143 5277 1301 5324; x_wconf 69' lang='lat' dir='ltr'><strong>rectae</strong></span> <span class='ocrx_word' id='word_1_860' title='bbox 1351 5288 1364 5322; x_wconf 90' lang='lat'>:</span> <span class='ocrx_word' id='word_1_861' title='bbox 1404 5283 1515 5323; x_wconf 89' lang='lat' dir='ltr'><strong>non</strong></span> <span class='ocrx_word' id='word_1_862' title='bbox 1538 5277 1623 5324; x_wconf 92' lang='lat' dir='ltr'><strong>est</strong></span> <span class='ocrx_word' id='word_1_863' title='bbox 1654 5267 1710 5321; x_wconf 90' lang='lat' dir='ltr'><strong>in</strong></span> <span class='ocrx_word' id='word_1_864' title='bbox 1750 5265 1831 5321; x_wconf 91' lang='lat' dir='ltr'><strong>eis</strong></span> <span class='ocrx_word' id='word_1_865' title='bbox 1876 5281 1983 5336; x_wconf 35' lang='lat' dir='ltr'><strong>prai</strong></span> 
     </span>
    </p>
   </div>
   <div class='ocr_carea' id='block_1_106' title="bbox 2085 5254 3635 5337">
    <p class='ocr_par' dir='ltr' id='par_1_106' title="bbox 2104 5254 3635 5337">
     <span class='ocr_line' id='line_1_106' title="bbox 2104 5254 3635 5337; baseline -0.007 -20"><span class='ocrx_word' id='word_1_866' title='bbox 2104 5264 2227 5337; x_wconf 77' lang='grc' dir='ltr'>ὅρος</span> <span class='ocrx_word' id='word_1_867' title='bbox 2263 5265 2322 5316; x_wconf 90' lang='grc' dir='ltr'><strong>τὸ</strong></span> <span class='ocrx_word' id='word_1_868' title='bbox 2354 5261 2507 5332; x_wconf 75' lang='grc' dir='ltr'>ἅγιον</span> <span class='ocrx_word' id='word_1_869' title='bbox 2537 5264 2703 5318; x_wconf 75' lang='grc' dir='ltr'>αὐτοῦ</span> <span class='ocrx_word' id='word_1_870' title='bbox 2729 5262 3079 5334; x_wconf 83' lang='grc' dir='ltr'>βασιλεύοντα</span> <span class='ocrx_word' id='word_1_871' title='bbox 3100 5278 3114 5292; x_wconf 92' lang='grc'><strong>·</strong></span> <span class='ocrx_word' id='word_1_872' title='bbox 3154 5261 3247 5313; x_wconf 78' lang='grc' dir='ltr'><strong>καὶ</strong></span> <span class='ocrx_word' id='word_1_873' title='bbox 3282 5259 3375 5313; x_wconf 73' lang='grc' dir='ltr'><strong>ἐπὶ</strong></span> <span class='ocrx_word' id='word_1_874' title='bbox 3418 5254 3563 5309; x_wconf 75' lang='grc' dir='ltr'>τοῦτό</span> <span class='ocrx_word' id='word_1_875' title='bbox 3584 5264 3635 5318; x_wconf 77' lang='grc' dir='ltr'><strong>γε</strong></span> 
     </span>
    </p>
   </div>
   <div class='ocr_carea' id='block_1_107' title="bbox 438 5348 1988 5438">
    <p class='ocr_par' dir='ltr' id='par_1_107' title="bbox 438 5362 1988 5438">
     <span class='ocr_line' id='line_1_107' title="bbox 438 5362 1988 5438; baseline -0.001 -24"><span class='ocrx_word' id='word_1_876' title='bbox 438 5375 563 5414; x_wconf 72' lang='lat' dir='ltr'><strong>vum</strong></span> <span class='ocrx_word' id='word_1_877' title='bbox 590 5365 757 5432; x_wconf 75' lang='lat' dir='ltr'><strong>quid,</strong></span> <span class='ocrx_word' id='word_1_878' title='bbox 808 5382 986 5438; x_wconf 80' lang='lat' dir='ltr'><strong>neque</strong></span> <span class='ocrx_word' id='word_1_879' title='bbox 1033 5377 1348 5434; x_wconf 86' lang='lat' dir='ltr'><strong>perversum</strong></span> <span class='ocrx_word' id='word_1_880' title='bbox 1393 5362 1435 5418; x_wconf 72' lang='grc' dir='ltr'>δ.</span> <span class='ocrx_word' id='word_1_881' title='bbox 1490 5381 1509 5414; x_wconf 73' lang='grc' dir='ltr'><strong>ι</strong></span> <span class='ocrx_word' id='word_1_882' title='bbox 1545 5394 1613 5406; x_wconf 93' lang='grc'><strong><em>-</em></strong></span> <span class='ocrx_word' id='word_1_883' title='bbox 1639 5383 1659 5416; x_wconf 79' lang='grc' dir='ltr'><strong>ι</strong></span> <span class='ocrx_word' id='word_1_884' title='bbox 1712 5363 1988 5418; x_wconf 74' lang='lat' dir='ltr'><strong>Peccatum</strong></span> 
     </span>
    </p>
   </div>
   <div class='ocr_carea' id='block_1_108' title="bbox 2083 5348 3633 5438">
    <p class='ocr_par' dir='ltr' id='par_1_108' title="bbox 2105 5348 3633 5428">
     <span class='ocr_line' id='line_1_108' title="bbox 2105 5348 3633 5428; baseline -0.009 -17"><span class='ocrx_word' id='word_1_885' title='bbox 2105 5358 2264 5411; x_wconf 79' lang='grc' dir='ltr'>αὑτὸν</span> <span class='ocrx_word' id='word_1_886' title='bbox 2292 5358 2531 5428; x_wconf 78' lang='grc' dir='ltr'>ἤγειρεν,</span> <span class='ocrx_word' id='word_1_887' title='bbox 2560 5355 2747 5426; x_wconf 82' lang='grc' dir='ltr'>ἐπειδὴ</span> <span class='ocrx_word' id='word_1_888' title='bbox 2787 5373 2805 5406; x_wconf 83' lang='grc' dir='ltr'><strong>ι</strong></span> <span class='ocrx_word' id='word_1_889' title='bbox 2843 5355 3014 5407; x_wconf 83' lang='grc' dir='ltr'>πᾶσαι</span> <span class='ocrx_word' id='word_1_890' title='bbox 3041 5354 3095 5406; x_wconf 81' lang='grc' dir='ltr'>αἱ</span> <span class='ocrx_word' id='word_1_891' title='bbox 3133 5351 3241 5405; x_wconf 68' lang='grc' dir='ltr'>ὁδοὶ</span> <span class='ocrx_word' id='word_1_892' title='bbox 3278 5348 3463 5409; x_wconf 77' lang='grc' dir='ltr'>αὑτοῦ,</span> <span class='ocrx_word' id='word_1_893' title='bbox 3498 5364 3514 5397; x_wconf 79' lang='grc' dir='ltr'><strong>ι</strong></span> <span class='ocrx_word' id='word_1_894' title='bbox 3549 5358 3633 5409; x_wconf 58' lang='lat'><strong>&#39;91;-</strong></span> 
     </span>
    </p>
   </div>
   <div class='ocr_carea' id='block_1_109' title="bbox 435 5429 1985 5525">
    <p class='ocr_par' dir='ltr' id='par_1_109' title="bbox 435 5429 1985 5525">
     <span class='ocr_line' id='line_1_109' title="bbox 435 5429 1985 5525; baseline -0.001 -20"><span class='ocrx_word' id='word_1_895' title='bbox 435 5429 734 5509; x_wconf 75' lang='lat' dir='ltr'><strong>enimnon</strong></span> <span class='ocrx_word' id='word_1_896' title='bbox 789 5429 937 5520; x_wconf 67' lang='lat' dir='ltr'><strong>fecit,</strong></span> <span class='ocrx_word' id='word_1_897' title='bbox 971 5429 1149 5525; x_wconf 73' lang='lat' dir='ltr'><strong>neque</strong></span> <span class='ocrx_word' id='word_1_898' title='bbox 1192 5454 1444 5508; x_wconf 91' lang='lat' dir='ltr'><strong>inventus</strong></span> <span class='ocrx_word' id='word_1_899' title='bbox 1496 5464 1582 5508; x_wconf 89' lang='lat' dir='ltr'><strong>est</strong></span> <span class='ocrx_word' id='word_1_900' title='bbox 1621 5454 1778 5510; x_wconf 87' lang='lat' dir='ltr'><strong>dolus</strong></span> <span class='ocrx_word' id='word_1_901' title='bbox 1823 5452 1875 5506; x_wconf 92' lang='lat' dir='ltr'><strong>in</strong></span> <span class='ocrx_word' id='word_1_902' title='bbox 1908 5465 1985 5506; x_wconf 67' lang='grc' dir='ltr'><strong>οτι</strong></span> 
     </span>
    </p>
   </div>
   <div class='ocr_carea' id='block_1_110' title="bbox 2084 5429 3634 5525">
    <p class='ocr_par' dir='ltr' id='par_1_110' title="bbox 2108 5429 3634 5517">
     <span class='ocr_line' id='line_1_110' title="bbox 2108 5429 3634 5517; baseline -0.012 -15"><span class='ocrx_word' id='word_1_903' title='bbox 2108 5449 2211 5513; x_wconf 82' lang='grc' dir='ltr'><strong>σίν,</strong></span> <span class='ocrx_word' id='word_1_904' title='bbox 2246 5467 2265 5500; x_wconf 76' lang='grc' dir='ltr'><strong>ι</strong></span> <span class='ocrx_word' id='word_1_905' title='bbox 2298 5448 2580 5517; x_wconf 75' lang='grc' dir='ltr'>γεγόνασιν</span> <span class='ocrx_word' id='word_1_906' title='bbox 2606 5446 2830 5513; x_wconf 74' lang='grc' dir='ltr'>εὐθεῖαι,</span> <span class='ocrx_word' id='word_1_907' title='bbox 2863 5444 3025 5517; x_wconf 83' lang='grc' dir='ltr'>μηδὲν</span> <span class='ocrx_word' id='word_1_908' title='bbox 3050 5443 3266 5515; x_wconf 79' lang='grc' dir='ltr'>ἔχουσαι</span> <span class='ocrx_word' id='word_1_909' title='bbox 3295 5437 3499 5495; x_wconf 76' lang='grc' dir='ltr'>σκολιὸν</span> <span class='ocrx_word' id='word_1_910' title='bbox 3522 5429 3634 5504; x_wconf 67' lang='grc' dir='ltr'>μηδὲ</span> 
     </span>
    </p>
   </div>
   <div class='ocr_carea' id='block_1_111' title="bbox 509 5555 2059 5633">
    <p class='ocr_par' dir='ltr' id='par_1_111' title="bbox 509 5555 2048 5633">
     <span class='ocr_line' id='line_1_111' title="bbox 509 5555 2048 5633; baseline 0.006 -26"><span class='ocrx_word' id='word_1_911' title='bbox 509 5555 527 5585; x_wconf 89' lang='grc'>¹</span> <span class='ocrx_word' id='word_1_912' title='bbox 551 5556 672 5612; x_wconf 84' lang='lat' dir='ltr'><strong>lsai.</strong></span> <span class='ocrx_word' id='word_1_913' title='bbox 701 5578 845 5633; x_wconf 71' lang='grc' dir='ltr'>χιιι,</span> <span class='ocrx_word' id='word_1_914' title='bbox 873 5565 925 5619; x_wconf 85' lang='grc'><strong>6.</strong></span> <span class='ocrx_word' id='word_1_915' title='bbox 1002 5567 1022 5596; x_wconf 83' lang='grc'>²</span> <span class='ocrx_word' id='word_1_916' title='bbox 1053 5564 1177 5619; x_wconf 89' lang='lat' dir='ltr'><strong>lsai.</strong></span> <span class='ocrx_word' id='word_1_917' title='bbox 1203 5576 1357 5627; x_wconf 62' lang='lat' dir='ltr'><strong>xum,</strong></span> <span class='ocrx_word' id='word_1_918' title='bbox 1392 5563 1477 5621; x_wconf 80' lang='grc'><strong>10.</strong></span> <span class='ocrx_word' id='word_1_919' title='bbox 1578 5565 1599 5595; x_wconf 83' lang='grc'><strong><em>⁸</em></strong></span> <span class='ocrx_word' id='word_1_920' title='bbox 1624 5562 1746 5620; x_wconf 83' lang='lat' dir='ltr'><strong>lsai.</strong></span> <span class='ocrx_word' id='word_1_921' title='bbox 1774 5578 1896 5620; x_wconf 70' lang='lat' dir='ltr'><strong>rev.</strong></span> <span class='ocrx_word' id='word_1_922' title='bbox 1928 5561 2048 5617; x_wconf 71' lang='lat'><strong>12-1</strong></span> 
     </span>
    </p>
   </div>
   <div class='ocr_carea' id='block_1_112' title="bbox 1097 5555 2647 5633">
    <p class='ocr_par' dir='ltr' id='par_1_112' title="bbox 1097 5558 2647 5627">
     <span class='ocr_line' id='line_1_112' title="bbox 1097 5558 2647 5627; baseline -0.001 -12"><span class='ocrx_word' id='word_1_923' title='bbox 1097 5564 1177 5618; x_wconf 72' lang='grc' dir='ltr'>ιιιί.</span> <span class='ocrx_word' id='word_1_924' title='bbox 1203 5576 1357 5627; x_wconf 62' lang='lat' dir='ltr'><strong>xum,</strong></span> <span class='ocrx_word' id='word_1_925' title='bbox 1392 5563 1477 5621; x_wconf 80' lang='grc'><strong>10.</strong></span> <span class='ocrx_word' id='word_1_926' title='bbox 1578 5565 1599 5595; x_wconf 83' lang='grc'><strong><em>⁸</em></strong></span> <span class='ocrx_word' id='word_1_927' title='bbox 1624 5562 1746 5620; x_wconf 83' lang='lat' dir='ltr'><strong>lsai.</strong></span> <span class='ocrx_word' id='word_1_928' title='bbox 1774 5578 1896 5620; x_wconf 70' lang='lat' dir='ltr'><strong>rev.</strong></span> <span class='ocrx_word' id='word_1_929' title='bbox 1928 5558 2112 5617; x_wconf 72' lang='lat'><strong>12-16.</strong></span> <span class='ocrx_word' id='word_1_930' title='bbox 2190 5561 2210 5591; x_wconf 73' lang='lat'><strong>‘</strong></span> <span class='ocrx_word' id='word_1_931' title='bbox 2233 5558 2393 5616; x_wconf 79' lang='lat' dir='ltr'><strong>Prov.</strong></span> <span class='ocrx_word' id='word_1_932' title='bbox 2436 5578 2552 5621; x_wconf 82' lang='lat' dir='ltr'><strong>\‘lll,</strong></span> <span class='ocrx_word' id='word_1_933' title='bbox 2598 5563 2647 5614; x_wconf 63' lang='lat'><strong>9.</strong></span> 
     </span>
    </p>
   </div>
   <div class='ocr_carea' id='block_1_113' title="bbox 503 5665 1318 5746">
    <p class='ocr_par' dir='ltr' id='par_1_113' title="bbox 503 5665 1318 5746">
     <span class='ocr_line' id='line_1_113' title="bbox 503 5665 1318 5746; baseline -0.005 -13"><span class='ocrx_word' id='word_1_934' title='bbox 503 5665 586 5733; x_wconf 71' lang='grc' dir='ltr'><strong>(ί)</strong></span> <span class='ocrx_word' id='word_1_935' title='bbox 616 5669 773 5733; x_wconf 67' lang='lat' dir='ltr'><strong>Forte</strong></span> <span class='ocrx_word' id='word_1_936' title='bbox 806 5678 910 5746; x_wconf 84' lang='lat' dir='ltr'><strong>leg.</strong></span> <span class='ocrx_word' id='word_1_937' title='bbox 943 5677 1124 5741; x_wconf 74' lang='grc' dir='ltr'>αὐτὸς.</span> <span class='ocrx_word' id='word_1_938' title='bbox 1165 5676 1318 5733; x_wconf 74' lang='lat' dir='ltr'><strong>Eon.</strong></span> 
     </span>
    </p>
   </div>
  </div>
