3926 6260
318 317 452 373 1229

1339 323 1635 380 autem;
1677 298 2399 381 enophanem—Lm.
2445 325 2533 382 IV.

3420 337 3568 392 I250

312 442 580 516 στραγγα)
597 442 767 500 mea.
801 464 817 495 ι
832 464 924 497 -ι
949 445 1248 519 Ἀμαρτιαν
1265 446 1372 517 γάρ
1392 464 1473 499 τοι
1488 448 1587 500 οὐκ
1604 447 1865 516 ἐποίησεν,

1982 443 2102 515 ejus
2137 456 2174 501 ι.
2213 467 2230 499 ι
2267 445 2367 501 Hic
2391 462 2608 517 quoque
2652 447 2928 505 civitatem
2956 450 3245 506 mdiﬁcavit
3275 453 3364 507 Dei
3389 496 3404 520 ,
3442 471 3573 511 san-

307 536 427 592 οὖδὲ
448 535 644 608 εὑρέθη
667 537 816 602 δόλος
843 541 899 592 ὲν
922 538 998 607 τῷ
1016 538 1244 609 στόματι
1267 538 1453 592 αὑτοῦ.
1483 534 1677 602 »Οὗτος
1706 539 1762 592 δὲ
1787 540 1881 591 καὶ

305 629 403 701 τὴν
440 629 592 682 πόλιν
613 630 926 701 ᾠκοδόμησε
949 630 1040 684 τοῦ
1077 630 1233 693 Θεοῦ,
1265 632 1365 703 τήν
1384 648 1442 684 τε
1466 634 1556 684 ἐπὶ
1595 631 1699 700 γῆς
1721 630 1881 694 ἁγίαν

319 720 644 791 Ἐκκλησίαν
675 721 839 775 αὐτοῦ
874 723 968 775 καὶ
1001 722 1096 794 τὴν
1126 723 1449 795 ἐπουράνιον
1493 722 1878 795 Ἰερουσαλήμ·

308 814 641 883 ἐπιστρέψας
686 814 784 884 τὴν
826 813 1201 885 αἰχμαλωσίαν
1242 815 1336 868 τοῦ
1387 814 1515 868 λαοῦ
1563 813 1752 878 αὑτοῦ,
1782 814 1881 885 τὴν

308 908 603 977 γενομένην
646 908 777 961 ποτὲ
805 908 908 960 ὑπὸ
936 907 1025 960 τὸν
1061 908 1249 978 νοητὸν
1274 907 1760 979 Ναϐουχοδονόσορ,
1788 908 1882 960 καὶ

305 999 403 1063 τὰς
439 1000 531 1052 ὑπ’
561 1000 722 1052 αὑτὸν
763 999 1020 1070 δυνάμεις
1056 1000 1298 1070 πονηράς
1322 1018 1336 1031 ·
1383 1001 1477 1054 καὶ
1515 999 1579 1071 δὴ
1615 998 1713 1070 τὴν
1749 1016 1884 1070 προ-

306 1092 602 1163 ειρημένην
638 1090 1010 1163 αἰχμαλωσίαν
1044 1092 1402 1164 ὑπέστρεψεν,
1440 1093 1499 1146 οὑ
1544 1092 1714 1164 λύτρα
1758 1092 1882 1155 δοὺς

304 1185 415 1246 τοῖς
441 1183 964 1253 αίχμαλωτεύσασιν,
1001 1183 1122 1236 οὑδὲ
1156 1182 1260 1254 μὴν
1292 1181 1485 1255 δώροις
1516 1184 1713 1247 αὑτοὺς
1757 1181 1878 1235 πεί-

302 1292 421 1339 σας,
448 1274 784 1345 στρατεύσας
814 1274 871 1328 δὲ
896 1275 1014 1327 κατ’
1038 1274 1218 1327 αὐτῶν
1245 1273 1337 1327 καὶ
1361 1273 1426 1326 δι’
1449 1270 1659 1342 ἀγῶνος
1680 1273 1879 1333 αὐτοὺς

300 1368 723 1440 χειρωσάμενος,
762 1368 901 1421 ὥστε
945 1369 1038 1420 ἐπὶ
1083 1367 1160 1438 τῷ
1199 1365 1580 1438 κατορθώματι
1627 1366 1878 1438 λαμπρυ-

299 1456 530 1527 νάμενον
565 1457 761 1525 φάναι·
798 1476 818 1507 ¢
854 1457 995 1525 Ἐγὼ
1018 1456 1277 1528 νενίκηκα
1306 1458 1397 1510 τὸν
1426 1458 1649 1522 κόσμον.
1683 1477 1701 1509 ι
1731 1459 1879 1527 Μαρ-

297 1549 453 1618 τυρεῖ
486 1547 547 1615 (f.
581 1547 670 1617 55)
703 1546 911 1611 τούτοις
943 1547 1010 1600 τὰ
1041 1547 1219 1619 πλήθη
1252 1546 1359 1600 τῶν
1403 1548 1511 1601 ἀπὸ
1551 1548 1650 1618 τῆς
1684 1547 1878 1618 προτέ-

300 1655 399 1707 ρας
429 1638 636 1709 πλάνης
667 1637 758 1690 ἐπὶ
782 1638 842 1691 τὸ
869 1637 1155 1707 γινώσκειν
1186 1640 1276 1691 τὸν
1309 1638 1486 1710 ἀληθῆ
1515 1638 1647 1692 Θεὸν
1676 1638 1742 1692 δι’
1777 1639 1874 1691 αὑ-

200 1784 209 1795 ,
296 1724 391 1777 τοῦ
425 1726 973 1800 παλινδρομησεὶντων
1079 1728 1386 1798 λεγέτωσαν
1411 1730 1461 1781 οἱ
1480 1730 1543 1782 ἐκ
1567 1728 1871 1801 περιτομῆς

299 1819 391 1871 ἐπὶ
425 1819 542 1874 τίνα
564 1820 607 1872 δ’
630 1820 696 1875 ἂν
744 1823 1034 1893 ἀρμόζοιεν
1062 1823 1131 1876 τὰ
1160 1824 1262 1895 τῆς
1293 1824 1431 1895 μετὰ
1456 1827 1642 1897 χεῖρας
1668 1842 1877 1897 προφη-
1911 1806 1951 1860 Β

206 1955 215 1961 .
294 1913 445 1976 τείας
482 1913 667 1981 σαφῶς
698 1914 830 1968 Θεὸν
854 1916 1223 1989 ὁμολογούσης
1249 1917 1341 1970 τὸν
1371 1918 1871 1990 προφητευόμενον·

301 2022 319 2054 ι
352 2006 415 2058 Οί
438 2006 496 2058 δὲ
522 2005 684 2074 γὰρ,›
714 2008 867 2078 φησι,
904 2026 923 2058 ι
957 2008 1051 2061 καὶ
1074 2009 1181 2063 οἵδε
1208 2008 1292 2061 σοὶ
1312 2002 1526 2063 ἔσονΐαι
1553 2008 1750 2073 δοῦλοι,
1780 2010 1875 2063 καὶ

290 2096 467 2151 ὀπίσω
523 2116 615 2153 σου
667 2100 1112 2170 ἀκολουθήσουσι,
1145 2103 1237 2156 καὶ
1282 2102 1718 2173 προσκυνήσουσί
1768 2120 1870 2166 σοι,

294 2191 389 2242 καὶ
434 2192 489 2243 ὲν
516 2191 598 2243 σοὶ
633 2191 1041 2261 προσεύξονται,
1071 2194 1153 2247 ὅτι
1181 2196 1239 2247 ἐν
1265 2195 1350 2247 σοὶ
1389 2196 1420 2248 6
1450 2192 1583 2257 Θεός
1616 2197 1752 2255 ἐστι,
1781 2196 1874 2248 καὶ

289 2281 392 2334 οὑκ
420 2280 566 2335 ἐστιν
594 2282 749 2346 ἄλλος
782 2284 921 2354 πλὴν
963 2283 1057 2337 σοῦ
1082 2302 1097 2316 θ
1137 2286 1201 2337 σὺ
1233 2283 1341 2357 γὰρ
1376 2279 1429 2337 εἴ
1454 2284 1606 2348 Θεὸς,
1639 2285 1734 2338 καὶ
1771 2286 1873 2338 οὑκ

289 2374 531 2444 ᾔδειμεν,
562 2374 693 2438 Θεὸς
726 2375 819 2428 τοῦ
859 2376 1072 2448 Ἰσραὴλ
1103 2378 1316 2448 Σωτήρ.
1362 2395 1380 2428 ι
1421 2376 1617 2446 Σαφῶς
1650 2377 1760 2447 γάρ
1789 2395 1873 2430 τοι

292 2468 527 2523 ἐνταῦθα
585 2464 629 2539 ᾧ
657 2469 844 2538 λέγετο
896 2469 983 2533 τὸ,
1025 2469 1106 2522 ὅτι
1155 2488 1175 2520 ι
1214 2470 1243 2523 6
1283 2469 1416 2533 Θεὸς
1458 2470 1515 2521 ὲν
1555 2469 1637 2522 σοί
1677 2473 1812 2532 ἐστι,
1847 2489 1864 2520 ι

290 2561 466 2633 τούτῳ
491 2561 828 2633 προσφωνῶν
862 2579 1026 2632 φησιν
1050 2563 1078 2614 6
1101 2560 1257 2630 λόγος
1285 2561 1366 2625 τὸ,
1405 2579 1423 2611 ι
1463 2561 1557 2614 καὶ
1587 2562 1688 2615 οὑκ
1722 2560 1869 2617 ἔστιν

291 2654 447 2720 ἄλλος
468 2656 608 2727 πλὴν
638 2653 729 2708 σοῦ
755 2671 770 2685 ⁸
808 2656 871 2710 σὺ
896 2655 1006 2727 γὰρ
1039 2651 1090 2709 εἷ
1118 2654 1273 2719 Θεὸς,
1307 2656 1401 2709 καὶ
1431 2656 1533 2708 οὑκ
1560 2655 1777 2726 ᾔδειμεν
1796 2673 1811 2687 ·
1844 2676 1863 2707 ι

286 2746 322 2800 ἃ
359 2748 453 2800 καὶ
481 2747 797 2814 ἐξακούεται
826 2747 903 2811 ὡς
943 2747 1008 2800 ἂν
1047 2749 1112 2799 ἐκ
1140 2745 1432 2816 προσώπου
1462 2746 1730 2815 λεγόμενα
1759 2746 1868 2799 τῶν

285 2837 676 2905 ἑπεγνωκὸτων
698 2836 1192 2907 ἐνανθρωπήσαντα
1211 2836 1301 2889 τὸν
1326 2837 1560 2907 Χριστὸν
1580 2836 1675 2890 τοῦ
1699 2836 1834 2890 Θεοῦ
1850 2854 1863 2867 ο

282 2928 339 2980 ἐν
435 2928 734 2999 ἐτύγχανεν
762 2928 925 2981 οἰκῶν
951 2927 1082 2991 Θεὸς
1109 2929 1138 2980 6
1166 2927 1375 2998 Πατὴρ,
1408 2926 1547 2981 κατὰ
1573 2928 1654 2980 τόο
1688 2947 1706 2979 ι
1729 2926 1869 2995 Ἐγὼ

284 3018 343 3072 ἑν
363 3017 441 3089 τῷ
475 3019 677 3091 Πατρὶ,
711 3018 805 3071 καὶ
838 3020 867 3071 ὁ
900 3018 1090 3089 Πατὴρ
1122 3019 1179 3071 ὲν
1212 3017 1364 3088 ἐμοί’
1402 3037 1419 3068 ι
1450 3018 1516 3072 δι’
1542 3016 1570 3070 ὃ
1604 3018 1698 3071 καὶ
1724 3018 1868 3088 μένῳ

286 3110 350 3164 ἂν
377 3113 535 3184 αὑτῷ
564 3113 793 3184 ἁρμόσοι
818 3112 897 3176 τὸ,
932 3130 951 3163 ι
982 3112 1096 3165 Οὑκ
1126 3111 1241 3165 ἔστι
1266 3112 1399 3177 Θεὸς
1430 3112 1568 3184 πλὴν
1602 3113 1750 3179 σοῦ,ι
1792 3114 1867 3177 ὡς

282 3202 345 3257 ἂν
402 3206 578 3277 μόνης
617 3206 715 3277 τῆς
763 3202 853 3257 τοῦ
902 3204 1077 3271 Λόγου
1126 3204 1378 3276 θεότητος
1427 3205 1709 3277 ἡνωμένης
1769 3206 1862 3259 καὶ

279 3296 740 3370 ἀνακεκραμένης
771 3300 836 3368 τῇ
871 3298 1106 3367 πατρικῇ
1138 3295 1403 3368 βασιλείᾳ,
1443 3297 1539 3350 καὶ
1582 3297 1670 3351 διὰ
1705 3298 1863 3352 τοῦτο

276 3392 401 3458 μιᾶς
425 3390 537 3460 τῆς
576 3378 905 3461 ἀμφοτέρων
937 3389 1325 3460 ἑπινοουμένης
1350 3388 1507 3460 δόξης
1541 3406 1602 3442 τε
1637 3390 1730 3443 καὶ
1758 3391 1859 3462 ἁρ-

273 3477 372 3549 χῆς
395 3497 409 3510 ·
440 3482 508 3533 ὲν
538 3479 594 3532 δὲ
627 3479 725 3550 τῷ,
761 3498 780 3529 ι
821 3479 1143 3532 Ἐκοπίασεν
1171 3477 1466 3547 Αἴγυπτος,
1498 3479 1593 3532 καὶ
1619 3480 1860 3551 ἐμπορία

270 3571 568 3635 Λίθιόπων,
601 3574 696 3626 καὶ
719 3573 768 3624 οί
798 3572 1043 3642 Σαϐαεὶμ
1080 3571 1272 3642 ἄνδρες
1305 3570 1500 3643 ὑψηλοί
1530 3560 1627 3625 ἐπί
1656 3573 1716 3625 σὲ
1742 3571 1859 3626 διαο

273 3663 552 3737 θήσονται,
597 3685 615 3716 ι
663 3664 952 3737 δηλοῦσθαι
1000 3663 1204 3735 νομίζω
1247 3663 1373 3735 περὶ
1433 3663 1637 3734 νοητῶν
1694 3681 1857 3718 τινων

271 3754 667 3827 ἀντικειμένων
714 3756 995 3825 δυνάμεων
1052 3753 1239 3823 ἁγῷνα
1291 3753 1428 3825 πρὸς
1477 3755 1567 3809 τὸν
1622 3754 1856 3831 Χριστὸν

271 3848 587 3921 ἀραμένων,
612 3848 704 3901 καὶ
733 3845 1059 3918 ὑποχειρίων
1084 3843 1234 3915 αὑτῷ
1266 3844 1667 3916 γεγενημένων,
1701 3844 1734 3917 ἢ
1763 3846 1856 3898 καὶ

267 3936 450 4011 ψυχῶν
504 3929 718 3993 τοιωνδὶ
771 3940 890 3992 κατ’
938 3937 1111 4009 ἀρχὰς
1168 3938 1265 4008 μὲν
1316 3939 1724 3992 ἀντιτεινουσῶν
1778 3938 1857 4011 τῷ

267 4032 442 4104 Λόγῳ,
485 4031 709 4106 ὕστερον
738 4032 795 4086 δέ
838 4048 969 4083 ποτε
1001 4029 1098 4101 τὴν
1140 4029 1232 4083 ὑπ’
1262 4029 1422 4082 αὑτὸν
1455 4028 1697 4082 δουλείαν
1726 4030 1856 4082 ἀνα-

268 4123 608 4197 δεδεγμένων
637 4124 731 4176 ἐπὶ
767 4124 834 4194 τῇ
872 4120 1079 4175 ἑαυτῶν
1116 4120 1424 4192 εὐεργεσίᾳ.
1472 4120 1606 4191 Περὶ
1650 4120 1855 4173 τούτων

270 4216 334 4284 γέ
360 4235 441 4273 τοι
486 4216 741 4270 λέγεσθαι
783 4215 986 4281 νομίζω
1026 4212 1120 4268 καὶ
1150 4212 1232 4277 τὸ,
1269 4232 1286 4262 ι
1323 4212 1574 4265 Ἕσονταί
1606 4229 1687 4265 σοι
1730 4212 1852 4265 δοῦ-

268 4313 370 4372 λοι,
398 4313 495 4366 καὶ
525 4310 699 4362 ὀπίσω
731 4325 821 4361 σου
850 4305 1274 4377 ἀκολουθήσουσι
1303 4303 1573 4374 δεδεμένοι
1602 4305 1853 4375 χειροπέ-

267 4398 404 4465 ὂαις,
443 4403 540 4457 καὶ
566 4404 624 4454 ἐν
665 4401 748 4453 σοὶ
779 4398 1198 4467 προσεύξονται·
1242 4416 1260 4449 ›
1294 4396 1354 4449 τὸ
1381 4395 1459 4448 δέ’
1499 4413 1516 4445 ι
1553 4394 1843 4466 Αίσχυνθή-

1985 546 2128 592 (tam
2170 539 2228 593 in
2279 546 2427 593 terra
2457 538 2756 594 Ecclesium
2806 540 2948 610 ejus,
2986 543 3376 615 cmlestemque
3412 544 3577 602 Jeru‘

1982 630 2190 698 salem;
2226 645 2350 686 cum
2394 631 2775 687 convertisset
2801 634 3170 705 captivitatem
3217 637 3400 707 populi
3459 642 3573 694 sui,

1983 738 2104 793 quae
2123 722 2303 777 evenit
2332 724 2435 778 sub
2457 724 2732 795 spirituali
2762 724 3295 791 Nabuchodonosor,
3322 717 3577 785 nefariis-

1982 830 2088 885 que
2114 815 2349 869 subditis
2371 815 2422 870 ei
2460 816 2862 886 potestatibus;
2887 825 2943 872 et
2971 832 3104 873 sane
3127 817 3444 887 pra-dictam
3475 835 3536 874 ca
3554 850 3576 860 —

1985 906 2285 976 ptivitatem
2300 902 2603 973 convertit,
2643 923 2751 964 non
2781 909 3015 978 pretium
3049 909 3186 967 dans
3210 911 3575 966 custodienti-

1983 997 2107 1062 bus,
2134 1013 2310 1067 neque
2339 1012 2435 1053 eos
2483 999 2806 1055 muneribus
2829 1010 3077 1072 captans,
3110 1003 3388 1071 przeliatus
3438 1019 3569 1058 vero
3626 1050 3631 1057 ,

1984 1089 2247 1144 adversus
2286 1105 2382 1147 eos
2408 1131 2422 1154 ,
2477 1100 2531 1146 et
2571 1092 2874 1147 certamine
2917 1107 3011 1148 eos
3062 1094 3350 1163 dejiciens,
3382 1095 3457 1150 ita
3506 1110 3567 1150 ut

1981 1195 2153 1236 ovans
2182 1182 2554 1237 exclamaret:
2597 1203 2616 1234 σ
2667 1183 2779 1253 Ego
2833 1183 2934 1237 vici
2985 1184 3248 1240 mundum
3278 1189 3320 1241 ³.
3365 1186 3570 1245 1in0

1984 1274 2274 1328 conlirtnat
2308 1274 2600 1330 multitudo
2623 1290 2813 1331 eorum
2842 1277 2935 1348 qui
2964 1292 2993 1331 a
3027 1279 3258 1348 pristino
3286 1295 3474 1335 errore
3497 1281 3565 1333 ad

1983 1376 2170 1417 veram
2220 1362 2315 1419 Dei
2352 1364 2638 1419 scientiam
2686 1365 2935 1436 perducti
2981 1376 3109 1422 sunt
3137 1385 3231 1439 per
3263 1385 3386 1425 eum
3419 1389 3433 1424 :
3476 1370 3563 1424 di-

1978 1462 2107 1508 cant
2140 1456 2235 1525 qui
2274 1472 2341 1512 ex
2370 1456 2790 1514 circumcisione
2818 1469 2966 1523 sunt,
2997 1460 3087 1515 cui
3120 1462 3416 1517 convenire
3438 1477 3567 1532 pos-

1979 1547 2087 1602 sint
2113 1548 2277 1603 verba
2314 1549 2480 1619 hujus
2507 1551 2825 1621 prophetiae,
2853 1550 3023 1607 Deum
3079 1553 3370 1610 manifeste
3397 1558 3569 1610 conli-

1976 1645 2160 1697 tcntis.
2195 1661 2213 1694 ι
2259 1640 2324 1697 Hi
2350 1643 2516 1708 enim,
2544 1644 2638 1705 ait,
2667 1643 2720 1698 hi
2745 1644 2842 1703 tibi
2871 1652 3034 1700 erunt
3062 1647 3231 1711 servi,
3266 1654 3321 1701 et
3360 1657 3481 1717 post
3512 1652 3568 1701 te

1976 1734 2355 1797 ambulabunt,
2382 1743 2435 1791 et
2464 1735 2770 1790 adorabunt
2799 1744 2873 1801 te,
2905 1745 2957 1792 et
2995 1738 3047 1790 in
3077 1749 3127 1792 te
3149 1737 3404 1801 orabunt,
3433 1754 3571 1809 quo-

1978 1826 2123 1878 niam
2147 1826 2202 1879 in
2227 1834 2279 1881 te
2304 1834 2389 1881 est
2416 1826 2579 1892 Deus,
2611 1836 2665 1882 et
2702 1843 2812 1882 non
2838 1839 2922 1884 est
2954 1828 3097 1885 Deus
3130 1837 3330 1899 praeter
3357 1838 3432 1884 te.
3483 1828 3565 1884 Tu

1978 1917 2123 1973 enim
2148 1934 2208 1974 es
2244 1917 2408 1981 Deus,
2453 1926 2507 1975 et
2536 1921 2949 1982 nesciebamus,
2996 1920 3141 1977 Deus
3174 1921 3346 1977 Israel
3385 1921 3566 1976 Salva-

1977 2017 2065 2063 tor
2095 2009 2137 2061 ⁸.
2176 2027 2194 2059 ι
2230 2008 2518 2064 Manifeste
2558 2018 2706 2080 patet
2750 2012 2836 2065 cui
2872 2012 2987 2065 haec
3022 2012 3319 2078 dicantur,
3373 2031 3391 2062 ι
3424 2029 3564 2083 quo-

1976 2099 2123 2152 niam
2153 2099 2208 2153 in
2235 2107 2289 2154 te
2313 2107 2398 2156 est
2431 2098 2575 2155 Deus
2600 2139 2616 2164 ,
2674 2119 2690 2155 ι
2746 2102 2947 2170 quibus
2999 2102 3148 2157 addit
3189 2117 3392 2167 sermo,
3429 2122 3447 2155 ι
3508 2114 3565 2158 et

1975 2205 2085 2244 non
2117 2201 2200 2247 est
2224 2190 2368 2247 Deus
2406 2201 2606 2263 praeter
2641 2200 2711 2247 te.
2754 2192 2835 2246 Tu
2879 2193 3024 2247 enim
3058 2209 3118 2250 es
3153 2192 3332 2259 Deus,
3378 2200 3429 2248 θ’
3463 2210 3562 2248 ne-

1974 2284 2305 2339 sciebamus.
2343 2304 2361 2336 »
2390 2284 2522 2352 Quae
2544 2286 2844 2342 audiuntur
2875 2287 3034 2358 quasi
3064 2302 3128 2342 ex
3161 2301 3394 2358 persona
3416 2287 3562 2342 dicta

1975 2380 2191 2428 eorum
2215 2374 2307 2445 qui
2343 2374 2620 2431 Christum
2654 2377 2747 2434 Dei
2782 2379 3124 2434 incarnatum
3154 2389 3555 2451 cognoverunt;

1972 2468 2028 2522 in
2056 2484 2167 2538 quo
2206 2468 2479 2541 inhabitat
2507 2469 2650 2525 Deus
2683 2469 2867 2536 Pater,
2892 2472 3049 2541 juxta
3080 2471 3212 2531 illud
3242 2490 3254 2526 :
3296 2489 3313 2523 ι
3357 2471 3467 2542 Ego
3500 2472 3555 2526 in

1972 2557 2151 2622 Patre,
2180 2567 2234 2614 et
2264 2558 2425 2615 Pater
2458 2560 2512 2614 in
2549 2576 2632 2615 me
2665 2560 2708 2615 ‘.
2747 2580 2766 2612 ι
2792 2561 3041 2631 ,Ιάθοῳιθ
3063 2561 3191 2616 huic
3232 2562 3335 2617 soli
3360 2577 3534 2617 conve

1972 2649 2131 2704 niunt
2158 2650 2251 2703 illa
2285 2666 2301 2703 :
2340 2671 2358 2702 ι
2396 2649 2517 2704 Non
2548 2658 2632 2706 est
2664 2649 2808 2707 Deus
2838 2661 3035 2722 praeter
3068 2660 3148 2719 te;
3200 2671 3218 2703 ι
3252 2651 3407 2722 quasi
3441 2653 3556 2707 sola

1971 2741 2135 2798 Verbi
2173 2743 2376 2798 deitate
2416 2751 2645 2812 paterno
2690 2743 3025 2813 principatui
3053 2744 3205 2797 unita
3246 2743 3559 2798 commista-

1970 2851 2097 2906 que,
2128 2835 2360 2907 ideoque
2388 2836 2505 2890 sola
2536 2835 2823 2906 utriusque
2848 2836 3023 2906 gloria
3061 2844 3116 2890 et
3153 2843 3421 2907 potestate
3452 2851 3543 2906 gu-

1970 2927 2256 2981 bernante.
2301 2924 2398 2981 His
2426 2932 2630 2990 autem,
2667 2943 2686 2977 ι
2727 2923 3020 2980 Laboravit
3053 2926 3339 2997 Egyptus,
3370 2934 3425 2980 et
3455 2941 3555 2980 ne-

1971 3018 2200 3089 gotiatio
2224 3017 2542 3088 IEthiopum
2566 3057 2580 3082 ,
2615 3024 2669 3071 et
2700 3015 2920 3071 Sabaim
2966 3017 3069 3070 viri
3117 3017 3320 3073 excelsi
3375 3017 3443 3071 ad
3498 3025 3553 3072 te

1971 3112 2305 3175 transibunt,
2340 3129 2360 3163 ι
2399 3110 2616 3167 ostendi
2662 3110 2918 3166 existimo
2971 3111 3235 3181 quasdam
3293 3110 3547 3165 adversa-

1968 3205 2081 3260 rias
2105 3205 2421 3276 spirituales
2451 3213 2748 3275 potestates
2785 3219 2906 3274 quae
2959 3205 3224 3260 adversus
3272 3200 3551 3259 Christum

1966 3307 2241 3353 certamen
2272 3298 2469 3362 iniere,
2502 3295 2662 3371 eique
2706 3294 2991 3351 audientes
3026 3295 3184 3350 facta
3225 3302 3392 3358 sunt,
3434 3294 3551 3349 sive

1963 3389 2227 3459 quasdam
2260 3388 2474 3442 animas
2511 3387 2747 3456 primum
2804 3383 2983 3441 Verbo
3034 3388 3425 3450 adversantes,
3484 3398 3551 3438 ac

1962 3488 2151 3551 postea
2181 3479 2441 3535 ditionem
2470 3479 2590 3548 ejus
2619 3477 2896 3547 amplexas
2918 3479 3152 3549 prepriis
3171 3478 3414 3547 ipsarum
3444 3476 3546 3532 bo-

1961 3573 2050 3628 nis
2090 3560 2368 3642 operibus.
2433 3569 2507 3625 De
2566 3568 2769 3640 quibus
2825 3580 2881 3624 et
2935 3570 3068 3625 illud
3129 3569 3236 3623 dici
3300 3568 3544 3638 opinor:

1967 3685 1987 3717 ι
2016 3665 2190 3720 Erunt
2229 3664 2324 3720 tibi
2365 3664 2543 3722 servi.
2576 3671 2631 3717 et
2675 3677 2704 3715 a
2748 3670 2901 3731 tergo
2930 3668 2987 3715 te
3021 3669 3323 3731 sequentur
3373 3660 3544 3713 vincti

1961 3755 2216 3821 manicis,
2239 3762 2294 3810 et
2322 3754 2377 3808 in
2411 3761 2465 3810 te
2484 3752 2739 3808 orabunt.
2769 3771 2791 3803 ι
2820 3749 2931 3806 Iloc
2957 3767 3120 3806 vero:
3154 3770 3172 3802 ι
3205 3749 3544 3805 Erubescent

1957 3858 2011 3903 et
2062 3846 2470 3903 confundentur
2527 3863 2717 3903 omnes
2773 3847 2866 3917 qui
2921 3845 3285 3899 adversantur
3340 3840 3426 3906 ei,
3487 3854 3542 3897 ct

1960 3941 2320 3996 ambulabunt
2349 3941 2407 3995 in
2439 3940 2667 4012 pudore,
2711 3960 2729 3992 ›
2775 3938 3188 4011 prophetizatur
3215 3938 3283 3991 de
3332 3936 3400 3991 iis
3446 3937 3541 4007 qui

1958 4047 2066 4087 non
2097 4047 2260 4101 egere
2300 4032 2680 4102 poenitentiam
2704 4073 2718 4096 ,
2771 4033 3068 4101 hostesque
3094 4037 3150 4085 et
3182 4028 3392 4083 inimici
3420 4035 3543 4098 per-

1958 4130 2302 4187 manserunt,
2339 4132 2394 4179 et
2431 4124 2581 4178 verbi
2615 4123 2822 4178 Christi
2855 4123 3047 4193 jugum
3088 4108 3253 4192 super
3282 4136 3340 4175 se
3392 4123 3542 4190 ipsos

1956 4214 2147 4270 tollere
2178 4216 2401 4271 minime
2428 4216 2740 4271 voluerunt.
2779 4214 2843 4267 Et
2876 4216 2992 4269 haec
3020 4212 3238 4284 quidem
3271 4211 3430 4282 quasi
3469 4212 3537 4265 ad

1953 4306 2156 4362 Christi
2183 4307 2624 4363 elucidationem.
2677 4308 2942 4363 Citandus
2971 4305 3172 4375 quippe
3218 4313 3303 4360 est
3339 4304 3428 4358 ille
3454 4303 3535 4357 lo-

1953 4414 2052 4456 cus
2073 4417 2185 4456 non
2214 4409 2427 4455 tantum
2456 4400 2897 4456 circumcisionis
2926 4399 3125 4469 populo
3148 4439 3165 4464 ,
3214 4396 3310 4452 sed
3335 4406 3390 4451 et
3421 4394 3532 4448 illis

270 4508 453 4550 σονται
504 4494 601 4548 καὶ
656 4493 1089 4563 ἐντραπήσονται
1135 4490 1335 4552 πάντες
1387 4490 1436 4541 οἱ
1485 4487 1848 4557 ἁντικείμενοί

1971 4492 2046 4561 lui
2097 4491 2378 4547 Christum
2426 4492 2585 4563 quasi
2620 4491 2922 4560 simplicem
2978 4489 3250 4543 hominem
3300 4494 3529 4557 putant,

268 4600 371 4648 σοι,
432 4588 528 4642 καὶ
579 4584 936 4657 πορεύσονται
984 4586 1042 4636 ὲν
1086 4579 1335 4655 αἰσχύνῃ,
1379 4600 1397 4631 ι
1450 4579 1848 4652 προφητεύεται

268 4679 394 4748 περὶ
459 4679 566 4734 τῶν
638 4678 712 4750 μὴ
777 4675 1226 4749 μετανοησάντων
1251 4714 1266 4737 ,
1331 4671 1722 4742 διαμεινάντων
1786 4672 1843 4724 δὲ

266 4769 474 4844 ἐχθρῶν
512 4773 605 4826 καὶ
652 4769 943 4842 πολεμίων,
990 4767 1084 4821 καὶ
1115 4763 1383 4838 μηδαμῶς
1415 4761 1547 4835 ἆραι
1584 4764 1668 4833 ἐφ’
1710 4764 1839 4816 ἐαυ-

1959 4582 2230 4638 Ebionaeis
2262 4584 2493 4651 scilicet,
2523 4584 2607 4638 vel
2632 4582 2945 4636 Artemonis
2969 4620 2983 4643 ,
3033 4581 3119 4635 vel
3156 4578 3304 4633 Pauli
3338 4577 3533 4633 Samo-

1955 4677 2194 4731 satensis
2247 4676 2574 4731 fautoribus.
2609 4678 2805 4745 Aperte
2836 4674 2983 4728 enim
3018 4673 3123 4727 hoc
3174 4673 3295 4726 loco
3325 4670 3531 4727 Christi

1949 4769 2125 4825 deitas
2148 4770 2288 4825 male
2311 4767 2658 4824 credentibus
2694 4767 2746 4819 in
2774 4781 2897 4820 eum
2932 4765 3357 4819 demonstratur.

264 4869 389 4934 τοὺς
413 4871 502 4925 τὸν
525 4868 620 4923 τοῦ
644 4868 803 4936 λόγου
830 4865 923 4920 τοῦ
950 4862 1183 4933 Χριστοῦ
1213 4861 1374 4931 ζυγὸν
1407 4860 1833 4931 βεϐουλημένων.
1875 4867 1983 4919 Καὶ
2014 4867 2183 4921 ταῦτα
2244 4867 2343 4939 μὲν
2373 4866 2449 4931 ὼς
2509 4865 2645 4938 πρὸς
2674 4862 2770 4935 τὴν
2799 4862 2891 4916 τοῦ
2927 4861 3162 4934 Χριστοῦ
3206 4860 3523 4930 σαφήνειανο

267 4961 494 5035 ἁρμόζοι
533 4967 577 5019 δ’
604 4964 669 5020 ἂν
690 4960 1042 5035 παρατιθέναι
1078 4959 1177 5030 τὴν
1225 4954 1530 5029 περικοπὴν
1574 4959 1633 5010 οὑ
1683 4959 1841 5029 μόνον
1881 4964 1992 5026 τοῖς
2038 4964 2102 5018 ὲκ
2170 4961 2495 5035 περιτομῆς,
2529 4958 2664 5014 ἀλλὰ
2712 4960 2805 5013 καὶ
2849 4960 2961 5022 τοῖς
3037 4956 3187 5026 ψιλὸν
3237 4955 3526 5025 ἄνθρωπον

265 5054 588 5130 ὑπειληφόσι
639 5056 916 5128 γεγονέναι
965 5054 1056 5107 τὸν
1120 5053 1379 5122 Σωτῆρα,
1454 5050 1815 5117 Ἐϐιωναίοις,
1859 5054 1891 5126 ἢ
1932 5058 2039 5119 τοῖς
2105 5057 2246 5111 κατὰ
2303 5055 2638 5128 Ἀρτέμωνα,
2692 5053 2785 5107 καὶ
2845 5053 2937 5105 τὸν
2986 5049 3320 5121 Σαμωσατέα
3378 5045 3528 5101 Παῦ-

261 5138 371 5205 λον·
411 5154 608 5227 Σαφῶς
645 5154 756 5226 γὰρ
788 5151 884 5206 καὶ
933 5147 1019 5202 διὰ
1090 5144 1293 5201 τούτων
1360 5146 1394 5217 ἡ
1437 5143 1624 5214 θεότης
1692 5145 1783 5199 τοῦ
1836 5149 2074 5219 Χριστοῦ
2120 5153 2231 5214 τοῖς
2280 5149 2407 5222 περὶ
2453 5145 2615 5201 αὑτοῦ
2677 5143 2981 5208 δυσπειθῶς
3028 5143 3241 5214 ἔχουσιν
3304 5138 3523 5193 ἀποδεί-

262 5257 472 5303 κνυται.

760 5361 1155 5419 ΚΕΦΔΛΑΙΟΝ
1206 5361 1334 5414 Kl".

335 5473 356 5506 α
387 5459 584 5514 Ἀκουέ
616 5474 738 5530 μου,
780 5454 996 5518 Ἰακὼϐ,
1020 5456 1114 5508 καὶ
1147 5452 1379 5525 Ἰσραὴλ,
1405 5452 1467 5505 ὃν
1500 5451 1612 5516 ἐγὼ
1644 5450 1796 5505 καλῶ
1818 5470 1831 5482 ·

2501 5352 2729 5411 CAPUT
2766 5351 2952 5407 XXIII.

2017 5470 2037 5501 ι
2073 5450 2213 5505 Audi
2233 5463 2339 5512 me,
2361 5444 2552 5510 Iacob,
2582 5455 2635 5501 et
2660 5444 2851 5509 Israel,
2883 5456 3043 5512 quem
3070 5455 3170 5511 ego
3202 5453 3340 5495 voco
3373 5456 3387 5494 :
3416 5452 3519 5509 ego

258 5540 369 5611 ἐγώ
396 5550 511 5620 εἰμι
560 5547 793 5620 πρῶτος,
834 5547 929 5600 καὶ
956 5545 1068 5614 ἐγώ
1103 5547 1217 5615 είμι
1260 5546 1341 5609 είς
1365 5543 1457 5598 τὸν
1489 5543 1679 5597 αἰῶνα.
1724 5542 1835 5597 Καὶ

1971 5556 2055 5595 um
2079 5549 2310 5612 primus.
2341 5548 2396 5594 et
2439 5552 2539 5608 ego
2586 5551 2706 5592 sum
2767 5535 2823 5588 in
2852 5540 3138 5588 aeternum.
3202 5532 3265 5586 Et
3321 5546 3517 5587 manus

257 5633 292 5703 ἠ
335 5638 459 5712 χείρ
512 5656 612 5712 μου
652 5638 980 5711 ὶθεμελίωσε
1020 5638 1118 5709 τὴν
1164 5639 1288 5709 γῆν,
1332 5637 1426 5689 καὶ
1469 5637 1502 5707 ῄ
1542 5635 1691 5701 δεξιά
1733 5652 1834 5704 μου

1971 5647 2051 5689 tea
2085 5631 2333 5687 fundavit
2360 5640 2561 5686 terram
2587 5671 2602 5696 ,
2645 5634 2698 5683 et
2749 5626 2971 5682 dextera
3004 5641 3121 5679 mea
3154 5624 3518 5681 consolidavit

327 5794 491 5854 ’Isai.
521 5815 637 5866 ιιιι,
671 5794 722 5850 9.
802 5793 999 5851 ‘Joan.
1035 5810 1143 5863 xw,
1180 5791 1267 5850 55.
1323 5793 1367 5872 _'
1396 5790 1521 5848 Isai.
1557 5805 1677 5858 ειν,
1712 5790 1797 5857 l5,
1835 5790 1916 5845 l6.
1997 5784 2194 5842 ‘Jnan.
2230 5800 2341 5848 xw,
2381 5784 2462 5839 lI.
