3926 6260
435 357 566 413 ιεδι

1124 350 1390 407 EUSEBII
1420 331 1904 408 CESARIENSIS
1938 349 2088 408 OPP.
2125 347 2304 402 PARS
2342 348 2434 403 III.
2455 345 2950 400 —EXEGETICA.

3529 350 3546 403 I
3557 350 3637 403 3.32

435 477 627 533 caelos.
667 473 877 529 Vocabo
912 486 1028 532 eos,
1061 477 1115 524 et
1153 470 1376 524 stabunt
1401 471 1586 532 simul,
1621 480 1676 525 et
1708 485 2007 542 congrega-

2144 466 2409 540 στερέωσε
2437 464 2528 518 τὸν
2559 465 2782 536 οὐρανόν
2803 481 2816 492 ·
2846 463 3053 516 καλέσω
3075 461 3184 530 ἐγὼ
3217 463 3402 524 αὐτοὺς
3428 463 3543 528 ἅμα,
3566 469 3639 520 καὶ

438 569 641 624 buntur
670 579 880 626 omnes,
902 570 953 615 et
984 561 1202 616 audient
1222 579 1236 628 ;
1256 561 1377 631 quis
1400 562 1481 616 eis
1500 563 1842 617 annuntiavit
1866 562 2022 616 haec?

437 660 720 722 Dominus,
755 657 847 726 qui
883 653 1059 724 diligit
1089 661 1143 708 te
1169 693 1182 716 ,
1237 652 1366 708 fecit
1420 654 1753 708 voluntatem
1785 662 1931 708 luam
1964 654 2021 708 in

441 751 714 823 Babylone
738 789 753 812 ,
814 754 873 801 ut
907 746 1122 801 tolleret
1157 760 1341 800 semen
1365 743 1764 800 Chaldaeorum.
1795 744 1906 815 Ego
1942 745 2022 799 lo-

439 855 598 901 cutus
627 860 771 907 sum,
805 849 858 898 et
887 855 987 910 ego
1015 839 1227 893 vocavi.
1259 838 1399 893 Duxi
1429 855 1558 894 eum
1591 847 1645 894 et
1675 839 1847 894 direxi
1881 839 2022 892 viam

439 936 558 1002 ejus
589 955 600 989 :
640 933 891 988 adducite
921 932 988 986 ad
1018 945 1102 985 me
1133 939 1186 985 et
1217 930 1401 984 audite
1435 931 1550 985 haec
1579 949 1592 984 :
1627 946 1734 985 non
1763 931 1830 985 ab
1864 930 2023 985 initio

440 1028 493 1082 in
523 1027 739 1082 occulto
769 1026 986 1079 locutus
1022 1038 1142 1079 sum
1179 1040 1190 1076 :
1227 1021 1448 1094 quando
1499 1022 1680 1088 fiebat,
1710 1023 1820 1077 illic
1849 1037 2020 1077 eram.

441 1114 506 1172 Et
535 1133 680 1173 nunc
711 1115 973 1171 Dominus
1009 1113 1269 1170 Dominus
1328 1114 1477 1171 misit
1519 1129 1605 1170 me
1629 1153 1646 1180 ,
1704 1122 1758 1170 et
1789 1113 2025 1185 Spiritus

441 1210 561 1278 ejus
593 1209 630 1263 ¹.
673 1229 692 1260 ›
720 1207 872 1262 Unus
898 1221 1024 1260 cum
1043 1206 1112 1260 sit
1139 1208 1232 1276 qui
1259 1207 1315 1261 in
1340 1207 1442 1262 hoc
1469 1206 1589 1262 loco
1620 1207 1880 1278 loquitur,
1899 1210 2024 1278 quis

443 1303 583 1357 alius
614 1308 761 1357 esset
800 1319 818 1351 ι
858 1299 1120 1354 Dominus
1150 1299 1244 1370 qui
1280 1298 1408 1355 fecit
1441 1299 1642 1354 caelum
1694 1308 1744 1356 et
1797 1299 2028 1354 firmavit

445 1395 597 1460 illud,
624 1401 682 1452 ,et
713 1392 954 1447 fundavit
979 1401 1198 1458 terram,
1225 1412 1243 1444 ι
1269 1393 1473 1464 quique
1507 1393 1675 1447 dicit:
1701 1411 1719 1444 ‹
1759 1391 1872 1466 Ego
1905 1409 2027 1448 sum

444 1487 656 1560 primus
684 1492 737 1539 et
765 1498 865 1554 ego
904 1499 1025 1538 sum
1055 1485 1110 1537 in
1139 1492 1444 1552 aeternum;
1487 1503 1505 1535 ι
1541 1485 1804 1555 adjiciens
1854 1486 1910 1540 in
1963 1487 2030 1544 iis

443 1592 566 1649 quae
586 1583 907 1647 sequuntur,
926 1577 1082 1647 juxta
1109 1591 1298 1631 omnes
1312 1577 1405 1646 qui
1429 1576 1670 1632 divinam
1687 1577 2029 1648 Scripturam

345 1667 350 1674 ’
449 1669 788 1739 interpretati
818 1677 966 1732 sunt,
1006 1667 1138 1722 illud
1172 1685 1184 1719 :
1228 1685 1246 1718 ‹
1277 1666 1343 1720 Ει
1390 1683 1539 1722 nunc
1592 1668 1856 1724 Dominus
1887 1669 2030 1725 Deus

448 1760 595 1815 misit
626 1775 709 1814 me
729 1769 782 1814 et
805 1757 1044 1830 Spiritus
1080 1758 1249 1829 ejus»
1271 1773 1335 1813 ac
1365 1769 1612 1813 sanctum
1642 1759 1738 1814 Dei
1773 1758 2029 1827 Verbum,

2125 561 2410 630 στήσονται
2451 557 2544 610 καὶ
2589 555 3037 627 συναχθήσονται,
3087 554 3180 605 καὶ
3222 551 3533 606 ἀκούσονται.
3565 558 3638 621 Τίς

2123 656 2305 716 αὐτοῖς
2359 650 2678 722 ἀνήγγειλεν
2726 648 2930 709 ταῦτας
2975 651 3041 714 ,νε
3096 646 3295 716 Κύριος
3348 647 3549 715 ἀγαπῶν
3594 668 3640 704 σε

2124 745 2346 814 ἐποίησε
2396 742 2456 794 τὸ
2509 740 2721 811 θέλημά
2769 756 2861 791 σου
2915 737 3003 790 ἐπὶ
3051 735 3360 802 Βαϐυλῶνα,
3415 739 3497 791 τοῦ
3541 736 3641 810 ἆραι

2126 836 2346 908 σπέρμα
2379 833 2680 888 Χαλδαίων.
2719 829 2858 899 Ἐγὼ
2891 829 3147 900 ἐλάλησα,
3179 830 3271 882 καὶ
3299 829 3402 898 ἐγὼ
3424 831 3640 885 ἐκάλεσα·

2125 929 2330 1000 ήγαγον
2356 926 2540 990 αὑτὸν,
2575 924 2670 976 καὶ
2709 921 2966 976 εὐὼδωσα
3024 921 3120 992 τὴν
3156 920 3272 973 ὁδὸν
3306 921 3488 974 αὑτοῦ·
3514 939 3645 993 προε-

2127 1023 2360 1090 αγάγετε
2392 1018 2526 1091 πρὸς
2558 1019 2644 1090 μὲ,
2681 1017 2776 1069 καὶ
2809 1014 3074 1068 ἀκούσατε
3108 1011 3310 1065 ταῦτα·
3340 1014 3433 1066 οὐκ
3462 1014 3540 1066 ἀπ’
3574 1017 3649 1085 ἀρ-

2127 1112 2226 1181 χῆς
2268 1112 2325 1162 ἐν
2365 1109 2546 1179 κρυφῇ
2577 1105 2848 1175 λελάληκα
2869 1121 2882 1135 ’
2917 1103 3077 1173 ἡνίκα
3105 1101 3318 1168 ἐγένετο
3359 1104 3466 1154 ἐκεῖ
3502 1105 3645 1174 ἥμην·

2128 1204 2222 1256 καὶ
2251 1203 2343 1254 νῦν
2379 1199 2580 1270 Κύριος
2609 1198 2812 1269 Κύριος
2839 1193 3123 1248 ἀπέστειλέ
3156 1210 3244 1264 με,
3275 1193 3365 1245 καὶ
3387 1192 3446 1245 τὸ
3470 1195 3651 1264 Πνεῦμα

2129 1291 2322 1346 αὑτοῦ.
2356 1309 2374 1342 ι
2412 1289 2562 1351 Ἐνὺς
2597 1287 2746 1349 ὄντος
2776 1283 2870 1337 τοῦ
2898 1281 3070 1336 ταῦτα
3104 1283 3160 1334 ἐν
3201 1283 3268 1351 τῇ
3310 1285 3554 1350 περικοπῇ
3581 1281 3650 1333 λέ-

2131 1401 2318 1455 γοντος
2342 1380 2653 1453 προσώπου,
2676 1377 2758 1440 τίς
2787 1377 2829 1429 δ’
2857 1375 2921 1428 ἂν
2950 1372 3106 1436 ἄλλος
3123 1372 3206 1442 εἰη
3240 1392 3258 1422 ι
3282 1370 3472 1442 Κύριος
3498 1372 3655 1442 67.0%.-

2133 1496 2232 1542 σας
2261 1476 2351 1531 τὸν
2404 1471 2632 1546 οὐρανὸν
2676 1471 2769 1524 καὶ
2815 1468 2991 1540 πήξας
3031 1468 3213 1531 αὑτὸν,
3268 1467 3359 1519 καὶ
3399 1464 3656 1536 mapalium;

2132 1571 2229 1643 τὴν
2259 1570 2385 1639 γῆν,
2425 1587 2444 1620 ι
2479 1567 2507 1618 6
2540 1565 2746 1633 λέγων·
2795 1579 2812 1612 t
2849 1559 2989 1629 Ἐγώ
3018 1561 3130 1630 εἰμι
3177 1557 3422 1630 πρῶτος,
3469 1559 3550 1609 καὶ
3573 1556 3657 1624 ἐγὼ

2134 1667 2248 1734 ειμι
2276 1664 2354 1725 είς
2378 1661 2472 1713 τὸν
2495 1657 2686 1722 αἰῶνα,
2720 1675 2737 1706 ο
2769 1656 2863 1706 καὶ
2889 1652 3162 1723 ἐπιφέρων
3187 1653 3242 1704 ἐν
3269 1653 3380 1711 τοῖς
3399 1648 3530 1720 ἐξῆς,
3551 1650 3659 1703 κατᾶ

2136 1755 2343 1817 πάντας
2376 1753 2502 1815 τοὺς
2547 1746 2988 1821 ἑρμηνεύσαντας
3020 1744 3115 1814 τὴν
3157 1741 3307 1795 θείαν
3348 1740 3569 1814 Γραφὴν,
3595 1740 3658 1803 τὸ,

447 1853 539 1923 qui
583 1858 707 1921 post
747 1852 1046 1907 increatum
1095 1851 1310 1904 initium
1365 1860 1741 1906 creaturarum
1789 1853 2030 1908 omnium

2140 1869 2158 1900 ι
2194 1848 2302 1901 Καὶ
2345 1846 2437 1916 νῦν
2494 1843 2698 1913 Κύριος
2745 1842 2774 1893 6
2832 1838 2964 1901 Θεὸς
3013 1836 3325 1890 ἀπέσταλκε
3370 1851 3454 1907 με,
3500 1835 3576 1886 καὶ
3616 1833 3661 1885 τὺ

448 1943 660 2011 primus
701 1941 844 1998 Deus
894 1941 1209 1996 nominatus
1255 1949 1360 2007 est,
1393 1941 1460 1995 de
1489 1956 1596 2010 quo
1621 1948 1675 1995 et
1703 1941 1839 1995 alias
1892 1942 2030 1996 scri-

450 2043 602 2106 ptum
635 2043 719 2090 est
750 2054 764 2090 :
799 2052 817 2085 ‹
848 2033 994 2088 Misit
1025 2033 1262 2087 Verbum
1293 2033 1414 2097 ejus
1467 2040 1522 2088 et
1569 2034 1781 2088 curavit
1827 2033 1969 2088 eos?
2005 2052 2024 2085 ι

449 2129 570 2196 Ipse
599 2126 744 2182 enim
773 2134 857 2182 est
895 2146 912 2178 ι
950 2142 1047 2197 per
1069 2141 1229 2196 quem
1261 2126 1446 2180 omnia
1475 2124 1617 2179 facta
1651 2133 1800 2191 sunt,
1841 2127 1896 2180 in
1924 2142 2031 2183 caa-

450 2219 680 2275 lestibus
711 2228 764 2274 et
791 2219 845 2273 in
877 2218 1254 2282 terrestribus,
1283 2218 1398 2273 sive
1425 2217 1662 2272 visibilia
1691 2259 1709 2286 ,
1750 2218 1865 2274 sive
1896 2218 2034 2272 invi-

452 2313 668 2378 sibilia;
711 2331 728 2363 ι
762 2327 923 2382 quem
962 2320 1014 2367 et
1057 2311 1207 2381 misit
1237 2310 1500 2366 Dominus
1531 2309 1673 2366 Deus
1721 2311 1884 2366 Pater
1910 2355 1924 2379 ,
1979 2321 2033 2367 et

449 2419 575 2459 cum
610 2419 674 2460 eo
705 2402 970 2474 Spiritum
1022 2411 1293 2469 sanctum,
1330 2401 1395 2456 ad
1425 2402 1791 2458 aediﬁcandam
1818 2404 2033 2473 generis

451 2495 733 2550 hominum
756 2495 1020 2552 salutem?
1043 2494 1218 2565 Atque
1241 2495 1358 2550 haec
1385 2493 1589 2551 Iudaeis
1619 2505 1744 2567 apte
1771 2495 1878 2551 dici
1915 2513 2035 2567 pos-

453 2597 596 2667 sent,
631 2605 754 2644 cum
784 2589 1016 2645 doceant
1051 2589 1214 2644 alium
1246 2605 1370 2645 esse
1401 2588 1690 2644 Dominum
1726 2591 1819 2661 qui
1851 2590 2033 2644 omnia

455 2681 662 2736 creavit
691 2689 889 2753 praeter
906 2681 1151 2736 omnium
1172 2680 1364 2744 Deum,
1389 2697 1418 2735 a
1435 2697 1545 2751 quo
1573 2697 1630 2736 se
1655 2681 1883 2736 missum
1907 2697 2037 2736 con-

455 2772 661 2840 litetur,
693 2773 918 2829 dicens:
963 2791 981 2824 ‹
1034 2771 1096 2826 Ει
1162 2787 1309 2827 nunc
1353 2771 1617 2828 Dominus
1672 2773 1821 2827 misit
1866 2787 1972 2826 me.
2012 2791 2030 2823 ι

454 2863 576 2934 Ipse
603 2863 749 2918 enim
790 2871 936 2918 esset
966 2863 1054 2918 cui
1087 2861 1410 2933 praecipiens
1455 2861 1510 2916 in
1540 2861 1728 2918 mundi
1763 2863 2038 2918 creatione

451 2955 871 3011 dicitPaterzt
908 2955 1030 3010 Fiat
1095 2957 1206 3020 lux,
1263 2965 1318 3011 et
1372 2956 1504 3009 fiant
1562 2955 1676 3009 lucc
1731 2963 1784 3010 et
1843 2955 1969 3022 illa;
2012 2975 2030 3008 ι

455 3054 620 3116 atque
655 3046 786 3100 illud
816 3065 830 3100 ε
858 3065 874 3097 ι
917 3045 1205 3102 Faciamus
1235 3046 1508 3101 hominem
1533 3046 1600 3099 ad
1625 3046 2036 3102 similitudinem

455 3146 723 3194 nostram.
762 3159 780 3192 ι
823 3139 1004 3205 Quare
1054 3148 1109 3193 ct
1153 3137 1207 3193 in
1259 3138 1491 3194 Psalmis
1545 3139 1805 3208 scribitur
1853 3140 2032 3195 illud:

2136 1940 2360 2010 Πνεῦμα
2395 1936 2581 1998 αὑτοῦ,
2624 1953 2643 1988 ι
2677 1934 2710 2006 ἢ
2741 1934 2769 1985 6
2812 1931 2954 2003 ἱερὸς
2983 1928 3076 1982 τοῦ
3107 1928 3240 1981 Θεοῦ
3290 1927 3473 1996 Λόγος,
3501 1927 3524 1978 6
3557 1923 3664 1995 μετά
3712 1985 3722 1994 λ

2135 2034 2235 2105 τὴν
2266 2030 2526 2100 ἀγένητον
2569 2026 2741 2099 ἀρχὴν
2787 2023 2894 2076 τῶν
2925 2019 3166 2092 γενητῶν
3212 2019 3465 2072 ἁπάντων
3494 2015 3665 2087 πρῶτος

2137 2128 2269 2189 Θεὸς
2291 2123 2706 2194 ὀνομαζόμενος,
2731 2117 2858 2188 περὶ
2884 2109 2944 2169 οὗ
2970 2116 3062 2170 καὶ
3084 2112 3347 2182 ἀλλαχόσε
3375 2111 3662 2180 γέγραπται·

2145 2241 2164 2274 ι
2212 2215 2524 2274 Ἀπέστειλε
2551 2213 2641 2266 τὸν
2671 2211 2843 2280 Λόγον
2875 2207 3039 2262 αὑτοῦ
3070 2207 3163 2260 καὶ
3196 2205 3387 2258 ἰάσατο
3419 2201 3621 2264 αὐτούςς
3650 2217 3663 2250 ι

2139 2313 2310 2376 Αὐτὸς
2333 2313 2440 2381 γάρ
2475 2309 2622 2360 ἐστιν
2664 2305 2692 2358 6
2737 2322 2755 2355 ι
2790 2304 2856 2356 δι’
2887 2294 2946 2354 οὗ
2974 2301 3039 2354 τὰ
3071 2300 3248 2353 πάντα
3283 2297 3506 2366 ἐγένετο,
3541 2292 3599 2347 τά
3623 2308 3670 2344 τι

2140 2403 2198 2456 ἐν
2226 2404 2338 2465 τοῖς
2373 2401 2619 2471 οὐρανοῖς
2654 2397 2748 2449 καὶ
2780 2394 2847 2447 τά
2878 2393 2969 2446 ἐπὶ
2999 2392 3094 2462 τῆς
3128 2390 3252 2460 γῆς,
3283 2390 3389 2441 εἴτε
3411 2385 3566 2457 ὁρατὰ
3587 2383 3669 2436 sire

2141 2496 2349 2566 ἀόρατα
2371 2509 2382 2520 ·
2424 2511 2441 2543 ι
2479 2491 2537 2544 ὃν
2563 2489 2654 2543 καὶ
2680 2487 2965 2541 ἀπέστειλε
2997 2483 3200 2555 Κύριος
3230 2481 3412 2544 ὁοθεὸς
3444 2482 3471 2532 ὁ
3502 2476 3670 2548 Πατὴρ,

2143 2583 2241 2635 σὺν
2273 2579 2424 2652 αὐτῷ
2446 2579 2502 2632 δέ
2533 2577 2625 2632 καὶ
2657 2577 2717 2629 τὺ
2738 2575 2891 2645 ἅγιον
2927 2574 3170 2644 Πνεῦμα,
3201 2571 3596 2640 οἰκονομήσοντα
3620 2566 3670 2619 τὰ

2142 2674 2281 2746 ὑπὲρ
2312 2673 2412 2740 τῆς
2445 2669 2746 2741 ἀνθρώπων
2807 2665 3109 2738 σωτηρίας.
3140 2663 3243 2732 Εῖη
3291 2664 3334 2717 δ’
3379 2663 3441 2716 ἂν
3483 2657 3673 2732 ἁρμόζον

2143 2766 2219 2829 ὡς
2253 2766 2388 2836 πρὸς
2424 2763 2708 2825 Ἰουδαίους
2743 2762 2802 2814 τὸ
2844 2759 3025 2832 ῥητὸν,
3069 2757 3324 2812 διδάσκον
3359 2757 3534 2824 ἕτερον
3567 2747 3673 2803 εἶναι

2144 2860 2347 2932 Κύριον
2370 2858 2460 2911 τὸν
2499 2855 2981 2926 δημιουργήσαντα
3014 2850 3084 2902 τὰ
3118 2848 3299 2903 πάντα
3331 2846 3470 2919 παρὰ
3491 2845 3569 2897 τὸν
3592 2840 3675 2894 τῶν

2143 2951 2278 3004 ὅλων
2331 2951 2482 3013 Θεὸν,
2533 2950 2625 3018 ὑφ’
2677 2941 2738 3000 οὗ
2794 2944 3130 3000 ἀπεστάλθαι
3195 2940 3464 3012 ὁμολογεῖ,
3496 2936 3673 3003 λέγων·

2151 3063 2168 3093 ι
2219 3042 2329 3096 Καὶ
2368 3041 2462 3096 νῦν
2495 3041 2698 3112 Κύριος
2729 3036 3038 3093 ἀπέσταλκέ
3073 3051 3170 3106 με’
3218 3053 3236 3086 ι
3273 3031 3432 3093 αὐτὸς
3464 3029 3503 3082 δ’
3533 3027 3584 3081 ἂν
3610 3024 3674 3093 εἴη

2145 3129 2190 3204 ᾧ
2225 3134 2576 3205 προστάττων
2609 3133 2667 3184 ἐν
2709 3133 2773 3202 τῇ
2803 3127 3133 3200 κοσμοποιίᾳ
3160 3125 3328 3195 φησὶν
3357 3125 3384 3175 6
3415 3119 3582 3188 Πατὴρ
3613 3112 3675 3177 τὸ,

461 3251 480 3282 ς
521 3230 638 3303 Ipse
663 3231 821 3298 dixit,
853 3241 906 3288 et
936 3233 1077 3288 facta
1106 3242 1254 3298 sunt,
1311 3233 1429 3304 ipse
1465 3205 1744 3288 mandavit
1769 3241 1822 3288 et
1852 3243 2033 3289 creata

2146 3243 2166 3278 ι
2202 3225 2492 3298 Γενηθήτω
2515 3223 2651 3294 φῶς,
2678 3224 2771 3277 καὶ
2802 3219 3085 3291 γενηθήτω
3111 3216 3238 3271 τάδε
3273 3215 3369 3270 καὶ
3389 3211 3534 3304 τάδε·
3567 3227 3582 3260 ι
3605 3205 3678 3260 καὶ

457 3336 605 3380 sunt.
643 3345 662 3378 ›
704 3326 903 3397 Aperte
935 3327 1080 3383 enim
1131 3337 1345 3383 constat
1394 3327 1537 3398 quod
1587 3327 1907 3398 praecipiens
1937 3325 2037 3379 ali-

456 3417 586 3488 quid
620 3425 674 3473 et
708 3417 936 3488 loquens
962 3418 1056 3472 alii
1093 3434 1155 3473 ac
1201 3417 1528 3488 sibimetipsi
1571 3416 1818 3488 praecipit
1846 3424 1899 3471 et
1933 3415 2036 3469 im-

455 3519 630 3580 perat.
669 3509 895 3581 Singula
944 3527 1072 3565 vero
1128 3511 1358 3582 hujusce
1397 3510 1502 3565 loci
1555 3509 1722 3564 verba
1763 3508 2038 3579 inquirere

457 3618 568 3656 non
599 3604 886 3673 praesentis
919 3615 1001 3659 est
1023 3604 1224 3674 operis.

2141 3319 2221 3381 τὸ,
2273 3336 2292 3370 t
2322 3319 2644 3388 Ποιήσωμεν
2684 3314 2968 3385 ἄνθρωπον
2995 3310 3116 3364 κατ’
3144 3307 3334 3360 εἰκόνα
3362 3301 3674 3388 ἡμετέραν-λι

2141 3386 2586 3483 ταύτην(ῃ)νγάρ
2640 3409 2734 3462 καὶ
2774 3409 2830 3459 ἐν
2872 3403 3124 3473 Ψαλμοῖς
3171 3397 3572 3466 ἀναγέγραπται
3612 3386 3676 3483 τό,

2150 3523 2168 3556 t
2215 3478 2564 3567 ὀὲίᾶοτδξ
2591 3499 2734 3565 εἶπε,
2773 3500 2866 3554 καὶ
2916 3493 3281 3566 ἐγενήθησαν⁹
3330 3488 3486 3550 αὐτὸς
3527 3478 3679 3537 ἐνετεί-

2145 3599 2295 3662 λατο,
2337 3598 2428 3652 καὶ
2471 3595 2817 3666 ἐκτίσθησαν.
2856 3611 2874 3642 ι
2924 3585 3196 3660 Πρόδηλον
3225 3581 3360 3653 γὰρ,
3383 3580 3457 3643 ὡς
3489 3579 3514 3631 6
3539 3569 3679 3666 ἐντελ-

455 3662 679 3765 λόμενός
735 3712 788 3748 τι
859 3696 952 3749 καὶ
1013 3662 1184 3764 λέγων
1244 3695 1414 3766 ἑτέρῳ
1477 3695 1606 3765 παρ’
1661 3692 1854 3746 ἑαυτὸν
1911 3687 2214 3744 ἐντέλλεταί
2284 3704 2344 3740 τε
2394 3687 2486 3741 καὶ
2535 3662 2880 3759 προστάττει.
2935 3678 3205 3746 Ἐκάστην
3257 3673 3440 3745 μέντοι
3474 3685 3530 3737 γε
3568 3662 3679 3724 λέξιν

456 3789 554 3859 τῆς
611 3791 916 3861 περικοπῆς
971 3789 1243 3854 ἐξετάζειν
1289 3791 1349 3842 οὑ
1399 3790 1498 3861 τῆς
1557 3788 1840 3860 παρούσης
1889 3788 2036 3841 ἐστὶν
2068 3783 2479 3857 πραγματείας.

1017 3903 1244 3960 CAPUT
1286 3903 1476 3961 XXIV.

535 4042 553 4074 ι
593 4020 792 4076 Audite
824 4037 944 4086 me,
995 4021 1206 4086 insulae,
1240 4029 1293 4076 et
1347 4021 1632 4086 attendite,
1665 4029 1855 4092 gentes
1891 4039 1904 4076 :
1937 4023 2043 4076 Per

456 4124 674 4186 tempus
702 4115 933 4170 multum
964 4115 1252 4179 consistet,
1285 4115 1418 4169 dicit
1442 4115 1704 4170 Dominus
1735 4135 1747 4169 :
1779 4115 1847 4169 ab
1883 4122 2040 4169 utero

457 4207 652 4264 matris
697 4221 832 4262 mea:
881 4207 1093 4261 vocavit
1152 4222 1349 4262 nomen
1405 4222 1623 4270 meum,
1670 4214 1722 4262 et
1769 4207 1948 4276 posuit
1976 4221 2039 4262 os

457 4316 640 4356 meum
687 4300 844 4371 quasi
873 4299 1110 4371 gladium
1168 4306 1419 4366 acutum;
1481 4307 1536 4354 et
1576 4299 1680 4355 sub
1724 4307 2037 4368 legumento

458 4406 656 4448 manus
707 4406 820 4447 sua:
861 4391 1157 4446 occultavit
1211 4406 1330 4458 me;
1372 4399 1425 4446 et
1449 4391 1588 4446 dixit
1613 4391 1745 4444 mibi
1783 4411 1795 4444 :
1827 4388 2034 4445 Servus

457 4497 612 4539 meus
671 4498 731 4538 es
788 4491 868 4546 tu,
903 4481 1109 4545 Israel,
1163 4481 1286 4552 quia
1324 4482 1380 4536 in
1409 4490 1464 4537 te
1497 4482 1795 4554 gloriabor.
1826 4480 1893 4534 Et
1935 4496 2037 4552 ego

457 4573 607 4630 dixi:
649 4573 708 4629 In
726 4588 960 4629 vacuum
1007 4574 1282 4639 laboravi,
1316 4575 1436 4631 sine
1475 4589 1662 4635 causa,
1687 4581 1741 4628 et
1760 4589 1900 4628 vane
1925 4573 2038 4628 for-

457 4667 746 4722 titudinem
790 4682 966 4722 meam
994 4669 1312 4737 consumpsi
1341 4681 1360 4721 :
1391 4681 1519 4738 ergo
1540 4667 1806 4736 judicium
1861 4682 2039 4722 meum

457 4775 582 4815 cum
607 4757 858 4824 Domino,
875 4766 930 4814 et
959 4775 1096 4828 opus
1114 4774 1293 4815 meum
1311 4775 1436 4814 cum
1472 4759 1579 4814 Deo
1621 4773 1760 4814 meo.
1794 4757 1860 4814 Et
1895 4775 2041 4813 nunc

458 4852 590 4907 dicit
618 4851 900 4918 Dominus,
929 4851 1170 4908 formans
1201 4840 1288 4907 me
1333 4868 1401 4907 ex
1449 4861 1604 4907 utero
1645 4869 1865 4908 servum
1912 4853 2040 4916 sibi,

457 4954 518 4999 ut
567 4945 824 5000 reducam
860 4943 1028 5000 Iacob
1055 4945 1122 4999 ad
1157 4960 1304 5010 eum,
1336 4953 1389 4999 et
1417 4943 1604 5001 Israel.
1655 4946 2045 5018 Congregabor

455 5047 514 5096 et
546 5037 893 5109 gloriﬁcabor
923 5053 978 5091 in
1014 5036 1190 5092 oculis
1219 5036 1454 5102 Domini,
1494 5045 1547 5093 et
1585 5035 1730 5093 Deus
1766 5052 1921 5092 meus
1949 5035 2036 5089 fa-

457 5142 583 5190 ctus
599 5138 683 5188 est
715 5129 976 5185 fortitudo
1002 5145 1143 5186 mea.
1169 5129 1234 5182 Et
1255 5131 1393 5185 dixit
1419 5129 1706 5202 :Magnum
1735 5138 1816 5186 est
1849 5130 1948 5184 tibi
1983 5137 2042 5182 ut

459 5223 538 5278 sis
564 5223 700 5278 mibi
732 5239 926 5280 servus
942 5222 1008 5276 ad
1030 5221 1374 5278 suscitandas
1402 5224 1580 5279 tribus
1599 5221 1790 5287 Jacob,
1807 5231 1860 5278 et
1879 5222 2046 5277 faeces

459 5313 628 5372 Israel
644 5313 1064 5372 eonvertendas.
1083 5313 1224 5370 Ecce
1241 5314 1364 5371 dedi
1387 5322 1440 5370 te
1465 5316 1519 5368 in
1542 5321 1928 5370 testamentum
1949 5330 2042 5385 ge-

461 5405 632 5467 neris,
684 5403 742 5459 in
775 5405 951 5460 lucem
984 5403 1247 5475 gentium,
1303 5413 1370 5474 ut,
1401 5403 1478 5460 sis
1511 5404 1662 5458 salus
1695 5418 1816 5457 mea
1863 5419 2039 5473 usque

461 5495 531 5549 ad
563 5505 866 5551 extremum
898 5505 1076 5552 terrze.
1104 5495 1228 5550 Haec
1255 5496 1389 5550 dicit
1417 5492 1686 5551 Dominus
1724 5497 2040 5564 redemptor

455 5593 614 5667 tuus,
644 5585 786 5639 Deus
817 5585 983 5641 Israel
1019 5605 1034 5640 :
1069 5586 1416 5662 Sanctificate
1440 5602 1563 5641 eum
1595 5586 1686 5656 qui
1717 5585 1864 5656 parvi
1912 5585 2040 5638 facit

465 5680 701 5733 animam
737 5691 912 5740 suam,
935 5694 1095 5747 quem
1130 5679 1516 5734 abominantur
1536 5685 1744 5749 gentes,
1773 5677 1916 5732 servi
1939 5678 2038 5732 do-

533 5812 556 5844 ‘
578 5810 702 5868 Isai.
735 5823 924 5874 xum,
955 5807 1140 5862 122-16.

2649 3889 3046 3948 ΚΕΦΑΛΑΙΟΝ
3079 3889 3204 3942 ΚΔ¹.

2222 4032 2240 4064 ι
2282 4008 2576 4064 Ἀκούσατὲ
2597 4025 2718 4078 μου,
2753 4006 2926 4075 νῆσοι,
2957 4002 3052 4056 καὶ
3072 3999 3395 4070 προσέχετε,
3425 3993 3570 4062 ἔθνη·
3607 3981 3681 4078 Ali

2144 4103 2336 4176 χρόνου
2367 4099 2561 4155 πολλοῦ
2595 4075 2849 4169 στήσεται
2869 4133 2884 4159 ,
2935 4093 3083 4161 λέγει
3117 4088 3356 4160 Κύριοςο
3411 4075 3681 4176 ἐκ-κοιλίτις

2149 4163 2356 4270 μητρός
2394 4213 2493 4267 μου
2530 4163 2755 4246 ἐκάλεσε
2809 4188 2869 4242 τὸ
2907 4185 3078 4256 ὄνομά
3114 4200 3214 4254 μου
3239 4196 3256 4212 '
3320 4179 3414 4232 καὶ
3457 4174 3600 4270 ἔθηκε
3637 4163 3684 4218 τὸ

2147 4262 2321 4362 Emissa
2354 4262 2454 4361 μὸν
2484 4288 2559 4350 ὡς
2585 4285 2858 4355 μάχαιραν
2891 4279 3103 4345 ὀξεῖαν’
3136 4276 3230 4330 καί
3260 4273 3367 4326 ὑπὸ
3397 4269 3492 4340 τὴν
3513 4262 3682 4368 σῗίέῗν

2143 4353 2458 4456 τῆέχείρδς
2489 4353 2884 4446 αὐτοῦνέκρυψέ
2938 4389 3038 4444 με·
3075 4369 3168 4424 καὶ
3205 4364 3329 4420 εἶπέ
3378 4377 3494 4435 μοι·
3526 4353 3682 4456 Δοῦλόξ

2150 4441 2248 4548 μου
2357 4441 2452 4538 σὺ,
2491 4469 2708 4543 Ἰσραὴλ
2733 4441 2763 4532 ,-
2799 4441 2894 4519 καὶ
2926 4441 2983 4516 ἐν
3033 4462 3116 4516 σοὶ
3172 4457 3586 4548 δοξασθήσομαιι·
3608 4441 3681 4548 καὶ

2143 4536 2255 4636 ἐγὼ
2303 4562 2462 4634 εἶπα·
2516 4561 2706 4625 Κενῶς
2759 4559 3058 4620 ἐκοπίασα,
3112 4555 3190 4615 εἰς
3248 4550 3474 4622 μάταιον
3503 4540 3586 4596 καὶ
3623 4536 3684 4595 εἷς

2145 4661 2298 4713 οὐδὲν
2341 4657 2518 4710 ἔδωκα
2539 4655 2638 4725 τὴν
2671 4651 2824 4723 ἰσχύν
2861 4665 2990 4722 μου·
3023 4646 3110 4700 διά
3137 4642 3302 4697 τοῦτο
3333 4644 3365 4710 ἡ
3413 4637 3576 4725 κρίσις
3603 4642 3681 4698 μου

2147 4751 2295 4821 παρὰ
2320 4749 2530 4820 Κυρίῳ,
2566 4724 2661 4800 καὶ
2683 4746 2712 4795 6
2735 4743 2896 4804 πόνος
2930 4757 3027 4811 μου
3061 4736 3302 4792 ἐναντίον
3322 4731 3415 4785 τοῦ
3438 4724 3559 4782 Θεοῦ
3584 4737 3678 4821 μου.

2146 4809 2257 4897 Καὶ.
2290 4840 2384 4893 νῦν
2614 4837 2762 4905 λέγει
2789 4809 3015 4905 Κύριος,
3037 4833 3065 4883 6
3089 4828 3302 4888 πλάσας
3340 4838 3406 4894 με
3435 4822 3495 4872 ἐκ
3513 4809 3679 4905 κοιλίας

2145 4933 2330 4988 δοῦλον
2356 4899 3030 5002 ἐαυτῴξτοῦτσυναγαγεῖν
3054 4923 3145 4976 τὸν
3180 4915 3379 4972 Ἰακὼό
3552 4899 3678 4960 αῠτὺν

2147 5025 2242 5078 καὶ
2298 5025 2388 5078 τὸν
2440 5000 2688 5093 Ἰσραήλ·
2739 5017 3143 5086 συναχθήσομαι
3175 5009 3272 5062 καὶ
3325 5000 3678 5101 δοξασθήσοξιαξ

2149 5118 2390 5172 ἐναντίον
2438 5114 2643 5186 Κυρίου
2665 5155 2681 5179 ,
2717 5111 2810 5165 καὶ
2835 5112 2864 5163 ὁ
2901 5106 3032 5170 Θεός
3059 5121 3161 5176 μου
3207 5101 3364 5154 ἔσται
3401 5094 3678 5186 pertexit?

2148 5211 2244 5264 καὶ
2269 5204 2390 5262 εἷπε
2407 5225 2419 5237 ·
2445 5179 2603 5275 Μέγα
2635 5203 2716 5256 σοί
2748 5203 2865 5254 ἐστι
2887 5195 2979 5251 τοῦ
3015 5190 3281 5266 κληθῆναί
3321 5205 3382 5241 σε
3405 5179 3560 5237 παῖδά
3579 5188 3675 5276 310?,

2149 5303 2244 5356 τοῦ
2295 5300 2491 5370 στῆσαι
2515 5298 2615 5361 τὰς
2666 5293 2838 5365 φυλὰς
2891 5287 3084 5344 Ἰακὼϐ
3109 5327 3124 5351 ,
3162 5283 3258 5368 καὶ
3295 5280 3393 5343 τὰς
3425 5277 3677 5370 ﬁdem?“

2147 5394 2242 5447 τοῦ
2296 5359 2510 5464 Ἰσραὴλ
2561 5359 2917 5459 ἐπιστρέψαι’
2956 5382 3066 5436 ἰδοὺ
3117 5359 3343 5431 τέθὲικά
3391 5387 3448 5423 σε
3479 5367 3551 5464 είς
3589 5359 3677 5411 sta-

2150 5486 2323 5559 θήκην
2361 5457 2569 5553 γένους,
2615 5482 2695 5544 εἰς
2727 5457 2844 5548 ιρῶς
2876 5476 3066 5536 ἐθνῶν,
3102 5469 3195 5524 τοῦ
3218 5463 3360 5521 εἶναι
3487 5457 3559 5559 εἰς
3592 5465 3673 5559 σωῐ

2148 5539 2341 5652 τηρίαν
2501 5539 2859 5646 ἐσχάτου-τῆς
2882 5570 3004 5640 γῆς.
3031 5565 3214 5624 Οὕτως
3240 5561 3390 5628 λέγει
3424 5552 3627 5652 Κύριοςζ
3639 5539 3674 5652 ,δ

2152 5629 2617 5744 ρόσάμενόςυσεΐό
2645 5664 2776 5728 Θεὸς
2814 5629 3046 5734 ξίσράίηλ·
3084 5653 3375 5725 Ἀγιάσατε
3410 5647 3496 5702 τὸν
3521 5629 3674 5710 φαυλμ
