3926 6260
278 307 405 364 [εδδ

1296 305 1594 365 ECLOGA:
1632 309 2114 376 PROPHETICE.
2151 351 2221 363 --
2259 319 2388 377 LIB.
2427 320 2511 378 ιγ.

3389 328 3530 388 £236

274 426 431 491 ζοντα
454 423 552 496 τὴν
582 422 758 509 ψυχὴν
784 421 970 491 αὐτοῦ,
1013 424 1558 501 τὸν,βδελυσσόμενον
1590 432 1695 488 ὑπὸ
1740 433 1849 491 τῶν

1961 441 2298 498 minantium.
2325 442 2498 514 Reges
2523 444 2784 502 videbunt
2802 446 3003 518 eumZet
3015 458 3311 520 exsurgent
3324 452 3533 520 princi-

272 516 438 571 ἐθνῶν
462 516 571 570 τῶν
591 515 792 572 δούλων
818 517 926 571 τῶν
942 518 1320 590 ἀρχόντων.Βα
1330 521 1496 587 σιλεῖς
1511 524 1732 595 ὄψονται
1747 528 1846 583 αὑ-

269 608 379 670 τὸν,
413 609 507 663 καὶ⁸
522 609 916 682 ἀναστήσονται
941 610 1221 682 ἄρχοντες,
1262 616 1357 669 καὶ
1379 621 1851 689 προσκυνήσουσιν

269 701 413 773 αὒτῴ
436 702 622 756 ἕνεκεν
651 704 878 777 Κυρίου·
903 704 984 762 ὅτι
1012 709 1202 774 πιστός
1218 709 1367 762 ἐστιν
1389 711 1418 762 6
1440 709 1594 779 ἅγιος
1609 712 1844 785 Ἰσραὴλ,

266 792 358 848 καὶ
379 791 712 866 ἐξελεξάμην
739 813 819 849 σε.
845 798 1031 865 Οὕτως
1060 801 1204 871 λέγει
1224 802 1446 875 Κύριοςο
1465 803 1657 876 Καιρῷ
1677 805 1849 876 δεκτῷ

266 886 547 959 ἐπήκουσά
568 904 685 951 σου,
719 890 813 942 καί⁵
835 891 892 944 ὲν
916 894 1102 966 ἡμέρα
1133 895 1405 966 σωτηρίας
1433 895 1707 968 ἐϐοήθησά
1740 915 1845 962 σοι,

265 979 358 1033 καὶ
382 978 598 1034 ἐπλασά
625 997 707 1043 σε,
732 982 826 1034 καλ⁵
850 983 1027 1040 ἔδωκά
1060 1004 1119 1040 σε
1142 990 1224 1053 είς
1259 987 1526 1061 διαθήκην
1558 989 1727 1044 ἐθνῶν
1751 990 1849 1044 τοῦ

264 1074 604 1146 καταστῆσαι
629 1072 727 1145 τὴν
759 1078 882 1149 γῆν,
915 1079 1009 1132 καὶ
1046 1079 1452 1152 κληρονομῆσαι
1482 1082 1848 1156 κληρονομίας

261 1166 359 1236 ὲρή
369 1183 522 1236 μους,
542 1167 766 1238 λέγοντα
784 1173 893 1235 τοῖς
910 1172 966 1223 ὲν
987 1171 1203 1243 δεσμοῖς
1222 1189 1235 1202 ο
1286 1172 1577 1240 Ἐξέλθετε,
1613 1176 1709 1230 καὶ
1738 1180 1852 1241 τοῖς

260 1257 318 1308 ὲν
345 1257 424 1328 τῷ
453 1261 654 1326 σκότει,
677 1262 1141 1334 ἁνακαλυφθῆναι,
1170 1264 1264 1318 καὶ
1275 1266 1333 1318 ὲν
1363 1264 1563 1330 πάσαις
1581 1271 1698 1332 ταῖς
1714 1267 1853 1332 ὁδοῖς

262 1346 733 1423 βοσκηθήσονται,
766 1354 863 1408 καὶ
889 1355 949 1407 ἐν
982 1354 1185 1420 πάσαις
1214 1358 1333 1420 ταῖς
1378 1356 1586 1429 τρίϐοις
1624 1361 1658 1429 ή
1713 1359 1853 1432 νομὴ

259 1439 473 1496 αὐτῶνο
508 1445 568 1497 οὐ
629 1446 1013 1512 πεινάσουσιν,
1054 1448 1174 1501 οὐδὲ
1213 1448 1551 1521 διψήσουσιν.
1580 1451 1701 1505 οὐδὲ
1748 1468 1857 1506 πα-

257 1530 412 1598 τάξει
464 1535 663 1601 αὐτοὺς
710 1536 963 1603 καύσων,
992 1538 1112 1592 οὐδὲ
1165 1539 1195 1592 6
1227 1539 1409 1611 ἥλιος*
1451 1541 1565 1596 ἀλλ’
1608 1543 1637 1595 6
1686 1542 1854 1597 ἐλεῶν

258 1623 460 1689 αὐτοὺς
499 1628 868 1700 παρακαλέσει
915 1631 1134 1697 αὐτοὺς,
1189 1632 1285 1687 καὶ
1334 1632 1423 1687 διὰ
1482 1633 1673 1706 πηγῶν
1729 1635 1855 1690 ὑδά-

256 1734 367 1771 των
396 1717 515 1783 ἆξει
548 1720 764 1786 αὐτοὺς,
819 1722 912 1776 καὶ
959 1721 1112 1793 θήσω
1160 1726 1268 1778 πᾶν
1314 1723 1440 1796 ὅρος
1465 1726 1545 1789 είς
1571 1725 1710 1791 ὁδὸν,
1754 1726 1850 1781 καὶ

1949 548 2066 604 pes,
2081 541 2136 589 et
2156 534 2465 591 adorabunt
2481 552 2603 592 eum
2623 545 2847 608 propter
2868 536 3155 595 Dominum
3175 541 3333 611 ;~quia
3355 540 3532 599 lldclis

1947 629 2034 678 est
2068 620 2307 681 Sanctus
2344 626 2535 690 lsrael,
2573 635 2629 682 ct
2655 628 2793 699 elegi
2824 635 2899 685 te.
2926 628 3053 686 Hac
3074 629 3207 687 dicit
3223 630 3488 688 Dominus
3513 652 3527 688 :

1947 714 2010 771 ln
2041 726 2284 788 tempore
2298 717 2497 788 placito
2511 719 2762 775 exaudiri
2787 729 2862 788 te,
2885 729 2941 778 et
2961 723 3015 777 in
3043 722 3133 779 die
3153 723 3347 780 salutis
3379 725 3534 780 auxi-

1950 807 2115 863 liatus
2138 823 2260 864 sum
2285 808 2383 864 tibi
2404 828 2418 863 :
2439 817 2493 865 et
2512 810 2727 865 servavi
2750 819 2824 875 te,
2849 819 2904 867 et
2925 811 3047 867 dedi
3079 812 3201 867 tein
3229 811 3412 870 foedus
3440 828 3532 884 po-

1950 898 2083 970 puli,
2110 906 2170 954 ut
2203 898 2502 956 suscitares
2525 907 2749 966 terram,
2773 910 2828 955 et
2854 902 3165 971 possideres
3185 901 3534 959 haereditates

1950 990 2281 1061 dissipatas;
2310 997 2371 1044 ut
2391 990 2603 1047 diceres
2635 991 2720 1047 his
2749 992 2843 1062 qui
2863 993 3034 1048 vincti
3060 1000 3190 1049 sunt
3218 1012 3229 1046 :
3263 992 3439 1060 Exite,
3479 1001 3536 1050 et

1952 1081 2038 1137 his
2060 1083 2154 1152 qui
2187 1083 2243 1137 in
2271 1082 2515 1139 tenebris
2548 1098 2563 1137 :
2593 1082 2951 1141 Revelamini.
2996 1083 3174 1157 Super
3194 1102 3386 1143 omnes
3411 1088 3543 1144 vias

1952 1182 2274 1246 pascentur,
2299 1182 2355 1231 et
2380 1175 2437 1230 in
2467 1175 2725 1232 omnibus
2748 1177 2931 1247 planis
2951 1191 3156 1248 pascua
3177 1188 3389 1234 eorum.
3411 1176 3539 1234 Non

1952 1282 2229 1348 esurient,
2270 1296 2448 1353 neque
2477 1282 2686 1349 sitient,
2728 1289 2783 1338 et
2811 1298 2919 1338 non
2954 1283 3227 1353 percutiet
3248 1299 3345 1340 eos
3368 1291 3535 1342 aestus

1953 1382 2009 1429 et
2035 1374 2119 1430 sol
2147 1393 2161 1431 :
2191 1374 2321 1444 quia
2345 1375 2639 1432 miserator
2675 1389 2864 1431 eorum
2898 1384 3049 1446 reget
3078 1391 3195 1441 eos,
3226 1385 3282 1433 et
3310 1376 3380 1433 ad
3413 1379 3537 1432 fon-

1952 1474 2037 1523 tes
2063 1480 2330 1537 aquarum
2360 1467 2575 1538 potabit
2604 1482 2723 1524 eos.
2757 1467 2826 1523 Et
2854 1482 3052 1539 ponam
3081 1484 3272 1525 omnes
3320 1477 3541 1526 montes

1952 1573 2107 1614 meos
2137 1558 2194 1614 in
2221 1559 2390 1625 viam,
2415 1567 2470 1615 et
2500 1574 2719 1615 omnem
2757 1560 3006 1617 semitam
3037 1562 3118 1617 eis
3143 1562 3198 1616 in
3233 1576 3435 1634 pascua
3457 1565 3539 1619 ’.ι

1957 1647 2270 1705 Verisimile
2302 1658 2389 1706 est
2419 1651 2633 1721 opinari
2679 1650 2944 1709 Hebrmos
2967 1653 3073 1708 sibi
3116 1652 3282 1720 hujus
3297 1652 3537 1724 prophe-

1957 1739 2050 1795 tia:
2071 1739 2237 1795 verba
2286 1739 2419 1805 dici,
2471 1741 2734 1798 scilicet:
2778 1760 2796 1794 ι
2835 1741 2901 1796 Ει
2938 1743 3076 1798 dixit
3108 1742 3245 1798 mihi
3276 1761 3292 1798 :
3329 1740 3537 1801 Servus

256 1812 444 1865 πᾶσαν
492 1812 672 1884 τρίϐον
733 1815 813 1880 είς
876 1814 1130 1888 βόσκημα
1191 1816 1392 1880 αὐτοῖς.
1451 1837 1469 1870 ι
1513 1817 1675 1882 Είκὸς
1727 1818 1854 1883 τοὺς

1961 1843 2111 1885 meus
2136 1843 2196 1885 es
2229 1837 2317 1893 tu,
2342 1828 2537 1897 lsrael,
2567 1840 2622 1886 et
2664 1831 2724 1887 in
2772 1838 2827 1887 te
2879 1833 3173 1905 gloriabor.
3214 1853 3235 1888 ι
3267 1831 3387 1893 Non
3417 1835 3537 1892 istis

256 1904 324 1957 ἐκ
360 1906 665 1977 περιτομῆς
708 1906 915 1961 οἴεσθαι
961 1907 1090 1981 περὶ
1127 1907 1337 1963 ἑαυτῶν
1383 1908 1634 1981 εἰρῆσθαι
1674 1909 1743 1964 τὰ
1793 1912 1851 1966 ὲν

254 1998 324 2069 τῇ
366 2000 717 2071 προφητεία,
752 2000 985 2073 ἐπείπερ
1028 1999 1310 2054 λέλεκται·
1361 2019 1381 2052 ι
1414 2002 1524 2056 Καὶ
1565 1998 1686 2056 εἶπέ
1727 2018 1850 2073 μοιτ

253 2085 460 2153 Δοῦλός
500 2107 602 2161 μου
642 2086 696 2144 εἷ
726 2091 815 2159 σὺ,
855 2072 1093 2164 Ἰσραὴλ,
1135 2091 1228 2148 καὶ
1264 2094 1322 2145 ὲν
1361 2094 1444 2147 σοὶ
1475 2072 1857 2166 ἐνδοξασθησοί-

258 2197 362 2250 μαι
383 2196 397 2210 '
431 2201 450 2233 ι
483 2182 621 2253 πρὸς
649 2183 707 2237 δὲ
741 2182 818 2253 τῷ
867 2183 943 2255 μὴ
986 2182 1249 2256 ἁρμόζειν
1278 2183 1360 2255 (f.
1387 2183 1494 2255 54)
1538 2185 1724 2248 αὐτοῖς
1755 2183 1856 2249 τὰς

251 2269 437 2336 λέξεις
472 2271 659 2342 σαφῶς
693 2272 1077 2329 ἀποδείκνυται
1110 2276 1204 2329 καὶ
1224 2275 1333 2329 ἀπὸ
1362 2274 1468 2328 τῶν
1500 2274 1648 2346 ἑξῆς,
1680 2275 1762 2328 ὅτι
1791 2274 1857 2348 δὴ

253 2362 393 2434 περὶ
440 2363 632 2435 ἑτέρου
703 2362 920 2435 Ἰσραὴλ
976 2363 1045 2418 τὰ
1095 2365 1365 2437 λεγόμενα
1417 2365 1852 2438 προφητεύεται’

252 2452 578 2523 γέγραπται
630 2453 769 2526 γάρ’
820 2472 838 2505 ι
882 2454 993 2509 Καὶ
1027 2455 1124 2510 νῦν
1174 2455 1348 2522 οὕτως
1380 2456 1529 2526 λέγει
1577 2456 1783 2529 Κύριος
1829 2459 1860 2511 6

254 2544 484 2609 πλάσας
521 2564 587 2616 με
617 2546 683 2600 ἐκ
714 2546 923 2612 κοιλίας
950 2547 1134 2603 δοῦλον
1168 2549 1347 2622 ἐαυτῷ
1385 2549 1482 2604 τοῦ
1532 2552 1858 2620 συναγαγεῖν

252 2635 351 2690 τὸν
388 2635 588 2690 Ἰακὼϐ
628 2639 722 2694 καὶ
751 2638 842 2693 τὸν
882 2639 1102 2710 Ἰσραὴλ
1139 2624 1276 2712 πρὸς
1314 2639 1476 2696 αὐτόν
1498 2657 1512 2672 ⁸
1549 2641 1645 2695 καὶ
1696 2640 1857 2699 πάλιν

252 2727 384 2785 εἶπέ
420 2749 544 2803 μοι’
574 2733 736 2802 Μέγα
772 2735 854 2788 σοι
877 2738 1025 2789 ἐστιν
1050 2736 1109 2790 τὸ
1137 2735 1405 2809 κληθῆναί
1444 2754 1504 2791 σε
1537 2737 1706 2793 παῖδὰ
1730 2754 1857 2809 μου,

250 2823 351 2879 τοῦ
391 2824 595 2895 στῆσαι
621 2825 720 2891 τὰς
751 2826 925 2897 φυλὰς
950 2827 1044 2882 τοῦ
1079 2826 1275 2881 Ἰακὼὸ
1308 2828 1402 2882 καὶ
1430 2829 1531 2892 τὰς
1557 2829 1860 2902 διασπορὰς

248 2916 351 2971 τοῦ
386 2917 612 2991 Ἰσραὴλ
628 2918 972 2991 ἐπιστρέψαι.
987 2938 1006 2970 ι
1041 2918 1201 2973 Ἀλλὰ
1225 2920 1319 2974 καὶ
1336 2920 1418 2973 τόο
1442 2937 1462 2971 ι
1485 2920 1616 2974 Ἰδοὺ
1640 2920 1861 2975 τέθεικά

253 3027 317 3064 σε
373 3011 464 3074 είς
516 3010 633 3081 φῶς
663 3011 855 3078 ἐθνῶν,
901 3010 994 3065 τοῦ
1037 3008 1178 3065 εἶναί
1224 3028 1284 3065 σε
1317 3013 1398 3076 είς
1447 3012 1723 3085 σωτηρίαν
1755 3013 1859 3079 ἕως

248 3103 501 3174 ὶσχάτου
550 3104 648 3175 τῆς
682 3105 806 3175 γῆς,
839 3123 858 3157 ι
910 3103 1213 3176 παράδοξόν
1244 3122 1363 3158 τινα
1412 3105 1506 3159 καὶ
1548 3104 1860 3178 θαυμαστὸν

1954 1934 2085 1974 vero
2112 1919 2231 1975 hac
2255 1921 2553 1977 convenire
2572 1921 2954 1979 demonstrant
2981 1939 3102 1995 qute
3127 1933 3454 1996 sequuntur,
3485 1937 3541 1981 et

1955 2009 2024 2064 ad
2053 2010 2223 2065 alium
2247 2011 2418 2067 Israel
2453 2021 2739 2083 spectare;
2776 2013 3039 2083 scriptum
3070 2022 3156 2070 est
3182 2013 3330 2069 enim
3359 2031 3374 2069 :
3414 2030 3433 2063 ι
3472 2011 3539 2067 Et

1955 2118 2105 2159 nunc
2134 2103 2217 2158 sic
2240 2103 2373 2160 dicit
2405 2103 2691 2170 Dominus,
2747 2104 2993 2161 formans
3024 2120 3109 2161 me
3139 2120 3213 2161 ex
3237 2113 3395 2161 utero
3419 2120 3539 2161 ser-

1955 2212 2085 2253 vum
2113 2195 2242 2262 sibi,
2276 2202 2339 2251 ut
2359 2196 2616 2253 reducam
2654 2194 2824 2252 Iacob
2848 2194 2917 2250 ad
2946 2210 3092 2255 eum.
3145 2202 3201 2251 et
3243 2194 3433 2252 Israel.
3470 2192 3540 2249 Et

1956 2302 2153 2343 rursus
2181 2287 2321 2343 dixit
2351 2287 2519 2343 mihi:
2558 2286 2811 2359 Magnum
2856 2287 2955 2343 tibi
3007 2294 3093 2343 est
3141 2288 3329 2343 vocari
3365 2286 3537 2355 ﬁlium

1957 2396 2163 2447 meum,
2198 2380 2269 2436 ad
2301 2379 2652 2436 suscitandas
2673 2380 2851 2436 tribus
2871 2378 3063 2445 Iacob,
3102 2374 3161 2435 et
3185 2378 3347 2436 faeces
3374 2377 3544 2434 Israel
3652 2430 3659 2435 .

1958 2486 2381 2544 convertendae.
2421 2504 2440 2539 ι
2473 2484 2583 2542 Sed
2612 2493 2667 2542 et
2695 2485 2827 2545 illud
2855 2504 2870 2540 :
2905 2504 2925 2538 ι
2960 2485 3099 2542 Ecce
3126 2484 3249 2541 dedi
3279 2493 3334 2541 te
3370 2484 3425 2539 in
3458 2485 3545 2540 Ιιι-

1959 2594 2077 2634 cem
2106 2580 2371 2651 gentium,
2408 2585 2467 2633 ut
2496 2578 2576 2634 sis
2603 2578 2751 2633 salus
2785 2591 2905 2633 mea
2940 2592 3114 2648 usque
3142 2576 3211 2631 ad
3236 2584 3542 2631 extremum

1958 2679 2139 2737 terra},
2177 2690 2199 2722 ι
2227 2669 2598 2726 admirabilem
2626 2670 2923 2740 quemdam
2945 2677 3001 2724 et
3024 2667 3396 2738 prodigiosum
3427 2665 3544 2721 fore

1958 2762 2301 2819 demonstrat
2330 2776 2454 2817 eum
2485 2761 2555 2816 de
2585 2776 2696 2831 quo
2737 2774 2920 2816 sermo
2965 2759 3216 2814 habetur.
3266 2758 3402 2826 Quis
3446 2774 3545 2813 au-

1960 2862 2067 2909 tem
2101 2855 2194 2909 hic
2219 2860 2388 2919 esset,
2415 2853 2520 2909 nisi
2541 2851 2808 2917 Dominus
2837 2859 3026 2907 noster
3051 2849 3217 2907 Iesus
3244 2850 3501 2907 Christus
3526 2889 3540 2912 ,

1960 2946 2056 3017 qui
2083 2946 2197 3016 jam
2231 2948 2385 3017 prius
2418 2947 2474 3000 in
2499 2945 2569 3002 iis
2595 2960 2716 3017 quae
2742 2960 2909 3016 supra
2954 2945 3125 3000 relata
3159 2950 3327 3009 sunt,
3375 2941 3546 3000 Iacob

1961 3047 2019 3093 et
2054 3038 2221 3094 lsrael
2247 3037 2632 3094 manifestatus
2686 3046 2770 3094 est
2821 3037 3010 3093 dicens
3057 3055 3071 3091 :
3123 3055 3141 3087 ι
3179 3034 3368 3105 Iacob;
3411 3050 3548 3106 puer

1962 3146 2141 3197 meus,
2170 3130 2469 3203 suscipiam
2519 3145 2679 3197 eum,
2738 3136 2793 3184 et
2837 3128 3007 3185 Israel
3082 3128 3292 3184 electus
3340 3140 3496 3182 meus
3531 3143 3551 3181 :

249 3197 562 3267 ὑποφαίνει
597 3197 685 3251 τὸν
718 3197 845 3268 πρ).
874 3189 934 3250 οὗ
967 3198 995 3249 6
1019 3196 1311 3265 λόγο;.Τίς
1338 3197 1383 3250 δ’
1412 3197 1478 3252 ἂν
1510 3190 1666 3262 οὗτος
1694 3199 1780 3269 εἴη
1816 3198 1850 3270 ἢ

1961 3223 2209 3295 suscepit
2236 3189 2362 3280 eum
2418 3223 2597 3280 anima
2657 3221 2816 3279 mea?
2849 3240 2869 3274 ι
2931 3219 3034 3275 Hic
3070 3219 3217 3276 enim
3261 3227 3347 3276 est
3395 3218 3552 3275 solus

243 3291 276 3342 6
305 3288 533 3362 Κύριος
568 3288 723 3360 ἡμῶν
756 3289 962 3359 Ἰησοῦς
990 3289 1243 3362 Χριστὸς,
1268 3291 1298 3344 6
1328 3290 1422 3343 καὶ
1459 3290 1561 3362 ῆδη
1587 3289 1854 3363 πρότερον

246 3383 310 3436 ἐν
338 3385 465 3442 τοῖς
498 3381 756 3452 ἀνωτέρω
801 3379 993 3435 Ἰακὼὸ
1017 3380 1365 3453 χρηματίσας
1399 3381 1494 3436 καὶ
1525 3380 1743 3453 Ἰσραὴλ
1771 3378 1861 3434 διὰ

243 3474 372 3528 τοῦ·
400 3493 421 3525 ι
450 3471 655 3527 Ἰακὼὸ
678 3476 707 3526 6
728 3475 856 3537 παῖς
887 3490 1011 3544 μου,
1032 3472 1396 3545 ἀντιλήψομαι
1428 3472 1618 3539 αὐτοῦ,
1645 3470 1863 3544 Ἰσραὴλ

243 3570 276 3622 6
311 3566 591 3630 ἐκλεκτός
624 3584 724 3638 μου
745 3606 760 3631 ,
807 3565 1169 3639 προσεδέξατο
1201 3567 1363 3621 αὐτὸν
1406 3568 1441 3638 ἡ
1480 3565 1628 3638 ψυχή
1668 3581 1804 3637 μου;
1835 3584 1857 3618 ι

244 3656 432 3725 Οὗτος
460 3660 578 3731 γάρ
626 3660 775 3713 ἐστιν
803 3660 834 3714 6
889 3659 1049 3731 μόνος
1092 3660 1215 3712 κατ’
1245 3656 1505 3731 ἀλήθειαν
1545 3657 1690 3733 ὁρῶν
1728 3656 1861 3710 Θεὸν

243 3752 345 3806 τὸν
378 3751 636 3822 Πατέρα,
680 3750 894 3822 Ἰσραὴλ
933 3751 1034 3823 μὲν
1071 3750 1492 3823 ὀνομαζόμενος,
1520 3750 1659 3822 ὅπερ
1686 3751 1862 3821 ἑρμη-

245 3840 489 3896 νεύεται
521 3858 538 3890 ι
564 3838 710 3911 ὀρῶν
748 3839 842 3893 τὸν
878 3838 1034 3905 Θεὸν,
1064 3860 1083 3893 ι
1112 3840 1233 3894 κατ’
1266 3841 1510 3897 ἐπίνοιαν
1559 3838 1725 3894 αὐτοῦ
1760 3838 1862 3908 τῆς

245 3932 531 4004 θεότητος
549 3929 790 3985 ’Ἳακὼσ
814 3931 894 3997 δὲ,
911 3932 1048 4005 ὅπερ
1072 3933 1191 3985 ἐστὶ
1224 3951 1251 3985 ι.
1271 3930 1619 4006 πτερνιστὴς,
1647 3950 1667 3984 ι
1691 3930 1812 3986 καθ’
1833 3930 1864 3984 ὃ

243 4024 422 4080 ὲνανθ
430 4024 599 4097 ρωπή
607 4040 706 4088 σας
723 4023 1139 4095 κατηγωνίσατο
1161 4025 1342 4089 πάσας
1361 4025 1462 4090 τὰς
1483 4023 1864 4096 ἀντικειμένας

244 4120 555 4190 δυνάμεις.
586 4117 743 4189 ῗορα
787 4117 844 4172 δὲ
897 4120 947 4172 εί
988 4118 1064 4190 μὴ
1121 4116 1440 4193 συνᾴδουσιν
1496 4116 1755 4189 ἀλλήλαις
1805 4116 1864 4171 αι

245 4193 605 4285 περικοπαὶ,
636 4212 672 4283 ἦ
704 4228 764 4268 τε
800 4211 940 4283 μετὰ
966 4214 1186 4284 χεῖρας,
1219 4211 1315 4265 καὶ
1357 4212 1415 4265 ὲν
1528 4210 1745 4280 ἐλέγετο
1769 4208 1864 4273 τὸ,

253 4326 275 4359 ι
301 4302 520 4361 Ἰακὼὸ
541 4306 571 4358 6
598 4306 728 4369 παῖς
753 4320 854 4376 μου
875 4324 893 4356 ι
919 4306 1000 4370 είς
1025 4306 1120 4361 τὸν
1145 4304 1377 4377 Χριστὸν
1428 4303 1833 4377 ἀναφερόμενον
1849 4318 1863 4333 ’

243 4400 330 4464 ὡς
365 4397 495 4468 γάρ
536 4412 618 4449 τοι
665 4397 782 4449 ἐκεῖ
807 4396 869 4449 τὸ
905 4414 923 4447 ι
968 4395 1164 4451 Ἰακὼό
1200 4397 1230 4450 6
1280 4399 1411 4460 παῖς
1446 4412 1550 4467 μου
1572 4414 1592 4448 ι
1631 4394 1867 4466 εἴρηται,

246 4490 445 4555 οὕτως
511 4486 700 4543 ἐνθάδε
748 4488 811 4542 τὸ
848 4506 867 4540 ι
903 4489 1047 4560 μέγα
1086 4488 1169 4542 σοί
1211 4489 1328 4542 ἐστι
1368 4487 1467 4542 τοῦ
1502 4486 1769 4559 κληθῆναί
1809 4502 1872 4539 σε

249 4581 441 4637 παῖδά
467 4596 568 4651 μου
588 4596 601 4610 ⁸
617 4601 635 4632 ι
662 4580 756 4634 καὶ
777 4579 852 4645 ὡς
879 4582 997 4634 ἐκεῖ
1010 4581 1090 4646 τὸ,
1114 4599 1133 4633 ι
1156 4580 1373 4653 Ἰσραὴλ
1391 4583 1420 4635 6
1440 4580 1693 4644 ἐκλεκτός
1720 4597 1819 4652 μου
1842 4598 1862 4633 ι

248 4675 553 4736 λέλεκται,
579 4670 752 4737 οὕτως
775 4672 962 4726 ἐνθάδε
982 4671 1067 4737 τὸ,
1095 4692 1114 4724 ι
1133 4673 1216 4727 ὅτι
1253 4673 1445 4738 πιστός
1478 4676 1627 4728 ἐστιν
1654 4676 1683 4728 6
1713 4672 1868 4743 ἅγιος

268 4763 532 4837 Ἰσραὴλ,
557 4764 650 4819 καὶ
686 4761 1017 4834 ἐξελεξάμην
1047 4779 1127 4816 σε.
1167 4782 1187 4816 ι
1220 4763 1390 4818 Πάλιν
1417 4780 1480 4818 τε
1513 4759 1581 4820 αὖ
1622 4765 1740 4819 ἐκεῖ
1770 4762 1869 4835 μὲν

251 4857 520 4929 εἴρηταιο
559 4874 579 4908 ι
602 4853 823 4908 Ἕδωκά.
848 4871 907 4907 σε
958 4856 1039 4918 είς
1079 4853 1344 4928 διαθήκην
1370 4855 1581 4926 γένους,
1614 4857 1697 4921 είς
1752 4854 1869 4924 φῶς

251 4947 488 5010 ἐθνῶν,
541 4944 749 5011 ἀνοῖξαι
809 4944 1121 5017 ὀφθαλμοὺς
1160 4946 1412 5016 τυφλῶν,
1465 4948 1755 5019 ἐξαγαγεῖν
1804 4948 1869 5001 ὲκ

248 5037 500 5111 δεσμῶν
520 5038 858 5110 δεδεμένους,
882 5038 977 5091 καὶ
1000 5037 1058 5105 ἐξ
1078 5038 1228 5093 οἴκου
1249 5039 1498 5112 φυλακῆς
1519 5040 1863 5113 καθημένους

250 5129 321 5181 ἑν
362 5126 596 5181 σκότεν
638 5147 656 5179 ι
682 5129 739 5181 ἐν
758 5125 818 5180 δὲ
849 5130 915 5198 τῇ
952 5127 1090 5197 μετὰ
1111 5131 1318 5203 χεῖρας·
1349 5149 1370 5183 ι
1406 5131 1537 5186 Ἰδοὺ
1563 5130 1784 5185 τέθεικά
1809 5145 1869 5184 σε

255 5222 351 5285 εἰς
383 5218 515 5290 φῶς
544 5219 734 5287 ἐθνῶν,
767 5220 862 5277 τοῦ
890 5224 1232 5296 καταστῆσαι
1260 5225 1360 5296 τὴν
1392 5226 1517 5297 γῆν,
1554 5226 1649 5279 καὶ
1671 5225 1870 5297 κληρο-

249 5311 526 5385 νομῆσαι
595 5313 960 5387 κληρονομίαν
1019 5317 1226 5391 ἐρήμου
1259 5358 1276 5383 ,
1337 5316 1567 5387 λέγοντα
1625 5320 1739 5383 τοῖς
1812 5320 1871 5375 ὲν

243 5405 507 5476 δεσμοῖς
530 5421 545 5436 ·
589 5405 861 5473 Ἐξέλθετε
882 5447 896 5472 ,
947 5409 1041 5463 καί
1072 5412 1185 5474 τοῖς
1233 5412 1297 5463 ἐν
1334 5408 1414 5481 τῷ
1441 5410 1621 5464 σκότει
1655 5426 1671 5442 ο
1714 5411 1870 5465 ’Δνα-

131 5551 143 5562 ,
242 5495 456 5564 καλύφ
472 5496 622 5568 θητε.
672 5517 692 5550 ι
742 5499 865 5554 ’Ότι
913 5501 1013 5571 μὲν
1064 5497 1157 5555 οὖν
1213 5500 1390 5555 οὐδενὶ
1439 5501 1582 5574 ἄλλῳ
1633 5502 1666 5573 ἢ
1723 5501 1868 5574 μόνῳ

239 5590 333 5665 τῷ
373 5590 613 5661 Σωτῆρι
646 5592 804 5663 ἡμῶν
843 5592 1070 5665 ἁρμόζει
1124 5594 1200 5649 τὰ
1224 5596 1280 5650 ἐν
1318 5598 1437 5660 ταῖς
1480 5594 1866 5668 προκειμέναις

331 5773 352 5804 ⁸
376 5769 529 5826 lsai.
555 5785 700 5837 xm,
736 5771 884 5826 l-H.

1964 3330 2094 3371 vere
2120 3315 2314 3371 videns
2344 3314 2514 3371 Deum
2549 3313 2766 3370 Patrem
2788 3352 2805 3379 ,
2848 3313 3018 3369 israel
3043 3312 3263 3383 quidem
3298 3298 3552 3365 nomina—

1965 3404 2075 3471 lus,
2099 3404 2246 3477 quod
2283 3406 2676 3476 interpretatur
2702 3403 2881 3458 videns
2916 3403 3081 3457 Deum
3101 3444 3116 3469 ,
3156 3403 3315 3473 juxta
3343 3400 3549 3456 divini-

1963 3513 2093 3568 tatis
2123 3525 2539 3579 suaa-sensum;
2568 3509 2742 3566 Iacob
2783 3517 2986 3573 autem,
3045 3508 3099 3563 id
3133 3517 3218 3563 est
3275 3503 3506 3561 luctator
3532 3546 3548 3569 ,

1963 3605 2223 3677 quoniam
2266 3603 2588 3660 incarnatus
2638 3617 2829 3658 omnes
2861 3601 3206 3656 adversarias
3258 3599 3550 3656 debellavit

1963 3703 2283 3770 potestates.
2313 3695 2550 3751 Attende
2589 3693 2734 3750 enim
2765 3691 3042 3765 quomodo
3070 3692 3420 3747 consentiant
3466 3690 3552 3745 in-

1963 3801 2048 3850 ter
2078 3806 2138 3848 se
2169 3793 2507 3863 prophetiae;
2540 3790 2657 3848 base
2685 3791 2929 3862 quidem,
2962 3790 3031 3845 de
3059 3805 3166 3861 qua
3187 3805 3334 3845 nunc
3368 3804 3555 3846 sermo

1963 3888 2216 3952 habetur,
2239 3888 2365 3943 etin
2393 3901 2502 3958 qua
2524 3885 2726 3942 dicitur
2749 3885 2905 3950 illud,
2931 3906 2948 3936 ι
2972 3883 3142 3940 Iacob
3165 3884 3310 3942 lilius
3338 3899 3544 3952 meus”

1963 3984 2109 4056 quod
2137 3984 2204 4039 ad
2231 3982 2512 4040 Christum
2545 3989 2792 4054 spectat;
2828 3983 2973 4038 sicut
2999 3983 3145 4038 enim
3176 3982 3289 4038 illic
3334 4001 3354 4035 ι
3380 3980 3553 4038 Iacob

1964 4092 2101 4150 puer
2127 4091 2282 4132 meus
2319 4094 2338 4128 ι
2368 4075 2589 4141 dicitur,
2618 4075 2694 4130 ita
2721 4075 2813 4131 hic
2854 4093 2873 4128 ι
2910 4075 3165 4148 Magnum
3196 4075 3294 4130 tibi
3334 4081 3420 4131 est
3448 4089 3571 4130 vo-.

1967 4169 2084 4224 cari
2114 4175 2168 4225 te
2199 4167 2369 4223 ﬁlium
2400 4182 2581 4223 meum
2605 4183 2621 4230 ;
2646 4185 2665 4219 ι
2686 4172 2742 4222 et
2763 4165 2908 4222 sicut
2936 4166 3068 4231 illic,
3102 4186 3119 4218 ι
3149 4163 3318 4223 Israel
3344 4164 3555 4221 electus

1967 4276 2126 4318 meus
2161 4282 2178 4313 ι
2218 4259 2440 4327 dicitur,
2469 4258 2546 4313 ita
2577 4258 2689 4325 hic,
2716 4277 2736 4311 ι
2785 4258 2914 4330 quia
2961 4257 3140 4314 ﬁdelis
3187 4267 3272 4313 est
3328 4263 3555 4315 sanctus

1970 4354 2159 4420 lsrael,
2190 4361 2247 4411 et
2278 4354 2417 4426 elegi
2443 4360 2519 4409 te.
2561 4375 2582 4405 ι
2615 4350 2943 4423 Rursusque
2968 4350 3080 4406 illic
3112 4350 3352 4406 dicitur:
3375 4367 3395 4402 ι
3420 4347 3554 4405 Dedi

1974 4472 2029 4520 te
2055 4464 2111 4518 in
2134 4470 2521 4519 testamentum
2550 4461 2788 4531 generis,
2840 4460 2897 4515 in
2932 4457 3115 4515 lumen
3161 4457 3405 4530 gentium
3431 4497 3448 4524 ,
3495 4462 3560 4513 ut

1898 4560 1945 4618 Ι)
1972 4556 2217 4628 aperires
2242 4554 2433 4609 oculos
2466 4566 2777 4615 caecorum,
2828 4558 2884 4606 et
2915 4549 3179 4606 educeres
3228 4549 3295 4605 de
3327 4548 3557 4604 conclu-

1980 4649 2137 4706 sione
2161 4648 2400 4711 vinctos,
2452 4643 2524 4701 de
2569 4642 2747 4700 domo.
2767 4642 3010 4698 carceris
3043 4643 3296 4698 sedentes
3326 4641 3380 4696 in
3408 4647 3560 4697 tene-

1975 4743 2126 4809 bris;
2163 4758 2184 4794 ι
2218 4740 2273 4795 in
2298 4747 2568 4812 praesente
2607 4750 2738 4794 vero
2765 4733 3054 4807 prophetia
3086 4750 3101 4790 :
3132 4751 3151 4784 ι
3183 4733 3325 4790 Ecce
3352 4731 3479 4789 dedi
3506 4740 3561 4788 te
3616 4804 3622 4811 η

1976 4837 2033 4892 in
2065 4837 2240 4891 lucem
2260 4832 2527 4905 gentium,
2554 4837 2616 4886 ut
2647 4830 2950 4886 suscitares
2973 4837 3201 4893 terram,
3226 4834 3282 4882 et
3309 4824 3560 4897 posside-

1978 4944 2067 4986 res
2097 4925 2444 4983 hmrcditates
2468 4923 2801 4994 dissipatas;
2837 4928 2896 4976 ut
2921 4921 3134 4976 diceres
3159 4920 3246 4975 his
3266 4918 3362 4989 qui
3387 4918 3559 4984 vincti

1973 5031 2103 5084 sunt
2135 5041 2150 5077 :
2185 5017 2368 5082 Exite,
2396 5023 2453 5072 et
2483 5014 2569 5071 his
2600 5015 2693 5087 qui
2725 5014 2783 5069 in
2813 5013 3056 5070 tenebris
3082 5031 3097 5067 :
3135 5010 3493 5068 Revelamini.
3534 5030 3553 5063 ι

1977 5128 2133 5200 Quod
2171 5125 2390 5200 quidem
2448 5122 2586 5178 nulli
2632 5120 2726 5179 alii
2779 5134 2845 5175 ac
2901 5119 3005 5176 soli
3041 5117 3313 5175 Salvatori
3366 5124 3560 5174 nostro

1978 5221 2314 5281 conveniunt
2340 5218 2445 5273 illa
2494 5212 2814 5286 pr0phetiae,
2845 5211 3197 5268 manifestum
3239 5210 3332 5266 ﬂet
3371 5209 3560 5265 multi-

1979 5316 2156 5373 tudini
2188 5312 2428 5386 gentium
2457 5324 2580 5381 quae
2609 5308 2663 5362 in
2693 5320 2817 5362 eum
2868 5314 3034 5377 atque
3076 5320 3173 5375 per
3194 5319 3320 5361 eum
3350 5303 3409 5359 in
3439 5317 3560 5359 om-

1976 5412 2128 5467 nium
2150 5407 2322 5464 Deum
2345 5411 2723 5475 speraverunt,
2741 5398 2942 5471 quibus
2968 5412 2998 5451 a
3029 5396 3193 5453 Patre
3223 5395 3560 5452 constitutus

1978 5509 2065 5557 est
2095 5500 2152 5555 in
2185 5499 2390 5553 lumen.
2426 5493 2517 5549 Ait
2536 5492 2724 5565 igitur,
2753 5510 2771 5543 ι
2811 5499 2871 5547 ιιι
2902 5489 3199 5546 suscitares
3247 5495 3449 5545 terram
3476 5525 3493 5551 ,
3532 5505 3554 5539 ι

1982 5592 2193 5651 scilicet
2220 5591 2288 5648 ad
2318 5589 2554 5646 animam
2585 5586 2740 5657 prius
2765 5583 3001 5640 tumultu
3032 5590 3084 5639 et
3122 5582 3360 5653 procella
3387 5568 3583 5653 agitat?
