3926 6260
427 301 571 355 1255

425 419 536 464 tam
555 411 607 465 in
644 425 830 481 pacem
851 417 905 467 et
932 409 1375 477 tranquillitatem
1400 410 1791 476 reuuceudam;
1825 411 1919 468 sed
1949 420 2002 466 et

430 523 449 555 ι
486 510 543 557 ut
579 502 886 572 possideres
929 499 1273 555 haereditates
1303 500 1594 570 dissipatas
1622 542 1637 566 ,
1700 522 1719 553 ι
1757 505 1998 573 gentium

423 595 673 649 videlicet
706 592 1035 659 Ecclesiam;
1068 608 1229 663 quam
1262 600 1389 647 ante
1418 593 1605 662 ipsius
1665 595 2002 651 incarnatio-

423 702 546 741 nem
578 687 869 748 desertam,
900 685 1058 755 quasi
1095 685 1465 742 haereditatem
1518 687 1729 757 accepit
1780 688 1849 741 ab
1906 689 2000 743 illo

422 777 514 844 qui
537 776 673 829 dixit
697 777 745 830 ei
772 795 785 831 :
825 794 843 826 ι
876 774 1002 831 Pete
1040 791 1083 829 a'
1104 791 1209 840 me,
1235 783 1289 830 et
1320 776 1461 831 dabo
1484 777 1578 831 tibi
1611 787 1800 847 gentes
1826 779 1997 835 hatre-

420 868 644 923 ditatem
676 876 822 923 tuam
858 869 896 924 ¹.
928 890 947 922 ι
985 868 1084 923 Hic
1113 877 1295 926 autem
1343 870 1498 939 juxta
1542 872 1880 942 prophetiam
1932 873 1999 929 de

421 979 480 1018 se
508 962 647 1031 ipso,
674 978 769 1017 eos
800 963 893 1033 qui
921 963 976 1016 in
1011 964 1247 1020 vinculis
1270 973 1448 1030 erant,
1476 965 1624 1020 exire
1644 968 1831 1035 jussit.
1855 966 1997 1023 Sane

418 1055 562 1108 enim
598 1051 827 1118 Lazaro,
857 1069 1019 1125 quem
1053 1054 1237 1110 fasciis
1264 1056 1375 1125 jam
1404 1056 1714 1111 redimitum
1750 1066 1910 1135 atque
1938 1061 1996 1114 in

419 1146 732 1216 sepulcro‘a
762 1146 1056 1213 quatriduo
1098 1147 1406 1217 depositum
1438 1150 1688 1214 viderat,
1751 1157 1808 1205 ut
1859 1151 1996 1207 liber

417 1239 589 1295 exiret
615 1238 920 1309 imperavit,
952 1239 1179 1296 dicens:
1229 1260 1246 1291 ι
1285 1240 1509 1304 Lazare,
1546 1243 1670 1296 veni
1700 1242 1845 1299 foras
1879 1248 1920 1297 ι.
1969 1264 1989 1297 ι

413 1330 638 1387 Necnon
683 1331 896 1387 ratione
922 1331 1102 1403 aliqua
1151 1333 1219 1387 ad
1267 1332 1432 1388 ﬁliam
1466 1333 1797 1399 Abrahami,
1830 1352 1992 1406 quam

415 1424 821 1479 constrinxerat
859 1422 1094 1479 Satanas
1123 1424 1310 1481 decem
1338 1433 1392 1482 et
1429 1434 1552 1482 octo
1575 1442 1772 1493 annos,
1801 1443 1983 1498 quam-

414 1528 521 1581 que
554 1514 785 1582 pristina
822 1512 1137 1570 inﬁrmitate
1164 1514 1449 1570 liberatam
1475 1555 1489 1581 ,
1538 1515 1863 1572 incolumem
1918 1519 1995 1574 di-

415 1603 585 1659 misit.
608 1602 899 1669 Caeterum,
925 1606 1128 1675 ubique
1160 1606 1227 1661 iis
1255 1608 1350 1677 qui
1378 1615 1726 1677 peccatorum
1758 1609 1991 1664 vinculis

414 1696 873 1765 impediebantur,
917 1698 1160 1768 priorum
1208 1716 1428 1755 suarum
1465 1702 1810 1771 iniquitatum
1855 1704 1988 1759 mis-

410 1789 620 1844 sionem
667 1790 963 1855 coucessit,
1008 1799 1168 1861 prout
1208 1792 1362 1847 solus
1416 1802 1737 1864 potestatem
1782 1794 1989 1850 habens

409 1875 719 1932 dimittendi
747 1888 988 1948 peccata.
1032 1880 1243 1946 Quibus
1290 1898 1438 1937 nunc
1487 1898 1704 1953 quoque
1729 1864 1988 1938 doctrina

409 1990 508 2029 sua
541 1975 772 2046 imperat
798 1986 877 2043 ut,
909 1978 1083 2048 ruptis
1108 1980 1385 2048 prioribus
1424 1980 1676 2045 vinculis,
1700 1979 1988 2050 egredian-

409 2076 518 2130 tur,
545 2069 843 2139 unicuique
877 2070 1137 2125 dictitans
1169 2090 1180 2124 :
1228 2090 1245 2121 ι
1290 2069 1430 2127 Ecce
1465 2087 1635 2127 sanus
1670 2070 1846 2126 factus
1875 2087 1935 2126 es
1971 2091 1983 2125 :

408 2159 515 2228 iam
545 2160 656 2214 noli
694 2176 921 2231 peccare
942 2162 984 2218 ³.
1038 2180 1056 2213 ι
1109 2161 1379 2217 Praeterea
1414 2178 1559 2217 nunc
1611 2163 1789 2218 adhuc
1834 2163 1988 2234 igno-

408 2251 601 2306 rantia:
649 2259 702 2306 et
753 2253 974 2308 malitiae
1005 2253 1250 2309 tenebris
1283 2253 1595 2309 obscuratis
1641 2254 1882 2325 praecipit
1929 2263 1988 2308 ut

313 2396 335 2409 α
408 2346 737 2412 reveleutur,
768 2345 968 2416 quippe
994 2344 1087 2416 qui
1111 2344 1350 2400 Verbum
1382 2344 1477 2401 Dei
1527 2354 1641 2411 est,
1687 2347 1987 2417 przecordia

405 2446 460 2490 et
482 2451 642 2492 renes
678 2438 982 2508 inquirens,
1013 2438 1305 2509 cordisque
1333 2439 1726 2510 cogitationum
1772 2447 1826 2495 et
1865 2457 1987 2495 sen-

407 2529 702 2584 tentiarum
729 2529 1038 2601 indagator.
1063 2528 1261 2585 Verum
1295 2540 1540 2601 utquam
1572 2531 1895 2588 brevissime
1918 2531 1986 2586 iis

404 2623 811 2686 incumbamus,
840 2623 1202 2692 prmcedentia
1232 2625 1397 2680 verba
1430 2624 1497 2680 iis
1523 2640 1642 2695 qua:
1675 2625 1742 2680 de
1766 2624 1986 2679 Christo

404 2718 550 2771 dicta
579 2723 707 2771 sunt
733 2714 1211 2771 accommodantes
1235 2757 1249 2781 ,
1305 2726 1468 2787 atque
1501 2717 1572 2772 ab
1618 2717 1777 2771 initio
1829 2731 1984 2771 resu-

404 2815 636 2872 mentes,
669 2816 913 2863 nostram
955 2806 1027 2864 de
1054 2808 1162 2864 illis
1204 2808 1707 2878 interpretationem
1740 2806 1985 2878 profere-

403 2916 547 2954 mus.
580 2898 638 2953 in
669 2899 855 2955 multis
881 2899 1048 2971 igitur
1067 2900 1513 2956 circumcisionis
1558 2900 1759 2970 populo
1798 2908 1985 2969 aperte

403 2989 815 3055 inanil‘estatus,
851 3005 974 3045 cum
1023 2991 1249 3045 nomine
1297 2991 1412 3045 sive
1459 2987 1673 3055 Jacob,
1735 2990 1851 3045 sive
1902 2989 1983 3045 ls-

402 3085 514 3138 rael
556 3094 806 3147 vocatur,
850 3083 904 3137 in
941 3083 1197 3153 praesenti
1227 3099 1336 3138 non
1381 3081 1445 3135 ad
1470 3097 1564 3136 eos
1609 3082 1982 3152 prophetizat,

402 3173 498 3227 sed
549 3174 759 3229 insulas
809 3180 866 3229 et
922 3181 1112 3244 gentes
1186 3172 1253 3227 ad
1306 3173 1575 3229 audienda
1630 3189 1751 3240 quae
1801 3173 1982 3227 dictu-

401 3282 499 3322 rus
564 3274 650 3321 est
703 3275 1012 3334 convocat;
1075 3273 1268 3337 estque
1319 3266 1392 3321 ibi
1434 3266 1729 3336 promissio
1782 3266 1985 3322 Christi

399 3360 545 3414 dicta
568 3359 635 3415 de
663 3359 950 3421 vocatione
981 3360 1208 3414 omnino
1236 3359 1367 3413 olim
1406 3358 1729 3423 inﬁdelium,
1756 3368 1919 3429 atque
1954 3369 2015 3431 af

401 3450 603 3517 pietate
656 3450 709 3505 in
751 3449 922 3506 Deum
951 3450 1254 3506 alienarum
1297 3450 1564 3521 gentium,
1598 3466 1829 3522 quarum
1866 3452 1985 3507 alia:

400 3541 756 3595 nominantur
827 3540 1023 3597 insulae
1064 3584 1079 3608 ,
1162 3541 1358 3595 anima:
1419 3541 1629 3596 scilicet
1677 3556 1801 3611 quae
1851 3542 1981 3596 olim

397 3634 637 3705 quodam
692 3635 855 3690 modo
898 3633 1189 3689 maritimis
1231 3633 1354 3689 vita:
1402 3622 1655 3704 procellis
1681 3675 1695 3698 ,
1738 3633 1984 3705 agitatis-

399 3745 505 3799 que
563 3727 868 3798 iniquitatis
906 3725 1164 3782 ﬂuctibus
1208 3726 1581 3795 jactabantur.
1620 3725 1761 3792 Quid
1801 3726 1869 3780 de
1917 3726 1983 3781 iis

398 3822 469 3873 sit
497 3821 907 3890 intelligendum
943 3821 1059 3891 ipse
1082 3835 1183 3875 nos
1213 3820 1372 3874 docet
1419 3819 1706 3885 Dominus,
1739 3820 1931 3875 dicens
1965 3840 1975 3874 :

403 3931 427 3961 ι
464 3910 539 3965 Ex
585 3919 743 3966 utero
774 3914 968 3967 matris
1014 3929 1147 3968 mete
1181 3912 1391 3968 vocavit
1441 3928 1641 3967 nomen
1692 3927 1907 3975 meum;
1957 3931 1974 3964 ι

396 4003 543 4070 quod
571 4010 627 4058 et
659 4010 848 4072 aperte
889 4002 957 4057 de
1018 4004 1243 4059 Christo
1264 4044 1279 4068 ,
1312 4004 1486 4075 ipsius
1518 4005 1662 4059 enim
1698 4013 1826 4060 sunt
1867 4004 1986 4078 haec.

396 4095 585 4157 verba,
611 4109 733 4164 qua:
758 4110 825 4148 ex
846 4092 1122 4166 Evangelii
1161 4096 1435 4168 scriptura
1465 4097 1780 4153 didicimus.
1804 4095 1981 4152 [nscio

395 4184 542 4238 enim
572 4182 771 4254 Joseph
804 4183 1026 4240 Mariam
1081 4188 1404 4258 concepisse
1460 4202 1584 4241 cum
1638 4187 1982 4258 apparuisset

398 4276 641 4345 Gabriel,
697 4284 938 4348 paternae
982 4278 1238 4334 minister
1284 4280 1606 4344 voluntatis,
1646 4281 1700 4334 in
1749 4281 1979 4336 somniis

396 4367 540 4422 inter
586 4374 783 4422 caetera
816 4366 932 4422 haec
961 4366 1037 4421 ait
1076 4387 1089 4421 :
1130 4386 1150 4419 ι
1190 4367 1374 4425 Pariet
1436 4377 1615 4424 autem
1678 4368 1870 4435 lilium,
1925 4381 1978 4425 et

2013 3131 2058 3191 ϐ

1084 295 1351 351 ευεειιιι
1389 296 1864 354 CJESABIENSIS
1902 297 2052 356 OPP.
2096 298 2272 355 PARS
2314 301 2399 357 lli.
2442 331 2509 342 —
2550 302 2957 359 EXEGETlCA.
3502 308 3612 363 1236'

2031 416 2074 473 Α
2107 414 2500 485 προφητείαις,
2562 415 2719 485 δῆλον
2788 416 2937 470 ἔσται
3007 419 3117 480 τοῖς
3171 418 3498 489 ἐτιστήσασιν
3553 426 3614 496 τῷ

2106 503 2297 573 πλήθει
2339 504 2447 557 τῶν
2494 507 2573 568 εἰς
2618 506 2779 559 αὑτὸν
2825 506 2919 559 καὶ
2965 506 3032 559 δι’
3085 507 3244 560 αὑτοῦ
3296 510 3383 562 ἐπὶ
3416 512 3493 564 τὸν
3528 515 3614 568 τῶν

2100 595 2235 648 ὅλων
2268 596 2400 649 Θεὸν
2451 596 2758 666 ὴλπικότων
2809 597 3012 663 ἐθνῶν,
3046 592 3127 662 οἷς
3156 598 3257 652 ὑπὸ
3304 600 3392 653 τοῦ
3442 602 3615 675 Πατρὶς

2098 687 2257 759 ἐτέθη
2292 690 2370 752 εξς
2387 689 2518 759 φῶς
2535 708 2547 719 ·
2582 690 2745 761 φησὶν
2763 690 2837 753 δὲ,
2864 710 2882 742 ι
2904 691 2997 743 τοῦ
3024 691 3353 761 καταστῆσαι
3374 696 3462 763 τὴν
3486 697 3609 767 ﬁn,»

2097 781 2241 835 τοῦτ’
2286 781 2400 835 ἐστι
2438 781 2534 853 τὴν
2552 783 2609 834 ἐν
2633 782 2881 855 θορύϐοις
2920 785 3010 836 καὶ
3044 786 3453 850 ἀκαταστασίαις
3480 788 3614 844 πάλαι

2097 874 2467 944 τυγχάνουσαν
2514 874 2690 945 ψυχὴν
2742 876 2821 940 είς
2853 876 2951 947 τὴν
2983 876 3124 930 κατά
3162 877 3319 946 φύσιν
3347 878 3614 934 εὐστάθειαν

2098 967 2192 1018 καὶ
2219 968 2553 1039 καταστολὴν
2580 971 2804 1039 ἀγαγεῖν
2824 988 2835 1000 ·
2867 970 3000 1023 ἀλλὰ
3029 970 3123 1023 καὶ
3154 989 3172 1021 ι
3195 969 3286 1022 τοῦ
3325 971 3614 1042 κληρονομῆ-

2101 1075 2187 1110 σαι
2216 1058 2584 1130 κληρονομίαν
2615 1064 2843 1134 ἐρήμου,
2872 1084 2890 1115 ι
2919 1064 3020 1135 τὴν
3051 1061 3111 1126 ἐξ
3144 1061 3315 1115 ἐθνῶν
3342 1063 3615 1135 Ἐκκλησίαν

2096 1151 2273 1223 δηλῶν
2295 1168 2308 1182 ·
2342 1154 2409 1224 ἢν
2447 1154 2552 1226 πρὸ
2574 1154 2676 1225 τῆς
2700 1155 2862 1209 αὑτοῦ
2896 1155 3198 1227 παρουσίας
3230 1155 3424 1227 ἔρημον
3448 1159 3616 1228 τυγχά-

2096 1261 2314 1311 νουσαν,
2357 1246 2721 1319 κληρονομίαν
2767 1248 2954 1319 εἴληφε
2984 1248 3132 1319 παρὰ
3161 1247 3255 1301 τοῦ
3291 1248 3512 1313 εἰπόντος
3543 1253 3618 1303 αὑ-

2091 1336 2170 1408 τῷ
2192 1355 2208 1369 ·
2244 1356 2262 1389 ι
2287 1338 2519 1411 Αίτησαι
2564 1342 2693 1412 παρ’
2739 1340 2906 1411 ἐμοῦ,
2941 1342 3035 1393 καὶ
3073 1339 3230 1394 δώσω
3274 1357 3352 1394 σοι
3393 1340 3504 1413 ἔθνη
3540 1344 3617 1413 τὴν

2094 1427 2463 1499 κληρονομίαν
2512 1446 2627 1483 σου.
2662 1450 2682 1483 ι
2725 1425 2892 1494 Οὗτος
2924 1430 2981 1484 δὲ
3024 1431 3164 1484 κατά
3197 1430 3294 1502 τὴν
3343 1433 3459 1502 περὶ
3486 1433 3617 1485 αὑτοῦ

2099 1522 2438 1592 προφητείαν
2470 1525 2583 1586 τοῖς
2619 1524 2678 1576 ἐν
2725 1523 2942 1593 δεσμοῖς
2975 1522 3196 1594 εἴρηκεν
3233 1522 3483 1587 ἐξελθεῖν
3512 1541 3620 1597 προ-

2094 1610 2290 1681 χείρως
2317 1611 2415 1682 μὲν
2449 1612 2524 1676 ῶς
2557 1613 2649 1666 ἐπὶ
2668 1613 2759 1666 τοῦ
2790 1613 3063 1686 Λαζάρου,
3096 1614 3155 1667 ὃν
3184 1614 3410 1686 κειρίαις
3434 1616 3621 1669 καταδε-

2096 1700 2319 1770 δεμένον
2373 1703 2466 1755 καὶ
2516 1704 2572 1756 ἐν
2631 1705 2871 1774 μνήματι
2922 1707 3238 1775 τεταρταῖον
3298 1705 3618 1776 τυγχάνοντα,

2022 1774 2062 1827 Β
2092 1792 2261 1845 είπῶν
2283 1810 2297 1825 ο
2345 1812 2364 1844 ι
2395 1793 2612 1864 Λάζαρε
2634 1835 2649 1859 ,
2690 1794 2849 1866 δεῦρο
2887 1795 3029 1860 ἔξω,
3064 1774 3100 1848 γι
3137 1774 3426 1865 ἐλεύθερον
3450 1798 3623 1868 ἀφῆκεν

2094 1885 2353 1954 ὑπάγειν·
2390 1886 2481 1939 καὶ
2509 1886 2566 1938 ἐν
2594 1886 2748 1959 μέρει
2780 1886 2836 1939 δὲ
2867 1886 3104 1949 διανοίας
3139 1886 3235 1941 ἐπὶ
3269 1886 3365 1957 τῆς
3397 1886 3623 1959 θυγατρὸς

2103 1977 2373 2049 Ἀϐραὰμ,
2404 1979 2469 2049 ἢν
2495 1977 2682 2049 ἔδησεν
2711 1980 2740 2031 ό
2760 1980 3007 2043 Σατανᾶς
3030 1979 3161 2032 δέκα
3192 1981 3286 2033 καὶ
3307 1980 3440 2032 ὀκτὼ
3459 1981 3623 2044 ἐτεσιν,

2089 2066 2156 2135 ἢν
2208 2065 2302 2119 καὶ
2355 2067 2524 2135 αὐτὴν
2557 2067 2654 2138 τῆς
2715 2066 2995 2131 ἀσθενείας
3037 2067 3350 2133 ἀπαλλάξας
3385 2069 3513 2122 σώαν
3539 2071 3621 2122 ἀπ-

2091 2158 2247 2210 έλυσε
2273 2175 2288 2188 ’
2334 2157 2559 2212 καθόλου
2612 2160 2700 2225 δὲ,
2735 2160 2970 2231 ὁπηνίκα
3014 2162 3146 2215 πᾶσι
3190 2164 3305 2224 τοῖς
3325 2166 3514 2233 σειραῖς
3536 2161 3625 2214 τῶν

2094 2251 2238 2303 ίδίων
2284 2250 2569 2321 ἁμαρτιῶν
2610 2252 2958 2322 ἐσφιγμένοις
3004 2253 3199 2322 ἄφεσιν
3240 2252 3346 2306 τῶν
3385 2254 3625 2326 προτέρων

2089 2341 2505 2411 ἁμαρτημάτων
2538 2342 2859 2413 παρέσχετο,
2894 2338 2981 2396 οἵα
3011 2344 3075 2417 δὴ
3114 2345 3276 2416 μόνος
3311 2345 3478 2416 (ἔχων)
3500 2346 3623 2412 ἐξου-

2097 2433 2218 2487 σίαν
2250 2434 2464 2503 ἀφιέναι
2510 2436 2809 2506 ἁμαρτίας
2837 2431 2917 2499 οἷς
2954 2435 3033 2489 ἔτι
3066 2438 3161 2490 καὶ
3181 2437 3280 2491 νῦν
3307 2438 3366 2507 (f.
3386 2437 3448 2491 54
3467 2440 3531 2508 v')
3553 2438 3622 2491 διὰ

2090 2523 2190 2594 τῆς
2229 2525 2395 2579 αὑτοῦ
2425 2525 2773 2592 διδασκαλίας
2800 2528 3234 2600 παρακελεύεται
3254 2530 3358 2584 τῶν
3385 2531 3627 2601 προτέρων

2088 2616 2303 2688 δεσμῶν
2342 2617 2599 2685 ἐξελθεῖν,
2626 2619 2800 2689 λέγων
2828 2622 2910 2689 ἐφ’
2929 2619 3144 2693 ἑκάστῳ
3172 2622 3259 2687 τὸ,
3291 2641 3311 2674 ι
3339 2623 3458 2685 Ἴδε,
3496 2620 3625 2691 ὑγιὴς

2089 2709 2338 2777 γέγονας,
2376 2710 2575 2780 μηκέτι
2619 2711 2919 2782 ἁμάρτανε.
2954 2731 2973 2764 ο
3018 2713 3140 2765 Ἐπὶ
3198 2713 3405 2779 τούτοις
3445 2712 3516 2765 ἔτι
3548 2702 3626 2765 καὶ

2089 2800 2182 2854 νῦν
2231 2803 2347 2864 τοῖς
2386 2802 2553 2855 εἰσέτι
2591 2802 2810 2871 ἀγνοίας
2853 2818 2913 2855 τε
2964 2804 3057 2856 καὶ
3108 2804 3371 2878 πονηρίας
3422 2820 3626 2875 κατορω-

2092 2894 2387 2965 ρυγμένοις
2434 2894 2877 2965 ἀνακαλυφθῖψαι
2930 2895 3294 2965 προστάττει,
3343 2895 3435 2949 ἆτε
3484 2893 3625 2961 Λόγος

2040 2993 2045 2997 ’
2090 2990 2352 3059 ὑπάρχων
2378 2987 2534 3051 Θεοῦ,
2581 2987 2807 3060 καρδίας
2835 3005 2893 3041 τε
2920 2987 3127 3052 ἐτάζων
3173 2989 3270 3042 καὶ
3294 2990 3525 3059 νεφροὺς,
3549 2986 3624 3040 καὶ

2090 3080 2335 3154 κριτικὸς
2361 3079 2710 3152 ἐνθυμήσεων
2736 3080 2828 3134 καὶ
2852 3079 3068 3134 ἐννοιῶν
3095 3081 3345 3152 καρδίας.
3370 3080 3478 3133 Ἵνα
3499 3080 3547 3132 δὲ
3565 3079 3625 3141 ὡς

2087 3174 2167 3227 ένι
2228 3173 2464 3244 μάλιστα
2514 3173 2791 3243 συντόμως
2836 3172 3261 3245 διαδράμωμεν,
3309 3173 3402 3226 καὶ⁵
3436 3172 3496 3225 τὰ
3540 3170 3625 3241 πρὸ

2085 3263 2291 3317 τούτων
2329 3263 2729 3336 ἐφαρμόζοντες
2757 3260 2870 3327 τοῖς
2901 3265 3031 3336 περὶ
3064 3265 3306 3337 Χριστοῦ
3334 3263 3623 3334 λεγομένοις,

2088 3354 2450 3418 ἀναλαϐόντες
2494 3355 2552 3421 ἐξ
2598 3355 2850 3426 ὑπαρχῆς
2889 3356 2985 3408 καὶ
3027 3356 3124 3426 τὴν
3163 3354 3370 3410 τούτων
3410 3356 3625 3408 ὑπόνοιαν

2085 3448 2244 3521 ἡμῶν
2265 3448 2629 3520 ἐκθησόμεθαε
2658 3448 2747 3501 Ἐν
2769 3446 2986 3509 πολλοῖς
3006 3446 3069 3517 δὴ
3097 3447 3285 3516 σαφῶς
3303 3447 3379 3518 τῷ
3409 3449 3469 3499 ἐκ
3496 3462 3623 3515 nept-

2084 3544 2264 3615 τομῆς
2316 3542 2431 3613 λαῷ
2502 3541 2942 3613 προσομιλήσας,
2997 3541 3087 3593 ὅτε
3144 3541 3243 3594 καὶ
3288 3540 3347 3607 ἐξ
3402 3538 3625 3609 ὀνόματος

2084 3637 2202 3707 ἦτοι
2251 3635 2341 3688 τὸν
2378 3633 2569 3688 Ἰακὼϐ
2605 3634 2723 3704 ήτοι
2764 3632 2855 3686 τὸν
2890 3630 3101 3704 Ἰσραὴλ
3144 3631 3487 3685 ἀνακαλεῖται
3511 3670 3527 3694 ,
3551 3627 3625 3680 ἐπὶ

2083 3727 2177 3780 τοῦ
2209 3726 2477 3799 παρόντος
2499 3725 2560 3780 οὑ
2610 3726 2745 3796 πρὸς
2771 3725 3013 3786 ἐκείνους
3060 3722 3296 3775 ποιεῖται
3329 3722 3424 3794 τὴν
3450 3734 3625 3791 προφη-

2082 3817 2252 3883 τείαν,
2290 3816 2426 3871 ἀλλὰ
2454 3816 2564 3888 γὰρ
2613 3817 2808 3887 νήσους
2840 3815 2933 3869 καὶ
2967 3813 3091 3885 ἔθνη
3118 3815 3212 3866 ἐπὶ
3264 3813 3360 3886 τὴν
3403 3811 3624 3883 ἀκρόασιν

2082 3911 2189 3966 τῶν
2222 3907 2642 3981 λεχθησομένων
2674 3905 3014 3978 παρακαλεῖ·
3055 3907 3151 3961 καὶ
3198 3906 3313 3960 ἔστι
3341 3898 3401 3975 γέ
3430 3900 3625 3957 ἐνταῦθα

2081 4008 2114 4075 ὴ
2142 4004 2432 4075 ὑπόσχεσις
2463 4001 2555 4055 τοῦ
2585 4001 2792 4072 Κυρίου
2837 3999 3104 4070 λεγομένη
3143 3997 3394 4070 περὶτῆς
3418 3996 3623 4067 κλήσεως

2081 4094 2190 4149 τῶν
2232 4096 2494 4167 πρότερον
2553 4094 2797 4147 ἀπίστων
2845 4092 3023 4162 πάντη
3080 4092 3174 4145 καὶ
3221 4088 3500 4161 ἀλλοτρίων
3543 4083 3632 4153 τῆς

2083 4187 2392 4251 θεοσεϐείας
2420 4186 2610 4249 ἐθνῶν,
2640 4178 2715 4239 ὧν
2744 4187 2802 4237 ἐν
2837 4184 2993 4256 μέρει
3019 4183 3265 4237 νοοῦνται
3300 4183 3394 4235 καὶ
3416 4182 3468 4233 ai
3494 4173 3623 4245 λεγόὶ

2089 4298 2248 4351 μεναι
2279 4280 2456 4351 νῆσοι,
2481 4280 2651 4350 ψυχαὶ
2678 4279 2801 4331 ὅσαι
2830 4277 2893 4329 τὸ
2916 4277 3081 4330 πάλαι
3106 4274 3368 4349 πρότερόν
3394 4289 3503 4325 τινα
3524 4267 3622 4340 τρό-

2083 4391 2182 4426 πον
2206 4373 2311 4426 ὑπὸ
2351 4371 2650 4426 θαλαττίων
2677 4368 2785 4421 τῶν
2808 4368 2949 4422 κατά
2969 4368 3059 4421 τὸν
3089 4368 3201 4440 βίον
3228 4363 3518 4439 τρικυμιῶν
3548 4358 3622 4413 καὶ

394 4459 619 4516 vocabis
647 4474 844 4515 nomen
872 4461 993 4531 ejus
1015 4460 1201 4517 Jesum
1224 4482 1236 4518 :
1262 4461 1380 4533 ipse
1400 4464 1545 4518 enim
1568 4464 1781 4518 salvum
1813 4462 1976 4518 faciet

2086 4459 2186 4514 τῶν
2239 4459 2380 4513 κατά
2419 4460 2526 4530 τῆς.
2563 4457 2759 4520 κακίας
2813 4455 3218 4527 ἁλμυρωτάτων
3269 4451 3622 4516 κατεκλύζοντο

396 4551 657 4619 pupulum
708 4567 866 4605 suum
892 4552 931 4606 ι.
959 4573 977 4604 ι
1030 4552 1339 4623 Adjicilque
1380 4555 1435 4609 in
1480 4555 1762 4626 pr0phetia
1798 4575 1812 4612 :
1851 4578 1869 4606 ι
1909 4555 1975 4609 Et

395 4643 579 4712 posuit
605 4660 669 4699 os
701 4660 881 4700 meum
924 4646 1083 4716 quasi
1124 4647 1365 4717 gladium
1399 4654 1660 4712 acutum;
1695 4667 1713 4700 ι
1753 4664 1978 4705 rursus-

395 4751 551 4802 que:
598 4755 617 4788 ‹
654 4736 843 4792 Posuit
879 4753 964 4792 me
1016 4739 1173 4806 quasi
1209 4741 1462 4810 sagittam
1522 4741 1777 4797 electam.
1836 4761 1854 4793 ι
1908 4774 1978 4784 -

399 4846 417 4875 ι
455 4825 693 4882 Verbum
729 4829 873 4883 enim
920 4827 1133 4884 Domini
1164 4838 1248 4885 est
1273 4829 1461 4884 eﬂicax
1498 4838 1550 4885 et
1588 4832 1977 4900 penetrabilius

393 4922 545 4974 omni
580 4920 762 4991 gladio
795 4923 1042 4992 ancipiti,
1072 4931 1125 4976 et
1157 4924 1473 4993 pertingens
1521 4938 1695 4993 usque
1743 4923 1810 4978 ad
1840 4922 1980 4991 divi-

286 5026 298 5043 '
394 5012 606 5069 sionem
638 5017 835 5069 anima:
880 5029 947 5070 ac
1000 5016 1291 5085 Spiritus“,
1339 5035 1357 5066 ι
1398 5022 1456 5069 ut
1489 5015 1709 5071 divinus
1737 5017 1975 5071 ostendit

394 5104 716 5174 Apostolus.
768 5104 892 5160 Haae
920 5122 1140 5177 quoque
1174 5108 1277 5177 ipsi
1314 5106 1416 5162 soli
1458 5107 1739 5176 aptissime
1778 5122 1977 5162 conve-

395 5196 576 5258 niunt,
600 5196 881 5251 obcdienti
908 5198 1052 5253 laeto
1077 5197 1223 5252 Patri
1251 5214 1423 5269 usque
1456 5199 1525 5252 ad
1551 5205 1804 5261 mortem,
1833 5198 1978 5253 scili-

397 5295 518 5340 cet:
556 5306 574 5337 ι
625 5287 830 5343 Servus
861 5304 1015 5346 meus
1044 5305 1106 5345 es
1153 5299 1233 5355 tu,
1289 5291 1481 5351 Israel,
1514 5296 1570 5345 et
1604 5290 1659 5343 in
1690 5297 1744 5344 te
1776 5290 1976 5359 gloria-

397 5374 516 5431 bor.
560 5395 578 5427 ι
623 5377 757 5433 Illud
782 5397 946 5436 vero:
987 5401 1007 5434 ι
1036 5381 1110 5441 ,ΕΙ
1141 5397 1243 5452 ego
1280 5382 1432 5438 dixi:
1467 5381 1523 5437 In
1548 5397 1781 5436 vacuum
1823 5383 1976 5436 labo-

397 5465 539 5524 I'avi.
580 5486 602 5515 ι
633 5482 684 5524 et
710 5488 833 5541 quae
868 5483 1195 5545 sequuntur,
1230 5475 1296 5529 ad
1332 5475 1670 5531 Salvatorem
1700 5484 1971 5546 spectant,

394 5564 623 5623 ΡτοΡῑει·
660 5565 989 5629 paucitatem
1021 5580 1212 5620 eorum
1248 5568 1343 5637 qui
1381 5569 1685 5624 secundum
1723 5567 1972 5638 Evange-

2084 4553 2387 4626 ῥευμάτων.
2439 4552 2574 4605 Τίνα
2623 4547 2717 4604 οὖν
2756 4550 2960 4613 ταύτας
3001 4550 3030 4601 ὁ
3072 4549 3276 4619 Κύριος
3318 4547 3471 4608 αὐτὸς
3518 4541 3623 4610 περὶ

2081 4644 2273 4700 ἑαυτοῦ
2299 4644 2539 4698 διδάσκει
2578 4643 2965 4713 κατανοητέον·
2992 4660 3010 4692 ι
3049 4642 3144 4694 Ἐκ
3185 4639 3411 4703 κοιλίας,
3442 4657 3460 4689 ι
3492 4631 3618 4706 φησὶν

2088 4757 2106 4789 ι
2133 4736 2340 4808 μητρός
2372 4753 2473 4808 μου
2514 4736 2741 4790 ἐκάλεσε
2769 4735 2830 4788 τὺ
2872 4734 3045 4804 ὄνομά
3075 4749 3204 4804 μουο
3233 4752 3253 4784 ›
3281 4732 3310 4785 ὃ
3348 4730 3438 4784 καὶ
3465 4724 3619 4795 σαφῶς

2082 4831 2174 4884 ἐπὶ
2194 4828 2287 4882 τοῦ
2316 4826 2555 4900 Χριστοῦ
2571 4843 2585 4857 ο
2609 4824 2775 4880 αὑτοῦ
2802 4825 2909 4897 γάρ
2934 4842 3016 4879 τοι
3035 4824 3387 4895 τυγχάνουσιν
3409 4821 3454 4874 οἱ
3476 4818 3616 4884 λόγοι,

2080 4921 2175 4986 οὓς
2218 4924 2282 4974 ἐκ
2314 4923 2412 4993 τῆς
2451 4921 2543 4975 τοῦ
2601 4919 2936 4989 Εὑαγγελίου
2962 4918 3182 4989 γραφῆς
3236 4914 3614 4987 μεμαθήκαμεν.

2092 5013 2400 5082 ’Λγνοοῦντι
2430 5013 2540 5084 γάρ
2571 5011 2650 5084 τῷ
2686 5011 2881 5082 Ἰωσὴφ
2913 5010 3043 5081 περὶ
3080 5011 3180 5081 τῆς
3212 5006 3507 5079 συλλήψεως
3535 5000 3617 5069 τῆς

2078 5107 2298 5178 Μαρίας
2332 5104 2558 5168 ἐπιστὰς
2581 5108 2609 5158 ό
2624 5102 2883 5175 Γαϐριὴλ,
2905 5102 3149 5163 διάκονος
3168 5101 3243 5154 ῶν
3265 5098 3360 5152 τοῦ
3385 5088 3614 5166 πατρικοῦ

2081 5199 2437 5269 βουλήματος,
2475 5198 2593 5251 κατ’
2621 5197 2753 5269 ὄναρ
2796 5192 2916 5249 εἷπε
2947 5194 3062 5266 μεθ’
3089 5194 3250 5264 ἕτερα
3282 5193 3374 5245 καὶ
3399 5189 3472 5242 τό·
3501 5181 3614 5236 «Τέ-

2081 5290 2228 5357 ξεται
2257 5292 2314 5344 δὲ
2339 5292 2474 5353 υἱὸν,
2519 5292 2614 5344 καὶ
2641 5288 2891 5352 καλέσεις
2918 5287 2978 5340 τὸ
3008 5287 3178 5357 ὄνομα
3215 5282 3377 5337 αὑτοῦ
3411 5276 3610 5349 Ἰησοῦν·

2079 5385 2243 5449 αὑτὸς
2273 5366 2383 5456 γὰρ
2424 5382 2587 5436 σώσει
2606 5383 2699 5435 τὸν
2729 5381 2860 5435 λαὸν
2892 5379 3087 5433 αὑτοῦ·
3115 5399 3135 5430 ι
3155 5376 3398 5447 ἐπιφέρει
3423 5372 3464 5424 δ’
3489 5371 3539 5421 ἐν
3558 5366 3609 5434 τῇ

2082 5455 2389 5548 προφητεία
2420 5475 2616 5543 λέγων,
2642 5476 2726 5529 ὅτι
2772 5493 2791 5525 ι
2821 5473 2932 5528 Καὶ
2957 5471 3120 5543 ἔθηκε
3151 5470 3209 5523 τὸ
3227 5467 3403 5537 ’στόμα
3437 5455 3611 5548 μον-ὡς

2086 5546 2362 5637 μάχαιραν
2385 5565 2563 5628 ὀξεῖαν
2582 5581 2595 5595 ·
2631 5583 2650 5616 ι
2688 5565 2782 5618 καὶ
2810 5563 2970 5618 πάλιν
2987 5580 3000 5592 ·
3029 5579 3050 5614 ι
3078 5557 3281 5630 Ἔθηκέ
3307 5572 3373 5627 με
3398 5553 3467 5616 ὡς
3487 5546 3609 5619 βέλος

459 5724 477 5811 ἐ
511 5718 666 5784 Psal.
697 5752 753 5802 η,
790 5736 841 5790 8.
924 5733 1120 5830 'Joan.
1157 5754 1230 5805 XI,
1260 5739 1350 5795 45.
1431 5743 1450 5773 ³
1473 5739 1630 5797 Joan.
1659 5760 1709 5810 v,
1737 5742 1821 5798 Η.
1920 5742 1985 5797 ‘1

2086 5743 2155 5797 1h.
2196 5757 2232 5807 ι,
2266 5741 2354 5796 21.
2436 5744 2455 5774 ⁵
2487 5739 2648 5798 ﬂeor.
2693 5740 2863 5808 H312
