  <div class='ocr_page' id='page_1' title='image "/cluster/home/n/w/nwhite01/storage/ocr_20150623/22/mdp.39015078384388/636.png"; bbox 0 0 3926 6260; ppageno 0'>
   <div class='ocr_carea' id='block_1_1' title="bbox 259 342 388 399">
    <p class='ocr_par' dir='ltr' id='par_1_1' title="bbox 259 342 388 399">
     <span class='ocr_line' id='line_1_1' title="bbox 259 342 388 399; baseline -0.008 0"><span class='ocrx_word' id='word_1_1' title='bbox 259 342 388 399; x_wconf 59' lang='grc' dir='ltr'>ιδῃ-ι</span> 
     </span>
    </p>
   </div>
   <div class='ocr_carea' id='block_1_2' title="bbox 1282 332 2518 403">
    <p class='ocr_par' dir='ltr' id='par_1_2' title="bbox 1282 332 2518 403">
     <span class='ocr_line' id='line_1_2' title="bbox 1282 332 2518 403; baseline 0.001 -12"><span class='ocrx_word' id='word_1_2' title='bbox 1282 334 1583 393; x_wconf 67' lang='lat' dir='ltr'>ECLOGA}</span> <span class='ocrx_word' id='word_1_3' title='bbox 1622 332 2108 403; x_wconf 54' lang='lat' dir='ltr'>PROPHETICIE.</span> <span class='ocrx_word' id='word_1_4' title='bbox 2149 364 2216 373; x_wconf 89' lang='grc'>--</span> <span class='ocrx_word' id='word_1_5' title='bbox 2255 333 2381 390; x_wconf 88' lang='lat' dir='ltr'>LIB.</span> <span class='ocrx_word' id='word_1_6' title='bbox 2428 333 2518 392; x_wconf 75' lang='grc' dir='ltr'>ιγ.</span> 
     </span>
    </p>
   </div>
   <div class='ocr_carea' id='block_1_3' title="bbox 3385 337 3523 402">
    <p class='ocr_par' dir='ltr' id='par_1_3' title="bbox 3385 337 3523 402">
     <span class='ocr_line' id='line_1_3' title="bbox 3385 337 3523 402; baseline -0.014 -13"><span class='ocrx_word' id='word_1_7' title='bbox 3385 337 3523 402; x_wconf 60' lang='lat'>£233</span> 
     </span>
    </p>
   </div>
   <div class='ocr_carea' id='block_1_4' title="bbox 255 451 1847 533">
    <p class='ocr_par' dir='ltr' id='par_1_4' title="bbox 255 456 1829 533">
     <span class='ocr_line' id='line_1_4' title="bbox 255 456 1829 533; baseline -0.008 -17"><span class='ocrx_word' id='word_1_8' title='bbox 255 461 526 518; x_wconf 75' lang='grc' dir='ltr'>ἐκλεκτόν.</span> <span class='ocrx_word' id='word_1_9' title='bbox 548 480 668 513; x_wconf 75' lang='grc' dir='ltr'>ι-ι</span> <span class='ocrx_word' id='word_1_10' title='bbox 691 461 751 514; x_wconf 90' lang='lat'><strong>&#39;0</strong></span> <span class='ocrx_word' id='word_1_11' title='bbox 768 458 875 533; x_wconf 72' lang='grc' dir='ltr'>γὰρ</span> <span class='ocrx_word' id='word_1_12' title='bbox 901 459 1071 528; x_wconf 80' lang='grc' dir='ltr'>Λόγος</span> <span class='ocrx_word' id='word_1_13' title='bbox 1092 456 1226 511; x_wconf 76' lang='grc' dir='ltr'>Θεοῦ</span> <span class='ocrx_word' id='word_1_14' title='bbox 1255 460 1515 528; x_wconf 82' lang='grc' dir='ltr'><strong>τυγχάνει</strong></span> <span class='ocrx_word' id='word_1_15' title='bbox 1537 456 1787 526; x_wconf 67' lang='grc' dir='ltr'>ἐνεργὴς,</span> <span class='ocrx_word' id='word_1_16' title='bbox 1810 473 1829 504; x_wconf 74' lang='grc' dir='ltr'>ι</span> 
     </span>
    </p>
   </div>
   <div class='ocr_carea' id='block_1_5' title="bbox 1956 451 3522 533">
    <p class='ocr_par' dir='ltr' id='par_1_5' title="bbox 1960 451 3522 524">
     <span class='ocr_line' id='line_1_5' title="bbox 1960 451 3522 524; baseline 0.002 -18"><span class='ocrx_word' id='word_1_17' title='bbox 1960 453 2069 507; x_wconf 91' lang='lat' dir='ltr'>ium</span> <span class='ocrx_word' id='word_1_18' title='bbox 2092 452 2213 523; x_wconf 85' lang='lat' dir='ltr'><strong>ejus</strong></span> <span class='ocrx_word' id='word_1_19' title='bbox 2246 453 2453 508; x_wconf 81' lang='lat' dir='ltr'><strong>vivunt.</strong></span> <span class='ocrx_word' id='word_1_20' title='bbox 2488 451 2552 507; x_wconf 86' lang='lat' dir='ltr'>Et</span> <span class='ocrx_word' id='word_1_21' title='bbox 2567 454 2818 524; x_wconf 82' lang='lat' dir='ltr'><strong>quoniam</strong></span> <span class='ocrx_word' id='word_1_22' title='bbox 2854 473 2873 508; x_wconf 80' lang='grc' dir='ltr'>ι</span> <span class='ocrx_word' id='word_1_23' title='bbox 2897 470 3007 511; x_wconf 88' lang='lat' dir='ltr'>non</span> <span class='ocrx_word' id='word_1_24' title='bbox 3022 459 3167 513; x_wconf 79' lang='lat' dir='ltr'><strong>venit</strong></span> <span class='ocrx_word' id='word_1_25' title='bbox 3189 454 3292 511; x_wconf 69' lang='lat' dir='ltr'><strong>niti</strong></span> <span class='ocrx_word' id='word_1_26' title='bbox 3310 469 3384 509; x_wconf 71' lang='lat' dir='ltr'>ao</span> <span class='ocrx_word' id='word_1_27' title='bbox 3405 467 3522 522; x_wconf 78' lang='lat' dir='ltr'><strong>per-</strong></span> 
     </span>
    </p>
   </div>
   <div class='ocr_carea' id='block_1_6' title="bbox 257 545 1839 624">
    <p class='ocr_par' dir='ltr' id='par_1_6' title="bbox 257 545 1839 624">
     <span class='ocr_line' id='line_1_6' title="bbox 257 545 1839 624; baseline -0.008 -15"><span class='ocrx_word' id='word_1_28' title='bbox 257 557 370 609; x_wconf 72' lang='grc' dir='ltr'>εστι</span> <span class='ocrx_word' id='word_1_29' title='bbox 406 573 426 605; x_wconf 85' lang='grc'>‹</span> <span class='ocrx_word' id='word_1_30' title='bbox 457 556 553 608; x_wconf 82' lang='grc' dir='ltr'>καὶ</span> <span class='ocrx_word' id='word_1_31' title='bbox 578 551 890 624; x_wconf 78' lang='grc' dir='ltr'>τομώτερος</span> <span class='ocrx_word' id='word_1_32' title='bbox 909 550 1050 622; x_wconf 83' lang='grc' dir='ltr'>ὑπὲρ</span> <span class='ocrx_word' id='word_1_33' title='bbox 1085 551 1264 603; x_wconf 82' lang='grc' dir='ltr'>πᾶσαν</span> <span class='ocrx_word' id='word_1_34' title='bbox 1291 548 1565 621; x_wconf 78' lang='grc' dir='ltr'>μάχαιραν</span> <span class='ocrx_word' id='word_1_35' title='bbox 1589 545 1839 616; x_wconf 78' lang='grc' dir='ltr'>δίστομον</span> 
     </span>
    </p>
   </div>
   <div class='ocr_carea' id='block_1_7' title="bbox 255 636 1830 717">
    <p class='ocr_par' dir='ltr' id='par_1_7' title="bbox 255 636 1830 717">
     <span class='ocr_line' id='line_1_7' title="bbox 255 636 1830 717; baseline -0.009 -17"><span class='ocrx_word' id='word_1_36' title='bbox 255 644 620 717; x_wconf 81' lang='grc' dir='ltr'>διικνούμενος</span> <span class='ocrx_word' id='word_1_37' title='bbox 652 645 784 716; x_wconf 78' lang='grc' dir='ltr'>ἄχρι</span> <span class='ocrx_word' id='word_1_38' title='bbox 813 640 1087 714; x_wconf 85' lang='grc' dir='ltr'>μερισμοῦ</span> <span class='ocrx_word' id='word_1_39' title='bbox 1118 640 1298 711; x_wconf 74' lang='grc' dir='ltr'>ψυχῆς</span> <span class='ocrx_word' id='word_1_40' title='bbox 1324 639 1421 693; x_wconf 78' lang='grc' dir='ltr'>καὶ</span> <span class='ocrx_word' id='word_1_41' title='bbox 1450 636 1785 707; x_wconf 81' lang='grc' dir='ltr'>πνεύματος,</span> <span class='ocrx_word' id='word_1_42' title='bbox 1811 655 1830 687; x_wconf 70' lang='grc' dir='ltr'>ι</span> 
     </span>
    </p>
   </div>
   <div class='ocr_carea' id='block_1_8' title="bbox 1947 544 3523 616">
    <p class='ocr_par' dir='ltr' id='par_1_8' title="bbox 1947 544 3523 616">
     <span class='ocr_line' id='line_1_8' title="bbox 1947 544 3523 616; baseline -0.001 -17"><span class='ocrx_word' id='word_1_43' title='bbox 1947 544 2090 599; x_wconf 85' lang='lat' dir='ltr'><strong>ditas</strong></span> <span class='ocrx_word' id='word_1_44' title='bbox 2127 561 2258 600; x_wconf 85' lang='lat' dir='ltr'><strong>oves</strong></span> <span class='ocrx_word' id='word_1_45' title='bbox 2301 544 2499 600; x_wconf 91' lang='lat' dir='ltr'><strong>domus</strong></span> <span class='ocrx_word' id='word_1_46' title='bbox 2530 544 2718 609; x_wconf 83' lang='lat' dir='ltr'>Israel,</span> <span class='ocrx_word' id='word_1_47' title='bbox 2761 566 2780 598; x_wconf 72' lang='grc' dir='ltr'>ι</span> <span class='ocrx_word' id='word_1_48' title='bbox 2818 554 2965 603; x_wconf 83' lang='lat' dir='ltr'><strong>recte</strong></span> <span class='ocrx_word' id='word_1_49' title='bbox 2989 553 3316 602; x_wconf 74' lang='lat' dir='ltr'>memoratur</span> <span class='ocrx_word' id='word_1_50' title='bbox 3337 544 3523 616; x_wconf 82' lang='lat' dir='ltr'><strong>praeci-</strong></span> 
     </span>
    </p>
   </div>
   <div class='ocr_carea' id='block_1_9' title="bbox 1945 634 3525 704">
    <p class='ocr_par' dir='ltr' id='par_1_9' title="bbox 1945 634 3525 704">
     <span class='ocr_line' id='line_1_9' title="bbox 1945 634 3525 704; baseline 0 -17"><span class='ocrx_word' id='word_1_51' title='bbox 1945 650 2050 704; x_wconf 89' lang='lat' dir='ltr'>pue</span> <span class='ocrx_word' id='word_1_52' title='bbox 2104 635 2160 689; x_wconf 90' lang='lat' dir='ltr'>in</span> <span class='ocrx_word' id='word_1_53' title='bbox 2204 634 2469 689; x_wconf 86' lang='lat' dir='ltr'><strong>mundum</strong></span> <span class='ocrx_word' id='word_1_54' title='bbox 2527 635 2745 691; x_wconf 76' lang='lat' dir='ltr'>venisse</span> <span class='ocrx_word' id='word_1_55' title='bbox 2777 656 2795 687; x_wconf 78' lang='grc' dir='ltr'>ι</span> <span class='ocrx_word' id='word_1_56' title='bbox 2840 635 2910 689; x_wconf 91' lang='lat' dir='ltr'>ad</span> <span class='ocrx_word' id='word_1_57' title='bbox 2968 635 3320 692; x_wconf 69' lang='lat' dir='ltr'>suscitandas</span> <span class='ocrx_word' id='word_1_58' title='bbox 3351 634 3525 689; x_wconf 83' lang='lat' dir='ltr'><strong>tribus</strong></span> 
     </span>
    </p>
   </div>
   <div class='ocr_carea' id='block_1_10' title="bbox 253 727 1847 804">
    <p class='ocr_par' dir='ltr' id='par_1_10' title="bbox 253 727 1841 804">
     <span class='ocr_line' id='line_1_10' title="bbox 253 727 1841 804; baseline -0.007 -13"><span class='ocrx_word' id='word_1_59' title='bbox 253 741 326 804; x_wconf 79' lang='grc' dir='ltr'>ὡς</span> <span class='ocrx_word' id='word_1_60' title='bbox 353 741 382 793; x_wconf 99' lang='lat'>6</span> <span class='ocrx_word' id='word_1_61' title='bbox 410 737 694 800; x_wconf 74' lang='grc' dir='ltr'>Θεσπέσιος</span> <span class='ocrx_word' id='word_1_62' title='bbox 707 734 944 802; x_wconf 80' lang='grc' dir='ltr'>ἐδίδαξεν</span> <span class='ocrx_word' id='word_1_63' title='bbox 962 733 1305 797; x_wconf 81' lang='grc' dir='ltr'>Ἀπόστολος.</span> <span class='ocrx_word' id='word_1_64' title='bbox 1321 729 1683 799; x_wconf 81' lang='grc' dir='ltr'>Εὐλογώτατα</span> <span class='ocrx_word' id='word_1_65' title='bbox 1706 729 1750 783; x_wconf 82' lang='grc' dir='ltr'>δ’</span> <span class='ocrx_word' id='word_1_66' title='bbox 1774 727 1841 782; x_wconf 84' lang='grc' dir='ltr'>ἂν</span> 
     </span>
    </p>
   </div>
   <div class='ocr_carea' id='block_1_11' title="bbox 1956 727 3524 804">
    <p class='ocr_par' dir='ltr' id='par_1_11' title="bbox 1956 727 3524 799">
     <span class='ocr_line' id='line_1_11' title="bbox 1956 727 3524 799; baseline -0.001 -16"><span class='ocrx_word' id='word_1_67' title='bbox 1956 727 2114 799; x_wconf 74' lang='lat' dir='ltr'><strong>Iacob</strong></span> <span class='ocrx_word' id='word_1_68' title='bbox 2146 737 2203 785; x_wconf 85' lang='lat' dir='ltr'>et</span> <span class='ocrx_word' id='word_1_69' title='bbox 2253 727 2415 784; x_wconf 79' lang='lat' dir='ltr'>faeces</span> <span class='ocrx_word' id='word_1_70' title='bbox 2461 728 2626 784; x_wconf 87' lang='lat' dir='ltr'><strong>Israel</strong></span> <span class='ocrx_word' id='word_1_71' title='bbox 2673 730 3090 786; x_wconf 79' lang='lat' dir='ltr'><strong>convertendas.</strong></span> <span class='ocrx_word' id='word_1_72' title='bbox 3140 749 3172 781; x_wconf 69' lang='grc' dir='ltr'>ι.</span> <span class='ocrx_word' id='word_1_73' title='bbox 3196 729 3328 784; x_wconf 88' lang='lat' dir='ltr'><strong>Dein</strong></span> <span class='ocrx_word' id='word_1_74' title='bbox 3355 769 3372 794; x_wconf 93' lang='lat'>,</span> <span class='ocrx_word' id='word_1_75' title='bbox 3398 743 3524 783; x_wconf 88' lang='lat' dir='ltr'>cum</span> 
     </span>
    </p>
   </div>
   <div class='ocr_carea' id='block_1_12' title="bbox 253 805 1843 904">
    <p class='ocr_par' dir='ltr' id='par_1_12' title="bbox 253 805 1843 904">
     <span class='ocr_line' id='line_1_12' title="bbox 253 805 1843 904; baseline -0.008 -18"><span class='ocrx_word' id='word_1_76' title='bbox 253 831 401 904; x_wconf 80' lang='grc' dir='ltr'>αὐτῷ</span> <span class='ocrx_word' id='word_1_77' title='bbox 430 831 576 903; x_wconf 86' lang='grc' dir='ltr'>μόνῳ</span> <span class='ocrx_word' id='word_1_78' title='bbox 607 829 824 901; x_wconf 81' lang='grc' dir='ltr'>λεχθείη</span> <span class='ocrx_word' id='word_1_79' title='bbox 865 828 1094 899; x_wconf 78' lang='grc' dir='ltr'>ὑπηκόῳ</span> <span class='ocrx_word' id='word_1_80' title='bbox 1122 827 1399 898; x_wconf 81' lang='grc' dir='ltr'>γενομένῳ</span> <span class='ocrx_word' id='word_1_81' title='bbox 1426 824 1502 895; x_wconf 85' lang='grc' dir='ltr'>τῷ</span> <span class='ocrx_word' id='word_1_82' title='bbox 1531 823 1707 895; x_wconf 70' lang='grc' dir='ltr'>Πατρὶ</span> <span class='ocrx_word' id='word_1_83' title='bbox 1746 805 1843 893; x_wconf 75' lang='grc' dir='ltr'>μέ-</span> 
     </span>
    </p>
   </div>
   <div class='ocr_carea' id='block_1_13' title="bbox 251 912 1844 996">
    <p class='ocr_par' dir='ltr' id='par_1_13' title="bbox 251 912 1844 996">
     <span class='ocr_line' id='line_1_13' title="bbox 251 912 1844 996; baseline -0.009 -18"><span class='ocrx_word' id='word_1_84' title='bbox 251 940 343 996; x_wconf 76' lang='grc' dir='ltr'>χρι</span> <span class='ocrx_word' id='word_1_85' title='bbox 371 924 467 978; x_wconf 75' lang='grc' dir='ltr'>καὶ</span> <span class='ocrx_word' id='word_1_86' title='bbox 489 922 718 977; x_wconf 83' lang='grc' dir='ltr'>θανάτου</span> <span class='ocrx_word' id='word_1_87' title='bbox 744 921 822 974; x_wconf 91' lang='grc' dir='ltr'>τό·</span> <span class='ocrx_word' id='word_1_88' title='bbox 868 938 888 971; x_wconf 79' lang='grc' dir='ltr'>ι</span> <span class='ocrx_word' id='word_1_89' title='bbox 907 919 1102 983; x_wconf 80' lang='grc' dir='ltr'>Δοῦλός</span> <span class='ocrx_word' id='word_1_90' title='bbox 1134 935 1234 990; x_wconf 89' lang='grc' dir='ltr'>μου</span> <span class='ocrx_word' id='word_1_91' title='bbox 1276 913 1325 972; x_wconf 76' lang='grc' dir='ltr'>εἴ</span> <span class='ocrx_word' id='word_1_92' title='bbox 1353 919 1440 981; x_wconf 78' lang='grc' dir='ltr'>σὺ,</span> <span class='ocrx_word' id='word_1_93' title='bbox 1468 914 1686 987; x_wconf 82' lang='grc' dir='ltr'>Ἰσραὴλ</span> <span class='ocrx_word' id='word_1_94' title='bbox 1703 953 1718 977; x_wconf 98' lang='grc'>,</span> <span class='ocrx_word' id='word_1_95' title='bbox 1749 912 1844 966; x_wconf 71' lang='grc' dir='ltr'>καὶ</span> 
     </span>
    </p>
   </div>
   <div class='ocr_carea' id='block_1_14' title="bbox 250 1002 1841 1086">
    <p class='ocr_par' dir='ltr' id='par_1_14' title="bbox 250 1002 1841 1086">
     <span class='ocr_line' id='line_1_14' title="bbox 250 1002 1841 1086; baseline -0.008 -16"><span class='ocrx_word' id='word_1_96' title='bbox 250 1021 308 1072; x_wconf 79' lang='grc' dir='ltr'>ὲν</span> <span class='ocrx_word' id='word_1_97' title='bbox 362 1017 446 1070; x_wconf 74' lang='grc' dir='ltr'>σοὶ</span> <span class='ocrx_word' id='word_1_98' title='bbox 494 1013 988 1086; x_wconf 76' lang='grc' dir='ltr'>ὲνδοξασθήσομαι’</span> <span class='ocrx_word' id='word_1_99' title='bbox 1041 1030 1060 1063; x_wconf 76' lang='grc' dir='ltr'>ι</span> <span class='ocrx_word' id='word_1_100' title='bbox 1091 1011 1152 1064; x_wconf 90' lang='lat'>16</span> <span class='ocrx_word' id='word_1_101' title='bbox 1183 1010 1273 1064; x_wconf 76' lang='grc' dir='ltr'>δέ’</span> <span class='ocrx_word' id='word_1_102' title='bbox 1314 1029 1332 1061; x_wconf 77' lang='grc' dir='ltr'>ι</span> <span class='ocrx_word' id='word_1_103' title='bbox 1367 1010 1478 1064; x_wconf 76' lang='grc' dir='ltr'>Καὶ</span> <span class='ocrx_word' id='word_1_104' title='bbox 1510 1006 1622 1077; x_wconf 80' lang='grc' dir='ltr'>ἐγὼ</span> <span class='ocrx_word' id='word_1_105' title='bbox 1675 1002 1841 1059; x_wconf 70' lang='grc' dir='ltr'>εἶπα*</span> 
     </span>
    </p>
   </div>
   <div class='ocr_carea' id='block_1_15' title="bbox 251 1098 1842 1177">
    <p class='ocr_par' dir='ltr' id='par_1_15' title="bbox 251 1098 1842 1177">
     <span class='ocr_line' id='line_1_15' title="bbox 251 1098 1842 1177; baseline -0.008 -13"><span class='ocrx_word' id='word_1_106' title='bbox 251 1109 442 1172; x_wconf 81' lang='grc' dir='ltr'>Κενῶς</span> <span class='ocrx_word' id='word_1_107' title='bbox 474 1108 743 1163; x_wconf 79' lang='grc' dir='ltr'>ἐκοπίασα</span> <span class='ocrx_word' id='word_1_108' title='bbox 763 1147 779 1173; x_wconf 91' lang='grc'>,</span> <span class='ocrx_word' id='word_1_109' title='bbox 814 1128 833 1161; x_wconf 72' lang='grc' dir='ltr'>ι</span> <span class='ocrx_word' id='word_1_110' title='bbox 869 1109 963 1162; x_wconf 74' lang='grc' dir='ltr'>καὶ</span> <span class='ocrx_word' id='word_1_111' title='bbox 992 1107 1063 1162; x_wconf 83' lang='grc' dir='ltr'>τὰ</span> <span class='ocrx_word' id='word_1_112' title='bbox 1093 1105 1243 1177; x_wconf 77' lang='grc' dir='ltr'>ἑξῆς,</span> <span class='ocrx_word' id='word_1_113' title='bbox 1283 1104 1482 1174; x_wconf 84' lang='grc' dir='ltr'>λέγοιτ’</span> <span class='ocrx_word' id='word_1_114' title='bbox 1523 1102 1592 1157; x_wconf 79' lang='grc' dir='ltr'>ἂν</span> <span class='ocrx_word' id='word_1_115' title='bbox 1617 1100 1723 1154; x_wconf 81' lang='grc' dir='ltr'>ὑπὸ</span> <span class='ocrx_word' id='word_1_116' title='bbox 1746 1098 1842 1153; x_wconf 83' lang='grc' dir='ltr'>τοῦ</span> 
     </span>
    </p>
   </div>
   <div class='ocr_carea' id='block_1_16' title="bbox 252 1191 1846 1273">
    <p class='ocr_par' dir='ltr' id='par_1_16' title="bbox 252 1191 1846 1273">
     <span class='ocr_line' id='line_1_16' title="bbox 252 1191 1846 1273; baseline -0.005 -19"><span class='ocrx_word' id='word_1_117' title='bbox 252 1201 507 1273; x_wconf 74' lang='grc' dir='ltr'>Σωτῆρος</span> <span class='ocrx_word' id='word_1_118' title='bbox 555 1201 641 1256; x_wconf 83' lang='grc' dir='ltr'>διὰ</span> <span class='ocrx_word' id='word_1_119' title='bbox 683 1201 743 1254; x_wconf 90' lang='lat'>16</span> <span class='ocrx_word' id='word_1_120' title='bbox 791 1200 1016 1254; x_wconf 87' lang='grc' dir='ltr'>σπάνιον</span> <span class='ocrx_word' id='word_1_121' title='bbox 1057 1199 1169 1253; x_wconf 84' lang='grc' dir='ltr'>τῶν</span> <span class='ocrx_word' id='word_1_122' title='bbox 1214 1196 1361 1252; x_wconf 82' lang='grc' dir='ltr'>κατὰ</span> <span class='ocrx_word' id='word_1_123' title='bbox 1412 1195 1474 1250; x_wconf 82' lang='lat'>16</span> <span class='ocrx_word' id='word_1_124' title='bbox 1514 1191 1846 1263; x_wconf 82' lang='grc' dir='ltr'>Εὑαγγέλιον</span> 
     </span>
    </p>
   </div>
   <div class='ocr_carea' id='block_1_17' title="bbox 252 1281 1844 1363">
    <p class='ocr_par' dir='ltr' id='par_1_17' title="bbox 252 1281 1844 1363">
     <span class='ocr_line' id='line_1_17' title="bbox 252 1281 1844 1363; baseline -0.006 -17"><span class='ocrx_word' id='word_1_125' title='bbox 252 1292 420 1348; x_wconf 74' lang='grc' dir='ltr'>αὑτοῦ</span> <span class='ocrx_word' id='word_1_126' title='bbox 459 1292 738 1363; x_wconf 80' lang='grc' dir='ltr'>βιούντων.</span> <span class='ocrx_word' id='word_1_127' title='bbox 773 1291 887 1345; x_wconf 77' lang='grc' dir='ltr'>Καὶ</span> <span class='ocrx_word' id='word_1_128' title='bbox 933 1290 1244 1363; x_wconf 76' lang='grc' dir='ltr'>ἐπειδήπερ</span> <span class='ocrx_word' id='word_1_129' title='bbox 1274 1307 1292 1339; x_wconf 79' lang='grc' dir='ltr'>ι</span> <span class='ocrx_word' id='word_1_130' title='bbox 1315 1290 1419 1342; x_wconf 81' lang='grc' dir='ltr'>οὐκ</span> <span class='ocrx_word' id='word_1_131' title='bbox 1473 1281 1637 1357; x_wconf 76' lang='grc' dir='ltr'>ἦλθεν</span> <span class='ocrx_word' id='word_1_132' title='bbox 1686 1285 1735 1338; x_wconf 90' lang='grc' dir='ltr'>εί</span> <span class='ocrx_word' id='word_1_133' title='bbox 1770 1285 1844 1356; x_wconf 81' lang='grc' dir='ltr'>μὴ</span> 
     </span>
    </p>
   </div>
   <div class='ocr_carea' id='block_1_18' title="bbox 248 1375 1847 1456">
    <p class='ocr_par' dir='ltr' id='par_1_18' title="bbox 248 1375 1847 1456">
     <span class='ocr_line' id='line_1_18' title="bbox 248 1375 1847 1456; baseline -0.007 -18"><span class='ocrx_word' id='word_1_134' title='bbox 248 1388 331 1449; x_wconf 86' lang='grc' dir='ltr'>είς</span> <span class='ocrx_word' id='word_1_135' title='bbox 359 1384 429 1437; x_wconf 81' lang='grc' dir='ltr'>τὰ</span> <span class='ocrx_word' id='word_1_136' title='bbox 462 1383 712 1456; x_wconf 81' lang='grc' dir='ltr'>πρόϐατα</span> <span class='ocrx_word' id='word_1_137' title='bbox 736 1382 806 1436; x_wconf 77' lang='grc' dir='ltr'>τά</span> <span class='ocrx_word' id='word_1_138' title='bbox 833 1380 1152 1438; x_wconf 82' lang='grc' dir='ltr'>ἀπολωλότα</span> <span class='ocrx_word' id='word_1_139' title='bbox 1178 1379 1329 1434; x_wconf 74' lang='grc' dir='ltr'>οἴκου</span> <span class='ocrx_word' id='word_1_140' title='bbox 1362 1376 1598 1449; x_wconf 84' lang='grc' dir='ltr'>Ἰσραὴλ,</span> <span class='ocrx_word' id='word_1_141' title='bbox 1625 1396 1642 1429; x_wconf 73' lang='grc' dir='ltr'>ι</span> <span class='ocrx_word' id='word_1_142' title='bbox 1665 1375 1847 1439; x_wconf 82' lang='grc' dir='ltr'>καλῶς</span> 
     </span>
    </p>
   </div>
   <div class='ocr_carea' id='block_1_19' title="bbox 249 1464 1844 1549">
    <p class='ocr_par' dir='ltr' id='par_1_19' title="bbox 249 1464 1844 1549">
     <span class='ocr_line' id='line_1_19' title="bbox 249 1464 1844 1549; baseline -0.008 -19"><span class='ocrx_word' id='word_1_143' title='bbox 249 1475 682 1549; x_wconf 80' lang='grc' dir='ltr'>προηγουμένως</span> <span class='ocrx_word' id='word_1_144' title='bbox 732 1475 831 1547; x_wconf 87' lang='grc' dir='ltr'>μὲν</span> <span class='ocrx_word' id='word_1_145' title='bbox 891 1473 1110 1543; x_wconf 88' lang='grc' dir='ltr'>λέγεται</span> <span class='ocrx_word' id='word_1_146' title='bbox 1168 1468 1622 1542; x_wconf 78' lang='grc' dir='ltr'>ἐπιδεδημηκέναι</span> <span class='ocrx_word' id='word_1_147' title='bbox 1646 1509 1661 1534; x_wconf 95' lang='grc'>,</span> <span class='ocrx_word' id='word_1_148' title='bbox 1702 1486 1722 1519; x_wconf 82' lang='grc'><strong><em>‹</em></strong></span> <span class='ocrx_word' id='word_1_149' title='bbox 1750 1464 1844 1519; x_wconf 82' lang='grc' dir='ltr'>τοῦ</span> 
     </span>
    </p>
   </div>
   <div class='ocr_carea' id='block_1_20' title="bbox 250 1556 1845 1639">
    <p class='ocr_par' dir='ltr' id='par_1_20' title="bbox 250 1556 1845 1639">
     <span class='ocr_line' id='line_1_20' title="bbox 250 1556 1845 1639; baseline -0.008 -18"><span class='ocrx_word' id='word_1_150' title='bbox 250 1568 452 1639; x_wconf 80' lang='grc' dir='ltr'>στῆσαι</span> <span class='ocrx_word' id='word_1_151' title='bbox 484 1567 585 1631; x_wconf 76' lang='grc' dir='ltr'>τὰς</span> <span class='ocrx_word' id='word_1_152' title='bbox 632 1566 804 1636; x_wconf 82' lang='grc' dir='ltr'>φυλὰς</span> <span class='ocrx_word' id='word_1_153' title='bbox 854 1564 1081 1629; x_wconf 80' lang='grc' dir='ltr'>Ἰακὼϐ,</span> <span class='ocrx_word' id='word_1_154' title='bbox 1132 1563 1229 1618; x_wconf 77' lang='grc' dir='ltr'>καὶ</span> <span class='ocrx_word' id='word_1_155' title='bbox 1269 1564 1368 1634; x_wconf 80' lang='grc' dir='ltr'>τὴν</span> <span class='ocrx_word' id='word_1_156' title='bbox 1418 1558 1721 1633; x_wconf 81' lang='grc' dir='ltr'>διασπορὰν</span> <span class='ocrx_word' id='word_1_157' title='bbox 1750 1556 1845 1610; x_wconf 82' lang='grc' dir='ltr'>τοῦ</span> 
     </span>
    </p>
   </div>
   <div class='ocr_carea' id='block_1_21' title="bbox 262 1651 1849 1734">
    <p class='ocr_par' dir='ltr' id='par_1_21' title="bbox 262 1651 1849 1734">
     <span class='ocr_line' id='line_1_21' title="bbox 262 1651 1849 1734; baseline -0.006 -19"><span class='ocrx_word' id='word_1_158' title='bbox 262 1660 486 1734; x_wconf 77' lang='grc' dir='ltr'>Ἰσραὴλ</span> <span class='ocrx_word' id='word_1_159' title='bbox 515 1660 878 1732; x_wconf 69' lang='grc' dir='ltr'>ἐπιστρέψαι⁸</span> <span class='ocrx_word' id='word_1_160' title='bbox 907 1679 925 1710; x_wconf 73' lang='grc' dir='ltr'>ι</span> <span class='ocrx_word' id='word_1_161' title='bbox 960 1657 1242 1728; x_wconf 79' lang='grc' dir='ltr'>ἑπομένως</span> <span class='ocrx_word' id='word_1_162' title='bbox 1271 1655 1351 1719; x_wconf 82' lang='grc' dir='ltr'>δὲ,</span> <span class='ocrx_word' id='word_1_163' title='bbox 1378 1653 1466 1707; x_wconf 88' lang='grc' dir='ltr'>διὰ</span> <span class='ocrx_word' id='word_1_164' title='bbox 1485 1651 1546 1706; x_wconf 88' lang='lat'>16</span> <span class='ocrx_word' id='word_1_165' title='bbox 1571 1652 1645 1723; x_wconf 88' lang='grc' dir='ltr'>μὴ</span> <span class='ocrx_word' id='word_1_166' title='bbox 1672 1667 1849 1721; x_wconf 82' lang='grc' dir='ltr'>παρα-</span> 
     </span>
    </p>
   </div>
   <div class='ocr_carea' id='block_1_22' title="bbox 246 1742 1848 1819">
    <p class='ocr_par' dir='ltr' id='par_1_22' title="bbox 246 1742 1848 1819">
     <span class='ocr_line' id='line_1_22' title="bbox 246 1742 1848 1819; baseline -0.007 -13"><span class='ocrx_word' id='word_1_167' title='bbox 246 1750 508 1819; x_wconf 78' lang='grc' dir='ltr'>δέξασθαι</span> <span class='ocrx_word' id='word_1_168' title='bbox 539 1750 702 1803; x_wconf 81' lang='grc' dir='ltr'>αύτὸν</span> <span class='ocrx_word' id='word_1_169' title='bbox 749 1751 877 1814; x_wconf 80' lang='grc' dir='ltr'>τοὺς</span> <span class='ocrx_word' id='word_1_170' title='bbox 908 1748 967 1813; x_wconf 81' lang='grc' dir='ltr'>ἐξ</span> <span class='ocrx_word' id='word_1_171' title='bbox 1003 1747 1228 1802; x_wconf 81' lang='grc' dir='ltr'>ἐκείνων</span> <span class='ocrx_word' id='word_1_172' title='bbox 1266 1745 1497 1809; x_wconf 83' lang='grc' dir='ltr'>πάντας,</span> <span class='ocrx_word' id='word_1_173' title='bbox 1527 1742 1848 1813; x_wconf 74' lang='grc' dir='ltr'>ἐπιφέρεται</span> 
     </span>
    </p>
   </div>
   <div class='ocr_carea' id='block_1_23' title="bbox 1948 817 3526 893">
    <p class='ocr_par' dir='ltr' id='par_1_23' title="bbox 1948 817 3526 893">
     <span class='ocr_line' id='line_1_23' title="bbox 1948 817 3526 893; baseline -0.001 -19"><span class='ocrx_word' id='word_1_174' title='bbox 1948 821 2094 875; x_wconf 88' lang='lat' dir='ltr'><strong>inter</strong></span> <span class='ocrx_word' id='word_1_175' title='bbox 2123 821 2260 877; x_wconf 89' lang='lat' dir='ltr'><strong>istos</strong></span> <span class='ocrx_word' id='word_1_176' title='bbox 2311 835 2504 876; x_wconf 83' lang='lat' dir='ltr'><strong>omnes</strong></span> <span class='ocrx_word' id='word_1_177' title='bbox 2557 835 2666 875; x_wconf 91' lang='lat' dir='ltr'>non</span> <span class='ocrx_word' id='word_1_178' title='bbox 2718 836 2844 876; x_wconf 90' lang='lat' dir='ltr'>eum</span> <span class='ocrx_word' id='word_1_179' title='bbox 2900 822 3264 893; x_wconf 89' lang='lat' dir='ltr'><strong>accepissent,</strong></span> <span class='ocrx_word' id='word_1_180' title='bbox 3305 817 3526 889; x_wconf 86' lang='lat' dir='ltr'><strong>subjicit</strong></span> 
     </span>
    </p>
   </div>
   <div class='ocr_carea' id='block_1_24' title="bbox 1948 910 3526 983">
    <p class='ocr_par' dir='ltr' id='par_1_24' title="bbox 1948 910 3526 983">
     <span class='ocr_line' id='line_1_24' title="bbox 1948 910 3526 983; baseline -0.015 0"><span class='ocrx_word' id='word_1_181' title='bbox 1948 913 2106 983; x_wconf 74' lang='grc' dir='ltr'>(ιιιαεὶ</span> <span class='ocrx_word' id='word_1_182' title='bbox 2140 912 2205 966; x_wconf 68' lang='lat' dir='ltr'>ad</span> <span class='ocrx_word' id='word_1_183' title='bbox 2238 912 2479 983; x_wconf 87' lang='lat' dir='ltr'><strong>seipsum</strong></span> <span class='ocrx_word' id='word_1_184' title='bbox 2509 930 2522 966; x_wconf 89' lang='lat'><strong>:</strong></span> <span class='ocrx_word' id='word_1_185' title='bbox 2565 929 2584 963; x_wconf 74' lang='grc' dir='ltr'>ι</span> <span class='ocrx_word' id='word_1_186' title='bbox 2630 910 2772 967; x_wconf 89' lang='lat' dir='ltr'><strong>Ecce</strong></span> <span class='ocrx_word' id='word_1_187' title='bbox 2800 912 2924 967; x_wconf 86' lang='lat' dir='ltr'><strong>dedi</strong></span> <span class='ocrx_word' id='word_1_188' title='bbox 2980 921 3034 967; x_wconf 90' lang='lat' dir='ltr'>te</span> <span class='ocrx_word' id='word_1_189' title='bbox 3076 912 3130 966; x_wconf 90' lang='lat' dir='ltr'>in</span> <span class='ocrx_word' id='word_1_190' title='bbox 3185 911 3361 965; x_wconf 87' lang='lat' dir='ltr'><strong>lucem</strong></span> <span class='ocrx_word' id='word_1_191' title='bbox 3395 923 3526 979; x_wconf 77' lang='lat' dir='ltr'><strong>gen-</strong></span> 
     </span>
    </p>
   </div>
   <div class='ocr_carea' id='block_1_25' title="bbox 1949 1003 3522 1074">
    <p class='ocr_par' dir='ltr' id='par_1_25' title="bbox 1949 1003 3522 1074">
     <span class='ocr_line' id='line_1_25' title="bbox 1949 1003 3522 1074; baseline -0.005 -15"><span class='ocrx_word' id='word_1_192' title='bbox 1949 1006 2108 1068; x_wconf 90' lang='lat' dir='ltr'><strong>tium,</strong></span> <span class='ocrx_word' id='word_1_193' title='bbox 2136 1012 2193 1059; x_wconf 92' lang='lat' dir='ltr'>ut</span> <span class='ocrx_word' id='word_1_194' title='bbox 2227 1004 2307 1060; x_wconf 86' lang='lat' dir='ltr'>sis</span> <span class='ocrx_word' id='word_1_195' title='bbox 2333 1005 2485 1061; x_wconf 88' lang='lat' dir='ltr'><strong>salus</strong></span> <span class='ocrx_word' id='word_1_196' title='bbox 2520 1017 2640 1059; x_wconf 88' lang='lat' dir='ltr'>mea</span> <span class='ocrx_word' id='word_1_197' title='bbox 2667 1018 2841 1074; x_wconf 88' lang='lat' dir='ltr'><strong>usque</strong></span> <span class='ocrx_word' id='word_1_198' title='bbox 2873 1003 2941 1058; x_wconf 89' lang='lat' dir='ltr'>ad</span> <span class='ocrx_word' id='word_1_199' title='bbox 2971 1010 3276 1060; x_wconf 84' lang='lat' dir='ltr'><strong>extremum</strong></span> <span class='ocrx_word' id='word_1_200' title='bbox 3312 1010 3522 1056; x_wconf 67' lang='lat' dir='ltr'><strong>terra.»</strong></span> 
     </span>
    </p>
   </div>
   <div class='ocr_carea' id='block_1_26' title="bbox 1951 1095 3528 1171">
    <p class='ocr_par' dir='ltr' id='par_1_26' title="bbox 1951 1095 3528 1171">
     <span class='ocr_line' id='line_1_26' title="bbox 1951 1095 3528 1171; baseline -0.004 -16"><span class='ocrx_word' id='word_1_201' title='bbox 1951 1098 2113 1155; x_wconf 86' lang='lat' dir='ltr'><strong>Jubet</strong></span> <span class='ocrx_word' id='word_1_202' title='bbox 2141 1114 2242 1156; x_wconf 90' lang='lat' dir='ltr'>nos</span> <span class='ocrx_word' id='word_1_203' title='bbox 2278 1106 2400 1171; x_wconf 88' lang='lat' dir='ltr'><strong>post.</strong></span> <span class='ocrx_word' id='word_1_204' title='bbox 2420 1100 2537 1156; x_wconf 69' lang='lat' dir='ltr'><strong>haec</strong></span> <span class='ocrx_word' id='word_1_205' title='bbox 2570 1099 2857 1156; x_wconf 84' lang='lat' dir='ltr'><strong>Dominus.</strong></span> <span class='ocrx_word' id='word_1_206' title='bbox 2877 1097 3022 1153; x_wconf 89' lang='lat' dir='ltr'><strong>Deus</strong></span> <span class='ocrx_word' id='word_1_207' title='bbox 3046 1107 3105 1153; x_wconf 90' lang='lat' dir='ltr'>et</span> <span class='ocrx_word' id='word_1_208' title='bbox 3128 1096 3311 1162; x_wconf 89' lang='lat' dir='ltr'><strong>Pater,</strong></span> <span class='ocrx_word' id='word_1_209' title='bbox 3338 1095 3433 1168; x_wconf 90' lang='lat' dir='ltr'><strong>qui</strong></span> <span class='ocrx_word' id='word_1_210' title='bbox 3457 1095 3528 1149; x_wconf 83' lang='lat' dir='ltr'><strong>li-</strong></span> 
     </span>
    </p>
   </div>
   <div class='ocr_carea' id='block_1_27' title="bbox 1950 1184 3527 1252">
    <p class='ocr_par' dir='ltr' id='par_1_27' title="bbox 1950 1184 3527 1252">
     <span class='ocr_line' id='line_1_27' title="bbox 1950 1184 3527 1252; baseline -0.003 -7"><span class='ocrx_word' id='word_1_211' title='bbox 1950 1190 2157 1245; x_wconf 86' lang='lat' dir='ltr'><strong>beravit</strong></span> <span class='ocrx_word' id='word_1_212' title='bbox 2189 1205 2315 1246; x_wconf 90' lang='lat' dir='ltr'>eum</span> <span class='ocrx_word' id='word_1_213' title='bbox 2339 1191 2409 1247; x_wconf 87' lang='lat' dir='ltr'>ab</span> <span class='ocrx_word' id='word_1_214' title='bbox 2444 1192 2702 1248; x_wconf 84' lang='lat' dir='ltr'><strong>omnibus</strong></span> <span class='ocrx_word' id='word_1_215' title='bbox 2735 1191 2784 1247; x_wconf 91' lang='lat' dir='ltr'>ei</span> <span class='ocrx_word' id='word_1_216' title='bbox 2814 1189 3257 1252; x_wconf 84' lang='lat' dir='ltr'><strong>adversantibus,</strong></span> <span class='ocrx_word' id='word_1_217' title='bbox 3288 1184 3527 1243; x_wconf 80' lang='lat' dir='ltr'><strong>sanctiﬁ-</strong></span> 
     </span>
    </p>
   </div>
   <div class='ocr_carea' id='block_1_28' title="bbox 1949 1275 3530 1350">
    <p class='ocr_par' dir='ltr' id='par_1_28' title="bbox 1949 1275 3530 1350">
     <span class='ocr_line' id='line_1_28' title="bbox 1949 1275 3530 1350; baseline -0.004 -16"><span class='ocrx_word' id='word_1_218' title='bbox 1949 1295 2076 1336; x_wconf 84' lang='lat' dir='ltr'><strong>care</strong></span> <span class='ocrx_word' id='word_1_219' title='bbox 2128 1297 2277 1347; x_wconf 89' lang='lat' dir='ltr'><strong>eum,</strong></span> <span class='ocrx_word' id='word_1_220' title='bbox 2330 1280 2559 1337; x_wconf 86' lang='lat' dir='ltr'><strong>dicens:</strong></span> <span class='ocrx_word' id='word_1_221' title='bbox 2596 1301 2616 1334; x_wconf 82' lang='grc' dir='ltr'>ι</span> <span class='ocrx_word' id='word_1_222' title='bbox 2656 1280 3009 1337; x_wconf 79' lang='lat' dir='ltr'><strong>Sanctificatc</strong></span> <span class='ocrx_word' id='word_1_223' title='bbox 3051 1281 3145 1350; x_wconf 89' lang='lat' dir='ltr'>qui</span> <span class='ocrx_word' id='word_1_224' title='bbox 3198 1278 3348 1348; x_wconf 85' lang='lat' dir='ltr'><strong>parvi</strong></span> <span class='ocrx_word' id='word_1_225' title='bbox 3400 1275 3530 1332; x_wconf 86' lang='lat' dir='ltr'><strong>fecit</strong></span> 
     </span>
    </p>
   </div>
   <div class='ocr_carea' id='block_1_29' title="bbox 1953 1367 3529 1444">
    <p class='ocr_par' dir='ltr' id='par_1_29' title="bbox 1953 1367 3529 1444">
     <span class='ocr_line' id='line_1_29' title="bbox 1953 1367 3529 1444; baseline -0.004 -16"><span class='ocrx_word' id='word_1_226' title='bbox 1953 1374 2192 1429; x_wconf 84' lang='lat' dir='ltr'><strong>animam</strong></span> <span class='ocrx_word' id='word_1_227' title='bbox 2219 1389 2396 1431; x_wconf 89' lang='lat' dir='ltr'><strong>suam.</strong></span> <span class='ocrx_word' id='word_1_228' title='bbox 2431 1393 2450 1427; x_wconf 71' lang='grc' dir='ltr'>ι</span> <span class='ocrx_word' id='word_1_229' title='bbox 2486 1373 2588 1429; x_wconf 76' lang='lat' dir='ltr'><strong>ilic</strong></span> <span class='ocrx_word' id='word_1_230' title='bbox 2615 1374 2764 1430; x_wconf 91' lang='lat' dir='ltr'><strong>enim</strong></span> <span class='ocrx_word' id='word_1_231' title='bbox 2820 1387 2983 1444; x_wconf 90' lang='lat' dir='ltr'><strong>quam</strong></span> <span class='ocrx_word' id='word_1_232' title='bbox 3044 1372 3330 1427; x_wconf 82' lang='lat' dir='ltr'><strong>verissime</strong></span> <span class='ocrx_word' id='word_1_233' title='bbox 3374 1367 3529 1440; x_wconf 79' lang='lat' dir='ltr'><strong>parvi</strong></span> 
     </span>
    </p>
   </div>
   <div class='ocr_carea' id='block_1_30' title="bbox 1950 1464 3530 1533">
    <p class='ocr_par' dir='ltr' id='par_1_30' title="bbox 1950 1464 3530 1533">
     <span class='ocr_line' id='line_1_30' title="bbox 1950 1464 3530 1533; baseline -0.004 -13"><span class='ocrx_word' id='word_1_234' title='bbox 1950 1467 2106 1521; x_wconf 76' lang='lat' dir='ltr'><strong>duxit</strong></span> <span class='ocrx_word' id='word_1_235' title='bbox 2155 1468 2393 1521; x_wconf 88' lang='lat' dir='ltr'><strong>animam</strong></span> <span class='ocrx_word' id='word_1_236' title='bbox 2449 1482 2627 1531; x_wconf 89' lang='lat' dir='ltr'><strong>suam,</strong></span> <span class='ocrx_word' id='word_1_237' title='bbox 2664 1485 2681 1518; x_wconf 79' lang='grc' dir='ltr'>ι</span> <span class='ocrx_word' id='word_1_238' title='bbox 2716 1466 3039 1522; x_wconf 86' lang='lat' dir='ltr'><strong>exinanieus</strong></span> <span class='ocrx_word' id='word_1_239' title='bbox 3078 1464 3530 1533; x_wconf 86' lang='lat' dir='ltr'><strong>semetipsum,et</strong></span> 
     </span>
    </p>
   </div>
   <div class='ocr_carea' id='block_1_31' title="bbox 1959 1557 3530 1629">
    <p class='ocr_par' dir='ltr' id='par_1_31' title="bbox 1959 1557 3530 1629">
     <span class='ocr_line' id='line_1_31' title="bbox 1959 1557 3530 1629; baseline -0.003 -17"><span class='ocrx_word' id='word_1_240' title='bbox 1959 1559 2140 1615; x_wconf 70' lang='lat' dir='ltr'><strong>factus</strong></span> <span class='ocrx_word' id='word_1_241' title='bbox 2186 1573 2287 1629; x_wconf 86' lang='lat' dir='ltr'>pro</span> <span class='ocrx_word' id='word_1_242' title='bbox 2336 1557 2499 1614; x_wconf 89' lang='lat' dir='ltr'><strong>nobis</strong></span> <span class='ocrx_word' id='word_1_243' title='bbox 2555 1557 2940 1624; x_wconf 85' lang='lat' dir='ltr'><strong>maledictum;</strong></span> <span class='ocrx_word' id='word_1_244' title='bbox 2973 1564 3026 1610; x_wconf 89' lang='lat' dir='ltr'>et</span> <span class='ocrx_word' id='word_1_245' title='bbox 3077 1561 3301 1625; x_wconf 82' lang='lat' dir='ltr'><strong>peccata</strong></span> <span class='ocrx_word' id='word_1_246' title='bbox 3341 1560 3530 1608; x_wconf 83' lang='lat' dir='ltr'><strong>nostra</strong></span> 
     </span>
    </p>
   </div>
   <div class='ocr_carea' id='block_1_32' title="bbox 1952 1645 3531 1723">
    <p class='ocr_par' dir='ltr' id='par_1_32' title="bbox 1952 1645 3531 1723">
     <span class='ocr_line' id='line_1_32' title="bbox 1952 1645 3531 1723; baseline -0.008 -15"><span class='ocrx_word' id='word_1_247' title='bbox 1952 1652 2270 1723; x_wconf 87' lang='lat' dir='ltr'><strong>suscipiens</strong></span> <span class='ocrx_word' id='word_1_248' title='bbox 2307 1650 2618 1706; x_wconf 87' lang='lat' dir='ltr'><strong>bumiliavit</strong></span> <span class='ocrx_word' id='word_1_249' title='bbox 2666 1649 3021 1720; x_wconf 89' lang='lat' dir='ltr'><strong>semetipsum</strong></span> <span class='ocrx_word' id='word_1_250' title='bbox 3072 1662 3244 1716; x_wconf 86' lang='lat' dir='ltr'><strong>usque</strong></span> <span class='ocrx_word' id='word_1_251' title='bbox 3289 1645 3356 1700; x_wconf 87' lang='lat' dir='ltr'>ad</span> <span class='ocrx_word' id='word_1_252' title='bbox 3384 1659 3531 1699; x_wconf 84' lang='lat' dir='ltr'><strong>mor.-</strong></span> 
     </span>
    </p>
   </div>
   <div class='ocr_carea' id='block_1_33' title="bbox 1951 1737 3529 1808">
    <p class='ocr_par' dir='ltr' id='par_1_33' title="bbox 1951 1737 3529 1808">
     <span class='ocr_line' id='line_1_33' title="bbox 1951 1737 3529 1808; baseline -0.004 -9"><span class='ocrx_word' id='word_1_253' title='bbox 1951 1754 2102 1808; x_wconf 81' lang='lat' dir='ltr'><strong>tem,</strong></span> <span class='ocrx_word' id='word_1_254' title='bbox 2140 1754 2368 1800; x_wconf 85' lang='lat' dir='ltr'><strong>mortem</strong></span> <span class='ocrx_word' id='word_1_255' title='bbox 2437 1753 2619 1799; x_wconf 87' lang='lat' dir='ltr'><strong>autem</strong></span> <span class='ocrx_word' id='word_1_256' title='bbox 2680 1742 2863 1798; x_wconf 87' lang='lat' dir='ltr'><strong>crucis</strong></span> <span class='ocrx_word' id='word_1_257' title='bbox 2905 1742 2945 1794; x_wconf 74' lang='grc'>⁸.</span> <span class='ocrx_word' id='word_1_258' title='bbox 2985 1759 3004 1794; x_wconf 85' lang='grc'><strong>›</strong></span> <span class='ocrx_word' id='word_1_259' title='bbox 3065 1739 3241 1794; x_wconf 52' lang='lat' dir='ltr'><strong>Addit:</strong></span> <span class='ocrx_word' id='word_1_260' title='bbox 3297 1737 3529 1805; x_wconf 86' lang='lat' dir='ltr'><strong>deinde,</strong></span> 
     </span>
    </p>
   </div>
   <div class='ocr_carea' id='block_1_34' title="bbox 247 1830 1847 1915">
    <p class='ocr_par' dir='ltr' id='par_1_34' title="bbox 247 1830 1838 1915">
     <span class='ocr_line' id='line_1_34' title="bbox 247 1830 1838 1915; baseline -0.009 -18"><span class='ocrx_word' id='word_1_261' title='bbox 247 1845 326 1908; x_wconf 85' lang='grc' dir='ltr'>ώς</span> <span class='ocrx_word' id='word_1_262' title='bbox 349 1843 492 1915; x_wconf 75' lang='grc' dir='ltr'>πρὸς</span> <span class='ocrx_word' id='word_1_263' title='bbox 518 1842 698 1896; x_wconf 80' lang='grc' dir='ltr'>αὐτόν·</span> <span class='ocrx_word' id='word_1_264' title='bbox 735 1861 753 1891; x_wconf 79' lang='grc' dir='ltr'>ι</span> <span class='ocrx_word' id='word_1_265' title='bbox 801 1841 930 1894; x_wconf 79' lang='grc' dir='ltr'>Ἰδοὺ</span> <span class='ocrx_word' id='word_1_266' title='bbox 956 1839 1177 1893; x_wconf 84' lang='grc' dir='ltr'>τέθεικά</span> <span class='ocrx_word' id='word_1_267' title='bbox 1208 1855 1268 1891; x_wconf 89' lang='grc' dir='ltr'>σε</span> <span class='ocrx_word' id='word_1_268' title='bbox 1296 1840 1375 1901; x_wconf 86' lang='grc' dir='ltr'>είς</span> <span class='ocrx_word' id='word_1_269' title='bbox 1395 1835 1510 1906; x_wconf 79' lang='grc' dir='ltr'>φῶς</span> <span class='ocrx_word' id='word_1_270' title='bbox 1534 1832 1723 1896; x_wconf 79' lang='grc' dir='ltr'>ἐθνῶν,</span> <span class='ocrx_word' id='word_1_271' title='bbox 1746 1830 1838 1884; x_wconf 88' lang='lat'>106</span> 
     </span>
    </p>
   </div>
   <div class='ocr_carea' id='block_1_35' title="bbox 1956 1830 3526 1915">
    <p class='ocr_par' dir='ltr' id='par_1_35' title="bbox 1956 1830 3526 1906">
     <span class='ocr_line' id='line_1_35' title="bbox 1956 1830 3526 1906; baseline -0.004 -18"><span class='ocrx_word' id='word_1_272' title='bbox 1956 1856 1966 1888; x_wconf 85' lang='grc' dir='ltr'>ι</span> <span class='ocrx_word' id='word_1_273' title='bbox 2016 1851 2178 1906; x_wconf 88' lang='lat' dir='ltr'><strong>quem</strong></span> <span class='ocrx_word' id='word_1_274' title='bbox 2213 1836 2610 1890; x_wconf 87' lang='lat' dir='ltr'><strong>abominantur</strong></span> <span class='ocrx_word' id='word_1_275' title='bbox 2635 1840 2846 1905; x_wconf 81' lang='lat' dir='ltr'><strong>gentes,</strong></span> <span class='ocrx_word' id='word_1_276' title='bbox 2880 1833 3022 1889; x_wconf 87' lang='lat' dir='ltr'><strong>servi</strong></span> <span class='ocrx_word' id='word_1_277' title='bbox 3051 1830 3470 1898; x_wconf 58' lang='lat' dir='ltr'><strong>dominantium,</strong></span> <span class='ocrx_word' id='word_1_278' title='bbox 3507 1847 3526 1880; x_wconf 74' lang='grc' dir='ltr'>ι</span> 
     </span>
    </p>
   </div>
   <div class='ocr_carea' id='block_1_36' title="bbox 246 1926 1842 2006">
    <p class='ocr_par' dir='ltr' id='par_1_36' title="bbox 246 1926 1842 2006">
     <span class='ocr_line' id='line_1_36' title="bbox 246 1926 1842 2006; baseline -0.01 -14"><span class='ocrx_word' id='word_1_279' title='bbox 246 1932 394 1992; x_wconf 69' lang='grc' dir='ltr'>εἶναί</span> <span class='ocrx_word' id='word_1_280' title='bbox 427 1953 489 1990; x_wconf 87' lang='grc' dir='ltr'>σε</span> <span class='ocrx_word' id='word_1_281' title='bbox 520 1938 599 1998; x_wconf 84' lang='grc' dir='ltr'>εἰς</span> <span class='ocrx_word' id='word_1_282' title='bbox 628 1933 902 2006; x_wconf 80' lang='grc' dir='ltr'>σωτηρίαν</span> <span class='ocrx_word' id='word_1_283' title='bbox 934 1934 1041 1997; x_wconf 71' lang='grc' dir='ltr'>ἕως</span> <span class='ocrx_word' id='word_1_284' title='bbox 1079 1932 1310 2003; x_wconf 82' lang='grc' dir='ltr'>ἐσχάτου</span> <span class='ocrx_word' id='word_1_285' title='bbox 1341 1929 1443 1999; x_wconf 82' lang='grc' dir='ltr'>τῆς</span> <span class='ocrx_word' id='word_1_286' title='bbox 1470 1928 1590 1999; x_wconf 82' lang='grc' dir='ltr'>γῆς.</span> <span class='ocrx_word' id='word_1_287' title='bbox 1615 1946 1634 1979; x_wconf 70' lang='grc' dir='ltr'>ι</span> <span class='ocrx_word' id='word_1_288' title='bbox 1666 1926 1842 1996; x_wconf 89' lang='grc' dir='ltr'>Προσ-</span> 
     </span>
    </p>
   </div>
   <div class='ocr_carea' id='block_1_37' title="bbox 244 2017 1839 2100">
    <p class='ocr_par' dir='ltr' id='par_1_37' title="bbox 244 2017 1839 2100">
     <span class='ocr_line' id='line_1_37' title="bbox 244 2017 1839 2100; baseline -0.01 -15"><span class='ocrx_word' id='word_1_289' title='bbox 244 2032 438 2086; x_wconf 89' lang='grc' dir='ltr'>τάττει</span> <span class='ocrx_word' id='word_1_290' title='bbox 466 2029 521 2084; x_wconf 73' lang='grc' dir='ltr'>δὲ</span> <span class='ocrx_word' id='word_1_291' title='bbox 549 2030 680 2100; x_wconf 80' lang='grc' dir='ltr'>ἡμῖν</span> <span class='ocrx_word' id='word_1_292' title='bbox 714 2026 850 2099; x_wconf 83' lang='grc' dir='ltr'>μετὰ</span> <span class='ocrx_word' id='word_1_293' title='bbox 881 2024 1055 2080; x_wconf 79' lang='grc' dir='ltr'>ταῦτα</span> <span class='ocrx_word' id='word_1_294' title='bbox 1076 2025 1282 2098; x_wconf 87' lang='grc' dir='ltr'>Κύριος</span> <span class='ocrx_word' id='word_1_295' title='bbox 1301 2025 1329 2075; x_wconf 93' lang='lat'>6</span> <span class='ocrx_word' id='word_1_296' title='bbox 1354 2022 1484 2084; x_wconf 81' lang='grc' dir='ltr'>Θεὸς</span> <span class='ocrx_word' id='word_1_297' title='bbox 1507 2021 1601 2073; x_wconf 76' lang='grc' dir='ltr'>καὶ</span> <span class='ocrx_word' id='word_1_298' title='bbox 1628 2017 1839 2089; x_wconf 87' lang='grc' dir='ltr'>Πατὴρ,</span> 
     </span>
    </p>
   </div>
   <div class='ocr_carea' id='block_1_38' title="bbox 242 2109 1842 2195">
    <p class='ocr_par' dir='ltr' id='par_1_38' title="bbox 242 2109 1842 2195">
     <span class='ocr_line' id='line_1_38' title="bbox 242 2109 1842 2195; baseline -0.009 -19"><span class='ocrx_word' id='word_1_299' title='bbox 242 2124 274 2177; x_wconf 91' lang='lat'>6</span> <span class='ocrx_word' id='word_1_300' title='bbox 309 2121 623 2195; x_wconf 79' lang='grc' dir='ltr'>ῥυσάμενος</span> <span class='ocrx_word' id='word_1_301' title='bbox 653 2118 817 2174; x_wconf 82' lang='grc' dir='ltr'>αὐτὸν</span> <span class='ocrx_word' id='word_1_302' title='bbox 846 2118 955 2173; x_wconf 83' lang='grc' dir='ltr'>ἀπὸ</span> <span class='ocrx_word' id='word_1_303' title='bbox 985 2118 1203 2171; x_wconf 87' lang='grc' dir='ltr'>πάντων</span> <span class='ocrx_word' id='word_1_304' title='bbox 1233 2114 1344 2168; x_wconf 86' lang='grc' dir='ltr'>τῶν</span> <span class='ocrx_word' id='word_1_305' title='bbox 1371 2109 1842 2181; x_wconf 80' lang='grc' dir='ltr'>ὲπισυναχθὲντων</span> 
     </span>
    </p>
   </div>
   <div class='ocr_carea' id='block_1_39' title="bbox 243 2201 1842 2281">
    <p class='ocr_par' dir='ltr' id='par_1_39' title="bbox 243 2201 1842 2281">
     <span class='ocr_line' id='line_1_39' title="bbox 243 2201 1842 2281; baseline -0.01 -12"><span class='ocrx_word' id='word_1_306' title='bbox 243 2215 370 2269; x_wconf 83' lang='grc' dir='ltr'>κατ’</span> <span class='ocrx_word' id='word_1_307' title='bbox 414 2212 603 2277; x_wconf 85' lang='lat'><strong>0.6106,</strong></span> <span class='ocrx_word' id='word_1_308' title='bbox 642 2212 887 2281; x_wconf 81' lang='grc' dir='ltr'>ἁγιάζειν</span> <span class='ocrx_word' id='word_1_309' title='bbox 915 2209 1101 2275; x_wconf 73' lang='grc' dir='ltr'>αὐτὸν,</span> <span class='ocrx_word' id='word_1_310' title='bbox 1133 2208 1308 2277; x_wconf 85' lang='grc' dir='ltr'>λέγων</span> <span class='ocrx_word' id='word_1_311' title='bbox 1330 2224 1343 2236; x_wconf 91' lang='grc'><strong>·</strong></span> <span class='ocrx_word' id='word_1_312' title='bbox 1368 2224 1386 2257; x_wconf 83' lang='grc' dir='ltr'>ι</span> <span class='ocrx_word' id='word_1_313' title='bbox 1426 2203 1718 2273; x_wconf 79' lang='grc' dir='ltr'>Ἀγιάσατε</span> <span class='ocrx_word' id='word_1_314' title='bbox 1751 2201 1842 2255; x_wconf 80' lang='grc' dir='ltr'>τὸν</span> 
     </span>
    </p>
   </div>
   <div class='ocr_carea' id='block_1_40' title="bbox 244 2297 1843 2378">
    <p class='ocr_par' dir='ltr' id='par_1_40' title="bbox 244 2297 1843 2378">
     <span class='ocr_line' id='line_1_40' title="bbox 244 2297 1843 2378; baseline 0 -19"><span class='ocrx_word' id='word_1_315' title='bbox 244 2302 710 2378; x_wconf 69' lang='grc' dir='ltr'>φαυλίζοντατὴν</span> <span class='ocrx_word' id='word_1_316' title='bbox 750 2306 928 2378; x_wconf 83' lang='grc' dir='ltr'>ψυχὴν</span> <span class='ocrx_word' id='word_1_317' title='bbox 960 2304 1124 2360; x_wconf 81' lang='grc' dir='ltr'>αὑτοῦ</span> <span class='ocrx_word' id='word_1_318' title='bbox 1151 2321 1164 2335; x_wconf 78' lang='grc'><strong>⁸</strong></span> <span class='ocrx_word' id='word_1_319' title='bbox 1194 2298 1347 2366; x_wconf 71' lang='grc' dir='ltr'>οὗτος</span> <span class='ocrx_word' id='word_1_320' title='bbox 1378 2301 1488 2373; x_wconf 85' lang='grc' dir='ltr'>γὰρ</span> <span class='ocrx_word' id='word_1_321' title='bbox 1515 2300 1590 2364; x_wconf 87' lang='grc' dir='ltr'>ὼς</span> <span class='ocrx_word' id='word_1_322' title='bbox 1628 2297 1843 2370; x_wconf 81' lang='grc' dir='ltr'>ἀληθῶς</span> 
     </span>
    </p>
   </div>
   <div class='ocr_carea' id='block_1_41' title="bbox 241 2390 1843 2471">
    <p class='ocr_par' dir='ltr' id='par_1_41' title="bbox 241 2390 1843 2471">
     <span class='ocr_line' id='line_1_41' title="bbox 241 2390 1843 2471; baseline -0.006 -20"><span class='ocrx_word' id='word_1_323' title='bbox 241 2398 513 2467; x_wconf 72' lang='grc' dir='ltr'>ὲφαύλισε</span> <span class='ocrx_word' id='word_1_324' title='bbox 538 2399 636 2471; x_wconf 85' lang='grc' dir='ltr'>τὴν</span> <span class='ocrx_word' id='word_1_325' title='bbox 673 2399 851 2471; x_wconf 75' lang='grc' dir='ltr'>ψυχὴν</span> <span class='ocrx_word' id='word_1_326' title='bbox 895 2395 1112 2463; x_wconf 79' lang='grc' dir='ltr'>ἑαυτοῦ,</span> <span class='ocrx_word' id='word_1_327' title='bbox 1154 2414 1173 2447; x_wconf 78' lang='grc' dir='ltr'>ι</span> <span class='ocrx_word' id='word_1_328' title='bbox 1202 2393 1445 2458; x_wconf 84' lang='grc' dir='ltr'>κενώσας</span> <span class='ocrx_word' id='word_1_329' title='bbox 1478 2390 1671 2445; x_wconf 78' lang='grc' dir='ltr'>ἑαυτὸν</span> <span class='ocrx_word' id='word_1_330' title='bbox 1692 2431 1706 2455; x_wconf 98' lang='grc'>,</span> <span class='ocrx_word' id='word_1_331' title='bbox 1749 2390 1843 2442; x_wconf 78' lang='grc' dir='ltr'>καὶ</span> 
     </span>
    </p>
   </div>
   <div class='ocr_carea' id='block_1_42' title="bbox 239 2481 1844 2563">
    <p class='ocr_par' dir='ltr' id='par_1_42' title="bbox 239 2481 1844 2563">
     <span class='ocr_line' id='line_1_42' title="bbox 239 2481 1844 2563; baseline -0.005 -20"><span class='ocrx_word' id='word_1_332' title='bbox 239 2492 543 2562; x_wconf 85' lang='grc' dir='ltr'>γενόμενος</span> <span class='ocrx_word' id='word_1_333' title='bbox 567 2492 708 2563; x_wconf 83' lang='grc' dir='ltr'>ὑπὲρ</span> <span class='ocrx_word' id='word_1_334' title='bbox 739 2490 895 2562; x_wconf 79' lang='grc' dir='ltr'>ἡμῶν</span> <span class='ocrx_word' id='word_1_335' title='bbox 924 2489 1166 2561; x_wconf 83' lang='grc' dir='ltr'>κατάρα·</span> <span class='ocrx_word' id='word_1_336' title='bbox 1194 2487 1412 2550; x_wconf 77' lang='grc' dir='ltr'>καὶτὰς</span> <span class='ocrx_word' id='word_1_337' title='bbox 1440 2484 1713 2556; x_wconf 81' lang='grc' dir='ltr'>ἁμαρτίας</span> <span class='ocrx_word' id='word_1_338' title='bbox 1744 2481 1844 2545; x_wconf 84' lang='grc' dir='ltr'>τὰς</span> 
     </span>
    </p>
   </div>
   <div class='ocr_carea' id='block_1_43' title="bbox 242 2573 1843 2656">
    <p class='ocr_par' dir='ltr' id='par_1_43' title="bbox 242 2573 1843 2656">
     <span class='ocr_line' id='line_1_43' title="bbox 242 2573 1843 2656; baseline -0.01 -15"><span class='ocrx_word' id='word_1_339' title='bbox 242 2584 529 2656; x_wconf 81' lang='grc' dir='ltr'>ἡμετέρας</span> <span class='ocrx_word' id='word_1_340' title='bbox 571 2583 880 2647; x_wconf 78' lang='grc' dir='ltr'>ἀναλαϐὼν,</span> <span class='ocrx_word' id='word_1_341' title='bbox 908 2582 1170 2653; x_wconf 71' lang='grc' dir='ltr'>αἰσχύνης</span> <span class='ocrx_word' id='word_1_342' title='bbox 1198 2597 1263 2650; x_wconf 91' lang='grc' dir='ltr'>γε</span> <span class='ocrx_word' id='word_1_343' title='bbox 1299 2579 1459 2652; x_wconf 83' lang='grc' dir='ltr'>μέχρι</span> <span class='ocrx_word' id='word_1_344' title='bbox 1487 2575 1719 2631; x_wconf 84' lang='grc' dir='ltr'>θανάτου</span> <span class='ocrx_word' id='word_1_345' title='bbox 1749 2573 1843 2626; x_wconf 74' lang='grc' dir='ltr'>καὶ</span> 
     </span>
    </p>
   </div>
   <div class='ocr_carea' id='block_1_44' title="bbox 242 2668 1841 2751">
    <p class='ocr_par' dir='ltr' id='par_1_44' title="bbox 242 2668 1841 2751">
     <span class='ocr_line' id='line_1_44' title="bbox 242 2668 1841 2751; baseline -0.007 -21"><span class='ocrx_word' id='word_1_346' title='bbox 242 2678 488 2731; x_wconf 72' lang='grc' dir='ltr'>θανάτου</span> <span class='ocrx_word' id='word_1_347' title='bbox 524 2676 759 2750; x_wconf 80' lang='grc' dir='ltr'>σταυροῦ</span> <span class='ocrx_word' id='word_1_348' title='bbox 790 2676 1280 2751; x_wconf 54' lang='grc' dir='ltr'>καταφρονήσας.)</span> <span class='ocrx_word' id='word_1_349' title='bbox 1324 2671 1477 2727; x_wconf 88' lang='grc' dir='ltr'>Μετὰ</span> <span class='ocrx_word' id='word_1_350' title='bbox 1502 2668 1679 2725; x_wconf 80' lang='grc' dir='ltr'>ταῦτά</span> <span class='ocrx_word' id='word_1_351' title='bbox 1707 2683 1841 2738; x_wconf 80' lang='grc' dir='ltr'>φησι</span> 
     </span>
    </p>
   </div>
   <div class='ocr_carea' id='block_1_45' title="bbox 239 2756 1845 2841">
    <p class='ocr_par' dir='ltr' id='par_1_45' title="bbox 239 2756 1845 2841">
     <span class='ocr_line' id='line_1_45' title="bbox 239 2756 1845 2841; baseline -0.008 -19"><span class='ocrx_word' id='word_1_352' title='bbox 239 2768 336 2822; x_wconf 78' lang='grc' dir='ltr'>τὸν</span> <span class='ocrx_word' id='word_1_353' title='bbox 371 2787 391 2819; x_wconf 79' lang='grc' dir='ltr'>ι</span> <span class='ocrx_word' id='word_1_354' title='bbox 418 2768 847 2841; x_wconf 87' lang='grc' dir='ltr'>βδελυσσόμενον</span> <span class='ocrx_word' id='word_1_355' title='bbox 892 2767 998 2821; x_wconf 80' lang='grc' dir='ltr'>ὑπὸ</span> <span class='ocrx_word' id='word_1_356' title='bbox 1029 2768 1138 2821; x_wconf 86' lang='grc' dir='ltr'>τῶν</span> <span class='ocrx_word' id='word_1_357' title='bbox 1166 2764 1337 2820; x_wconf 83' lang='grc' dir='ltr'>ὲθνῶν</span> <span class='ocrx_word' id='word_1_358' title='bbox 1366 2763 1474 2816; x_wconf 82' lang='grc' dir='ltr'>τῶν</span> <span class='ocrx_word' id='word_1_359' title='bbox 1499 2761 1699 2815; x_wconf 90' lang='grc' dir='ltr'>δούλων</span> <span class='ocrx_word' id='word_1_360' title='bbox 1735 2756 1845 2811; x_wconf 81' lang='grc' dir='ltr'>τῶν</span> 
     </span>
    </p>
   </div>
   <div class='ocr_carea' id='block_1_46' title="bbox 239 2844 1845 2935">
    <p class='ocr_par' dir='ltr' id='par_1_46' title="bbox 239 2844 1845 2935">
     <span class='ocr_line' id='line_1_46' title="bbox 239 2844 1845 2935; baseline -0.011 -16"><span class='ocrx_word' id='word_1_361' title='bbox 239 2862 598 2935; x_wconf 72' lang='grc' dir='ltr'>ἀρχόντωνοι</span> <span class='ocrx_word' id='word_1_362' title='bbox 636 2844 731 2916; x_wconf 66' lang='grc' dir='ltr'>κᾶι</span> <span class='ocrx_word' id='word_1_363' title='bbox 758 2861 821 2932; x_wconf 80' lang='grc' dir='ltr'>δὴ</span> <span class='ocrx_word' id='word_1_364' title='bbox 852 2861 1024 2930; x_wconf 81' lang='grc' dir='ltr'>σαφὲς</span> <span class='ocrx_word' id='word_1_365' title='bbox 1058 2861 1205 2922; x_wconf 85' lang='grc' dir='ltr'>ὅπως</span> <span class='ocrx_word' id='word_1_366' title='bbox 1251 2859 1299 2910; x_wconf 91' lang='grc' dir='ltr'>οἱ</span> <span class='ocrx_word' id='word_1_367' title='bbox 1329 2857 1443 2918; x_wconf 74' lang='grc' dir='ltr'>τοῖς</span> <span class='ocrx_word' id='word_1_368' title='bbox 1487 2853 1716 2925; x_wconf 74' lang='grc' dir='ltr'>ἄρχουσι</span> <span class='ocrx_word' id='word_1_369' title='bbox 1749 2847 1845 2903; x_wconf 80' lang='grc' dir='ltr'>τοῦ</span> 
     </span>
    </p>
   </div>
   <div class='ocr_carea' id='block_1_47' title="bbox 237 2940 1847 3024">
    <p class='ocr_par' dir='ltr' id='par_1_47' title="bbox 237 2940 1847 3024">
     <span class='ocr_line' id='line_1_47' title="bbox 237 2940 1847 3024; baseline -0.009 -16"><span class='ocrx_word' id='word_1_370' title='bbox 237 2954 446 3018; x_wconf 85' lang='grc' dir='ltr'>αίῶνος</span> <span class='ocrx_word' id='word_1_371' title='bbox 475 2953 666 3007; x_wconf 88' lang='grc' dir='ltr'>τούτου</span> <span class='ocrx_word' id='word_1_372' title='bbox 694 2952 1080 3024; x_wconf 80' lang='grc' dir='ltr'>δεδουλωμένοι</span> <span class='ocrx_word' id='word_1_373' title='bbox 1108 2951 1169 3004; x_wconf 89' lang='lat'>06</span> <span class='ocrx_word' id='word_1_374' title='bbox 1200 2949 1362 3021; x_wconf 88' lang='grc' dir='ltr'>μόνον</span> <span class='ocrx_word' id='word_1_375' title='bbox 1391 2947 1453 3017; x_wconf 81' lang='grc' dir='ltr'>(Ῑ.</span> <span class='ocrx_word' id='word_1_376' title='bbox 1474 2946 1563 3017; x_wconf 81' lang='lat'>55)</span> <span class='ocrx_word' id='word_1_377' title='bbox 1590 2942 1729 2998; x_wconf 78' lang='grc' dir='ltr'>κατὰ</span> <span class='ocrx_word' id='word_1_378' title='bbox 1755 2940 1847 2994; x_wconf 82' lang='grc' dir='ltr'>τὸν</span> 
     </span>
    </p>
   </div>
   <div class='ocr_carea' id='block_1_48' title="bbox 1952 1918 3535 1996">
    <p class='ocr_par' dir='ltr' id='par_1_48' title="bbox 1952 1918 3535 1996">
     <span class='ocr_line' id='line_1_48' title="bbox 1952 1918 3535 1996; baseline -0.011 -14"><span class='ocrx_word' id='word_1_379' title='bbox 1952 1925 2306 1982; x_wconf 78' lang='lat' dir='ltr'><strong>Manifestum</strong></span> <span class='ocrx_word' id='word_1_380' title='bbox 2333 1926 2532 1996; x_wconf 87' lang='lat' dir='ltr'><strong>quippe</strong></span> <span class='ocrx_word' id='word_1_381' title='bbox 2559 1932 2641 1980; x_wconf 89' lang='lat' dir='ltr'>est</span> <span class='ocrx_word' id='word_1_382' title='bbox 2667 1924 2812 1994; x_wconf 87' lang='lat' dir='ltr'><strong>quod</strong></span> <span class='ocrx_word' id='word_1_383' title='bbox 2843 1923 3007 1993; x_wconf 88' lang='lat' dir='ltr'><strong>hujus</strong></span> <span class='ocrx_word' id='word_1_384' title='bbox 3040 1922 3225 1978; x_wconf 78' lang='lat' dir='ltr'><strong>saeculi</strong></span> <span class='ocrx_word' id='word_1_385' title='bbox 3271 1918 3535 1991; x_wconf 73' lang='lat' dir='ltr'><strong>principi-</strong></span> 
     </span>
    </p>
   </div>
   <div class='ocr_carea' id='block_1_49' title="bbox 1951 2011 3535 2084">
    <p class='ocr_par' dir='ltr' id='par_1_49' title="bbox 1951 2011 3535 2084">
     <span class='ocr_line' id='line_1_49' title="bbox 1951 2011 3535 2084; baseline -0.006 -11"><span class='ocrx_word' id='word_1_386' title='bbox 1951 2018 2056 2073; x_wconf 85' lang='lat' dir='ltr'>bus</span> <span class='ocrx_word' id='word_1_387' title='bbox 2090 2017 2417 2080; x_wconf 83' lang='lat' dir='ltr'><strong>servientes,</strong></span> <span class='ocrx_word' id='word_1_388' title='bbox 2454 2031 2563 2071; x_wconf 88' lang='lat' dir='ltr'>non</span> <span class='ocrx_word' id='word_1_389' title='bbox 2597 2023 2807 2069; x_wconf 88' lang='lat' dir='ltr'><strong>tantum</strong></span> <span class='ocrx_word' id='word_1_390' title='bbox 2846 2015 2903 2068; x_wconf 85' lang='lat' dir='ltr'>in</span> <span class='ocrx_word' id='word_1_391' title='bbox 2939 2013 3214 2084; x_wconf 85' lang='lat' dir='ltr'><strong>passionis</strong></span> <span class='ocrx_word' id='word_1_392' title='bbox 3247 2011 3368 2082; x_wconf 90' lang='lat' dir='ltr'><strong>ejus</strong></span> <span class='ocrx_word' id='word_1_393' title='bbox 3395 2018 3535 2066; x_wconf 87' lang='lat' dir='ltr'><strong>tem-</strong></span> 
     </span>
    </p>
   </div>
   <div class='ocr_carea' id='block_1_50' title="bbox 1954 2102 3537 2181">
    <p class='ocr_par' dir='ltr' id='par_1_50' title="bbox 1954 2102 3537 2181">
     <span class='ocr_line' id='line_1_50' title="bbox 1954 2102 3537 2181; baseline -0.004 -18"><span class='ocrx_word' id='word_1_394' title='bbox 1954 2124 2087 2181; x_wconf 90' lang='lat' dir='ltr'><strong>pore</strong></span> <span class='ocrx_word' id='word_1_395' title='bbox 2119 2109 2521 2164; x_wconf 73' lang='lat' dir='ltr'><strong>maledixerunt</strong></span> <span class='ocrx_word' id='word_1_396' title='bbox 2572 2107 2623 2162; x_wconf 91' lang='lat' dir='ltr'>ei</span> <span class='ocrx_word' id='word_1_397' title='bbox 2668 2107 2946 2162; x_wconf 85' lang='lat' dir='ltr'><strong>dicentes:</strong></span> <span class='ocrx_word' id='word_1_398' title='bbox 2989 2124 3007 2157; x_wconf 83' lang='grc' dir='ltr'>ι</span> <span class='ocrx_word' id='word_1_399' title='bbox 3045 2102 3239 2159; x_wconf 77' lang='lat' dir='ltr'><strong>Gravis</strong></span> <span class='ocrx_word' id='word_1_400' title='bbox 3257 2114 3342 2158; x_wconf 87' lang='lat' dir='ltr'>est</span> <span class='ocrx_word' id='word_1_401' title='bbox 3375 2102 3537 2157; x_wconf 83' lang='lat' dir='ltr'><strong>nobis</strong></span> 
     </span>
    </p>
   </div>
   <div class='ocr_carea' id='block_1_51' title="bbox 1951 2193 3529 2265">
    <p class='ocr_par' dir='ltr' id='par_1_51' title="bbox 1951 2193 3529 2265">
     <span class='ocr_line' id='line_1_51' title="bbox 1951 2193 3529 2265; baseline -0.007 -7"><span class='ocrx_word' id='word_1_402' title='bbox 1951 2203 2116 2259; x_wconf 87' lang='lat' dir='ltr'><strong>etiam</strong></span> <span class='ocrx_word' id='word_1_403' title='bbox 2169 2200 2238 2255; x_wconf 87' lang='lat' dir='ltr'>ad</span> <span class='ocrx_word' id='word_1_404' title='bbox 2296 2198 2593 2255; x_wconf 88' lang='lat' dir='ltr'><strong>videndum</strong></span> <span class='ocrx_word' id='word_1_405' title='bbox 2618 2201 2662 2265; x_wconf 76' lang='grc'>³,</span> <span class='ocrx_word' id='word_1_406' title='bbox 2695 2217 2714 2250; x_wconf 72' lang='grc' dir='ltr'>ι</span> <span class='ocrx_word' id='word_1_407' title='bbox 2749 2197 2845 2253; x_wconf 91' lang='lat' dir='ltr'>sed</span> <span class='ocrx_word' id='word_1_408' title='bbox 2883 2203 2939 2252; x_wconf 85' lang='lat' dir='ltr'>et</span> <span class='ocrx_word' id='word_1_409' title='bbox 2984 2211 3133 2251; x_wconf 90' lang='lat' dir='ltr'><strong>nunc</strong></span> <span class='ocrx_word' id='word_1_410' title='bbox 3178 2193 3529 2263; x_wconf 69' lang='lat' dir='ltr'><strong>maledicunt,</strong></span> 
     </span>
    </p>
   </div>
   <div class='ocr_carea' id='block_1_52' title="bbox 1952 2277 3535 2361">
    <p class='ocr_par' dir='ltr' id='par_1_52' title="bbox 1952 2277 3535 2361">
     <span class='ocr_line' id='line_1_52' title="bbox 1952 2277 3535 2361; baseline -0.008 -15"><span class='ocrx_word' id='word_1_411' title='bbox 1952 2292 2076 2361; x_wconf 86' lang='lat' dir='ltr'><strong>ejus</strong></span> <span class='ocrx_word' id='word_1_412' title='bbox 2107 2291 2375 2345; x_wconf 84' lang='lat' dir='ltr'><strong>doctrinae</strong></span> <span class='ocrx_word' id='word_1_413' title='bbox 2402 2288 2681 2344; x_wconf 90' lang='lat' dir='ltr'><strong>obsistere</strong></span> <span class='ocrx_word' id='word_1_414' title='bbox 2719 2292 3007 2341; x_wconf 81' lang='lat' dir='ltr'><strong>conantes.</strong></span> <span class='ocrx_word' id='word_1_415' title='bbox 3039 2282 3197 2337; x_wconf 87' lang='lat' dir='ltr'><strong>llunc</strong></span> <span class='ocrx_word' id='word_1_416' title='bbox 3241 2281 3407 2352; x_wconf 81' lang='lat' dir='ltr'><strong>igitur</strong></span> <span class='ocrx_word' id='word_1_417' title='bbox 3426 2277 3535 2334; x_wconf 58' lang='lat' dir='ltr'><strong>Do-e</strong></span> 
     </span>
    </p>
   </div>
   <div class='ocr_carea' id='block_1_53' title="bbox 1950 2374 3535 2448">
    <p class='ocr_par' dir='ltr' id='par_1_53' title="bbox 1950 2374 3535 2448">
     <span class='ocr_line' id='line_1_53' title="bbox 1950 2374 3535 2448; baseline -0.008 -11"><span class='ocrx_word' id='word_1_418' title='bbox 1950 2382 2134 2437; x_wconf 89' lang='lat' dir='ltr'><strong>minus</strong></span> <span class='ocrx_word' id='word_1_419' title='bbox 2175 2379 2541 2436; x_wconf 80' lang='lat' dir='ltr'><strong>sanctificare</strong></span> <span class='ocrx_word' id='word_1_420' title='bbox 2589 2377 2767 2448; x_wconf 84' lang='lat' dir='ltr'><strong>jubet,</strong></span> <span class='ocrx_word' id='word_1_421' title='bbox 2800 2377 3117 2447; x_wconf 69' lang='lat' dir='ltr'><strong>praeclaram</strong></span> <span class='ocrx_word' id='word_1_422' title='bbox 3144 2374 3264 2445; x_wconf 89' lang='lat' dir='ltr'><strong>ejus</strong></span> <span class='ocrx_word' id='word_1_423' title='bbox 3294 2387 3535 2443; x_wconf 58' lang='lat' dir='ltr'><strong>praesen.-</strong></span> 
     </span>
    </p>
   </div>
   <div class='ocr_carea' id='block_1_54' title="bbox 1952 2466 3534 2543">
    <p class='ocr_par' dir='ltr' id='par_1_54' title="bbox 1952 2466 3534 2543">
     <span class='ocr_line' id='line_1_54' title="bbox 1952 2466 3534 2543; baseline -0.006 -16"><span class='ocrx_word' id='word_1_424' title='bbox 1952 2475 2080 2529; x_wconf 74' lang='lat' dir='ltr'><strong>tiam</strong></span> <span class='ocrx_word' id='word_1_425' title='bbox 2113 2472 2512 2543; x_wconf 74' lang='lat' dir='ltr'><strong>praenuntians.</strong></span> <span class='ocrx_word' id='word_1_426' title='bbox 2557 2469 2714 2537; x_wconf 85' lang='lat' dir='ltr'><strong>Quod</strong></span> <span class='ocrx_word' id='word_1_427' title='bbox 2752 2479 2936 2524; x_wconf 80' lang='lat' dir='ltr'><strong>autem</strong></span> <span class='ocrx_word' id='word_1_428' title='bbox 2976 2467 3044 2522; x_wconf 90' lang='lat' dir='ltr'>de</span> <span class='ocrx_word' id='word_1_429' title='bbox 3093 2466 3335 2538; x_wconf 73' lang='lat' dir='ltr'><strong>gentium</strong></span> <span class='ocrx_word' id='word_1_430' title='bbox 3371 2478 3534 2519; x_wconf 78' lang='lat' dir='ltr'><strong>voca-</strong></span> 
     </span>
    </p>
   </div>
   <div class='ocr_carea' id='block_1_55' title="bbox 1951 2557 3539 2637">
    <p class='ocr_par' dir='ltr' id='par_1_55' title="bbox 1951 2557 3539 2637">
     <span class='ocr_line' id='line_1_55' title="bbox 1951 2557 3539 2637; baseline -0.006 -16"><span class='ocrx_word' id='word_1_431' title='bbox 1951 2568 2101 2622; x_wconf 89' lang='lat' dir='ltr'><strong>tione</strong></span> <span class='ocrx_word' id='word_1_432' title='bbox 2125 2565 2519 2637; x_wconf 82' lang='lat' dir='ltr'><strong>propbetizans</strong></span> <span class='ocrx_word' id='word_1_433' title='bbox 2558 2577 2741 2618; x_wconf 89' lang='lat' dir='ltr'><strong>sermo</strong></span> <span class='ocrx_word' id='word_1_434' title='bbox 2798 2562 3012 2633; x_wconf 89' lang='lat' dir='ltr'><strong>reliqua</strong></span> <span class='ocrx_word' id='word_1_435' title='bbox 3064 2559 3275 2630; x_wconf 80' lang='lat' dir='ltr'><strong>profert</strong></span> <span class='ocrx_word' id='word_1_436' title='bbox 3302 2557 3539 2629; x_wconf 86' lang='lat' dir='ltr'><strong>prophe-</strong></span> 
     </span>
    </p>
   </div>
   <div class='ocr_carea' id='block_1_56' title="bbox 1950 2649 3531 2723">
    <p class='ocr_par' dir='ltr' id='par_1_56' title="bbox 1950 2649 3531 2723">
     <span class='ocr_line' id='line_1_56' title="bbox 1950 2649 3531 2723; baseline -0.008 -12"><span class='ocrx_word' id='word_1_437' title='bbox 1950 2659 2059 2723; x_wconf 65' lang='lat' dir='ltr'><strong>tiae,</strong></span> <span class='ocrx_word' id='word_1_438' title='bbox 2109 2658 2178 2711; x_wconf 88' lang='lat' dir='ltr'>ab</span> <span class='ocrx_word' id='word_1_439' title='bbox 2210 2656 2297 2710; x_wconf 89' lang='lat' dir='ltr'>his</span> <span class='ocrx_word' id='word_1_440' title='bbox 2325 2654 2507 2711; x_wconf 81' lang='lat' dir='ltr'><strong>verbis</strong></span> <span class='ocrx_word' id='word_1_441' title='bbox 2534 2672 2554 2708; x_wconf 67' lang='grc' dir='ltr'>ε</span> <span class='ocrx_word' id='word_1_442' title='bbox 2589 2673 2627 2705; x_wconf 79' lang='grc' dir='ltr'>ι.</span> <span class='ocrx_word' id='word_1_443' title='bbox 2654 2651 2789 2709; x_wconf 90' lang='lat' dir='ltr'><strong>Dedi</strong></span> <span class='ocrx_word' id='word_1_444' title='bbox 2814 2660 2868 2708; x_wconf 91' lang='lat' dir='ltr'>te</span> <span class='ocrx_word' id='word_1_445' title='bbox 2904 2652 2961 2707; x_wconf 92' lang='lat' dir='ltr'>in</span> <span class='ocrx_word' id='word_1_446' title='bbox 2994 2650 3173 2706; x_wconf 69' lang='lat' dir='ltr'><strong>fmdus</strong></span> <span class='ocrx_word' id='word_1_447' title='bbox 3207 2649 3469 2720; x_wconf 80' lang='lat' dir='ltr'><strong>gentium,</strong></span> <span class='ocrx_word' id='word_1_448' title='bbox 3509 2665 3531 2699; x_wconf 74' lang='grc' dir='ltr'><strong><em>ι</em></strong></span> 
     </span>
    </p>
   </div>
   <div class='ocr_carea' id='block_1_57' title="bbox 1952 2741 3535 2820">
    <p class='ocr_par' dir='ltr' id='par_1_57' title="bbox 1952 2741 3535 2820">
     <span class='ocr_line' id='line_1_57' title="bbox 1952 2741 3535 2820; baseline -0.008 -14"><span class='ocrx_word' id='word_1_449' title='bbox 1952 2758 2005 2807; x_wconf 90' lang='lat' dir='ltr'>et</span> <span class='ocrx_word' id='word_1_450' title='bbox 2035 2766 2158 2820; x_wconf 90' lang='lat' dir='ltr'><strong>quae</strong></span> <span class='ocrx_word' id='word_1_451' title='bbox 2180 2758 2509 2819; x_wconf 89' lang='lat' dir='ltr'><strong>sequuntur,</strong></span> <span class='ocrx_word' id='word_1_452' title='bbox 2541 2761 2674 2817; x_wconf 71' lang='lat' dir='ltr'><strong>quae.</strong></span> <span class='ocrx_word' id='word_1_453' title='bbox 2700 2743 2935 2816; x_wconf 84' lang='lat' dir='ltr'><strong>quidem.</strong></span> <span class='ocrx_word' id='word_1_454' title='bbox 2963 2742 3147 2800; x_wconf 83' lang='lat' dir='ltr'><strong>fusius</strong></span> <span class='ocrx_word' id='word_1_455' title='bbox 3180 2741 3535 2812; x_wconf 74' lang='lat' dir='ltr'><strong>investigare,</strong></span> 
     </span>
    </p>
   </div>
   <div class='ocr_carea' id='block_1_58' title="bbox 1953 2833 3541 2910">
    <p class='ocr_par' dir='ltr' id='par_1_58' title="bbox 1953 2833 3541 2910">
     <span class='ocr_line' id='line_1_58' title="bbox 1953 2833 3541 2910; baseline -0.007 -12"><span class='ocrx_word' id='word_1_456' title='bbox 1953 2859 2080 2899; x_wconf 91' lang='lat' dir='ltr'>cum</span> <span class='ocrx_word' id='word_1_457' title='bbox 2121 2840 2315 2910; x_wconf 69' lang='lat' dir='ltr'><strong>magis.</strong></span> <span class='ocrx_word' id='word_1_458' title='bbox 2343 2838 2708 2910; x_wconf 86' lang='lat' dir='ltr'><strong>spiritualiter</strong></span> <span class='ocrx_word' id='word_1_459' title='bbox 2736 2844 2792 2892; x_wconf 91' lang='lat' dir='ltr'>et</span> <span class='ocrx_word' id='word_1_460' title='bbox 2818 2836 2976 2908; x_wconf 83' lang='lat' dir='ltr'><strong>juxta</strong></span> <span class='ocrx_word' id='word_1_461' title='bbox 3017 2834 3193 2893; x_wconf 88' lang='lat' dir='ltr'><strong>solam</strong></span> <span class='ocrx_word' id='word_1_462' title='bbox 3228 2833 3541 2904; x_wconf 75' lang='lat' dir='ltr'><strong>intcltigen-</strong></span> 
     </span>
    </p>
   </div>
   <div class='ocr_carea' id='block_1_59' title="bbox 1957 2928 3219 3002">
    <p class='ocr_par' dir='ltr' id='par_1_59' title="bbox 1957 2928 3219 3002">
     <span class='ocr_line' id='line_1_59' title="bbox 1957 2928 3219 3002; baseline -0.006 -13"><span class='ocrx_word' id='word_1_463' title='bbox 1957 2937 2087 2990; x_wconf 89' lang='lat' dir='ltr'><strong>tiam</strong></span> <span class='ocrx_word' id='word_1_464' title='bbox 2118 2933 2263 2989; x_wconf 87' lang='lat' dir='ltr'><strong>dicta</strong></span> <span class='ocrx_word' id='word_1_465' title='bbox 2296 2933 2429 2996; x_wconf 90' lang='lat' dir='ltr'><strong>sint,</strong></span> <span class='ocrx_word' id='word_1_466' title='bbox 2453 2946 2564 2986; x_wconf 89' lang='lat' dir='ltr'>non</span> <span class='ocrx_word' id='word_1_467' title='bbox 2591 2930 2881 3002; x_wconf 87' lang='lat' dir='ltr'><strong>praesentis</strong></span> <span class='ocrx_word' id='word_1_468' title='bbox 2900 2928 3085 3000; x_wconf 87' lang='lat' dir='ltr'><strong>operis</strong></span> <span class='ocrx_word' id='word_1_469' title='bbox 3112 2935 3219 2984; x_wconf 89' lang='lat' dir='ltr'><strong>est.</strong></span> 
     </span>
    </p>
   </div>
   <div class='ocr_carea' id='block_1_60' title="bbox 237 3023 3540 3123">
    <p class='ocr_par' dir='ltr' id='par_1_60' title="bbox 237 3023 3540 3123">
     <span class='ocr_line' id='line_1_60' title="bbox 237 3023 3540 3123; baseline -0.008 -19"><span class='ocrx_word' id='word_1_470' title='bbox 237 3051 439 3123; x_wconf 76' lang='grc' dir='ltr'>καιρὸν</span> <span class='ocrx_word' id='word_1_471' title='bbox 465 3049 564 3104; x_wconf 86' lang='lat'>106</span> <span class='ocrx_word' id='word_1_472' title='bbox 610 3050 814 3115; x_wconf 87' lang='grc' dir='ltr'>πάθους</span> <span class='ocrx_word' id='word_1_473' title='bbox 837 3023 1003 3104; x_wconf 71' lang='grc' dir='ltr'>αὐτοῦ</span> <span class='ocrx_word' id='word_1_474' title='bbox 1037 3044 1393 3111; x_wconf 80' lang='grc' dir='ltr'>ὲ6δελύξαντο</span> <span class='ocrx_word' id='word_1_475' title='bbox 1430 3043 1593 3098; x_wconf 80' lang='grc' dir='ltr'>αὑτὸν</span> <span class='ocrx_word' id='word_1_476' title='bbox 1631 3040 1899 3101; x_wconf 73' lang='grc' dir='ltr'>εἰπόντες⁸</span> <span class='ocrx_word' id='word_1_477' title='bbox 1940 3053 1958 3087; x_wconf 82' lang='grc' dir='ltr'>ι</span> <span class='ocrx_word' id='word_1_478' title='bbox 1982 3033 2097 3087; x_wconf 76' lang='grc' dir='ltr'>Καὶ</span> <span class='ocrx_word' id='word_1_479' title='bbox 2130 3030 2301 3102; x_wconf 81' lang='grc' dir='ltr'>βαρὺς</span> <span class='ocrx_word' id='word_1_480' title='bbox 2326 3032 2458 3102; x_wconf 80' lang='grc' dir='ltr'>ἡμῖν</span> <span class='ocrx_word' id='word_1_481' title='bbox 2482 3031 2599 3082; x_wconf 78' lang='grc' dir='ltr'>ἐστι</span> <span class='ocrx_word' id='word_1_482' title='bbox 2624 3029 2725 3082; x_wconf 63' lang='grc' dir='ltr'>καὶ¹</span> <span class='ocrx_word' id='word_1_483' title='bbox 2757 3026 3107 3098; x_wconf 85' lang='grc' dir='ltr'>βλεπόμενος,</span> <span class='ocrx_word' id='word_1_484' title='bbox 3140 3048 3158 3078; x_wconf 73' lang='grc' dir='ltr'>ι</span> <span class='ocrx_word' id='word_1_485' title='bbox 3193 3024 3306 3079; x_wconf 77' lang='grc' dir='ltr'>ἀλλ’</span> <span class='ocrx_word' id='word_1_486' title='bbox 3336 3023 3414 3077; x_wconf 72' lang='grc' dir='ltr'>ἔτι</span> <span class='ocrx_word' id='word_1_487' title='bbox 3448 3025 3540 3077; x_wconf 72' lang='grc' dir='ltr'>καὶ</span> 
     </span>
    </p>
   </div>
   <div class='ocr_carea' id='block_1_61' title="bbox 236 3121 3539 3221">
    <p class='ocr_par' dir='ltr' id='par_1_61' title="bbox 236 3121 3539 3221">
     <span class='ocr_line' id='line_1_61' title="bbox 236 3121 3539 3221; baseline -0.008 -23"><span class='ocrx_word' id='word_1_488' title='bbox 236 3121 350 3198; x_wconf 79' lang='grc' dir='ltr'>νῦν</span> <span class='ocrx_word' id='word_1_489' title='bbox 372 3144 783 3216; x_wconf 86' lang='grc' dir='ltr'>βδελύσσονται,</span> <span class='ocrx_word' id='word_1_490' title='bbox 813 3141 1331 3216; x_wconf 80' lang='grc' dir='ltr'>ἀνατρέπειν-αὐτοῦ</span> <span class='ocrx_word' id='word_1_491' title='bbox 1378 3140 1477 3213; x_wconf 80' lang='grc' dir='ltr'>τὴν</span> <span class='ocrx_word' id='word_1_492' title='bbox 1510 3136 1859 3193; x_wconf 83' lang='grc' dir='ltr'>διδασκαλίαν</span> <span class='ocrx_word' id='word_1_493' title='bbox 1882 3128 2234 3203; x_wconf 83' lang='grc' dir='ltr'>πειρώμενοι.</span> <span class='ocrx_word' id='word_1_494' title='bbox 2265 3127 2466 3181; x_wconf 75' lang='grc' dir='ltr'>Τοῦτον</span> <span class='ocrx_word' id='word_1_495' title='bbox 2494 3121 2588 3180; x_wconf 78' lang='grc' dir='ltr'>οὖν</span> <span class='ocrx_word' id='word_1_496' title='bbox 2616 3125 2645 3221; x_wconf 66' lang='lat'>6</span> <span class='ocrx_word' id='word_1_497' title='bbox 2676 3123 2882 3192; x_wconf 77' lang='grc' dir='ltr'>Κύριος</span> <span class='ocrx_word' id='word_1_498' title='bbox 2915 3121 3162 3192; x_wconf 74' lang='grc' dir='ltr'>ἁγιάζειν</span> <span class='ocrx_word' id='word_1_499' title='bbox 3191 3123 3539 3195; x_wconf 81' lang='grc' dir='ltr'>προστάττει.</span> 
     </span>
    </p>
   </div>
   <div class='ocr_carea' id='block_1_62' title="bbox 232 3216 3543 3312">
    <p class='ocr_par' dir='ltr' id='par_1_62' title="bbox 232 3216 3543 3312">
     <span class='ocr_line' id='line_1_62' title="bbox 232 3216 3543 3312; baseline -0.008 -19"><span class='ocrx_word' id='word_1_500' title='bbox 232 3244 337 3311; x_wconf 78' lang='grc' dir='ltr'>τὴν</span> <span class='ocrx_word' id='word_1_501' title='bbox 361 3238 586 3304; x_wconf 77' lang='grc' dir='ltr'>ἔνδοξον</span> <span class='ocrx_word' id='word_1_502' title='bbox 614 3240 779 3295; x_wconf 80' lang='grc' dir='ltr'>αὐτοῦ</span> <span class='ocrx_word' id='word_1_503' title='bbox 814 3238 1115 3312; x_wconf 82' lang='grc' dir='ltr'>παρουσίαν</span> <span class='ocrx_word' id='word_1_504' title='bbox 1149 3234 1699 3311; x_wconf 86' lang='grc' dir='ltr'>προσημαίνων.’“’οτι</span> <span class='ocrx_word' id='word_1_505' title='bbox 1723 3233 1779 3286; x_wconf 86' lang='grc' dir='ltr'>δὲ</span> <span class='ocrx_word' id='word_1_506' title='bbox 1810 3229 1937 3300; x_wconf 70' lang='grc' dir='ltr'>περὶ</span> <span class='ocrx_word' id='word_1_507' title='bbox 1961 3227 2059 3298; x_wconf 79' lang='grc' dir='ltr'>τῆς</span> <span class='ocrx_word' id='word_1_508' title='bbox 2079 3225 2138 3292; x_wconf 77' lang='grc' dir='ltr'>ἐξ</span> <span class='ocrx_word' id='word_1_509' title='bbox 2167 3222 2340 3278; x_wconf 70' lang='grc' dir='ltr'>ἐθνῶν</span> <span class='ocrx_word' id='word_1_510' title='bbox 2371 3216 3022 3294; x_wconf 80' lang='grc' dir='ltr'>κλήσεωςπροθεσπίζων</span> <span class='ocrx_word' id='word_1_511' title='bbox 3050 3219 3079 3271; x_wconf 95' lang='lat'>6</span> <span class='ocrx_word' id='word_1_512' title='bbox 3098 3218 3256 3289; x_wconf 89' lang='grc' dir='ltr'>λόγος</span> <span class='ocrx_word' id='word_1_513' title='bbox 3286 3218 3386 3288; x_wconf 85' lang='grc' dir='ltr'>τὴν</span> <span class='ocrx_word' id='word_1_514' title='bbox 3414 3216 3543 3285; x_wconf 71' lang='grc' dir='ltr'>ἑξῆς</span> 
     </span>
    </p>
   </div>
   <div class='ocr_carea' id='block_1_63' title="bbox 233 3307 3546 3413">
    <p class='ocr_par' dir='ltr' id='par_1_63' title="bbox 233 3307 3546 3413">
     <span class='ocr_line' id='line_1_63' title="bbox 233 3307 3546 3413; baseline -0.008 -26"><span class='ocrx_word' id='word_1_515' title='bbox 233 3307 506 3405; x_wconf 66' lang='grc' dir='ltr'>ἐπιφέρει</span> <span class='ocrx_word' id='word_1_516' title='bbox 536 3307 1019 3405; x_wconf 43' lang='grc' dir='ltr'>προφητείανξτὴν</span> <span class='ocrx_word' id='word_1_517' title='bbox 1043 3332 1150 3386; x_wconf 85' lang='grc' dir='ltr'>ἀπὸ</span> <span class='ocrx_word' id='word_1_518' title='bbox 1178 3307 1294 3385; x_wconf 78' lang='grc' dir='ltr'>τοῦ·</span> <span class='ocrx_word' id='word_1_519' title='bbox 1380 3327 1600 3382; x_wconf 89' lang='grc' dir='ltr'>Ἕδωκά</span> <span class='ocrx_word' id='word_1_520' title='bbox 1629 3343 1689 3379; x_wconf 90' lang='grc' dir='ltr'>σε</span> <span class='ocrx_word' id='word_1_521' title='bbox 1721 3326 1800 3387; x_wconf 79' lang='grc' dir='ltr'>εἰς</span> <span class='ocrx_word' id='word_1_522' title='bbox 1817 3323 2085 3413; x_wconf 73' lang='grc' dir='ltr'>διαθήκην</span> <span class='ocrx_word' id='word_1_523' title='bbox 2116 3316 2309 3379; x_wconf 75' lang='grc' dir='ltr'>ἐθνῶν,</span> <span class='ocrx_word' id='word_1_524' title='bbox 2340 3335 2360 3368; x_wconf 73' lang='grc' dir='ltr'>ι</span> <span class='ocrx_word' id='word_1_525' title='bbox 2387 3314 2568 3369; x_wconf 75' lang='grc' dir='ltr'>καὶτὰ</span> <span class='ocrx_word' id='word_1_526' title='bbox 2595 3314 2743 3386; x_wconf 80' lang='grc' dir='ltr'>ἑξῆς,</span> <span class='ocrx_word' id='word_1_527' title='bbox 2766 3316 2910 3387; x_wconf 76' lang='grc' dir='ltr'>άπερ</span> <span class='ocrx_word' id='word_1_528' title='bbox 2935 3311 3213 3367; x_wconf 83' lang='grc' dir='ltr'>ὲπιπλεῖον</span> <span class='ocrx_word' id='word_1_529' title='bbox 3236 3307 3546 3380; x_wconf 71' lang='grc' dir='ltr'>βασανίζειν</span> 
     </span>
    </p>
   </div>
   <div class='ocr_carea' id='block_1_64' title="bbox 233 3407 3417 3503">
    <p class='ocr_par' dir='ltr' id='par_1_64' title="bbox 233 3407 3417 3503">
     <span class='ocr_line' id='line_1_64' title="bbox 233 3407 3417 3503; baseline -0.008 -19"><span class='ocrx_word' id='word_1_530' title='bbox 233 3420 749 3503; x_wconf 67' lang='grc' dir='ltr'>πνευματικώτερα</span> <span class='ocrx_word' id='word_1_531' title='bbox 771 3429 920 3494; x_wconf 74' lang='grc' dir='ltr'>ὄντα,</span> <span class='ocrx_word' id='word_1_532' title='bbox 945 3441 1039 3483; x_wconf 81' lang='grc' dir='ltr'>και</span> <span class='ocrx_word' id='word_1_533' title='bbox 1066 3429 1205 3483; x_wconf 73' lang='grc' dir='ltr'>κατὰ</span> <span class='ocrx_word' id='word_1_534' title='bbox 1239 3428 1408 3500; x_wconf 89' lang='grc' dir='ltr'>μόνην</span> <span class='ocrx_word' id='word_1_535' title='bbox 1433 3425 1671 3479; x_wconf 87' lang='grc' dir='ltr'>διάνοιαν</span> <span class='ocrx_word' id='word_1_536' title='bbox 1697 3407 2082 3489; x_wconf 75' lang='grc' dir='ltr'>ἀποδιδόμενα,</span> <span class='ocrx_word' id='word_1_537' title='bbox 2118 3413 2180 3467; x_wconf 88' lang='grc' dir='ltr'>ού</span> <span class='ocrx_word' id='word_1_538' title='bbox 2211 3414 2314 3486; x_wconf 81' lang='grc' dir='ltr'>τῆς</span> <span class='ocrx_word' id='word_1_539' title='bbox 2341 3411 2625 3484; x_wconf 81' lang='grc' dir='ltr'>παρούσης</span> <span class='ocrx_word' id='word_1_540' title='bbox 2657 3411 3040 3483; x_wconf 82' lang='grc' dir='ltr'>πραγματείας</span> <span class='ocrx_word' id='word_1_541' title='bbox 3072 3407 3349 3477; x_wconf 85' lang='grc' dir='ltr'>τυγχάνει.</span> <span class='ocrx_word' id='word_1_542' title='bbox 3412 3410 3417 3417; x_wconf 80' lang='grc'><strong>’</strong></span> 
     </span>
    </p>
   </div>
   <div class='ocr_carea' id='block_1_65' title="bbox 777 3545 1321 3600">
    <p class='ocr_par' dir='ltr' id='par_1_65' title="bbox 777 3545 1321 3600">
     <span class='ocr_line' id='line_1_65' title="bbox 777 3545 1321 3600; baseline -0.002 0"><span class='ocrx_word' id='word_1_543' title='bbox 777 3545 1175 3600; x_wconf 78' lang='grc' dir='ltr'>ΚΕΦΑΛΑΙΟΝ</span> <span class='ocrx_word' id='word_1_544' title='bbox 1198 3545 1321 3599; x_wconf 83' lang='grc' dir='ltr'>ΚΕ’.</span> 
     </span>
    </p>
   </div>
   <div class='ocr_carea' id='block_1_66' title="bbox 310 3629 1870 3710">
    <p class='ocr_par' dir='ltr' id='par_1_66' title="bbox 310 3629 1870 3710">
     <span class='ocr_line' id='line_1_66' title="bbox 310 3629 1870 3710; baseline -0.007 -17"><span class='ocrx_word' id='word_1_545' title='bbox 310 3661 331 3693; x_wconf 85' lang='grc'><em>‹</em></span> <span class='ocrx_word' id='word_1_546' title='bbox 369 3640 577 3703; x_wconf 76' lang='grc' dir='ltr'>Οὕτως</span> <span class='ocrx_word' id='word_1_547' title='bbox 608 3638 755 3709; x_wconf 81' lang='grc' dir='ltr'>λέγει</span> <span class='ocrx_word' id='word_1_548' title='bbox 785 3639 991 3710; x_wconf 81' lang='grc' dir='ltr'>Κύριος</span> <span class='ocrx_word' id='word_1_549' title='bbox 1014 3657 1027 3670; x_wconf 76' lang='grc' dir='ltr'><strong>ο</strong></span> <span class='ocrx_word' id='word_1_550' title='bbox 1065 3639 1222 3691; x_wconf 84' lang='grc' dir='ltr'>Ποῖον</span> <span class='ocrx_word' id='word_1_551' title='bbox 1249 3637 1409 3690; x_wconf 82' lang='grc' dir='ltr'>τοῦτο</span> <span class='ocrx_word' id='word_1_552' title='bbox 1436 3635 1499 3691; x_wconf 87' lang='lat'>16</span> <span class='ocrx_word' id='word_1_553' title='bbox 1522 3633 1726 3706; x_wconf 80' lang='grc' dir='ltr'>βιϐλίον</span> <span class='ocrx_word' id='word_1_554' title='bbox 1752 3629 1870 3684; x_wconf 81' lang='lat'><strong>106.</strong></span> 
     </span>
    </p>
   </div>
   <div class='ocr_carea' id='block_1_67' title="bbox 227 3723 1847 3803">
    <p class='ocr_par' dir='ltr' id='par_1_67' title="bbox 227 3723 1847 3803">
     <span class='ocr_line' id='line_1_67' title="bbox 227 3723 1847 3803; baseline -0.007 -17"><span class='ocrx_word' id='word_1_555' title='bbox 227 3732 589 3788; x_wconf 74' lang='grc' dir='ltr'>ἀποστασίου</span> <span class='ocrx_word' id='word_1_556' title='bbox 614 3732 712 3803; x_wconf 76' lang='grc' dir='ltr'>τῆς</span> <span class='ocrx_word' id='word_1_557' title='bbox 733 3731 938 3803; x_wconf 72' lang='grc' dir='ltr'>μητρὸς</span> <span class='ocrx_word' id='word_1_558' title='bbox 963 3730 1137 3802; x_wconf 83' lang='grc' dir='ltr'>ὑμῶν,</span> <span class='ocrx_word' id='word_1_559' title='bbox 1168 3723 1213 3797; x_wconf 84' lang='grc' dir='ltr'>ᾧ</span> <span class='ocrx_word' id='word_1_560' title='bbox 1246 3726 1605 3796; x_wconf 80' lang='grc' dir='ltr'>ὲξαπέστειλα</span> <span class='ocrx_word' id='word_1_561' title='bbox 1632 3724 1805 3794; x_wconf 81' lang='grc' dir='ltr'>αὑτήν</span> <span class='ocrx_word' id='word_1_562' title='bbox 1831 3739 1847 3788; x_wconf 90' lang='grc'>;</span> 
     </span>
    </p>
   </div>
   <div class='ocr_carea' id='block_1_68' title="bbox 226 3818 1850 3897">
    <p class='ocr_par' dir='ltr' id='par_1_68' title="bbox 226 3818 1850 3897">
     <span class='ocr_line' id='line_1_68' title="bbox 226 3818 1850 3897; baseline -0.006 -18"><span class='ocrx_word' id='word_1_563' title='bbox 226 3826 260 3897; x_wconf 78' lang='grc' dir='ltr'>ἤ</span> <span class='ocrx_word' id='word_1_564' title='bbox 297 3825 411 3879; x_wconf 88' lang='grc' dir='ltr'>τίνι</span> <span class='ocrx_word' id='word_1_565' title='bbox 444 3826 476 3878; x_wconf 89' lang='lat'>6</span> <span class='ocrx_word' id='word_1_566' title='bbox 496 3824 715 3895; x_wconf 80' lang='grc' dir='ltr'>πόχρεῳ</span> <span class='ocrx_word' id='word_1_567' title='bbox 738 3824 997 3895; x_wconf 88' lang='grc' dir='ltr'>πέπρακα</span> <span class='ocrx_word' id='word_1_568' title='bbox 1023 3824 1201 3893; x_wconf 77' lang='grc' dir='ltr'>ύμᾶςς</span> <span class='ocrx_word' id='word_1_569' title='bbox 1247 3821 1378 3876; x_wconf 87' lang='grc' dir='ltr'>Ἰδοὺ</span> <span class='ocrx_word' id='word_1_570' title='bbox 1405 3824 1524 3884; x_wconf 87' lang='grc' dir='ltr'>ταῖς</span> <span class='ocrx_word' id='word_1_571' title='bbox 1554 3818 1850 3891; x_wconf 80' lang='grc' dir='ltr'>ἁμαρτίαις</span> 
     </span>
    </p>
   </div>
   <div class='ocr_carea' id='block_1_69' title="bbox 227 3909 1854 3991">
    <p class='ocr_par' dir='ltr' id='par_1_69' title="bbox 227 3909 1854 3991">
     <span class='ocr_line' id='line_1_69' title="bbox 227 3909 1854 3991; baseline -0.004 -20"><span class='ocrx_word' id='word_1_572' title='bbox 227 3918 392 3991; x_wconf 81' lang='grc' dir='ltr'>ὑμῶν</span> <span class='ocrx_word' id='word_1_573' title='bbox 429 3915 747 3987; x_wconf 81' lang='grc' dir='ltr'>ὲττράθητε,</span> <span class='ocrx_word' id='word_1_574' title='bbox 785 3916 877 3969; x_wconf 76' lang='grc' dir='ltr'>καὶ</span> <span class='ocrx_word' id='word_1_575' title='bbox 900 3918 1018 3978; x_wconf 83' lang='grc' dir='ltr'>ταῖς</span> <span class='ocrx_word' id='word_1_576' title='bbox 1041 3914 1292 3985; x_wconf 87' lang='grc' dir='ltr'>ἀνομίαις</span> <span class='ocrx_word' id='word_1_577' title='bbox 1319 3912 1472 3984; x_wconf 83' lang='grc' dir='ltr'>ὑμῶν</span> <span class='ocrx_word' id='word_1_578' title='bbox 1496 3909 1854 3976; x_wconf 76' lang='grc' dir='ltr'>ἐξαπέστειλα</span> 
     </span>
    </p>
   </div>
   <div class='ocr_carea' id='block_1_70' title="bbox 224 4002 1853 4085">
    <p class='ocr_par' dir='ltr' id='par_1_70' title="bbox 224 4002 1853 4085">
     <span class='ocr_line' id='line_1_70' title="bbox 224 4002 1853 4085; baseline -0.006 -20"><span class='ocrx_word' id='word_1_579' title='bbox 224 4013 330 4085; x_wconf 80' lang='grc' dir='ltr'>τὴν</span> <span class='ocrx_word' id='word_1_580' title='bbox 370 4008 604 4084; x_wconf 79' lang='grc' dir='ltr'>μητέρα</span> <span class='ocrx_word' id='word_1_581' title='bbox 625 4008 806 4080; x_wconf 78' lang='grc' dir='ltr'>ὑμῶν’</span> <span class='ocrx_word' id='word_1_582' title='bbox 841 4007 976 4060; x_wconf 83' lang='grc' dir='ltr'>διότι</span> <span class='ocrx_word' id='word_1_583' title='bbox 1001 4004 1186 4079; x_wconf 77' lang='grc' dir='ltr'>ἦλθον,</span> <span class='ocrx_word' id='word_1_584' title='bbox 1208 4008 1304 4061; x_wconf 74' lang='grc' dir='ltr'>καὶ</span> <span class='ocrx_word' id='word_1_585' title='bbox 1338 4007 1438 4060; x_wconf 79' lang='grc' dir='ltr'>οὐκ</span> <span class='ocrx_word' id='word_1_586' title='bbox 1469 4002 1853 4077; x_wconf 67' lang='grc' dir='ltr'>ἦνσᾶνθρωπος</span> 
     </span>
    </p>
   </div>
   <div class='ocr_carea' id='block_1_71' title="bbox 230 4093 1851 4169">
    <p class='ocr_par' dir='ltr' id='par_1_71' title="bbox 230 4093 1851 4169">
     <span class='ocr_line' id='line_1_71' title="bbox 230 4093 1851 4169; baseline -0.005 -15"><span class='ocrx_word' id='word_1_587' title='bbox 230 4103 262 4153; x_wconf 84' lang='grc' dir='ltr'><strong>ὁ</strong></span> <span class='ocrx_word' id='word_1_588' title='bbox 291 4097 610 4154; x_wconf 79' lang='grc' dir='ltr'>ὑπακούων</span> <span class='ocrx_word' id='word_1_589' title='bbox 634 4110 648 4125; x_wconf 79' lang='grc'><strong><em>⁸</em></strong></span> <span class='ocrx_word' id='word_1_590' title='bbox 691 4097 764 4168; x_wconf 85' lang='grc' dir='ltr'>μὴ</span> <span class='ocrx_word' id='word_1_591' title='bbox 792 4098 896 4150; x_wconf 80' lang='grc' dir='ltr'>οὐκ</span> <span class='ocrx_word' id='word_1_592' title='bbox 922 4096 1096 4167; x_wconf 81' lang='grc' dir='ltr'>ἰσχύει</span> <span class='ocrx_word' id='word_1_593' title='bbox 1121 4099 1154 4169; x_wconf 82' lang='grc' dir='ltr'>ὴ</span> <span class='ocrx_word' id='word_1_594' title='bbox 1181 4097 1302 4168; x_wconf 89' lang='grc' dir='ltr'>χείρ</span> <span class='ocrx_word' id='word_1_595' title='bbox 1323 4113 1423 4167; x_wconf 83' lang='grc' dir='ltr'>μου</span> <span class='ocrx_word' id='word_1_596' title='bbox 1437 4095 1531 4150; x_wconf 87' lang='lat'>106</span> <span class='ocrx_word' id='word_1_597' title='bbox 1550 4093 1851 4167; x_wconf 80' lang='grc' dir='ltr'>ῥύσασθαι;</span> 
     </span>
    </p>
   </div>
   <div class='ocr_carea' id='block_1_72' title="bbox 233 4185 1852 4264">
    <p class='ocr_par' dir='ltr' id='par_1_72' title="bbox 233 4185 1852 4264">
     <span class='ocr_line' id='line_1_72' title="bbox 233 4185 1852 4264; baseline -0.004 -18"><span class='ocrx_word' id='word_1_598' title='bbox 233 4194 270 4264; x_wconf 78' lang='grc' dir='ltr'><strong>ἢ</strong></span> <span class='ocrx_word' id='word_1_599' title='bbox 313 4193 423 4246; x_wconf 74' lang='grc' dir='ltr'>οὐκ</span> <span class='ocrx_word' id='word_1_600' title='bbox 456 4188 636 4261; x_wconf 74' lang='grc' dir='ltr'>ἰσχύει</span> <span class='ocrx_word' id='word_1_601' title='bbox 700 4188 792 4242; x_wconf 90' lang='lat'>106</span> <span class='ocrx_word' id='word_1_602' title='bbox 850 4187 1129 4255; x_wconf 72' lang='grc' dir='ltr'>ἐξελέσθαι</span> <span class='ocrx_word' id='word_1_603' title='bbox 1156 4205 1171 4254; x_wconf 87' lang='lat'><strong>;</strong></span> <span class='ocrx_word' id='word_1_604' title='bbox 1226 4187 1357 4242; x_wconf 80' lang='grc' dir='ltr'>Ἰδοὺ</span> <span class='ocrx_word' id='word_1_605' title='bbox 1387 4186 1469 4258; x_wconf 81' lang='grc' dir='ltr'>τῷ</span> <span class='ocrx_word' id='word_1_606' title='bbox 1498 4185 1716 4257; x_wconf 83' lang='grc' dir='ltr'>ὲλεγμῷ</span> <span class='ocrx_word' id='word_1_607' title='bbox 1749 4204 1852 4257; x_wconf 84' lang='grc' dir='ltr'>μου</span> 
     </span>
    </p>
   </div>
   <div class='ocr_carea' id='block_1_73' title="bbox 234 4278 1857 4358">
    <p class='ocr_par' dir='ltr' id='par_1_73' title="bbox 234 4278 1857 4358">
     <span class='ocr_line' id='line_1_73' title="bbox 234 4278 1857 4358; baseline -0.006 -20"><span class='ocrx_word' id='word_1_608' title='bbox 234 4280 596 4358; x_wconf 68' lang='grc' dir='ltr'>ἰξερημώσω</span> <span class='ocrx_word' id='word_1_609' title='bbox 628 4281 727 4351; x_wconf 81' lang='grc' dir='ltr'>τὴν</span> <span class='ocrx_word' id='word_1_610' title='bbox 766 4280 1059 4346; x_wconf 89' lang='grc' dir='ltr'>θάλασσαν,</span> <span class='ocrx_word' id='word_1_611' title='bbox 1095 4280 1190 4335; x_wconf 77' lang='grc' dir='ltr'>καὶ</span> <span class='ocrx_word' id='word_1_612' title='bbox 1245 4278 1395 4351; x_wconf 82' lang='grc' dir='ltr'>θήσω</span> <span class='ocrx_word' id='word_1_613' title='bbox 1428 4279 1707 4349; x_wconf 81' lang='grc' dir='ltr'>ποταμοὺς</span> <span class='ocrx_word' id='word_1_614' title='bbox 1734 4278 1857 4349; x_wconf 77' lang='grc' dir='ltr'>ἐρή-</span> 
     </span>
    </p>
   </div>
   <div class='ocr_carea' id='block_1_74' title="bbox 236 4368 1852 4449">
    <p class='ocr_par' dir='ltr' id='par_1_74' title="bbox 236 4368 1852 4449">
     <span class='ocr_line' id='line_1_74' title="bbox 236 4368 1852 4449; baseline -0.006 -19"><span class='ocrx_word' id='word_1_615' title='bbox 236 4394 408 4449; x_wconf 85' lang='grc' dir='ltr'>μους,</span> <span class='ocrx_word' id='word_1_616' title='bbox 470 4375 572 4428; x_wconf 78' lang='grc' dir='ltr'>καὶ</span> <span class='ocrx_word' id='word_1_617' title='bbox 614 4371 1042 4445; x_wconf 85' lang='grc' dir='ltr'>ξηρανθήσονται</span> <span class='ocrx_word' id='word_1_618' title='bbox 1096 4375 1146 4424; x_wconf 76' lang='grc' dir='ltr'>οἱ</span> <span class='ocrx_word' id='word_1_619' title='bbox 1186 4370 1368 4441; x_wconf 85' lang='grc' dir='ltr'>ἰχθύες</span> <span class='ocrx_word' id='word_1_620' title='bbox 1422 4369 1603 4423; x_wconf 75' lang='grc' dir='ltr'>αὐτῶν</span> <span class='ocrx_word' id='word_1_621' title='bbox 1634 4369 1741 4424; x_wconf 83' lang='grc' dir='ltr'>ἀπὸ</span> <span class='ocrx_word' id='word_1_622' title='bbox 1759 4368 1852 4421; x_wconf 80' lang='grc' dir='ltr'>τοῦ</span> 
     </span>
    </p>
   </div>
   <div class='ocr_carea' id='block_1_75' title="bbox 236 4461 1856 4541">
    <p class='ocr_par' dir='ltr' id='par_1_75' title="bbox 236 4461 1856 4541">
     <span class='ocr_line' id='line_1_75' title="bbox 236 4461 1856 4541; baseline -0.006 -19"><span class='ocrx_word' id='word_1_623' title='bbox 236 4469 317 4541; x_wconf 83' lang='grc' dir='ltr'>μὴ</span> <span class='ocrx_word' id='word_1_624' title='bbox 351 4464 507 4522; x_wconf 79' lang='grc' dir='ltr'>εἶναι</span> <span class='ocrx_word' id='word_1_625' title='bbox 539 4463 707 4535; x_wconf 75' lang='grc' dir='ltr'>ὕδωρ,</span> <span class='ocrx_word' id='word_1_626' title='bbox 761 4466 856 4518; x_wconf 68' lang='grc' dir='ltr'>καὶ</span> <span class='ocrx_word' id='word_1_627' title='bbox 882 4463 1283 4518; x_wconf 79' lang='grc' dir='ltr'>ἀποθανοῦνται</span> <span class='ocrx_word' id='word_1_628' title='bbox 1325 4466 1384 4517; x_wconf 85' lang='grc' dir='ltr'>ὲν</span> <span class='ocrx_word' id='word_1_629' title='bbox 1415 4461 1580 4533; x_wconf 68' lang='grc' dir='ltr'>δίψει.</span> <span class='ocrx_word' id='word_1_630' title='bbox 1624 4461 1856 4514; x_wconf 85' lang='grc' dir='ltr'>Ἐνδύσω</span> 
     </span>
    </p>
   </div>
   <div class='ocr_carea' id='block_1_76' title="bbox 229 4553 1858 4630">
    <p class='ocr_par' dir='ltr' id='par_1_76' title="bbox 229 4553 1858 4630">
     <span class='ocr_line' id='line_1_76' title="bbox 229 4553 1858 4630; baseline -0.004 -17"><span class='ocrx_word' id='word_1_631' title='bbox 229 4561 331 4613; x_wconf 83' lang='grc' dir='ltr'>τὸν</span> <span class='ocrx_word' id='word_1_632' title='bbox 358 4556 606 4630; x_wconf 81' lang='grc' dir='ltr'>οὐρανὸν</span> <span class='ocrx_word' id='word_1_633' title='bbox 641 4556 851 4620; x_wconf 89' lang='grc' dir='ltr'>σκότος,</span> <span class='ocrx_word' id='word_1_634' title='bbox 885 4557 980 4609; x_wconf 81' lang='grc' dir='ltr'>καὶ</span> <span class='ocrx_word' id='word_1_635' title='bbox 1015 4557 1091 4619; x_wconf 86' lang='grc' dir='ltr'>ὡς</span> <span class='ocrx_word' id='word_1_636' title='bbox 1124 4555 1326 4611; x_wconf 82' lang='grc' dir='ltr'>σάκκον</span> <span class='ocrx_word' id='word_1_637' title='bbox 1358 4555 1508 4625; x_wconf 81' lang='grc' dir='ltr'>θήσω</span> <span class='ocrx_word' id='word_1_638' title='bbox 1539 4554 1602 4607; x_wconf 83' lang='grc' dir='ltr'>τὸ</span> <span class='ocrx_word' id='word_1_639' title='bbox 1636 4553 1858 4625; x_wconf 77' lang='grc' dir='ltr'>περιϐό-</span> 
     </span>
    </p>
   </div>
   <div class='ocr_carea' id='block_1_77' title="bbox 230 4642 1858 4716">
    <p class='ocr_par' dir='ltr' id='par_1_77' title="bbox 230 4642 1858 4716">
     <span class='ocr_line' id='line_1_77' title="bbox 230 4642 1858 4716; baseline -0.004 -15"><span class='ocrx_word' id='word_1_640' title='bbox 230 4650 399 4702; x_wconf 87' lang='grc' dir='ltr'>λαιον</span> <span class='ocrx_word' id='word_1_641' title='bbox 438 4645 635 4701; x_wconf 79' lang='grc' dir='ltr'>αὐτοῦ.</span> <span class='ocrx_word' id='word_1_642' title='bbox 670 4643 871 4716; x_wconf 86' lang='grc' dir='ltr'>Κύριος</span> <span class='ocrx_word' id='word_1_643' title='bbox 902 4643 1107 4714; x_wconf 82' lang='grc' dir='ltr'>Κύριος</span> <span class='ocrx_word' id='word_1_644' title='bbox 1137 4642 1319 4696; x_wconf 87' lang='grc' dir='ltr'>δίδωσί</span> <span class='ocrx_word' id='word_1_645' title='bbox 1352 4661 1440 4714; x_wconf 79' lang='grc' dir='ltr'>μοι</span> <span class='ocrx_word' id='word_1_646' title='bbox 1466 4642 1714 4712; x_wconf 83' lang='grc' dir='ltr'>γλῶσσαν</span> <span class='ocrx_word' id='word_1_647' title='bbox 1737 4660 1858 4695; x_wconf 87' lang='grc' dir='ltr'>παι.</span> 
     </span>
    </p>
   </div>
   <div class='ocr_carea' id='block_1_78' title="bbox 228 4735 1857 4808">
    <p class='ocr_par' dir='ltr' id='par_1_78' title="bbox 228 4735 1857 4808">
     <span class='ocr_line' id='line_1_78' title="bbox 228 4735 1857 4808; baseline -0.006 -12"><span class='ocrx_word' id='word_1_648' title='bbox 228 4741 421 4805; x_wconf 84' lang='grc' dir='ltr'>δείας,</span> <span class='ocrx_word' id='word_1_649' title='bbox 465 4737 567 4792; x_wconf 88' lang='lat'>106</span> <span class='ocrx_word' id='word_1_650' title='bbox 600 4737 804 4806; x_wconf 84' lang='grc' dir='ltr'>γνῶναι</span> <span class='ocrx_word' id='word_1_651' title='bbox 827 4736 988 4808; x_wconf 82' lang='grc' dir='ltr'>ήνίκα</span> <span class='ocrx_word' id='word_1_652' title='bbox 1018 4736 1099 4789; x_wconf 82' lang='grc' dir='ltr'>δεῖ</span> <span class='ocrx_word' id='word_1_653' title='bbox 1139 4738 1315 4789; x_wconf 86' lang='grc' dir='ltr'>εἰπεῖν</span> <span class='ocrx_word' id='word_1_654' title='bbox 1356 4735 1512 4804; x_wconf 83' lang='grc' dir='ltr'>λόγον</span> <span class='ocrx_word' id='word_1_655' title='bbox 1533 4753 1546 4767; x_wconf 73' lang='grc' dir='ltr'><strong>ο</strong></span> <span class='ocrx_word' id='word_1_656' title='bbox 1579 4735 1743 4805; x_wconf 79' lang='grc' dir='ltr'>έθηκὲ</span> <span class='ocrx_word' id='word_1_657' title='bbox 1767 4752 1857 4805; x_wconf 88' lang='grc' dir='ltr'>μοι</span> 
     </span>
    </p>
   </div>
   <div class='ocr_carea' id='block_1_79' title="bbox 232 4827 1857 4906">
    <p class='ocr_par' dir='ltr' id='par_1_79' title="bbox 232 4827 1857 4906">
     <span class='ocr_line' id='line_1_79' title="bbox 232 4827 1857 4906; baseline -0.006 -18"><span class='ocrx_word' id='word_1_658' title='bbox 232 4834 417 4906; x_wconf 68' lang='grc' dir='ltr'>πρωῒ,</span> <span class='ocrx_word' id='word_1_659' title='bbox 446 4829 601 4903; x_wconf 76' lang='grc' dir='ltr'>πρωῒ</span> <span class='ocrx_word' id='word_1_660' title='bbox 639 4828 943 4902; x_wconf 84' lang='grc' dir='ltr'>προσέθηκέ</span> <span class='ocrx_word' id='word_1_661' title='bbox 994 4845 1084 4894; x_wconf 87' lang='grc' dir='ltr'>μοι</span> <span class='ocrx_word' id='word_1_662' title='bbox 1105 4828 1264 4881; x_wconf 83' lang='grc' dir='ltr'>ὠτίον</span> <span class='ocrx_word' id='word_1_663' title='bbox 1280 4827 1519 4891; x_wconf 84' lang='grc' dir='ltr'>ἀκούειν,</span> <span class='ocrx_word' id='word_1_664' title='bbox 1542 4829 1636 4881; x_wconf 84' lang='grc' dir='ltr'>καί</span> <span class='ocrx_word' id='word_1_665' title='bbox 1666 4828 1698 4897; x_wconf 84' lang='grc' dir='ltr'>ἡ</span> <span class='ocrx_word' id='word_1_666' title='bbox 1732 4845 1857 4880; x_wconf 88' lang='grc' dir='ltr'>παι-</span> 
     </span>
    </p>
   </div>
   <div class='ocr_carea' id='block_1_80' title="bbox 227 4903 1929 4994">
    <p class='ocr_par' dir='ltr' id='par_1_80' title="bbox 227 4903 1929 4994">
     <span class='ocr_line' id='line_1_80' title="bbox 227 4903 1929 4994; baseline -0.007 -13"><span class='ocrx_word' id='word_1_667' title='bbox 227 4927 357 4981; x_wconf 87' lang='grc' dir='ltr'>δεία</span> <span class='ocrx_word' id='word_1_668' title='bbox 386 4923 608 4994; x_wconf 79' lang='grc' dir='ltr'>Κυρίου</span> <span class='ocrx_word' id='word_1_669' title='bbox 631 4922 835 4990; x_wconf 85' lang='grc' dir='ltr'>ἀνοίγει</span> <span class='ocrx_word' id='word_1_670' title='bbox 868 4938 968 4991; x_wconf 79' lang='grc' dir='ltr'>μου</span> <span class='ocrx_word' id='word_1_671' title='bbox 997 4920 1069 4973; x_wconf 79' lang='grc' dir='ltr'>τὰ</span> <span class='ocrx_word' id='word_1_672' title='bbox 1091 4913 1223 4973; x_wconf 79' lang='grc' dir='ltr'>ὦτα.</span> <span class='ocrx_word' id='word_1_673' title='bbox 1263 4917 1405 4988; x_wconf 82' lang='grc' dir='ltr'>Ἐγὼ</span> <span class='ocrx_word' id='word_1_674' title='bbox 1420 4918 1478 4973; x_wconf 87' lang='grc' dir='ltr'>δὲ</span> <span class='ocrx_word' id='word_1_675' title='bbox 1510 4919 1610 4972; x_wconf 77' lang='grc' dir='ltr'>οὐκ</span> <span class='ocrx_word' id='word_1_676' title='bbox 1642 4917 1854 4973; x_wconf 84' lang='grc' dir='ltr'>ἀπειθῶ</span> <span class='ocrx_word' id='word_1_677' title='bbox 1888 4903 1929 4957; x_wconf 82' lang='lat' dir='ltr'>D</span> 
     </span>
    </p>
   </div>
   <div class='ocr_carea' id='block_1_81' title="bbox 230 5008 1854 5080">
    <p class='ocr_par' dir='ltr' id='par_1_81' title="bbox 230 5008 1854 5080">
     <span class='ocr_line' id='line_1_81' title="bbox 230 5008 1854 5080; baseline -0.012 -4"><span class='ocrx_word' id='word_1_678' title='bbox 230 5015 367 5070; x_wconf 79' lang='grc' dir='ltr'>οὐδὲ</span> <span class='ocrx_word' id='word_1_679' title='bbox 414 5010 692 5079; x_wconf 79' lang='grc' dir='ltr'>ἀντιλέγω</span> <span class='ocrx_word' id='word_1_680' title='bbox 715 5028 728 5041; x_wconf 87' lang='grc'><strong>·</strong></span> <span class='ocrx_word' id='word_1_681' title='bbox 762 5010 853 5064; x_wconf 82' lang='grc' dir='ltr'>τὸν</span> <span class='ocrx_word' id='word_1_682' title='bbox 904 5010 1069 5063; x_wconf 84' lang='grc' dir='ltr'>νῶτόν</span> <span class='ocrx_word' id='word_1_683' title='bbox 1117 5027 1216 5080; x_wconf 89' lang='grc' dir='ltr'>μου</span> <span class='ocrx_word' id='word_1_684' title='bbox 1246 5008 1421 5062; x_wconf 78' lang='grc' dir='ltr'>ἔδωκα</span> <span class='ocrx_word' id='word_1_685' title='bbox 1452 5011 1533 5072; x_wconf 86' lang='grc' dir='ltr'>εἰς</span> <span class='ocrx_word' id='word_1_686' title='bbox 1565 5009 1854 5077; x_wconf 82' lang='grc' dir='ltr'>μάστιγας,</span> 
     </span>
    </p>
   </div>
   <div class='ocr_carea' id='block_1_82' title="bbox 227 5099 1855 5173">
    <p class='ocr_par' dir='ltr' id='par_1_82' title="bbox 227 5099 1855 5173">
     <span class='ocr_line' id='line_1_82' title="bbox 227 5099 1855 5173; baseline -0.005 -12"><span class='ocrx_word' id='word_1_687' title='bbox 227 5107 340 5169; x_wconf 79' lang='grc' dir='ltr'>τὰς</span> <span class='ocrx_word' id='word_1_688' title='bbox 406 5104 471 5158; x_wconf 85' lang='grc' dir='ltr'>δὲ</span> <span class='ocrx_word' id='word_1_689' title='bbox 512 5103 780 5171; x_wconf 72' lang='grc' dir='ltr'>σιαγόνας.</span> <span class='ocrx_word' id='word_1_690' title='bbox 813 5118 915 5172; x_wconf 88' lang='grc' dir='ltr'>μου</span> <span class='ocrx_word' id='word_1_691' title='bbox 950 5104 1028 5165; x_wconf 88' lang='grc' dir='ltr'>εἰς</span> <span class='ocrx_word' id='word_1_692' title='bbox 1061 5102 1405 5173; x_wconf 76' lang='grc' dir='ltr'>ῥαπίσματα,</span> <span class='ocrx_word' id='word_1_693' title='bbox 1461 5101 1522 5153; x_wconf 83' lang='lat'>16</span> <span class='ocrx_word' id='word_1_694' title='bbox 1577 5099 1636 5153; x_wconf 83' lang='grc' dir='ltr'>δὲ</span> <span class='ocrx_word' id='word_1_695' title='bbox 1683 5100 1855 5172; x_wconf 83' lang='grc' dir='ltr'>πρόσ-</span> 
     </span>
    </p>
   </div>
   <div class='ocr_carea' id='block_1_83' title="bbox 224 5192 1849 5266">
    <p class='ocr_par' dir='ltr' id='par_1_83' title="bbox 224 5192 1849 5266">
     <span class='ocr_line' id='line_1_83' title="bbox 224 5192 1849 5266; baseline -0.004 -14"><span class='ocrx_word' id='word_1_696' title='bbox 224 5199 396 5252; x_wconf 80' lang='grc' dir='ltr'>ωπόν</span> <span class='ocrx_word' id='word_1_697' title='bbox 420 5211 535 5266; x_wconf 88' lang='grc' dir='ltr'>μου</span> <span class='ocrx_word' id='word_1_698' title='bbox 557 5195 656 5248; x_wconf 80' lang='grc' dir='ltr'>οὐκ</span> <span class='ocrx_word' id='word_1_699' title='bbox 673 5192 996 5266; x_wconf 66' lang='grc' dir='ltr'>ἀπέστρεψεν.</span> <span class='ocrx_word' id='word_1_700' title='bbox 1018 5194 1124 5248; x_wconf 81' lang='grc' dir='ltr'>ἀπὸ</span> <span class='ocrx_word' id='word_1_701' title='bbox 1141 5194 1401 5264; x_wconf 74' lang='grc' dir='ltr'>αἰσχύνης</span> <span class='ocrx_word' id='word_1_702' title='bbox 1423 5192 1849 5263; x_wconf 83' lang='grc' dir='ltr'>ὲμπτυσμάτων·</span> 
     </span>
    </p>
   </div>
   <div class='ocr_carea' id='block_1_84' title="bbox 225 5283 1856 5359">
    <p class='ocr_par' dir='ltr' id='par_1_84' title="bbox 225 5283 1856 5359">
     <span class='ocr_line' id='line_1_84' title="bbox 225 5283 1856 5359; baseline -0.007 -12"><span class='ocrx_word' id='word_1_703' title='bbox 225 5290 333 5347; x_wconf 72' lang='grc' dir='ltr'>καὶ</span> <span class='ocrx_word' id='word_1_704' title='bbox 372 5287 598 5359; x_wconf 85' lang='grc' dir='ltr'>Κύριος</span> <span class='ocrx_word' id='word_1_705' title='bbox 653 5285 857 5358; x_wconf 83' lang='grc' dir='ltr'>Κύριος</span> <span class='ocrx_word' id='word_1_706' title='bbox 888 5286 1078 5357; x_wconf 85' lang='grc' dir='ltr'>βοηθός</span> <span class='ocrx_word' id='word_1_707' title='bbox 1127 5303 1229 5358; x_wconf 89' lang='grc' dir='ltr'>μου</span> <span class='ocrx_word' id='word_1_708' title='bbox 1258 5284 1486 5357; x_wconf 74' lang='grc' dir='ltr'>ἐγενήθη</span> <span class='ocrx_word' id='word_1_709' title='bbox 1517 5302 1530 5315; x_wconf 88' lang='grc'><strong>·</strong></span> <span class='ocrx_word' id='word_1_710' title='bbox 1576 5283 1665 5338; x_wconf 75' lang='grc' dir='ltr'>διὰ</span> <span class='ocrx_word' id='word_1_711' title='bbox 1695 5283 1856 5337; x_wconf 80' lang='grc' dir='ltr'>τοῦτο</span> 
     </span>
    </p>
   </div>
   <div class='ocr_carea' id='block_1_85' title="bbox 225 5372 1851 5446">
    <p class='ocr_par' dir='ltr' id='par_1_85' title="bbox 225 5372 1851 5446">
     <span class='ocr_line' id='line_1_85' title="bbox 225 5372 1851 5446; baseline -0.004 -14"><span class='ocrx_word' id='word_1_712' title='bbox 225 5382 337 5432; x_wconf 80' lang='grc' dir='ltr'>οὐκ</span> <span class='ocrx_word' id='word_1_713' title='bbox 365 5374 715 5445; x_wconf 74' lang='grc' dir='ltr'>ἐνετράπην,</span> <span class='ocrx_word' id='word_1_714' title='bbox 750 5374 863 5428; x_wconf 85' lang='grc' dir='ltr'>ἀλλ’</span> <span class='ocrx_word' id='word_1_715' title='bbox 898 5373 1069 5445; x_wconf 73' lang='grc' dir='ltr'>ἔθηκα</span> <span class='ocrx_word' id='word_1_716' title='bbox 1101 5375 1162 5428; x_wconf 84' lang='grc' dir='ltr'>τὸ</span> <span class='ocrx_word' id='word_1_717' title='bbox 1188 5374 1480 5446; x_wconf 83' lang='grc' dir='ltr'>πρόσωπόν</span> <span class='ocrx_word' id='word_1_718' title='bbox 1510 5391 1612 5444; x_wconf 86' lang='grc' dir='ltr'>μου</span> <span class='ocrx_word' id='word_1_719' title='bbox 1636 5373 1711 5436; x_wconf 83' lang='grc' dir='ltr'>ὡς</span> <span class='ocrx_word' id='word_1_720' title='bbox 1743 5372 1851 5426; x_wconf 83' lang='grc' dir='ltr'>ἐτέ-</span> 
     </span>
    </p>
   </div>
   <div class='ocr_carea' id='block_1_86' title="bbox 228 5463 1846 5543">
    <p class='ocr_par' dir='ltr' id='par_1_86' title="bbox 228 5463 1846 5543">
     <span class='ocr_line' id='line_1_86' title="bbox 228 5463 1846 5543; baseline -0.006 -19"><span class='ocrx_word' id='word_1_721' title='bbox 228 5487 341 5543; x_wconf 88' lang='grc' dir='ltr'>ραν</span> <span class='ocrx_word' id='word_1_722' title='bbox 360 5466 655 5538; x_wconf 83' lang='grc' dir='ltr'>(στερεὰν)</span> <span class='ocrx_word' id='word_1_723' title='bbox 676 5466 910 5538; x_wconf 73' lang='grc' dir='ltr'>πέτρανσ</span> <span class='ocrx_word' id='word_1_724' title='bbox 942 5467 1037 5520; x_wconf 82' lang='grc' dir='ltr'>καὶ</span> <span class='ocrx_word' id='word_1_725' title='bbox 1056 5465 1345 5535; x_wconf 75' lang='grc' dir='ltr'>ἐγνων,ὃτι</span> <span class='ocrx_word' id='word_1_726' title='bbox 1362 5465 1422 5517; x_wconf 86' lang='lat'>06</span> <span class='ocrx_word' id='word_1_727' title='bbox 1449 5464 1522 5535; x_wconf 82' lang='grc' dir='ltr'>μὴ</span> <span class='ocrx_word' id='word_1_728' title='bbox 1550 5463 1846 5534; x_wconf 79' lang='grc' dir='ltr'>αίσχυνθῶ,</span> 
     </span>
    </p>
   </div>
   <div class='ocr_carea' id='block_1_87' title="bbox 221 5555 1844 5632">
    <p class='ocr_par' dir='ltr' id='par_1_87' title="bbox 221 5555 1844 5632">
     <span class='ocr_line' id='line_1_87' title="bbox 221 5555 1844 5632; baseline -0.005 -14"><span class='ocrx_word' id='word_1_729' title='bbox 221 5566 315 5618; x_wconf 81' lang='grc' dir='ltr'>ὅτι</span> <span class='ocrx_word' id='word_1_730' title='bbox 353 5555 589 5628; x_wconf 73' lang='grc' dir='ltr'>ἐγγίζει</span> <span class='ocrx_word' id='word_1_731' title='bbox 614 5576 703 5627; x_wconf 89' lang='grc' dir='ltr'>μοι</span> <span class='ocrx_word' id='word_1_732' title='bbox 726 5562 756 5613; x_wconf 95' lang='lat'>6</span> <span class='ocrx_word' id='word_1_733' title='bbox 782 5558 1076 5623; x_wconf 85' lang='grc' dir='ltr'>δικαιώσας</span> <span class='ocrx_word' id='word_1_734' title='bbox 1106 5577 1172 5632; x_wconf 89' lang='grc' dir='ltr'>με</span> <span class='ocrx_word' id='word_1_735' title='bbox 1192 5577 1205 5589; x_wconf 90' lang='grc'><strong>·</strong></span> <span class='ocrx_word' id='word_1_736' title='bbox 1232 5560 1316 5622; x_wconf 81' lang='grc' dir='ltr'>τίς</span> <span class='ocrx_word' id='word_1_737' title='bbox 1337 5561 1365 5611; x_wconf 90' lang='lat'>6</span> <span class='ocrx_word' id='word_1_738' title='bbox 1393 5560 1707 5631; x_wconf 81' lang='grc' dir='ltr'>κρινόμενός</span> <span class='ocrx_word' id='word_1_739' title='bbox 1734 5575 1844 5628; x_wconf 74' lang='grc' dir='ltr'>μοις</span> 
     </span>
    </p>
   </div>
   <div class='ocr_carea' id='block_1_88' title="bbox 222 5649 1848 5726">
    <p class='ocr_par' dir='ltr' id='par_1_88' title="bbox 222 5649 1848 5726">
     <span class='ocr_line' id='line_1_88' title="bbox 222 5649 1848 5726; baseline -0.006 -15"><span class='ocrx_word' id='word_1_740' title='bbox 222 5652 563 5726; x_wconf 71' lang='grc' dir='ltr'>ἰγγισάτω.</span> <span class='ocrx_word' id='word_1_741' title='bbox 584 5651 695 5705; x_wconf 83' lang='grc' dir='ltr'>ιδοὺ</span> <span class='ocrx_word' id='word_1_742' title='bbox 719 5650 920 5720; x_wconf 79' lang='grc' dir='ltr'>Κύριος</span> <span class='ocrx_word' id='word_1_743' title='bbox 947 5652 1148 5722; x_wconf 80' lang='grc' dir='ltr'>Κύριος</span> <span class='ocrx_word' id='word_1_744' title='bbox 1184 5651 1368 5723; x_wconf 76' lang='grc' dir='ltr'>βοηθεῖ</span> <span class='ocrx_word' id='word_1_745' title='bbox 1402 5667 1510 5721; x_wconf 88' lang='grc' dir='ltr'>μοι·</span> <span class='ocrx_word' id='word_1_746' title='bbox 1548 5651 1632 5715; x_wconf 88' lang='grc' dir='ltr'>τίς</span> <span class='ocrx_word' id='word_1_747' title='bbox 1664 5649 1848 5703; x_wconf 87' lang='grc' dir='ltr'>κακώ-</span> 
     </span>
    </p>
   </div>
   <div class='ocr_carea' id='block_1_89' title="bbox 309 5806 1203 5879">
    <p class='ocr_par' dir='ltr' id='par_1_89' title="bbox 309 5806 1203 5879">
     <span class='ocr_line' id='line_1_89' title="bbox 309 5806 1203 5879; baseline 0.021 -31"><span class='ocrx_word' id='word_1_748' title='bbox 309 5813 331 5848; x_wconf 79' lang='grc' dir='ltr'>ι</span> <span class='ocrx_word' id='word_1_749' title='bbox 368 5809 631 5875; x_wconf 46' lang='grc' dir='ltr'>αδιιιιι,</span> <span class='ocrx_word' id='word_1_750' title='bbox 671 5807 773 5875; x_wconf 81' lang='grc'>1³5;</span> <span class='ocrx_word' id='word_1_751' title='bbox 809 5806 971 5864; x_wconf 85' lang='lat' dir='ltr'><strong>Hebr.</strong></span> <span class='ocrx_word' id='word_1_752' title='bbox 1005 5826 1102 5879; x_wconf 81' lang='lat' dir='ltr'><strong>xu,</strong></span> <span class='ocrx_word' id='word_1_753' title='bbox 1134 5808 1203 5878; x_wconf 67' lang='lat' dir='ltr'>ft;</span> 
     </span>
    </p>
   </div>
   <div class='ocr_carea' id='block_1_90' title="bbox 2515 3526 2951 3584">
    <p class='ocr_par' dir='ltr' id='par_1_90' title="bbox 2515 3526 2951 3584">
     <span class='ocr_line' id='line_1_90' title="bbox 2515 3526 2951 3584; baseline -0.002 0"><span class='ocrx_word' id='word_1_754' title='bbox 2515 3527 2746 3584; x_wconf 87' lang='lat' dir='ltr'><strong>CAPUT</strong></span> <span class='ocrx_word' id='word_1_755' title='bbox 2782 3526 2951 3583; x_wconf 75' lang='lat' dir='ltr'><strong>XXV.</strong></span> 
     </span>
    </p>
   </div>
   <div class='ocr_carea' id='block_1_91' title="bbox 2036 3609 3557 3686">
    <p class='ocr_par' dir='ltr' id='par_1_91' title="bbox 2036 3609 3557 3686">
     <span class='ocr_line' id='line_1_91' title="bbox 2036 3609 3557 3686; baseline -0.009 -9"><span class='ocrx_word' id='word_1_756' title='bbox 2036 3644 2056 3677; x_wconf 75' lang='grc' dir='ltr'>ι</span> <span class='ocrx_word' id='word_1_757' title='bbox 2099 3624 2191 3681; x_wconf 91' lang='lat' dir='ltr'><strong>Sic</strong></span> <span class='ocrx_word' id='word_1_758' title='bbox 2217 3623 2352 3679; x_wconf 86' lang='lat' dir='ltr'><strong>dicit</strong></span> <span class='ocrx_word' id='word_1_759' title='bbox 2379 3622 2645 3677; x_wconf 88' lang='lat' dir='ltr'><strong>Dominus</strong></span> <span class='ocrx_word' id='word_1_760' title='bbox 2679 3640 2694 3676; x_wconf 90' lang='lat'><strong>:</strong></span> <span class='ocrx_word' id='word_1_761' title='bbox 2731 3619 2921 3686; x_wconf 82' lang='lat' dir='ltr'><strong>Qualis</strong></span> <span class='ocrx_word' id='word_1_762' title='bbox 2942 3625 3026 3673; x_wconf 89' lang='lat' dir='ltr'>est</span> <span class='ocrx_word' id='word_1_763' title='bbox 3047 3615 3137 3670; x_wconf 88' lang='lat' dir='ltr'>hic</span> <span class='ocrx_word' id='word_1_764' title='bbox 3165 3613 3303 3669; x_wconf 86' lang='lat' dir='ltr'><strong>liber</strong></span> <span class='ocrx_word' id='word_1_765' title='bbox 3326 3609 3557 3680; x_wconf 74' lang='lat' dir='ltr'><strong>repudii</strong></span> 
     </span>
    </p>
   </div>
   <div class='ocr_carea' id='block_1_92' title="bbox 1955 3702 3540 3786">
    <p class='ocr_par' dir='ltr' id='par_1_92' title="bbox 1955 3702 3540 3786">
     <span class='ocr_line' id='line_1_92' title="bbox 1955 3702 3540 3786; baseline -0.016 -4"><span class='ocrx_word' id='word_1_766' title='bbox 1955 3723 2154 3783; x_wconf 87' lang='lat' dir='ltr'><strong>matris</strong></span> <span class='ocrx_word' id='word_1_767' title='bbox 2201 3724 2423 3781; x_wconf 86' lang='lat' dir='ltr'><strong>vestrae,</strong></span> <span class='ocrx_word' id='word_1_768' title='bbox 2451 3731 2561 3786; x_wconf 93' lang='lat' dir='ltr'>quo</span> <span class='ocrx_word' id='word_1_769' title='bbox 2608 3713 2795 3769; x_wconf 91' lang='lat' dir='ltr'><strong>dimisi</strong></span> <span class='ocrx_word' id='word_1_770' title='bbox 2844 3709 3006 3766; x_wconf 86' lang='lat' dir='ltr'><strong>eam?</strong></span> <span class='ocrx_word' id='word_1_771' title='bbox 3037 3710 3143 3761; x_wconf 87' lang='lat' dir='ltr'><strong>Aut</strong></span> <span class='ocrx_word' id='word_1_772' title='bbox 3186 3705 3277 3759; x_wconf 90' lang='lat' dir='ltr'>cui</span> <span class='ocrx_word' id='word_1_773' title='bbox 3305 3702 3540 3759; x_wconf 85' lang='lat' dir='ltr'><strong>debitori</strong></span> 
     </span>
    </p>
   </div>
   <div class='ocr_carea' id='block_1_93' title="bbox 1953 3792 3559 3878">
    <p class='ocr_par' dir='ltr' id='par_1_93' title="bbox 1953 3792 3559 3878">
     <span class='ocr_line' id='line_1_93' title="bbox 1953 3792 3559 3878; baseline -0.015 -4"><span class='ocrx_word' id='word_1_774' title='bbox 1953 3813 2178 3874; x_wconf 82' lang='lat' dir='ltr'><strong>vendidi</strong></span> <span class='ocrx_word' id='word_1_775' title='bbox 2202 3811 2353 3878; x_wconf 68' lang='grc' dir='ltr'>νοείῖ</span> <span class='ocrx_word' id='word_1_776' title='bbox 2377 3806 2520 3862; x_wconf 88' lang='lat' dir='ltr'><strong>Ecce</strong></span> <span class='ocrx_word' id='word_1_777' title='bbox 2539 3805 2780 3876; x_wconf 86' lang='lat' dir='ltr'><strong>peccatis</strong></span> <span class='ocrx_word' id='word_1_778' title='bbox 2809 3801 3008 3857; x_wconf 85' lang='lat' dir='ltr'><strong>vestris</strong></span> <span class='ocrx_word' id='word_1_779' title='bbox 3042 3794 3249 3856; x_wconf 86' lang='lat' dir='ltr'><strong>venditi</strong></span> <span class='ocrx_word' id='word_1_780' title='bbox 3285 3792 3443 3859; x_wconf 86' lang='lat' dir='ltr'><strong>estis,</strong></span> <span class='ocrx_word' id='word_1_781' title='bbox 3483 3799 3559 3850; x_wconf 81' lang='lat' dir='ltr'><strong>ct-</strong></span> 
     </span>
    </p>
   </div>
   <div class='ocr_carea' id='block_1_94' title="bbox 1958 3896 3541 3980">
    <p class='ocr_par' dir='ltr' id='par_1_94' title="bbox 1958 3896 3541 3980">
     <span class='ocr_line' id='line_1_94' title="bbox 1958 3896 3541 3980; baseline -0.017 -16"><span class='ocrx_word' id='word_1_782' title='bbox 1958 3902 2345 3980; x_wconf 86' lang='lat' dir='ltr'><strong>iniquitatibus</strong></span> <span class='ocrx_word' id='word_1_783' title='bbox 2371 3898 2575 3956; x_wconf 88' lang='lat' dir='ltr'><strong>ves&#39;tris</strong></span> <span class='ocrx_word' id='word_1_784' title='bbox 2609 3896 2768 3953; x_wconf 89' lang='lat' dir='ltr'><strong>emisi</strong></span> <span class='ocrx_word' id='word_1_785' title='bbox 2813 3901 3044 3949; x_wconf 83' lang='lat' dir='ltr'><strong>matrem</strong></span> <span class='ocrx_word' id='word_1_786' title='bbox 3089 3898 3326 3943; x_wconf 82' lang='lat' dir='ltr'><strong>vestram</strong></span> <span class='ocrx_word' id='word_1_787' title='bbox 3362 3900 3541 3955; x_wconf 83' lang='lat' dir='ltr'><strong>:quo-</strong></span> 
     </span>
    </p>
   </div>
   <div class='ocr_carea' id='block_1_95' title="bbox 1954 3974 3540 4061">
    <p class='ocr_par' dir='ltr' id='par_1_95' title="bbox 1954 3974 3540 4061">
     <span class='ocr_line' id='line_1_95' title="bbox 1954 3974 3540 4061; baseline -0.016 -5"><span class='ocrx_word' id='word_1_788' title='bbox 1954 3974 2104 4056; x_wconf 79' lang='lat' dir='ltr'><strong>niam</strong></span> <span class='ocrx_word' id='word_1_789' title='bbox 2133 3996 2281 4061; x_wconf 90' lang='lat' dir='ltr'><strong>veni,</strong></span> <span class='ocrx_word' id='word_1_790' title='bbox 2307 4002 2359 4050; x_wconf 90' lang='lat' dir='ltr'>et</span> <span class='ocrx_word' id='word_1_791' title='bbox 2386 4007 2497 4047; x_wconf 89' lang='lat' dir='ltr'>non</span> <span class='ocrx_word' id='word_1_792' title='bbox 2524 3996 2643 4047; x_wconf 87' lang='lat' dir='ltr'><strong>erat</strong></span> <span class='ocrx_word' id='word_1_793' title='bbox 2677 3988 2842 4042; x_wconf 89' lang='lat' dir='ltr'><strong>homo</strong></span> <span class='ocrx_word' id='word_1_794' title='bbox 2874 3984 2966 4056; x_wconf 93' lang='lat' dir='ltr'>qui</span> <span class='ocrx_word' id='word_1_795' title='bbox 3000 3981 3235 4038; x_wconf 88' lang='lat' dir='ltr'><strong>audiret.</strong></span> <span class='ocrx_word' id='word_1_796' title='bbox 3280 3974 3540 4048; x_wconf 84' lang='lat' dir='ltr'><strong>Nunquid</strong></span> 
     </span>
    </p>
   </div>
   <div class='ocr_carea' id='block_1_96' title="bbox 1957 4071 3541 4163">
    <p class='ocr_par' dir='ltr' id='par_1_96' title="bbox 1957 4071 3541 4163">
     <span class='ocr_line' id='line_1_96' title="bbox 1957 4071 3541 4163; baseline -0.017 -15"><span class='ocrx_word' id='word_1_797' title='bbox 1957 4109 2070 4148; x_wconf 90' lang='lat' dir='ltr'>non</span> <span class='ocrx_word' id='word_1_798' title='bbox 2096 4096 2279 4163; x_wconf 92' lang='lat' dir='ltr'><strong>potest</strong></span> <span class='ocrx_word' id='word_1_799' title='bbox 2332 4099 2534 4142; x_wconf 88' lang='lat' dir='ltr'><strong>manus</strong></span> <span class='ocrx_word' id='word_1_800' title='bbox 2565 4096 2685 4138; x_wconf 87' lang='lat' dir='ltr'>mea</span> <span class='ocrx_word' id='word_1_801' title='bbox 2710 4077 3109 4137; x_wconf 55' lang='lat' dir='ltr'><strong>liberareiaut</strong></span> <span class='ocrx_word' id='word_1_802' title='bbox 3135 4071 3387 4144; x_wconf 88' lang='lat' dir='ltr'><strong>nunquid</strong></span> <span class='ocrx_word' id='word_1_803' title='bbox 3430 4083 3541 4123; x_wconf 89' lang='lat' dir='ltr'>non</span> 
     </span>
    </p>
   </div>
   <div class='ocr_carea' id='block_1_97' title="bbox 1958 4163 3545 4259">
    <p class='ocr_par' dir='ltr' id='par_1_97' title="bbox 1958 4163 3545 4259">
     <span class='ocr_line' id='line_1_97' title="bbox 1958 4163 3545 4259; baseline -0.017 -17"><span class='ocrx_word' id='word_1_804' title='bbox 1958 4198 2185 4259; x_wconf 81' lang='lat' dir='ltr'><strong>possum</strong></span> <span class='ocrx_word' id='word_1_805' title='bbox 2222 4178 2475 4251; x_wconf 86' lang='lat' dir='ltr'><strong>eripere?</strong></span> <span class='ocrx_word' id='word_1_806' title='bbox 2506 4176 2648 4231; x_wconf 88' lang='lat' dir='ltr'><strong>Ecce</strong></span> <span class='ocrx_word' id='word_1_807' title='bbox 2674 4175 2729 4229; x_wconf 88' lang='lat' dir='ltr'>in</span> <span class='ocrx_word' id='word_1_808' title='bbox 2773 4166 3149 4241; x_wconf 84' lang='lat' dir='ltr'><strong>increpatione</strong></span> <span class='ocrx_word' id='word_1_809' title='bbox 3199 4180 3323 4223; x_wconf 84' lang='lat' dir='ltr'>mea</span> <span class='ocrx_word' id='word_1_810' title='bbox 3352 4163 3545 4220; x_wconf 84' lang='lat' dir='ltr'><strong>deser-</strong></span> 
     </span>
    </p>
   </div>
   <div class='ocr_carea' id='block_1_98' title="bbox 1958 4261 3544 4341">
    <p class='ocr_par' dir='ltr' id='par_1_98' title="bbox 1958 4261 3544 4341">
     <span class='ocr_line' id='line_1_98' title="bbox 1958 4261 3544 4341; baseline -0.016 -7"><span class='ocrx_word' id='word_1_811' title='bbox 1958 4290 2075 4334; x_wconf 90' lang='lat' dir='ltr'>tum</span> <span class='ocrx_word' id='word_1_812' title='bbox 2105 4277 2303 4332; x_wconf 85' lang='lat' dir='ltr'><strong>faciam</strong></span> <span class='ocrx_word' id='word_1_813' title='bbox 2330 4287 2481 4328; x_wconf 87' lang='lat' dir='ltr'><strong>mare</strong></span> <span class='ocrx_word' id='word_1_814' title='bbox 2514 4283 2748 4341; x_wconf 88' lang='lat' dir='ltr'><strong>:pouam</strong></span> <span class='ocrx_word' id='word_1_815' title='bbox 2773 4265 2996 4326; x_wconf 80' lang='lat' dir='ltr'><strong>flumina</strong></span> <span class='ocrx_word' id='word_1_816' title='bbox 3024 4263 3083 4319; x_wconf 91' lang='lat' dir='ltr'>in</span> <span class='ocrx_word' id='word_1_817' title='bbox 3125 4261 3331 4317; x_wconf 88' lang='lat' dir='ltr'><strong>siccum</strong></span> <span class='ocrx_word' id='word_1_818' title='bbox 3352 4275 3369 4327; x_wconf 88' lang='lat'><strong>;</strong></span> <span class='ocrx_word' id='word_1_819' title='bbox 3393 4272 3544 4313; x_wconf 87' lang='lat' dir='ltr'><strong>com-</strong></span> 
     </span>
    </p>
   </div>
   <div class='ocr_carea' id='block_1_99' title="bbox 1958 4347 3540 4442">
    <p class='ocr_par' dir='ltr' id='par_1_99' title="bbox 1958 4347 3540 4442">
     <span class='ocr_line' id='line_1_99' title="bbox 1958 4347 3540 4442; baseline -0.016 -16"><span class='ocrx_word' id='word_1_820' title='bbox 1958 4375 2279 4442; x_wconf 84' lang='lat' dir='ltr'><strong>putrescent</strong></span> <span class='ocrx_word' id='word_1_821' title='bbox 2332 4365 2513 4436; x_wconf 90' lang='lat' dir='ltr'><strong>pisces</strong></span> <span class='ocrx_word' id='word_1_822' title='bbox 2547 4362 2669 4418; x_wconf 90' lang='lat' dir='ltr'><strong>sine</strong></span> <span class='ocrx_word' id='word_1_823' title='bbox 2715 4371 2880 4429; x_wconf 87' lang='lat' dir='ltr'><strong>aqua,</strong></span> <span class='ocrx_word' id='word_1_824' title='bbox 2907 4361 2963 4410; x_wconf 87' lang='lat' dir='ltr'>et</span> <span class='ocrx_word' id='word_1_825' title='bbox 2999 4352 3304 4408; x_wconf 88' lang='lat' dir='ltr'><strong>morientur</strong></span> <span class='ocrx_word' id='word_1_826' title='bbox 3329 4348 3388 4403; x_wconf 90' lang='lat' dir='ltr'>in</span> <span class='ocrx_word' id='word_1_827' title='bbox 3427 4347 3540 4403; x_wconf 19' lang='lat' dir='ltr'><strong>sita,</strong></span> 
     </span>
    </p>
   </div>
   <div class='ocr_carea' id='block_1_100' title="bbox 1958 4439 3565 4518">
    <p class='ocr_par' dir='ltr' id='par_1_100' title="bbox 1958 4439 3565 4518">
     <span class='ocr_line' id='line_1_100' title="bbox 1958 4439 3565 4518; baseline -0.019 0"><span class='ocrx_word' id='word_1_828' title='bbox 1958 4439 2186 4518; x_wconf 83' lang='lat' dir='ltr'><strong>luduam</strong></span> <span class='ocrx_word' id='word_1_829' title='bbox 2211 4458 2380 4513; x_wconf 82' lang='lat' dir='ltr'><strong>caelos</strong></span> <span class='ocrx_word' id='word_1_830' title='bbox 2422 4453 2680 4516; x_wconf 89' lang='lat' dir='ltr'><strong>tenebris,</strong></span> <span class='ocrx_word' id='word_1_831' title='bbox 2696 4458 2751 4509; x_wconf 85' lang='lat' dir='ltr'>et</span> <span class='ocrx_word' id='word_1_832' title='bbox 2780 4461 2999 4504; x_wconf 85' lang='lat' dir='ltr'><strong>saccum</strong></span> <span class='ocrx_word' id='word_1_833' title='bbox 3019 4458 3216 4515; x_wconf 86' lang='lat' dir='ltr'><strong>ponam</strong></span> <span class='ocrx_word' id='word_1_834' title='bbox 3235 4439 3565 4509; x_wconf 69' lang='lat' dir='ltr'><strong>operimcn..</strong></span> 
     </span>
    </p>
   </div>
   <div class='ocr_carea' id='block_1_101' title="bbox 1958 4532 3544 4610">
    <p class='ocr_par' dir='ltr' id='par_1_101' title="bbox 1958 4532 3544 4610">
     <span class='ocr_line' id='line_1_101' title="bbox 1958 4532 3544 4610; baseline -0.017 0"><span class='ocrx_word' id='word_1_835' title='bbox 1958 4564 2073 4610; x_wconf 91' lang='lat' dir='ltr'>tum</span> <span class='ocrx_word' id='word_1_836' title='bbox 2102 4565 2314 4607; x_wconf 88' lang='lat' dir='ltr'><strong>eorum.</strong></span> <span class='ocrx_word' id='word_1_837' title='bbox 2347 4545 2614 4602; x_wconf 89' lang='lat' dir='ltr'><strong>Dominus</strong></span> <span class='ocrx_word' id='word_1_838' title='bbox 2645 4541 2909 4597; x_wconf 89' lang='lat' dir='ltr'><strong>Dominus</strong></span> <span class='ocrx_word' id='word_1_839' title='bbox 2951 4536 3102 4595; x_wconf 84' lang='lat' dir='ltr'><strong>dedit</strong></span> <span class='ocrx_word' id='word_1_840' title='bbox 3134 4534 3267 4589; x_wconf 89' lang='lat' dir='ltr'><strong>mibi</strong></span> <span class='ocrx_word' id='word_1_841' title='bbox 3301 4532 3544 4603; x_wconf 78' lang='lat' dir='ltr'><strong>linguam</strong></span> 
     </span>
    </p>
   </div>
   <div class='ocr_carea' id='block_1_102' title="bbox 1959 4624 3539 4706">
    <p class='ocr_par' dir='ltr' id='par_1_102' title="bbox 1959 4624 3539 4706">
     <span class='ocr_line' id='line_1_102' title="bbox 1959 4624 3539 4706; baseline -0.015 -5"><span class='ocrx_word' id='word_1_842' title='bbox 1959 4645 2253 4706; x_wconf 84' lang='lat' dir='ltr'><strong>eruditam,</strong></span> <span class='ocrx_word' id='word_1_843' title='bbox 2265 4649 2322 4695; x_wconf 92' lang='lat' dir='ltr'>ut</span> <span class='ocrx_word' id='word_1_844' title='bbox 2337 4639 2507 4696; x_wconf 90' lang='lat' dir='ltr'><strong>sciam</strong></span> <span class='ocrx_word' id='word_1_845' title='bbox 2524 4648 2809 4706; x_wconf 86' lang='lat' dir='ltr'><strong>usquequo</strong></span> <span class='ocrx_word' id='word_1_846' title='bbox 2829 4636 3080 4704; x_wconf 87' lang='lat' dir='ltr'><strong>oporteat</strong></span> <span class='ocrx_word' id='word_1_847' title='bbox 3094 4627 3279 4683; x_wconf 88' lang='lat' dir='ltr'><strong>dicere</strong></span> <span class='ocrx_word' id='word_1_848' title='bbox 3290 4624 3539 4682; x_wconf 87' lang='lat' dir='ltr'><strong>verbum.</strong></span> 
     </span>
    </p>
   </div>
   <div class='ocr_carea' id='block_1_103' title="bbox 1962 4717 3541 4809">
    <p class='ocr_par' dir='ltr' id='par_1_103' title="bbox 1962 4717 3541 4809">
     <span class='ocr_line' id='line_1_103' title="bbox 1962 4717 3541 4809; baseline -0.015 -16"><span class='ocrx_word' id='word_1_849' title='bbox 1962 4738 2134 4809; x_wconf 75' lang='lat' dir='ltr'><strong>Erigit</strong></span> <span class='ocrx_word' id='word_1_850' title='bbox 2161 4733 2342 4797; x_wconf 80' lang='lat' dir='ltr'><strong>inane,</strong></span> <span class='ocrx_word' id='word_1_851' title='bbox 2377 4747 2536 4786; x_wconf 81' lang='lat' dir='ltr'><strong>mane</strong></span> <span class='ocrx_word' id='word_1_852' title='bbox 2580 4727 2744 4799; x_wconf 79' lang='lat' dir='ltr'><strong>erigit</strong></span> <span class='ocrx_word' id='word_1_853' title='bbox 2792 4724 2931 4780; x_wconf 81' lang='lat' dir='ltr'><strong>mihi</strong></span> <span class='ocrx_word' id='word_1_854' title='bbox 2976 4736 3189 4788; x_wconf 91' lang='lat' dir='ltr'><strong>aurem,</strong></span> <span class='ocrx_word' id='word_1_855' title='bbox 3229 4727 3291 4775; x_wconf 88' lang='lat' dir='ltr'>ut</span> <span class='ocrx_word' id='word_1_856' title='bbox 3323 4717 3541 4772; x_wconf 82' lang='lat' dir='ltr'><strong>audiam</strong></span> 
     </span>
    </p>
   </div>
   <div class='ocr_carea' id='block_1_104' title="bbox 1963 4810 3635 4902">
    <p class='ocr_par' dir='ltr' id='par_1_104' title="bbox 1963 4810 3635 4902">
     <span class='ocr_line' id='line_1_104' title="bbox 1963 4810 3635 4902; baseline -0.014 -17"><span class='ocrx_word' id='word_1_857' title='bbox 1963 4830 2124 4902; x_wconf 89' lang='lat' dir='ltr'><strong>quasi</strong></span> <span class='ocrx_word' id='word_1_858' title='bbox 2159 4828 2507 4896; x_wconf 75' lang='lat' dir='ltr'><strong>magistrum.</strong></span> <span class='ocrx_word' id='word_1_859' title='bbox 2550 4820 2818 4879; x_wconf 86' lang='lat' dir='ltr'><strong>Dominus</strong></span> <span class='ocrx_word' id='word_1_860' title='bbox 2853 4816 2998 4873; x_wconf 89' lang='lat' dir='ltr'><strong>Deus</strong></span> <span class='ocrx_word' id='word_1_861' title='bbox 3028 4812 3245 4886; x_wconf 85' lang='lat' dir='ltr'><strong>aperuit</strong></span> <span class='ocrx_word' id='word_1_862' title='bbox 3277 4810 3412 4866; x_wconf 82' lang='lat' dir='ltr'><strong>mihi</strong></span> <span class='ocrx_word' id='word_1_863' title='bbox 3445 4824 3561 4863; x_wconf 85' lang='lat' dir='ltr'><strong>au~.</strong></span> <span class='ocrx_word' id='word_1_864' title='bbox 3620 4869 3635 4877; x_wconf 33' lang='grc' dir='ltr'><em>α</em></span> 
     </span>
    </p>
   </div>
   <div class='ocr_carea' id='block_1_105' title="bbox 1960 4910 3543 4988">
    <p class='ocr_par' dir='ltr' id='par_1_105' title="bbox 1960 4910 3543 4988">
     <span class='ocr_line' id='line_1_105' title="bbox 1960 4910 3543 4988; baseline -0.014 -13"><span class='ocrx_word' id='word_1_865' title='bbox 1960 4936 2073 4975; x_wconf 90' lang='lat' dir='ltr'>rem</span> <span class='ocrx_word' id='word_1_866' title='bbox 2096 4937 2111 4985; x_wconf 86' lang='grc'>;</span> <span class='ocrx_word' id='word_1_867' title='bbox 2134 4933 2234 4988; x_wconf 82' lang='lat' dir='ltr'><strong>ego</strong></span> <span class='ocrx_word' id='word_1_868' title='bbox 2267 4923 2448 4970; x_wconf 79' lang='lat' dir='ltr'><strong>autem</strong></span> <span class='ocrx_word' id='word_1_869' title='bbox 2485 4928 2593 4968; x_wconf 84' lang='lat' dir='ltr'>non</span> <span class='ocrx_word' id='word_1_870' title='bbox 2613 4921 2907 4966; x_wconf 80' lang='lat' dir='ltr'><strong>contumax</strong></span> <span class='ocrx_word' id='word_1_871' title='bbox 2937 4921 3079 4968; x_wconf 87' lang='lat' dir='ltr'><strong>sum,</strong></span> <span class='ocrx_word' id='word_1_872' title='bbox 3112 4916 3289 4973; x_wconf 88' lang='lat' dir='ltr'><strong>neque</strong></span> <span class='ocrx_word' id='word_1_873' title='bbox 3322 4910 3543 4956; x_wconf 80' lang='lat' dir='ltr'><strong>contra-</strong></span> 
     </span>
    </p>
   </div>
   <div class='ocr_carea' id='block_1_106' title="bbox 1960 4992 3559 5079">
    <p class='ocr_par' dir='ltr' id='par_1_106' title="bbox 1960 4992 3559 5079">
     <span class='ocr_line' id='line_1_106' title="bbox 1960 4992 3559 5079; baseline -0.016 -12"><span class='ocrx_word' id='word_1_874' title='bbox 1960 5013 2133 5067; x_wconf 84' lang='lat' dir='ltr'><strong>dico:</strong></span> <span class='ocrx_word' id='word_1_875' title='bbox 2179 5017 2390 5079; x_wconf 79' lang='lat' dir='ltr'><strong>tergum</strong></span> <span class='ocrx_word' id='word_1_876' title='bbox 2424 5020 2607 5060; x_wconf 90' lang='lat' dir='ltr'><strong>meum</strong></span> <span class='ocrx_word' id='word_1_877' title='bbox 2658 5001 2783 5056; x_wconf 90' lang='lat' dir='ltr'><strong>dedi</strong></span> <span class='ocrx_word' id='word_1_878' title='bbox 2820 5000 2876 5054; x_wconf 87' lang='lat' dir='ltr'>in</span> <span class='ocrx_word' id='word_1_879' title='bbox 2920 4997 3155 5069; x_wconf 74' lang='lat' dir='ltr'><strong>flagella,</strong></span> <span class='ocrx_word' id='word_1_880' title='bbox 3190 5005 3246 5049; x_wconf 86' lang='lat' dir='ltr'>et</span> <span class='ocrx_word' id='word_1_881' title='bbox 3289 4992 3559 5048; x_wconf 82' lang='lat' dir='ltr'><strong>maxillas.</strong></span> 
     </span>
    </p>
   </div>
   <div class='ocr_carea' id='block_1_107' title="bbox 1959 5083 3543 5169">
    <p class='ocr_par' dir='ltr' id='par_1_107' title="bbox 1959 5083 3543 5169">
     <span class='ocr_line' id='line_1_107' title="bbox 1959 5083 3543 5169; baseline -0.015 -12"><span class='ocrx_word' id='word_1_882' title='bbox 1959 5118 2112 5157; x_wconf 88' lang='lat' dir='ltr'><strong>meas</strong></span> <span class='ocrx_word' id='word_1_883' title='bbox 2133 5101 2185 5156; x_wconf 91' lang='lat' dir='ltr'>in</span> <span class='ocrx_word' id='word_1_884' title='bbox 2211 5099 2428 5169; x_wconf 81' lang='lat' dir='ltr'><strong>alapas;</strong></span> <span class='ocrx_word' id='word_1_885' title='bbox 2456 5095 2647 5149; x_wconf 83' lang='lat' dir='ltr'><strong>faciem</strong></span> <span class='ocrx_word' id='word_1_886' title='bbox 2675 5105 2803 5148; x_wconf 85' lang='lat' dir='ltr'><strong>vero</strong></span> <span class='ocrx_word' id='word_1_887' title='bbox 2830 5104 3005 5144; x_wconf 87' lang='lat' dir='ltr'><strong>meam</strong></span> <span class='ocrx_word' id='word_1_888' title='bbox 3028 5102 3139 5143; x_wconf 88' lang='lat' dir='ltr'>non</span> <span class='ocrx_word' id='word_1_889' title='bbox 3164 5083 3336 5140; x_wconf 86' lang='lat' dir='ltr'><strong>averti</strong></span> <span class='ocrx_word' id='word_1_890' title='bbox 3364 5098 3392 5136; x_wconf 88' lang='lat' dir='ltr'>a</span> <span class='ocrx_word' id='word_1_891' title='bbox 3416 5096 3543 5153; x_wconf 80' lang='lat' dir='ltr'><strong>pro-</strong></span> 
     </span>
    </p>
   </div>
   <div class='ocr_carea' id='block_1_108' title="bbox 1960 5175 3544 5262">
    <p class='ocr_par' dir='ltr' id='par_1_108' title="bbox 1960 5175 3544 5262">
     <span class='ocr_line' id='line_1_108' title="bbox 1960 5175 3544 5262; baseline -0.012 -13"><span class='ocrx_word' id='word_1_892' title='bbox 1960 5196 2059 5250; x_wconf 83' lang='lat' dir='ltr'>bro</span> <span class='ocrx_word' id='word_1_893' title='bbox 2082 5199 2391 5262; x_wconf 87' lang='lat' dir='ltr'><strong>sputorum.</strong></span> <span class='ocrx_word' id='word_1_894' title='bbox 2419 5187 2682 5241; x_wconf 86' lang='lat' dir='ltr'><strong>Dominus</strong></span> <span class='ocrx_word' id='word_1_895' title='bbox 2705 5183 2848 5239; x_wconf 86' lang='lat' dir='ltr'><strong>Deus</strong></span> <span class='ocrx_word' id='word_1_896' title='bbox 2875 5181 3169 5237; x_wconf 79' lang='lat' dir='ltr'><strong>auxiliator</strong></span> <span class='ocrx_word' id='word_1_897' title='bbox 3189 5191 3345 5233; x_wconf 90' lang='lat' dir='ltr'><strong>meus</strong></span> <span class='ocrx_word' id='word_1_898' title='bbox 3364 5175 3544 5230; x_wconf 77' lang='lat' dir='ltr'><strong>factm</strong></span> 
     </span>
    </p>
   </div>
   <div class='ocr_carea' id='block_1_109' title="bbox 1959 5268 3544 5342">
    <p class='ocr_par' dir='ltr' id='par_1_109' title="bbox 1959 5268 3544 5342">
     <span class='ocr_line' id='line_1_109' title="bbox 1959 5268 3544 5342; baseline -0.011 -4"><span class='ocrx_word' id='word_1_899' title='bbox 1959 5290 2073 5339; x_wconf 87' lang='lat' dir='ltr'><strong>est:</strong></span> <span class='ocrx_word' id='word_1_900' title='bbox 2091 5283 2213 5337; x_wconf 81' lang='lat' dir='ltr'><strong>ideo</strong></span> <span class='ocrx_word' id='word_1_901' title='bbox 2231 5295 2339 5335; x_wconf 91' lang='lat' dir='ltr'>non</span> <span class='ocrx_word' id='word_1_902' title='bbox 2356 5293 2477 5334; x_wconf 91' lang='lat' dir='ltr'>sum</span> <span class='ocrx_word' id='word_1_903' title='bbox 2506 5274 2806 5340; x_wconf 84' lang='lat' dir='ltr'><strong>confusus;</strong></span> <span class='ocrx_word' id='word_1_904' title='bbox 2834 5273 2954 5328; x_wconf 89' lang='lat' dir='ltr'><strong>ideo</strong></span> <span class='ocrx_word' id='word_1_905' title='bbox 2975 5268 3341 5342; x_wconf 88' lang='lat' dir='ltr'><strong>posuifaciem</strong></span> <span class='ocrx_word' id='word_1_906' title='bbox 3364 5279 3544 5322; x_wconf 81' lang='lat' dir='ltr'><strong>meam</strong></span> 
     </span>
    </p>
   </div>
   <div class='ocr_carea' id='block_1_110' title="bbox 1958 5357 3545 5445">
    <p class='ocr_par' dir='ltr' id='par_1_110' title="bbox 1958 5357 3545 5445">
     <span class='ocr_line' id='line_1_110' title="bbox 1958 5357 3545 5445; baseline -0.012 -15"><span class='ocrx_word' id='word_1_907' title='bbox 1958 5383 2019 5430; x_wconf 89' lang='lat' dir='ltr'>ut</span> <span class='ocrx_word' id='word_1_908' title='bbox 2050 5381 2257 5445; x_wconf 88' lang='lat' dir='ltr'><strong>petram</strong></span> <span class='ocrx_word' id='word_1_909' title='bbox 2286 5370 2663 5434; x_wconf 83' lang='lat' dir='ltr'><strong>durissimam,</strong></span> <span class='ocrx_word' id='word_1_910' title='bbox 2688 5375 2741 5421; x_wconf 87' lang='lat' dir='ltr'>et</span> <span class='ocrx_word' id='word_1_911' title='bbox 2757 5366 2873 5421; x_wconf 92' lang='lat' dir='ltr'><strong>scio</strong></span> <span class='ocrx_word' id='word_1_912' title='bbox 2898 5363 3157 5436; x_wconf 81' lang='lat' dir='ltr'><strong>quoniam</strong></span> <span class='ocrx_word' id='word_1_913' title='bbox 3177 5376 3286 5445; x_wconf 83' lang='lat' dir='ltr'>non</span> <span class='ocrx_word' id='word_1_914' title='bbox 3316 5357 3545 5414; x_wconf 88' lang='lat' dir='ltr'><strong>confun-</strong></span> 
     </span>
    </p>
   </div>
   <div class='ocr_carea' id='block_1_111' title="bbox 1959 5434 3545 5531">
    <p class='ocr_par' dir='ltr' id='par_1_111' title="bbox 1959 5434 3545 5531">
     <span class='ocr_line' id='line_1_111' title="bbox 1959 5434 3545 5531; baseline -0.011 -11"><span class='ocrx_word' id='word_1_915' title='bbox 1959 5434 2078 5520; x_wconf 63' lang='lat' dir='ltr'><strong>dar.</strong></span> <span class='ocrx_word' id='word_1_916' title='bbox 2131 5463 2293 5518; x_wconf 79' lang='lat' dir='ltr'><strong>Juxta</strong></span> <span class='ocrx_word' id='word_1_917' title='bbox 2316 5471 2401 5517; x_wconf 90' lang='lat' dir='ltr'>est</span> <span class='ocrx_word' id='word_1_918' title='bbox 2439 5460 2534 5531; x_wconf 87' lang='lat' dir='ltr'>qui</span> <span class='ocrx_word' id='word_1_919' title='bbox 2582 5457 2851 5529; x_wconf 82' lang='lat' dir='ltr'><strong>justiﬁcat</strong></span> <span class='ocrx_word' id='word_1_920' title='bbox 2891 5434 2976 5510; x_wconf 83' lang='lat' dir='ltr'>me</span> <span class='ocrx_word' id='word_1_921' title='bbox 3009 5453 3174 5525; x_wconf 85' lang='lat' dir='ltr'><strong>:quis</strong></span> <span class='ocrx_word' id='word_1_922' title='bbox 3200 5434 3545 5507; x_wconf 73' lang='lat' dir='ltr'><strong>contradicet</strong></span> 
     </span>
    </p>
   </div>
   <div class='ocr_carea' id='block_1_112' title="bbox 1959 5539 3543 5621">
    <p class='ocr_par' dir='ltr' id='par_1_112' title="bbox 1959 5539 3543 5621">
     <span class='ocr_line' id='line_1_112' title="bbox 1959 5539 3543 5621; baseline -0.011 -10"><span class='ocrx_word' id='word_1_923' title='bbox 1959 5557 2137 5614; x_wconf 84' lang='lat' dir='ltr'><strong>mihi?</strong></span> <span class='ocrx_word' id='word_1_924' title='bbox 2168 5553 2407 5611; x_wconf 81' lang='lat' dir='ltr'><strong>Accedat</strong></span> <span class='ocrx_word' id='word_1_925' title='bbox 2432 5551 2504 5621; x_wconf 81' lang='lat' dir='ltr'>ad</span> <span class='ocrx_word' id='word_1_926' title='bbox 2529 5565 2637 5604; x_wconf 90' lang='lat' dir='ltr'><strong>me.</strong></span> <span class='ocrx_word' id='word_1_927' title='bbox 2670 5548 2810 5604; x_wconf 86' lang='lat' dir='ltr'><strong>Ecce</strong></span> <span class='ocrx_word' id='word_1_928' title='bbox 2836 5546 3102 5601; x_wconf 87' lang='lat' dir='ltr'><strong>Dominus</strong></span> <span class='ocrx_word' id='word_1_929' title='bbox 3133 5543 3275 5600; x_wconf 89' lang='lat' dir='ltr'><strong>Deus</strong></span> <span class='ocrx_word' id='word_1_930' title='bbox 3310 5539 3543 5597; x_wconf 80' lang='lat' dir='ltr'><strong>auxilia-</strong></span> 
     </span>
    </p>
   </div>
   <div class='ocr_carea' id='block_1_113' title="bbox 1958 5634 3549 5717">
    <p class='ocr_par' dir='ltr' id='par_1_113' title="bbox 1958 5634 3549 5717">
     <span class='ocr_line' id='line_1_113' title="bbox 1958 5634 3549 5717; baseline -0.008 -15"><span class='ocrx_word' id='word_1_931' title='bbox 1958 5656 2045 5703; x_wconf 89' lang='lat' dir='ltr'>tor</span> <span class='ocrx_word' id='word_1_932' title='bbox 2071 5663 2226 5704; x_wconf 87' lang='lat' dir='ltr'><strong>meus</strong></span> <span class='ocrx_word' id='word_1_933' title='bbox 2262 5667 2274 5703; x_wconf 92' lang='lat'>:</span> <span class='ocrx_word' id='word_1_934' title='bbox 2305 5646 2429 5717; x_wconf 85' lang='lat' dir='ltr'><strong>quis</strong></span> <span class='ocrx_word' id='word_1_935' title='bbox 2456 5655 2539 5703; x_wconf 88' lang='lat' dir='ltr'>est</span> <span class='ocrx_word' id='word_1_936' title='bbox 2567 5643 2655 5715; x_wconf 86' lang='lat' dir='ltr'>qui</span> <span class='ocrx_word' id='word_1_937' title='bbox 2685 5641 3011 5699; x_wconf 79' lang='lat' dir='ltr'><strong>condemnet</strong></span> <span class='ocrx_word' id='word_1_938' title='bbox 3039 5637 3159 5695; x_wconf 75' lang='lat' dir='ltr'><strong>me?</strong></span> <span class='ocrx_word' id='word_1_939' title='bbox 3178 5634 3318 5691; x_wconf 83' lang='lat' dir='ltr'><strong>Ecce</strong></span> <span class='ocrx_word' id='word_1_940' title='bbox 3354 5646 3549 5690; x_wconf 68' lang='lat' dir='ltr'><strong>omnes</strong></span> 
     </span>
    </p>
   </div>
   <div class='ocr_carea' id='block_1_114' title="bbox 1273 5806 2068 5879">
    <p class='ocr_par' dir='ltr' id='par_1_114' title="bbox 1273 5806 2068 5879">
     <span class='ocr_line' id='line_1_114' title="bbox 1273 5806 2068 5879; baseline -0.001 -18"><span class='ocrx_word' id='word_1_941' title='bbox 1273 5807 1411 5862; x_wconf 76' lang='lat' dir='ltr'><strong>Phil.</strong></span> <span class='ocrx_word' id='word_1_942' title='bbox 1443 5825 1499 5873; x_wconf 90' lang='lat' dir='ltr'>tt,</span> <span class='ocrx_word' id='word_1_943' title='bbox 1529 5809 1579 5862; x_wconf 85' lang='lat'>8.</span> <span class='ocrx_word' id='word_1_944' title='bbox 1668 5809 1684 5840; x_wconf 82' lang='lat'>&#39;</span> <span class='ocrx_word' id='word_1_945' title='bbox 1722 5807 1943 5879; x_wconf 62' lang='lat' dir='ltr'><strong>Sapit,</strong></span> <span class='ocrx_word' id='word_1_946' title='bbox 1987 5806 2068 5862; x_wconf 77' lang='grc'><strong>15.</strong></span> 
     </span>
    </p>
   </div>
  </div>
