3926 6260
245 361 371 417 {2H

1256 357 1549 415 ECLOGIE
1585 358 2066 417 PROPHETICE.
2106 391 2177 405 ι-
2215 360 2344 416 LIB.
2382 359 2474 418 IV.

3350 369 3491 425 {262

242 477 363 540 λαὸς
413 475 737 531 tinam-60w:
782 477 859 530 Δι’
890 477 917 530 ὃ
952 494 1103 547 φησι·
1147 496 1165 529 ι
1204 478 1349 533 Διότι
1379 475 1564 550 ἦλθον,
1600 481 1695 535 καὶ
1715 481 1809 536 οὑκ

1918 492 2042 552 post
2079 481 2310 539 istorum
2363 481 2807 553 reprobationem
2856 484 3097 556 gentium
3146 486 3489 543 vocationem

241 563 307 638 ἧν
333 567 641 639 ἄνθρωπος’
670 567 903 622 ἐκάλεσα
930 569 1024 622 καὶ
1056 569 1154 622 οὑκ
1184 563 1251 641 ἦν
1284 572 1312 623 6
1345 571 1653 627 ὑπακούων.
1690 592 1709 625 ι
1736 574 1815 628 Τὰ

238 660 280 714 δ’
300 661 392 713 ἐπὶ
419 660 559 713 τέλει
596 659 697 730 τῆς
731 661 1033 732 περικοπῆς
1058 662 1365 727 ἀκολούθως
1382 663 1521 734 μετὰ
1547 664 1644 737 τὴν
1677 667 1820 722 ἐκεί-

237 770 342 807 νων
373 752 642 823 ἀποϐολὴν
675 755 767 807 ἐπὶ
798 754 897 823 τὴν
932 753 991 819 ἐξ
1020 754 1187 808 ἐθνῶν
1227 755 1556 828 ἀναφέρεται
1590 758 1780 829 κλῆσιν
1800 800 1814 822 .

236 843 344 898 ἀπὸ
371 844 488 906 τοῦ,
512 863 530 895 σ
555 846 650 909 Τίς
675 848 733 900 ἐν
758 847 885 915 ὑμῖν
910 849 938 900 ὀ
963 846 1295 917 φοϐούμενος
1315 847 1406 901 τὸν
1429 848 1664 920 Κύριονς
1721 851 1819 905 ὑπ-

236 936 521 990 ακουσάτω
548 936 650 1006 τῆς
673 938 855 1007 φωνῆς
882 937 973 992 τοῦ
1001 938 1188 1002 παιδὸς
1222 939 1407 993 αὑτοῦ.
1441 958 1459 992 ι
1493 942 1684 1011 Ἡμεῖς
1708 942 1816 1014 γὰρ

232 1025 449 1098 ἀληθῶς
470 1024 611 1099 ἦμεν
638 1048 657 1080 ‹
691 1031 741 1083 oi
790 1031 1144 1102 πορευόμενοι
1189 1033 1248 1084 ἐν
1284 1032 1493 1086 σκότειο
1538 1052 1556 1085 ο
1596 1035 1689 1088 καὶ
1718 1036 1816 1089 οὑκ

231 1110 301 1187 ἦν
330 1118 463 1187 ἡμῖν
496 1118 603 1188 πρὸ
630 1120 728 1187 τῆς
747 1122 1048 1192 παρουσίας
1087 1119 1180 1174 τοῦ
1216 1122 1468 1193 Σωτῆρος
1496 1123 1651 1194 ήμῶν
1676 1124 1810 1193 φῶς·

230 1206 367 1261 ἀλλὰ
394 1208 490 1262 νῦν
522 1208 609 1262 διὰ
638 1210 737 1280 τήν
764 1210 857 1264 τοῦ
886 1209 1021 1264 Θεοῦ
1051 1212 1210 1283 χάριν
1250 1210 1590 1281 πεποίθαμεν
1623 1213 1715 1266 ἐπὶ
1736 1212 1816 1284 τῷ

229 1300 456 1370 ὀνόματι
481 1301 711 1373 Κυρίου,
754 1304 849 1356 καὶ
898 1303 1370 1375 ὲπιστηριζόμεθα
1425 1306 1518 1360 ἐπὶ
1546 1305 1623 1376 τῷ
1662 1305 1809 1377 Θεῷ-

226 1394 340 1454 τοῖς
370 1390 427 1444 δὲ
455 1391 529 1463 μὴ
559 1392 914 1446 πιστεύσασιν
944 1395 1025 1457 εἰς
1044 1393 1135 1447 τὸν
1164 1394 1420 1465 Χριστὸν,
1443 1390 1523 1454 οἷς
1549 1397 1641 1449 καὶ
1674 1396 1815 1449 ἅνω-

226 1480 371 1553 τέρω
433 1484 618 1555 εἴρητο
654 1485 733 1538 τόν
779 1506 797 1536 ‹
847 1486 977 1540 Ἰδοὺ
1020 1487 1219 1551 πάντες
1263 1488 1422 1557 ὑμεῖς
1473 1487 1549 1551 ὡς
1598 1488 1813 1558 ἱμάτιον

225 1572 699 1645 παλαιωθήσεσθε,
718 1576 813 1630 καὶ
835 1575 910 1640 ὡς
936 1576 1032 1648 σὴς
1054 1577 1285 1645 φάγεται
1315 1578 1460 1648 ὑμᾶς
1482 1618 1497 1639 ,
1522 1597 1540 1627 ι
1562 1578 1813 1650 ἐπιφέρει

222 1666 251 1717 ὁ
271 1664 433 1733 λόγος
474 1666 698 1734 φάσκων
720 1686 733 1698 ·
777 1687 797 1720 ι
851 1667 981 1722 Ἰδοὺ
1016 1670 1217 1734 πάντες
1244 1670 1402 1741 ὑμεῖς
1425 1671 1501 1735 ὡς
1545 1669 1658 1742 πῦρ
1689 1672 1812 1725 καί·

221 1774 333 1819 ετε,
367 1776 386 1808 ι
433 1760 527 1812 καὶ
558 1760 626 1814 τὰ
668 1759 827 1831 ἑξῆς*
853 1762 910 1813 ἐν
944 1754 1025 1825 οἷς
1065 1761 1254 1830 σαφῶς
1293 1762 1387 1815 καὶ
1433 1761 1512 1814 τό⁶
1549 1780 1568 1813 ι
1606 1763 1685 1814 Δι’
1709 1762 1809 1833 ἐμὲ

1920 574 2156 629 innuunt
2180 593 2193 607 ·
2234 593 2253 627 ι
2289 574 2447 642 Quis
2479 590 2545 632 ex
2578 575 2735 632 vobis
2777 576 2979 634 timens
3025 576 3361 634 Dominum?
3394 596 3460 633 au

1921 667 2037 723 diat
2088 681 2274 721 vocem
2332 666 2474 722 servi
2524 667 2630 722 sui.
2687 685 2706 720 ι
2751 665 2864 723 Nos
2906 668 3233 725 enim'vere
3272 683 3492 727 eramus

1922 775 1944 810 ι
1980 757 2325 813 ambulantes
2355 759 2410 812 in
2442 758 2721 825 tenebris;
2758 777 2778 811 ι
2812 774 2989 830 neque
3041 770 3162 815 erat
3208 761 3368 818 nobis
3408 762 3496 817 lu-

1917 863 2044 902 men
2076 858 2202 904 ante
2245 848 2548 905 Salvatoris
2598 849 2771 904 nostri
2824 849 3157 917 adventum;
3195 851 3291 908 sed
3343 868 3495 909 nune

1918 938 2012 996 Dei
2047 940 2220 1010 gratia
2270 940 2608 997 credidimus
2659 941 2715 995 in
2759 941 2982 998 nomine
3011 941 3250 1007 Domini,
3274 951 3331 998 et
3381 941 3496 999 Deo

1917 1034 2281 1089 adhmremus.
2334 1030 2460 1089 Istis
2492 1048 2622 1089 vero
2659 1036 2754 1106 qui
2785 1050 2894 1089 non
2923 1036 2978 1089 in
3008 1036 3285 1092 Christum
3311 1034 3493 1092 credi-

1916 1124 2136 1186 derunt,
2166 1123 2368 1193 quibus
2400 1130 2455 1179 et
2477 1122 2733 1193 superius
2753 1124 2961 1180 dictum
2990 1132 3076 1178 est
3103 1141 3117 1176 :
3147 1142 3166 1175 ι
3209 1122 3350 1189 Ecce
3377 1138 3498 1179 om-

1917 1232 2016 1271 nes
2047 1231 2143 1272 vos
2190 1216 2349 1286 quasi
2380 1217 2769 1280 vestimentum
2818 1216 3107 1272 inveterati
3129 1217 3306 1280 eritis,
3337 1223 3392 1272 et
3421 1216 3496 1270 ti-

1915 1324 2016 1363 nea
2055 1308 2305 1363 comedet
2344 1324 2464 1371 vos,
2509 1327 2528 1357 ι
2564 1308 2755 1378 adjicit
2802 1323 2983 1365 sermo
3031 1307 3268 1364 dicens:
3298 1326 3317 1359 ‹
3350 1306 3496 1363 Ecce

1915 1414 2105 1453 omnes
2139 1413 2235 1453 vos
2268 1398 2446 1470 ignem
2478 1397 2792 1461 incenditis,
2820 1419 2840 1451 ι
2878 1405 2932 1454 et
2959 1398 3188 1469 reliqua.
3212 1396 3268 1451 In
3295 1397 3496 1468 quibus

1915 1488 2207 1544 manifeste
2233 1498 2291 1544 et
2322 1489 2521 1545 illudu
2549 1490 2778 1561 Propter
2810 1505 2896 1544 me
2929 1488 3070 1543 facta
3103 1497 3232 1544 sunt
3255 1488 3371 1544 haec
3394 1503 3494 1542 vo-

1914 1580 2021 1639 bis.
2067 1599 2086 1632 ι
2119 1579 2185 1635 de
2224 1595 2462 1650 persona
2506 1582 2714 1638 dicitur
2744 1580 2952 1637 Christi
3003 1580 3350 1652 objurgantis
3373 1594 3495 1645 eos,

1914 1672 2411 1743 evprobrantisque
2453 1672 2652 1729 factam
2686 1675 2743 1730 in
2778 1675 3017 1746 seipsum
3053 1672 3368 1733 Iudaeorum
3397 1687 3497 1745 po.

1917 1756 2028 1834 puli
2057 1767 2587 1835 praevaricationem.

220 1848 443 1915 ἐγένετο
464 1850 636 1905 ταῦτα
665 1853 811 1923 ὑμῖν,
839 1873 856 1904 ι
875 1854 940 1906 ἐκ
966 1852 1256 1925 προσώπου
1281 1853 1529 1907 λέλεκται
1555 1854 1649 1908 τοῦ
1700 1855 1937 1925 Χριστοῦ
1998 1858 2417 1925 ἐπονειδίζοντος
2457 1861 2642 1925 αὑτοῖς
2676 1860 2772 1914 καὶ
2828 1860 3221 1932 ἀπελέγχοντος
3273 1858 3372 1931 τὴν
3416 1859 3500 1923 είς

219 1942 387 1995 αὑτὸν
452 1946 833 2017 γεγενημένην
898 1946 992 2001 τοῦ
1066 1947 1329 2002 Ἰουδαίων
1387 1947 1518 2003 λαοῦ
1572 1951 1936 2022 παρανομίαν.

728 2041 1122 2095 ΚΕΦΑΛΑΙΟΝ
1154 2043 1316 2113 KG’.!

294 2174 314 2206 ι
358 2156 501 2210 Τάδε
529 2155 675 2225 λέγει
704 2155 907 2227 Κύριος
923 2175 937 2188 ο
962 2158 1040 2211 Δι’
1056 2158 1199 2229 ὑμᾶς
1214 2158 1302 2213 διὰ
1326 2160 1528 2224 παντὸς
1552 2160 1614 2214 τὸ
1643 2160 1816 2232 ὄνομα

220 2265 327 2316 μου
366 2247 769 2318 βλασφημεῖται
797 2249 854 2300 ὲν
878 2250 991 2313 τοῖς
1018 2248 1216 2304 ἔθνεσι·
1242 2249 1331 2304 διά
1359 2251 1518 2305 τοῦτο
1546 2252 1813 2321 γνώσεται

211 2342 242 2392 6
280 2338 416 2402 λαός
474 2357 574 2410 μου
628 2340 689 2392 τὸ
716 2340 885 2411 ὄνομά
918 2359 1018 2412 μου
1042 2358 1054 2371 ·
1116 2342 1205 2397 διὰ
1242 2343 1401 2398 τοῦτο
1448 2346 1508 2398 ἐν
1534 2349 1600 2416 τῇ
1629 2346 1815 2419 ἡμέρα

213 2433 435 2503 ἐκείνῃ,
474 2435 556 2487 ὃτι
586 2434 695 2503 ἐγώ
727 2436 842 2506 εἰμι
866 2435 1027 2500 αὑτὸς
1057 2438 1086 2490 ὁ
1114 2437 1313 2503 λαλῶν,
1340 2438 1570 2512 πάρειμι
1592 2441 1668 2505 ὡς
1694 2442 1812 2515 ὥρα

212 2525 309 2578 ἐπὶ
337 2525 451 2577 τῶν
470 2524 663 2597 ὀρέων,
694 2526 770 2592 ὡς
802 2528 961 2593 πόδες
1010 2530 1493 2602 εὐαγγελιζομένου
1529 2533 1699 2604 ἀκοὴν
1732 2536 1811 2587 εί-

214 2615 414 2687 ρήνης,
476 2618 552 2680 ὡς
611 2618 1094 2691 εὐαγγελιζόμενος
1143 2621 1325 2690 ἁγαθά
1354 2664 1368 2687 ,
1405 2624 1488 2677 ὅτι
1540 2624 1811 2696 ἀκουστὴν

209 2710 433 2780 ποιήσω
456 2710 555 2781 τὴν
583 2710 857 2781 σωτηρίαν
904 2729 1016 2776 σου,
1052 2712 1225 2781 λέγων
1253 2730 1269 2745 ⁵
1306 2713 1467 2780 Σιὼν,
1501 2715 1809 2786 βασιλεύσει

211 2820 309 2855 σου
337 2803 367 2854 6
392 2802 546 2866 Θεός.
587 2822 605 2854 ι
642 2804 750 2856 Καὶ
781 2803 921 2874 αῦτη
964 2805 1059 2859 ἐπὶ
1085 2804 1176 2858 τὸν
1200 2807 1428 2879 Σωτῆρα
1466 2808 1811 2877 εὐλογώτατα

207 2895 451 2965 ἁρμόζοι
489 2897 556 2948 ἂν
598 2899 630 2966 ή
685 2898 990 2969 προφητεία
1011 2939 1025 2960 ,
1065 2899 1155 2951 ἐπὶ
1188 2900 1286 2971 τῆς
1319 2901 1614 2973 ἐπιδημίας
1642 2903 1808 2958 αὑτοῦ

206 2986 600 3058 πληρωθέντος
638 2988 754 3042 τοῦ·
792 3009 811 3041 ‹
856 2991 975 3044 ’Ὁτι
999 2990 1108 3060 ἐγώ
1148 2990 1211 3061 (f.
1268 2990 1357 3057 56)
1404 2994 1541 3063 εἰμι,
1585 2994 1746 3059 αὐτὸς
1783 2998 1812 3048 ὁ

204 3078 390 3132 λαλῶν
416 3080 672 3152 πάρειμι.
707 3101 725 3133 ι
759 3081 848 3153 Τῷ
887 3082 987 3154 μὲν
1013 3078 1105 3137 οῦν
1129 3084 1378 3157 προτέρῳ
1401 3084 1513 3157 λαῷ
1536 3087 1617 3148 εἰς
1642 3088 1812 3158 πρόσ-

202 3188 358 3224 ωπον
419 3170 639 3243 εἴρηται
695 3173 764 3226 τὰ
803 3175 910 3227 ἀπὸ
932 3173 1047 3227 τοῦ·
1095 3194 1115 3225 ‹
1141 3178 1216 3228 Δι’
1240 3176 1384 3247 ὑμᾶς
1420 3177 1506 3231 διὰ
1529 3178 1728 3243 παντὸς
1749 3181 1811 3233 τὸ

198 3262 382 3333 ὗνομά
417 3279 524 3333 μου
563 3261 961 3335 βλασφημεῖται
997 3266 1055 3318 ὲν
1081 3269 1192 3329 τοῖς
1227 3266 1401 3320 ἔθνεσι
1422 3285 1436 3298 ·
1471 3286 1490 3318 ι
1526 3268 1594 3322 τά
1630 3268 1674 3321 δ’
1703 3271 1812 3323 ἀπὸ

199 3357 320 3412 τοῦ·
371 3376 392 3409 r
429 3357 532 3410 Διᾶ
552 3357 708 3411 τοῦτο
739 3357 1007 3427 γνώσεται
1030 3359 1202 3423 ὁλαός
1221 3377 1322 3430 μου
1351 3360 1410 3414 τὸ
1434 3359 1605 3431 ὄνομά
1622 3379 1723 3432 μου
1751 3363 1809 3415 ἐν

2443 2049 2675 2107 CAPUT
2743 2049 2939 2108 XXVI.

1992 2181 2012 2214 ι
2086 2153 2212 2218 [hec
2265 2163 2400 2219 dicit
2450 2162 2719 2218 Dominus
2772 2183 2785 2218 :
2850 2161 3081 2233 Propter
3127 2177 3225 2218 vos
3294 2176 3496 2218 nomen

1918 2270 2098 2310 meum
2134 2253 2551 2325 blasphematur
2579 2253 2636 2308 in
2656 2253 2909 2324 gentibus
2936 2273 2948 2308 :
2971 2252 3180 2308 idcirco
3204 2260 3499 2323 cognoscet

1917 2345 2153 2415 populus
2208 2360 2361 2401 meus
2406 2360 2607 2401 nomen
2656 2360 2880 2412 meum;
2910 2343 3117 2400 idcirco
3160 2346 3216 2399 in
3263 2343 3352 2399 die
3380 2344 3495 2409 illa,

1915 2434 2060 2505 quod
2092 2450 2193 2506 ego
2228 2451 2370 2501 sum,
2402 2434 2523 2507 ipse
2566 2436 2660 2507 qui
2691 2435 2907 2506 loquor,
2944 2435 3138 2491 adsum
3196 2442 3256 2490 ut
3288 2434 3496 2490 formo—

1916 2528 2053 2583 sitas
2088 2528 2143 2582 in
2173 2527 2475 2594 montibus,
2499 2536 2560 2582 ut
2589 2528 2755 2600 pedes
2773 2528 3208 2599 evangelizantis
3239 2529 3490 2582 auditum

1914 2620 2087 2690 pacis,
2113 2629 2173 2674 ut
2192 2620 2524 2691 quinuntiat
2551 2620 2715 2686 bona,
2749 2621 3009 2692 quoniam
3026 2621 3263 2675 auditam
3297 2619 3493 2673 faciam

1916 2713 2147 2768 salutem
2187 2722 2354 2780 tuam,
2388 2713 2580 2769 dicens
2612 2732 2627 2768 :
2660 2712 2814 2777 Sion,
2840 2729 2937 2769 rex
2970 2721 3100 2769 tuus
3123 2713 3229 2769 erit
3255 2711 3489 2768 Deus'a

1914 2805 2041 2861 llaec
2062 2822 2280 2876 quoque
2313 2807 2598 2878 aptissime
2632 2807 2701 2861 ad
2737 2806 3075 2861 Salvatorem
3099 2804 3336 2862 refertur
3367 2817 3497 2869 pro-

1913 2899 2118 2969 phetia,
2144 2898 2305 2969 cujus
2331 2914 2429 2969 per
2446 2898 2881 2955 incarnationem
2915 2898 3197 2968 impletum
3215 2904 3298 2954 est
3321 2893 3492 2952 illud:

1922 3008 1941 3041 ¢
1977 2988 2089 3061 Ego
2118 3005 2263 3053 sum,
2298 2990 2417 3058 ipse
2459 2990 2551 3060 qui
2587 2989 2784 3059 loquor
2810 2988 3025 3043 adsum.
3063 3007 3081 3038 ›
3113 2986 3290 3042 Priori
3328 2986 3497 3057 igitur

1911 3080 2114 3152 pOpuIO
2139 3095 2238 3152 per
2274 3079 2499 3151 ligulam
2533 3079 2737 3135 dicitur
2779 3098 2793 3132 :
2832 3098 2852 3131 ι
2883 3079 3118 3150 PrOpter
3148 3094 3248 3135 vos
3296 3093 3496 3134 nomen

1913 3188 2094 3229 meum
2125 3172 2540 3244 blasphematur
2574 3173 2630 3227 in
2669 3172 2944 3242 gentibus,
2985 3190 3004 3224 ι
3042 3179 3097 3227 et
3116 3178 3334 3227 caetera.
3367 3168 3496 3226 Haec

1911 3282 2044 3322 vero
2074 3284 2087 3319 :
2122 3284 2140 3316 ι
2174 3264 2302 3321 ideo
2337 3275 2631 3337 cognoscet
2655 3266 2888 3337 populus
2911 3280 3067 3321 meus
3091 3279 3289 3319 nomen
3315 3279 3499 3318 meum

1916 3355 1972 3409 in
1998 3356 2086 3410 die
2116 3355 2231 3418 illa,
2273 3374 2291 3406 ι
2321 3356 2388 3410 de
2425 3356 2681 3426 gentibus
2729 3370 2852 3425 quae
2899 3355 2956 3409 in
2982 3371 3106 3410 eum
3144 3352 3498 3419 crediderunt

196 3450 266 3519 τῇ
292 3448 493 3520 ἡμέρᾳ
519 3448 722 3519 ἐκείνῃ,
764 3468 782 3500 ι
811 3453 981 3504 νοοῖτο
1015 3452 1079 3506 ἂν
1112 3453 1240 3524 περὶ
1281 3453 1386 3506 τῶν
1414 3455 1493 3518 είς
1519 3455 1680 3509 αὑτὸν
1711 3472 1808 3510 πε-

1918 3456 2149 3517 possunt
2192 3446 2441 3516 intelligi.
2476 3444 2597 3516 Ipse
2649 3446 2815 3517 igitur
2846 3453 2931 3501 est
2958 3445 3051 3516 qui
3086 3446 3240 3515 prius
3274 3443 3493 3515 quidem

198 3540 591 3594 πιστευκότων
647 3541 834 3594 ἐθνῶν.
873 3542 1050 3605 Αὐτὸς
1071 3539 1162 3597 οῦν
1192 3547 1340 3599 ἐστιν
1365 3548 1393 3599 6
1423 3547 1807 3620 καὶπρότερον

309 3633 414 3703 μὲν
444 3630 517 3684 δι’
551 3632 816 3700 ἀγγέλων,
848 3633 925 3705 πὴ
946 3633 1000 3687 δὲ
1028 3636 1120 3688 καὶ
1151 3635 1239 3690 διὰ
1268 3638 1563 3710 προφητῶν
1594 3638 1805 3709 ἀνθρὼ-

196 3742 327 3788 ποις
350 3724 659 3796 ὁμιλήσας·
694 3725 788 3778 καὶ
822 3726 1006 3797 μέντοι
1040 3728 1279 3793 ἐκείνους
1310 3731 1385 3801 (Ι)
1420 3727 1575 3795 αὖθις
1618 3748 1805 3801 παρα-

195 3816 330 3883 γενό
341 3832 536 3885 μενος,
557 3816 650 3868 καὶ
666 3816 733 3869 δι’
748 3817 939 3871 ἑαυτοῦ
962 3818 1061 3889 τὴν
1083 3821 1360 3893 σωτηρίαν
1386 3824 1521 3876 πᾶσι
1536 3823 1801 3895 κηρύξας,

193 3908 391 3960 ὁποῖον
415 3903 539 3974 ἔχει
567 3903 693 3959 νοῦν
722 3908 750 3959 6
779 3906 1081 3978 φιλομαθὴς
1106 3910 1407 3983 ἐρευνήσας
1434 3912 1657 3968 εἴσεται.

726 3999 1124 4054 ΚΕΦΑΛΑΙΟΝ
1164 4004 1289 4057 KZ'.

274 4108 295 4141 ε
346 4092 472 4144 Καὶ
498 4089 837 4161 ἀποκαλύψει
877 4092 1081 4165 Κύριος
1124 4094 1216 4149 τὸν
1244 4095 1503 4169 βραχίονα
1526 4098 1617 4152 τὸν
1651 4098 1805 4168 ἅγιον

188 4182 375 4235 αὑτοῦ
408 4180 643 4235 ἐνώπιον
669 4183 886 4238 πάντων
911 4185 1017 4241 τῶν
1041 4186 1230 4251 ἐθνῶν,
1262 4190 1357 4243 καὶ
1384 4189 1603 4259 ὄψονται
1629 4191 1805 4245 πάντα

192 4274 266 4327 τὰ
311 4274 455 4344 ἔθνη
500 4273 571 4326 τὰ
598 4275 741 4346 ἄκρα
768 4276 869 4347 τῆς
909 4278 1015 4348 γῆς
1070 4280 1169 4351 τὴν
1218 4281 1490 4353 σωτηρίαν
1523 4284 1620 4355 τὴν
1655 4284 1807 4357 παρά

192 4366 294 4422 τοῦ
347 4365 516 4421 Θεοῦ.
553 4366 881 4439 Ἀπόστητε,
932 4370 1227 4443 ἀπόστητε,
1274 4369 1516 4437 ὲξέλθετε
1574 4375 1801 4441 ἐκεῖθεν,

193 4459 297 4515 καὶ
332 4458 659 4531 ἀκαθάρτου
685 4459 758 4531 μὴ
792 4461 1029 4532 adma-05°
1056 4462 1298 4527 ὲξέλθετε
1325 4465 1390 4518 ἐκ
1417 4465 1583 4535 μέσου
1611 4468 1801 4538 αὐτῆς,

191 4552 294 4607 καὶ
321 4549 691 4622 ἀφορίσθητε,
727 4554 775 4605 οἱ
815 4553 1071 4623 φέροντες
1122 4554 1189 4607 τά
1235 4556 1400 4629 σκεύη
1456 4558 1690 4630 Κυρίου⁸
1722 4561 1803 4614 ὅτι

189 4645 257 4697 o6
302 4643 454 4715 μετὰ
492 4642 738 4716 ταραχῆς
770 4643 1137 4708 ἐξελεύσεσθε,
1189 4647 1309 4700 οὑδέ
1349 4652 1491 4722 φυγῇ
1539 4651 1803 4720 πορεύσε-

1914 3554 2011 3610 per
2036 3538 2280 3609 angelos,
2315 3537 2512 3592 deinde
2544 3552 2642 3608 per
2686 3537 2980 3608 prephetas
3013 3552 3162 3591 cum;
3183 3536 3498 3591 hominibus

1916 3639 2280 3686 conversatus
2308 3637 2416 3686 est.
2462 3632 2639 3701 Atque
2670 3638 2794 3700 post
2832 3629 2958 3685 illos
2995 3644 3192 3684 rursus
3228 3643 3493 3700 superve-

1911 3724 2093 3787 niens,
2126 3738 2226 3794 per
2253 3737 2314 3779 se
2340 3722 2517 3793 ipsum
2562 3722 2794 3778 salutem
2838 3720 3094 3775 omnibus
3124 3720 3492 3774 annuntiavit.

1848 3826 1853 3830 ‘
1914 3818 2160 3884 Quorum
2196 3832 2422 3872 sensum
2465 3814 2746 3871 studiosus
2780 3813 3066 3885 indagator
3102 3811 3360 3883 perfacile
3392 3827 3493 3867 no-

1910 3909 2069 3965 verit.

2454 3997 2687 4055 CAPUT
2726 3996 2941 4053 XXVII.

1991 4111 2010 4145 ι
2046 4091 2113 4147 Et
2143 4092 2409 4149 revelabit
2438 4090 2703 4147 Dominus
2732 4090 3019 4146 brachium
3052 4096 3299 4145 sanctum
3330 4103 3492 4145 suum

1912 4188 1968 4243 in
2011 4196 2312 4258 conspectu
2339 4184 2584 4240 omnium
2619 4183 2884 4253 gentium,
2927 4190 2982 4238 et
3013 4180 3494 4237 videbuntomnia

1910 4293 2159 4339 extrema
2190 4291 2350 4336 terra:
2378 4279 2608 4333 salutem
2656 4291 2685 4330 a
2716 4274 2828 4331 Deo
2859 4282 3070 4332 nostro.
3102 4272 3378 4335 Recedite,
3402 4288 3493 4328 re-

1910 4373 2111 4438 cedite,
2142 4372 2287 4427 exite
2317 4371 2467 4435 inde,
2501 4369 2770 4440 pollutum
2789 4367 2958 4423 nolite
2980 4373 3223 4437 tangere.
3244 4363 3399 4419 Exite
3426 4362 3493 4418 de

1910 4467 2093 4523 medio
2123 4465 2265 4535 ejus,
2329 4462 2667 4518 mundamini
2704 4461 2797 4531 qui
2855 4458 3010 4515 fertis
3068 4472 3198 4514 vasa
3249 4455 3489 4513 Domini.

1911 4558 2181 4625 Quoniam
2212 4570 2320 4610 non
2356 4554 2410 4607 in
2443 4551 2681 4606 tumultu
2712 4549 2961 4612 exibitis,
2992 4562 3095 4604 nec
3123 4547 3178 4603 in
3211 4546 3337 4619 fuga
3372 4561 3495 4617 pro-

1910 4650 2175 4722 perabitis
2207 4667 2221 4703 :
2255 4645 2527 4718 praecedet
2557 4644 2703 4699 enim
2735 4659 2834 4699 vos
2866 4640 3151 4722 Dominus,
3178 4646 3233 4695 et
3262 4653 3491 4710 congre-

192 4734 333 4789 σθε·
382 4734 716 4805 πορεύσεται
760 4734 869 4807 γάρ
917 4736 1181 4808 πρότερος
1218 4716 1370 4810 ὑμῶν
1399 4716 1624 4812 Κύριος,
1658 4743 1753 4797 καὶ
1777 4745 1805 4797 ό

1918 4716 2067 4817 gabit
2093 4758 2192 4797 vos
2217 4716 2361 4797 Deus
2397 4737 2587 4794 Israel.
2620 4737 2759 4792 EcCe
2792 4716 3060 4807 intelliget
3094 4750 3285 4791 servus
3314 4748 3489 4798 meus,

195 4828 473 4898 συνάγων
518 4828 663 4899 ὑμᾶς
705 4828 836 4892 Θεὸς
872 4829 1109 4901 Ἰσραήλ.
1159 4831 1291 4886 Ἰδοὺ
1346 4835 1565 4907 συνήσει
1614 4836 1642 4888 6
1680 4839 1806 4901 παῖς

194 4938 339 4991 μου,
376 4919 476 4973 καί
503 4919 871 4991 ὑψωθήσεται,
902 4922 996 4975 καὶ
1035 4924 1531 4998 μετεωρισθήσεται
1567 4928 1803 4999 σφόδρα·

189 5011 257 5064 ὃν
300 5012 520 5084 τρόπον
552 5013 907 5084 ἐκστήσονται
941 5015 1035 5068 ἐπὶ
1062 5016 1145 5068 σο¹ι
1171 5016 1374 5081 πολλοὶ,
1404 5018 1577 5085 οὑτως
1616 5020 1808 5094 ἀδοξή-

1914 4835 2266 4896 exaltabitur,
2321 4840 2377 4888 et
2427 4829 2751 4889 elevabitur.
2801 4838 2856 4883 et
2898 4826 3151 4884 sublimis
3177 4827 3282 4881 erit
3311 4825 3488 4881 valde.

1917 4928 2073 4984 Sicut
2105 4927 2508 4995 obstupuerunt
2531 4936 2697 4991 super
2718 4931 2770 4977 te
2791 4920 2969 4981 multi,
2988 4920 3069 4974 sic
3094 4919 3358 4990 inglorius
3386 4918 3492 4974 erit

1914 5021 2057 5075 inter
2068 5017 2218 5071 viros
2237 5025 2492 5087 aspectus
2511 5014 2653 5084 ejus,
2676 5020 2731 5069 et
2750 5011 2925 5067 forma
2942 5011 3063 5081 ejus
3077 5012 3220 5066 inter
3243 5011 3381 5066 ﬁlios
3396 5010 3496 5065 ho-

193 5120 290 5158 σει
325 5100 448 5156 ἀπὸ
476 5101 776 5175 ἀνθρώπων
802 5104 863 5157 τὺ
898 5102 1037 5172 εἶδός
1076 5123 1191 5171 σου,
1220 5109 1315 5162 καί⁵
1343 5110 1377 5181 ή
1405 5109 1532 5177 δόξα
1568 5128 1661 5166 σου
1700 5112 1807 5166 ἀπὸ

1918 5112 2148 5166 minum.
2187 5108 2279 5162 Sic
2320 5106 2667 5161 mirabuntur
2711 5110 2905 5174 gentes
2937 5102 3122 5157 multa:
3156 5117 3319 5173 super
3340 5117 3491 5170 eum,

186 5195 314 5248 τῶν
353 5192 685 5266 ἀνθρώπων.
725 5194 881 5249 Οῦτω
912 5196 1282 5266 θαυμάσονται
1329 5200 1456 5275 ἔθνη
1499 5203 1669 5258 πολλά
1717 5205 1805 5258 ἐπ’

189 5286 389 5358 αὐτῷ,
423 5287 517 5340 καὶ
552 5286 826 5353 συνέξουσι
873 5287 1111 5358 βασιλεῖς
1154 5292 1215 5345 τὸ
1258 5293 1430 5365 στόμα
1473 5295 1683 5349 αὑτῶν·
1722 5298 1804 5350 ὅτι

1917 5218 2084 5274 super
2108 5200 2286 5272 ipsum
2321 5198 2682 5255 continebunt
2703 5211 2863 5268 reges
2888 5210 2951 5251 os
2983 5210 3142 5249 suum
3175 5194 3337 5265 :quia
3367 5195 3492 5265 qui-

1912 5295 2017 5350 bus
2059 5308 2167 5347 non
2209 5299 2293 5346 est
2332 5294 2613 5344 narratum
2646 5286 2714 5341 de
2745 5300 2831 5350 eo,
2857 5285 3131 5347 viderunt,
3165 5291 3218 5339 et
3247 5283 3339 5354 qui
3375 5299 3487 5338 non

187 5376 284 5444 οἷς
339 5378 452 5431 οὑκ
501 5378 772 5450 ἀνηγγέλη
810 5380 937 5452 περὶ
975 5382 1161 5449 αὑτοῦ,
1189 5384 1428 5453 ὄψονται,
1482 5386 1576 5440 καὶ
1620 5387 1669 5441 οἳ
1705 5388 1805 5441 οὑκ

1918 5387 2221 5448 audierunt,
2255 5378 2610 5450 contemplati
2646 5378 2794 5433 su'nt.
2831 5375 3059 5431 Domine
3091 5375 3216 5446 quis
3256 5373 3488 5429 credidit

188 5468 517 5541 ἀκηκόασι,
555 5471 866 5541 συνήσουσι.
903 5471 1095 5545 Κύριε,
1140 5474 1223 5540 τίς
1241 5477 1527 5531 ἐπίστευσε
1557 5481 1622 5550 τῇ
1666 5480 1801 5551 ἀκοῇ

187 5561 375 5632 ἡμῶν
401 5599 419 5624 ,
475 5562 569 5616 καὶ
619 5564 647 5615 6
699 5562 937 5635 βραχίων
993 5566 1198 5638 Κυρίου
1249 5567 1355 5620 τίνι
1408 5569 1800 5641 ἀπεκαλύφθης

1916 5477 2125 5531 auditui
2162 5475 2388 5531 nostro?
2413 5481 2465 5529 et
2497 5471 2781 5527 brachium
2813 5468 3029 5524 Domini
3064 5469 3153 5522 cui
3188 5469 3485 5523 revelatum

1914 5568 2038 5622 est?
2064 5565 2128 5619 Et
2155 5564 2408 5621 ascendet
2436 5563 2577 5619 sicut
2599 5561 2895 5632 virgultum
2924 5571 3109 5613 coram
3144 5572 3230 5621 eo,
3259 5566 3314 5612 et
3340 5556 3485 5613 sicut

205 5652 663 5723 ’Λνηγγείλαμεν
693 5654 768 5718 ὡς
801 5654 1010 5708 παιδίον
1057 5657 1296 5711 ἐναντίον
1348 5657 1535 5720 αὑτοῦ,
1577 5659 1652 5722 ὡς
1679 5658 1803 5729 ῥίζα

1918 5661 2065 5716 radix
2092 5661 2159 5715 de
2192 5667 2337 5713 terra
2373 5654 2599 5712 sitienti.
2644 5650 2765 5710 Non
2813 5659 2896 5709 est
2941 5648 3148 5723 species
3183 5648 3255 5716 ei,
3306 5660 3483 5721 neque

272 5772 289 5802 ¹
328 5769 466 5826 Isai.
497 5786 593 5836 tm,
628 5772 744 5828 5-7.

272 5866 365 5939 (Ι)
407 5861 503 5921 Vel
525 5867 805 5938 legendum
830 5867 966 5938 μετὰ
994 5882 1092 5939 pro
1127 5867 1329 5938 μέντοι,
1349 5866 1430 5922 vel
1455 5864 1680 5931 ἐκείνοις
1707 5882 1804 5939 pro

1918 5867 2089 5931 :ivouq.
2118 5866 2284 5925 'Entr.
