3926 6260
442 331 584 389 H45

1145 332 1416 388 EUSEBII
1465 325 1835 388 (ΖᾸΞΞᾸΝΕἉ
1845 329 1950 388 SIS
1986 332 2028 387 Ο

2168 332 2363 387 psus.
2404 332 2491 386 ιιι.
2531 360 2604 372 -
2644 313 3050 383 EXEGETICA.
3509 284 3636 383 im:

437 449 606 504 decor
639 467 652 503 :
685 456 741 504 et
769 448 1005 504 vidimus
1041 464 1189 513 eum,
1225 458 1281 503 et
1324 464 1428 503 non
1478 449 1713 505 habebat
1739 458 2018 521 aspectum

2136 451 2183 503 iv
2207 452 2277 520 γῇ
2308 447 2516 520 διψώσῃ
2541 464 2552 475 ·
2587 445 2686 498 οὐκ
2732 443 2879 496 ἔστιν
2913 437 3050 501 εἶδος
3080 436 3240 492 αἱ.τοῦ
3272 436 3382 490 οὐδὲ
3407 437 3539 504 δόξα·
3565 443 3637 495 καὶ

440 553 616 611 neque
643 541 1135 610 pulchritudinem;
1170 541 1265 597 sed
1288 549 1545 611 aspectus
1574 541 1697 611 ejus
1726 543 2014 613 inglorius,

439 628 699 683 deﬁciens
753 645 861 691 pra:
912 630 1039 684 liliis
1087 630 1407 695 hominum;
1468 631 1633 686 homo
1678 647 1973 701 percussus
2002 674 2017 697 ,

439 724 620 778 sciens
683 722 823 778 ferre
878 723 1294 791 inllrmitatem;
1365 724 1493 793 quia
1549 723 1891 779 deformatus
1936 732 2021 779 est

439 816 623 871 voltus
669 814 813 884 ejus,
845 814 1141 887 despectus
1176 826 1262 889 est
1293 826 1349 872 et
1387 834 1497 873 non
1544 823 1848 888 reputatus.
1877 815 2025 869 Lan-

438 920 638 977 guores
665 913 885 962 nostros
919 893 1037 978 ipse
1066 908 1213 971 tulit.
1270 917 1324 964 et
1357 909 1577 965 dolores
1620 916 1844 965 nostros
1905 909 2021 978 ipse

438 996 678 1065 portavit
713 1015 728 1051 :
760 1004 815 1051 et
843 1012 943 1052 nos
981 1000 1295 1068 putavimus
1351 1014 1478 1054 eum
1527 1000 2022 1071 quasiﬁprosum,

437 1097 493 1141 et
520 1089 1037 1157 percussumaDeo
1095 1098 1151 1146 et
1220 1090 1591 1146 humiliatum.
1659 1092 1782 1160 Ipse
1842 1099 2023 1145 autem

440 1179 762 1236 vulneratus
795 1191 878 1237 est
930 1191 1154 1253 propter
1203 1185 1525 1253 iniquitates
1568 1194 1811 1244 nostras.
1868 1184 2027 1237 attri-

441 1283 528 1326 tus
590 1281 678 1327 est
721 1280 943 1344 propter
1002 1277 1212 1330 scelera
1273 1284 1464 1330 nostra
1521 1294 1535 1330 :
1592 1274 1884 1345 disciplina
1924 1289 2025 1344 pa-

439 1360 524 1416 cis
555 1374 757 1418 nosme
782 1378 949 1433 super
981 1379 1127 1425 eum,
1151 1374 1207 1419 et
1228 1364 1401 1419 livore
1437 1366 1559 1435 ejus
1587 1367 1765 1419 sanati
1800 1381 2021 1419 sumus.

441 1452 647 1510 Omnes
681 1469 781 1511 nos
822 1455 981 1526 quasi
1012 1470 1143 1511 oves
1176 1457 1517 1523 erravimus;
1564 1457 1944 1527 unusquisque
1971 1458 2025 1511 in

448 1548 587 1602 viam
640 1562 795 1602 suam
858 1547 1154 1603 declinavit
1198 1567 1211 1602 :
1250 1557 1305 1602 et
1357 1550 1542 1619 posuit
1572 1548 1838 1603 Dominus
1873 1549 1929 1603 in
1961 1563 2028 1603 eo

442 1640 791 1710 iniquitatem
816 1641 1061 1695 omnium
1085 1652 1360 1695 nostrum.
1391 1639 1622 1696 Oblatas
1648 1652 1734 1697 est
1758 1642 1884 1711 quia
1912 1640 2029 1711 ipse

442 1732 634 1794 voluit,
652 1740 705 1786 et
719 1747 825 1786 non
844 1733 1057 1801 aperuit
1082 1746 1145 1787 os
1168 1747 1327 1788 suum
1357 1750 1370 1785 :
1401 1732 1681 1786 sicutovis
1709 1731 1774 1785 ad
1789 1731 2028 1785 occisio-

445 1836 569 1879 nem
600 1824 805 1878 ductus
826 1829 934 1889 est,
968 1832 1022 1878 et
1055 1825 1215 1894 quasi
1252 1839 1429 1894 agnus
1461 1838 1647 1877 coram
1680 1821 1941 1878 tondente
1966 1838 2026 1877 se
2061 1810 2100 1863 Β

441 1914 830 1967 obmutescens
858 1913 937 1967 sic
992 1930 1099 1967 non
1128 1914 1333 1982 aperiet
1355 1930 1416 1968 os
1435 1929 1616 1967 suum.
1651 1912 1727 1967 De
1747 1913 2022 1981 angustia,

441 2012 498 2060 et
528 2005 596 2058 de
619 2004 830 2073 judicno
861 2005 1112 2060 sublatus
1135 2015 1219 2059 est
1256 2024 1268 2059 :
1296 2005 1703 2075 generationem
1740 2004 1861 2073 ejus
1900 2004 2026 2072 quis

442 2094 762 2150 enarrabit?
795 2093 936 2160 Quia
976 2096 1258 2150 abscissus
1288 2103 1372 2150 est
1406 2096 1473 2149 de
1501 2104 1647 2149 terra
1675 2095 1970 2150 viventium
2008 2114 2020 2149 :

442 2195 668 2258 propter
711 2189 895 2243 scelus
928 2189 1113 2257 populi
1169 2189 1271 2242 mei
1308 2189 1563 2257 percussi
1596 2204 1742 2243 eum.
1788 2186 1855 2241 Et
1883 2187 2028 2242 dabo

444 2282 643 2346 impios
689 2295 788 2350 pro
831 2282 1135 2351 sepultura,
1172 2287 1226 2334 et
1269 2279 1494 2335 divitem
1525 2295 1622 2349 pro
1655 2287 1831 2334 morte
1864 2294 1977 2353 sua
2009 2296 2023 2330 :

442 2388 509 2428 eo
521 2371 665 2444 quod
686 2373 1031 2441 iniquitatem
1047 2388 1156 2427 non
1173 2373 1383 2436 tecerit,
1412 2386 1591 2441 neque
1611 2371 1772 2427 dolus
1799 2371 2029 2426 fueritin

442 2481 539 2521 ore
572 2466 710 2533 ejus.
733 2466 796 2520 Et
823 2465 1087 2521 Dominus
1120 2465 1293 2520 voluit
1314 2473 1599 2520 conterere
1621 2480 1745 2520 eum
1772 2465 1827 2518 in
1876 2462 2031 2517 infir-

445 2559 669 2625 mitate;
702 2559 888 2629 siquis
913 2558 1161 2629 posuerit
1197 2572 1297 2628 pro
1324 2564 1548 2627 peccato
1580 2558 1818 2611 animam
1848 2571 2028 2618 suam,

444 2651 650 2706 videbit
701 2667 887 2706 semen
944 2651 1268 2722 longaevum,
1300 2657 1356 2704 et
1397 2650 1651 2704 voluntas
1704 2648 1919 2704 Domini
1974 2650 2027 2703 in

445 2760 611 2798 manu
640 2743 760 2814 ejus
791 2744 1077 2815 dirigetur.
1107 2743 1214 2799 Pro
1255 2758 1321 2798 eo
1355 2742 1503 2813 quod
1546 2742 1816 2797 laboravit
1848 2742 2035 2796 anima

442 2835 587 2906 ejus,
614 2835 840 2901 videbit,
866 2844 919 2889 et
952 2835 1292 2890 saturabitur
1316 2853 1329 2888 :
1359 2834 1414 2887 in
1445 2834 1675 2888 scientia
1703 2849 1801 2889 sua
1826 2831 2032 2903 justiti-

444 2925 595 2980 cabit
626 2926 743 2996 ipse
770 2924 959 2995 justus
1002 2940 1197 2981 servus
1250 2939 1405 2978 meus
1441 2924 1664 2985 multos,
1712 2924 2031 2993 iniquitates

445 3030 637 3069 eorum
669 3014 787 3085 ipse
815 3015 1075 3085 portabit.
1116 3014 1242 3069 ldeo
1287 3015 1612 3085 dispertiam
1650 3014 1700 3068 ei
1740 3012 2028 3083 plurimos,

446 3114 502 3160 et
553 3105 776 3161 fortium
831 3105 1037 3161 dividet
1085 3106 1290 3176 spolia,
1343 3120 1443 3177 pro
1489 3119 1555 3160 eo
1606 3105 1750 3175 quod
1808 3103 2034 3159 tradidit

449 3196 507 3250 in
541 3202 767 3249 mortem
800 3194 1036 3248 animam
1073 3210 1254 3261 suam,
1286 3202 1341 3251 et
1374 3211 1497 3250 cum
1544 3194 1826 3249 sceleratis
1868 3210 2030 3264 repu-

452 3298 602 3342 tatus
633 3293 718 3341 est
749 3305 762 3340 :
792 3293 846 3341 et
895 3286 1013 3356 ipse
1058 3296 1281 3356 peccata
1318 3286 1615 3340 multorum
1645 3286 1792 3350 tulit,
1836 3296 1890 3339 et
1933 3274 2034 3357 pro

451 3378 956 3450 transgressoribus
999 3378 1233 3449 rogavit.
1282 3377 1492 3444 Lauda,
1523 3378 1731 3433 sterilis
1761 3394 1882 3447 quae
1925 3395 2032 3433 non

450 3470 633 3541 paris:
656 3467 887 3549 decanta
914 3468 1153 3535 laudem,
1178 3476 1232 3523 et
1261 3468 1437 3532 hinni,
1468 3482 1589 3538 qua:
1608 3483 1719 3520 non
1743 3465 2033 3535 pariebas:

449 3561 713 3631 quoniam
746 3550 901 3614 multi
936 3561 1028 3614 lilii
1079 3559 1331 3625 desertze,
1366 3559 1543 3630 magis
1574 3573 1737 3628 quam
1762 3558 1882 3625 ejus
1916 3573 2039 3627 que

452 3655 617 3708 habet
654 3653 832 3709 virum
868 3653 907 3705 ι.
949 3672 967 3703 ›
1005 3650 1236 3718 Quando
1270 3653 1417 3706 enim
1454 3651 1613 3712 alias,
1655 3650 1761 3703 nisi
1789 3664 1884 3719 per
1913 3647 2035 3701 Sal-

450 3747 658 3800 vatoris
691 3746 865 3800 nostri
888 3742 1018 3799 Jesu
1046 3745 1250 3800 Christi
1282 3745 1572 3799 adventuum
1601 3741 1885 3796 brachium
1916 3756 2034 3793 ma-

452 3854 641 3905 guum,
674 3838 883 3893 scilicet
904 3835 1069 3893 Verbi
1098 3836 1220 3907 ejus
1254 3836 1562 3898 brachium,
1593 3833 1757 3888 Pater
1785 3832 2039 3903 Deusque

452 3931 701 3984 omnium
753 3931 809 3984 in
843 3938 1146 3999 conspectu
1182 3929 1423 4000 gentium
1466 3927 1751 3990 revelavit,
1782 3940 1919 3996 quas
1954 3926 2037 3979 vi-

453 4021 647 4076 dentes
685 4023 867 4076 datam
909 4021 1047 4090 ipsis
1092 4036 1121 4075 a
1156 4019 1271 4075 Deo
1306 4020 1561 4081 salutem,
1597 4018 1666 4072 ab
1701 4032 1892 4072 errore
1927 4019 2038 4087 pri-

454 4113 598 4170 stino
618 4114 773 4183 jubet
802 4112 1080 4175 recedere,
1112 4127 1214 4167 nec
1246 4112 1358 4181 jam
1388 4111 1648 4183 pollutas.
1685 4109 1884 4179 quibus
1910 4108 2039 4161 oliin

454 4208 787 4271 serviebant,
822 4208 1075 4278 turpibus
1132 4213 1188 4260 et
1235 4203 1536 4258 immundis
1586 4202 1768 4257 rebus.
1795 4201 2032 4269 deditas,

456 4299 722 4369 tangere?
751 4297 817 4353 Et
851 4299 1114 4370 quoniam
1130 4312 1242 4352 non
1264 4310 1398 4349 casu
1432 4295 1565 4347 litut
1598 4293 1977 4348 deterreantur
2010 4307 2040 4345 a

453 4392 690 4462 pristina
717 4391 988 4461 majorum
1013 4388 1229 4445 vivendi
1253 4387 1469 4442 ratione
1497 4396 1550 4441 et
1583 4403 1612 4440 a
1634 4385 1909 4442 communi
1942 4385 2040 4438 ho~

2125 540 2339 612 εῐδομεν
2367 540 2551 601 αὐτὸν,
2575 539 2667 592 καὶ
2682 537 2781 590 οὐκ
2798 530 2942 605 εἶχεν
2957 529 3094 594 εἶδος
3116 529 3235 583 οὐδὲ
3247 528 3446 593 κάλλος·
3464 530 3575 583 ἀλλὰ
3592 532 3637 584 τὸ

2124 628 2261 696 εἶδος
2276 632 2440 685 αὑτοῦ
2458 631 2648 701 ἄτιμον
2671 629 2763 683 καὶ
2788 627 3053 689 ἐκλεῖπον,
3076 621 3225 693 παρὰ
3257 621 3377 683 τοὺς
3400 622 3529 684 υἱοὺς
3557 624 3640 675 τῶν

2124 725 2426 798 ἀνθρώπων
2444 742 2457 754 ·
2495 723 2779 798 ἄνθρωπος
2806 721 2861 772 ἐν
2889 717 3070 788 πληγῇ
3097 715 3190 780 ὣν,
3218 716 3310 769 καὶ
3331 712 3471 777 εἰδὼς
3496 714 3642 783 φέρειν

2130 816 2419 890 μαλακίαν,
2443 816 2526 869 ὅτι
2553 814 2934 884 ἀπέστραπται
2958 809 3019 862 τὸ
3051 807 3336 880 πρόσωπον
3367 804 3530 867 αὑτοῦ,
3553 807 3644 874 ἡτι-

2131 912 2334 985 μάσθη,
2367 910 2462 965 καὶ
2493 910 2593 961 οὒκ
2619 904 2889 976 ἐλογίσθη.
2925 898 3094 967 Οὗτος
3128 899 3227 963 τὰς
3254 897 3507 969 ἁμαρτίας
3525 896 3645 966 ἡμῶν

2129 1004 2305 1076 φέρει,
2329 1005 2422 1057 καὶ
2440 1018 2506 1055 πε
2513 1003 2569 1075 pl.
2591 1002 2624 1071 ή
2632 998 2745 1071 μῶν
2767 999 3036 1057 όδυνᾶται,
3055 995 3149 1048 καὶ
3164 994 3322 1063 ἡμεῖς
3343 987 3648 1059 ἐλογισάμεθα

2129 1098 2289 1153 αὐτὸν
2302 1093 2438 1150 εἶναι
2456 1097 2513 1147 ἐν
2531 1093 2674 1162 πόνῳ
2690 1092 2783 1145 καὶ
2802 1094 2860 1145 ὲν
2877 1087 3115 1143 κακώσει
3132 1086 3225 1140 καὶ
3247 1088 3303 1137 ὲν
3319 1083 3498 1155 πληγῇ.
3517 1082 3648 1146 Αὐτὸς

2128 1192 2183 1245 δὲ
2216 1187 2617 1262 ὲτραυματίσθη
2647 1185 2735 1238 διὰ
2764 1184 2865 1247 τὰς
2883 1180 3155 1253 ἁμαρτίας
3171 1177 3345 1250 ἡμῶν·
3381 1175 3571 1229 παιδεία
3591 1176 3652 1227 εἰ·

2131 1284 2299 1355 ρήνης
2320 1280 2475 1352 ἡμῶν
2491 1280 2577 1332 ἐπ’
2608 1274 2885 1345 autemst};
2918 1272 3144 1345 μώλωπι
3164 1267 3327 1322 αὐτοῦ
3358 1270 3502 1338 ἡμεῖς
3531 1265 3652 1338 ἰάθη-

2133 1390 2255 1445 μεν.
2278 1373 2486 1435 Πάντες
2514 1370 2590 1434 ὡς
2617 1366 2863 1439 πρόϐατα
2889 1360 3273 1433 ὲπλανήθημεν
3292 1375 3304 1387 ·
3331 1356 3583 1427 ἄνθρωπος
3602 1357 3653 1425 τῇ

2131 1465 2236 1536 ὁδῷ
2254 1463 2419 1517 αὑτοῦ
2443 1460 2744 1533 ἐπλανήθη,
2761 1459 2854 1511 καί
2869 1456 3073 1527 Κύριος
3091 1451 3399 1525 παρέδωκεν
3418 1450 3656 1510 αὺτδνταῖς

2133 1556 2430 1630 ἁμαρτίαις
2465 1553 2620 1625 ήμῶν
2645 1570 2656 1582 ·
2689 1550 2785 1605 καὶ
2814 1549 2973 1613 αὐτὸς
3008 1547 3094 1601 διὰ
3130 1544 3194 1598 τὸ
3235 1540 3560 1596 κεκακῶσθαι
3582 1540 3659 1594 οὐκ

2135 1650 2341 1718 ἀνοίγει
2359 1648 2421 1701 τὸ
2450 1646 2622 1716 στόμα
2638 1663 2651 1674 ο
2673 1643 2749 1708 ὼς
2782 1640 3052 1714 πρόϐατον
3077 1638 3169 1690 ἐπὶ
3199 1636 3409 1706 σφαγὴν
3430 1633 3570 1704 ἢχθη,
3587 1635 3660 1687 καὶ

2134 1741 2210 1805 ὼς
2240 1741 2408 1811 ἀμνὸς
2437 1738 2677 1793 ἐναντίον
2723 1735 2814 1789 τοῦ
2864 1735 3139 1804 κείροντος
3174 1730 3403 1798 ἄφωνος,
3431 1719 3565 1789 οὗτος
3586 1725 3663 1778 οὐκ

2129 1833 2334 1901 ἀνοίγει
2371 1831 2431 1885 τὸ
2468 1830 2643 1900 στόμα
2684 1825 2881 1881 αὐτοῦ’
2915 1827 2972 1878 ὲν
2999 1827 3065 1896 τῇ
3098 1818 3422 1877 ταπεινώσει
3458 1821 3488 1890 ἡ
3522 1818 3664 1888 κρίσις

2130 1921 2295 1976 αὑτοῦ
2333 1919 2497 1992 ῆρθη,
2529 1919 2628 1989 τὴν
2658 1918 2715 1971 δὲ
2746 1914 2937 1985 γενεάν
2964 1911 3126 1966 αὐτοῦ
3152 1911 3234 1974 τίς
3257 1909 3581 1980 διηγήσεται;
3602 1906 3665 1959 ὅτι

2130 2013 2348 2085 αἴρεται
2377 2011 2483 2065 ἀπὸ
2509 2011 2606 2082 τῆς
2634 2009 2740 2080 γῆς
2764 2010 2797 2079 ἡ
2822 2005 2935 2076 ζωὴ
2969 2001 3154 2066 αὑτοῦ,
3201 2001 3313 2054 ἀπὸ
3348 1997 3450 2052 τῶν
3472 1994 3665 2066 ἁνομιιῖιν

2128 2107 2220 2161 τοῦ
2252 2105 2382 2160 λαοῦ
2413 2121 2515 2175 μου
2549 2102 2687 2175 ἤχθη
2734 2103 2811 2164 εἰς
2856 2099 3101 2153 θάνατον.
3127 2096 3238 2149 Καὶ
3266 2093 3422 2147 δώσω
3456 2091 3563 2154 τοὺς
3591 2106 3665 2142 πο-

2134 2199 2333 2271 νηροὺς
2367 2197 2489 2251 ἀντὶ
2528 2196 2628 2267 τῆς
2683 2194 2857 2263 ταφῆς
2902 2190 3087 2254 αὐτοῦ,
3122 2189 3214 2243 καὶ
3260 2185 3389 2247 τοὺς
3430 2181 3667 2242 πλουσίους

2133 2292 2255 2344 ἀντὶ
2296 2289 2390 2342 τοῦ
2426 2288 2658 2341 θανάτου
2697 2283 2885 2348 αὐτοῦ,
2920 2283 3001 2335 ὅτι
3032 2279 3260 2350 ἀνομίαν
3308 2277 3408 2330 οὒκ
3438 2275 3672 2341 ἐποίησεν,

2130 2380 2253 2435 οὐδὲ
2281 2379 2479 2451 εὑρέθη
2508 2377 2659 2441 δόλος
2699 2378 2757 2429 ὲν
2785 2373 2863 2446 τῷ
2903 2374 3128 2444 στόματι
3158 2367 3345 2423 αὐτοῦ.
3376 2367 3482 2421 Καὶ
3508 2365 3669 2436 Κύριος

2134 2472 2380 2543 βούλεται
2411 2469 2705 2540 καθαρίσαι
2732 2466 2891 2519 αὑτὸν
2920 2463 3026 2517 ἀπὸ
3050 2462 3149 2531 τῆς
3184 2458 3433 2531 πληγῆςο
3461 2456 3545 2509 ἐὰν
3567 2454 3673 2508 δῶτε

2133 2566 2259 2638 περὶ
2287 2563 2581 2636 ἁμαρτίας,
2608 2564 2640 2632 ὴ
2668 2558 2812 2630 ψυχὴ
2842 2557 2993 2629 ὑμῶν
3035 2555 3221 2624 ὄψεται
3254 2552 3472 2623 σπέρμα
3503 2548 3670 2619 μακρά·

2133 2659 2279 2712 ὄιον·
2337 2657 2433 2711 καὶ
2481 2655 2728 2726 βούλεται
2782 2652 2983 2723 Κύριος
3023 2652 3080 2703 ὲν
3113 2647 3257 2719 χειρὶ
3295 2644 3459 2701 αὐτοῦ
3495 2640 3671 2710 ἀφελεῖν

2133 2751 2241 2806 ἀπὸ
2269 2748 2361 2803 τοῦ
2400 2749 2562 2801 πόνου
2594 2747 2693 2817 τῆς
2727 2744 2906 2815 ψυχῆς
2944 2740 3130 2804 αὐτοῦ,
3165 2737 3339 2804 δεῖξαι
3378 2736 3517 2806 αὐτῷ
3547 2733 3598 2803 (Ῑ.
3621 2730 3673 2787 55

2132 2853 2207 2909 νο)
2245 2843 2380 2912 φῶς,
2416 2841 2511 2895 καὶ
2545 2838 2745 2892 πλάσαι
2788 2839 2853 2908 τῇ
2897 2834 3148 2899 συνέσει,
3177 2829 3468 2885 δικαιῶσαι
3506 2827 3674 2880 δίκαιον

2138 2926 2195 2984 εὖ
2231 2910 2548 2982 δουλεύοντα
2570 2924 2820 2987 πολλοῖς(
2840 2920 3038 2983 καὶτὰς
3055 2917 3335 2989 ἁμαρτίας
3367 2913 3534 2969 αὐτῶν
3550 2910 3677 2971 αὐτὸς

2136 3021 2371 3076 ἀνοίσει·
2403 3019 2490 3073 διὰ
2518 3017 2675 3070 τοῦτο
2721 3011 3320 3092 αὐτὸςκληρονομήσει
3354 3006 3582 3067 πολλοὺς.
3605 3002 3678 3055 καὶ

2135 3114 2242 3168 τῶν
2296 3110 2530 3184 ἰσχυρῶν
2574 3111 2750 3182 μεριεῖ
2787 3106 2989 3160 σκῦλα·
3046 3103 3160 3158 ἀνθ’
3200 3096 3278 3156 ὧν
3325 3095 3575 3171 παρεδόθη
3618 3096 3677 3155 εἰς

2139 3206 2368 3260 θάνατον
2398 3206 2431 3276 ἡ
2463 3201 2607 3274 ψυχὴ
2630 3200 2816 3265 αὑτοῦ,
2849 3199 2941 3253 καὶ
2960 3199 3017 3252 ἐν
3051 3200 3164 3260 τοῖς
3189 3196 3418 3265 ἀνόμοις
3442 3187 3676 3258 ἐλογίσθη·

2137 3301 2230 3354 καὶ
2280 3298 2441 3361 αὐτὸς
2472 3294 2741 3368 ἁμαρτίας
2788 3292 2996 3347 πολλῶν
3047 3292 3338 3362 ἀνήνεγκε,
3375 3287 3467 3340 καὶ
3507 3284 3584 3337 διὰ
3606 3279 3680 3341 τὰς

2136 3390 2366 3462 ἀνομίας
2399 3386 2576 3442 αὐτῶν
2610 3384 2898 3457 παρεδόθη.
2934 3380 3308 3453 Εὐφράνθητι,
3351 3378 3531 3449 στείρα
3566 3374 3596 3444 ἡ
3635 3371 3680 3424 oio

2136 3482 2416 3544 τίκτουσα,
2442 3477 2604 3549 ῥῆξον
2628 3477 2722 3531 καὶ
2762 3475 2955 3546 βόησον
3009 3474 3100 3528 καὶ
3140 3471 3370 3543 τέρπου,
3404 3471 3437 3540 ὴ
3469 3469 3559 3521 οὐκ
3583 3462 3680 3517 ὠδί-

2138 3590 2304 3627 νουσα
2323 3589 2335 3602 ·
2369 3572 2451 3624 ὅτι
2483 3569 2651 3623 πολλά
2681 3569 2750 3622 τὰ
2777 3567 2945 3620 τέκνα
2968 3564 3067 3634 τῆς
3100 3565 3311 3636 ἐρήμου
3340 3559 3582 3633 μᾶλλονῆ
3606 3556 3682 3625 τῆς

2139 3665 2370 3735 ἐχούσης
2416 3662 2508 3716 τὸν
2550 3661 2734 3731 ἄνδρα.
2777 3678 2795 3710 ι
2836 3659 2945 3711 Καὶ
2984 3656 3100 3709 πότ’
3146 3655 3339 3708 ἄλλοτε
3386 3654 3461 3717 ὡς
3510 3652 3592 3704 ἐπὶ
3632 3649 3681 3715 τῇ

2140 3756 2412 3828 παρουσία
2457 3752 2551 3807 τοῦ
2602 3754 2853 3824 Σωτῆρος
2905 3748 3061 3820 ἡμῶν
3116 3747 3293 3819 ’ῐησοῦ
3348 3742 3572 3817 Χριστοῦ
3614 3738 3683 3792 τὸν

2142 3847 2400 3919 βραχίονα
2442 3844 2533 3898 τὸν
2583 3845 2776 3916 μέγαν,
2823 3842 2922 3895 οὐκ
2966 3838 3119 3894 ἄλλον
3150 3837 3281 3890 ὄντα
3309 3836 3405 3889 τοῦ
3439 3835 3594 3902 Λόγου
3611 3830 3688 3883 αὖα

2138 3941 2253 4002 τοῦ,
2279 3942 2307 3992 ὁ
2346 3938 2535 4010 Πατὴρ
2560 3938 2653 3991 καὶ
2684 3936 2813 3998 Θεὸς
2859 3932 2967 3986 τῶν
3004 3933 3138 3986 ὅλων
3164 3929 3399 3984 ἐνώπιον
3422 3927 3524 3980 τῶν
3550 3921 3684 3977 ἐθνῶν

2142 4028 2515 4099 ἀπεκάλυψεν,
2562 4027 2599 4082 ἃ
2637 4027 2731 4081 καὶ
2769 4025 2948 4079 ἰδόντα
2987 4023 3084 4095 τὴν
3123 4019 3506 4094 δεδωρημένην
3537 4016 3686 4074 αὐτοῖς

2142 4123 2246 4176 ὑπὸ
2300 4120 2393 4174 τοῦ
2446 4117 2581 4173 Θεοῦ
2634 4115 2906 4189 σωτηρίαν
2949 4112 3279 4183 ἀφίστασθαι
3312 4111 3411 4182 τῆς
3456 4105 3687 4180 προτέρας

2143 4213 2539 4287 προστάττεται
2563 4209 2791 4278 πλάνης,
2811 4207 2904 4261 καὶ
2933 4205 3128 4278 μηκέτι
3151 4203 3258 4257 τῶν
3280 4202 3611 4272 ἀκαθάρτων,
3624 4189 3688 4256 οἷς

2143 4286 2407 4380 πρότερον
2455 4303 2802 4367 ἐκαλινδεῖτο,
2838 4301 3081 4371 αἰσχροῖς
3118 4298 3213 4352 καὶ
3241 4298 3461 4368 μιαροῖς
3495 4286 3688 4380 ὲνειλοθ·

2147 4378 2281 4470 μενα
2308 4378 2627 4469 πράγμασιν
2662 4393 3033 4465 ὲῳάπτεσθαι;
3068 4390 3179 4446 Καὶ
3207 4390 3337 4442 ἐπεὶ
3376 4389 3437 4441 οὺ
3468 4386 3527 4439 τὸ
3558 4378 3689 4451 τυχόν

453 4484 662 4535 minum
711 4480 975 4537 societate
1046 4480 1211 4551 hujus
1242 4480 1418 4551 gratia
1455 4479 1573 4549 ipse
1610 4476 1878 4531 Dominus
1909 4489 2031 4528 eum

2144 4494 2259 4545 ἐστι
2301 4490 2362 4544 τὸ
2397 4488 2759 4559 ἀποδιορίζειν
2800 4488 3024 4550 ἑαυτοὺς
3067 4484 3164 4554 τῆς
3199 4481 3477 4553 προτέρας
3520 4488 3688 4566 πατρο-

454 4574 526 4629 iis
577 4572 982 4627 ambulaturum
1046 4589 1105 4629 se
1158 4588 1358 4643 eosque
1402 4578 1860 4642 eongregaturum
1904 4582 2033 4637 pro-

456 4664 646 4731 mittit,
682 4671 967 4735 portantes
1000 4680 1131 4721 vasa
1190 4680 1310 4730 sua,
1358 4672 1549 4719 sancta
1600 4661 1852 4717 videlicet
1899 4674 2037 4729 prae.-

458 4765 636 4828 eepta,
679 4757 1009 4826 divinosque
1057 4772 1360 4812 sermones.
1400 4753 1615 4809 Rursus
1654 4754 1735 4807 eis
1775 4751 2037 4821 quemad-

459 4850 684 4905 modum
714 4850 769 4904 in
799 4849 1075 4920 prioribus
1101 4847 1405 4919 prophetiis
1434 4845 1651 4900 diverse
1684 4843 1857 4897 Filius
1879 4842 2039 4896 Chri-

461 4950 580 5000 stus
597 4942 982 4996 nominabatur
1001 4940 1117 5004 Dei,
1138 4942 1213 4994 ita
1234 4948 1286 4994 et
1305 4941 1393 4993 hic
1415 4940 1637 4994 dicitur.
1659 4937 2040 4992 lntellecturus

460 5039 664 5088 autem,
689 5038 742 5084 et
768 5030 1085 5092 elevandus,
1110 5040 1164 5084 et
1199 5043 1530 5099 magnopere
1559 5027 1885 5082 exaltandus
1916 5043 2042 5097 pro-

460 5122 768 5193 phetlzatur
785 5130 1005 5193 propter
1022 5122 1411 5176 humanitatem
1429 5136 1608 5184 suam,
1628 5120 1695 5174 de
1711 5136 1816 5192 qua
1837 5120 1951 5175 haec
1966 5121 2045 5174 di-

460 5223 680 5269 cuntur.
701 5212 996 5269 Vereenim
1020 5215 1422 5285 obstupuerunt
1438 5214 1715 5269 etattoniti
1734 5221 1860 5267 sunt
1878 5228 2043 5281 super

460 5320 586 5361 eum
618 5306 797 5373 multi,
833 5308 1104 5362 hominem
1136 5322 1262 5361 eum
1299 5305 1404 5362 sibi
1444 5305 1679 5361 similem
1703 5312 2038 5374 reputantes.

466 5393 989 5470 Obstupueruntque
1031 5399 1182 5453 nulla
1232 5397 1599 5469 praecellentia
1647 5396 1733 5450 vel
1764 5395 2043 5449 mtmdana

470 5488 641 5555 gloria
670 5490 1069 5546 circumdatum
1101 5506 1227 5546 eum
1259 5491 1532 5553 videntes,
1564 5503 1714 5552 cum,
1751 5485 1924 5541 forma
1949 5485 2044 5540 Dei

442 5574 741 5646 .deposita,
765 5582 1054 5652 ipsumque
1088 5597 1148 5638 se
1170 5581 1515 5643 exinaniens,
1551 5586 1604 5633 et
1628 5577 1770 5632 servi
1814 5577 2045 5630 formam

473 5666 771 5736 accipiens,
824 5673 1184 5728 admiratione
1239 5681 1293 5728 et
1345 5670 1822 5742 obstupefactione
1883 5671 2046 5741 digna

583 5780 598 5810 ¹
623 5777 745 5838 lsai.
779 5797 878 5852 LII,
915 5783 1114 5850 l0-l5;
1152 5800 1268 5851 Llll,
1301 5786 1361 5852 l;
1394 5798 1507 5851 uv,
1547 5784 1594 5839 l.

2139 4580 2445 4652 παραδότου
2497 4556 2801 4641 πολιτείας,
2856 4577 2949 4629 καὶ
2992 4572 3093 4643 τῆς
3142 4570 3330 4640 κοινῆς
3378 4567 3485 4619 τῶν
3520 4556 3691 4630 ἀνθρὼ-

2140 4692 2254 4727 πων
2304 4669 2781 4741 συναναστροφῆς,
2828 4667 3014 4720 τούτου
3045 4663 3203 4734 χάριν
3248 4660 3418 4723 αὐτὸς
3457 4659 3485 4710 ό
3523 4652 3689 4722 Κύριος

2143 4761 2619 4836 συμπορεύσεσθαι
2692 4761 2784 4813 καί¹
2845 4756 3090 4821 συνάξειν
3150 4750 3538 4821 ἐπαγγέλλεται
3568 4741 3689 4813 ⁵τοπ

2142 4829 2405 4931 φέροντας
2456 4855 2526 4909 τά
2590 4851 2757 4923 σκεύη
2817 4849 3021 4913 αὑτοῦ,
3067 4846 3222 4917 δῆλον
3269 4843 3316 4895 δ’
3361 4844 3445 4895 ὅτι
3494 4836 3556 4931 τά
3594 4829 3690 4931 ἱερὰ

2145 4924 2390 5022 δόγματα
2421 4949 2515 5003 καὶ
2555 4947 2681 5009 τοὺς
2721 4943 2897 5006 θείους
2925 4940 3138 5008 λόγους.
3183 4934 3355 4989 Πάλιν
3397 4933 3442 4986 δ’
3480 4928 3565 5022 ἐπί
3588 4924 3687 5022 τοί-

2143 5016 2259 5108 τοξᾷ
2289 5043 2347 5097 ὃν
2382 5042 2583 5114 τρόπον
2614 5042 2672 5092 ὲν
2702 5038 2823 5100 ταῖς
2858 5033 3113 5103 ἀνωτέρω
3150 5026 3510 5100 προφητείαις
3538 5016 3689 5114 διαφό-

2151 5109 2587 5208 ρας(ως)”Παῖς
2660 5133 2687 5184 ὁ
2744 5127 2980 5200 Χριστὸς
3033 5121 3347 5194 ὠνομάζετο
3403 5109 3688 5208 τοῦῥερῧν

2146 5227 2410 5291 ὡσαύτως
2442 5227 2652 5297 εἴρηται
2695 5221 2789 5275 καὶ
2818 5217 3022 5273 ἐνθάδε·
3065 5215 3314 5285 συνήσειν
3350 5210 3407 5263 δὲ
3448 5207 3537 5261 καὶ
3571 5202 3691 5269 ὑψω-

2146 5322 2547 5393 θήσεσθαι.καὶ
2600 5317 2801 5389 σφόδρα
2844 5309 3266 5384 δοξασθήσεσθαι
3325 5299 3690 5393 προφητεύεται

2150 5410 2246 5465 τοῦ
2285 5410 2627 5481 ἀνθρωπίνου
2662 5404 2827 5460 αὐτοῦ
2854 5401 3257 5473 ὲπινοουμένου,
3297 5396 3427 5469 περὶ
3460 5388 3516 5447 οὗ
3546 5386 3689 5443 ταῦτα

2158 5506 2389 5575 λέγεται·
2425 5501 2641 5573 ἀληθῶς
2669 5498 2726 5552 δὲ
2757 5498 3052 5567 ἐξέστησαν
3076 5494 3168 5547 καὶ
3191 5488 3597 5562 ἐξηπορήθησαν

2159 5597 2304 5669 αδτῷ
2333 5594 2536 5657 πολλοὶ,
2568 5591 2850 5665 ἄνθρωπον
2885 5590 3091 5650 ἑαυτοῖς
3125 5585 3306 5654 ὅμοιος
3340 5574 3571 5651 (ὁμοίως)
3608 5568 3663 5621 αὑ
