3926 6260
236 347 364 403 1245

1249 340 1541 397 ECLOGA}
1582 339 2061 400 PROPIIETICE.
2098 374 2166 383 —
2189 343 2316 400 LIB.
2356 342 2444 400 Ν.
2482 362 2491 369 ‘

3339 354 3474 408 133.6

232 474 318 517 τον
348 458 725 528 ύπειληφθτεςο
766 457 860 511 καὶ
901 456 1196 527 ὲξέστησάν
1221 471 1285 523 γε
1318 455 1586 526 μηδεμίαν
1629 456 1798 528 ὑπερ-

1903 457 2130 527 perfecit
2160 458 2429 529 prodigia,
2472 457 2548 511 ita
2600 465 2658 511 ut
2704 459 3136 529 contemplantes
3192 477 3314 519 eum
3358 477 3476 522 stu-

234 552 364 622 οχῆν
394 548 429 620 ἦ
457 548 613 612 δόξαν
652 546 922 617 κοσμικὴν
947 544 1411 618 περιόεϐλημένον
1435 546 1596 600 αὑτὸν
1625 548 1798 618 ἑωρα-

231 644 400 706 κότες,
424 643 538 707 ὅτε,
561 642 659 711 τὴν
685 640 779 693 τοῦ
808 639 942 693 Θεοῦ
978 638 1190 711 μορφὴν
1218 639 1573 709 ἀποθέμενος,
1606 640 1799 694 ἑαυτόν

229 754 286 791 τε
308 733 551 797 κενώσας
584 735 677 786 καὶ
708 731 893 785 δούλου
925 729 1234 800 ἀνειληφὼς
1271 728 1503 802 μορφὴν,
1538 728 1799 800 ὲξε(σ)τά-

228 844 361 890 σεως
399 825 522 890 ἀξια
556 824 650 878 καὶ
690 822 1083 893 καταπλήξεως
1115 822 1364 875 ἀπετέλει
1397 821 1692 892 παράδοξα,
1724 821 1798 885 ὡς

226 920 349 981 τοὺς
404 917 744 988 θεωροῦντας
801 916 939 970 αύτά
995 914 1540 985 καταπληττομένους
1594 915 1794 983 λέγειν·

229 1029 246 1061 ι
278 1010 389 1079 Ούχ
416 1001 571 1071 οὗτός
603 1008 750 1060 ἐστιν
787 1008 816 1058 6
851 1007 964 1070 υίὸς
996 1008 1232 1078 Ἰωσήφ;
1269 1005 1452 1075 οὐχὶ.ή
1494 1006 1674 1074 μήτηρ
1705 1006 1799 1057 ml

222 1104 270 1155 οί
302 1100 521 1171 ἀδελφοὶ
543 1101 707 1153 αὐτοῦ
743 1102 849 1153 εἰσι
887 1101 1014 1171 παρ’
1046 1101 1211 1170 ἡμῖν;
1254 1118 1272 1150 ι
1313 1098 1423 1151 Καὶ
1448 1100 1527 1161 εἰς
1552 1098 1711 1169 δεῦρο
1741 1099 1799 1152 δὲ

220 1192 462 1246 πλεῖστοι
492 1193 577 1245 ἐπ’
608 1192 770 1244 αὑτὸν
804 1189 1109 1256 ἐξίστανται
1139 1191 1233 1243 καὶ
1266 1188 1673 1261 ἐξαποροῦνται,
1700 1190 1798 1260 τὴν

218 1285 567 1340 διδασκαλίαν
605 1285 769 1339 αὑτοῦ
799 1284 1204 1356 διαδραμοῦσαν
1238 1284 1329 1336 καὶ⁸
1361 1283 1440 1335 ἔτι
1463 1282 1557 1335 νῦν
1586 1281 1800 1352 διατρέ-

215 1395 421 1449 χουσαν
454 1378 537 1447 ἐφ’
560 1377 688 1449 ὅλην
722 1377 956 1449 δρῶντες
983 1377 1082 1447 τὴν
1113 1376 1457 1445 οἰκουμένην,
1488 1373 1598 1426 τῶν
1625 1391 1683 1426 τε
1717 1375 1796 1437 εἰς

214 1470 380 1525 αὐτὸν
428 1469 869 1523 πεπιστευκότων
918 1466 1015 1537 τὴν
1065 1467 1259 1528 ἀκλινῆ
1319 1467 1413 1519 καὶ
1467 1463 1798 1534 ἀμετάθετον

210 1561 456 1615 διάθεσιν
471 1560 881 1622 κατανοοῦντες.
911 1557 1096 1611 Ταῦτα
1121 1558 1178 1610 δὲ
1191 1557 1561 1628 θαυμάζοντες
1582 1556 1641 1609 ού
1672 1570 1796 1607 συν-

215 1655 328 1708 ίασι
359 1654 462 1723 τὴν
485 1652 634 1706 θείαν
663 1651 892 1722 δύναμιν
931 1650 1052 1703 καθ’
1081 1650 1150 1722 ἢν
1186 1649 1455 1721 ἐνήργησέ
1486 1665 1548 1701 τε
1571 1647 1664 1700 καὶ
1686 1648 1797 1699 εἰσ-

211 1745 294 1797 έτι
330 1744 431 1797 νῦν
465 1744 710 1815 ἐνεργεῖν
743 1742 811 1795 τά
866 1741 1172 1812 τηλικαῦτα
1203 1741 1504 1810 δεδύνηται·
1542 1739 1794 1809 συνέσχον

1900 554 2096 616 pentes
2143 547 2387 602 dicerent
2423 566 2436 601 :
2477 565 2495 598 ι
2533 546 2726 602 Nonne
2759 548 2851 602 hic
2892 558 2976 605 est
3007 549 3169 607 Jesus
3203 553 3345 611 illius
3376 555 3474 613 Jo-

1900 641 2032 710 seph
2055 638 2288 695 ?Nonne
2305 647 2478 696 mater
2496 648 2550 696 et
2574 640 2772 695 fratres
2794 641 2915 710 ejus
2944 652 3075 698 sunt
3092 646 3234 700 inter
3250 664 3351 704 nos
3366 651 3425 705 ‘?
3450 671 3469 704 ι

1899 731 1966 786 Ει
1999 748 2145 787 nunc
2179 747 2356 824 usque
2385 747 2553 803 super
2579 749 2703 788 eum
2766 732 3110 789 admirantur
3133 747 3188 792 et
3215 738 3477 811 obstupe-

1899 826 2338 896 seuutplerique,
2355 825 2663 880 doctrinam
2691 826 2812 895 ejus
2836 827 3088 883 diffusam
3117 837 3172 883 et
3202 847 3347 887 nunc
3377 834 3478 888 ad-

1898 917 2005 972 huc
2037 923 2414 987 penetrantem
2433 916 2679 972 videntes
2715 918 2770 972 in
2795 919 3103 975 universam
3132 928 3354 990 terram,
3377 940 3476 979 eo-

1899 1025 2132 1080 rumque
2169 1010 2263 1080 qui
2293 1008 2644 1064 crediderunt
2678 1011 2733 1064 in
2761 1026 2884 1064 eum
2903 1020 3245 1067 constantem
3283 1015 3477 1071 immo-

1900 1111 2121 1174 tamque
2136 1103 2595 1173 perseverantiam
2614 1112 2949 1174 reputantes.
2971 1103 3093 1160 Haec
3115 1117 3295 1161 autem
3310 1107 3476 1163 admi-

1900 1197 2026 1260 rati,
2047 1211 2159 1251 non
2187 1195 2426 1250 divinam
2459 1197 2844 1251 intellexerunt
2871 1204 3190 1267 potestatem
3220 1216 3327 1269 qua
3351 1216 3475 1270 ope-

1901 1297 2054 1342 ratus
2073 1294 2230 1343 estet
2254 1302 2401 1341 nunc
2434 1303 2609 1357 usque
2635 1289 2849 1358 operari
2890 1295 2968 1342 tot
3003 1296 3058 1343 et
3086 1298 3234 1344 tanta
3263 1292 3472 1359 valeat;

1898 1381 2285 1434 continuerunt
2300 1390 2475 1434 autem
2492 1395 2617 1434 vere
2643 1395 2810 1450 super
2823 1394 2946 1434 eum
2962 1390 3015 1435 et
3027 1382 3376 1437 occluserunt
3397 1399 3480 1440 re-

1900 1487 1996 1542 ges
2019 1487 2082 1525 os
2113 1486 2295 1538 suum,
2317 1471 2434 1525 sive
2458 1470 2553 1540 qui
2589 1471 2904 1541 congregati
2933 1471 3148 1527 fuerant
3202 1475 3478 1544 passionis

1896 1568 2016 1637 ejus
2034 1578 2296 1640 tempore,
2314 1569 2382 1625 de
2398 1570 2601 1639 quibus
2621 1569 2827 1623 dictum
2841 1575 2924 1623 est
2944 1567 3300 1622 :«Astiterunt
3321 1579 3479 1638 reges

1897 1669 2076 1723 terrae,
2111 1669 2165 1715 et
2202 1662 2480 1732 principes
2526 1668 2902 1716 convenerunt
2931 1661 2986 1713 in
3015 1674 3184 1711 unum
3214 1657 3486 1720 adversus

1897 1765 2053 1817 eum;
2074 1752 2247 1804 'isive
2270 1751 2362 1822 qui
2393 1759 2522 1804 tunc
2535 1759 2692 1804 erant
2712 1748 2985 1820 principes
3001 1746 3241 1817 gentium
3259 1755 3485 1810 ;etcon-

209 1825 267 1890 δὲ
300 1834 519 1906 ἀληθῶς
573 1836 668 1888 καὶ
712 1836 1057 1890 συνέστειλαν
1105 1835 1191 1886 ἐπ’
1234 1833 1397 1886 αὐτὸν
1449 1830 1687 1902 βασιλεῖς
1736 1830 1798 1883 τὸ

1901 1841 2180 1894 tinueruut
2196 1840 2441 1910 profecto
2457 1855 2519 1896 os
2552 1856 2734 1905 suum,
2757 1855 2881 1894 cum
2899 1841 3100 1909 saepius
3114 1838 3482 1893 intercludere

209 1927 393 1998 στόμα
434 1927 634 1991 αὐτῶν,
661 1927 769 1980 εἴτε
798 1930 847 1981 oi
879 1926 1232 1997 συναχθέντες
1261 1922 1403 1978 κατά
1425 1925 1486 1976 τὸ
1512 1922 1682 1986 πάθος
1702 1923 1799 1975 αύ-

206 2020 328 2086 τοῦ,
368 2021 499 2091 περὶ
543 2013 618 2073 ὧν
660 2019 854 2091 ἐλέχθη
887 2020 966 2073 τό’
1017 2038 1036 2070 ί
1074 2019 1431 2090 Παρέστησαν
1475 2016 1524 2067 οἱ
1560 2014 1800 2085 βασιλεῖς

203 2115 310 2184 τῆς
345 2114 477 2184 γῆς,
506 2114 600 2167 καλ⁸
618 2115 667 2167 οῖ
700 2114 958 2185 ἄρχοντες
990 2110 1332 2182 συνήχθησαν
1362 2109 1454 2162 ἐπὶ
1483 2108 1543 2160 τὸ
1572 2107 1720 2173 αὐτό,
1775 2127 1794 2159 ι

201 2206 320 2260 εἴτε
357 2208 456 2260 καὶ
482 2208 531 2259 οἱ
576 2206 717 2260 κατὰ
761 2207 984 2277 καιροὺς
1027 2206 1287 2276 ἄρχοντες
1326 2202 1434 2256 τῶν
1471 2200 1669 2255 ὲθνῶνο
1705 2200 1800 2253 καὶ

202 2299 479 2367 συνέσχον
510 2313 573 2364 γε
608 2296 783 2366 στόμα
822 2294 1029 2348 ἑαυτῶν
1062 2294 1138 2363 τῷ
1170 2293 1430 2358 πολλάκις
1475 2294 1572 2364 μὲν
1602 2293 1800 2356 αὐτοὺς

200 2380 566 2459 ἐπιχειρῆσαι
600 2386 844 2440 κωλῦσαι
883 2387 973 2439 τὸν
999 2385 1156 2454 λόγον
1188 2384 1350 2438 αὑτοῦ
1385 2386 1479 2437 καὶ
1519 2385 1619 2454 τὴν
1652 2382 1799 2435 διδαο

201 2480 471 2543 σκαλίαν,
509 2479 659 2532 οὐδὲν
699 2479 757 2532 δὲ
793 2474 956 2549 ἦττον
993 2476 1343 2549 ὑπερισχύειν
1372 2476 1534 2529 αὑτὸν
1565 2476 1658 2528 καὶ
1683 2475 1798 2528 δια-

197 2572 456 2643 λάμπειν
487 2567 840 2639 δοξαζόμενον
874 2567 968 2621 καὶ
999 2569 1079 2630 εἰς
1105 2565 1237 2635 ὕψος
1264 2565 1574 2636 αἰρόμενον,
1610 2564 1675 2634 (f.
1706 2564 1797 2633 57)

196 2664 280 2727 ὡς
315 2661 562 2732 φανερὸν
612 2660 803 2713 ἑαυτὸν
849 2658 1174 2713 καθιστάναι
1218 2658 1280 2710 ού
1330 2656 1513 2728 μόνοις
1558 2658 1671 2718 τοῖς
1700 2654 1800 2719 τάς

197 2755 338 2828 περὶ
388 2752 560 2806 αὑτοῦ
600 2753 936 2824 προφητείας
979 2753 1043 2805 ὲκ
1088 2750 1340 2820 πατέρων
1389 2748 1799 2820 παρειληφόσιν,

195 2848 368 2911 ἀλλὰ,
422 2847 488 2899 τὸ
534 2845 989 2919 παραδοξότατον,
1029 2840 1110 2907 οἷς
1151 2838 1799 2910 οὐδεπώποτε“ἀνηγγέλη

191 2958 249 2995 τι
280 2939 422 3010 περὶ¹
454 2937 645 3001 αὐτοῦ,
686 2937 830 2990 τοῦτ’
865 2934 1009 2989 ἔστιν
1044 2938 1177 3005 ἡμῖν
1209 2937 1322 2998 τῖῖς
1364 2933 1593 2986 ἔθνεσιν·
1629 2932 1678 2984 οἳ
1706 2932 1801 2985 καὶ

1901 1948 2185 1989 sermones
2205 1933 2326 2003 ejus
2362 1934 2545 1988 conati
2576 1941 2760 1988 essent
2800 1942 2962 2002 atque
2977 1931 3481 1997 doetrinam,etillo

1901 2022 2260 2079 nihilominus
2277 2012 2332 2077 in
2355 2024 2535 2094 majus
2555 2023 2940 2089 invaleseeret,
2966 2023 3283 2091 praeclarus,
3314 2021 3481 2094 incly-

1901 2122 2010 2178 tus,
2037 2121 2090 2169 et
2121 2114 2373 2170 sublimis
2411 2112 2610 2180 factus,
2629 2113 2703 2167 ita
2739 2123 2799 2167 ut
2827 2113 3154 2168 manifestus
3189 2112 3341 2167 ﬁeret
3368 2127 3477 2167 non

1900 2204 2064 2259 modo
2079 2205 2147 2260 iis
2160 2204 2251 2274 qui
2271 2218 2301 2257 a
2317 2204 2568 2273 patribus
2581 2203 2649 2258 de
2665 2203 2787 2273 ipso
2803 2202 3115 2272 prapbetias
3132 2209 3478 2272 acceperant,

1902 2299 2019 2363 sed,
2037 2298 2182 2367 quod
2217 2299 2389 2351 multo
2406 2297 2580 2369 magis
2602 2295 2907 2349 mirandum
2940 2303 3117 2358 est,et
3147 2294 3256 2348 illis
3280 2292 3480 2363 quibus

1900 2389 2034 2442 nihil
2069 2385 2308 2459 unquam
2336 2386 2404 2441 de
2435 2401 2502 2441 eo
2527 2386 2910 2440 anuuutiatum
2926 2383 3125 2448 fuerat,
3148 2384 3357 2438 Scilicet
3381 2398 3483 2437 no-

1897 2481 1983 2536 bis
2020 2482 2295 2551 gentibus.
2322 2478 2426 2545 Qui
2457 2486 2512 2533 et
2542 2477 2766 2531 minime
2794 2475 3090 2546 quidquam
3118 2488 3150 2527 a
3172 2473 3479 2541 majoribus

1900 2574 2276 2637 audieramus,
2327 2585 2464 2626 neve
2521 2569 2590 2624 de
2640 2569 2760 2638 ejus
2809 2567 3048 2622 adventu
3092 2565 3480 2626 didiceramus,

1899 2681 2026 2722 eum
2072 2665 2290 2720 venisse
2330 2663 2712 2733 cognovimus,
2769 2660 3191 2730 accepimusque
3243 2657 3309 2712 de
3360 2656 3481 2724 ipso

1902 2757 2240 2829 prophetias.
2268 2754 2401 2821 Quae
2432 2763 2612 2809 autem
2639 2752 2943 2824 praevidens
2973 2752 3257 2822 propheta,
3286 2751 3483 2822 spiritu

1903 2850 2117 2903 afllatus
2138 2849 2345 2914 divino,
2372 2845 2672 2901 admiratus
2702 2845 2974 2899 exclamat
2998 2862 3011 2898 :
3040 2863 3059 2895 ι
3087 2843 3328 2908 Domine,
3359 2843 3487 2913 quis

1904 2942 2136 2997 credidit
2174 2940 2386 2995 auditui
2428 2939 2660 2994 nostro?
2703 2957 2723 2990 ι
2759 2937 2916 3004 Quod
2949 2952 3060 2992 non
3110 2936 3252 2992 idem
3288 2944 3373 2991 est
3419 2950 3487 2990 ac

1904 3036 1951 3089 si
1977 3035 2189 3089 diceret
2219 3051 2232 3087 :
2268 3030 2463 3086 Nullus
2484 3030 2670 3085 credet
2703 3030 2912 3083 auditui
2952 3038 3165 3085 nostro.
3198 3028 3489 3083 Manifesta

192 3033 328 3105 μηδ’
359 3031 507 3094 ὅλως
544 3028 697 3101 παρὰ
734 3027 843 3081 τῶν
878 3027 1158 3097 προγόνων
1199 3026 1501 3098 ἀκηκοότες
1540 3042 1614 3089 τι,
1666 3022 1802 3095 μηδὲ

190 3121 714 3197 προμεμαθηκότες
741 3121 868 3192 περὶ
892 3120 991 3190 τῆς
1019 3119 1184 3171 αὑτοῦ
1219 3117 1539 3189 παρουσίας,
1564 3118 1801 3186 συνῆκα-

191 3231 299 3287 μεν
343 3212 521 3267 αὐτὸν
560 3210 802 3274 ἐλθόντα,
841 3210 936 3263 καὶ
977 3207 1075 3271 τὰς
1108 3210 1236 3278 περὶ
1271 3206 1435 3261 αὐτοῦ
1463 3207 1799 3279 προφητείας

187 3302 643 3374 κατεδεξάμεθα.
699 3301 883 3356 Ταῦτα
932 3301 990 3354 δὲ
1039 3299 1273 3372 προϊδὼν
1323 3303 1352 3354 6
1404 3301 1691 3370 προφήτης
1741 3301 1798 3351 ὲν

185 3399 487 3469 πνεύματι
523 3396 795 3464 ἀναφωνεί
815 3392 1317 3463 ἀποθαυμαστικῶς
1334 3392 1508 3459 λέγων
1532 3392 1610 3444 τό·
1644 3411 1662 3442 ‹
1696 3391 1802 3444 Κύ-

188 3505 299 3559 ριε,
326 3488 421 3550 τίς
457 3485 786 3539 ἐπίστευσεν
809 3486 873 3555 τῇ
908 3485 1043 3555 ἀκοῇ
1068 3482 1256 3555 ἡμῶν;
1297 3504 1316 3534 ι
1358 3483 1532 3553 Ὅπερ
1561 3483 1659 3534 ούκ
1683 3480 1798 3534 ἔστι

180 3579 399 3633 ταύτὸν
435 3575 544 3647 τῷ·
584 3576 770 3638 Οὐδεὶς
812 3574 1101 3628 ἐπίστευσε
1151 3577 1217 3646 τῇ
1235 3576 1368 3645 ἀκοῇ
1400 3574 1577 3644 ἡμῶν·
1614 3572 1801 3642 σαφῶς

179 3670 298 3741 γάρ
334 3686 428 3723 τοι
478 3666 655 3721 πολλά
695 3666 871 3739 πλήθη
906 3666 1014 3719 τῶν
1059 3666 1118 3731 ἐξ
1162 3666 1352 3729 ἐθνῶν,
1398 3666 1491 3720 καὶ
1515 3665 1694 3719 αὐτῶν
1726 3665 1787 3737 δή

179 3780 340 3827 τινες
384 3760 511 3815 τῶν
545 3762 609 3813 ὲκ
642 3760 973 3830 περιτομῆς,
1027 3758 1422 3811 πεπιστεύκασι
1451 3760 1515 3829 τῇ
1548 3759 1676 3827 περὶ
1708 3756 1800 3809 τοῦ

177 3852 644 3926 Χριποῦίὰκοῇ·
676 3852 770 3905 καὶ⁵
797 3871 813 3901 ι
837 3851 865 3902 6
896 3849 1132 3922 βραχίων
1156 3851 1233 3915 δὲ,
1258 3870 1277 3901 ι
1312 3850 1465 3920 φησι,
1494 3869 1512 3901 ι
1539 3849 1796 3919 Κυρίου,ι

177 3946 336 3999 τοῦτ’
375 3944 542 3998 ἔστιν
578 3945 608 3997 6
646 3941 829 4014 προὼν
858 3942 953 3996 τοῦ
987 3941 1122 3996 Θεοῦ
1157 3943 1350 4010 Λόγος,
1389 3960 1408 3991 ι
1448 3943 1555 3994 τίνι
1591 3942 1800 3995 ἀπεκα-

174 4038 408 4110 λύφθης
455 4057 476 4088 ι
518 4036 690 4100 Αὐτὸς
716 4039 745 4089 6
772 4036 927 4106 λόγος
959 4037 1184 4107 ἐν’ἀρχῇ
1210 4035 1311 4105 τῆς
1358 4033 1694 4107 προφητείας
1726 4033 1805 4087 δι·

173 4132 385 4185 δάσκει
416 4129 626 4197 λέγων·
666 4148 683 4179 ι
704 4130 813 4181 Καὶ
838 4127 1178 4181 ἀποκαλύψει
1203 4129 1403 4200 Κύριος
1428 4128 1518 4179 τὸν
1547 4125 1804 4199 βραχίονα

172 4222 274 4276 τὸν
309 4224 486 4291 ἅγιον
525 4218 690 4273 αὑτοῦ
722 4219 951 4272 ἐνώπιον
981 4219 1199 4273 πάντων
1224 4219 1332 4273 τῶν
1362 4218 1549 4272 ἐθνῶν.
1584 4238 1603 4268 ι
1644 4217 1802 4286 Ἑξῆς

173 4323 382 4383 αὐτοῖς
422 4316 657 4383 λέγεται
678 4331 691 4344 ο
746 4331 764 4363 ι
813 4312 1238 4383 Ἀνηγγείλαμεν
1270 4311 1499 4366 ἐνώπιον
1532 4311 1694 4364 αὑτοῦ
1729 4312 1798 4373 ὡς

1905 4317 2103 4370 decora
2136 4314 2389 4377 habetur,
2422 4314 2701 4382 vitamque
2730 4311 2877 4379 degit
2902 4309 3196 4362 humanam
3227 4306 3346 4361 sine
3380 4305 3484 4359 ho-

170 4412 446 4472 παιδίον,
487 4407 568 4470 ῶς
599 4407 722 4477 ῥίζα
756 4407 813 4459 ὲν
834 4408 905 4477 γῇ
931 4405 1160 4476 διψώσῃ·
1185 4406 1285 4458 οὐκ
1314 4404 1459 4458 ἐστιν
1493 4399 1629 4467 εἶδος
1657 4403 1798 4475 αὐτῷ

1907 4408 2118 4461 minum
2147 4406 2342 4476 gloria,
2377 4405 2496 4459 sine
2525 4405 2706 4474 aliqua
2732 4402 3023 4457 mundana:
3042 4399 3323 4470 dignitatis
3347 4413 3487 4469 pra:-

169 4502 306 4558 οὑδὲ
343 4500 520 4565 δόξα,
555 4498 650 4550 καὶ
681 4496 905 4567 εἴδομεν.
947 4498 1130 4559 αὑτὸν,
1182 4497 1275 4549 καὶ
1322 4497 1422 4550 οὐκ
1469 4492 1614 4566 εἶχεν
1665 4492 1798 4559 εἶδος

1907 4499 2181 4561 cellentia,
2220 4497 2453 4553 formam
2482 4512 2613 4550 vero
2656 4494 2801 4550 servi
2834 4501 2889 4549 et
2934 4492 3170 4547 ministri
3202 4491 3478 4562 accipiens

166 4598 305 4651 οὐδὲ
349 4591 593 4655 κάλλος,
626 4609 644 4641 ι
668 4589 762 4642 καὶ
787 4590 856 4643 τὰ
880 4590 1029 4660 ἑξῆς,
1061 4590 1096 4644 ἃ
1128 4589 1224 4643 καὶ
1251 4590 1390 4644 αὑτά
1419 4590 1795 4661 πεπλήρωται,

1908 4588 2213 4643 humiliavit
2238 4587 2594 4656 semetipsum
2623 4592 2677 4639 et
2708 4585 2887 4639 factus
2912 4591 2997 4638 est
3026 4582 3264 4636 uthomo
3284 4596 3483 4648 verus;

167 4688 268 4741 ὅτε
305 4682 582 4743 κενώσας
615 4680 804 4733 ἑαυτὸν
842 4680 938 4750 τῆς
971 4680 1064 4733 τοῦ
1109 4679 1243 4732 Θεοῦ
1286 4680 1521 4752 μορφῆς,
1557 4680 1676 4733 οὐδὲ
1702 4681 1798 4751 τὴν

1907 4683 2202 4751 despectus
2232 4686 2286 4734 et
2314 4681 2495 4733 sciens
2517 4676 2884 4739 infirmitates,
2918 4674 3067 4729 exuit
3091 4672 3487 4742 ahsconditque

162 4780 249 4843 ὡς
299 4780 367 4831 ὲν
413 4771 737 4844 ἀνθρώποις
780 4771 959 4841 εὐειδῆ
1002 4772 1096 4825 καὶ
1130 4772 1443 4843 εὐσχήμονα
1475 4772 1798 4838 κατελέξατο

1907 4771 2212 4825 divinitatis
2238 4784 2352 4825 suae
2385 4769 2702 4838 praeclaram
2736 4767 3089 4836 divinamque
3118 4764 3368 4835 ﬁgurant.
3398 4761 3486 4819 id-

166 4864 688 4943 προσωποποιίαν,
723 4864 843 4917 οὐδὲ
879 4863 978 4934 μὲν
1005 4863 1132 4936 δόξῃ
1170 4867 1235 4935 τῇ
1274 4867 1405 4935 παρ’
1431 4863 1735 4935 ἀνθρώποις
1764 4864 1796 4936 ἦ

1908 4866 2056 4920 circo
2088 4865 2382 4933 despectus
2416 4871 2500 4918 est
2529 4863 2598 4917 ab
2638 4862 2705 4916 iis
2746 4862 2840 4932 qui
2879 4858 3253 4914 tantummodo
3286 4858 3484 4912 huma-

162 4960 487 5034 κοσμικῆς
537 4973 684 5020 τινος
731 4956 1003 5027 ὑπεροχῆς
1037 4956 1294 5028 περιδολῇ
1336 4957 1428 5011 τὸν
1461 4955 1798 5029 ἀνθρώπινον

1906 4958 2134 5012 nitatem
2162 4957 2285 5025 ejus
2311 4958 2701 5027 respiciebant,
2746 4971 2846 5011 nec
2894 4968 3019 5009 eum
3053 4951 3146 5006 Dei
3178 4949 3372 5005 Filium
3398 4964 3485 5004 re-

159 5051 446 5122 διεξῆλθε
492 5047 629 5119 βίον,
659 5048 872 5120 μορφὴν
900 5046 956 5100 δὲ
986 5046 1172 5100 δούλου
1205 5048 1300 5102 καὶ
1335 5048 1582 5103 διακόνου
1620 5049 1798 5103 λαϐὼν

1903 5050 2190 5119 putabant,
2226 5064 2331 5103 nec
2366 5049 2528 5102 etiam
2563 5049 2775 5119 justum
2819 5047 3075 5116 aliquem.
3129 5042 3327 5098 Dicunt
3355 5056 3484 5098 vero

155 5142 582 5200 ἐταπείνωσεν
628 5139 817 5192 ἑαυτὸν
867 5138 958 5193 καὶ¹
1009 5139 1231 5208 γέγονεν
1271 5139 1346 5204 ὼς
1387 5140 1690 5213 ἄνθρωπος,
1739 5145 1797 5196 ὲν

1904 5142 1998 5212 qui
2027 5142 2143 5195 haec
2167 5141 2364 5210 spiritu
2392 5142 2722 5211 intelligunt,
2747 5138 2906 5211 quasi
2929 5143 3250 5193 enarrantes
3283 5137 3486 5190 docen-

152 5236 369 5307 πληγῇ
407 5229 501 5283 ὢν
534 5230 630 5284 καὶ
655 5229 810 5293 εἰδὼς
836 5229 1023 5302 φέρειν
1053 5231 1345 5301 μαλακίαν,
1370 5233 1725 5305 ἀπέστραπτο
1746 5234 1798 5287 δὲ

1901 5241 2095 5303 tesque
2123 5232 2292 5302 hujus
2328 5234 2575 5305 mysterii
2608 5233 2911 5287 rationem:
2938 5249 2956 5281 ι
2992 5229 3090 5283 llic
3124 5232 3347 5297 peccata
3379 5240 3484 5280 no~

145 5329 257 5381 καὶ
297 5320 506 5379 ἀποκέ
522 5339 736 5394 κρυπτο
780 5321 855 5393 (Ι)
885 5322 985 5391 τῆς
1014 5321 1267 5394 θεότητος
1300 5323 1467 5377 αὐτοῦ
1498 5324 1558 5377 τὸ
1598 5325 1798 5390 ἔνδοξον

1901 5333 2013 5380 stra
2044 5327 2168 5379 tulit
2198 5333 2252 5379 et
2284 5340 2382 5396 pro
2412 5326 2572 5380 nobis
2599 5340 2796 5396 passus
2826 5331 2930 5379 est.
2964 5343 2984 5374 ι
3018 5321 3288 5376 Videbant
3310 5319 3479 5378 enim.

141 5422 252 5475 καὶ
279 5415 501 5472 Οεῖκὸν
535 5414 844 5485 πρόσωπονσ
870 5414 982 5467 δι’ὃ
1013 5415 1106 5468 καὶ
1132 5415 1407 5487 ἠτιμάσθη
1430 5417 1581 5488 παρά
1613 5420 1724 5480 τοῖς
1742 5418 1798 5471 τὸ

1901 5426 2061 5489 prout
2084 5419 2383 5489 prophetae.
2408 5433 2646 5488 quonam
2676 5417 2838 5472 modo
2865 5416 2955 5471 fiet
2980 5433 2999 5465 ι
3032 5415 3221 5485 Agnus
3244 5411 3359 5474 Dei,
3388 5411 3484 5480 qui

137 5509 559 5585 ἀνθρώπινοιν
587 5507 751 5560 αὑτοῦ
788 5507 946 5577 μόνον
975 5508 1419 5578 κατανενοηκόσι,
1447 5512 1574 5580 παρ’
1602 5505 1681 5573 οἷς
1709 5511 1798 5564 καὶ

1901 5511 2039 5565 tollit
2072 5521 2290 5580 peccata
2324 5511 2512 5566 mundi
2546 5511 2587 5563 ³.
2629 5530 2649 5564 ι
2683 5508 2814 5565 Post
2842 5509 2956 5563 haec
2984 5506 3317 5577 subjicitur:
3355 5518 3375 5554 ι
3415 5500 3484 5556 Et

143 5607 268 5660 οὐκ
299 5597 600 5669 ἐλογίσθη
619 5598 718 5666 οὐχ
756 5599 904 5663 ὅπως
938 5600 1020 5662 είς
1051 5598 1184 5652 Υἱὺν
1223 5599 1379 5663 Θεοῦ,
1419 5600 1536 5654 ἀλλ’
1577 5602 1684 5655 οὐδ’
1717 5603 1798 5664 εἰς

1901 5618 2000 5657 nos
2033 5603 2346 5680 putavimus
2373 5618 2498 5660 eum
2528 5602 2683 5673 quasi
2730 5602 3026 5673 leprosum,
3060 5608 3111 5656 et
3152 5610 3480 5670 percussum

232 5698 251 5727 ί
279 5695 474 5748 .loan.
522 5703 600 5750 vl,
631 5688 733 5753 42;
762 5688 951 5743 Matth.
997 5705 1119 5755 xui,
1322 5696 1341 5723 '
1374 5693 1516 5749 Psal.
1554 5708 1612 5758 ιι,
1651 5693 1703 5749 ‘2.
1786 5695 1804 5725 ³
1829 5692 1966 5749 Joan
1997 5710 2036 5761 ι,
2066 5694 2154 5750 29.

236 5788 331 5857 (Ι)
370 5781 657 5838 Fortasse
681 5780 780 5849 leg.
801 5779 1202 5852 ἀπεκέκρυπτο.
1229 5783 1384 5841 Εοιτ.

1904 3128 2050 3183 enim
2092 3129 2286 3197 magna
2338 3123 2633 3179 multitudo
2684 3123 2951 3193 gentium,
2988 3121 3342 3192 ipsorumque
3386 3119 3485 3174 Ju—

1904 3217 2144 3271 daeorum
2176 3215 2427 3270 nonnulli
2475 3214 2543 3269 de
2589 3212 2812 3268 Christo
2866 3211 3077 3266 auditui
3110 3210 3479 3265 crediderunt.

1901 3307 1967 3361 Et
1990 3326 2009 3358 ί
2032 3307 2337 3369 brachium,
2364 3326 2383 3357 ι
2404 3306 2501 3371 ait,
2525 3325 2542 3354 ι
2570 3303 2805 3365 Domini,
2824 3323 2843 3355 ι
2870 3304 3078 3359 scilicet
3101 3303 3484 3372 prmexsistens

1901 3399 1995 3454 Dei
2027 3398 2281 3458 Verbum,
2307 3416 2325 3448 ι
2351 3397 2439 3451 cui
2464 3397 2760 3451 revelatum
2793 3396 2916 3449 est?
2940 3412 2959 3445 ι
2989 3394 3107 3463 Ipse
3139 3393 3283 3447 enim
3304 3407 3486 3445 sermo

1828 3178 1875 3236 Ο

1903 3578 2086 3632 minus
2131 3576 2419 3631 brachium
2452 3580 2701 3629 sanctum
2749 3588 2908 3628 suum
2953 3572 3007 3625 in
3050 3578 3346 3641 conspectu
3377 3585 3489 3622 om-

1905 3671 2057 3724 nium
2091 3669 2356 3743 gentium.
2401 3687 2420 3719 ι
2452 3665 2586 3722 Post
2637 3667 2753 3721 haec
2781 3666 2986 3721 dicitur
3017 3683 3031 3719 :
3060 3683 3079 3715 ι
3121 3663 3188 3743 _Et
3218 3664 3482 3719 ascendet

1904 3764 2048 3818 sicut
2079 3762 2374 3832 virgultum
2405 3775 2590 3814 coram
2630 3774 2718 3824 eo,
2761 3767 2816 3814 et
2855 3758 2999 3812 sicut
3030 3736 3188 3810 radix
3219 3756 3286 3810 de
3324 3763 3471 3809 terra

1905 3854 2131 3911 sitienti.
2161 3852 2279 3907 Non
2308 3859 2393 3908 est
2427 3852 2637 3923 species
2668 3851 2741 3917 ei,
2787 3865 2965 3920 neque
2999 3850 3166 3904 decor
3199 3866 3215 3903 :
3256 3858 3310 3903 et
3344 3847 3483 3902 vidi-

1903 3962 2028 4002 mus
2054 3962 2203 4012 eum,
2249 3953 2303 4001 et
2352 3960 2462 3999 non
2492 3952 2611 3999 erat
2667 3953 2944 4013 aspectus,
3003 3956 3179 4012 neque
3210 3939 3483 3995 formosi-

1907 4047 2013 4102 tas,
2043 4058 2062 4089 ι
2087 4047 2141 4092 et
2169 4053 2292 4107 qua:
2335 4043 2662 4106 sequuntur,
2692 4051 2814 4105 qua:
2847 4035 3030 4089 omnia
3066 4034 3284 4102 impleta
3319 4038 3473 4096 sunt,

1904 4130 2126 4201 quando
2162 4130 2491 4184 exinaniens
2517 4128 2891 4197 semetipsum,
2926 4127 3135 4196 abjecta
3161 4123 3253 4180 Dei
3284 4124 3480 4190 forma,

1910 4224 2145 4295 speciem
2174 4222 2360 4292 elegit,
2395 4237 2503 4275 non
2539 4236 2659 4291 qua:
2691 4219 2836 4289 apud
2873 4218 3122 4273 homines
3164 4216 3402 4271 formosa
3429 4226 3485 4271 et

1902 3488 1957 3542 in
1983 3487 2139 3541 initio
2163 3484 2460 3556 prophetiae
2491 3485 2651 3538 docet
2676 3483 2868 3538 dicens
2902 3500 2916 3536 :
2951 3500 2969 3532 ι
3002 3480 3068 3534 Et
3095 3480 3354 3535 revelabit
3380 3479 3519 3533 Dor
3590 3502 3596 3508 ·
