3926 6260
495 315 522 370 1
536 315 637 369 25.7

1246 302 2029 375 EUSEBHLESARIENSIS
2068 298 2222 358 OPP.
2257 298 2437 356 PARS
2472 298 2563 356 III.
2598 329 2666 341 ——
2706 294 3115 353 EXEGETICA.

3567 298 3662 357 tau

494 450 526 489 a
562 433 694 497 Deo,
725 437 780 489 et
824 430 1196 486 humiliatum.
1249 425 1372 499 ipsa
1423 434 1605 482 autem
1639 426 1956 482 vulneratus
1996 429 2082 480 est

2186 417 2274 472 τὸν
2303 417 2536 488 τυχόντα
2564 415 2792 471 δίκαιον.
2818 412 3027 477 Φασὶᾶ
3055 411 3103 465 οῖ
3137 409 3215 481 τῷ
3247 408 3486 482 πνεύματι
3513 414 3665 470 τούτω

496 534 722 597 propter
748 523 1072 593 iniquitates
1101 530 1337 576 nostras.
1389 538 1411 573 ι
1462 518 1673 574 Revera
1709 518 1855 573 enim
1889 515 2079 571 vulne-

496 621 792 701 ratus’est,
839 627 963 667 cum
1003 611 1210 682 lapides
1261 624 1408 681 quos
1454 610 1792 679 conjicerent
1824 608 1881 662 in
1930 621 2077 671 eum,

495 708 869 777 arripuerunt.
903 703 969 758 Et
989 723 1007 756 ι
1032 705 1252 759 attritus
1276 712 1383 767 est,
1408 704 1504 768 ait,
1529 701 1972 775 propterscelera
1983 716 2084 756 no-

494 808 632 854 stra.
647 816 665 849 ι
690 795 883 853 Melius
904 796 1049 852 enim
1075 811 1238 866 quam
1260 795 1463 851 Paulus
1486 795 1718 850 inﬁrmis
1740 792 2081 863 compatiens

492 889 750 945 Christus
787 886 972 943 dicere
1022 889 1198 959 potuit
1234 903 1251 942 :
1294 908 1311 937 ι
1335 886 1471 953 Quis
1514 885 1848 949 inﬁrmatur,
1873 891 1931 940 et
1969 899 2083 940 non

497 981 747 1037 iuﬁrmor
776 980 843 1034 ‘2
886 999 905 1032 ι
944 980 1068 1035 Haec
1098 994 1225 1034 vero
1256 979 1437 1034 omnia
1480 977 1778 1033 conﬁtetur
1821 976 2082 1048 propheta

497 1082 722 1144 propter
752 1073 956 1143 ipsum,
991 1087 1321 1141 omnemque
1353 1071 1612 1141 populum
1636 1085 1930 1140 passurum
1959 1083 2083 1125 esse

497 1165 676 1228 illum,
712 1164 780 1222 de
828 1178 937 1236 quo
980 1163 1186 1219 dicitur
1221 1178 1234 1216 :
1277 1182 1297 1215 ι
1342 1162 1678 1218 Vulneratus
1722 1169 1810 1217 est
1862 1168 2084 1233 propter

499 1258 818 1328 iniquitates
854 1266 1097 1322 nostras,
1120 1262 1175 1311 et
1214 1255 1436 1311 attritus
1472 1263 1558 1311 est
1606 1263 1830 1326 propter
1872 1255 2085 1311 scelera

498 1357 716 1405 nostra.
752 1367 773 1402 ι
807 1348 880 1404 Se
911 1351 1091 1420 ipsum
1118 1362 1340 1417 quoque
1367 1348 1665 1417 designans
1682 1346 1872 1416 adjicit
1903 1365 1916 1397 :
1953 1363 1971 1397 ι
2002 1343 2086 1400 Li-

498 1457 632 1498 vore
676 1442 799 1512 ejus
849 1443 1029 1497 sanati
1072 1456 1285 1498 sumus.
1327 1459 1348 1494 ι
1406 1439 1692 1498 Manifeste
1742 1440 2085 1511 prospiciens

498 1547 661 1602 quem
686 1532 741 1587 in
764 1546 1007 1587 errorem
1033 1532 1337 1586 declinaret
1360 1530 1804 1587 circumcisionis
1827 1530 2082 1601 populus,

498 1614 810 1695 certiorque
840 1624 1051 1679 nullum
1086 1638 1314 1694 prorsus
1343 1622 1621 1678 hominem
1653 1624 1865 1694 peccati
1887 1624 2086 1677 immu-

498 1732 624 1773 nem
657 1732 803 1783 esse,
832 1718 933 1772 etsi
962 1716 1310 1785 justissimus
1347 1715 1619 1781 videatur,
1665 1714 1819 1770 addit
1850 1733 1864 1769 :
1901 1733 1920 1766 ι
1953 1713 2085 1768 Om-

2183 508 2364 563 αὐτῶν
2401 504 2817 581 συνῃσθημένοι,
2857 503 3100 576 ὡσπερεὶ
3144 499 3461 574 διηγούμενοι
3499 506 3571 558 καὶ
3596 507 3665 578 τήν

2182 601 2362 655 αἰτίαν
2402 600 2500 670 τῆς
2528 598 2783 669 τοιαύτης
2825 594 3137 665 οἰκονομίας
3168 592 3584 666 διδάσκοντος(τεςσ)
3607 599 3662 650 τό·

2187 709 2207 742 ι
2241 685 2412 751 Οὗτος
2457 686 2556 750 τάς
2607 685 2879 758 ἁμαρτίας
2925 682 3083 754 ήμῶν
3133 680 3306 752 φέρει,
3329 683 3412 735 xa‘t
3434 684 3538 754 περὶ
3554 685 3667 756 ἡμῶν

2180 780 2453 834 ὀδυνᾶται·
2502 797 2521 830 ι
2558 776 2745 849 ἑώρων
2774 774 2904 846 γὰρ,
2939 770 3025 827 οἷα
3056 773 3121 845 δὴ
3161 772 3437 844 προφῆται,
3460 773 3561 828 τίνα
3581 777 3668 846 τρό-

2182 890 2284 926 πον
2306 872 2597 943 γενήσεται
2621 869 2793 940 ἀμνὸς
2814 867 2907 922 τοῦ
2931 866 3089 934 Θεοῦ,
3127 884 3146 917 ι
3179 866 3343 936 αἴρων
3363 864 3448 937 τὴν
3464 866 3669 937 ἁμαρτίαν

2180 964 2275 1019 τοῦ
2301 964 2529 1035 κόσμου.
2566 983 2584 1015 ι
2631 961 2979 1030 Ἐπιφέρεται
3008 958 3237 1021 τούτοις
3277 975 3295 1008 ι
3335 956 3502 1028 Ἡμεῖς
3525 958 3571 1011 δὲ
3592 958 3671 1012 ἑλο-

2180 1055 2453 1127 γισάμεθα
2491 1055 2653 1108 αὐτὸν
2685 1049 2822 1107 εἶναι
2851 1054 2908 1106 ἐν
2942 1052 3088 1120 πόνῳ
3124 1049 3217 1104 καὶ
3257 1050 3313 1100 ὲν
3350 1047 3508 1120 πληγῇ
3539 1051 3610 1102 καὶ
3633 1054 3673 1105 ἐν

2184 1146 2444 1204 κακιῦσειο
2492 1146 2655 1211 αὐτὸς
2707 1146 2764 1200 δὲ
2804 1143 3213 1217 ἐτρωματίσθη
3258 1141 3342 1196 διὰ
3383 1143 3471 1206 τὰς
3507 1143 3675 1214 ἀνομίας

2183 1245 2360 1317 ήμῶν·
2394 1262 2413 1296 ι
2436 1243 2666 1313 δυνάμει
2696 1239 2803 1312 γὰρ
2825 1240 2919 1295 καὶ
2943 1236 3365 1311 ἐτρωματίσθη,
3392 1236 3470 1289 ὅτε
3491 1231 3602 1307 ἦραν
3620 1235 3677 1288 λίς

2184 1336 2311 1401 θους
2336 1336 2519 1408 βαλεῖν
2543 1333 2628 1387 ἐπ’
2648 1333 2827 1388 αὐτόν·
2847 1333 2940 1386 καὶ
2972 1350 2991 1382 ι
3024 1329 3414 1402 μεμαλάκισται
3431 1347 3448 1380 ›
3475 1327 3541 1393 δὲ,
3567 1329 3678 1400 φησι,

2189 1447 2209 1481 ι
2236 1426 2325 1482 διά
2349 1427 2446 1492 τὰς
2476 1427 2751 1502 ἁμαρτίας
2775 1425 2952 1498 ήμῶν.
2979 1443 2996 1477 ι
3033 1422 3247 1479 Μᾶλλον
3277 1420 3382 1493 γὰρ
3409 1421 3588 1475 Παύλου
3603 1423 3681 1485 τοῖς

2185 1520 2433 1575 ἀσθενέσι
2481 1518 2880 1590 συνασθενήσας
2922 1515 3176 1588 Χριστὸς,
3222 1510 3370 1568 εἶπεν
3397 1514 3457 1569 ἂν
3482 1513 3549 1568 τό·
3579 1513 3683 1578 «Τίς

2188 1613 2422 1679 ἀσθενεῖ,
2453 1612 2548 1669 καὶ
2568 1613 2668 1666 οὐκ
2692 1609 2904 1666 ἀσθενῶ
2926 1627 2941 1676 ;
2980 1628 3000 1661 ι
3029 1608 3213 1663 Ταῦτα
3239 1606 3297 1661 δὲ
3321 1607 3482 1661 πάντα
3497 1605 3687 1677 ὁμολογεῖ

2187 1708 2218 1760 ὁ
2248 1707 2537 1777 προφήτης
2583 1705 2650 1758 δι’
2680 1703 2840 1757 αὐτόν
2870 1719 2931 1757 τε
2959 1703 3053 1756 καὶ
3081 1702 3175 1756 τὸν
3219 1698 3395 1755 πάντα
3421 1698 3533 1755 λαὸν
3552 1698 3689 1751 πείσε-

498 1825 599 1865 nes
623 1825 722 1864 nos
744 1810 900 1880 quasi
921 1826 1053 1866 oves
1081 1809 1389 1865 erravimus
1414 1826 1428 1864 :
1463 1808 1839 1879 unusquisque
1859 1808 1915 1863 in
1936 1808 2084 1862 viam

2190 1776 2312 1851 σθαι
2357 1797 2449 1850 τὸν
2491 1795 2623 1866 περὶ
2653 1792 2714 1850 οὗ
2749 1797 2778 1849 ό
2805 1795 2977 1864 λόγος·
3018 1814 3036 1847 ι
3091 1790 3512 1867 Ἐτραυματίσθη
3542 1810 3559 1843 ι
3595 1792 3688 1862 γὰρ,

500 1916 657 1955 suam
694 1901 993 1957 declinavit
1030 1920 1045 1957 :
1076 1910 1132 1957 et
1179 1903 1363 1972 posuit
1392 1900 1658 1959 Dominus
1693 1903 1748 1958 in
1776 1918 1844 1959 eo
1881 1902 2087 1974 iniqui-

503 2000 672 2048 tatem
705 1995 950 2049 omnium
995 2001 1270 2057 nostrum,
1306 2011 1327 2047 ι
1365 2001 1420 2049 ει
1452 2009 1574 2065 quae
1602 2005 1931 2066 sequuntur.
1965 2011 2089 2066 quae

500 2086 689 2154 procul
725 2085 894 2141 dubio
923 2103 1018 2157 per
1048 2103 1218 2142 unum
1252 2085 1593 2144 Salvatorem
1617 2096 1868 2143 nostrum
1897 2086 2087 2145 .Iesum

499 2176 709 2230 exitum
738 2177 999 2233 habuisse
1029 2177 1498 2234 demonstrantur.
1525 2177 1736 2234 Exinde
1756 2193 2089 2249 magnopere

501 2267 751 2323 miranda
790 2278 875 2325 est
906 2270 1125 2324 illorum
1159 2269 1458 2333 induratio,
1514 2272 1608 2340 qui
1657 2269 1799 2341 apud
1849 2271 2086 2341 priorem

500 2360 756 2431 [epulum
783 2376 907 2417 eum
940 2376 1240 2434 agnoscere
1266 2362 1584 2426 noluerunt,
1610 2370 1908 2419 causantes
1935 2378 2084 2426 eum,

497 2468 661 2521 quem
682 2454 997 2524 opprobriis
1024 2461 1080 2509 et
1097 2454 1378 2511 derisione
1409 2454 1829 2517 lacessiverant,
1863 2453 2088 2525 indigna

500 2557 724 2612 passum
768 2559 893 2601 esse
925 2543 1021 2600 Dei
1052 2546 1106 2600 in
1140 2547 1318 2617 ipsum
1370 2546 1766 2603 sollicitudine.
1800 2546 2090 2603 Manifeste

500 2644 765 2706 praeterea
801 2636 1144 2693 exclamante
1193 2638 1458 2708 propheta
1491 2637 1559 2694 de
1594 2654 1680 2703 eo,
1716 2640 1864 2710 quod
1898 2658 1917 2692 ι
1946 2639 2090 2696 sicut

499 2725 620 2779 ovis
653 2726 717 2780 ad
763 2726 1103 2782 occisionem
1148 2727 1350 2784 ductus
1381 2738 1486 2793 est,
1514 2736 1570 2784 et
1598 2730 1759 2800 quasi
1790 2745 1966 2802 agnus
1993 2746 2089 2786 co-

500 2830 619 2869 ram
654 2817 911 2873 tondente
940 2834 1000 2875 se
1032 2820 1308 2874 obmutuit
1340 2837 1444 2877 nec
1484 2822 1701 2892 aperuit
1731 2837 1793 2877 os
1831 2837 2023 2889 ειιυηις
2063 2841 2082 2874 ³

499 2917 555 2962 et
594 2927 613 2959 ι
647 2910 774 2980 quia
820 2911 1103 2967 abscissus
1146 2921 1230 2969 est
1262 2915 1331 2969 de
1356 2923 1501 2970 terra
1536 2914 1856 2970 viventium.
1893 2934 1913 2969 ι
1951 2914 2089 2982 Quis

508 3009 689 3056 autem
737 3017 845 3057 non
910 3004 1212 3059 admiretur
1269 3021 1389 3075 quae
1451 3014 1576 3076 post
1626 3007 1743 3062 haec
1787 3007 2084 3073 adduntur,

502 3094 825 3162 prophetam
854 3094 1125 3152 dicentem
1159 3095 1391 3153 audiens
1417 3113 1431 3150 :
1462 3116 1482 3149 ι
1522 3096 1753 3170 Propter
1782 3100 1964 3156 scelus
1987 3115 2085 3170 po-
2114 3132 2160 3193 ο

501 3185 616 3253 puli
644 3185 750 3239 mei
777 3185 978 3242 ductus
1001 3195 1087 3243 est
1125 3188 1192 3243 ad
1224 3191 1496 3245 mortem?
1530 3209 1549 3242 ι
1575 3191 1685 3245 Aut
1717 3192 1892 3248 cuivis
1922 3193 2087 3249 verba

501 3289 612 3328 non
647 3275 965 3343 deﬁcerent,
1009 3278 1251 3349 propriis
1298 3282 1530 3337 auribus
1590 3284 1830 3339 audienti
1877 3282 2087 3342 Christi

501 3384 714 3434 vocem,
746 3386 849 3427 nec
886 3373 1232 3445 intelligenti,
1276 3375 1363 3430 vel
1411 3374 1711 3446 ipsissimis
1745 3378 1924 3434 oculis
1966 3378 2089 3448 ejus

501 3465 848 3532 praesentiam
869 3466 1205 3537 inspicienti,
1245 3484 1344 3526 nec
1360 3470 1607 3525 videnti?
1623 3469 1925 3537 Quemnam
1942 3472 2089 3527 enim

502 3556 671 3607 alium
706 3555 968 3612 haberent
993 3559 1288 3616 ostendere
1330 3561 1606 3630 iustorum
1644 3572 1864 3633 propter
1895 3579 2090 3621 eorum

502 3646 711 3701 scelera
750 3648 817 3703 ad
868 3656 1101 3727 mortem
1138 3651 1362 3707 ductum
1389 3654 1529 3708 ?aut
1558 3656 1681 3724 quis
1724 3634 1853 3711 talis
1900 3655 2084 3722 fuerit,

428 3806 436 3826 Ι
503 3740 594 3807 qui
645 3739 964 3811 iniquitates
998 3744 1179 3799 omnis
1212 3744 1421 3813 populi,
1456 3746 1817 3817 ipsorumque
1850 3748 2089 3820 prophe-

504 3836 684 3883 tarum
720 3831 957 3892 tulisset.
1000 3841 1055 3887 et
1103 3848 1200 3903 pro
1231 3837 1314 3890 eis
1358 3849 1558 3905 passus
1608 3846 1777 3902 esset,
1809 3839 1883 3893 ita
1914 3848 1975 3893 ut
2021 3839 2089 3893 li-

501 3938 633 3978 vere
678 3922 799 3991 ejus
834 3938 1027 3980 omnes
1073 3926 1198 3982 illos
1244 3938 1470 3983 sanatos
1521 3927 1692 3985 fuisse
1735 3931 2087 3988 conﬁteretur

502 4014 770 4085 propheta
798 4015 989 4071 dicens
1018 4035 1033 4071 :
1067 4035 1085 4067 ι
1117 4015 1217 4073 Hic
1260 4019 1584 4090 iniquitates
1615 4030 1831 4078 nostras
1859 4024 2004 4089 tulit,
2034 4033 2089 4080 et

502 4119 605 4175 pro
625 4103 784 4159 nobis
808 4119 1006 4175 passus
1027 4112 1133 4171 est,
1165 4114 1222 4161 et
1251 4106 1423 4163 livore
1448 4107 1573 4177 ejus
1602 4109 1780 4164 sanati
1807 4110 2039 4166 sumus?
2061 4129 2082 4162 ι

503 4197 641 4262 Quis
684 4198 938 4253 humanae
966 4199 1242 4271 particeps
1292 4208 1505 4255 naturae
1533 4201 1661 4258 talis
1691 4202 1863 4267 ﬁeret,
1896 4210 1957 4257 ut
1993 4218 2088 4259 ne-

502 4304 613 4360 que
650 4288 832 4344 verbis
875 4306 1052 4360 neque
1099 4291 1361 4361 operibus
1409 4292 1710 4362 quidquam
1755 4295 2082 4362 peccaverit,

504 4389 566 4436 ut
607 4382 675 4438 de
715 4383 837 4453 ipso
882 4384 1068 4438 divina
1114 4394 1349 4439 testatur
1394 4383 1679 4455 Scriptura
1727 4385 1814 4441 his
1851 4387 2033 4443 verbis
2067 4406 2081 4442 :

2188 1890 2343 1958 φησὶ,
2374 1907 2392 1940 ι
2420 1888 2511 1942 διὰ
2536 1887 2636 1953 τάς
2666 1888 2896 1959 ἀνομίας
2923 1887 3106 1959 ήμῶν,
3135 1888 3231 1941 καὶ
3260 1883 3690 1958 μεμαλάκισταιδιά

2185 1980 2283 2045 τὰς
2316 1980 2595 2053 ἁμαρτίας
2622 1980 2801 2052 ήμῶν·
2833 1999 2852 2032 ι
2897 1979 3319 2049 συγκαταλέγων
3340 1995 3398 2031 τε
3424 1977 3587 2031 ἑαυτὸν
3608 1978 3692 2029 ἑπι-

2187 2072 2343 2145 φέρει
2376 2066 2625 2140 λέγωντι
2667 2069 2758 2141 Τῷ
2790 2070 3019 2143 μώλωπι
3050 2070 3212 2124 αὐτοῦ
3253 2071 3409 2141 ἡμεῖς
3451 2067 3687 2139 ἰάθημεν.»

2188 2163 2382 2232 Σαφῶς
2415 2180 2472 2217 τε
2504 2162 2704 2236 ἐνορῶν
2737 2163 2833 2235 τήν
2865 2163 3163 2235 γενομένην
3202 2163 3292 2216 ἐπ’
3325 2160 3464 2232 αύτῷ
3493 2157 3694 2228 παντὶτῷ

2188 2257 2255 2308 ὲκ
2284 2255 2587 2327 περιτομῆς
2614 2253 2730 2326 λαῷ
2758 2254 2987 2325 πλάνην,
3024 2255 3119 2308 καὶ
3148 2254 3230 2308 ὅτι
3274 2253 3349 2325 μὴ
3377 2253 3510 2306 ἔστιν
3536 2252 3693 2323 ἀνθρω-

2188 2367 2289 2414 πος
2312 2350 2369 2415 ὃς
2412 2351 2512 2421 οὐχ
2541 2351 2943 2422 ἁμαρτήσεται,
2983 2348 3085 2404 κᾶν
3121 2351 3149 2403 ό
3187 2350 3405 2404 πάντων
3430 2348 3695 2411 δικαιότατος

2187 2435 2327 2493 εἶναι
2356 2439 2511 2512 δοκῇ,
2551 2441 2813 2509 ἐπιλέγευ
2844 2460 2861 2492 ι
2889 2439 3094 2505 Πάντες
3119 2440 3197 2505 ὡς
3223 2440 3462 2508 πρόϐατα
3491 2439 3544 2507 (ί.
3572 2438 3625 2494 5Ἰ
3642 2439 3694 2506 τ’)

2193 2533 2600 2606 ὲπλανήθημεν·
2639 2533 2923 2607 ἄνθρωπος
2952 2535 3053 2606 τὴν
3093 2534 3213 2588 ὁδὸν
3258 2533 3419 2588 αὐτοῦ
3463 2529 3694 2601 ὲπλανήθη’

2191 2627 2288 2682 καὶ
2306 2626 2843 2701 Κύριοςκπαρέδωκεν
2862 2626 3024 2680 αὐτὸν
3052 2629 3170 2690 ταῖς
3204 2626 3495 2698 ἁμαρτίαις
3525 2623 3691 2695 ἡμῶν»

2191 2721 2287 2775 καὶ
2313 2720 2384 2774 τὰ
2412 2720 2623 2785 τούτοις
2652 2719 2939 2784 ἀκόλουθα,
2966 2718 3003 2773 ἀ
3028 2720 3123 2774 καὶ
3145 2719 3519 2791 ἀναμφιλόγως
3542 2718 3617 2771 ἐπὶ
3634 2713 3699 2786 μό-

2189 2834 2283 2872 νου
2301 2816 2395 2871 τοῦ
2428 2817 2682 2888 Σωτῆρος
2707 2815 2864 2887 ήμῶν
2899 2814 3073 2886 Ἰησοῦ
3095 2816 3269 2887 πέρας
3294 2814 3537 2886 εἰληφότα
3552 2810 3703 2864 dsim-

2188 2926 2298 2962 ταιι
2326 2908 2450 2962 ὅθεν
2478 2910 2573 2962 καὶ
2598 2909 2896 2981 θαυμάζειν
2917 2908 3065 2973 ἀξιον
3093 2908 3195 2979 τῆς
3217 2906 3515 2979 πωρώσεως
3531 2905 3632 2967 τοὺς
3647 2901 3700 2972 μὴ

2191 3001 2583 3073 προσιεμένους
2612 3002 2774 3056 αὐτὸν
2800 3001 2894 3054 τοῦ
2923 3000 3190 3074 προτέρου
3230 3000 3361 3053 λαοῦ
3395 2999 3625 3071 προφάσει
3653 2993 3702 3047 δι’

2190 3088 2265 3149 ὧν
2290 3093 2632 3158 ἐπεδείξαντο
2655 3095 2775 3148 κατ’
2810 3093 2995 3157 αὐτοῦ,
3031 3094 3115 3161 ἐφ’
3143 3087 3227 3158 οἷς
3251 3093 3499 3163 ὲπιγελᾷν
3527 3092 3604 3145 καὶ
3617 3090 3702 3142 δια-

2195 3186 2378 3258 σύρειν
2420 3188 2605 3249 αὐτοῖς
2634 3185 2776 3251 ἔθος,
2816 3188 2892 3251 ὡς
2932 3186 3006 3259 μὴ
3038 3187 3163 3254 άξια
3208 3185 3508 3240 πεπονθότα
3536 3180 3703 3255 τῆςτοὸ

2189 3278 2325 3334 Θεοῦ
2360 3281 2490 3352 περὶ¹
2514 3278 2678 3333 αὑτοῦ
2710 3280 2990 3352 φροντίδος
3015 3297 3027 3309 ’
3070 3280 3259 3350 σαφῶς
3302 3281 3437 3353 πρὸς
3473 3281 3571 3341 τοῖς
3591 3279 3703 3348 εἰρη-

2193 3373 2374 3445 μένοις
2404 3371 2741 3436 ἀναϐοῶντος
2777 3372 2872 3427 τοῦ
2903 3374 3183 3446 προφήτου
3217 3374 3349 3444 περὶ
3385 3371 3554 3433 αὐτοῦ,
3578 3370 3643 3423 ὅτι
3663 3384 3705 3420 τι

2196 3485 2214 3517 ι
2250 3465 2326 3529 ὡς
2377 3465 2646 3537 πρόϐατον
2667 3467 2760 3520 ἐπὶ
2789 3468 3002 3537 σφαγὴν
3029 3467 3193 3539 ἤχθη,
3224 3467 3323 3521 καὶ
3343 3467 3418 3529 ὡς
3435 3463 3585 3535 ἀμνὸς
3601 3464 3705 3514 ἐναν-

2187 3555 2302 3609 τίον
2337 3554 2432 3609 τοῦ
2466 3556 2738 3629 κείροντος
2777 3559 2940 3612 αὐτὸν
2967 3558 3203 3628 ἄφωνος,
3238 3557 3413 3621 οὕτως
3438 3556 3529 3609 οὐκ
3553 3552 3705 3618 {mila

2188 3648 2249 3702 τὸ
2284 3648 2457 3720 στόμα
2490 3649 2678 3703 αὐτοῦ·
2716 3668 2736 3702 ι
2770 3651 2866 3705 καὶ
2889 3651 2971 3704 ὅτι
3007 3667 3027 3700 ι
3076 3652 3295 3722 αἴρεται
3322 3649 3431 3704 ἀπὸ
3465 3647 3555 3717 τῆς
3581 3642 3704 3714 γῆςή

2174 3739 2302 3810 ζωὴ
2333 3740 2520 3797 αὐτοῦ.
2557 3760 2575 3794 ι
2617 3742 2713 3805 Τίς
2742 3741 2787 3795 δ’
2814 3742 2913 3796 οὐκ
2941 3740 3006 3796 ἂν
3037 3741 3451 3815 ἀποθαυμάσειε
3487 3738 3602 3791 πᾶσι
3627 3735 3706 3795 τοῖς

2188 3830 2738 3902 προκατειλεγμένοις
2780 3831 3195 3905 ἐπιφερόμενον,
3245 3831 3458 3886 ἀκούων
3496 3827 3611 3899 πρὸς
3639 3819 3706 3875 τοῦ

2190 3924 2469 3995 προφήτου
2501 3923 2751 3993 λέγοντος
2778 3924 2859 3978 τό·
2891 3945 2909 3975 ι
2934 3924 3068 3977 Ἀπὸ
3098 3923 3209 3977 τῶν
3240 3922 3479 3994 ἀνομιῶν
3506 3919 3587 3972 τοῦ
3612 3910 3706 3968 λαοῦ

2192 4032 2293 4087 μου
2327 4014 2468 4087 ἢχθη
2501 4017 2581 4080 εἰς
2609 4015 2866 4081 θάνατονς
2898 4035 2917 4069 ι
2953 4016 2986 4088 ἢ
3017 4016 3071 4069 τί
3097 4016 3142 4069 δ’
3165 4015 3233 4071 ἂν
3256 4019 3396 4087 πρὸς
3416 4014 3574 4068 ταῦτα
3596 4008 3708 4076 εὐρε-

2193 4108 2530 4179 σιλογήσειεν
2574 4108 2624 4161 οί
2671 4107 2732 4160 τὺ
2770 4107 2938 4171 ὅντως
2970 4107 3094 4178 (sic)
3138 4110 3280 4180 ἀκοῇ
3317 4106 3620 4166 ἀκούσαντες
3638 4099 3708 4169 τῆς

2188 4198 2282 4254 τοῦ
2312 4196 2550 4271 Χριστοῦ
2572 4197 2776 4268 φωνῆς,
2790 4198 2885 4251 καὶ
2906 4197 2981 4270 μὴ
2999 4195 3468 4261 συνέντες,αύτοίς
3482 4211 3537 4247 τε
3562 4188 3711 4260 ὀφθαλ-

2192 4294 2314 4362 μοῖς
2358 4290 2730 4362 ὲμϐλέψαντες
2771 4292 2853 4354 είς
2899 4291 2999 4362 τὴν
3069 4292 3383 4363 παρουσίαν
3433 4286 3601 4354 αὐτοῦ,
3640 4280 3709 4335 καὶ

2190 4381 2266 4453 μὴ
2307 4381 2548 4448 ἰδόντεκ
2585 4380 2720 4435 Τίνα
2744 4380 2856 4452 γὰρ
2891 4381 3049 4437 ἄλλον
3092 4382 3270 4453 ἔχοιεν
3315 4383 3384 4437 ἂν
3415 4382 3514 4434 τῶν
3537 4373 3709 4432 δικαίων

508 4494 528 4525 ι
558 4474 907 4546 lniquitatem
962 4492 1071 4531 non
1108 4476 1256 4543 fecit,
1284 4492 1462 4548 neque
1508 4478 1764 4535 inventus
1809 4485 1894 4533 est
1923 4479 2082 4534 dolus

2192 4474 2539 4546 παραστῆσαι
2582 4474 2690 4528 ἀπὸ
2734 4474 2844 4529 τῶν
2889 4475 3173 4546 ἁμαρτιῶν
3211 4475 3398 4528 αὐτῶν
3425 4472 3629 4545 ἀχθέντα
3652 4466 3707 4528 εἰς

503 4566 560 4619 in
599 4582 695 4622 ore
724 4567 880 4637 ejus?
910 4587 927 4619 ι
971 4567 1146 4634 Quam
1178 4568 1250 4623 ob
1279 4584 1525 4633 causam,
1573 4580 1862 4641 postquam
1889 4571 2084 4641 praedi-

2187 4564 2452 4632 θάνατον;
2485 4565 2557 4618 Ἢ
2590 4565 2674 4629 τίς
2715 4565 2957 4629 τοιοῦτος
2992 4568 3314 4639 γεγένηται,
3355 4569 3430 4631 th;
3453 4566 3543 4628 τὰς
3568 4564 3705 4632 ἀμαρ-

501 4664 658 4713 catus
688 4665 775 4713 est
800 4658 1090 4714 ducendus
1120 4659 1260 4714 sicut
1288 4660 1406 4715 ovis
1427 4659 1494 4713 ad
1518 4660 1878 4726 occisionem,
1902 4661 2083 4731 ipsum

2186 4658 2307 4722 τὶας
2335 4659 2538 4722 παντὸς
2579 4658 2674 4713 τοῦ
2712 4657 2843 4713 λαοῦ
2870 4660 2966 4713 καὶ
2989 4659 3168 4714 αὐτῶν
3193 4661 3309 4714 τῶν
3340 4655 3611 4733 προφητῶν
3636 4649 3706 4722 φέ-

502 4748 834 4820 praenuntiat
871 4747 1156 4819 Scriptura
1183 4757 1409 4820 propter
1437 4750 1760 4821 iniquitates
1792 4753 1979 4823 populi
2014 4751 2084 4807 ad

2186 4770 2324 4847 ρειν,
2363 4752 2457 4806 καὶ
2499 4753 2782 4806 ὀδυνᾶσθαι
2824 4752 2955 4823 περὶ
2993 4752 3192 4817 αὐτῶν,
3240 4753 3383 4806 ὥστε
3428 4750 3501 4821 τῷ
3528 4747 3704 4819 μώλωπι

500 4842 738 4898 mortem
770 4841 1141 4898 damnandum
1172 4844 1335 4899 esse?
1372 4842 1567 4898 Dicant
1592 4860 1726 4900 vero
1771 4859 1842 4900 an
1889 4860 2085 4916 exspe-

503 4943 686 4990 ctatus
723 4935 791 4991 ab
821 4935 892 4990 iis
921 4934 1176 4992 Christus
1216 4944 1482 4993 venturus
1530 4936 1646 4993 haec
1676 4939 1860 4992 omnia
1888 4952 2085 5008 passu-

503 5042 600 5082 rus
626 5028 717 5091 sit,
775 5043 897 5098 quae
936 5030 1235 5100 prephetive
1266 5027 1334 5086 de
1382 5044 1447 5085 eo
1488 5030 1949 5100 praenuntiavere,
1996 5031 2081 5086 vel

503 5119 709 5189 aliquid
753 5120 935 5176 simile
967 5122 1112 5191 apud
1147 5122 1326 5191 ipsum
1368 5120 1615 5176 futurum
1654 5122 1746 5178 sit.
1789 5121 1993 5178 Verum
2034 5121 2081 5179 si

500 5219 727 5282 propter
770 5227 833 5266 ea
863 5228 986 5283 quae
1016 5212 1286 5268 Salvatori
1328 5223 1521 5269 nostro
1551 5213 1872 5269 acciderunt
1915 5229 1946 5269 a
1979 5213 2082 5270 ﬁde

501 5304 559 5357 in
602 5320 730 5360 eum
790 5304 1159 5372 deterrentur,
1216 5322 1326 5363 non
1376 5308 1563 5364 dicere
1607 5307 1809 5364 habent
1856 5308 1926 5364 de
1971 5324 2081 5381 quo

502 5396 618 5454 haec
650 5408 998 5470 exspectent.
1029 5399 1289 5471 Superest
1341 5402 1509 5473 igitur
1532 5403 1691 5473 juxta
1735 5416 1831 5458 eos
1879 5411 1940 5457 ut
1971 5418 2080 5457 non

504 5492 653 5545 exitu
698 5494 1055 5564 comprobata
1088 5504 1142 5549 et
1187 5495 1479 5551 manifeste
1518 5494 1737 5550 fallacia
1769 5495 1934 5550 verba
1984 5495 2079 5551 Dei

506 5576 981 5649 demonstrentur;
1009 5598 1120 5639 non
1149 5599 1280 5640 vero
1302 5584 1459 5654 juxta
1502 5601 1625 5654 nos,
1657 5586 1857 5657 quibus
1885 5585 2020 5642 nihil
2049 5603 2079 5642 a

577 5759 658 5815 ⁸11
693 5760 819 5816 Cor.
861 5776 933 5825 vi,
967 5759 1057 5814 29.

2184 4843 2351 4899 αὐτοῦ
2384 4844 2565 4899 ἰᾶσθαι
2609 4844 2819 4909 πάντας
2861 4847 3058 4911 αὐτοὺς
3091 4844 3403 4917 ὁμολογεῖν,
3429 4843 3701 4915 φάσκοντας·

2188 4957 2208 4988 ι
2246 4931 2415 5002 Οὗτος
2443 4937 2543 5002 τὰς
2578 4939 2853 5011 ἁμαρτίας
2895 4937 3049 5010 ἡμῶν
3083 4939 3264 5010 φέρει,
3309 4938 3406 4992 καὶ
3445 4935 3561 5006 περὶ
3588 4926 3704 5002 ἡμῶν

2181 5030 2454 5093 ὀδυνᾶται,
2505 5031 2599 5084 καὶ
2642 5029 2721 5102 τῷ
2775 5028 3003 5102 μώλωπι
3034 5029 3198 5084 αὐτοῦ
3230 5033 3398 5102 ἡμεῖς
3441 5027 3699 5097 ίάθημενςθ

2183 5123 2278 5187 Τίς
2300 5123 2345 5176 δ’
2370 5123 2718 5198 ἀνθρωπίνης
2744 5122 2923 5194 λαχὼν
2947 5122 3162 5193 φύσεως
3181 5121 3386 5191 γένοιτ’
3409 5120 3473 5175 ἂν
3494 5115 3700 5172 τοιοῦτοῆ

2182 5216 2324 5271 ὥστε
2359 5218 2492 5289 μήτε
2522 5217 2663 5287 λόγῳ
2684 5218 2820 5290 μήτε
2849 5216 2995 5289 ἔργῳ
3022 5217 3380 5290 ἡμαρτῆσθαι
3407 5234 3458 5271 τι
3488 5206 3701 5282 meo;

2182 5308 2469 5382 ἀληθεύειν
2508 5308 2770 5378 λέγουσαν
2815 5310 2943 5381 περὶ
2979 5308 3144 5363 αὑτοῦ
3179 5308 3283 5380 τὴν
3323 5308 3471 5362 θείαν
3508 5306 3544 5358 Γ
3548 5298 3699 5372 ραφὴνν

2184 5404 2268 5456 ὅτι
2297 5420 2315 5452 ι
2347 5402 2579 5474 ἀνομίαν
2624 5402 2725 5456 οὐκ
2745 5401 3018 5473 ἐποίησεν,
3040 5400 3157 5455 οὐδὲ
3174 5400 3331 5466 δόλος
3354 5403 3412 5455 ὲν
3436 5397 3509 5468 τῷ
3526 5393 3700 5464 στόματι

2183 5495 2385 5560 αὐτοῦς
2423 5516 2441 5549 ι
2484 5498 2606 5551 Ἐπὶ
2644 5497 2772 5568 ποίᾳ
2801 5495 2857 5549 δὲ
2890 5497 3037 5568 αἰτίᾳ
3071 5495 3159 5548 τὸν
3185 5497 3284 5549 ἐπὶ
3312 5494 3514 5556 τούτοις
3537 5499 3698 5561 μαρτυ·

2187 5587 2445 5660 ρούμενον
2473 5589 2549 5651 ὡς
2588 5587 2858 5661 πρόϐατον
2892 5588 2983 5642 ἐπὶ
3012 5587 3227 5656 σφαγὴν
3277 5581 3609 5658 ἀχθήσεσθαι,
3632 5569 3699 5629 καὶ
