3926 6260
238 375 365 432 1249

1241 369 1533 426 ECLOGA“.
1572 368 2053 426 ΡΒΟΡΠΕΤῙΟΛΕ.
2082 398 2152 410 --
2178 369 2430 427 ιλιι-ιν.

3333 377 3475 433 I250

233 491 328 547 ἀπὺ
353 488 449 543 τῶν
472 487 712 560 ἀνομιῶν
747 485 839 539 τοῦ
867 485 994 539 λαοῦ
1032 484 1129 557 τὴν
1160 486 1252 538 ἐπὶ
1280 484 1498 557 θανάτῳ
1524 502 1788 557 κατακρι-

1891 484 2190 556 majoribus
2231 485 2614 541 annuntiatum
2657 494 2761 553 est,
2796 488 2930 543 nihil
2962 487 3033 545 de
3057 489 3179 561 ipso
3208 491 3473 549 traditum

233 582 465 657 θήσεσθαι
492 582 521 633 ό
547 581 701 650 λόγος
730 578 1089 651 προαγορεύει
1113 594 1128 643 ;
1156 578 1479 646 Λεγέτωσαν
1517 578 1573 631 δὲ
1612 579 1709 634 καὶ
1736 581 1786 632 εί

231 673 873 747 προσδοκώμενοςοαύτοῖς
910 671 1061 742 ἥξειν
1095 670 1331 740 Χριστὸς
1365 669 1537 722 ταῦτα
1570 669 1788 736 πάντως

231 766 474 829 πείσεται,
506 765 647 836 ἆπερ
683 765 738 817 αἱ
772 766 1097 836 προφητεῖαι
1137 761 1265 835 περὶ⁸
1306 760 1472 814 αὑτοῦ
1506 761 1790 825 θεσπίζου-

228 875 325 925 σιν,
351 859 384 930 ἢ
412 857 558 911 οὐδέν
586 875 636 911 τι
669 854 909 910 τοιοῦτον
948 855 1077 928 περὶ
1114 856 1320 908 ἐκεῖνον
1347 853 1520 908 ἔσται.
1564 853 1701 907 Ἀλλ’
1739 854 1788 907 εί

224 950 306 1005 διὰ
342 949 408 1004 τὰ
435 948 816 1021 συμϐεῆηκότα
837 948 915 1020 τῷ
955 948 1167 1020 Σωτῆρι
1202 946 1358 1018 ήμῶν
1383 946 1788 1018 προσκόπτουσι

220 1042 283 1114 τῇ
311 1042 386 1105 εἰς
415 1040 573 1094 αὐτὸν
605 1041 807 1107 πίστει,
843 1041 942 1093 οὐκ
975 1038 1041 1093 ἂν
1083 1038 1326 1109 φείσαιεν
1360 1037 1632 1110 (φήσαιεν)
1660 1038 1790 1109 περὶ

221 1128 278 1188 οὗ
309 1132 639 1205 προσδοκῶσι
679 1132 750 1187 τὰ
800 1131 1045 1187 τοιαῦτα.
1082 1130 1243 1203 Ὧραι
1266 1125 1359 1183 οὖν
1404 1128 1615 1192 ἀτελεῖς
1666 1129 1788 1182 κατ’

219 1224 406 1290 αὐτοὺς
441 1225 535 1279 καὶ
571 1224 772 1296 δηλαδὴ
804 1223 1019 1294 ψευδεῖς
1065 1220 1463 1291 ἀποφαίνεσθαι
1497 1220 1596 1284 τὰς
1640 1218 1791 1283 θείας

220 1316 411 1388 φωνάς·
430 1315 541 1370 ἀλλ’
562 1316 620 1368 οὐ
639 1314 762 1369 καθ’
777 1315 924 1385 ἡμᾶς
937 1330 1001 1383 γε
1022 1313 1144 1375 τοὺς
1159 1307 1240 1376 οἷς
1254 1311 1357 1365 οὐκ
1380 1308 1654 1382 ἀνηγγέλη
1693 1309 1790 1380 μὲν

216 1411 278 1464 ἐκ
304 1408 572 1481 πατέρωνο
595 1407 716 1461 οὐδὲ
743 1403 1011 1479 παρεδόθη
1035 1404 1103 1458 τὰ
1124 1404 1252 1477 περὶ
1274 1401 1461 1466 αὑτοῦ,
1484 1402 1793 1473 θεωρήσαν-

218 1519 313 1566 τας
340 1501 382 1555 δ’
405 1503 553 1572 ὅμως
598 1499 760 1553 αὐτὸν
797 1498 893 1553 καὶ
930 1494 1405 1568 παραδεξαμένους
1451 1493 1593 1548 κατά
1631 1492 1693 1545 τὸ
1732 1492 1790 1545 ὲν

212 1594 385 1657 ἄλλοις
399 1594 520 1665 είρη
528 1592 707 1663 μένον’
721 1609 739 1643 ‹
752 1591 894 1654 Δαδς
905 1589 963 1644 δν
979 1589 1078 1643 οὐκ
1099 1587 1269 1657 ἔγνων
1284 1584 1566 1640 ὲδούλευσέ
1587 1601 1698 1655 μοι,
1712 1586 1793 1647 είς

212 1685 374 1756 ἀκοὴν
394 1684 556 1737 ὠτίου
595 1682 871 1755 ὑπήκουσέ
900 1699 1000 1753 μου
1019 1697 1033 1711 ο
1049 1700 1068 1733 ι
1090 1679 1184 1732 καὶ
1210 1678 1279 1731 δι’
1299 1677 1426 1747 ὅλης
1448 1677 1506 1730 δὲ
1532 1676 1631 1747 τῆς
1655 1691 1790 1746 προ-

211 1777 436 1849 φητείας
462 1774 794 1845 πλατύτερον
819 1756 913 1828 καὶ
935 1772 1364 1844 τηλαυγέστερον
1382 1770 1451 1822 τὰ
1477 1771 1597 1823 κατ’
1629 1766 1789 1821 αὐτὸν

1889 587 1995 642 est,
2046 577 2140 649 qui
2172 574 2353 632 tamen
2396 594 2520 632 eum
2557 580 2911 650 contemplati
2953 597 3146 638 sumus
3188 593 3354 654 atque
3383 600 3475 641 re-

1890 670 2160 741 cepimus,
2187 672 2342 742 juxta
2387 671 2519 727 illud
2550 671 2694 742 quod
2736 672 2875 729 alias
2908 673 3116 730 dictum
3154 686 3239 730 est
3273 695 3288 731 :
3318 695 3338 729 ι
3364 677 3477 733 Po-

1890 763 2050 834 pulus
2079 778 2241 834 quem
2297 780 2407 819 non
2451 765 2681 835 cognovi
2732 766 2924 820 serviit
2963 766 3118 831 mihi,
3168 767 3223 823 in
3283 769 3474 826 auditu

1890 855 2044 912 auris
2071 856 2313 911 obedivit
2350 855 2506 913 mihi.
2541 875 2562 908 ι
2599 857 2779 927 Atque
2806 857 2860 911 in
2892 857 3042 911 omni
3071 858 3359 929 prophetia
3388 875 3477 916 ex-

1889 946 2136 1015 pressius
2177 953 2232 1001 et
2284 946 2450 1001 latius
2492 945 2876 1016 exprimuntur
2930 960 3053 1015 quae
3103 955 3357 1017 spectant
3405 950 3475 1005 ad

1890 1052 2038 1103 eum,
2090 1036 2509 1109 ostenditurque
2549 1052 2715 1108 quam
2761 1037 2818 1091 in
2875 1036 3176 1106 perniciem
3228 1037 3476 1095 incident

1890 1129 1985 1200 qui
2021 1129 2071 1186 ei
2104 1130 2348 1186 insidiati
2379 1136 2531 1195 sunt,
2565 1130 2652 1186 his
2679 1129 2861 1185 verbis
2889 1148 2902 1184 :
2937 1148 2956 1180 ι
2984 1128 3051 1183 Ει
3087 1129 3229 1185 dabo
3275 1132 3475 1204 impios

1892 1236 1994 1293 pro
2042 1221 2329 1291 sepultura
2371 1220 2515 1290 ejus,
2551 1226 2606 1273 et
2627 1218 2825 1275 divites
2860 1233 2962 1289 pro
3009 1226 3188 1275 morte
3231 1234 3374 1277 sua:
3407 1238 3474 1277 eo

1889 1307 2035 1378 quod
2081 1306 2424 1377 iniquitatem
2472 1320 2583 1359 non
2634 1302 2848 1370 fecerit,
2890 1318 3071 1374 neque
3115 1302 3276 1359 dolus
3300 1303 3471 1361 fuerit
3581 1347 3593 1360 .

1892 1398 1948 1450 in
1977 1410 2074 1452 ore
2112 1396 2254 1465 ejus.
2286 1413 2307 1446 ι
2346 1393 2497 1450 Talis
2525 1394 2672 1448 enim
2713 1408 2840 1448 cum
2875 1391 3061 1457 fuerit,
3097 1394 3192 1459 ait,
3233 1396 3476 1452 sustule-

1890 1493 2020 1540 runt
2062 1499 2212 1550 eum,
2251 1485 2365 1540 haec
2398 1483 2643 1539 vicissim
2690 1483 2927 1553 passuri.
2957 1481 3089 1539 Post
3129 1483 3246 1538 haec
3276 1476 3475 1540 iterum

1890 1579 2131 1650 gentium
2164 1576 2411 1632 Ecclesia
2449 1577 2621 1631 electa
2654 1583 2821 1646 atque
2854 1583 3077 1645 accepta
3112 1575 3315 1646 prioris
3354 1576 3478 1631 loco

1891 1671 2077 1742 populi
2131 1669 2492 1723 annuntiatur
2543 1666 2631 1721 liis
2691 1666 2874 1722 verbis
2913 1685 2927 1722 :
2964 1684 2983 1717 ι
3013 1665 3224 1732 Lauda,
3272 1668 3476 1724 sterilis

1892 1777 2015 1833 quae
2062 1775 2172 1816 non
2231 1761 2419 1831 paris:
2451 1759 2686 1814 decanta
2732 1756 2973 1820 laudem,
3022 1765 3077 1813 ct
3120 1757 3296 1823 hinni,
3352 1773 3475 1829 qua:

210 1847 523 1941 ἐμφέρεται,
557 1867 652 1921 καὶ
681 1866 751 1920 τὰ
779 1865 908 1937 περὶ
935 1863 1031 1918 τοῦ
1067 1862 1454 1935 κατειληφότος
1481 1860 1538 1914 δὲ
1566 1858 1785 1931 ὀλέθρου

1891 1868 1996 1907 non
2022 1851 2309 1924 pariebas;
2358 1849 2618 1921 quoniam
2668 1847 2827 1903 multi
2861 1847 2959 1901 ﬁlii
3001 1848 3252 1913 desertae,
3301 1850 3475 1919 magis

205 1962 329 2026 τοὺς
362 1959 878 2022 ἐπιϐεϐουλευκότας
901 1956 1048 2029 αὐτῷ
1077 1954 1329 2028 δηλοῦται
1356 1952 1445 2007 διὰ
1463 1951 1557 2006 τοῦ
1580 1970 1593 1983 ·
1619 1971 1639 2003 ι
1676 1953 1788 2006 Καὶ

205 2053 359 2108 δώσω
390 2055 514 2117 τοὺς
544 2053 813 2125 πονηροὺς
848 2051 968 2105 ἀντὶ
996 2050 1095 2122 τῆς
1117 2048 1295 2118 ταφῆς
1319 2046 1507 2110 αὐτοῦ,
1538 2044 1635 2100 καὶ
1660 2044 1786 2109 τοὺς

202 2144 493 2209 πλουσίους
521 2144 642 2197 ἀντὶ
682 2142 773 2196 τοῦ
809 2140 1041 2196 θανάτου
1076 2139 1239 2194 αὐτοῦ
1260 2157 1272 2170 ο
1313 2138 1394 2192 ὅτι
1426 2135 1654 2208 ἀνομίαν
1687 2135 1788 2188 οὐκ

202 2234 478 2303 ἐποίησεν,
507 2232 632 2286 οὐδὲ
659 2232 807 2295 δόλος
837 2233 895 2284 ὲν
923 2230 1002 2301 τῷ
1032 2230 1259 2300 στόματι
1277 2227 1441 2283 αὐτοῦ
1460 2243 1475 2259 ⁸
1511 2246 1531 2280 ι
1561 2226 1655 2279 ἐπὶ
1677 2222 1785 2297 γὰρ

196 2319 441 2374 τοιοῦτον
471 2319 623 2383 ὄντα,
656 2320 844 2392 φησὶν,
878 2319 1086 2374 ἀνεῖλον
1108 2318 1298 2372 τούτου
1325 2316 1482 2389 χάριν
1513 2314 1584 2369 τὰ
1617 2314 1790 2369 τοιαδὶ

200 2412 479 2465 πείσοντα.
516 2410 579 2482 (f.
604 2410 695 2481 58)
717 2409 938 2474 Τούτοις
970 2409 1097 2480 ἑξῆς
1124 2405 1278 2472 αὖθις
1302 2410 1336 2479 ή
1373 2407 1435 2472 ἐξ
1456 2406 1624 2461 ὲθνῶν
1666 2405 1789 2458 Ἐκ-

197 2501 402 2574 κλησία
421 2502 828 2571 εὐαγγελίζεται
851 2500 1249 2574 συγκρινομένη
1274 2499 1369 2554 καὶ
1382 2496 1788 2571 προκρινομένη

1889 1959 2055 2017 quam
2099 1943 2219 2014 ejus
2251 1958 2373 2013 quae
2401 1941 2563 1996 habet
2592 1940 2793 1994 virum.
2828 1960 2848 1992 ι
2883 1939 3095 2006 Quibus
3138 1956 3265 1995 cum
3306 1943 3473 1998 multa

1889 2051 2027 2108 opus
2059 2035 2133 2091 sit
2163 2033 2583 2104 investigatione
2608 2037 2663 2086 et
2682 2031 3069 2101 explanatione
3100 2032 3204 2087 hoc
3238 2031 3293 2087 in
3324 2033 3469 2096 loco,

1889 2127 1979 2183 hic
2030 2126 2118 2180 cui
2181 2123 2334 2179 cordi
2381 2122 2488 2177 erit
2541 2126 2874 2191 praeceptum
2936 2119 3068 2174 illud
3117 2119 3470 2175 Salvaturis:

1893 2237 1913 2271 ι
1946 2216 2281 2273 Scrutamini
2329 2214 2665 2284 Scripturas,
2700 2209 2831 2280 quia
2860 2224 2959 2265 vos
2990 2210 3200 2279 putatis
3232 2209 3286 2263 in
3331 2209 3473 2280 ipsis

1888 2311 2058 2366 vitam
2099 2316 2360 2364 aeternam
2401 2304 2606 2359 habere
2634 2321 2647 2357 :
2674 2309 2729 2357 et
2762 2300 2867 2355 illa:
2907 2309 3036 2354 sunt
3069 2315 3192 2370 quae
3226 2299 3476 2355 testimo-

1888 2402 2040 2456 nium
2062 2397 2352 2469 perhibent
2394 2393 2464 2450 de
2500 2408 2587 2449 me
2615 2393 2657 2457 ¹,
2692 2409 2711 2443 ι
2747 2389 3050 2446 studiosius
3087 2401 3142 2446 et
3171 2390 3475 2461 impensius

1890 2500 2169 2549 scrutatus
2196 2505 2262 2546 ea
2300 2488 2605 2559 dignoscet.

196 2573 296 2652 τοῦ
324 2596 593 2667 προτέρου
636 2597 766 2652 λαοῦ
792 2596 880 2651 διὰ
905 2573 1021 2651 τοῦδ’
1059 2615 1078 2649 ι
1122 2594 1491 2668 Εὐφράνθητι,
1530 2592 1718 2665 στείρα
1745 2593 1780 2663 ή
1808 2589 1867 2643 οὐ
1898 2578 2178 2641 τίκτουσα’
2223 2583 2384 2657 ῥῆξον
2422 2582 2516 2636 καὶ
2549 2581 2775 2653 βόησον,’
2813 2580 2847 2651 ή
2909 2579 3011 2633 οὐκ
3063 2576 3359 2632 ὠδίνουσω
3394 2573 3477 2628 δτι

197 2691 460 2746 πολλάτά
479 2692 645 2746 τέκνα
671 2693 770 2763 τῆς
796 2693 1023 2765 ἐρήμου,
1055 2690 1309 2763 μᾶλλονῆ
1342 2691 1442 2762 τῆς
1472 2687 1703 2760 ἐχούσης
1724 2686 1817 2741 τὸν
1845 2684 2031 2757 ἀνδρα.
2071 2702 2091 2735 ι
2124 2679 2330 2751 Πολλῆς
2350 2678 2409 2735 δὲ
2441 2677 2707 2748 δεομένων
2763 2675 3096 2747 ὲρευνήσεως
3136 2671 3228 2727 καὶ
3289 2670 3476 2736 ὲξετάο

198 2806 340 2853 σεως
376 2786 489 2842 τῶν
523 2789 663 2843 κατά
689 2759 779 2842 τδν
806 2759 992 2858 τόπον,
1109 2787 1259 2859 μέλει
1282 2759 1382 2857 τῆς
1400 2759 1510 2839 ⁷τοῦ
1530 2786 1785 2855 Σωτῆρος
1822 2778 2043 2851 ἐντολῆς
2083 2774 2349 2846 λεγούσης
2370 2790 2383 2804 '
2419 2791 2439 2826 ι
2504 2772 2795 2844 Ἐρευνᾶτε
2832 2769 2933 2834 τάς
2991 2767 3236 2841 Γραφάς,
3277 2767 3335 2820 ὲν
3385 2759 3476 2829 αἷς

192 2884 403 2943 δοκεῖτε
440 2886 585 2959 ζωὴν
612 2883 829 2939 αἰώνιον
870 2882 1050 2954 ἔχειν’
1076 2858 1172 2937 καὶ
1199 2870 1359 2936 αὗταί
1394 2881 1533 2955 εἰσιν
1593 2881 1650 2933 αἱ
1712 2874 2081 2949 μαρτυροῦσαι
2134 2870 2264 2943 περὶ
2302 2867 2459 2941 ἐμοῦ,
2502 2891 2522 2921 ι
2566 2865 2987 2938 ἐπιμελέστερον
3049 2858 3199 2926 οὗτος
3251 2859 3477 2932 ἐρευνή-

193 2998 295 3046 σας
331 2980 402 3035 τά
428 2982 492 3036 ὲν
518 2980 700 3044 αὐτοῖς
727 2977 958 3031 εἴσεται.

710 3091 1103 3145 ΚΕΦΑΛΔΙΟΝ
1144 3089 1280 3144 KH'.

2424 3065 2653 3124 CAPUT
2691 3063 2930 3120 XXVIII.

265 3206 286 3240 ι
335 3184 643 3241 Ἀκούσατέ
678 3199 798 3255 μου,
823 3182 917 3236 καὶ
950 3180 1191 3252 φάγεσθε
1230 3178 1431 3248 ἀγαθὰ,
1466 3178 1561 3233 καὶ
1594 3177 1785 3248 ὲντρυ⁶

1971 3190 1990 3225 ι
2026 3166 2231 3223 Audite
2273 3162 2560 3219 audientes
2600 3174 2709 3227 me,
2756 3167 2812 3214 et
2847 3155 3119 3212 comedite
3161 3157 3390 3223 bonum,
3421 3167 3477 3213 et

185 3279 353 3351 φήσει
383 3280 453 3332 ὲν
485 3274 709 3345 ἀγαθοῖς
739 3274 773 3344 ἡ
799 3273 944 3344 ψυχὴ
975 3272 1150 3343 ὑμῶν.
1186 3270 1493 3342 Προσέχετε
1513 3270 1623 3332 τοῖς
1655 3267 1788 3321 ὠσὶν

184 3369 371 3441 ὑμῶν,
410 3367 516 3423 καὶ
544 3362 1016 3434 ὲπακολουθήσατε
1040 3364 1162 3424 ταῖς
1192 3360 1332 3424 ὁδοῖς
1375 3375 1475 3430 μου
1494 3374 1508 3388 ο
1537 3355 1788 3411 εἰσακού-

183 3462 321 3517 σατέ
365 3477 505 3533 μου,
530 3459 626 3512 καὶ
657 3456 884 3529 ζήσεται
907 3456 964 3510 ὲν
991 3453 1214 3524 ἀγαθοῖς
1253 3453 1288 3523 ή
1314 3450 1462 3521 ψυχὴ
1487 3448 1660 3520 ὑμῶν,
1694 3447 1789 3500 xal.

179 3555 534 3628 διαθήσομαι
560 3552 688 3624 ὑμῖν
720 3549 983 3621 διαθήκην
1012 3545 1250 3610 αἰώνιον,
1281 3542 1353 3598 τά
1378 3544 1502 3597 ὅσια
1528 3540 1690 3595 Δαυῒδ
1720 3538 1790 3593 τὰ

179 3646 382 3703 πιστά.
423 3644 587 3710 Ἰδοὺ,
616 3643 914 3715 μαρτύριον
936 3640 994 3694 ὲν
1027 3639 1235 3695 ἔθνεσιν
1267 3636 1449 3690 ἔδωκα
1476 3635 1659 3698 αὐτὸν,
1692 3632 1789 3705 ἀρ-

178 3756 354 3813 χοντα
386 3737 496 3792 καὶ
518 3736 928 3808 προστάσσοντα
964 3734 1022 3785 ὲν
1049 3729 1283 3784 ἔθνεσιν
1318 3727 1428 3781 ἰδοὺ
1454 3725 1602 3796 ἔθνη,
1624 3723 1661 3778 ἃ
1689 3723 1790 3777 οὐκ

174 3832 367 3888 οἴδασί
403 3845 495 3896 σε,
543 3825 958 3882 ὲπικαλέσονταί
1007 3841 1089 3887 σε,
1133 3823 1230 3876 καὶ
1267 3821 1387 3874 λαοὶ
1411 3860 1426 3886 ,
1462 3819 1512 3873 οἶ
1556 3819 1656 3871 οὐκ
1688 3818 1789 3870 ἑπ-

180 3923 454 3982 ίστανταί
490 3940 571 3987 σε,
591 3922 682 3975 ἐπὶ
698 3921 758 3973 σὲ
780 3917 1230 3987 καταφεύξονται,
1255 3913 1440 3967 ἕνεκεν
1460 3911 1666 3983 Κυρίου
1692 3905 1787 3962 τοῦ

174 4016 323 4073 Θεοῦ
363 4034 475 4071 σου
514 4012 611 4067 τοῦ
652 4010 807 4081 ἀγίου
844 4006 1081 4080 Ἰσραὴλ,
1111 4005 1193 4059 ὅτι
1233 4001 1455 4071 ὲδόξασέ
1486 4018 1568 4055 σε.
1607 4019 1627 4052 ι
1652 3997 1789 4053 Τού-

177 4128 302 4177 τοις
326 4109 405 4164 τὰ
421 4106 697 4177 λεγόμενα
714 4105 971 4157 συνιεῖσιν
993 4098 1385 4170 ὑποδεχόμενος
1404 4099 1434 4149 ὁ
1454 4094 1610 4164 λόγος
1631 4110 1789 4149 πνευ-

176 4202 444 4276 ματικὰς
479 4197 707 4271 τροφὰς,
734 4195 884 4249 θείαν
930 4208 989 4246 τε
1029 4192 1125 4245 καὶ
1163 4188 1412 4262 οὐράνιον
1443 4185 1678 4258 τρυφὴν,
1708 4184 1788 4239 ἔτι

170 4314 239 4352 τε
274 4296 441 4367 ζωὴν
472 4294 533 4346 οὐ
578 4290 676 4362 τὴν
716 4287 917 4360 σαρκὸς
947 4284 1260 4356 ἀδιάφορον,
1296 4279 1432 4335 ἀλλά
1479 4279 1580 4350 τὴν
1621 4279 1788 4333 ἀΐδιον

166 4391 281 4463 τῆς
337 4386 567 4459 ψυχῆς,
609 4383 1094 4457 προσυπισχνεῖται
1120 4378 1247 4440 κτοῖς
1296 4375 1478 4438 αὐτοῖς
1528 4372 1793 4445 διαθήκην

170 4482 422 4537 αἰώνιον
455 4475 828 4549 διαθήσεσθαι,
857 4471 1048 4545 ἥντινά
1071 4486 1204 4541 φησι
1231 4486 1250 4520 ι
1290 4465 1360 4521 τὰ
1388 4467 1509 4520 ὅσια
1540 4463 1703 4519 Δαυῖδ
1721 4463 1791 4518 τὰ

168 4576 365 4631 πιστὰ
404 4590 427 4625 ι
459 4567 748 4640 περιέξειν.
785 4565 882 4629 Τίς
910 4564 975 4618 ἂν
1002 4557 1095 4617 οὖν
1125 4559 1211 4632 εἴη
1236 4561 1332 4615 καὶ
1358 4558 1494 4630 αῦτη
1533 4556 1671 4629 μετά
1691 4555 1790 4629 τὴν

169 4667 331 4742 πρὸς
362 4663 565 4735 καιρὸν
592 4660 693 4732 τὴν
724 4656 812 4711 διά
842 4654 1118 4717 Μωῦσέως
1145 4653 1305 4723 καινή
1332 4668 1414 4716 τις
1445 4651 1540 4704 κα)⁸
1574 4647 1791 4711 αἰώνιος

166 4757 453 4830 Διαθήκη
466 4749 783 4826 δοθήσεσθαι
797 4746 1027 4811 τούτοις,
1053 4743 1189 4816 πρὸς
1203 4742 1296 4807 οὓς
1321 4745 1350 4797 ό
1368 4742 1546 4830 λόγος,
1574 4756 1789 4812 προφη-

166 4826 510 4920 τευορξένψ
549 4842 615 4897 Ἦ
647 4837 809 4909 καινὴ
849 4835 958 4889 τῶν
1005 4831 1167 4905 ἱερῶν
1206 4829 1553 4899 Εὑαγγελίων
1576 4826 1788 4900 Γραφὴ,

162 4942 249 4997 τὰ
280 4919 430 4995 ὅσια
470 4933 633 4990 Δαυτδ
665 4930 995 5004 περιέχουσα
1025 4925 1112 4979 διὰ
1139 4923 1232 4978 τὸν
1258 4925 1323 4977 ὲκ
1354 4922 1667 4996 σπέρματος
1690 4919 1791 4973 αὒ-

163 5032 279 5087 τοῦ
312 5029 621 5100 γενόμενον
660 5018 867 5096 Ἰησοῦν
886 5019 979 5073 τὸν
1008 5014 1242 5089 Χριστὸν
1265 5012 1361 5068 τοῦ
1388 5010 1522 5067 Θεοῦ
1542 5025 1556 5039 ⁸
1605 5008 1792 5064 rev/rev

160 5122 232 5178 δὲ
270 5096 391 5177 καὶ
445 5096 741 5190 μαρτύριον
783 5107 1072 5166 δεδωκέναι
1102 5104 1268 5176 φησὶν
1309 5103 1340 5155 ὁ
1369 5100 1502 5165 Θεὸς
1547 5099 1670 5170 οὐχὶ
1713 5096 1792 5168 τῷ

177 5208 462 5287 Ἰσραὴλ,
492 5188 627 5262 ἀλλά
650 5207 762 5269 τοῖς
786 5201 1015 5263 ἔθνεσιν,
1047 5193 1280 5269 ἄρξοντα
1310 5193 1516 5247 τούτων
1545 5190 1641 5245 καὶ
1670 5188 1794 5243 τού-

158 5282 307 5369 τοις
360 5297 761 5374 προστάξοντα,
801 5291 924 5364 οὐχὶ
954 5290 1011 5345 δὲ
1039 5286 1119 5360 τῷ
1146 5285 1399 5360 προτέρῳ
1423 5282 1501 5354 τῷ
1525 5284 1591 5337 ὲκ
1632 5298 1792 5374 περι-

158 5394 381 5469 τομῆς
417 5371 564 5464 γλαῷ.
595 5388 780 5444 Ταῦτα
820 5385 878 5439 δὲ
927 5382 996 5438 τὰ
1033 5379 1186 5452 ἔθνη,
1230 5377 1496 5469 πρότερον
1537 5371 1791 5469 ούδαμῶς

156 5463 368 5543 αὐτὸν
426 5463 782 5554 ἐπιστάμενα,
823 5479 911 5532 ὅτε
958 5473 1101 5543 ἔγνω
1134 5469 1295 5526 αὐτὸν
1335 5468 1466 5522 Υίδν
1508 5465 1604 5521 τοῦ
1650 5463 1786 5518 Θεοῦ

157 5576 571 5650 τυγχάνοντα,
624 5572 854 5642 Σωτῆρα
891 5568 984 5621 καὶ
1012 5564 1145 5620 Θεὸν
1175 5559 1544 5617 ἐπεκαλέσατο
1588 5558 1751 5613 αὐτόν
1770 5574 1786 5588 ο

154 5668 338 5727 ἀλλὰ
392 5666 491 5721 καὶ
537 5668 586 5719 οἱ
641 5658 993 5734 μηδεπώποτε
1013 5656 1175 5711 αὐτὸν
1214 5650 1585 5722 ἐπεγνωκότες
1628 5650 1791 5722 ἡμεῖς

259 5827 282 5855 ⁸
328 5824 504 5882 Joan.
538 5841 590 5891 ν,
621 5822 710 5877 59.
788 5819 807 5850 ³
845 5814 951 5872 lsa.
984 5828 1071 5878 ιν,
1101 5809 1216 5865 2-5.

1889 3261 2251 3319 delectabitur
2276 3257 2332 3311 in
2364 3251 2739 3310 crassitudine
2765 3249 2948 3305 anima
2974 3255 3177 3304 vestra.
3210 3247 3475 3303 lnclinate

1891 3369 2076 3409 aurem
2117 3356 2379 3411 vestram,
2416 3353 2472 3400 et
2501 3346 2683 3399 venite
2714 3341 2782 3396 ad
2824 3355 2951 3395 me:
2984 3340 3193 3405 audite,
3230 3347 3286 3395 et
3324 3340 3472 3394 vivet

1889 3446 2071 3501 anima
2105 3448 2289 3498 vestra
2317 3456 2332 3492 :
2360 3446 2415 3492 et
2457 3434 2652 3490 feriam
2684 3433 2969 3489 vobiscum
3012 3441 3228 3501 pactum
3271 3431 3477 3501 sempi-

1888 3545 2131 3599 ternum,
2180 3526 2589 3587 misericordias
2636 3523 2808 3579 David
2846 3522 3054 3578 ﬁdeles.
3090 3520 3232 3576 Ecce
3278 3528 3473 3577 testem

1890 3628 2105 3701 populis
2136 3624 2260 3681 dedi
2307 3636 2457 3685 eum,
2500 3619 2698 3674 ducem
2748 3629 2813 3670 ac
2858 3620 3248 3684 praeceptorem
3294 3617 3471 3682 gentl-

1891 3722 2018 3779 bus.
2074 3719 2215 3774 Ecce
2264 3723 2505 3786 gentem,
2555 3725 2721 3783 quam
2762 3706 3071 3767 nesciebas,
3117 3703 3340 3758 vocabis
3376 3722 3389 3757 :
3420 3712 3476 3759 et

1890 3821 2078 3886 gentes
2103 3823 2226 3880 qua:
2257 3815 2309 3862 te
2336 3820 2448 3861 non
2482 3806 2878 3873 cognoverunt,
2914 3795 2983 3850 ad
3015 3804 3068 3851 te
3095 3802 3323 3849 current
3345 3809 3477 3864 pro-

1889 3882 2011 3977 pter
2067 3899 2361 3955 Dominum
2421 3893 2592 3950 Deum
2643 3899 2821 3953 tuum,
2876 3894 2932 3942 et
2974 3892 3229 3941 sanctum
3280 3882 3471 3950 Israel,

1889 3973 2022 4067 quia
2049 3986 2375 4064 gloriﬁcavit
2409 3992 2463 4039 te
2481 3985 2524 4039 ².
2557 4001 2577 4036 ι
2606 3981 2679 4037 li-s
2707 3979 2801 4051 qui
2824 3978 2939 4033 hac
2958 3974 3262 4044 intelligent
3282 3973 3472 4035 verba,

1893 4064 2180 4156 Scriptura
2209 4079 2501 4151 pollicetur
2530 4072 2847 4146 spirituales
2879 4067 3055 4132 cibos,
3097 4064 3339 4121 divinam
3365 4078 3478 4119 cm-

1890 4155 2194 4246 Iestemque
2240 4167 2653 4234 abundantiam,
2700 4164 2980 4232 vitamque
3025 4173 3135 4213 non
3170 4155 3475 4212 secundum

1891 4283 2138 4332 carnem,
2170 4263 2266 4321 sed
2304 4262 2501 4318 animae
2534 4256 2949 4327 sempiternam,
2977 4247 3359 4320 promittitque
3393 4246 3476 4300 eis

1893 4365 2118 4431 insuper
2148 4366 2365 4429 pactum
2400 4350 2814 4420 sempiternum,
2851 4341 3033 4413 quodc
3062 4336 3472 4393 misericordias

1894 4428 2082 4512 ﬁdeles
2101 4428 2265 4506 David
2292 4467 2311 4500 ι
2330 4452 2511 4503 vocat.
2530 4440 2814 4510 Quodnam
2833 4437 2938 4491 erit
2960 4433 3116 4499 illud,
3137 4442 3258 4502 post
3273 4428 3500 4501 Moysis,

1821 4520 1866 4574 Β
1897 4555 2140 4621 pactum,
2172 4542 2278 4599 nisi
2306 4552 2509 4597 novum
2534 4542 2589 4590 et
2624 4530 3016 4603 sempiternum
3041 4525 3475 4584 Testamentum,

1896 4610 2044 4712 quod
2075 4610 2234 4693 feriet
2277 4646 2403 4689 cum
2455 4629 2566 4684 illis
2613 4624 2681 4679 ad
2728 4636 2869 4693 quos
2914 4623 3122 4690 spectat
3150 4611 3441 4712 prophetia
3453 4610 3481 4663 ‘.'

1895 4701 2047 4789 flava
2090 4734 2407 4785 sanctorum
2450 4716 2869 4789 Evangeliorum
2904 4709 3214 4779 Scriptura,
3257 4701 3478 4759 miseri-

1896 4825 2098 4883 cordiae
2139 4818 2350 4878 scilicet
2396 4810 2590 4876 David,
2645 4812 2870 4880 propter
2910 4812 3101 4858 natum
3148 4798 3217 4853 de
3265 4794 3478 4851 semine

1896 4916 2018 4988 ejus
2046 4912 2235 4968 Jesum
2269 4905 2550 4962 Christum
2583 4898 2700 4955 Dei.
2735 4894 2895 4951 Hunc
2930 4900 2985 4949 et
3020 4898 3219 4946 testem
3255 4885 3477 4943 dedisse

1895 4980 1973 5065 ait
2003 5005 2147 5062 Deus
2189 5016 2306 5057 non
2335 4996 2536 5058 Israel,
2584 4990 2677 5048 sed
2727 4987 3003 5062 gentibus,
3040 4983 3110 5039 iis
3159 4980 3476 5037 dominatu-

1887 5114 2012 5156 rum
2040 5105 2205 5166 atque
2239 5092 2660 5161 imperaturum,
2686 5093 2800 5135 non
2826 5083 3009 5132 autem
3034 5072 3204 5129 veteri
3237 5070 3481 5127 circum-
3572 5084 3580 5091 ·

1890 5160 2134 5246 οἰεὶοιιὶε
2164 5182 2388 5256 populo.
2437 5176 2535 5232 Ha:
2582 5178 2765 5229 autem
2817 5175 3008 5240 gentes
3047 5164 3204 5237 prius
3244 5160 3477 5256 mioime

1890 5296 2016 5340 eum
2046 5247 2440 5350 cognoverant,
2468 5283 2594 5324 cum
2632 5262 2914 5322 sciverunt
2941 5271 3065 5323 eum
3094 5268 3218 5311 esse
3244 5251 3342 5307 Dei
3371 5247 3472 5305 Fia

1892 5373 2045 5437 lium,
2100 5347 2337 5437 euntque
2387 5360 2725 5417 Salvatorem
2780 5366 2845 5407 ac
2895 5347 3069 5404 Deum
3111 5349 3470 5400 vocaverunt.

1896 5429 2101 5517 Verum
2123 5472 2225 5513 nos
2249 5429 2471 5525 quoque
2494 5446 2590 5519 qui
2616 5443 2769 5516 prius
2798 5453 2924 5497 eum
2951 5435 3379 5497 nesciveramus,
3403 5429 3473 5484 ad

1898 5567 2023 5610 cum
2045 5523 2417 5619 confugimus,
2445 5559 2476 5596 a
2503 5535 2739 5610 pristino
2766 5545 2956 5589 errore
2982 5525 3240 5599 digressi,
3270 5523 3465 5580 adver-

1899 5646 2155 5715 sariaque
2201 5614 2414 5710 abjecta
2462 5631 2689 5688 ditione.
2725 5623 2887 5681 Tales
2926 5634 3080 5693 ergo,
3121 5619 3198 5674 ait
3236 5614 3473 5690 prophe-
