3926 6260
528 301 660 357 ΙΞέιι
1125 300 1391 356 EUSEDll
1431 299 1912 356 CAESARIENSIS
1952 299 2078 356 OPI‘

2164 298 2363 356 mas.
2407 300 2495 358 ιιι.
2524 334 2583 344 -
2625 300 3034 357 EXEGETHZA.
3580 313 3682 370 μω

526 417 623 482 tia,
683 416 877 473 ﬂemus
928 423 1149 486 pmpter
1201 412 1490 469 Dominum
1548 413 1739 473 Deum.
1779 414 1921 484 ejus,
1975 416 2076 487 qui.

2133 424 2178 477 Α
2208 413 2582 485 κατεφύγομεν
2634 414 2720 469 ἐπ’
2749 415 2935 479 αὑτὸν,
2966 417 3062 487 τῆς
3098 415 3354 487 προτέρας
3398 421 3681 494 ἀποφυγόντες

524 509 850 579 gloriﬁcavit
878 522 1025 562 eum.
1065 504 1413 561 Manifestum
1445 516 1528 560 est
1558 522 1665 575 qua
1694 506 1905 561 ratione
1931 508 2070 577 glori

2211 506 2437 575 πλάνης,
2458 507 2549 559 καὶ
2576 507 2679 559 ὑπὸ
2701 506 2797 569 τὰς
2820 508 3199 578 ἀντικειμένας
3225 510 3472 581 ἐνεργείας
3488 514 3680 584 δουλείας,

527 600 770 656 tieaverit
792 614 917 654 eum
952 597 1133 663 Pater,
1162 598 1319 667 juxta
1358 598 1498 652 hanc
1532 597 1599 652 ad
1630 615 1753 652 eum
1785 614 1817 653 e
1838 601 1978 654 coelo
2004 600 2077 655 de

2210 598 2394 652 Ταῦτα
2414 599 2491 659 δὲ,
2524 600 2686 667 φησὶν
2715 598 2748 667 ἡ
2785 597 3109 669 προφητεία,
3143 599 3417 669 γενήσεσθε
3442 602 3684 662 ’ἐνεκενκυ-

523 694 746 746 missam
793 705 1021 744 vocem:
1053 708 1073 740 ι
1111 688 1173 742 Et
1219 689 1512 743 elariﬁcavi
1569 696 1623 744 et
1659 690 1856 744 iterum
1900 692 2072 746 clariti

2212 692 2327 762 ρίου
2344 689 2436 742 τοῦ
2453 689 2586 742 Θεοῦ
2605 689 2790 753 αὑτοῦ,
2815 690 2896 742 ὅτι
2916 689 3164 755 ἐδόξασεν
3181 690 3350 742 αὐτόν·
3371 694 3513 763 σαφὲς
3529 697 3563 749 δ’
3582 699 3684 764 ὅπως

520 783 727 838 οεὺοί.
762 802 782 834 ι
814 781 1111 837 Videamus
1165 789 1347 836 autem
1396 796 1578 836 annon
1625 791 1931 851 congruant
1977 800 2070 853 qua

2206 782 2458 847 ἐδόξασεν
2489 781 2646 835 αὑτὸν
2673 785 2702 834 ὁ
2733 781 2921 853 Πατὴρ
2968 782 3108 836 κατὰ
3147 782 3242 853 τὴν
3291 784 3559 854 ἐνεχθεῖσαν
3590 791 3685 860 πρὸς

520 876 610 930 hic
639 876 917 938 dicuntur,
950 875 1160 929 scilicet
1188 891 1200 926 :
1234 892 1252 924 ι
1286 874 1426 930 Ecce
1452 884 1667 944 gentem
1685 892 1854 946 quam
1884 878 2068 933 nescic

2205 873 2368 928 αὐτὸν
2410 873 2469 938 ἐξ
2512 873 2745 946 ούρανοῦ
2773 875 2976 944 φωνὴν,
3018 877 3151 947 τῆν’
3195 894 3213 925 ι
3260 875 3361 928 Καὶ
3399 878 3599 946 ἐδόξασα,
3623 883 3685 935 καὶ

518 971 619 1025 bas
653 970 877 1023 vocabis
908 987 920 1021 :
953 979 1006 1023 et
1035 976 1224 1038 gentes
1255 983 1376 1038 quae
1409 976 1463 1023 te
1488 983 1596 1022 non
1625 981 2000 1039 cognoverunt
2027 985 2068 1023 ai

2206 966 2369 1019 πάλιν
2390 965 2611 1031 δοξάσω.
2654 986 2673 1019 ι
2701 969 2841 1040 Ὅρα
2866 968 2911 1021 δ’
2941 971 2989 1022 εί
3018 968 3091 1039 μὴ
3117 970 3345 1039 συγγενῆ
3376 972 3589 1040 τυγχάνει
3609 978 3685 1040 τοῖς

521 1073 574 1117 te
601 1070 845 1125 current,
876 1081 894 1114 ι
935 1077 1058 1115 cum
1102 1062 1211 1116 illis
1242 1076 1364 1131 quae
1393 1063 1447 1114 in
1480 1059 1820 1130 prazcedente
1845 1061 2071 1116 referun

2204 1060 2393 1114 ἐνθάδε
2427 1064 2606 1133 ῥητοῖς
2635 1062 2901 1132 φάσκουσι
2928 1064 3008 1117 τό’
3046 1082 3063 1113 ι
3106 1063 3273 1133 Ἔθνη
3300 1063 3332 1117 δι
3359 1063 3450 1116 οὐκ
3475 1064 3611 1118 οἴδασί
3629 1084 3685 1129 σε,

518 1164 610 1210 tur
654 1156 916 1225 capitulo,
976 1156 1208 1218 scilicet,
1247 1172 1267 1206 ι
1298 1155 1499 1225 quibus
1548 1169 1658 1209 non
1706 1154 2068 1208 annuntiatuu

2201 1151 2617 1205 ἐπικαλέσονταί
2662 1170 2751 1222 σε,
2777 1156 2871 1208 καὶ
2908 1155 3028 1208 λαοὶ
3067 1156 3116 1207 οἳ
3145 1155 3242 1208 οὐκ
3279 1154 3494 1222 ἔγνωσαν
3532 1173 3594 1219 σε,
3623 1159 3687 1211 ἐπὶ

516 1257 601 1302 est
633 1248 700 1304 de
729 1264 814 1311 eo,
848 1249 1124 1312 viderunt,
1164 1255 1218 1302 et
1251 1247 1343 1318 qui
1381 1264 1488 1302 non
1521 1247 1816 1303 audierunt
1847 1256 2066 1303 contem

2207 1244 2267 1297 σὲ
2299 1244 2749 1315 καταφεύξονται,
2787 1266 2806 1298 ι
2832 1248 2898 1300 τὰ
2932 1249 2990 1299 ἐν
3020 1246 3098 1317 τῷ
3130 1246 3235 1317 πρὸ
3255 1246 3432 1299 τούτου
3457 1248 3685 1321 κεφαλαίῳ,

516 1340 646 1410 ριῖιὶὶ
696 1347 844 1395 sunt.
878 1360 895 1391 ι
962 1339 1056 1395 His
1099 1340 1300 1394 similia
1356 1339 1709 1394 inveniuntur
1753 1341 1809 1395 in
1863 1342 2066 1411 septimi

2188 1334 2329 1388 ἔνθα
2357 1335 2594 1404 ἐλέγετο,
2621 1338 2701 1390 ὅτι
2720 1357 2737 1388 ι
2761 1332 2840 1402 οἷς
2870 1339 2971 1391 οὐκ
2991 1338 3262 1409 ἀνηγγέλη
3285 1339 3401 1410 περὶ
3417 1340 3557 1392 αὑτοῦ
3578 1341 3688 1409 ἧψαν-

514 1433 731 1488 decimo
794 1434 1034 1502 psalmo,
1095 1448 1125 1486 e
1187 1432 1393 1487 Christi
1466 1447 1698 1503 persona
1746 1451 1759 1485 :
1802 1431 2059 1503 «Popqu

2198 1447 2310 1492 ται,
2345 1431 2439 1485 καὶ
2472 1430 2521 1483 οἳ
2552 1432 2653 1484 οὐκ
2679 1431 2948 1502 ἀκηκόασι
2979 1432 3287 1503 συνήσουσι.
3328 1451 3345 1481 ι
3370 1431 3561 1495 Τούτοις
3577 1434 3690 1500 ὅμοια

515 1540 675 1595 quem
712 1525 1026 1595 ignorabam
1059 1525 1285 1579 servivit
1312 1524 1469 1589 mihi,
1512 1527 1565 1578 in
1593 1525 1780 1578 auditu
1824 1525 1937 1579 oris
1963 1525 2065 1580 obe

2197 1523 2454 1593 τυγχάνει
2486 1523 2579 1576 καὶ
2630 1521 2697 1576 τὰ
2731 1525 2790 1576 ἐν
2815 1523 3261 1591 ἑπτακαιδεκάτῳ
3287 1522 3470 1594 ψαλμῷ
3498 1526 3550 1577 ἐκ
3571 1541 3691 1595 προσ-

513 1618 648 1671 divit
677 1618 808 1671 mihi
833 1618 873 1669 ’.
905 1636 921 1667 ι
960 1615 1251 1687 Nos'igitur
1271 1632 1428 1671 veras
1443 1617 1726 1672 credentes
1744 1616 2063 1686 prophetias

2198 1609 2348 1663 ὡπου
2396 1610 2491 1664 τοῦ
2536 1610 2773 1685 Χριστοῦ
2825 1613 2966 1666 κατά
3007 1611 3090 1664 τό’
3148 1630 3168 1663 ι
3217 1613 3354 1675 Λαὸς
3386 1613 3439 1665 ὃν
3461 1613 3545 1667 οὐκ
3569 1612 3692 1683 ἔγνων

514 1710 764 1778 impletas
820 1707 989 1763 fuisse
1040 1725 1134 1764 eas
1174 1707 1476 1764 Salvatoris
1522 1709 1693 1764 nostri
1725 1707 1957 1762 adventu
1991 1724 2064 1778 pri

2197 1703 2475 1757 ἐδούλευσὲ
2529 1720 2640 1774 μοι,
2686 1705 2765 1767 είς
2819 1705 2988 1773 ἀκοὴν
3038 1702 3202 1759 ὠτίου
3260 1706 3515 1776 ὑπήκουσέ
3560 1725 3690 1777 μοι.»

511 1813 663 1858 certo
693 1803 981 1868 habemus,
1009 1802 1479 1872 intelligimusque
1510 1817 1612 1857 nos
1634 1802 1907 1871 quondam
1941 1801 2060 1871 ipso

2144 1810 2163 1862 ι
2208 1799 2398 1868 Ἡμεῖς
2431 1798 2529 1868 μὲν
2550 1794 2643 1851 οὖν
2673 1797 2891 1868 ἀληθεῖς
2945 1797 3291 1862 πιστεύοντες
3314 1797 3407 1861 τὰς
3432 1799 3694 1870 προφητείας

509 1896 851 1951 errabundas
900 1903 1090 1966 gentes
1137 1895 1329 1956 fuisse,
1386 1895 1722 1964 malignitate
1774 1893 2059 1948 daemonun

2194 1888 2257 1959 ([,
2285 1888 2353 1943 58
2377 1888 2475 1959 νο),
2507 1888 2898 1959 πεπληρῶσθαι
2939 1889 3109 1952 αὑτὰς
3152 1889 3247 1941 ἐπὶ
3278 1892 3341 1958 τῇ
3383 1889 3469 1943 τοῦ
3506 1889 3693 1960 Σωτῆρος

508 1990 563 2043 in
595 2005 810 2043 onmem
870 1988 1233 2042 idnlolatriam
1290 1994 1613 2057 provectos,
1676 2000 1852 2056 neque
1905 1986 2058 2040 solun

2192 1981 2348 2052 ἡμῶν
2400 1981 2671 2053 παρουσίᾳ
2729 1981 3109 2052 πεπείσμεθα,
3166 1982 3551 2053 συναισθόμενοι
3589 1984 3694 2044 ὅπως

505 2095 631 2135 vere
663 2078 833 2135 Deum
862 2084 1280 2149 cognoscentes,
1315 2060 1491 2147 neque
1523 2078 1685 2141 ullam
1716 2076 2055 2147 propheticau

2192 2075 2354 2144 ἡμεῖς
2385 2075 2557 2138 αὐτοὶ,
2592 2072 2921 2144 πλανώμενα
2952 2073 3080 2146 ἔθνη
3108 2074 3168 2128 τὸ
3203 2075 3365 2129 πάλαι
3384 2075 3690 2145 τυγχάνοντες,

506 2174 795 2228 audientes
854 2187 1074 2238 vocem;
1124 2177 1502 2225 verumtamen
1557 2168 1861 2224 Salvatoris
1904 2177 2056 2224 nostr

2193 2167 2537 2238 ὲλαυνόμενοί
2585 2184 2643 2220 τε
2671 2167 2776 2221 ὑπὸ
2827 2166 3079 2238 χαλεπῶν
3114 2167 3383 2238 δαιμόνων
3410 2167 3536 2221 κατὰ
3565 2169 3692 2219 πᾶσαν

502 2264 630 2321 Jesn
664 2264 936 2329 doctrina,
973 2261 1041 2316 ad
1080 2263 1322 2317 omnium
1371 2261 1465 2317 Dei
1509 2262 1796 2316 scientiam
1828 2261 2049 2331 perveni

2188 2258 2649 2330 είδωλολατρείαν,
2683 2259 2777 2313 καὶ
2802 2260 2937 2330 μήτε
2976 2259 3067 2313 τὸν
3105 2259 3266 2331 μόνον
3293 2259 3460 2331 ἀληθῆ
3490 2259 3598 2312 Θεὸν
3625 2260 3691 2310 ἐπ-

501 2375 646 2422 mus,
677 2357 987 2425 divinisque
1022 2356 1356 2411 credidimus
1382 2353 1704 2424 Scripturis,
1734 2361 1787 2408 et
1804 2353 2050 2424 propheti

2191 2352 2486 2421 ιστάμενοι,
2511 2352 2648 2423 μήτε
2670 2351 3013 2422 προφητικῆς
3035 2352 3318 2414 ἐπαΐοντες
3342 2351 3527 2421 φωνῆς,
3545 2350 3614 2403 διὰ
3628 2349 3694 2417 τῆς

503 2459 683 2505 zatum
722 2447 817 2503 Dei
851 2446 1087 2502 Verbum
1115 2445 1450 2515 accepimus,
1479 2444 1638 2513 cujus
1672 2444 1826 2514 prius
1855 2445 2053 2528 omnin:

2187 2442 2280 2496 τοῦ
2312 2445 2564 2514 Σωτῆρος
2594 2442 2750 2514 ἡμῶν
2797 2441 2972 2513 Ἰησοῦ
3004 2441 3354 2506 διδασκαλίας
3387 2442 3473 2495 ἐπὶ
3496 2441 3577 2512 τὴν

501 2541 674 2597 nescii
708 2555 950 2594 eramus.
986 2537 1100 2592 Hoc
1132 2538 1298 2608 igitur
1327 2543 1538 2590 tantum
1573 2533 1873 2591 Salvatoris
1902 2522 2051 2590 nostr

2187 2553 2271 2590 σιν
2302 2536 2395 2590 τοῦ
2428 2534 2562 2590 Θεοῦ
2595 2534 2705 2590 τῶν
2732 2535 2870 2589 ὅλων
2899 2533 3378 2606 παρεληλύθαμεν,
3400 2522 3694 2586 πεπιστεύκα-

501 2634 752 2687 doetrina
794 2632 1115 2687 beneﬁcium
1144 2631 1448 2694 consecuti,
1487 2629 1763 2700 quomodo
1796 2646 1902 2685 non
1930 2630 2051 2697 justi

2188 2631 2286 2701 μέν
2316 2648 2376 2682 τε
2402 2632 2521 2693 ταῖς
2564 2628 2942 2691 θεοπνεύστοις
2980 2628 3248 2698 Γραφαῖς,
3290 2626 3495 2680 καὶτὸν
3537 2640 3695 2696 προφη-

502 2729 876 2797 acciperemus
924 2733 977 2780 et
1020 2724 1452 2795 praedicaremus
1500 2739 1623 2779 eum
1676 2728 1820 2778 sicut
1848 2721 1943 2778 Dei
1988 2721 2047 2776 Fi

2184 2722 2440 2776 τευθέντα
2466 2722 2559 2775 τοῦ
2589 2721 2724 2774 Θεοῦ
2754 2720 2926 2788 Λόγον
2966 2719 3435 2791 παραδεδέγμεθα,
3474 2716 3577 2788 μηδ’
3602 2715 3695 2776 ὅλως

498 2817 629 2871 lium
664 2813 1112 2885 Salvatoremque
1143 2814 1429 2870 nostrum?

2185 2816 2347 2870 αὐτὸν
2372 2815 2433 2868 τὸ
2470 2815 2598 2887 πρὶν
2642 2814 3016 2884 ἐπιστάμενοι.
3045 2812 3299 2867 Τοσαῦτα
3326 2813 3389 2884 δὴ
3420 2810 3500 2865 διὰ
3525 2810 3605 2880 τῆς
3627 2804 3696 2860 τοῦ

497 2909 749 2981 Σωτῆρος
778 2908 931 2980 ἡμῶν
957 2908 1404 2979 εὐεργετηθέντες
1432 2906 1796 2972 διδασκαλίας,
1820 2906 1938 2970 πῶς
1970 2907 2070 2960 οὐκ
2127 2906 2193 2961 ἂν
2225 2908 2448 2971 δικαίως
2482 2903 2928 2976 παραδεχοίμεθά
2979 2922 3040 2958 τε
3095 2907 3191 2961 καὶ
3237 2904 3585 2974 ἐκθειάζοιμεν
3628 2898 3699 2951 αὐ·

495 3005 605 3073 τὸν,
635 3006 728 3059 ἅτε
762 3005 890 3059 Υἰδν
922 3003 1057 3057 Θεοῦ
1092 3007 1124 3074 ὴ
1136 3003 1248 3073 μῶν
1279 3021 1338 3056 τε
1371 3003 1549 3056 αὐτῶν
1590 3003 1921 3074 τυγχάνοντα
1954 3005 2218 3077 Σωτῆρα;

1032 3118 1260 3175 CAPUT
1303 3118 1501 3179 xxrx.
2104 3131 2150 3191 ρ

2104 3131 2150 3191 C
2684 3129 2863 3181 ΚΕΦΑ
2871 3127 3082 3182 ΛᾹΙΟΝ
3122 3125 3232 3179 ΚΘ
3241 3166 3255 3179 .

571 3235 589 3264 ‹
618 3214 806 3270 Justus
842 3211 1005 3284 perit,
1030 3219 1085 3266 et
1128 3228 1238 3266 non
1282 3222 1368 3268 est
1392 3213 1488 3283 qui
1531 3215 1793 3286 recogitet
1823 3214 1876 3269 in
1908 3215 2074 3270 corde

2257 3234 2275 3266 ι
2315 3215 2503 3277 Ἴδετε,
2547 3219 2622 3279 ὡς
2660 3218 2691 3271 ὁ
2718 3217 2923 3281 δίκαιος
2954 3217 3190 3288 αἴρεται,
3223 3214 3321 3267 καὶ
3353 3212 3518 3275 οὐδεὶς
3544 3208 3699 3279 ἐκδέχε-

496 3323 617 3371 suo,
653 3314 706 3362 et
734 3305 834 3360 viri
866 3306 1257 3360 misericordiae
1287 3306 1645 3377 colliguntur,
1674 3308 1802 3377 quia
1844 3323 1951 3362 non
1988 3322 2046 3362 es

2177 3325 2268 3361 ται
2288 3310 2353 3379 τῇ
2375 3308 2592 3380 καρδίᾳ,
2623 3310 2717 3362 καὶ
2734 3308 2927 3380 ἄνδρες
2947 3309 3142 3362 δίκαιοι
3168 3306 3438 3377 αἴρονται,
3463 3304 3547 3356 καὶ
3569 3300 3698 3361 οὐδεὶς

493 3399 584 3468 qui
636 3397 903 3467 intelligat
937 3414 950 3450 :
984 3412 1013 3448 a
1050 3393 1187 3450 facie
1227 3397 1371 3450 enim
1425 3397 1650 3450 malitize
1697 3398 1961 3452 collectus
1991 3412 2043 3452 es

2179 3400 2462 3451 κατανοεῖ·
2491 3398 2598 3451 ἀπὸ
2615 3398 2723 3469 γάρ
2740 3398 3032 3470 προσώπου
3060 3396 3277 3461 ἀδικίας
3304 3392 3504 3468 ἦρταιὸ
3523 3393 3698 3454 δίκαιος,

489 3492 693 3561 justus.
732 3488 929 3544 Veniat
981 3504 1105 3558 pax,
1149 3490 1457 3559 requiescat
1505 3490 1559 3544 in
1616 3490 1783 3546 cubili
1832 3507 1934 3546 suo
1978 3507 2039 3560 qu

2177 3490 2327 3543 ἔσται
2355 3491 2413 3543 ὲν
2436 3491 2627 3563 εἰρήνῃ
2647 3492 2680 3560 ἠ
2705 3490 2849 3562 ταφὴ
2881 3490 3066 3551 αὑτοῦ.
3095 3486 3264 3562 ἦρται
3287 3490 3353 3544 ἐκ
3370 3489 3526 3560 μέσου
3545 3504 3557 3519 ·
3582 3486 3697 3555 ὑμεῖς

493 3579 793 3635 ambulavit
843 3580 898 3633 in
941 3578 1242 3633 directione
1278 3595 1398 3634 sua.
1447 3577 1558 3633 Vos
1596 3589 1779 3634 autem
1827 3579 2043 3635 accedit

2175 3580 2232 3634 δὲ
2261 3581 2639 3652 προσαγάγετε
2663 3574 2788 3645 ὦδε,
2811 3580 2917 3633 υἱοὶ
2940 3578 3151 3648 ἄνομοι,
3184 3579 3411 3649 σπέρμα
3439 3572 3613 3647 μοιχῶν
3632 3570 3698 3624 καὶ

496 3674 630 3738 huc,
666 3672 760 3726 lilii
782 3672 1173 3742 auguratricis,
1204 3687 1388 3727 semen
1407 3672 1637 3727 adulteri
1664 3680 1717 3727 et
1741 3672 2046 3728 fornicaria:

2176 3673 2399 3746 πόρνης.
2446 3674 2535 3726 Ἐν
2569 3672 2673 3726 τίνι
2724 3673 3164 3743 ἐνετρυφήσατε;
3198 3672 3295 3724 καὶ
3338 3670 3428 3722 ἐπὶ
3467 3668 3573 3721 τίνα
3590 3661 3698 3733 ἠνοί-

495 3764 672 3836 Super
703 3780 863 3835 quem
896 3764 1149 3819 Iusistis?
1195 3762 1370 3834 Super
1394 3779 1556 3835 quem
1587 3764 1857 3820 dilatastis
1890 3780 1973 3829 os,
2015 3781 2045 3820 ο

2176 3762 2301 3829 ξατε
2346 3764 2406 3818 τὸ
2460 3765 2632 3834 στόμα
2668 3762 2861 3834 ύμῶν;
2908 3762 3002 3815 καὶ
3032 3762 3125 3814 ἐπὶ
3166 3762 3293 3816 τίνα
3326 3753 3600 3831 ἐχαλάσατε
3630 3750 3697 3820 τὴν

490 3856 734 3926 ejecistis
772 3854 1053 3924 linguam?
1095 3852 1347 3924 Nunquid
1395 3870 1504 3909 non
1547 3871 1644 3911 vos
1689 3855 1781 3910 ﬁlii
1823 3857 2040 3912 scelesti

2172 3855 2422 3926 γλῶσσαν
2479 3855 2671 3926 ὐμῶν;
2707 3855 2817 3924 Οὐχ
2881 3856 3037 3924 ὑμεῖς
3086 3855 3212 3906 ἐστε
3257 3853 3425 3906 τέκνα
3461 3845 3696 3904 ἀπωλείας,

492 3964 677 4003 semen
728 3945 956 4000 mendax
984 3946 1095 3998 '1'»
1139 3944 1392 4001 Christus
1435 3945 1527 4001 Dei
1569 3946 1719 4002 solus
1754 3963 1881 4002 vere
1923 3947 2042 4002 inte]

2174 3950 2394 4021 σπέρμα
2432 3949 2670 4018 ἀνομον;
2703 3967 2721 4000 ι
2762 3948 2829 4000 Ὅ
2857 3945 3090 4017 Χριστὸς
3121 3945 3219 3998 τοῦ
3255 3943 3391 3999 Θεοῦ
3436 3928 3577 4013 μόνος
3612 3932 3696 3989 κατ’

490 4052 682 4091 omnes
705 4036 799 4106 qui
830 4050 1071 4104 unquam
1099 4034 1361 4091 exstitere
1386 4034 1570 4104 justos
1605 4036 1733 4092 talis
1766 4036 2040 4091 invenitur

2170 4041 2426 4112 ἀλήθειαν
2469 4039 2618 4111 παρὰ
2658 4039 2862 4101 πάντας
2888 4037 3015 4100 τοὺς
3052 4034 3280 4089 πώποτε
3311 4031 3698 4106 χρηματίσαντες

490 4128 721 4197 Ideoque
751 4125 1096 4197 peculiariter
1134 4125 1314 4194 justus
1371 4132 1618 4187 vocatur,
1677 4134 1731 4181 et
1780 4126 2040 4196 propheti:

2167 4131 2409 4195 δικαίους
2440 4130 2682 4193 τοιοῦτος
2705 4127 3078 4182 ἀναδέδεικται
3097 4143 3110 4156 '
3140 4126 3225 4180 διὸ
3250 4127 3348 4180 καί⁸
3371 4123 3560 4195 κυρίως
3580 4116 3698 4189 μόνος

487 4222 554 4275 dc
582 4236 647 4275 eo
672 4219 786 4275 ait:
825 4238 844 4270 ι
871 4218 1010 4274 Ecce
1034 4218 1216 4287 justus
1250 4218 1408 4288 perit.
1439 4239 1458 4271 ι
1494 4217 1648 4273 Unde
1700 4228 1880 4275 autem
1913 4220 2035 4274 abla

2168 4225 2233 4281 ἂν
2256 4225 2417 4290 αὐτὸς
2436 4223 2762 4297 χρηματίζοι
2790 4222 3017 4285 δίκαιος,
3041 4221 3185 4275 ὥστε
3221 4239 3291 4274 πε
3301 4221 3355 4293 pi.
3386 4216 3538 4274 αὐτοῦ
3564 4213 3698 4279 λέγειν

488 4322 576 4367 tus
600 4313 670 4368 sit
699 4312 822 4367 dein
850 4310 1054 4366 indicat
1083 4311 1272 4367 dicens
1300 4330 1312 4365 :
1354 4330 1372 4363 ι
1405 4311 1446 4364 Α
1483 4310 1623 4366 facie
1655 4313 1800 4367 enim
1836 4312 2038 4367 malitia

2166 4319 2264 4390 τὴν
2313 4317 2678 4389 προφητείαν’
2723 4333 2741 4368 ι
2787 4314 2977 4379 Ἴδετε,
3026 4314 3101 4378 ὡς
3131 4315 3160 4366 ὁ
3191 4312 3401 4376 δίκαιος
3432 4310 3642 4381 αἴρεται·
3680 4319 3692 4349 ι

487 4405 701 4461 ablatus
739 4412 823 4459 est
870 4405 1076 4475 justus.
1113 4422 1132 4456 ι
1188 4403 1324 4470 Quis
1363 4412 1545 4459 autem
1589 4420 1713 4459 cum
1749 4406 2034 4461 sustulerit

2167 4409 2274 4462 ἀπὸ
2297 4410 2441 4473 τίνος
2489 4408 2545 4461 δὲ
2566 4407 2809 4477 αἴρεται,
2866 4406 3118 4477 ἐπιφέρει
3154 4407 3217 4458 ἐν
3261 4405 3362 4476 τῷο
3403 4422 3421 4454 ι
3469 4398 3585 4454 Ἀπὸ
3616 4393 3695 4463 γᾶρ

486 4496 704 4551 noveris
758 4513 822 4551 ex
882 4497 1001 4568 ipso
1059 4496 1275 4553 dicente
1307 4517 1320 4551 :
1355 4495 1569 4552 «Nemo
1628 4498 1772 4552 tollit
1821 4500 2036 4553 animan

2164 4500 2454 4574 προσώπου
2506 4500 2715 4564 ἀδικίας
2760 4495 2926 4571 ἦρται
2971 4500 2999 4551 ὁ
3032 4499 3243 4562 δίκαιος
3267 4514 3281 4527 ”
3316 4516 3335 4550 ι
3373 4496 3453 4559 τίς
3497 4492 3548 4547 δὲ
3581 4486 3696 4544 καὶὸ

489 4546 702 4551 ___--,_-
882 4546 995 4568 τη
1064 4546 1320 4553 ___--_---
1362 4546 1563 4552 ουν---

484 4605 659 4643 meam
705 4605 738 4644 a
786 4605 872 4644 me
924 4590 1064 4660 ipso,
1122 4599 1176 4646 et
1217 4598 1543 4662 potestatem
1592 4592 1768 4647 habeo
1816 4592 2034 4662 ponend

2171 4546 2452 4574 "7----.-"
2507 4546 2712 4564 ..-ηηη
2769 4546 2925 4571 πη--
2976 4546 2995 4551 -
3037 4546 3240 4562 --παπ
3316 4546 3329 4550 _
3508 4546 3516 4547 ,

2165 4595 2332 4666 αἴρων
2358 4594 2519 4647 αὐτὸν
2550 4591 2714 4647 αὐτοῦ
2750 4591 2897 4644 ἔστιν
2926 4590 3155 4644 ἀκοῦσαι
3176 4589 3431 4659 λέγοντος
3452 4606 3466 4620 σ
3496 4605 3514 4637 ι
3552 4579 3694 4639 Οὐδεξ

484 4697 626 4745 eam,
658 4689 710 4734 et
739 4688 1066 4752 potestatem
1107 4683 1283 4737 habeo
1311 4685 1507 4737 iterum
1541 4682 1792 4738 sumendi
1819 4697 1939 4738 eam
1960 4683 2003 4736 ⁸.
2030 4702 2034 4735 :

2165 4687 2310 4759 αἴρει
2337 4688 2435 4759 τὴν
2468 4685 2647 4756 ψυχήν
2680 4701 2779 4756 μου
2816 4684 2909 4737 ἀπ’
2938 4682 3073 4753 ἐμοῦ
3098 4700 3112 4714 ο
3145 4681 3400 4748 ἐξουσίαν
3441 4678 3538 4749 ἔχω
3567 4675 3693 4729 θεῖναι

484 4774 616 4830 Dein
650 4775 752 4828 ait:
779 4794 798 4826 ‹
826 4774 883 4829 In
913 4792 1046 4846 pace
1086 4777 1365 4847 sepultura
1395 4778 1534 4847 ejus.
1561 4797 1581 4830 ι
1612 4776 1690 4831 Ex
1719 4793 1828 4848 quo
1859 4783 2034 4830 notant

2164 4778 2354 4849 αὐτὴν,
2384 4778 2485 4851 καὶ
2512 4776 2672 4831 πάλιν
2696 4773 2945 4840 ἐξουσίαν
2984 4771 3092 4843 ἔχω
3119 4773 3311 4827 λαϐεῖν
3337 4771 3520 4840 αὐτήν.
3550 4787 3568 4820 ι
3596 4759 3692 4817 Εἷτὰ

483 4869 633 4932 dum,
676 4867 822 4939 quod
870 4884 977 4922 non
1010 4870 1172 4925 modo
1201 4879 1450 4934 mortem,
1482 4869 1574 4926 sed
1617 4877 1669 4925 et
1713 4869 2033 4939 sepulturan

2166 4888 2329 4944 φησιν
2355 4884 2370 4899 ο
2399 4888 2419 4921 ‹
2468 4871 2557 4924 Ἐν
2584 4871 2777 4943 εἰρήνῃ
2802 4873 2835 4942 ὴ
2865 4868 3009 4941 ταφὴ
3033 4867 3222 4922 αὐτοῦ.
3258 4886 3280 4918 ι
3316 4864 3482 4920 Ἔνθα
3507 4872 3692 4931 crupitur

481 4964 600 5032 ejus
622 4962 936 5033 prophetica
967 4961 1213 5033 designat
1239 4960 1544 5033 Scriptura,
1568 4962 1713 5018 unde
1741 4969 1794 5017 et
1825 4970 2031 5017 sanctus

2160 4967 2304 5032 τέον,
2333 4967 2413 5020 ὅτι
2441 4965 2503 5020 οὐ
2536 4965 2696 5036 μόνον
2725 4966 2794 5017 τὰ
2828 4964 2957 5039 περὶ
2983 4960 3080 5016 τοῦ
3105 4947 3367 5023 θανάτου,
3398 4955 3526 5011 ἀλλά
3553 4950 3631 5006 καὶ
3644 4946 3691 5000 τὰ

480 5053 773 5123 Apostolus
822 5053 886 5106 ad
938 5052 1250 5109 Corinthios
1282 5055 1528 5110 scribens
1576 5054 1749 5110 dicit:
1783 5073 1801 5106 ι
1830 5053 2029 5109 Tradid

2153 5061 2289 5132 ’περὶ
2311 5060 2410 5131 τῆς
2439 5061 2616 5130 ταφῆς
2643 5056 2806 5111 αὐτοῦ
2830 5059 2862 5127 ή
2893 5054 3205 5128 προφητικὴ
3234 5052 3490 5132 σημαίνει
3510 5042 3690 5118 Γραφή·

480 5146 623 5198 enim
680 5144 836 5200 vobis
897 5145 953 5198 in
1002 5145 1194 5215 primis
1242 5146 1389 5216 quod
1442 5153 1495 5200 et
1535 5147 2030 5217 accepizquonian

2150 5129 2395 5205 ‘60sv‘xal
2421 5153 2450 5204 ὁ
2480 5129 2621 5223 ίερδς
2653 5148 2971 5213 Ἀπόστολος
2993 5147 3225 5221 γράφων
3242 5129 3544 5219 Κορινθίοις
3564 5133 3688 5206 φησί·

480 5226 733 5294 Christus
761 5249 1007 5294 mortuus
1027 5248 1108 5294 est
1136 5254 1235 5309 pro
1254 5241 1495 5310 peccatis
1516 5241 1723 5295 nostris
1747 5239 2030 5295 secundun

2166 5264 2185 5295 ι
2223 5244 2521 5315 Παρὲδωκα
2555 5241 2664 5315 γάρ
2696 5237 2824 5312 ὑμῖν
2855 5242 2913 5294 ἐν
2940 5238 3198 5313 πρώτοις,
3229 5239 3261 5292 ὃ
3284 5240 3382 5293 καὶ
3414 5227 3689 5315 παρέλαϐον.

483 5328 812 5400 Seri‘pturas,
864 5338 918 5387 et
956 5332 1081 5402 quia
1128 5333 1373 5402 sepultus
1414 5335 1557 5387 est“.
1592 5351 1610 5383 ι
1647 5330 1819 5401 Cujus
1867 5339 2033 5387 auten

2157 5335 2239 5387 ὅτι
2264 5313 2497 5404 Χριστὸς
2526 5313 2798 5387 ἀπέθανεν
2823 5331 2965 5402 ὑπὲρ
2980 5330 3090 5385 τῶν
3110 5330 3400 5402 ἁμαρτιῶν
3426 5325 3567 5399 ἡμῶν
3584 5313 3690 5373 κατά

484 5417 796 5490 Scriptum,
834 5423 935 5479 nisi
967 5437 1088 5491 qua:
1115 5423 1312 5477 dixerit
1340 5439 1353 5475 :
1386 5442 1405 5473 ‹
1437 5422 1473 5475 Δ
1514 5420 1653 5477 facie
1702 5421 1924 5477 malitiae
1952 5437 2034 5491 po-

2155 5426 2255 5488 τὰς
2301 5403 2550 5497 Γραφάς,
2579 5427 2674 5480 καὶ
2714 5428 2797 5480 ὅτι
2843 5426 3036 5497 ἐτάφη.
3071 5443 3091 5477 ι
3122 5422 3295 5488 Ποίας
3337 5422 3397 5476 δὲ
3433 5403 3690 5492 Γραςλὶςοῆ

483 5511 591 5576 puli
623 5512 726 5567 mei
764 5512 960 5570 ductus
994 5522 1078 5569 est
1119 5513 1187 5567 ad
1229 5523 1484 5578 mortem,
1521 5521 1574 5568 et
1603 5514 1655 5568 in
1699 5529 1830 5584 pace
1864 5513 2033 5583 sepul-

2157 5517 2255 5580 τὰς
2275 5517 2603 5585 φασκούσας·
2634 5536 2652 5569 ι
2677 5517 2810 5573 Ἀπὸ
2829 5516 2938 5570 τῶν
2954 5517 3189 5589 ἀνομιῶν
3211 5516 3311 5572 τοῦ
3326 5514 3452 5569 λαοῦ
3482 5528 3570 5584 μου
3586 5502 3687 5575 ἤχθη

481 5608 600 5653 tura
665 5601 835 5669 ejus?
874 5624 891 5654 ι
942 5605 1059 5659 Non
1119 5605 1269 5662 solus
1327 5606 1619 5676 Praedietus
1675 5606 1833 5662 nobis
1860 5607 2031 5676 justus

2156 5611 2235 5674 εἰς
2265 5608 2511 5675 θάνατον,
2546 5612 2640 5664 καὶ
2658 5611 2721 5663 ἐν
2748 5610 2937 5682 εἰρήνῃ
2966 5610 2999 5678 ἠ
3020 5609 3160 5681 ταφὴ
3180 5609 3391 5675 aurci;
3430 5626 3448 5662 ι
3478 5604 3544 5660 Οὐ
3565 5596 3687 5673 μόνος

550 5756 565 5784 ¹
604 5752 761 5807 Joan.
797 5770 867 5806 xu
892 5795 904 5819 ,
941 5758 1030 5811 28.
1106 5763 1124 5790 ³
1160 5760 1302 5813 Psal.
1339 5778 1482 5826 xvn,
1521 5764 1608 5818 45.
1689 5764 1707 5794 ³
1751 5765 1852 5818 lsa.
1882 5779 2027 5829 Lm,
2066 5766 2088 5817 l

1785 5778 1852 5818 sa.
1882 5779 2027 5829 ml,
2066 5765 2181 5821 l-d.
2262 5767 2279 5796 “
2311 5765 2467 5821 Joan.
2498 5785 2571 5836 ι,
2608 5768 2692 5823 18.
2771 5769 2792 5799 ⁸
2835 5766 2852 5821 l
2885 5767 3012 5822 Cor.
3048 5784 3135 5832 xv,
3172 5766 3245 5832 '5,
3282 5767 3335 5821 4.
