3926 6260
243 275 369 330 1⁵253

1256 270 1551 327 ΕΟιΟΕᾹΞ
1592 266 2071 325 ΡΒΟΡΗΕΤΙΟᾸΞ.
2114 300 2186 311 -
2222 270 2353 327 LIB.
2395 269 2527 341 IV”.

3359 282 3497 340 1231

237 390 289 443 δὲ
311 392 337 443 ό
370 386 762 459 προειρημένος
792 388 921 457 ἡμῖν
951 387 1154 450 δίκαιος
1186 382 1350 459 ἦρται
1391 391 1457 442 ἐκ
1494 389 1658 460 μέσου
1700 389 1800 443 ἀδι-

1921 386 2133 445 ablatus
2163 400 2247 447 est
2322 392 2536 448 medeio
2564 393 2893 465 iniquitatis,
2945 395 3039 452 sed
3074 405 3127 454 et
3160 414 3181 467 ι
3209 399 3310 454 viri
3335 400 3497 470 justi,

238 481 374 543 κίας,
420 476 557 532 ἀλλά
602 477 695 531 καὶ
731 496 749 528 ι
800 476 991 549 ἄνδρες
1030 477 1250 543 δίκαιοι,
1292 496 1309 528 ι
1349 478 1535 549 φησὶν,
1572 497 1591 529 ι
1629 478 1810 550 αἴρον-

235 590 339 635 ται,
379 589 398 623 ι
425 570 475 623 οἳ
509 570 602 623 καὶ
630 571 781 623 αὐτοὶ
807 565 915 622 εἷεν
942 568 1006 623 ἂν
1040 570 1088 621 οἱ
1122 569 1256 640 ἱεροὶ
1287 569 1381 623 τοῦ
1408 568 1646 641 Χριστοῦ
1675 571 1810 623 ἀπό-

234 663 425 723 στολοι,
451 662 544 716 καὶ
580 662 630 713 οἱ
674 660 963 731 θαυμάσιοι
1006 658 1167 711 αὑτοῦ
1198 661 1492 732 μάρτυρες,
1528 662 1576 713 οἱ
1608 663 1807 733 μετοχῇ

232 759 326 829 τῆς
377 756 542 810 αὑτοῦ
587 754 930 827 δικαιοσύνης
964 755 1166 809 δίκαιοι
1213 754 1306 807 καὶ
1351 754 1504 808 αὐτοὶ
1536 756 1810 828 χρηματί-

232 850 407 913 ζοντες
430 866 443 880 ·
499 847 704 902 τούτων
759 848 802 902 δ’
851 846 1279 918 ἐπιτελουμένων
1342 845 1549 910 οὐδεὶς,
1610 846 1807 916 φησὶν,

230 943 440 1007 ἐϐλεπε,
473 943 564 996 καὶ
587 942 763 1005 οὐδεὶς
788 940 1055 1003 κατενόει,
1080 939 1187 993 τῶν
1210 938 1614 1011 παχυνθέντων,
1645 938 1805 1010 δῆλον

226 1035 269 1087 δ’
297 1036 378 1089 ὅτι
404 1035 503 1106 τὴν
527 1033 774 1105 καρδίαν,
795 1033 890 1085 καὶ
912 1032 1020 1107 τῶν
1039 1032 1326 1104 μυσάντων
1350 1032 1475 1093 τοὺς
1499 1029 1810 1100 ὀφθαλμοὺς

224 1125 317 1180 τοῦ
353 1125 711 1196 μὴβλέπειν,
743 1123 880 1195 πρὸς
935 1122 1028 1186 οὒς
1057 1122 1124 1175 τὰ
1166 1121 1297 1191 ἑξῆς
1333 1121 1433 1191 τῆς
1469 1122 1807 1193 προφητείας

222 1218 459 1287 λέγεται,
490 1218 559 1272 τὰ
587 1218 696 1271 ἀπὸ
727 1214 840 1270 τοῦ·
878 1235 897 1267 ι
950 1216 1138 1286 Ὑμεῖς
1167 1215 1221 1267 δὲ
1266 1214 1649 1285 προσαγάγετε
1681 1206 1805 1280 ὧδε,

222 1312 327 1364 υἱοὶ
352 1310 564 1382 ἄνομοι,
596 1309 817 1381 σπέρμα
851 1306 1053 1379 μοιχῶν
1079 1308 1172 1361 καὶ
1206 1307 1431 1379 πόρνης.
1470 1324 1488 1357 ι

633 1422 701 1495 (ί.
738 1419 825 1490 59)
861 1419 1256 1474 ΚΕΦΑΑΑιοΝ
1296 1420 1385 1473 A'.

297 1535 315 1566 ι
338 1515 451 1568 Καὶ¹
466 1513 861 1584 φοϐηθήσονται
881 1513 930 1564 οἱ
954 1511 1059 1565 ἀπὸ
1079 1509 1297 1581 δυσμῶν
1312 1509 1371 1563 τὸ
1392 1508 1563 1580 ὄνομα
1575 1508 1804 1581 Κυρίου,

216 1604 313 1659 καὶ
357 1606 406 1658 οἱ
435 1605 527 1657 ἀπ’
561 1602 835 1657 ἀνατολῶν
858 1602 1009 1674 ἡλίου
1046 1601 1109 1655 τὸ
1138 1600 1310 1671 ὄνομα
1333 1599 1394 1653 τὸ
1423 1597 1660 1664 ἔνδοξον·
1686 1598 1807 1670 ἥξει

1914 486 2012 548 ait,
2053 483 2400 548 auferuntur,
2434 504 2455 537 ι
2508 489 2601 557 qui
2654 494 2707 543 et
2759 489 2864 559 ipsi
2915 497 3044 543 sunt
3085 493 3259 546 sancti
3291 491 3501 548 Cbrisli

1915 577 2171 645 apostoli,
2205 577 2592 649 mirabilesque
2639 580 2758 649 ejus
2793 588 3083 654 martyres,
3134 584 3226 654 qui
3274 585 3500 653 justitiae

1914 667 2035 736 ejus
2065 667 2483 739 participatione
2515 678 2568 725 et
2607 670 2708 742 ipsi
2734 671 2871 741 justi
2902 671 3077 728 eﬂ‘ecti
3113 682 3260 733 sunt.
3291 672 3498 730 llorum

1913 774 2043 813 vero
2078 758 2445 828 perfectorum
2488 763 2696 826 nullus,
2732 764 2829 829 ait,
2873 762 3030 828 vidit,
3068 765 3364 837 nullusque
3404 782 3496 824 re-

1915 852 2124 922 putavit
2177 861 2403 923 propter
2447 853 2633 909 cordis
2685 856 3135 921 crassitudinem,
3175 861 3496 915 oculorum-

1913 960 2020 1013 que
2049 943 2338 998 ohductam
2379 945 2687 1014 caliginem,
2726 946 2792 1001 ad
2828 964 2968 1017 quos
2997 950 3207 1020 reliqua
3246 958 3498 1021 spectant

1913 1035 2233 1104 prophetiae,
2276 1035 2488 1089 scilicet
2509 1035 2576 1090 ah
2610 1035 2694 1092 his
2731 1038 2914 1093 verbis
2944 1058 2957 1093 :
2991 1058 3010 1090 ι
3040 1038 3151 1095 Vos
3186 1051 3370 1097 autem
3401 1058 3496 1097 ac-

1913 1125 2087 1178 cedite
2110 1125 2237 1191 huc,
2265 1125 2358 1179 ﬁlii
2390 1127 2776 1197 auguratricis,
2816 1144 3000 1184 semen
3037 1131 3271 1189 adulteri
3299 1143 3354 1189 et
3388 1134 3497 1190 for-

1914 1233 2153 1272 Πιθεῖ-ιω.
2188 1237 2206 1269 Ι

2481 1412 2712 1469 CAPUT
2754 1414 2921 1471 XXX.

1989 1524 2008 1557 ι
2043 1502 2108 1557 Ει
2137 1502 2441 1570 timebunt,
2477 1507 2570 1576 qui
2603 1506 2673 1561 ab
2703 1507 2992 1562 occidente
3015 1548 3029 1573 ,
3068 1525 3273 1567 nomen
3310 1509 3494 1568 Domi-

1913 1596 2001 1662 ni,
2033 1606 2087 1652 et
2121 1599 2212 1667 qui
2244 1598 2313 1652 ab
2334 1607 2456 1652 ortu
2489 1599 2660 1663 solis,
2692 1601 2922 1671 gloriam
2953 1602 3093 1669 ejus.
3120 1601 3320 1659 Veniet
3346 1607 3493 1661 enim

215 1697 326 1770 γὰρ
359 1697 437 1760 ὡς
481 1695 721 1767 ποταμὸς
757 1694 930 1766 βίαιος
958 1696 991 1766 ἡ
1019 1694 1155 1765 ὀργὴ
1200 1692 1349 1764 παρά
1383 1691 1592 1763 Κυρίου
1614 1732 1628 1755 ,
1682 1690 1800 1762 ἥξει

1912 1691 2071 1761 quasi
2122 1691 2321 1747 ﬂuvius
2377 1693 2652 1749 violentus
2702 1695 2785 1748 ira
2835 1692 3087 1759 Domini,
3134 1697 3317 1753 veniet
3364 1714 3492 1753 cum

396 1786 589 1858 θυμοῦ.
624 1759 768 1840 ’Καί
791 1784 910 1855 ἥξει
938 1759 1291 1838 ἕνεκεν-Σιὼν
1316 1784 1345 1835 ό
1377 1759 1668 1854 ῥυόμενος,
1707 1759 1800 1833 καὶ

1909 1786 2213 1841 iracundia.
2261 1785 2327 1840 Et
2377 1787 2561 1841 veniet
2613 1785 2746 1842 Sion
2786 1787 3120 1858 redemptor,
3170 1797 3226 1845 ct
3271 1789 3353 1845 eis
3393 1791 3492 1862 qui

209 1879 549 1951 ἀποστρέψει
595 1878 848 1943 ἀσεϐείας
875 1878 984 1931 ἀπὸ
1015 1874 1230 1942 Ἰακὼϐ,
1273 1869 1395 1927 εἶπε
1433 1871 1658 1945 Κύριος.
1690 1871 1801 1924 Καὶ

208 1970 352 2043 αῦτη
373 1972 558 2036 αὐτοῖς
586 1974 619 2043 ἡ
642 1973 772 2044 παρ’
795 1970 929 2042 ἐμοῦ
949 1968 1204 2039 διαθήκησ
1227 1966 1300 2020 Τὸ
1315 1964 1541 2036 Πνεῦμα
1561 1964 1621 2018 τὸ
1643 1964 1797 2035 ἐμὸν,

206 2066 234 2118 ὃ
261 2068 414 2119 ἐστιν
436 2067 529 2120 ἐπὶ
562 2066 664 2128 σοὶ,
692 2066 787 2119 καὶ
805 2064 873 2118 τὰ
897 2064 1117 2135 ῥήματα
1135 2103 1149 2124 ,
1172 2059 1207 2116 ἃ
1236 2060 1415 2115 ἔδωκα
1439 2061 1518 2122 εἰς
1539 2058 1599 2111 τὸ
1625 2057 1801 2127 στόμα

206 2176 303 2213 σου
323 2199 338 2222 ,
373 2158 436 2212 οὐ
471 2158 543 2230 μὴ
577 2157 804 2230 ἐκλείπῃ
833 2158 900 2208 ἐκ
930 2154 1021 2209 τοῦ
1047 2152 1316 2225 στόματός
1347 2167 1438 2204 σου
1461 2190 1476 2215 ,
1500 2149 1593 2211 καὶ
1614 2150 1679 2202 ἐκ
1705 2147 1799 2201 τοῦ

206 2252 483 2322 στόματος
515 2249 609 2303 τοῦ
646 2247 957 2321 σπέρματός
987 2264 1078 2300 σου
1104 2287 1119 2308 ,
1143 2241 1265 2298 εἶπε
1296 2241 1500 2313 Κύριος
1521 2280 1536 2304 ,
1564 2239 1672 2293 ἀπὸ
1704 2238 1798 2293 τοῦ

202 2343 302 2396 νῦν
334 2343 432 2396 καὶ
478 2345 557 2406 είς
587 2341 679 2394 τὸν
708 2340 897 2395 αἰῶνα.
920 2360 938 2392 ι
1001 2338 1168 2393 Πάλιν
1196 2336 1265 2391 τὰ
1297 2336 1395 2406 τῆς
1422 2333 1670 2405 κλήσεως
1697 2332 1801 2403 τῆς

201 2436 295 2489 διὰ
325 2436 424 2488 τοῦ
442 2433 698 2505 Σωτῆρος
717 2431 874 2504 ἡμῶν
897 2431 1171 2501 συστάσης
1192 2428 1251 2495 ἐξ
1273 2426 1442 2481 ἐθνῶν
1470 2424 1799 2495 Ἐκκλησίας

199 2526 299 2577 καὶ
329 2523 422 2576 διὰ
451 2520 655 2575 τούτων
682 2522 710 2574 ὁ
735 2518 894 2590 λόγος
928 2517 1280 2591 προφητεύει.
1329 2516 1485 2578 Τίνες
1514 2513 1624 2584 γὰρ
1651 2515 1798 2568 ἄλλοι

200 2613 314 2668 εἶεν
339 2616 390 2667 οί
422 2612 702 2684 λεγόμενοι
738 2632 756 2663 ι
774 2602 894 2666 ’ἀπὸ
919 2610 1137 2682 δυσμῶν
1158 2652 1173 2677 ,
1200 2629 1218 2662 ι
1254 2608 1288 2679 ἢ
1314 2606 1399 2661 διά
1431 2607 1575 2671 τίνος
1603 2604 1801 2677 ἐφοϐή-

198 2705 380 2775 θησαν
423 2703 486 2755 τὸ
523 2701 693 2773 ὄνομα
726 2700 932 2771 Κυρίου
961 2699 1032 2752 τὰ
1063 2698 1379 2753 παντοδαπά
1416 2696 1542 2767 ἔθνη
1567 2735 1583 2760 ,
1611 2695 1680 2748 τὰ
1711 2694 1800 2748 διὰ

191 2795 300 2864 τῆς
340 2793 523 2865 Ἰησοῦ
556 2792 899 2855 διδασκαλίας
929 2790 1329 2860 καταλείψαντα
1358 2790 1454 2860 μὲν
1475 2787 1572 2859 τὴν
1601 2787 1798 2859 προτέ-

194 2906 301 2960 ραν
361 2883 466 2939 τοῦ
502 2884 640 2939 κατὰ
672 2885 770 2956 τὴν
805 2883 1028 2953 ἄγνοιαν
1062 2882 1289 2944 σκότους
1322 2879 1530 2949 πλάνην
1553 2919 1568 2944 ,
1604 2880 1697 2931 ἐπὶ
1743 2877 1799 2930 δέ

188 2981 284 3034 τὸν
303 2979 419 3033 τῶν
439 2979 581 3032 ὅλων
602 2978 734 3031 Θεὸν
759 2974 1238 3044 καταπεφευγότας
1266 2971 1362 3036 Τίς
1378 2971 1422 3023 δ’
1439 2973 1468 3024 ὁ
1495 2967 1646 3041 ἥξειν
1673 2986 1800 3041 προ-

1904 1876 2135 1932 redeunt
2194 1876 2264 1931 ab
2313 1877 2605 1947 iniquitate
2660 1878 2719 1932 in
2769 1877 2939 1934 Jacob
2996 1880 3132 1935 dicit
3184 1880 3487 1939 Dominus:

1903 1966 2020 2023 Hoc
2060 1967 2239 2024 fmdus
2270 1983 2453 2024 meum
2482 1984 2607 2024 cum
2646 1969 2764 2035 eis,
2803 1969 2937 2026 dicit
2975 1970 3277 2030 Dominus:
3316 1972 3493 2045 Spiri-

1902 2070 1991 2117 tus
2023 2078 2211 2128 meus,
2242 2063 2335 2133 qui
2367 2071 2450 2118 est
2481 2064 2536 2118 in
2568 2070 2624 2119 te
2646 2103 2662 2128 ,
2721 2070 2778 2120 et
2838 2066 3002 2120 verba
3040 2081 3161 2121 mea
3182 2107 3198 2130 ,
3233 2082 3356 2138 quae
3387 2082 3490 2138 po-

1903 2153 1990 2209 sui
2024 2156 2077 2207 in
2107 2168 2202 2209 ore
2244 2161 2360 2217 tuo,
2391 2170 2501 2210 non
2546 2155 2803 2211 recedent
2838 2154 2905 2210 de
2920 2170 3016 2211 ore
3043 2165 3157 2222 tuo,
3193 2170 3248 2213 et
3285 2158 3354 2213 de
3393 2173 3490 2212 ore

1903 2244 2126 2300 seminis
2155 2244 2272 2310 tui,
2305 2252 2360 2299 et
2405 2244 2471 2300 de
2497 2260 2591 2301 ore
2651 2244 2877 2302 seminis
2915 2246 3145 2302 seminis
3191 2246 3307 2311 tui,
3355 2248 3489 2303 dicit

1903 2337 2214 2403 Dominus,
2263 2338 2460 2393 amodo
2512 2345 2566 2393 et
2618 2355 2795 2409 usque
2831 2342 2889 2395 in
2930 2341 3331 2410 sempiternum
3368 2340 3410 2396 ί.
3458 2358 3479 2391 ι

1905 2429 2118 2487 Rursus
2167 2430 2234 2486 de
2287 2433 2529 2502 gentium
2586 2431 2893 2497 electione,
2933 2432 3017 2488 vel
3057 2430 3335 2500 Ecclesia,
3387 2448 3488 2503 per

1904 2519 2243 2577 Salvatorem
2279 2530 2528 2577 nostrum
2575 2522 2932 2593 propheticus
2954 2524 3249 2578 annuntiat
3278 2539 3482 2580 sermo.

1901 2612 2137 2679 Quinam
2178 2614 2325 2668 enim
2371 2614 2461 2667 alii
2512 2623 2700 2669 essent
2728 2614 2822 2685 qui
2859 2614 2950 2669 hic
2982 2632 3001 2666 ι
3038 2615 3106 2669 ah
3144 2615 3429 2671 occidente
3460 2636 3479 2667 ι

1899 2714 2187 2770 vocantur,
2239 2706 2325 2761 vel
2375 2707 2730 2777 quamobrem
2785 2721 2984 2761 nomen
3021 2706 3237 2761 Domini
3280 2707 3483 2762 timue-

1901 2798 2010 2851 rint
2044 2798 2227 2853 omnis
2261 2799 2481 2868 generis
2513 2806 2707 2869 gentes
2727 2839 2741 2862 ,
2774 2813 2896 2869 quae
2923 2797 3053 2853 Jesu
3084 2798 3339 2853 doctrina
3370 2798 3485 2869 pri-

1901 2890 2105 2946 stinum
2168 2905 2456 2955 errorem,
2523 2907 2745 2961 suaeque
2808 2891 3134 2962 ignorantia!
3190 2890 3483 2959 caliginem

1901 2984 2176 3052 reliquere
2201 2992 2367 3052 atque
2400 2982 2468 3036 ad
2496 2984 2742 3037 omnium
2778 2982 2948 3039 Deum
2986 2983 3328 3055 confugere?
3357 2984 3483 3054 quis

185 3073 580 3145 φητευόμενος
599 3072 662 3123 ἐκ
684 3068 845 3132 Σιὼν,
876 3067 1170 3139 ῥυσόμενος
1197 3066 1288 3119 καὶ
1310 3062 1668 3135 ἀποστρέψων
1694 3062 1796 3133 τῆς

1902 3082 2082 3129 autem
2132 3082 2401 3129 venturus
2445 3089 2570 3130 esse
2608 3074 3023 3144 prophetizatus
3056 3074 3124 3129 de
3164 3072 3334 3138 Sion,
3385 3074 3482 3144 qui

183 3166 483 3237 προτέρας
511 3161 763 3224 ἀσεϐείας
785 3161 875 3214 τὸν
914 3157 1109 3213 Ἰακὼϐ
1127 3198 1142 3221 ,
1171 3157 1204 3229 ἢ
1232 3158 1260 3210 ό
1290 3156 1460 3210 σῶσαι
1488 3155 1795 3226 παραγενόο

180 3275 349 3328 μενος
372 3257 448 3309 τὰ
486 3252 799 3307 ἀπολωλότα
824 3251 916 3305 καὶ
937 3252 994 3302 ἐν
1015 3247 1241 3319 ἀσεϐείᾳ
1258 3246 1519 3315 γεγονότα
1541 3245 1793 3316 πρόϐατα

173 3351 332 3405 οἴκου
382 3345 652 3419 Ἰσραὴλ,
694 3340 775 3408 οἷς
819 3340 1169 3414 διαθήσεσθαί
1218 3356 1350 3409 φησι
1382 3337 1443 3391 τὸ
1476 3340 1535 3392 ἐν
1573 3336 1795 3408 Χριστῷ

168 3444 411 3513 Πνεῦμα
435 3439 545 3494 τοῦ
572 3436 708 3491 Θεοῦ
748 3438 965 3509 ῥήματα
995 3434 1095 3506 τῆς
1121 3432 1340 3488 αἰωνίου
1375 3429 1550 3501 ζωῆς,
1585 3428 1797 3508 ἃθδέδω-

167 3554 267 3591 κεν
290 3537 321 3588 ὁ
349 3533 567 3605 Πατὴρ
592 3535 671 3596 είς
695 3531 755 3586 τὸ
790 3530 884 3584 τοῦ
908 3528 1038 3582 Υίοῦ
1070 3527 1244 3598 στόμα
1263 3544 1276 3556 ·
1305 3525 1342 3580 ἀ
1372 3525 1465 3579 καί
1491 3539 1625 3593 φησι
1652 3523 1792 3594 μήτε

162 3629 223 3697 ἐξ
268 3627 450 3683 αὐτοῦ
489 3666 503 3689 ,
543 3626 678 3697 μήτε
709 3624 815 3695 μὴν
848 3624 912 3677 ἐκ
945 3620 1039 3675 τοῦ
1067 3620 1332 3691 στόματος
1354 3618 1448 3672 τοῦ
1482 3619 1796 3688 σπέρματος

158 3722 336 3778 αὐτοῦ
369 3717 690 3788 δια-λείψειν
724 3717 832 3770 ἀπὸ
863 3714 959 3769 τοῦ
987 3715 1081 3769 νῦν
1110 3715 1205 3767 καὶ
1236 3713 1316 3776 είς
1344 3712 1435 3765 τὸν
1468 3709 1638 3766 αἰῶνα
1664 3708 1793 3780 χρό-

154 3834 295 3882 νονς
327 3813 547 3869 Ταῦτα
577 3811 622 3864 δ’
647 3809 712 3864 ἂν
746 3809 832 3880 εἴη
859 3809 930 3863 τὰ
958 3810 1179 3881 ῥήματα
1207 3805 1299 3860 τοῦ
1327 3806 1662 3875 Εὑαγγελίου
1690 3806 1793 3877 τῆς

161 3910 393 3981 Καινῆς
430 3902 738 3975 Διαθήκης,
765 3902 822 3966 ἃ,
856 3901 1031 3955 καίτοι
1064 3899 1331 3953 τοσούτων
1368 3899 1790 3954 ἐπιϐουλευσάν-

159 4020 279 4056 των
316 4017 386 4054 τε
426 3997 605 4052 πάλαι
638 3997 733 4050 καὶ
758 3995 838 4048 ἔτι
864 3994 959 4047 νῦν
992 3991 1450 4046 ἐπιϐουλευόντων
1473 3993 1658 4056 αὐτοῖς
1683 4033 1697 4056 ,
1725 3994 1786 4045 οὐ

158 4095 480 4157 διέλειπεν,
513 4089 637 4144 οὐδὲ
663 4088 769 4160 μὴν
797 4087 1063 4157 ἐπιλείψει
1087 4088 1150 4140 ἐκ
1176 4086 1271 4139 τοῦ
1301 4085 1567 4158 στόματος
1596 4087 1696 4157 τῆς
1723 4089 1788 4140 ἐκ

153 4188 260 4241 τοῦ
286 4182 533 4256 λογικοῦ
556 4168 649 4235 καὶ
667 4179 858 4253 νοητοῦ
890 4180 1202 4252 σπέρματος
1220 4178 1315 4233 τοῦ
1336 4178 1573 4250 Χριστοῦ
1599 4179 1789 4233 συστά-

158 4297 269 4352 σης
321 4274 675 4347 Ἐκκλησίας
695 4291 709 4305 ο
752 4270 872 4328 εἶπε
906 4273 1017 4345 γὰρ
1045 4272 1249 4344 Κύριος
1277 4272 1371 4325 καὶ
1401 4271 1786 4342 ἀποπέφανται

148 4373 255 4428 τοῦ
286 4372 372 4444 μὴ
404 4367 723 4437 ἐξαλείφειν
749 4366 887 4420 αὑτά
919 4365 1026 4419 ἀπὸ
1056 4365 1150 4419 τοῦ
1182 4364 1277 4421 νῦν
1300 4365 1396 4419 καὶ
1423 4367 1504 4429 είς
1529 4364 1621 4419 τὸν
1652 4364 1784 4419 αἰῶ-

1898 3164 2195 3219 redimeret
2220 3172 2276 3220 et
2306 3181 2337 3219 a
2373 3165 2610 3235 pristina
2642 3164 2935 3234 iniquitate
2964 3165 3256 3221 reduceret
3285 3164 3481 3229 Jacob,

1897 3258 1982 3310 vel
2015 3257 2408 3327 superveniens
2436 3258 2679 3326 perditas
2711 3258 2950 3313 salvaret
2984 3267 3149 3328 atque
3191 3258 3247 3312 in
3291 3260 3485 3328 impie-

1899 3356 2008 3403 tate
2041 3349 2362 3418 provolutas
2396 3364 2528 3403 oves
2557 3350 2756 3405 domus
2795 3350 2963 3405 Israel
2987 3389 3001 3413 ,
3038 3351 3240 3420 quibus
3272 3351 3483 3406 consti-

1899 3448 2144 3495 tuturum
2181 3455 2240 3495 se
2274 3441 2332 3494 in
2353 3439 2576 3495 Christo
2603 3437 2841 3508 Spiritus
2869 3437 2962 3495 Dei
2995 3440 3287 3509 pollicetur
3314 3440 3481 3496 verba

1898 3534 2022 3588 vitae
2079 3540 2299 3588 aeternae
2327 3571 2342 3597 ,
2375 3547 2498 3603 qua
2538 3531 2688 3587 dedit
2722 3530 2886 3585 Pater
2923 3531 2978 3585 in
3022 3546 3120 3586 ore
3149 3529 3316 3597 Filii;
3359 3546 3482 3602 quae

1895 3634 1950 3681 et
1978 3626 2111 3680 dicit
2141 3640 2319 3695 neque
2358 3625 2426 3681 de
2463 3640 2560 3681 ore
2601 3624 2723 3694 ejus
2744 3664 2759 3687 ,
2806 3639 2985 3694 neque
3018 3624 3086 3679 de
3118 3639 3214 3679 ore
3247 3624 3479 3680 seminis

1894 3719 2014 3788 ejus
2056 3733 2335 3787 nunquam
2369 3732 2660 3773 recessura
2698 3717 2896 3772 amodo
2923 3724 2978 3773 et
3029 3732 3205 3788 usque
3237 3719 3291 3772 in
3335 3734 3482 3774 sem-

1894 3810 2217 3881 piternum?
2274 3809 2401 3865 Haec
2458 3810 2680 3881 quidem
2733 3819 2920 3865 essent
2970 3810 3138 3865 verba
3195 3810 3477 3881 Evangelii

1892 3903 2029 3959 Novi
2062 3904 2433 3969 Testamenti,
2468 3919 2623 3975 quae,
2661 3904 2764 3960 etsi
2820 3904 3015 3960 toteis
3055 3904 3186 3960 olim
3231 3903 3477 3960 insidiati

1892 4000 2002 4055 sint
2031 4007 2086 4054 et
2115 4014 2266 4055 nunc
2295 4014 2471 4070 usque
2508 3998 2870 4063 insidientur,
2904 4013 3188 4069 nunquam
3219 3996 3477 4052 deﬁcient

1891 4106 2069 4161 neque
2134 4089 2392 4146 recedent
2444 4091 2513 4146 de
2559 4104 2657 4145 ore
2720 4090 3005 4146 rationalis
3065 4089 3478 4158 spiritualisque

1892 4182 2121 4238 seminis
2148 4180 2353 4238 Christi
2397 4180 2680 4237 Ecclesia.
2732 4179 2880 4235 Dixit
2907 4181 3054 4235 enim
3113 4178 3377 4235 Dominus
3419 4186 3475 4232 et

1891 4275 2208 4345 praedicavit
2233 4290 2297 4331 ea
2329 4290 2441 4330 non
2472 4273 2756 4331 defectura
2789 4288 2856 4329 ex
2892 4273 2997 4329 hoc
3027 4287 3177 4327 nunc
3215 4278 3270 4326 et
3297 4285 3474 4339 usque

1890 4369 1945 4423 in
1998 4368 2280 4424 saeculum.
2334 4366 2570 4437 Ideoque
2612 4367 2771 4436 juxta
2811 4364 3075 4420 Joannem
3132 4382 3151 4415 ι
3203 4370 3470 4417 aeternum

149 4482 250 4520 «λα’
409 4462 519 4516 καὶ
547 4436 689 4513 κατά
712 4459 804 4512 τὸν
830 4460 1082 4528 Ἰωάννην
1114 4476 1132 4507 ι
1158 4456 1372 4512 αἰώνιον
1398 4457 1731 4527 Εὐαγγέλιω
1759 4479 1777 4510 ι

1902 4460 2245 4531 Evangelium
2294 4436 2491 4515 visum,
2529 4467 2612 4514 est
2665 4460 2707 4524 ³,
2735 4477 2754 4509 ›
2788 4455 3005 4513 Christi-
3045 4455 3257 4510 scilicet
3299 4451 3474 4507 Evan-

142 4558 367 4629 ὁρᾶται
399 4555 474 4607 τὸ
505 4551 601 4605 τοῦ
635 4550 873 4622 Χριστοῦ
903 4549 1253 4617 Εὑαγγέλιον.

705 4632 1105 4697 ΚΕΦΑΛΑΙΟΝ
1145 4643 1260 4694 ·ΛΑ’
1272 4684 1286 4695 .

227 4762 252 4796 ι
278 4738 540 4810 Πνεῦμα
568 4735 773 4808 Κυρίου
800 4735 885 4786 ἐπ’
914 4732 1037 4804 ἐμὲ,
1068 4724 1127 4785 οῦ
1150 4732 1337 4793 ἕνεκεν
1365 4732 1548 4804 ἓχρισέ
1577 4750 1643 4805 με
1664 4750 1677 4763 .
1714 4736 1782 4803 Χ

139 4834 379 4907 Κύριος
422 4825 891 4897 εὐαγγελίσασθαι
914 4828 1145 4895 πτωχοῖς
1170 4825 1479 4879 ἀπέσταλκὲ
1505 4842 1571 4897 με
1587 4867 1601 4891 ,
1629 4826 1782 4879 ἰάσα-

139 4928 285 4984 σθαι
334 4924 491 4987 τοὺς
548 4918 1040 4992 συντετριμμένους
1077 4917 1175 4989 τὴν
1221 4917 1478 4990 καρδίαν,
1543 4918 1780 4991 κηρύξαι

134 5019 564 5096 αίχμαλώτοις
586 5015 800 5084 ἄφεσιν,
834 5011 928 5066 καὶ
954 5010 1174 5081 τυφλοῖς
1205 5010 1517 5080 ἀνάϐλεψιν,
1553 5012 1779 5066 καλέσαι

129 5112 422 5173 ἐνιαυτὸν
446 5107 666 5179 Κυρίου
682 5105 889 5171 δεκτὸν,
918 5105 1014 5159 καὶ
1040 5104 1254 5176 ἡμέραν
1273 5104 1681 5168 ἀνταποδόσεως
1711 5106 1778 5174 χ(

139 5207 221 5279 εῷ
242 5198 389 5277 Θεῷ
413 5198 592 5273 ἡμῶν
608 5216 622 5230 ·
652 5197 1032 5271 παρακαλέσαι
1053 5196 1259 5260 πάντας
1282 5197 1407 5260 τοὺς
1426 5195 1778 5262 πενθοῦντας,

130 5300 387 5372 δοθῆναι
412 5294 545 5355 τοῖς
567 5290 820 5346 πενθοῦσι
847 5289 989 5344 Σιὼν
1011 5289 1168 5356 δόξαν
1190 5289 1311 5343 ἀντὶ
1342 5288 1560 5355 σποδοῦ,
1592 5291 1781 5362 ἀλειμ-

128 5404 218 5464 μα
245 5383 637 5458 εὐφροσύνης
657 5387 768 5447 τοῖς
801 5383 1073 5454 πενθοῦσι,
1108 5380 1442 5453 καταστολὴν
1466 5382 1622 5457 δόξης
1654 5386 1776 5440 ἀντὶ

127 5481 496 5552 πνεύματος
543 5474 799 5547 ἀκηδίας·
842 5477 939 5530 καὶ
972 5474 1331 5545 κληθήσονται
1363 5475 1547 5541 γενεαὶ
1575 5475 1775 5531 δικαιο-

120 5574 343 5645 σύνης,
389 5566 670 5638 φύτευμα
703 5568 907 5639 Κυρίου
933 5569 1009 5631 εἰς
1034 5566 1209 5632 δόξαν.
1243 5586 1260 5619 ι
1306 5568 1363 5617 '0
1397 5568 1460 5621 ἐκ
1490 5567 1589 5637 τῆς
1620 5569 1774 5640 ῥίζης

203 5732 223 5762 ι
273 5726 400 5784 lsa.
450 5736 597 5785 LII,
640 5720 819 5778 l9-9l.
899 5724 916 5755 ²
957 5723 1123 5794 Ach.
1160 5739 1271 5789 ιιν,
1310 5723 1360 5778 6.

1890 4551 2109 4622 gelium.

2436 4639 2668 4696 CAPUT
2710 4638 2902 4694 XXXI.

1968 4756 1987 4788 ‹
2020 4735 2261 4806 Spiritus
2306 4733 2526 4789 Domini
2572 4748 2741 4804 super
2784 4747 2908 4797 me,
2956 4744 3024 4787 eo
3060 4728 3210 4800 quod
3248 4726 3472 4785 tinxerit

1889 4829 2153 4885 Dominus
2207 4843 2335 4883 me:
2390 4827 2459 4881 ad
2509 4823 2951 4882 annuntiandum
2998 4820 3268 4878 mendicis
3319 4819 3471 4875 misit

1889 4938 2007 4988 me,
2053 4928 2113 4975 ut
2156 4920 2411 4976 mederer
2454 4918 2711 4974 contritis
2754 4915 2957 4983 corde,
3005 4923 3061 4972 et
3111 4912 3468 4984 praedicarem

1885 5013 2117 5085 captivis
2156 5011 2588 5084 indulgentiam,
2625 5017 2682 5065 et
2720 5009 2930 5064 clausis
2975 5006 3360 5078 apertionem;
3407 5010 3469 5056 ut

1884 5106 2241 5176 praedicarem
2290 5119 2495 5159 annum
2545 5099 2868 5173 placabilem
2917 5097 3190 5162 Domino,
3236 5103 3293 5152 et
3320 5094 3464 5150 diem

1884 5197 2113 5251 ultionis
2154 5195 2267 5251 Deo
2312 5202 2535 5261 nostro;
2577 5200 2640 5249 ut
2678 5193 2998 5248 consolarer
3041 5204 3233 5247 omnes
3279 5189 3468 5259 lugen-

1885 5296 1967 5345 tes
1992 5307 2008 5355 ;
2039 5296 2100 5344 ut
2126 5302 2385 5359 ponerem
2418 5286 2734 5358 lugentibus
2762 5283 2898 5339 Sion
2936 5292 2993 5340 et
3022 5283 3211 5338 darem
3254 5281 3335 5338 eis
3373 5293 3468 5335 co-

1883 5396 2076 5437 ronam
2107 5396 2209 5452 pro
2238 5382 2459 5445 cinere,
2507 5380 2690 5435 oleum
2738 5377 2923 5448 gaudii
2964 5392 3066 5448 pro
3112 5375 3299 5439 luctu,
3345 5373 3464 5444 pal-

1884 5476 2015 5531 lium
2048 5476 2227 5533 laudis
2254 5492 2354 5547 pro
2383 5475 2581 5547 spiritu
2618 5473 2911 5529 maeroris:
2945 5479 3001 5526 et
3032 5470 3376 5526 vocabuntur
3401 5468 3463 5524 in

1882 5585 1947 5625 ea
1981 5568 2150 5626 fortes
2173 5568 2406 5642 iustitia:
2427 5610 2441 5639 ,
2475 5567 2743 5640 plantatio
2777 5564 2992 5621 Domini
3026 5564 3093 5621 ad
3136 5561 3462 5635 gloriﬁcan-
