3926 6260
538 289 676 343 1255

1229 282 1498 340 EL'SEBII
1537 280 2016 338 CESARIENSIS
2051 280 2092 336 Ο

2195 321 2202 333 .
2244 277 2424 333 PARS
2460 277 2548 334 lll.
2580 307 2636 320 -
2692 278 3099 336 EXEGETICA.

3566 301 3664 356 1253

530 403 662 460 dum
696 403 735 460 ⁸.
769 422 788 455 ι
820 400 921 469 Qui
952 401 1021 455 de
1048 399 1230 455 radice
1260 398 1416 455 Jesse
1441 411 1595 455 ortus
1626 411 1708 455 est
1738 398 1899 455 Jesus
1930 398 2091 455 Chri-

2210 395 2403 448 Ἰεσσαὶ
2443 394 2719 466 προελθὼν
2767 395 2973 467 Ἰησοῦς
3025 398 3053 449 6
3086 395 3307 468 Χριστὸς
3334 399 3415 454 τοῦ
3443 404 3666 482 Θεοῦἀτς

534 504 653 552 stus
695 493 820 556 Dei,
856 498 908 546 in
952 508 1115 561 quem
1162 492 1552 561 requieverunt
1592 499 1805 562 septem
1850 490 1945 547 Dei
1982 493 2095 562 spi-

533 586 705 647 ritus,
736 584 1004 652 justitiam
1038 584 1130 652 qui
1163 581 1389 646 dilexit,
1438 582 1662 653 oditque
1705 583 2093 653 iniquitatem,

536 680 732 728 unctus
763 680 846 727 est
878 689 908 726 a
938 671 1049 726 Deo
1081 682 1134 727 et
1164 671 1325 727 Patre
1365 673 1486 742 ejus
1535 673 1807 742 spirituali
1849 675 2094 729 exsulta-

532 765 700 818 tionis
729 763 886 831 oleo;
927 763 1018 834 qui
1053 774 1108 817 et
1152 772 1377 833 accepto
1417 765 1695 835 quondam
1742 766 1796 819 in
1839 767 2095 822 manibus

534 855 687 911 Isaia:
722 856 861 911 libro
881 895 895 917 .
932 864 1177 926 tempore
1208 870 1316 928 quo
1347 857 1524 910 factus
1558 865 1677 910 erat
1709 856 1875 911 homo
1900 897 1914 920 ,
1948 857 2096 912 hunc

532 948 649 1018 ipse
697 948 825 1019 legit
848 944 1080 1002 citatum
1113 948 1288 1002 locum
1336 965 1350 999 :
1409 966 1427 999 ι
1470 946 1676 1003 Claude
1702 949 1934 1012 librum,
1983 950 2095 1013 ait,

533 1039 692 1094 hodie
718 1039 935 1108 impleta
962 1047 1047 1094 est
1073 1039 1185 1093 haec
1215 1036 1496 1109 Scriptura
1526 1040 1546 1069 '
1573 1055 1587 1104 ;
1615 1058 1634 1091 ι
1655 1039 1773 1110 ipse
1798 1040 1941 1094 enim
1974 1054 2100 1095 vere

530 1140 648 1186 erat
693 1146 725 1185 a
779 1128 941 1183 Patre
984 1129 1223 1193 missus,
1272 1130 1649 1199 evangelizare
1680 1146 1907 1201 regnum
1932 1132 2099 1186 c0210-

530 1240 650 1278 rnm
680 1223 1011 1295 pauperibus
1040 1221 1273 1291 spiritu,
1300 1222 1503 1291 quibus
1532 1221 1671 1276 dixit
1695 1240 1707 1275 :
1735 1241 1754 1275 ι
1784 1221 1934 1278 Beati
1963 1237 2100 1292 pau-

531 1331 689 1387 peres
741 1314 979 1384 spiritu,
1035 1314 1165 1383 quia
1214 1313 1462 1383 ipsorum
1507 1321 1592 1368 est
1644 1329 1874 1384 regnum
1925 1314 2097 1370 ccelo-

533 1426 652 1464 rum
687 1409 752 1475 ³;
794 1427 813 1459 ι
854 1416 909 1463 ει
934 1425 953 1458 ι
987 1405 1192 1461 mederi
1238 1405 1494 1462 contritis
1540 1405 1706 1460 corde
1735 1426 1753 1458 ι
1784 1407 1852 1461 de
1898 1406 2100 1477 quibus

529 1500 735 1554 dictum
765 1506 850 1555 est
885 1518 899 1554 :
930 1518 949 1550 ι
982 1497 1090 1553 Cor
1118 1499 1415 1553 contritum
1434 1506 1488 1553 et
1532 1498 1903 1563 humiliatum,
1927 1498 2093 1564 Deus,

530 1607 639 1646 non
670 1589 939 1661 deSpicies
974 1591 1017 1645 ι.
1056 1610 1075 1643 ι
1102 1589 1368 1645 Praeterea
1419 1598 1473 1644 et
1519 1591 1902 1645 annuntiatum
1952 1592 2101 1647 venit

529 1690 879 1753 peccatorum
925 1683 1302 1739 remissionem
1340 1682 1409 1738 iis
1449 1683 1543 1753 qui
1585 1683 1739 1752 prius
1785 1683 1888 1739 sub
1914 1683 2099 1753 ‘spiri-

2198 486 2257 538 ὃν
2290 485 2667 539 ἀναπέπαυται
2700 485 2769 539 τά
2792 488 2932 540 ἑπτά
2960 487 3052 540 τοῦ
3081 485 3212 539 Θεοῦ
3237 490 3499 561 πνεύματα,
3522 497 3671 555 δικαιο-

2202 576 2365 645 σύνην
2399 578 2687 648 ἀγαπήσας
2718 580 2809 632 καὶ
2851 580 3085 649 μισήσας
3118 580 3360 650 ἀνομίαν,
3391 586 3573 661 ἐχρίσθη
3597 594 3675 647 ὑπὸ

2197 666 2291 720 τοῦ
2316 667 2450 721 Θεοῦ
2479 669 2571 721 καὶ
2593 669 2804 741 Πατρὸς
2833 669 2998 722 αὑτοῦ
3027 670 3104 740 τῷ
3126 670 3381 744 λεγομένῳ
3400 685 3676 754 πνευματικῴ

2195 759 2296 828 τῆς
2326 759 2694 827 ἀγαλλιάσεως
2721 759 2910 831 ἐλαίῳ·
2942 760 3000 824 ὃς
3022 760 3116 813 καὶ
3136 759 3307 815 λαϐὼν
3329 780 3442 819 ποτε
3465 770 3575 835 μετὰ
3595 777 3678 840 χεῖ-

2202 869 2300 923 ρας
2342 852 2432 905 τὸν
2475 853 2701 907 Ἡσαΐαν
2739 853 2858 907 καθ’
2894 850 2952 907 ὃν
2978 855 3084 909 καὶ
3125 854 3493 927 ὲνηνθρωπήκει
3519 864 3677 932 χρόνον,

2198 943 2466 1012 ἀναγνούς
2499 961 2556 997 τε
2597 944 2693 1017 τὴν
2726 946 3093 1016 προκειμένην
3124 946 3440 1018 περικοπὴν,
3489 953 3678 1018 «πτύξεις

2197 1034 2258 1086 τὸ
2314 1034 2551 1105 βιϐλίιν,
2597 1037 2748 1106 φησι,
2791 1037 3037 1108 Σήμερον
3086 1037 3421 1108 πεπλήρωται
3465 1040 3494 1110 ή
3538 1042 3680 1115 Γραφῇ

2198 1124 2356 1195 αῦτη.
2388 1145 2408 1176 ι
2467 1127 2638 1190 Αὐτὸς
2674 1129 2783 1198 γὰρ
2808 1123 2876 1198 ἦν
2899 1128 2973 1191 ὼς
3004 1127 3219 1198 ἀληθῶς
3249 1130 3276 1180 ὁ
3300 1129 3398 1182 ἀπὸ
3418 1130 3498 1183 τοῦ
3524 1133 3681 1204 Πατρὶς

2198 1219 2520 1283 ἀποσταλεὶς
2573 1219 3023 1288 εὐαγγελίσασθαι
3050 1221 3149 1291 τὴν
3179 1220 3437 1290 βασιλείαν
3458 1223 3545 1276 τῶν
3564 1225 3685 1296 ούρα-

2198 1308 2302 1363 νῶν
2321 1314 2434 1374 τοῖς
2452 1310 2530 1381 τῷ
2552 1311 2821 1382 πνεύματι
2845 1315 3098 1383 πτωχοῖς,
3125 1312 3258 1384 πρὸς
3277 1312 3364 1376 οὓς
3382 1315 3465 1367 καὶ
3480 1316 3679 1382 ἔφασκεν·

2204 1425 2222 1457 ι
2248 1406 2523 1474 Μακάριοι
2563 1405 2613 1456 oi.
2662 1404 2724 1475 (f.
2755 1403 2822 1459 59
2856 1404 2941 1475 v°)
2988 1406 3193 1474 πτωχοὶ¹
3239 1404 3315 1474 τῷ
3344 1406 3599 1477 πνεύματι,
3626 1412 3686 1463 ὅτι

2199 1497 2376 1551 αὐτῶν
2421 1500 2565 1551 ἐστιν
2598 1498 2631 1566 ἠ
2663 1495 2906 1566 βασιλεία
2933 1494 3043 1548 τῶν
3070 1495 3309 1567 οὐρανῶν
3327 1512 3339 1525 ⁸
3366 1514 3383 1547 ›
3407 1498 3487 1550 καὶ
3515 1516 3532 1548 ι
3553 1499 3691 1552 ἰᾶσθαι

2199 1593 2327 1655 τοὺς
2349 1591 2448 1663 τήν
2490 1589 2716 1661 καρδίαν
2748 1589 3267 1661 συντετριμμένους,
3290 1609 3308 1641 ι
3341 1590 3459 1662 περὶ
3493 1584 3554 1644 ὧν
3579 1590 3694 1662 εἰρη-

2200 1697 2313 1735 ται·
2361 1700 2381 1733 ι
2406 1680 2648 1752 Καρδίαν
2676 1680 3140 1752 συντετριμμένην
3180 1680 3273 1733 καὶ
3304 1682 3694 1753 τεταπεινωμένην

529 1776 694 1832 tualis
772 1774 1275 1830 Nabuchodonosor
1346 1774 1638 1845 tyrannide
1692 1775 2092 1845 premebantur.

2199 1774 2227 1826 6
2249 1772 2380 1836 Θεὸς
2410 1774 2511 1825 οὐκ
2539 1770 2902 1837 ὲξουδενώσει.
2927 1792 2947 1822 ι
2994 1771 3140 1841 Πρὸς
3161 1770 3365 1835 τούτοις
3388 1773 3439 1825 δὲ
3464 1774 3543 1826 καὶ
3562 1773 3695 1843 κηρύ-

528 1860 762 1933 ldeoque
790 1862 1106 1918 confortans
1155 1863 1293 1917 dixit
1325 1864 1625 1934 paralytico
1651 1883 1663 1918 :
1695 1885 1712 1915 ι
1741 1863 1843 1917 Fili
1863 1904 1878 1929 ,
1909 1867 2099 1921 remit-

529 1960 718 2007 tuntur
760 1954 857 2008 tibi
890 1963 1113 2023 peccata
1138 1956 1182 2019 ⁸,
1217 1973 1236 2006 ι
1267 1954 1365 2009 sed
1411 1962 1467 2010 et
1510 1955 1621 2011 illis
1653 1955 1854 2025 quibus
1893 1956 2097 2013 mentis

528 2045 673 2099 oculi
701 2045 909 2100 occlusi
938 2053 1102 2114 sunt,
1132 2046 1335 2117 quique
1386 2062 1418 2100 a
1466 2047 1849 2118 spiritualibus
1897 2049 2098 2104 alieni-

525 2135 681 2205 genis
698 2143 752 2190 et
775 2133 1088 2207 Babyloniis
1114 2138 1259 2192 sicut
1280 2135 1512 2193 Samson
1534 2145 1590 2193 et
1620 2136 1882 2195 Sedecias
1904 2139 2095 2194 caecati

527 2232 688 2290 sunt,
729 2226 909 2282 visum
951 2228 1099 2282 venit
1143 2227 1479 2283 redditurus.
1517 2226 1578 2281 ln
1622 2242 1852 2283 numero
1901 2243 2094 2283 eorum

524 2319 621 2389 qui
651 2319 828 2374 curati
855 2322 985 2376 sunt
1012 2321 1083 2376 ab
1110 2336 1176 2377 eo
1202 2322 1566 2392 corporaliter
1594 2323 1721 2377 caeci
1749 2332 1908 2378 erant
1929 2363 1945 2388 ,
1973 2324 2096 2394 qui-

527 2415 631 2467 bus
659 2411 838 2467 visum
885 2412 1127 2467 restituit
1147 2452 1162 2477 ,
1207 2420 1495 2484 postquam
1528 2415 1585 2467 in
1618 2429 1677 2469 se
1705 2414 2092 2477 crediderunt,

528 2509 583 2555 et
611 2516 742 2557 voce
782 2517 979 2573 magna
1026 2505 1380 2560 clamabant:
1413 2504 1726 2572 «Miserere
1773 2507 1972 2575 nobis,
2019 2508 2092 2563 lili

524 2592 697 2647 David
725 2594 766 2649 ⁸.
800 2614 820 2647 ο
847 2593 947 2650 Hic
973 2608 1059 2651 est
1087 2596 1234 2651 enim
1262 2597 1357 2668 qui
1383 2599 1598 2655 vocavit
1623 2618 1644 2652 ‹
1675 2615 1877 2655 annum
1906 2602 2095 2670 placa-

526 2685 686 2740 bilem
728 2685 964 2752 Domini,
988 2706 1006 2739 ι
1048 2702 1210 2758 quem
1228 2691 1555 2746 annuntiare
1601 2693 1805 2763 coepit,
1847 2692 2096 2762 conjecto

512 2777 582 2830 in
611 2792 889 2833 carcerem
935 2777 1179 2847 Joanne;
1211 2781 1306 2852 qui
1337 2789 1392 2837 et
1428 2782 1651 2839 edocuit
1694 2799 1921 2856 regnum
1954 2782 2093 2853 Dei,

518 2867 899 2939 iudiciumque
940 2877 1224 2937 nostrum,
1259 2874 1314 2927 in
1346 2888 1456 2943 quo
1495 2875 1755 2931 reddetur
1796 2875 2095 2946 unicuique

520 2976 587 3015 ex
636 2961 822 3017 verbis
869 2972 923 3017 et
974 2964 1253 3033 operibus.
1305 2963 1538 3036 Insuper
1584 2968 1734 3021 venit
1779 2968 1848 3023 ad
1890 2983 2093 3025 conso-

523 3051 717 3107 landos
742 3067 933 3108 omnes
964 3053 1112 3108 luctu
1145 3068 1330 3109 coram
1372 3054 1484 3111 Deo
1526 3066 1753 3129 accepto
1798 3061 2086 3131 lugentes;

2199 1862 2283 1927 ξαι
2307 1863 2498 1932 ἄφεσιν
2525 1860 2804 1933 ἁμαρτιῶν
2828 1860 3053 1932 ἐλήλυθε
3080 1865 3194 1925 τοῖς
3222 1861 3323 1914 ὑπὸ
3349 1860 3448 1913 τῶν
3472 1860 3585 1930 (τοῦ)
3604 1878 3696 1931 νοηο

2194 1953 2303 2007 τῶν
2338 1953 2475 2026 (τοῦ)
2514 1953 2981 2024 Ναϐουχοδονόσορ
3020 1951 3381 2023 αἰχμαλώτοις
3412 1952 3578 2022 ipsum
3604 1953 3698 2023 (sic)

2196 2046 2365 2100 πάλαι
2394 2045 2778 2116 γεγενημένος
2800 2061 2815 2076 °
2851 2044 2933 2097 διὸ
2957 2045 3052 2098 καὶ
3081 2044 3298 2116 θαρρῶν
3318 2044 3459 2113 ἔλεγε
3481 2045 3547 2116 τῷ
3564 2062 3699 2117 παρα-

2195 2133 2427 2205 λυτικῴ’
2470 2154 2489 2185 ι
2517 2135 2740 2198 Τέκνον,
2772 2132 3046 2202 ἀφεωνταί
3073 2149 3154 2187 σοι
3183 2135 3240 2186 αἱ
3259 2133 3506 2205 ἁμαρτίαι
3524 2152 3536 2164 ·
3559 2155 3576 2186 ι
3602 2135 3702 2187 ἀλὶά

2196 2226 2289 2278 καὶ
2336 2227 2446 2288 τοῖς
2476 2225 2575 2295 τῆς
2602 2224 2839 2288 διανοίας
2875 2223 3186 2295 ὀφθαλμοὺς
3217 2224 3606 2296 βεϐλαμμένοις,
3633 2226 3703 2280 καὶ

2195 2316 2299 2370 ὑπὸ
2335 2316 2443 2370 τῶν
2487 2316 2693 2387 νοητῶν
2715 2315 3024 2384 ἀλλοφύλων
3057 2318 3151 2370 καί
3179 2316 3517 2370 Βαϐυλωνίων
3552 2318 3705 2388 ὁμοίως

2193 2407 2270 2478 τῷ
2298 2407 2532 2479 Σαμψὼν
2565 2407 2660 2461 καὶ
2690 2407 2768 2478 τῷ
2795 2407 3019 2479 Σεδεκία
3046 2408 3459 2478 ὲκτυιρλωθείσιν
3476 2447 3489 2471 ,
3524 2407 3702 2461 ἀνάϐλε-

2194 2500 2285 2571 ψιν
2325 2497 2549 2570 ἐλήλυθε
2581 2498 2861 2570 παρέξων*
2910 2501 2969 2553 ὲν
3013 2500 3169 2570 μέρει
3224 2500 3285 2554 δὲ
3332 2500 3434 2553 τῶν
3473 2501 3553 2553 ὑπ’
3582 2498 3704 2552 αὐτοῦ

2196 2590 2645 2662 θεραπευομένων
2696 2587 2836 2662 ἦσαν
2863 2593 2956 2645 καὶ
2984 2595 3032 2645 οί
3074 2593 3377 2663 σωματικοὶ
3407 2591 3601 2661 τυφλοὶ,
3637 2589 3703 2651 οὓς

2195 2682 2489 2753 ἀναϐλέψαι
2519 2682 2785 2753 πεποίηκε
2815 2684 3212 2743 πιστεύσαντας
3236 2687 3315 2748 εἰς
3339 2685 3508 2749 αὑτὸν,
3534 2686 3610 2738 καὶ
3637 2702 3702 2754 με·

2193 2775 2261 2827 τά
2312 2774 2438 2845 βοῆς
2489 2774 2803 2845 είρηκόταςο
2865 2793 2884 2827 ι
2921 2776 3172 2848 Ἐλέησον
3202 2779 3384 2848 ἡμᾶς,
3416 2777 3491 2830 υἱὲ
3513 2776 3699 2828 Aetati»

2192 2860 2347 2931 οὗτος
2385 2867 2444 2920 δέ
2481 2869 2628 2920 ἐστιν
2659 2870 2686 2921 6
2718 2866 2953 2933 καλέσας
2999 2888 3019 2921 ι
3044 2869 3138 2923 τὸν
3186 2870 3374 2924 δεκτὸν
3404 2870 3616 2925 ὲνιαντδν
3638 2867 3706 2921 τοῦ

2193 2959 2397 3031 Κυρίου
2422 3000 2437 3025 ,
2465 2977 2483 3010 ι
2535 2959 2594 3014 ὃν
2635 2959 2865 3032 ἐκήρυξε
2895 2962 3033 3033 μετὰ
3068 2963 3169 3035 τὴν
3208 2965 3288 3027 εἰς
3318 2964 3380 3018 τὺ
3404 2964 3706 3035 δεσμωτήριον

2193 3050 2287 3105 τοῦ
2329 3051 2575 3105 Ἰωάννου
2618 3052 2894 3123 κάθειρξιν
2915 3094 2931 3120 ,
2984 3057 3077 3109 καὶ
3108 3055 3138 3106 6
3169 3057 3391 3123 διδάξας
3416 3057 3481 3111 τά
3509 3057 3610 3126 περὶ
3633 3054 3711 3122 τῆς

522 3157 663 3213 quos
693 3149 750 3198 et
776 3142 966 3199 beatos
1013 3143 1310 3216 pmdieat,
1356 3145 1586 3205 dicens:
1617 3168 1636 3201 ι
1659 3105 1818 3206 lBeati
1858 3105 1956 3223 qui
2000 3105 2089 3207 lu:

2200 3141 2474 3212 βασιλείας
2495 3141 2589 3196 τοῦ
2624 3105 2759 3197 Θεοῦ
2782 3105 2798 3209 ζ
2949 3105 3196 3220 τᾶέτψζ

523 3241 688 3305 gent,
717 3235 973 3305 quoniam
1002 3236 1107 3308 ipsi
1139 3238 1572 3295 consolabuntur
1597 3242 1640 3295 ".
1674 3261 1695 3294 ι
1722 3240 1888 3299 Venit
1920 3244 2087 3299 etiam

525 3332 587 3380 ut
628 3326 783 3383 daret
806 3345 829 3379 ‹
860 3328 1170 3398 lugentibus
1217 3327 1350 3385 Sion
1389 3331 1639 3402 gloriam.
1670 3353 1690 3386 ι
1715 3333 1948 3401 Quinam
1992 3349 2089 3389 au-

524 3424 634 3472 tem
662 3424 851 3473 essent
879 3418 991 3484 illi,
1026 3419 1134 3473 nisi
1167 3421 1262 3491 qui
1294 3420 1545 3492 ipsorum
1574 3426 1809 3494 patriam
1839 3440 2090 3496 quaren-

521 3517 625 3572 tes,
650 3509 998 3580 calestisque
1017 3510 1254 3568 civitatis
1277 3513 1333 3568 in
1357 3513 1750 3584 sempiternum
1770 3518 2087 3573 memoriam

521 3601 877 3657 revocantes?
927 3602 1117 3668 Qualis
1160 3611 1281 3658 erat
1328 3606 1453 3671 ille,
1501 3605 1619 3677 qui,
1668 3609 1932 3677 praescius
1978 3626 2090 3666 sua:

521 3694 667 3764 apud
698 3695 950 3753 homines
981 3700 1430 3755 commorationis
1449 3740 1465 3765 ,
1495 3702 1837 3757 exclamabat
1862 3722 1877 3757 :
1915 3722 1934 3754 ι
1973 3703 2086 3760 Heu

519 3785 691 3849 mihi,
728 3787 858 3857 quia
899 3787 1172 3847 ineolatus
1202 3806 1359 3847 meus
1400 3793 1751 3863 prolongatus
1778 3803 1863 3849 est
1890 3794 1912 3826 ⁸
1939 3797 1953 3849 ι
1986 3815 2005 3848 ι
2034 3805 2088 3851 ει

520 3881 577 3934 hi
623 3895 883 3952 quoque,
922 3882 1017 3952 qui
1068 3898 1236 3954 super
1263 3884 1490 3940 ﬂumina
1536 3886 1835 3959 Babylonis
1886 3888 2087 3945 ﬂebant

518 3988 646 4027 cum
692 3974 1115 4030 recordarentur
1142 3974 1276 4032 Sion
1303 3978 1350 4031 ’.
1388 3977 1480 4033 His
1511 3980 1657 4034 enim
1681 3979 1935 4037 Christus
1984 3981 2082 4038 Dei

518 4064 891 4120 consolatione
918 4064 1146 4136 fungens
1171 4082 1335 4138 quam
1363 4068 1674 4139 lugentibus
1718 4070 2084 4140 promiserat,

520 4154 669 4209 luctu
689 4155 969 4211 exsolutos
994 4156 1346 4227 gloriﬁcabit,
1373 4166 1426 4213 et
1448 4174 1545 4227 pro
1567 4159 1750 4215 cinere
1772 4176 1881 4230 quo
1907 4160 2085 4231 sparsi

518 4257 677 4303 erant
704 4248 760 4302 in
793 4248 895 4303 hac
930 4248 1040 4303 vita
1081 4248 1363 4319 lugentes,
1401 4249 1598 4305 laetitiae
1628 4251 1808 4306 oleum
1853 4260 2084 4322 praesta-

519 4339 635 4404 bit,
693 4355 903 4410 ungens
945 4349 1001 4395 et
1051 4355 1146 4395 eos
1194 4342 1576 4399 exsultationis
1630 4343 1789 4409 oleo,
1843 4355 1905 4398 ut
1952 4344 2085 4398 ﬁant

2199 3248 2335 3296 σεως
2358 3271 2373 3295 ,
2403 3236 2460 3286 ὲν
2546 3235 2759 3306 ἑκάστῳ
2798 3235 2905 3289 τῶν
2953 3239 3363 3310 πεπραγμένων
3392 3242 3424 3311 ή
3468 3240 3573 3292 κατ’
3595 3237 3715 3302 ἀξίαν

2195 3324 2583 3398 ἀποδοθήσεται
2611 3326 2755 3398 δίκη.
2789 3328 2934 3400 Πρὸς
2956 3328 3165 3394 τούτοις
3199 3331 3245 3385 δ’
3266 3331 3485 3404 ἐλήλυθε
3517 3343 3715 3399 παρακα-

2195 3414 2347 3468 λέσαι
2385 3416 2510 3480 τοὺς
2552 3415 2880 3482 πενθοῦντας
2902 3419 2963 3473 τὸ
2991 3420 3131 3474 κατά
3168 3423 3307 3476 Θεὸν
3335 3422 3591 3477 ἐπαινετὸν
3618 3420 3715 3472 πέν-

2196 3509 2319 3572 θος’
2371 3503 2452 3573 οἷς
2485 3509 2577 3563 καὶ
2622 3512 2968 3583 μακαρισμὸν
3000 3515 3343 3586 ἐπήγγελται
3366 3512 3551 3568 εἰπών·
3588 3531 3604 3562 ι
3625 3511 3715 3565 Μα-

2195 3598 2372 3670 κάριοι
2406 3601 2454 3651 οἱ
2501 3599 2820 3663 πενθοῦντες
2842 3639 2858 3661 ,
2890 3601 2971 3654 ὃτι
3000 3603 3156 3655 αὐτοὶ
3192 3603 3714 3675 παρακληθήσονται.»

2193 3688 2364 3744 Ἦλθε
2413 3692 2470 3745 δὲ
2513 3693 2605 3746 ἐπὶ
2649 3692 2857 3757 τούτοις
2885 3695 2976 3747 καὶ
3023 3695 3166 3767 ὑπὲρ
3215 3697 3314 3750 τοῦ
3347 3696 3547 3766 δοθῆναι
3597 3695 3717 3754 (τοῖς

2196 3782 2450 3836 πενθοῦσι
2490 3783 2626 3837 Σιὼν
2661 3785 2837 3852 δόξαν.
2865 3805 2884 3836 ι
2921 3787 3078 3851 Τίνες
3113 3788 3159 3840 δ’
3191 3789 3261 3843 ἂν
3286 3785 3396 3842 εἷεν
3416 3790 3503 3841 καὶ
3529 3782 3717 3852 οὖτοι,ἢ

2193 3875 2242 3925 oi.
2269 3873 2366 3943 τὴν
2391 3874 2597 3929 ἑαυτῶν
2621 3876 2853 3949 πατρίδα
2874 3876 3184 3948 ζητοῦντες,
3214 3880 3314 3933 καὶ
3335 3881 3433 3949 τῆς
3452 3874 3716 3948 ἐπουρανῶν

2194 3965 2400 4029 πόλεως
2447 3967 2620 4020 είσαεὶ
2650 3966 2748 4038 τὴν
2780 3970 2997 4041 μνήμην
3024 3969 3536 4043 ἀναζωπυροῦντες
3565 3961 3653 4029 οἷος
3668 3959 3720 4034 ἦν

2194 4059 2398 4122 ἐκεῖνος
2419 4101 2433 4124 ,
2463 4059 2522 4123 ὃς
2568 4060 2828 4130 πάροικον
2868 4063 2962 4115 καὶ
2989 4063 3268 4135 παρεπίδη
3277 4081 3378 4135 μον
3421 4062 3508 4116 ἐπὶ
3532 4060 3616 4130 τῆς
3639 4057 3719 4125 γῆς

2193 4152 2382 4205 ἑαυτὸν
2409 4153 2787 4224 ἐπιστάμενος,
2816 4155 2981 4208 καὶτὸ
3001 4176 3019 4208 ι
3043 4156 3226 4229 Οἴμοι,
3251 4178 3272 4211 ι
3291 4156 3605 4229 ἀνοιμώζων,
3623 4173 3637 4203 ι
3657 4153 3718 4204 ὅτι

2191 4247 2225 4315 ή
2262 4246 2520 4316 παροικία
2549 4263 2649 4316 μου
2677 4247 2993 4320 ὲμακρύνθη
3013 4267 3027 4280 ο
3054 4269 3073 4301 ι
3112 4250 3194 4304 ἔτι
3226 4268 3290 4303 τε
3327 4253 3375 4304 οἱ
3418 4252 3503 4303 ἐπὶ
3529 4250 3617 4301 των
3643 4258 3717 4296 πο-

2191 4337 2380 4408 ταμῶν
2400 4338 2715 4403 Βαϐυλῶνος
2740 4340 3016 4406 κλαίοντες
3047 4344 3106 4396 ἐν
3131 4343 3211 4415 τῷ
3243 4344 3539 4415 μνησθῆναι
3565 4338 3721 4398 αὑτοἮ

511 4432 835 4489 chrismatis
860 4441 915 4488 et
946 4435 1094 4503 regni
1127 4434 1212 4488 sui
1242 4435 1534 4504 participes
1555 4475 1570 4500 ,
1599 4434 1758 4504 juxta
1790 4435 1905 4490 haec
1932 4434 2079 4506 Apo-

2195 4429 2290 4498 τῆς
2311 4427 2474 4481 Σιών
2500 4429 2708 4494 τούτοις
2744 4430 2853 4502 γὰρ
2897 4427 2989 4485 οὖν
3016 4434 3043 4485 6
3076 4431 3319 4505 Χριστὸς
3346 4433 3437 4487 τοῦ
3466 4430 3586 4485 Θεοῦ
3608 4427 3719 4497 πλη-

518 4525 646 4580 steli
688 4525 853 4580 verba
897 4542 911 4578 :
946 4541 964 4575 ι
995 4523 1296 4594 Participes
1334 4526 1480 4580 enim
1520 4526 1727 4581 Christi
1770 4526 1947 4582 eliecti
1990 4542 2088 4582 su-

2195 4521 2323 4592 ρῶν,
2350 4519 2415 4590 ἦν
2463 4524 2576 4584 τοῖς
2624 4521 2878 4575 πενθοῦσι
2910 4524 3176 4595 ὑπέσχετο
3205 4525 3573 4597 παράκλησιν,
3600 4518 3723 4586 δόξαν

519 4632 643 4671 mus
671 4616 734 4672 “.
769 4634 788 4668 ι
818 4615 1085 4673 Praeterea
1120 4616 1430 4687 lugentibus
1458 4614 1587 4671 Sion
1619 4617 1769 4672 dabit
1793 4616 2048 4674 Christus
2068 4658 2083 4681 ,

2195 4610 2459 4665 ἀποδώσει
2487 4610 2841 4683 ἀπαλλαγεῖσι
2869 4613 2962 4667 τοῦ
2987 4615 3236 4680 πένθους,
3264 4617 3362 4669 καὶ
3383 4615 3498 4668 ἀντὶ
3516 4612 3601 4682 τῆς
3618 4621 3720 4660 (τπδ’

515 4708 672 4778 juxta
693 4708 1031 4779 prophetiam
1048 4748 1063 4772 ,
1105 4725 1124 4760 ι
1148 4707 1370 4778 pallium
1398 4706 1576 4763 laudis
1600 4721 1700 4778 pro
1720 4708 1916 4778 spiritu
1953 4723 2091 4763 moe-

2195 4701 2279 4756 δοῦ
2298 4699 2365 4774 ἧς
2385 4704 2693 4759 ὲκονίσαντο
2713 4705 2853 4759 κατά
2870 4707 2963 4760 τὸν
2982 4707 3215 4762 ἐνταῦθα
3240 4707 3361 4777 βίον
3384 4706 3717 4776 τεενθησαντες.

521 4802 699 4864 roris,
732 4819 751 4853 ι
778 4799 825 4855 si
864 4815 954 4855 res
993 4799 1117 4854 vitae
1157 4799 1528 4870 neglexerint,
1581 4798 1863 4853 hominum
1905 4800 2090 4869 operi-

2195 4795 2424 4867 Ξλειμμα
2444 4798 2777 4869 εὐφροσύνης
2795 4800 3041 4873 παρέξει,
3062 4802 3233 4873 χρίων
3263 4803 3361 4856 καὶ
3384 4798 3568 4860 αὐτοὺς
3587 4792 3719 4860 ἐλαίῳ

522 4892 627 4946 bus
653 4888 958 4960 despectis;
991 4896 1045 4944 et
1078 4889 1168 4945 hic
1195 4890 1428 4944 maxime
1459 4889 1741 4961 lugentes,
1772 4904 1885 4944 non
1920 4890 2085 4945 modo

2195 4887 2572 4957 ἄγαλλιάσεως,
2597 4890 2682 4943 ἵνα
2701 4891 2963 4959 γένωνται
2983 4893 3081 4963 τῆς
3107 4892 3277 4946 αὐτοῦ
3302 4893 3513 4963 μέτοχοι
3531 4882 3720 4960 κρίσεώς

518 4984 776 5054 quoniam
804 4983 997 5054 procul
1038 4981 1136 5038 Dei
1175 4983 1443 5053 promissa
1479 4983 1760 5047 viderent,
1791 4980 1887 5037 sed
1926 4990 1982 5036 et
2017 4996 2084 5038 eo

2195 4995 2243 5032 ts
2275 4981 2367 5034 καί
2396 4980 2692 5051 βασιλείας,
2726 4981 2865 5035 ὥστε
2897 4986 2992 5038 καί
3028 4985 3225 5048 αὐτοὺς
3253 4987 3431 5040 εἰπεῖν
3452 5000 3465 5013 ·
3500 4979 3713 5045 «Μέτοχιι

518 5077 663 5147 quod
682 5116 698 5141 ,
730 5087 949 5147 propter
980 5075 1370 5130 humanitatem
1403 5081 1458 5129 et
1487 5074 1881 5145 benignitatem
1923 5089 2078 5130 suam

2195 5069 2289 5140 γὰρ
2316 5068 2410 5124 τοῦ
2440 5072 2676 5142 Χριστοῦ
2704 5072 3026 5144 γεγόναμεν.
3058 5092 3077 5124 ι
3110 5074 3232 5127 Ἔτι
3271 5073 3413 5145 πρὸς
3432 5068 3620 5130 τούτοις
3640 5062 3714 5117 δώ·

515 5184 709 5225 eorum
752 5168 990 5224 miseriis
1018 5176 1073 5223 et
1101 5166 1380 5221 doloribus
1411 5173 1852 5235 compaterentur
1882 5176 1938 5220 et
1976 5167 2084 5220 hoc

2195 5176 2295 5214 σειν
2318 5161 2346 5212 6
2367 5161 2600 5232 Χριστὸς
2622 5165 2734 5227 τοῖς
2760 5163 3013 5219 πενθοῦσι
3036 5163 3172 5217 Σιὼν
3195 5162 3588 5235 προφητεύεται
3611 5173 3713 5207 ικα-

520 5261 699 5316 solum
743 5259 1041 5330 apostolica
1087 5273 1221 5313 voce
1267 5257 1636 5313 exclamantes
1665 5276 1680 5311 :
1713 5274 1732 5307 ι
1762 5257 1898 5323 Quis
1930 5256 2087 5312 inﬁr-

2195 5250 2443 5323 εαστολὴν
2477 5252 2667 5324 δόξης,
2698 5255 2821 5309 ἀντὶ
2862 5253 2956 5309 τοῦ
2987 5254 3301 5326 πνεύματος
3326 5255 3429 5322 τῆς
3454 5251 3678 5323 ἀκηδέαςε
3699 5267 3712 5293 ι

521 5359 704 5406 matur
731 5361 783 5406 et
814 5366 915 5421 ego
941 5364 1049 5406 non
1086 5350 1331 5405 inlirmor
1352 5389 1368 5414 ,
1403 5348 1526 5419 quis
1558 5348 1995 5413 scandalizatur,
2032 5354 2090 5403 et

2195 5345 2275 5398 tari.
2307 5343 2397 5418 (si)
2430 5350 2542 5411 τοῖς
2571 5346 2665 5402 τοῦ
2700 5346 2812 5419 βίου
2843 5348 3157 5420 πράγμασιν
3193 5347 3535 5417 ἡκηδίασαν,
3564 5342 3715 5403 ὥσπερ

520 5455 624 5511 ego
650 5456 757 5496 non
786 5459 914 5498 uror
946 5444 985 5474 “
1013 5442 1034 5495 ?
1061 5461 1079 5493 ι

2195 5436 2667 5511 δυσαρεστούμενοι
2711 5443 2831 5504 ταῖς
2871 5436 2982 5493 τῶν
3011 5435 3320 5510 ἀνθρώπων
3359 5437 3605 5510 πράξεσι·
3643 5430 3717 5484 καὶ

1653 5596 1674 5627 ³
1714 5593 1902 5650 Matth.
1934 5611 1986 5656 v,
2022 5595 2075 5650 5.

2213 5594 2358 5652 Psal.
2391 5612 2458 5655 ι..
2502 5599 2587 5652 17.
2664 5601 2684 5630 ⁸
2728 5597 2916 5656 Matth.
2953 5620 3042 5662 IX.
3072 5603 3126 5660 2.
3202 5604 3226 5634 ⁸
3268 5600 3462 5659 Matth.
3492 5611 3585 5657 xx,
3612 5588 3686 5646 51-

1599 5668 1618 5698 ’
1658 5664 1801 5721 Psal,
1835 5681 2065 5731 cxxxvt,
2101 5662 2151 5717 1.
2234 5667 2275 5697 ιο
2319 5665 2479 5724 Hebr.
2519 5685 2612 5736 ιιι,
2657 5673 2737 5727 lt.
2815 5675 2856 5704 “
2899 5673 2942 5727 11
2973 5676 3100 5729 Cor.
3132 5688 3185 5727 τι
3212 5713 3226 5739 ,
3267 5675 3360 5730 29.

599 5594 615 5621 ¹
656 5591 759 5647 lsa.
793 5609 880 5649 ωιι
903 5634 917 5654 ,
953 5596 1065 5650 1-5.
1136 5596 1157 5626 ¹
1197 5594 1328 5649 Luc.
1365 5611 1438 5657 Iv,
1467 5595 1558 5651 2|.

508 5657 548 5737 f
587 5658 775 5714 Matth.
809 5679 861 5726 v,
892 5665 948 5717 4.
1020 5667 1042 5695 ⁸
1077 5661 1221 5717 Psal.
1252 5680 1413 5730 cxxx,
1445 5664 1496 5719 5.
