3926 6260
338 388 474 444 1⁸257

1359 371 1648 439 ECLOGA:
1686 366 2167 438 Puopnmicm.
2205 412 2270 422 —
2314 368 2439 436 LIB.
2480 368 2572 437 Iv.

3449 384 3587 438 1258

335 500 504 572 ταύτῃ
534 490 767 572 μάλιστα
794 495 1133 563 πενθοῦντες,
1160 497 1220 551 ού
1248 497 1405 568 μόνον
1423 494 1513 550 διὰ
1540 495 1600 548 τὸ
1629 493 1908 566 πόρρωθεν
1956 494 2179 567 θεωρεῖν
2207 492 2310 557 τὰς
2339 491 2432 545 τοῦ
2485 489 2619 544 θεοῦ
2659 489 2991 560 ἐπαγγελίας
3014 530 3029 553 ,
3069 486 3206 545 ἀλλά
3255 492 3351 547 καὶ
3385 493 3475 548 διὰ
3524 498 3586 551 τὸ

323 579 618 670 συμπαθὲς
640 596 734 651 καὶ
762 595 1141 667 φιλάνθρωπον
1168 593 1573 665 συμπάσχοντες
1600 592 1694 645 καὶ
1723 590 2114 662 συναλγοῦντες
2128 593 2245 654 τοῖς
2281 587 2602 642 ἀσθενοῦσιν
2662 585 2866 643 ἑαυτῶν
2904 586 3110 658 μέλεσι,
3162 589 3256 646 καὶ
3303 595 3587 664 μονονουχὶ

335 693 564 763 βοῶντες
601 694 661 764 τῇ
689 690 784 746 τοῦ
819 690 1140 745 Ἀποστόλου
1171 689 1421 754 διαθέσει,
1442 688 1550 760 τῷ,
1587 706 1606 742 t
1630 688 1724 752 Τίς
1745 688 1979 755 ἀσθενεῖ,
2013 689 2107 742 καὶ
2133 688 2233 741 οὐκ
2262 684 2502 751 ἀσθενῶς
2549 683 2635 747 τίς
2695 682 3104 748 σκανδαλίζεται
3179 685 3273 739 καὶ
3322 687 3422 740 οὐκ
3475 686 3588 756 ἐγὼ

335 784 645 856 πυροῦμαις
675 802 694 839 ι

829 877 1241 946 ,ΚΕΦΑΛΑΙΟΝ
1273 878 1394 934 AB'.

410 984 429 1017 ι
453 966 821 1035 Ἀγαλλιάσυω
854 968 889 1037 ὴ
919 966 1062 1039 ψυχή
1094 984 1194 1039 μου
1224 967 1316 1022 ἐπὶ
1340 966 1421 1039 τῷ
1441 967 1658 1038 Κυρίῳ·
1695 965 1909 1020 ἐνέδυσε

332 1057 443 1129 γάρ
495 1076 563 1129 με
610 1058 824 1130 ίμάτιον
864 1058 1153 1130 σωτηρίου,
1184 1059 1277 1113 καὶ
1309 1059 1509 1131 χιτῶνα
1539 1059 1907 1130 εὐφροσύνης⁶

332 1150 628 1224 περιέθηκέ
680 1168 769 1222 μοι
812 1151 887 1215 ὠς
919 1152 1136 1223 νυμφίῳ
1171 1152 1389 1224 μίτραν,
1429 1151 1522 1205 καὶ
1567 1152 1644 1215 ὡς
1692 1150 1910 1224 νύμφην

331 1241 713 1313 κατεκόσμησέ
738 1260 807 1313 με
837 1242 1042 1315 κόσμῳ.
1067 1244 1179 1298 Καὶ
1207 1242 1283 1307 ὡς
1308 1243 1410 1315 γῆν
1434 1242 1702 1308 αὔξουσαν
1732 1236 1793 1295 τὸ
1813 1243 1909 1297 ἀν-

330 1333 424 1397 θος
454 1334 644 1405 αὐτῆς,
674 1334 769 1387 καὶ
794 1333 870 1398 ὡς
895 1335 1068 1406 κῆπος
1099 1334 1169 1388 τά
1195 1336 1482 1408 σπέρματα
1503 1334 1667 1390 αὑτοῦ
1697 1336 1910 1390 ἀνατέλ-

328 1420 433 1490 λει,
463 1423 636 1488 οὕτως
666 1424 910 1479 ἀνατελεῖ
936 1424 1137 1496 Κύριος
1180 1426 1382 1499 Κύριος
1425 1426 1788 1500 δικαιοσύνην,
1815 1429 1909 1482 καὶ¹

330 1514 649 1588 ἀγαλλίαμα
680 1517 916 1571 ἐναντίον
949 1519 1164 1571 πάντων
1191 1518 1299 1572 τῶν
1327 1518 1516 1573 ἐθνῶν.
1548 1540 1566 1571 ι
1587 1520 1651 1573 Ἡ
1680 1519 1776 1573 τοῦ
1800 1521 1910 1573 Κυ-

331 1607 452 1677 ρίου
487 1606 643 1679 ἡμῶν
677 1608 854 1680 Ἰησοῦ
898 1609 1132 1682 Χριστοῦ
1172 1610 1338 1684 ψυχὴ,
1374 1614 1501 1685 περ).
1525 1607 1593 1685 ἦς
1624 1613 1776 1683 ἔλεγε
1806 1614 1867 1667 τό
1889 1630 1904 1644 ο

334 1718 355 1750 ι
386 1700 693 1772 Περίλυπός
717 1703 865 1757 ἐστιν
891 1703 925 1774 ἡ
947 1702 1090 1776 ψυχή
1118 1720 1241 1776 μου,
1268 1724 1286 1756 ι
1319 1706 1413 1759 καὶ
1445 1706 1505 1760 τό
1523 1723 1535 1736 ·
1572 1726 1591 1758 ι
1621 1706 1735 1761 Νῦν
1760 1709 1792 1779 ή
1814 1706 1908 1777 ψυ-

327 1792 399 1863 χή
430 1809 530 1863 μου
563 1791 915 1866 τετάρακται,
940 1813 960 1848 ι
998 1797 1084 1848 ἐπ’
1120 1791 1295 1850 οὐδενὶ¹
1326 1797 1434 1851 τῶν
1472 1798 1712 1871 γενητῶν
1740 1799 1909 1868 ἀγαλ-

326 1878 421 1952 λιᾷ
450 1881 545 1934 καὶ
566 1883 933 1953 εὐφραίνεται,
962 1884 994 1955 ἢ
1023 1885 1116 1939 ἐπὶ
1148 1886 1294 1956 μόνῳ
1334 1886 1412 1958 τῷ
1452 1886 1628 1959 Πατρὶ
1659 1888 1753 1941 καὶ
1798 1890 1909 1941 Κυ-

330 1971 433 2042 ρίῳ
451 1988 465 2001 ·
499 1973 713 2025 ἐνέδυσε
739 1973 845 2045 γάρ
884 1991 966 2026 τοι
1012 1974 1174 2027 αὐτὸν
1201 1974 1261 2027 τὸ
1280 1974 1381 2046 τῆς
1403 1975 1651 2049 θεότητος
1673 1976 1905 2048 ἱμάτιον,

325 2063 425 2115 καὶ
451 2063 541 2116 τὸν
568 2064 666 2136 τῆς
697 2063 930 2137 ἀληθοῦς
955 2066 1046 2119 καὶ
1076 2065 1287 2129 τελείας
1319 2066 1657 2138 εὐφροσύνης
1684 2067 1901 2139 χιτῶνα⁶

324 2151 468 2206 ἀλλά
503 2155 598 2207 καὶ
635 2156 669 2226 ἡ
703 2154 772 2226 (ό)
809 2154 909 2225 μέν
940 2151 1171 2227 νυμφίος
1203 2156 1414 2228 ὑπῆρχε
1443 2157 1540 2228 τῆς
1575 2157 1648 2229 μὴ
1678 2158 1906 2231 ἐχούσης

325 2243 520 2297 σπῖλον
560 2246 594 2317 ἢ
636 2246 820 2317 ῥυτίδα
850 2246 1066 2319 νύμφης
1098 2245 1440 2319 Ἐκκλησίας,
1474 2248 1549 2312 ὡς
1578 2250 1792 2320 νυμφίῳ
1824 2250 1909 2321 μί-

323 2352 464 2406 τραν
490 2332 625 2408 αὐτῇ
659 2337 745 2408 (ᾦ)
778 2339 1125 2412 περιέθηκεν,
1151 2340 1185 2411 ἡ
1222 2334 1278 2394 δὲ
1308 2340 1492 2413 νύμφη
1518 2340 1619 2411 τῆς
1650 2341 1909 2395 ἀνωτάτω

322 2424 421 2477 τοῦ
452 2424 619 2494 ψόγου
641 2425 908 2500 θεότητος,
930 2429 996 2501 ἢν
1024 2428 1100 2493 ὡς
1129 2430 1344 2501 νύμφην
1372 2430 1541 2502 αὐτὴν
1562 2431 1907 2503 κατεκόσμη-

325 2533 390 2569 σε
441 2516 518 2586 τῷ
552 2518 810 2590 πρέποντι
855 2519 1125 2591 πνεύματι
1156 2520 1455 2593 Κυρίῳ(ου)
1503 2521 1722 2593 κόσμῳ*
1773 2521 1909 2578 ἀλλὰ

324 2607 423 2661 καὶ
455 2608 530 2672 ὡς
567 2607 797 2682 εὔφορον
846 2611 938 2665 καὶ
967 2612 1178 2685 ἀγαθὴν
1207 2614 1309 2684 γῆν
1337 2613 1685 2684 ἐγεώργησεν
1715 2612 1905 2684 αὐτὴν,

323 2697 409 2753 ἔτι
439 2717 498 2752 τε
524 2699 600 2765 ὡς
626 2701 802 2773 κῆπον
829 2702 1062 2769 αὔξοντα
1092 2705 1186 2758 καί⁵
1211 2702 1471 2758 θάλλοντα
1510 2707 1623 2768 τοῖς
1654 2704 1714 2758 ἐν
1759 2703 1907 2778 αύτῷ

322 2788 693 2863 βλαστήμασι,
722 2787 804 2857 οἷς
851 2795 945 2848 καὶ
993 2794 1022 2848 ό
1071 2796 1239 2866 μέγας
1270 2795 1365 2849 τοῦ
1409 2794 1544 2850 Θεοῦ
1583 2795 1908 2867 παράδεισος

319 2884 842 2954 καταπεφυτεῦσθαι
886 2885 1328 2955 λέγεται.Ἐσται
1371 2884 1429 2938 δὲ
1476 2884 1671 2950 ταῦτα,
1720 2886 1902 2955 φησὶν,

318 2975 453 3028 ἐπεὶ
476 2975 679 3040 δίκαιος
702 2976 778 3030 ὢν
804 2976 1029 3049 Κύριος,
1061 2978 1154 3032 καὶ
1176 2978 1237 3032 ού
1265 2969 1427 3049 μόνον’
1452 2978 1740 3043 Ἰουδαίων,
1771 2978 1905 3033 ἀλλὰ

318 3068 418 3121 καὶ
455 3067 623 3121 ἐθνῶν
647 3069 904 3141 ὑπάρχων
925 3070 1077 3133 Θεὸς,
1097 3069 1333 3123 ἀνέτειλε
1362 3070 1460 3143 τὴν
1488 3070 1681 3126 ἐαυτοῦ
1707 3070 1906 3123 δικαιο-

319 3160 517 3232 σύνην,
550 3160 690 3214 τοῦτ’
722 3161 839 3214 ἐστι
874 3163 964 3215 τὸν
1000 3159 1230 3234 Χριστὸν
1272 3163 1459 3227 αὐτοῦ,
1497 3163 1735 3218 ἐναντίον
1762 3164 1903 3217 πάν-

308 3265 424 3306 των
463 3251 571 3304 τῶν
597 3251 662 3305 δι’
689 3252 853 3305 αὐτοῦ
882 3253 1245 3306 πιστευόντων
1270 3252 1458 3306 ἐθνῶν.

833 3346 1228 3400 ΚΕΦΑΛΑΙΟΝ
1269 3345 1390 3399 AI“.

387 3437 640 3507 «³Αρατε
674 3435 949 3507 σύσσημον
995 3440 1076 3501 είς
1117 3438 1187 3492 τά
1211 3436 1508 3509 ἐθνη.’ῐδοὺ
1539 3439 1666 3509 γὰρ,
1701 3438 1903 3511 Κύριος

303 3530 580 3600 ἐποίησεν
613 3529 876 3583 ἀκουστὸν
916 3527 1020 3593 ἕως
1052 3530 1280 3600 ἐσχάτου
1308 3531 1407 3601 τῆς
1438 3531 1561 3602 γῆς.
1598 3529 1802 3584 Εἴπατε
1836 3534 1899 3603 τῇ
1929 3572 1969 3627 C

302 3623 557 3694 θυγατρὶ
586 3620 724 3675 Σιών
748 3640 761 3653 ·
804 3622 933 3675 Ἰδού
964 3640 1045 3676 σοι
1077 3625 1105 3677 ό
1131 3622 1320 3696 Σωτὴρ
1354 3619 1727 3694 παραγέγονεν
1761 3623 1901 3694 ἔχων

299 3718 396 3770 τὸν
464 3713 659 3768 ἐαυτοῦ
711 3715 899 3786 μισθὸν
931 3715 1047 3786 μετ’
1082 3715 1267 3781 αὐτοῦ,
1300 3715 1395 3768 καὶ
1444 3716 1506 3769 τὸ
1551 3715 1710 3788 ἔργον
1737 3715 1900 3769 αὐτοῦ

300 3803 414 3874 πρὸ
463 3799 752 3872 προσώπου
783 3801 949 3856 αὐτοῦ
969 3819 982 3833 ·
1017 3802 1110 3856 καὶ
1143 3803 1358 3857 καλέσει
1387 3804 1547 3858 αὐτὸν
1571 3804 1699 3858 λαὸν
1725 3805 1898 3881 ἅγιον,

298 3891 731 3963 λελυπρωμένον
758 3892 863 3946 ὑπὸ
891 3893 1096 3965 Κυρίου
1115 3911 1128 3924 ·
1161 3895 1224 3947 σὺ
1248 3893 1306 3947 δέ
1342 3893 1588 3968 κληθήσῃ
1613 3896 1899 3966 ἐπιζητου-

298 3983 465 4056 μέντι
486 3980 660 4045 πόλις,
688 3983 782 4035 καὶ
795 3983 894 4034 οὐκ
921 3983 1476 4057 ἐγκαταλελειμμένη.
1492 4004 1615 4038 »-‹
1641 3985 1736 4048 Τίς
1750 3981 1901 4051 οὗτος

300 4077 333 4129 ό
348 4073 812 4145 παραγενόμενος
827 4074 887 4139 ἐξ
901 4074 1099 4146 Ἑδὼμ,
1127 4075 1378 4148 ἐρύθημα
1408 4078 1637 4148 ἱματίων
1649 4077 1813 4132 αὐτοῦ
1836 4084 1900 4134 ἐκ

309 4165 528 4236 Βοσόρ;
556 4163 741 4226 Οὕτως
760 4164 960 4236 ὡραῖος
976 4166 1032 4219 ἐν
1050 4169 1208 4237 στολῇ
1226 4165 1411 4231 αὐτοῦ,
1427 4166 1516 4239 βίᾳ
1533 4168 1669 4239 μετὰ
1687 4170 1898 4239 ίσχύος;

321 4254 476 4324 Ἐγὼ
495 4254 811 4326 διαλέγομαι
827 4254 1168 4327 δικαιοσύνην
1191 4257 1285 4311 καὶ
1308 4258 1484 4328 κρίσιν
1502 4276 1787 4330 σωτηριου.
1804 4260 1901 4314 Διά

308 4349 365 4401 τί
392 4365 489 4400 σου
523 4346 728 4418 ἐρυθρά
752 4347 822 4401 τὰ
852 4349 1062 4419 ἱμάτια,
1082 4350 1177 4402 καὶ
1200 4350 1269 4403 τά
1290 4350 1562 4421 ἐνδύματά
1586 4368 1676 4404 σου
1702 4352 1777 4415 ὡς
1795 4353 1902 4405 ἀπὸ

309 4436 567 4507 πατητοῦ
599 4436 761 4508 ληνοῦ
786 4454 799 4504 ;
829 4438 1049 4510 Πλήρης
1077 4440 1629 4512 καταπεπατημένης,
1662 4440 1754 4494 καὶ
1792 4441 1900 4494 τῶν

308 4528 491 4582 ἐθνῶν
514 4526 614 4578 οὐκ
637 4526 785 4580 ἐστιν
817 4528 955 4599 ἀνὴρ
992 4530 1107 4598 μετ’
1137 4529 1295 4599 ἐμοῦ,
1313 4530 1408 4584 καὶ
1436 4530 1787 4602 κατεπάτησα
1807 4532 1903 4584 αύ-

305 4604 445 4684 τούς
472 4623 532 4673 ἐν
561 4617 717 4689 θυμῷ
760 4636 883 4690 μου.
907 4639 926 4671 ›
961 4620 1128 4674 Πάλιν
1156 4622 1444 4693 ἐνταῦθα-η
1470 4623 1771 4694 προφητεία
1798 4640 1904 4676 πα·-

309 4708 676 4784 ρακελεύεται
707 4708 890 4762 λαϐεῖν
925 4710 1200 4783 σύσσημον
1226 4714 1354 4784 περὶ
1379 4713 1476 4783 τῆς
1511 4712 1570 4779 ἐξ
1596 4712 1763 4767 ἐθνῶν
1779 4714 1901 4766 Ἐκ-

306 4804 574 4875 γλησίας,
611 4802 1013 4874 ὑπισχνουμένη
1058 4802 1380 4868 ἐξάκουστόν
1426 4822 1478 4858 τι
1526 4806 1772 4877 ποιήσειν
1809 4805 1900 4858 τὸν

1936 883 1984 938 Α

2555 868 2786 926 CAPUT
2823 868 3042 925 XXXII.

2086 982 2105 1016 ι
2140 963 2386 1021 Gaudeat
2409 964 2590 1019 anima
2611 977 2731 1018 mea
2754 962 2812 1017 in
2844 962 3074 1027 Domino
3101 982 3113 1019 :
3143 964 3271 1035 quia
3294 964 3472 1022 induit
3496 984 3583 1026 me

2009 1055 2349 1113 vestimentis
2390 1056 2624 1112 salutis:
2654 1061 2710 1110 et
2738 1053 3056 1110 indumento
3089 1039 3320 1126 justitia'.
3343 1057 3583 1115 circum-

2009 1144 2159 1203 dedit
2181 1162 2287 1212 me,
2311 1146 2468 1217 quasi
2483 1160 2744 1218 sponsum
2763 1143 3078 1201 decoratum
3094 1159 3317 1213 corona,
3342 1155 3396 1203 et
3421 1152 3580 1219 quasi

2010 1253 2266 1310 sponsam
2293 1246 2543 1295 ornatam
2578 1237 2874 1293 monilibus
2906 1238 3042 1293 suis.
3074 1237 3228 1293 Sicut
3247 1238 3393 1294 enim
3431 1247 3580 1296 terra

2008 1328 2218 1402 profert
2244 1343 2465 1401 germen
2497 1342 2657 1385 suum
2674 1366 2691 1392 ,
2722 1334 2777 1383 et
2805 1326 2950 1384 sicut
2983 1326 3177 1382 hortus
3203 1342 3391 1382 semen
3417 1341 3580 1384 suum

2008 1421 2313 1495 germinat,
2340 1420 2423 1477 sic
2451 1419 2717 1476 Dominus
2745 1417 2890 1476 Deus
2920 1418 3248 1491 germinabit
3267 1419 3540 1491 justitiam
3561 1459 3578 1487 ,

2008 1522 2063 1570 et
2110 1512 2325 1569 laudem
2379 1527 2567 1568 coram
2617 1510 2893 1567 universis
2942 1511 3199 1583 gentibus
3240 1514 3279 1566 ι.
3313 1531 3333 1564 ι
3361 1510 3576 1567 Domini

2008 1603 2333 1663 nostriJesu
2349 1603 2556 1661 Christi
2597 1603 2812 1669 anima,
2865 1602 2933 1660 de
2976 1616 3085 1675 qua
3128 1602 3305 1658 dixit:
3334 1620 3354 1654 ι
3382 1600 3580 1659 Tristis

2008 1704 2093 1755 est
2136 1698 2318 1754 anima
2361 1711 2482 1753 mea
2518 1700 2564 1763 ³,
2598 1716 2618 1750 ι
2650 1704 2743 1753 et:
2775 1715 2794 1747 ι
2825 1694 2982 1752 Nunc
3003 1696 3183 1751 anima
3221 1708 3340 1752 mea
3359 1693 3579 1750 turbata

2007 1795 2093 1844 est
2128 1788 2174 1854 ³,
2205 1808 2224 1842 ι
2253 1789 2307 1843 in
2348 1787 2498 1845 nulla
2537 1792 2917 1842 creaturarum
2963 1785 3162 1855 gaudet
3205 1793 3261 1840 et
3309 1784 3578 1848 exsultat,

2008 1878 2115 1933 nisi
2150 1878 2204 1932 in
2239 1877 2358 1933 solo
2389 1876 2547 1931 Patre
2574 1883 2631 1931 et
2657 1875 2908 1933 Domino.
2952 1874 3135 1931 Induit
3162 1875 3310 1931 enim
3337 1889 3464 1931 eum
3493 1875 3580 1929 di-

2006 1967 2252 2023 vinitatis
2279 1967 2631 2031 vestimento,
2660 1981 2911 2037 veraeque
2956 1975 3013 2022 et
3051 1964 3310 2037 perfectae
3351 1964 3582 2037 justiti-ae

2007 2059 2352 2118 indumento.
2385 2058 2493 2116 Sed
2523 2065 2578 2116 et
2607 2073 2845 2130 sponsus
2869 2057 3081 2114 exstitit
3101 2072 3279 2129 neque
3307 2058 3579 2114 maculam

2012 2167 2192 2223 neque
2229 2167 2418 2223 rugam
2445 2151 2696 2207 habentis
2724 2164 2943 2221 sponsae
2967 2148 3226 2206 Ecclesiae
3246 2191 3262 2217 ,
3295 2165 3416 2222 quae
3452 2165 3578 2206 eum

1939 2230 1984 2287 Β
2011 2246 2169 2316 quasi
2198 2259 2402 2301 corona
2446 2242 2841 2309 circumdedit,
2885 2257 3088 2314 sponsa
3125 2257 3258 2299 vero
3290 2244 3580 2316 integerri-

2009 2352 2113 2392 mas
2139 2336 2439 2393 divinitatis
2457 2376 2475 2402 ,
2505 2350 2671 2408 quam
2703 2334 2851 2391 velut
2878 2349 3136 2405 sponsam
3180 2335 3443 2406 pmclaro
3473 2335 3580 2390 Doo

2009 2429 2144 2485 mini
2196 2430 2394 2501 spiritu
2449 2429 2748 2485 decoravit.
2806 2429 3080 2487 Praeterea
3134 2429 3281 2486 sicut
3339 2427 3579 2484 fertilem

2007 2518 2388 2590 egregiamque
2409 2525 2617 2573 terram
2643 2517 2886 2575 excoluit
2909 2533 3029 2574 eam
3049 2558 3067 2584 ,
3091 2526 3255 2588 atque
3281 2514 3427 2573 sicut
3450 2514 3581 2569 lior-

2007 2619 2124 2666 tum
2167 2610 2566 2682 germinantem
2611 2617 2666 2667 et
2704 2610 3046 2682 germinibus
3092 2610 3210 2666 suis
3257 2606 3576 2669 ﬂorentem,

2006 2702 2208 2772 quibus
2240 2708 2295 2759 et
2324 2717 2557 2775 magnus
2584 2701 2681 2758 Dei
2709 2701 3001 2774 paradisus
3038 2710 3264 2756 ornatus
3293 2698 3463 2755 fuisse
3489 2697 3578 2755 di-

2006 2795 2173 2850 citur.
2204 2791 2330 2850 Haec
2352 2803 2538 2861 erunt,
2572 2795 2682 2859 ait,
2729 2802 3020 2866 postquam
3055 2787 3240 2863 justus
3271 2791 3532 2848 Dominus
3558 2787 3577 2858 ,

2008 2902 2110 2942 nec
2162 2885 2325 2941 modo
2375 2883 2688 2941 Iudaeorum
2739 2884 2833 2941 sed
2882 2890 2938 2938 et
2984 2884 3224 2954 gentium
3271 2882 3580 2939 dominator

2006 2978 2174 3044 Deus,
2203 2994 2356 3035 suam
2381 2979 2768 3051 germinaverit
2781 2977 3073 3049 justitiam,
3102 2976 3156 3031 id
3183 2982 3270 3033 est
3295 2973 3577 3030 Christum

2007 3087 2203 3135 suum,
2247 3084 2434 3127 coram
2475 3068 2744 3126 universis
2793 3082 2914 3138 quae
2955 3066 3010 3120 in
3047 3080 3173 3122 eum
3219 3063 3574 3123 crediderunt

2006 3164 2281 3235 gentibus.

2536 3338 2766 3395 CAPUT
2804 3338 3042 3395 XXXIII.

2077 3450 2097 3482 ι
2135 3430 2355 3501 Elevate
2383 3430 2598 3501 signum
2631 3430 2699 3484 ad
2729 3431 2980 3500 populos.
3014 3430 3156 3485 Ecce
3187 3428 3452 3486 Dominus
3480 3442 3576 3485 au-

2003 3522 2176 3577 (iitum
2196 3497 2325 3577 fecit
2346 3521 2402 3576 in
2426 3497 2685 3577 extremis
2701 3497 2877 3576 terrae.
2902 3519 3075 3575 Dicite
3096 3519 3221 3574 suae
3244 3519 3376 3574 Sion
3399 3536 3412 3573 :
3439 3517 3579 3575 Ecce

2005 3612 2258 3668 Salvator
2285 3620 2411 3667 tuus
2438 3615 2586 3666 venit
2616 3630 2631 3667 :
2659 3626 2788 3667 ecce
2818 3626 3032 3667 merces
3076 3611 3198 3680 ejus
3242 3625 3368 3666 cum
3398 3625 3494 3676 eo,
3523 3619 3580 3665 et

2003 3720 2141 3777 opus
2170 3704 2290 3775 ejus
2310 3718 2492 3760 coram
2514 3704 2626 3760 illo.
2656 3702 2724 3758 Et
2752 3703 3027 3761 vocabunt
3045 3716 3162 3770 eos,
3192 3703 3425 3773 populus
3444 3718 3578 3759 san-

2003 3807 2147 3861 ctus,
2182 3795 2448 3867 redempti
2504 3810 2536 3850 a
2588 3793 2839 3851 Domino.
2895 3792 2979 3849 Tu
3019 3801 3199 3849 autem
3243 3794 3575 3850 vocaberis:

2003 3887 2240 3955 Quaesita
2267 3887 2461 3944 civitas
2509 3895 2564 3944 et
2594 3903 2705 3943 non
2757 3886 3077 3944 derelicta‘.
3118 3908 3137 3942 ι
3175 3918 3240 3939 ψ-
3274 3907 3295 3942 (
3329 3887 3463 3955 Quis
3493 3899 3579 3946 est

2002 3984 2106 4038 iste
2129 3980 2223 4053 qui
2251 3980 2400 4037 venit
2430 3981 2499 4038 de
2532 3980 2696 4036 Edom
2719 4019 2738 4049 ,
2777 3980 2964 4037 tinctis
2998 3980 3238 4037 vestibus
3281 3983 3348 4038 de
3373 3982 3580 4039 Bosra?

2000 4070 2109 4127 Iste
2141 4070 2414 4125 formosus
2441 4071 2497 4124 in
2529 4070 2667 4126 stola
2695 4085 2817 4137 sua,
2851 4070 3106 4143 gradiens
3140 4072 3195 4126 in
3229 4071 3578 4128 multitudine

2002 4159 2335 4217 fortitudinis
2354 4145 2507 4216 suae?
2529 4159 2640 4232 Ego
2662 4161 2763 4231 qui.
2783 4160 2974 4231 loquor
2989 4159 3280 4230 justitiam,
3302 4171 3356 4216 et
3371 4176 3575 4232 propu-

2000 4260 2193 4323 gnator
2222 4267 2343 4308 sum
2377 4251 2445 4306 ad
2487 4253 2827 4309 salvandum.
2856 4251 3037 4319 Quare
3075 4267 3205 4324 ergo
3232 4256 3460 4310 rubrum
3493 4264 3579 4310 est

2002 4344 2379 4399 indumentum
2408 4353 2594 4409 tuum,
2632 4353 2686 4399 et
2715 4344 3037 4399 vestimenta
3063 4352 3156 4397 tua
3186 4345 3328 4400 sicut
3355 4346 3574 4402 calcan-

2002 4436 2137 4490 tium
2171 4436 2228 4490 in
2260 4435 2550 4492 torculari?
2597 4435 2863 4490 Torcular
2910 4435 3113 4491 calcavi
3163 4437 3344 4502 solus,
3400 4444 3454 4494 et
3508 4439 3576 4495 de

2004 4528 2253 4599 gentibus
2274 4542 2384 4582 non
2414 4538 2499 4583 est
2514 4527 2599 4581 vir
2630 4541 2844 4582 mecum
2877 4545 2890 4580 :
2926 4526 3133 4582 calcavi
3161 4543 3256 4584 eos
3303 4531 3356 4585 in
3391 4530 3576 4587 furore

2002 4620 2181 4675 meo“.
2216 4638 2238 4672 ι
2264 4617 2461 4674 lterum
2493 4617 2584 4672 hic
2610 4617 2893 4688 prophetia
2917 4616 3072 4688 jubet
3097 4620 3345 4690 accipere
3359 4620 3574 4693 signum

2001 4711 2069 4765 de
2094 4704 2334 4781 gentium
2367 4708 2632 4773 Ecclesia,
2660 4710 2983 4780 promittens
3010 4711 3156 4781 quod
3181 4711 3444 4771 Dominus
3477 4731 3576 4768 au—

2001 4802 2176 4858 ditum
2206 4801 2366 4857 faciet
2398 4817 2573 4872 usque
2600 4803 2669 4856 ad
2700 4808 2942 4858 extrema
2987 4809 3181 4871 terrae;
3213 4805 3358 4876 quod
3387 4813 3443 4862 et
3472 4807 3575 4861 im-

304 4896 528 4968 Κύριον
572 4893 678 4957 ἓως
720 4893 947 4964 ἐσχάτου
994 4894 1093 4964 τῆς
1136 4894 1238 4966 γῆς
1258 4911 1274 4925 ο
1306 4894 1335 4947 ὃ
1361 4896 1453 4948 καὶ
1484 4894 1658 4967 πέρας
1686 4895 1899 4967 εἴληχεν

2008 4895 2208 4966 pictum
2222 4905 2307 4952 est
2319 4895 2619 4952 Salvatoris
2641 4895 2814 4951 nostri
2831 4894 2973 4967 Iesu;
2987 4896 3243 4965 adventu,
3275 4897 3331 4953 in
3356 4913 3573 4957 omnem

306 4986 464 5062 (φεν)
496 4985 588 5038 ἐπ)¹
607 4988 673 5057 τῇ
699 4985 791 5038 τοῦ
821 4984 1073 5057 Σωτῆρος
1097 4986 1252 5057 ἡμῶν
1297 4986 1469 5059 Ἰησοῦ
1497 4990 1790 5061 παρουσία,
1819 4990 1900 5053 είς

306 5083 503 5136 πᾶσαν
532 5078 631 5150 τὴν
665 5079 770 5150 γῆν
800 5078 1108 5146 ἐξελθόντος
1137 5078 1229 5133 τοῦ
1269 5079 1507 5151 φθόγγου
1534 5080 1644 5136 τῶν
1671 5083 1899 5137 ἀποστόι

301 5175 424 5229 λων
453 5167 644 5235 αὐτοῦ,
680 5174 774 5225 καὶ
818 5172 900 5234 είς
941 5170 1011 5224 τὰ
1054 5171 1264 5244 πέρατα
1295 5174 1393 5245 τῆς
1438 5176 1762 5247 οἰκουμένης
1787 5175 1896 5231 τῶν

307 5262 585 5338 ῥημάτων
616 5262 812 5317 αὐτῶν.
830 5262 989 5334 Ἑξῆς
1010 5265 1223 5335 εἴρηται
1242 5280 1257 5296 ·
1298 5284 1318 5316 ι
1344 5266 1547 5319 Εἴπατε
1575 5271 1694 5331 ταῖς
1728 5268 1897 5337 θυγας

301 5354 482 5428 τράσι
508 5351 668 5408 Σιών.
699 5373 718 5406 ι
750 5353 969 5425 (δηλαδὴ
1000 5357 1120 5419 ταῖς
1149 5355 1210 5421 ἐξ
1232 5355 1780 5430 ἑθνῶνἘκκλησίαις·
1810 5353 1903 5414 αῦ-

300 5464 404 5503 ται
441 5444 558 5518 γάρ
588 5463 670 5499 τοι
696 5446 990 5519 θυγατέρες
1013 5446 1079 5501 ἂν
1112 5443 1222 5502 εἶεν
1251 5448 1351 5519 τῆς
1377 5450 1698 5522 ἐπουρανίου
1726 5450 1862 5505 Σιὼν
1881 5492 1899 5517 ,

308 5559 331 5592 α
358 5540 494 5611 ἥτις
540 5539 656 5592 ἐστὶ
703 5540 886 5611 μήτηρ
929 5539 1085 5611 ἡμῶν
1129 5559 1148 5592 ι
1197 5540 1339 5595 κατὰ
1376 5541 1468 5595 τὸν
1502 5542 1899 5613 Ἀπόστολον·)

307 5653 328 5686 ι
353 5628 498 5686 Ἰδού
534 5649 614 5685 σοι
639 5633 667 5685 ὁ
701 5631 890 5703 Σωτὴρ
914 5631 1272 5704 παραγίνεται
1302 5634 1443 5706 ἔχων
1473 5635 1567 5690 τὸν
1592 5634 1781 5689 ἐαυτοῦ
1806 5652 1898 5707 μι-

383 5749 404 5824 ξ
449 5744 560 5824 ise.
596 5762 720 5824 mg2
753 5748 839 5816 10,
884 5749 968 5803 ll.
1044 5751 1065 5781 ³
1106 5750 1297 5809 Matth.
1333 5769 1492 5824 τινι,
1528 5754 1616 5813 58.

303 5821 326 5852 ⁸
358 5818 491 5875 Gal.
536 5835 612 5883 tv,
647 5816 737 5871 26.

563 5911 836 5973 ΡΑτιιοι..
869 5909 985 5972 Gtt.
1012 5908 1220 5975 XXII.

1734 5755 1756 5789 '
1793 5753 1952 5812 Joan.
1985 5770 2065 5811 xu
2083 5754 2192 5822 .27.

2004 4995 2207 5055 terram
2241 4987 2437 5043 diil'usa
2461 4989 2832 5059 apostolorum
2870 4988 2991 5060 ejus
3027 4989 3576 5060 pradicatibne,ver-

2003 5080 2196 5151 bisque
2239 5095 2425 5137 eorum
2475 5079 2544 5136 ad
2593 5089 2834 5135 extrema
2887 5088 3068 5137 terrae.
3119 5081 3255 5139 Dein
3298 5082 3501 5138 dicitur
3558 5105 3571 5138 :

2009 5190 2028 5226 ι
2062 5172 2236 5231 Dicite
2263 5171 2478 5229 filiabus
2516 5171 2647 5227 Sion
2679 5191 2698 5224 ι
2733 5172 2993 5243 (gentium
3034 5173 3246 5229 scilicet
3276 5173 3569 5231 Ecclesiis:

2003 5264 2133 5336 ipsae
2145 5265 2289 5321 enim
2317 5265 2440 5320 tiliae
2464 5271 2592 5321 sunt
2622 5264 2865 5320 ccelestis
2907 5263 3060 5331 Sion,
3094 5284 3114 5317 t
3143 5281 3264 5337 qua:
3286 5274 3372 5323 est
3400 5275 3575 5322 mater

2001 5366 2211 5423 nostra,
2252 5377 2274 5411 ›
2300 5359 2458 5429 juxta
2485 5357 2804 5428 Apostolum
2828 5356 2907 5431 '):
2940 5376 2958 5410 ι
3000 5356 3139 5414 Ecce
3167 5358 3413 5415 Salvator
3444 5367 3576 5416 tuus

1999 5452 2170 5516 venit,
2197 5466 2325 5508 ecce
2353 5464 2565 5506 merces
2585 5449 2705 5521 ejus
2729 5465 2855 5505 cum
2885 5465 2970 5516 eo,
3007 5469 3028 5503 ›
3051 5457 3105 5506 et
3128 5452 3357 5523 reliqua,
3374 5453 3574 5525 quibus

2000 5541 2306 5599 osmnditur
2356 5540 2632 5598 secundus
2677 5539 2883 5598 Christi
2911 5540 3198 5607 adventus,
3230 5557 3356 5599 cum
3402 5545 3572 5616 judcx

2001 5636 2199 5701 veniet,
2270 5633 2501 5691 reddens
2561 5633 2851 5704 unicuique
2892 5632 3057 5704 hujus
3130 5634 3254 5692 vita
3298 5636 3569 5694 factorum

3049 5748 3070 5781 ⁸
3106 5747 3210 5806 lsa.
3242 5766 3378 5812 um
3401 5794 3416 5821 ,
3448 5754 3563 5811 1-3.

3128 5914 3206 5976 ιο

2294 5745 2346 5786 ⁸⁸
2376 5766 2456 5807 sa.
2505 5764 2663 5824 tm,
2697 5747 2798 5816 10,
2854 5749 2940 5806 li.
