3926 6260
403 296 545 353 ηδε
1103 287 1372 346 ECSEBll
1407 286 1890 344 CIESARIENSIS
1922 288 2073 346 OPP.
2111 288 2292 347 PARS
2329 288 2419 344 lli.
2458 317 2529 330 —
2564 284 2973 345 EXEGETICA.
3475 302 3586 359 129,3

402 412 746 478 mercedem,
816 410 1250 482 ﬂagitiorumque
1315 424 1439 482 quae
1495 410 1623 481 quis
1698 409 1955 467 admiseri

2084 413 2228 478 σθδν,
2257 432 2276 465 ι
2311 413 2407 467 καὶ
2448 411 2516 466 τὰ
2547 411 2754 476 τούτοις
2782 411 2930 482 ἐξῆς,
2962 411 3028 464 δι’
3062 401 3135 464 ὧν
3167 410 3396 483 δηλοῦται
3435 421 3463 489 ἡ
3498 421 3591 476 δευ-

402 522 641 581 partem.
668 504 801 561 Dein
829 505 1174 575 interrogans
1194 503 1384 574 adjicit
1418 519 1600 561 sermo
1624 523 1637 560 :
1678 522 1698 557 ι
1739 505 1875 573 Quis
1897 521 1962 562 es?

2080 506 2214 577 τέρα
2236 504 2330 558 τοῦ
2358 502 2595 576 Χριστοῦ
2626 503 2915 575 παρουσία,
2954 502 3041 555 ὅτε
3071 503 3257 574 κριτὴς
3288 505 3395 576 ἥξει
3417 509 3588 564 amab.

400 601 506 656 iste
533 598 628 670 qui
658 597 806 652 venit
826 595 893 651 de
918 595 1111 660 Edom,
1134 596 1321 650 tinctis
1354 596 1594 653 vestibus
1640 597 1709 654 de
1742 597 1922 671 Bosral
1955 617 1962 651 ι

2081 613 2188 650 σων
2220 596 2433 665 ἑκάστῳ
2459 594 2568 648 τῶν
2615 595 2705 647 ἐπὶ
2745 591 2838 647 τοῦ
2876 592 3142 665 παρόντος
3186 593 3348 649 πόνων
3393 600 3498 663 τοὺς
3524 619 3594 671 μι.

382 692 567 770 ¹((ιιιοιι
595 690 982 759 interpretatur
1038 688 1370 760 terrestris),
1402 706 1421 741 ι
1460 690 1562 745 iste
1594 688 1869 747 formosus
1921 692 1962 745 ir

2081 687 2259 751 σθοὺς,
2290 689 2382 741 καὶ
2427 680 2501 740 ὧν
2551 685 2779 749 ἕκαστος
2808 683 3025 755 φαύλων
3070 683 3350 755 εἰργάσατο
3396 687 3476 741 νῦν
3516 690 3593 754 τὰς

401 783 543 839 stola
570 780 709 837 sua?
736 800 755 833 ι
803 779 918 836 Hoc
967 779 1180 837 videtur
1210 781 1391 838 dicere
1418 788 1471 838 et
1499 790 1622 854 post
1643 783 1962 839 incarnatio-

2077 778 2325 849 ἀμοιϐάς.
2344 777 2499 848 Ἑξῆς
2522 776 2728 839 τούτοις
2752 777 2913 829 οἱονεὶ
2942 775 3231 846 ἐπερωτῶν
3255 777 3282 828 6
3304 776 3450 845 λόγος
3471 783 3591 851 φησί·

399 888 545 939 nem,
562 879 617 927 et
644 880 766 943 post
786 872 1237 937 exinanitionem,
1259 882 1313 928 et
1344 874 1400 928 in
1430 881 1575 930 terra
1592 876 1962 931 commoratio-

2082 892 2101 925 ι
2128 875 2170 925 Τ
2177 873 2223 937 ίς
2254 865 2451 937 οὗτοςό
2474 870 2906 942 παραγινόμενος
2933 868 2993 933 ἐξ
3019 866 3218 940 Ἑδὼμ,
3247 869 3473 943 ἐρύθημα
3491 877 3592 945 ἱμα-

396 980 543 1030 nem,
575 971 630 1021 et
663 965 967 1035 passionem
994 1007 1011 1034 ,
1064 974 1119 1022 et
1152 965 1220 1021 ad
1249 974 1497 1024 mortuos
1540 967 1962 1034 descensionem,

2074 965 2221 1029 τίων,
2269 985 2287 1018 ι
2322 965 2392 1036 (ὃ
2418 963 2778 1036 ἑρμηνεύεται
2815 961 3067 1034 γήϊνος-δ
3098 954 3120 1013 ἰ
3148 960 3385 1033 ἐρύθημα
3409 966 3597 1037 ἱματίων

396 1054 695 1110 admiratus
749 1053 1208 1124 pulchritudinem
1261 1064 1316 1112 et
1373 1056 1626 1114 decorem
1674 1055 1962 1114 Salvatoris

2073 1059 2137 1111 ἐκ
2163 1058 2333 1129 Βοσόρ
2352 1076 2364 1089 ·
2399 1057 2570 1120 οὕτως
2602 1055 2799 1127 ὡραῖος
2836 1056 2891 1108 ἐν
2912 1054 2975 1127 (f.
2999 1052 3067 1108 60
3094 1052 3178 1126 νο)
3211 1055 3392 1127 στολῇ;
3421 1076 3441 1108 ι
3460 1059 3598 1114 Τοῦτο

395 1148 516 1203 sine
553 1148 661 1201 ulla
682 1147 1081 1213 commistione,
1116 1162 1292 1223 neque
1321 1164 1534 1221 rugam,
1564 1165 1741 1221 neque
1791 1166 1962 1206 macu.

2071 1150 2128 1203 δὲ
2162 1150 2332 1204 ἔοικεν
2376 1148 2653 1223 εἰρηκέναι
2687 1146 3091 1219 ἀποθαυμάζων
3136 1146 3197 1199 τὸ
3240 1148 3331 1200 καὶ
3370 1149 3491 1219 μετὰ
3521 1150 3599 1222 τὴν

393 1238 523 1303 lam,
551 1256 729 1311 neque
775 1240 1172 1297 deformitatem
1215 1255 1249 1296 e
1297 1242 1545 1298 terrestri
1590 1243 1962 1315 corporaliqne

2070 1241 2480 1314 ἐνανθρὼπησιν
2510 1241 2602 1294 καὶ
2659 1240 2758 1313 τὴν
2786 1240 3033 1305 κένωσιν,
3065 1241 3159 1294 καὶ
3183 1242 3276 1312 τὴν
3298 1241 3383 1293 ἐπὶ
3403 1242 3492 1311 γῆς
3508 1243 3598 1296 δια-

392 1331 727 1388 habitatione
768 1334 977 1389 medias
1010 1332 1148 1388 inter
1206 1348 1293 1389 res
1328 1333 1609 1390 hominum
1662 1337 1962 1393 consecuti.

2068 1334 2279 1407 τριϐὴν,
2315 1334 2408 1387 καὶ
2455 1333 2591 1403 μετά
2632 1331 2694 1385 τὸ
2735 1330 2903 1395 πάθος
2951 1331 3046 1384 καὶ
3069 1330 3166 1402 τὴν
3194 1330 3404 1385 κάθοδον
3432 1331 3515 1403 τὴν
3538 1335 3596 1396 εἰς

392 1422 505 1502 imo
539 1424 911 1481 fortitudinem
956 1425 1076 1496 ejus
1120 1441 1446 1497 magnopere
1499 1429 1801 1485 admiratur
1824 1470 1839 1497 ,
1875 1432 1962 1502 qui

2068 1427 2313 1497 νεκροὺς,
2345 1426 2544 1497 ὡραῖον
2576 1424 2670 1478 καὶ
2702 1423 2951 1495 λαμπρὸν
2999 1422 3092 1476 τοῦ
3136 1423 3359 1487 κάλλους
3399 1422 3482 1476 τοῦ
3508 1425 3597 1479 Σω-

391 1500 606 1573 οωίιειιι
640 1517 838 1573 diaboli
868 1518 1165 1574 exercitum
1204 1520 1516 1581 debellavit.
1551 1524 1715 1580 Addit
1754 1500 1920 1597 igitur
1951 1545 1962 1580 :

2065 1517 2232 1590 τῆρος
2270 1519 2326 1570 ἐν
2367 1516 2555 1589 μηδενὶ
2588 1513 2966 1586 συγχυθέντος,
3002 1515 3137 1585 μηδέ
3165 1513 3330 1586 ῥύπον
3366 1515 3489 1586 μήτε
3518 1515 3601 1586 μὴν

394 1628 413 1662 ι
445 1608 579 1674 Quis
606 1610 710 1664 iste
739 1609 1015 1666 formosus
1054 1610 1111 1666 in
1146 1612 1285 1667 stola
1308 1628 1427 1678 sua,
1459 1614 1716 1686 gradiens
1746 1615 1801 1671 in
1834 1617 1962 1671 mul-

2065 1607 2257 1679 κηλῖδα
2284 1608 2376 1661 καὶ
2401 1604 2585 1660 σπῖλον
2612 1607 2719 1660 ἀπὸ
2744 1605 2843 1677 τῆς
2875 1604 3062 1675 ὑλικῆς
3087 1606 3182 1659 καὶ
3214 1604 3504 1675 σωματικῆς
3527 1621 3602 1657 κα-

390 1705 620 1761 titudine
641 1704 981 1763 fortitudinis
1006 1707 1162 1763 suae?
1194 1725 1213 1759 ι
1245 1705 1327 1761 Ad
1371 1722 1536 1777 quam
1580 1707 1962 1779 interrogatio-

2063 1698 2374 1762 ταστάσεως
2406 1698 2513 1750 τῶν
2542 1715 2599 1750 τε
2630 1697 2833 1769 γηΐνων
2875 1697 2969 1751 καὶ
3010 1696 3357 1768 ἀνθρωπείων
3390 1695 3605 1767 πραγμά-

387 1812 508 1851 nem
531 1795 779 1853 Salvator
796 1797 1316 1868 respondet,docens
1332 1799 1456 1869 quis
1472 1797 1962 1870 esset,dicensque:

2072 1805 2178 1841 των
2201 1787 2593 1860 ἀναδεξαμένου
2619 1805 2633 1819 ·
2670 1787 2749 1841 ἔτι
2777 1788 2835 1841 δέ
2861 1788 2953 1840 καὶ
2979 1786 3077 1859 τὴν
3110 1789 3262 1859 ἰσχὺν
3291 1786 3443 1841 αὐτοῦ
3468 1803 3606 1841 κατα-

392 1907 411 1941 ι
445 1887 555 1959 Ego
582 1889 676 1960 qui
703 1891 895 1961 loquor
927 1889 1219 1959 justitiam,
1250 1900 1305 1946 et
1341 1903 1712 1962 propugnator
1750 1907 1871 1947 sum
1898 1889 1962 1947 ad

2068 1880 2450 1953 πληττόμενος,
2479 1883 2576 1952 τὴν
2601 1883 2777 1935 πᾶσαν
2817 1880 2912 1934 τοῦ
2952 1881 3200 1935 διάϐολοι)
3234 1880 3477 1953 στρατιὰν
3495 1896 3605 1933 κατ-

2066 1973 2492 2043 αγωνισαμένου.
2527 1971 2805 2042 Ἐπιφέρει
2838 1970 2920 2035 τὸ,
2958 1990 2974 2023 ι
3006 1969 3196 2035 Οὕτως
3220 1972 3410 2043 ὡραῖος
3437 1974 3488 2023 ἐν
3511 1985 3607 2022 στο-

2064 2061 2152 2135 λῇ,
2173 2063 2265 2136 βία
2301 2063 2438 2134 μετὰ
2473 2063 2688 2133 ἰσχύος;
2716 2082 2735 2115 ι
2762 2064 2899 2135 πρὸς
2927 2065 2991 2135 ἢν
3023 2062 3219 2117 πεῦσιν
3244 2066 3272 2117 6
3299 2062 3475 2134 Σωτὴρ
3498 2062 3607 2115 ἀπο-

2064 2156 2328 2227 κρίνεται,
2357 2156 2622 2210 διδάσκων
2652 2156 2800 2221 ὅστις
2830 2157 2962 2211 ποτέ
2993 2158 3101 2228 εἴη,
3133 2157 3228 2211 καί
3259 2173 3469 2226 φησιν-ι
3490 2151 3604 2222 Ἐγὼ

2062 2248 2376 2320 διαλέγομαι
2402 2249 2767 2323 δικαιοσύνην,
2803 2251 2898 2305 καὶ¹
2924 2255 3097 2323 κρῖμα
3127 2249 3439 2323 σωτηρίου.»
3467 2247 3608 2301 Πάλιν

2062 2340 2119 2393 δέ
2141 2342 2277 2413 πρὸς
2300 2343 2461 2397 αὐτὸν
2491 2346 2519 2398 6
2559 2343 2721 2412 λόγος
2742 2343 2817 2407 ὡς
2841 2342 2930 2397 διὰ
2956 2344 3017 2397 τὸ
3044 2326 3218 2406 πάθος
3244 2342 3392 2413 φησί·
3422 2359 3439 2391 ι
3466 2338 3550 2393 Διά
3564 2337 3607 2391 τι

2064 2435 2158 2488 σοῦ
2187 2435 2395 2506 ἐρυθρά
2419 2440 2488 2490 τὰ
2525 2437 2751 2508 ἱμάτιας
2786 2437 2916 2490 »καὶ
2938 2436 3006 2489 τὰ
3032 2435 3183 2506 ἑξῆς.
3214 2431 3315 2489 Οἷα
3329 2429 3607 2505 γὰρ’Ᾱμνδς

2060 2526 2155 2580 τοῦ
2186 2527 2343 2592 Θεοῦ,
2372 2528 2509 2600 ἄρας
2537 2530 2616 2593 εἰς
2649 2528 2836 2583 ἐαδτδν
2862 2528 2960 2593 τάς
2989 2528 3270 2600 ἁμαρτίας
3296 2525 3385 2579 τοῦ
3409 2524 3604 2593 κόσμου,

2061 2621 2124 2673 ἐκ
2155 2620 2261 2673 τῶν
2288 2621 2567 2693 ἡμετέρων
2600 2620 2885 2693 ἁμαρτιῶν
2936 2619 3145 2692 ἐρυθρά
3171 2619 3244 2673 τὰ
3276 2617 3455 2688 ἱμάτια
3474 2630 3607 2686 περι,

2061 2710 2282 2765 εϐάλετο
2302 2728 2317 2743 ο
2362 2711 2437 2775 ὡς
2458 2710 2548 2765 διὰ
2589 2709 2748 2764 τοῦτο
2787 2712 2880 2764 καὶ
2906 2710 2964 2763 ἐν
2998 2710 3249 2781 Ζαχαρία
3283 2705 3360 2778 τῷ
3388 2705 3606 2777 προφήτῃ

2059 2803 2311 2872 λέγεσθαι
2351 2803 2448 2857 τόο
2493 2822 2512 2854 ι
2541 2804 2651 2856 Καὶ
2695 2802 2901 2874 Ἰησοῦς
2946 2798 3014 2874 ἧν
3059 2801 3406 2873 ἐνδεδυμένος
3446 2797 3606 2868 ἱμάτια

387 1981 726 2036 salvandum.
767 2000 786 2034 ι
826 1980 1147 2051 Rursusque
1177 1981 1244 2036 ad
1275 1997 1400 2036 eum
1436 1997 1616 2037 sermo
1643 1983 1800 2052 quasi
1844 1999 1967 2053 pro-

386 2080 503 2139 pter
532 2070 841 2141 passionem
870 2069 1002 2124 dicit
1029 2089 1042 2125 :
1074 2088 1093 2122 ι
1122 2070 1300 2136 Quare
1331 2084 1461 2139 ergo
1488 2071 1714 2127 rubrum
1751 2079 1832 2127 est
1880 2073 1969 2125 in.

385 2157 699 2213 dumenlum
733 2158 927 2213 tuum?
964 2177 983 2210 ι
1010 2166 1064 2214 et
1091 2174 1212 2228 qua:
1240 2167 1566 2231 sequuntur.
1612 2161 1780 2228 Quasi
1819 2162 1964 2218 enim

383 2249 572 2318 Agnus
596 2247 710 2314 Dei,
737 2251 933 2307 tollens
983 2251 1038 2306 in
1067 2252 1304 2322 seipsuln
1344 2260 1565 2324 peccata
1598 2254 1810 2318 mundi,
1840 2270 1957 2325 pec-

383 2341 520 2397 catis
549 2343 756 2397 nostris
783 2343 948 2397 rubra
992 2342 1169 2398 induit
1220 2344 1565 2401 vestimenta.
1621 2345 1965 2417 Quapropter

382 2440 437 2487 et
463 2433 517 2488 in
550 2433 815 2489 Zacharia
846 2435 1107 2505 propheta
1142 2436 1382 2492 dicitur:
1418 2455 1437 2488 ι
1464 2435 1627 2495 Jesus
1657 2448 1776 2494 erat
1802 2440 1963 2493 indu-

372 2530 472 2582 tus
500 2526 743 2581 vestibus
781 2526 1018 2583 sordidls
1049 2528 1089 2581 ί.
1136 2547 1156 2581 ι
1192 2527 1318 2583 Haec
1347 2529 1492 2584 enim
1527 2539 1683 2585 erant
1708 2539 1963 2600 peetzato-

377 2629 499 2671 rum
532 2624 844 2670 nostrorum
874 2616 1216 2674 indumenta.
1247 2616 1371 2674 Ideo
1405 2620 1567 2689 paulo
1594 2621 1847 2690 superius
1877 2622 1962 2676 di-

378 2716 526 2761 ctum
561 2716 718 2763 erat:
756 2727 775 2759 ι
808 2707 907 2763 llic
939 2708 1255 2779 iniquitates
1304 2720 1523 2766 nostras
1571 2712 1724 2775 tulit,
1769 2720 1825 2766 et
1860 2727 1961 2782 pro

379 2797 537 2853 nobis
562 2812 758 2869 passus
787 2806 891 2855 est.
940 2818 959 2852 ι
993 2799 1113 2871 Ipse
1139 2800 1284 2856 enim
1316 2821 1334 2853 ι
1364 2802 1706 2872 iniquitatem
1747 2818 1854 2856 non
1881 2802 1957 2858 fe-

376 2889 474 2951 cit,
504 2906 679 2961 neque
704 2891 959 2948 inventus
978 2900 1063 2950 est
1085 2893 1243 2950 dolus
1264 2893 1319 2948 in
1346 2910 1440 2950 ore
1459 2894 1581 2963 ejus
1610 2897 1650 2946 ².
1697 2912 1717 2946 ι
1756 2894 1956 2950 lterum

2062 2897 2279 2967 ῥυπαρά
2326 2915 2345 2948 ι
2385 2895 2568 2948 Ταῦτα
2593 2896 2636 2948 δ’
2660 2891 2727 2967 ἧν
2756 2894 2826 2948 τά
2855 2896 2915 2947 ἐκ
2940 2893 3049 2948 τῶν
3076 2893 3364 2965 ἡμετέρων
3394 2891 3607 2960 ἁμαρτη-

380 2980 631 3037 Salvator
682 2983 1095 3054 interrogationi
1125 2987 1482 3054 respondens,
1514 2983 1656 3039 unde
1679 2985 1846 3040 rubra
1878 2986 1955 3041 fa-

2062 2987 2244 3058 μάτων
2265 2987 2535 3059 ἐνδύματα
2554 3005 2567 3019 ’
2592 2988 2660 3040 δι’
2677 2988 2711 3042 ἃ
2739 2987 2918 3059 μικρῷ
2952 2986 3192 3059 πρόσθεν
3224 2985 3437 3053 ἐλέγετο
3455 2999 3469 3013 ⁸
3488 3000 3505 3032 ι
3522 2973 3603 3033 Oi).

376 3083 463 3127 cta
493 3074 603 3129 sint
637 3074 958 3130 vestimenta
1012 3090 1112 3129 sua
1152 3075 1311 3130 docet
1363 3076 1552 3131 dicens
1584 3094 1598 3130 :
1637 3095 1656 3128 ‹
1707 3076 1750 3129 Ε
1778 3079 1953 3148 genti-

2062 3098 2147 3144 τος
2177 3079 2273 3144 τὰς
2306 3080 2577 3153 ἁμαρτίας
2605 3081 2761 3152 ἡμῶν
2792 3079 2964 3151 φέρει,
2997 3081 3090 3133 καὶ
3114 3079 3250 3151 περὶ
3277 3076 3430 3148 ήμῶν
3447 3073 3603 3127 ὀδυνᾶ-

375 3166 498 3221 bus.
540 3184 558 3216 ι
593 3164 740 3232 Quas
774 3166 991 3236 quidem
1021 3174 1230 3237 gentes,
1277 3168 1428 3223 nullo
1463 3168 1742 3224 hominum
1775 3172 1825 3226 ei
1859 3187 1955 3226 au-

2062 3190 2164 3227 ται.
2199 3192 2217 3223 ι
2245 3150 2544 3246 Αύτδςνγάρ
2703 3192 2720 3224 ι
2751 3150 3022 3245 ἁμαρτίαν
3063 3172 3166 3226 οὐκ
3198 3150 3483 3242 ἐποίησεν,
3509 3163 3607 3239 ούᾷ

374 3257 620 3319 ιῑιίίιηιε,
646 3256 795 3313 solus
832 3257 1143 3323 constituit,
1195 3258 1431 3314 refracta
1463 3261 1826 3332 malignorum
1857 3264 1953 3319 ad-

2062 3264 2252 3335 εὑρέθη
2279 3264 2426 3327 δόλος
2459 3266 2515 3317 ἐν
2544 3262 2619 3333 τῷ
2651 3264 2880 3335 στόματι
2920 3262 3103 3317 αὐτοῦ.
3135 3281 3155 3314 ι
3207 3262 3378 3315 Πάλιν
3403 3261 3443 3328 δ’
3462 3260 3488 3311 6
3513 3258 3608 3310 Σω-

373 3348 844 3418 versariorumque
872 3348 1163 3419 spirituum
1194 3350 1449 3408 universa
1482 3361 1772 3422 potestate.

2062 3356 2155 3430 τὴρ
2188 3356 2545 3428 ἀμειϐόμενος
2571 3356 2670 3430 τὴν
2698 3354 2986 3428 ἐρώτησιν,
3014 3356 3134 3410 ὅθεν
3188 3348 3394 3428 ἐρυθρά
3429 3351 3610 3423 γένοιτο

370 3443 534 3498 αὑτοῦ
562 3445 635 3498 τὰ
682 3444 874 3517 ῐμάτια
917 3445 1154 3500 διδάσκει
1180 3445 1374 3515 λέγων,
1407 3466 1426 3500 ι
1465 3447 1561 3501 Ἐκ
1585 3449 1693 3503 τῶν
1725 3448 1919 3504 ἐθνῶν.
1948 3469 1968 3503 ι
2007 3450 2186 3523 ’Δπερ
2215 3451 2363 3524 ἔθνη,
2398 3451 2626 3524 μηδενὸς
2677 3448 2977 3524 ἀνθρώπων
3013 3449 3162 3522 αύτῷ
3229 3445 3608 3521 συνεργοῦντος,

374 3542 535 3613 μόνος
562 3542 846 3608 ὑπέταξεν,
876 3543 1272 3614 καταπατήσας
1305 3542 1403 3614 τὴν
1461 3543 1843 3617 ἀντικειμένην
1896 3549 2076 3602 πᾶσαν
2126 3547 2357 3620 δύναμιν
2397 3549 2506 3603 τῶν
2554 3547 2827 3620 πολεμίων
2862 3547 3011 3620 αὐτῷ
3064 3547 3327 3621 πονηρῶν
3391 3540 3608 3613 πνευμά-

369 3655 500 3695 των.

895 3751 1122 3808 CAPUT
1178 3751 1419 3811 XXXIV.

2564 3750 2864 3807 ΚΕΦΑΛΔΙ
2872 3750 2960 3803 ΟΝ
2999 3750 3118 3805 ΛΔ’.

445 3863 464 3897 ι
504 3843 570 3900 Et
593 3845 914 3902 recordatus
941 3855 1023 3901 est
1046 3846 1258 3902 dierum
1289 3862 1611 3903 saeculorum
1645 3865 1658 3901 :
1692 3848 1784 3919 qui
1816 3847 1950 3903 edu-

2128 3866 2148 3899 ι
2178 3848 2289 3900 Καὶ
2317 3843 2562 3917 ἐμνήσθη
2600 3843 2804 3917 Κύριος
2832 3841 3052 3914 ἡμερῶν
3080 3841 3351 3894 αἰωνίωνο
3378 3843 3406 3894 6
3437 3840 3602 3894 ἀναϐι-

366 3939 446 3994 xit
475 3955 505 3994 e
533 3948 674 3995 terra
714 3946 991 4010 pastorem
1023 3941 1207 3995 ovium
1240 3954 1494 4011 magnum
1521 3980 1537 4006 ,
1570 3941 1860 4012 posuitque
1888 3943 1945 3996 in

2062 3940 2221 4005 δάσας
2254 3942 2318 3993 ἐκ
2338 3939 2438 4009 τῆς
2462 3938 2564 4009 γῆς
2585 3937 2675 3991 τὸν
2700 3936 2933 4006 ποιμένα
2961 3932 3071 3986 τῶν
3098 3933 3391 4006 προϐάτων
3416 3933 3501 3986 τὸν
3524 3931 3607 4002 μέ-

365 4031 546 4087 medio
574 4048 761 4087 eorum
802 4031 1063 4103 Spiritum
1095 4041 1346 4087 sanctum
1388 4049 1547 4090 suum
1577 4034 1618 4091 ⁸.
1656 4054 1675 4086 ι
1722 4033 1789 4088 Ει
1818 4035 1942 4104 quis

2062 4051 2168 4102 (αν,
2202 4035 2230 4087 6
2262 4033 2373 4095 θεὶς
2404 4032 2462 4084 ἐν
2489 4032 2668 4093 αὐτοῖς
2694 4029 2755 4083 τὸ
2794 4027 3018 4099 Πνεῦμα
3045 4026 3107 4080 τὸ
3140 4028 3322 4096 ἆγιον.
3352 4045 3371 4078 ι
3406 4026 3509 4080 Καὶ
3532 4023 3602 4087 τίς

363 4123 505 4179 alius
534 4135 675 4180 esset
700 4139 732 4177 a
760 4122 988 4179 Domino
1020 4124 1089 4181 de
1116 4133 1262 4180 terra
1310 4126 1541 4182 eductus
1601 4133 1788 4196 pastor
1843 4125 1940 4183 Dei

2062 4123 2108 4177 ἰν
2135 4123 2291 4187 ἄλλος
2321 4122 2405 4195 εἴη
2433 4125 2461 4175 ὁ
2485 4120 2591 4176 ὑπὸ
2617 4120 2711 4173 τοῦ
2742 4119 2951 4189 Κυρίου
2993 4117 3391 4182 ἀναϐιϐασθεὶς
3427 4119 3487 4171 ἐκ
3519 4116 3602 4186 τῆς

361 4217 566 4285 ovium,
592 4218 698 4274 nisi
734 4218 981 4275 Salvator
1009 4228 1217 4284 noster,
1258 4219 1351 4289 qui
1391 4218 1542 4274 venit
1573 4218 1643 4274 ad
1695 4219 1937 4289 perditas

2062 4215 2147 4285 (ἧς
2170 4215 2370 4287 ποιμὴν
2390 4213 2498 4267 τῶν
2520 4210 2613 4267 τοῦ
2638 4211 2771 4265 Θεοῦ
2798 4210 3107 4283 προϐάτων,
3125 4210 3204 4282 iis
3233 4210 3473 4281 Σωτὴρή
3480 4206 3596 4277 μῶν,

362 4323 491 4365 oves
521 4311 714 4367 domus
740 4310 946 4368 lsrael?
995 4310 1095 4366 ilic
1146 4318 1229 4367 est
1271 4311 1448 4367 bonus
1477 4317 1686 4381 pastor,
1718 4309 1809 4381 qui
1839 4324 1939 4380 po-

2062 4312 2070 4357 ι
2098 4305 2265 4361 ἐλθὼν
2313 4305 2407 4359 ἐπὶ
2449 4305 2515 4359 τὰ
2562 4302 2877 4358 ἀπολωλότα
2907 4302 3155 4374 πρόϐατα
3186 4303 3340 4356 οἴκου
3370 4297 3598 4374 Ἰσραήλ;

361 4401 473 4456 suit
496 4403 731 4458 animam
760 4418 916 4458 suam
944 4419 1043 4475 pro
1070 4402 1288 4464 ovibus.
1308 4420 1471 4476 quem
1502 4401 1664 4457 Pater
1685 4403 1937 4458 eductum

2062 4393 2208 4464 ὶῦτος
2261 4398 2362 4469 γάρ
2403 4399 2549 4452 ἐστιν
2581 4397 2609 4449 6
2638 4396 2803 4460 καλὸς
2831 4396 3056 4467 ποιμὴν,
3088 4396 3119 4449 6
3147 4393 3269 4458 θεὶς
3306 4392 3405 4464 τὴν
3441 4389 3599 4461 ψυχὴν

360 4492 426 4548 de
443 4501 591 4548 terra
617 4494 894 4559 exaltavit,
924 4513 943 4546 ι
980 4502 1033 4550 et
1073 4492 1298 4549 donavit
1327 4494 1406 4549 illi
1447 4510 1646 4550 nomen
1669 4492 1816 4566 quod
1857 4501 1942 4550 est

2062 4492 2204 4546 ιὺτοῦ
2249 4492 2390 4563 ὑπὲρ
2430 4490 2539 4544 τῶν
2587 4488 2897 4561 προϐάτων,
2926 4488 2985 4541 δν
3007 4490 3037 4541 ό
3060 4486 3258 4559 Πατὴρ
3286 4483 3600 4543 ἀναϐιϐάσας

358 4599 524 4652 super
545 4599 707 4641 omne
736 4600 934 4642 nomen
965 4586 1006 4640 ⁸.
1039 4605 1058 4639 ι

2062 4602 2105 4637 ικ
2124 4584 2221 4654 τῆς
2248 4583 2352 4654 γῆς
2374 4581 2723 4653 ύπερύψωσε,
2746 4600 2765 4632 ι
2788 4581 3153 4653 χαρισάμενος
3179 4578 3335 4650 αύτῷ
3372 4577 3432 4632 τὸ
3447 4577 3598 4645 ὄνομα

2039 4675 2101 4730 τὸ
2123 4676 2264 4747 ὑπὲρ
2292 4677 2398 4729 πᾶν
2425 4675 2612 4745 ὄνομα.
2638 4692 2656 4725 ι

898 4764 1128 4821 CAPUT
1158 4763 1377 4821 XXXV.

2554 4763 2952 4818 ΚΕΦΑΛΛΙΟΝ
2989 4763 3113 4817 ΔΕ¹.

432 4872 454 4908 σ
484 4854 694 4911 Civitas
721 4853 905 4912 Sancti
929 4857 1009 4912 tui
1041 4856 1181 4913 facta
1212 4860 1316 4913 'est
1363 4857 1580 4914 deserta
1604 4899 1620 4924 ,
1673 4858 1805 4914 Sion
1848 4857 1940 4915 de-

2113 4878 2132 4909 ι
2164 4858 2324 4922 Πόλις
2363 4858 2457 4911 τοῦ
2497 4856 2679 4925 Ἀγίου
2723 4872 2814 4908 σου
2859 4854 3092 4927 ἐγενήθη
3119 4853 3352 4925 ἔρημος,
3382 4845 3597 4909 Σιὼνὼς

356 4954 504 5002 serta
552 4945 696 5002 facta
751 4955 869 5012 est,
930 4946 1230 5004 Jerusalem
1282 4950 1526 5006 desolata
1573 4959 1674 5006 est.
1734 4950 1935 5007 Domus

2067 4968 2239 5023 ρημος
2269 4950 2519 5023 ἐγενήθη,
2536 4946 2885 5020 Ἰερουσαλὴμ
2914 4947 2994 5010 εἰς
3019 4946 3266 5016 κατάραν
3286 4962 3301 4975 ·
3332 4947 3361 4997 6
3388 4937 3523 5001 οἶκος
3541 4936 3596 4987 τὸ

356 5035 809 5094 sanctiﬁcationis
869 5050 1109 5104 nostrae,
1183 5048 1238 5095 et
1297 5043 1484 5112 gloria:
1544 5052 1776 5108 nostrae,
1839 5042 1933 5098 ubi

2062 5060 2189 5113 ιγιον
2217 5043 2396 5113 ήμῶν,
2425 5042 2520 5096 καὶ
2555 5042 2588 5111 ή
2630 5040 2776 5106 δόξα,
2806 5039 2873 5111 ἢν
2922 5038 3233 5110 ηὑλόγησαν
3276 5038 3328 5090 οἱ
3381 5032 3599 5100 πατέρες

360 5126 716 5183 laudaveram
745 5136 797 5183 te
820 5137 1003 5199 patres
1033 5132 1238 5197 nostri,
1280 5130 1425 5188 facta
1468 5143 1553 5190 est
1598 5134 1655 5188 in
1688 5135 1932 5190 exustio-

2062 5164 2064 5205 ι
2076 5135 2211 5207 μῶν,
2253 5135 2482 5207 ἐγενήθη
2533 5134 2923 5206 πυρίκαυστος,
2954 5133 3049 5186 καὶ
3090 5130 3274 5184 πάντα
3302 5129 3370 5183 τὰ
3394 5120 3594 5185 ἐπίδοξα

356 5231 481 5272 nem
521 5217 664 5290 ignis
692 5260 707 5285 ,
755 5227 809 5275 et
854 5222 1035 5275 omnia
1093 5222 1481 5280 desiderabilia
1543 5234 1731 5280 nostra
1772 5240 1930 5281 versa

2062 5246 2069 5296 ί
2078 5225 2193 5297 μῶν
2208 5227 2334 5279 συνέ
2342 5241 2528 5279 πεσανο
2546 5224 2641 5280 καὶ
2655 5224 2747 5277 ἐπὶ
2758 5225 2891 5277 πᾶσι
2906 5223 3110 5286 τούτοις
3137 5221 3397 5291 ἀνέσχον,
3416 5216 3593 5286 Κύριε,

359 5310 567 5365 suntin
600 5314 809 5369 ruinas.
840 5312 1096 5369 hunnnid
1148 5332 1311 5387 super
1355 5317 1442 5374 bis
1482 5318 1793 5373 continebis
1842 5327 1930 5385 te,

2062 5317 2131 5370 ιαὶ
2148 5316 2460 5389 ἐσιώπησας
2474 5334 2486 5347 ·
2507 5316 2601 5370 καὶ
2629 5315 3001 5378 ἐταπείνωσας
3023 5313 3167 5385 ἡμᾶς
3197 5311 3309 5375 ἐως
3338 5308 3549 5379 σφόδρα.
3571 5321 3588 5353 ι

356 5395 615 5456 Domine:
650 5405 857 5460 tacebis
898 5414 952 5460 et
990 5405 1192 5477 aﬂiiges
1220 5423 1324 5465 nos
1346 5410 1694 5465 vehementer
1714 5409 1775 5463 ‘1'
1812 5428 1832 5462 ι
1861 5439 1933 5448 -

2062 5441 2101 5480 έ
2121 5428 2139 5460 ι
2163 5409 2444 5480 Ἐμφανὴς
2464 5406 2728 5480 ἐγενήθην
2748 5406 2861 5471 τοῖς
2883 5404 2986 5475 ἐμὲ
3013 5402 3088 5475 μὴ
3107 5400 3462 5474 ἐπερωτῶσιν
3479 5413 3495 5427 ο
3515 5394 3595 5446 εύ-

360 5507 384 5544 ι
419 5491 743 5553 Manifestus
766 5497 944 5555 factus
972 5517 1092 5557 sum
1118 5500 1186 5556 iis
1209 5503 1303 5574 qui
1324 5516 1435 5557 non
1465 5509 1591 5558 ante
1622 5503 1927 5572 interroga-

2062 5479 2198 5572 ιέθην
2243 5504 2355 5564 τοῖς
2388 5479 2489 5571 ἐμὲ
2521 5498 2594 5571 μὴ
2614 5479 2906 5568 νζητοῦσινο
2937 5492 3093 5549 εἶπαο
3131 5490 3267 5547 Ἰδού
3309 5493 3425 5563 εἰμι
3465 5485 3592 5539 ἔθνει

354 5581 486 5638 bant
512 5599 630 5640 me:
666 5587 992 5647 invenerunt
1013 5593 1107 5661 qui
1131 5608 1241 5647 non
1272 5594 1607 5665 quasierunt
1634 5610 1723 5650 me
1747 5612 1764 5650 :
1784 5593 1929 5650 dixi:

2062 5593 2081 5645 ἳ
2106 5593 2205 5646 οὐκ
2230 5591 2628 5645 ἐπεκαλέσαντὸ
2661 5607 2761 5662 μου
2795 5588 2856 5642 τὸ
2883 5589 3084 5659 ὄνομαο
3106 5585 3202 5639 ἐπὶ
3234 5584 3293 5639 δὲ
3334 5582 3395 5638 σὲ
3420 5574 3597 5647 ἐξεπέκ

426 5736 445 5765 ί
481 5733 647 5789 Zach.
683 5751 776 5801 ιιι,
808 5739 863 5794 4.
940 5744 959 5774 ²
997 5743 1016 5797 1
1046 5742 1165 5798 Pett
1230 5761 1305 5812 ιι,
1335 5746 1424 5804 22.
1507 5751 1530 5783 ³
1569 5749 1671 5805 lsa.
1713 5762 1878 5817 LXIII,
1909 5749 1962 5821 All

2085 5748 2108 5781 ⁸
2145 5748 2286 5807 Phil.
2322 5764 2397 5819 ιι,
2426 5748 2482 5806 9.
2579 5813 2586 5821 _
2616 5763 2723 5807 rsa.
2758 5765 2910 5818 LXIV,
2946 5745 3126 5804 10—12.
