3926 6260
326 368 467 426 isss
1066 360 1334 418 EUSEBII
1370 357 1845 429 CESARIENSIS
1883 356 2036 417 opp.
2073 357 2255 413 PARS
2296 358 2381 413 In.
2423 390 2492 400 -
2527 348 2937 416 EXEGETICA.
3435 369 3560 424 iam

327 488 450 542 vide
504 483 721 555 quidem
773 480 1012 535 Samuel.
1053 475 1290 542 Natban,
1324 476 1479 545 Gad;
1522 477 1624 534 sub
1662 475 1904 532 Roboam

2034 476 2098 530 '05
2133 475 2313 541 Δαυῖδ,
2347 475 2702 547 Σαμουὴλκαὶ
2732 476 2939 543 Νάθαν,
2978 477 3070 530 καὶ
3106 477 3211 532 Γάδ
3237 495 3250 509 ’
3287 478 3380 532 ἐπὶ
3404 480 3459 534 δὲ
3480 478 3566 538 τοῦ

324 596 458 638 vero
499 587 553 634 et
600 577 733 631 Abia
769 582 823 630 et
867 574 995 636 Asa,
1046 571 1248 628 Achias
1299 571 1589 651 Silonites,
1642 570 1913 629 Samaias.

2034 568 2263 639 Ῥοϐοάμ
2312 568 2404 622 καὶ
2439 567 2591 622 Ἀϐιά
2618 570 2710 623 καὶ
2775 569 2926 635 Ἀσὰ,
2978 570 3162 640 Ἀχίας
3192 572 3221 623 ὁ
3259 572 3568 646 Σελωνίτης,

330 673 524 737 Addo,
562 671 823 731 Azarias,
878 665 1096 730 Anani;
1156 665 1260 721 sub
1303 663 1568 735 Josaphat
1626 671 1807 718 autem
1862 672 1918 718 et

2034 660 2111 712 ια).
2139 660 2403 729 Σαμαίας,
2439 661 2533 713 καὶ
2568 653 2751 724 ’Δδδὼ,
2773 660 2865 713 καὶ
2899 659 3172 730 Ἀζαρίας,
3202 663 3297 716 καὶ
3343 665 3569 720 Ἀνανεί·

333 765 538 827 Achab,
573 761 742 826 Elias,
782 759 1030 824 Eliszeus,
1076 766 1130 813 et
1170 758 1265 828 qui
1318 759 1603 813 victoriam
1646 757 1713 812 de
1765 754 1916 827 Syris

2034 752 2105 803 ιπὶ
2156 750 2211 804 δὲ
2262 750 2353 825 τοῦ
2416 750 2679 821 Ἰωσαφὰθ
2731 752 2825 806 καὶ
2860 752 2953 805 τοῦ
3005 754 3228 823 ’Δχαᾶ6,
3275 756 3457 821 Ἠλίας
3485 759 3573 814 καὶ

334 854 554 909 Achabo
607 854 878 924 praedixit,
918 852 1120 923 quique
1165 851 1268 906 sibi
1316 850 1419 922 ipsi
1460 850 1659 905 vulnus
1700 848 1913 913 inﬂixit,

2034 843 2306 907 Ἐλισαῖος,
2340 844 2431 896 καὶ
2479 844 2507 895 ό
2550 845 2929 916 προφητεύσας
2962 845 3038 917 τῷ
3094 847 3298 919 Ἀχαὰϐ
3332 851 3574 924 περὶτῆς

332 956 387 999 et
416 947 508 1017 qui
541 946 825 1002 Achabum
856 942 1227 1015 reprehendit,
1258 952 1312 997 et
1358 941 1494 997 Jchu
1540 942 1682 997 ﬁlius
1717 941 1914 1006 Anani,

2034 934 2231 1005 Ξυρίας,
2261 935 2353 988 καὶ
2380 937 2407 988 ὁ
2432 933 2671 1000 πατάξας
2702 937 2891 991 ἑαυτὸν
2911 939 3205 1011 τραύματι,
3241 942 3336 995 καὶ
3355 942 3572 1012 ἐλέγξας

342 1047 399 1094 et
429 1037 578 1094 Oziel
615 1046 675 1093 et
709 1036 936 1091 Eliada:
978 1050 1210 1106 quorum
1254 1034 1401 1088 nulla
1441 1041 1655 1089 exstant
1697 1035 1915 1104 propria

2034 1027 2104 1081 :ov
2138 1027 2359 1097 Ἀχαὰϐ,
2393 1028 2485 1081 καὶ
2519 1028 2620 1081 Ἰοὺ
2649 1031 2679 1082 ὁ
2702 1029 2794 1082 τοῦ
2823 1031 2996 1102 Ἀμεὶ,
3038 1031 3189 1109 [nota
3228 1033 3283 1089 in
3312 1036 3572 1107 margine,

336 1130 559 1199 scripta,
589 1126 687 1182 sed
725 1140 1009 1181 sermones
1044 1110 1269 1179 tantum‘
1300 1124 1569 1187 nonnulli,
1603 1124 1698 1194 qui
1724 1124 1779 1178 in
1808 1121 1915 1178 Re-

2034 1117 2226 1189 'Avavl.]
2263 1120 2355 1172 καὶ
2415 1118 2618 1190 Ὀζιὴλ,
2662 1118 2755 1172 καὶ
2796 1121 3039 1175 Ἐλιαδὰ·
3091 1123 3204 1177 ἀλλ’
3247 1126 3310 1178 ού
3356 1127 3574 1198 φέρεται

334 1239 459 1293 gum
510 1231 563 1277 et
615 1219 1069 1291 Paralipomenon
1132 1218 1375 1273 historiis
1437 1218 1708 1287 leguntur.
1770 1214 1914 1271 Inter

2034 1209 2218 1262 τούτων
2272 1209 2378 1263 ἴδια
2431 1210 2876 1281 συγγράμματα’
2919 1215 2967 1266 εί
3006 1214 3080 1285 μὴ
3126 1216 3284 1285 μόνον
3340 1218 3389 1270 οἱ
3436 1217 3574 1288 λόγοι

335 1332 430 1372 eos
463 1322 668 1379 autem,
699 1313 795 1384 qui
821 1313 1017 1368 litteris
1043 1310 1369 1365 mandarunt
1396 1307 1622 1379 aliquid,
1655 1321 1914 1378 quorum-

2034 1301 2194 1354 ιύτῶν
2245 1304 2303 1355 ὲν
2348 1303 2470 1364 ταῖς
2513 1300 2817 1366 Βασιλείαις
2861 1304 2955 1357 καὶ
3012 1308 3130 1369 ταῖς
3167 1307 3575 1381 Παραλειπομέ-

336 1424 440 1480 que
474 1407 678 1478 scripta
703 1414 939 1469 exstant,
968 1403 1125 1477 primi
1158 1410 1286 1457 sunt
1316 1399 1455 1456 Osce
1482 1410 1536 1455 et
1574 1400 1764 1455 Isaias.
1798 1399 1911 1456 Sub

2034 1408 2149 1455 παις.
2192 1391 2280 1443 Ἐν
2310 1390 2368 1442 δὲ
2398 1393 2513 1453 τοῖς
2560 1391 2958 1466 συγγράψασιν,
2980 1387 3054 1448 ὧν
3083 1395 3177 1448 καὶ
3201 1396 3271 1450 τὰ
3301 1400 3577 1472 συγγράμμ-

337 1498 529 1553 iisdem
556 1497 702 1553 enim
729 1493 883 1549 Iudae
912 1493 1132 1565 regibus
1161 1489 1315 1555 Ozia,
1350 1489 1622 1557 Joatham,
1651 1489 1830 1545 Achas
1861 1500 1913 1543 et

2034 1500 2160 1537 ιατα
2207 1484 2452 1555 φέρεται,
2485 1482 2690 1555 πρῶτοι
2731 1486 3015 1553 γεγόνασιν
3062 1481 3232 1542 οὗτοι·
3288 1489 3448 1560 Ὠσηὲ
3490 1492 3578 1546 καὶ

337 1591 631 1657 Ezechias;
665 1588 769 1645 sub
807 1586 1130 1642 Ilieroboam
1162 1586 1324 1641 etiam
1369 1582 1498 1638 Joas
1542 1584 1672 1646 ﬁlio,
1704 1584 1796 1652 qui
1824 1598 1911 1639 re-

2034 1575 2273 1638 Ήσαῖας.
2340 1576 2461 1628 Ἐπὶ
2514 1574 2621 1644 γὰρ
2658 1574 2766 1628 τῶν
2810 1576 2990 1630 αὐτῶν
3042 1577 3323 1647 βασιλέων,
3366 1581 3473 1634 τῶν
3519 1598 3580 1636 τε

336 1684 520 1757 gnavit
572 1684 626 1737 in
675 1681 862 1745 Israel,
916 1680 1330 1750 prophetarunt.
1372 1674 1572 1730 Factus
1616 1682 1700 1732 est
1733 1685 1910 1730 autem

2034 1666 2193 1720 Ἰούδα
2220 1666 2417 1731 Ὀζίου,
2451 1669 2544 1721 καὶ
2582 1666 2841 1738 ἰωάθαμ,
2874 1668 3163 1740 καὶἈχὰς,
3191 1672 3287 1724 καὶ
3327 1670 3578 1744 Ἐζηκίου

337 1789 516 1830 sermo
546 1772 758 1828 Domini
790 1772 856 1826 ad
884 1785 1031 1833 eum,
1067 1778 1120 1825 et
1147 1768 1474 1823 vaticinatus
1503 1776 1587 1822 est
1633 1769 1687 1821 in
1726 1782 1910 1823 sacer-

2034 1760 2276 1814 Βασιλέων
2338 1758 2538 1825 Ἰούδα,
2591 1763 2683 1815 καὶ
2735 1763 2793 1815 ὲν
2837 1761 3072 1834 ἡμέραις
3137 1763 3419 1837 Ἱεροσοὰμ
3467 1766 3581 1820 υἱοῦ

335 1858 519 1929 dotes,
562 1867 616 1918 in
668 1864 855 1928 Israel,
900 1864 954 1916 in
1013 1861 1234 1916 domum
1276 1861 1442 1931 regis,
1472 1859 1645 1929 deque
1694 1859 1911 1913 interitu

2034 1850 2174 1915 Ἰὡας
2207 1850 2465 1921 βασιλέως
2524 1850 2737 1923 Ἰσραὴλ
2781 1853 3212 1924 ἐπροφήτευσαν.
3254 1855 3501 1924 Ἐγένετο
3528 1857 3583 1911 δὲ

338 1957 617 2012 Samaria.
682 1954 977 2023 Postquam
1034 1951 1204 2007 etiam
1264 1950 1685 2020 reprehensione
1746 1966 1912 2015 usus,

336 2065 627 2107 mansuros
676 2048 986 2103 incredulos
1016 2061 1140 2101 esse
1187 2043 1486 2111 conclusit;
1523 2042 1819 2099 Ecclesiam
1849 2043 1917 2099 de

335 2144 588 2216 gentibus
618 2157 683 2198 eo
710 2148 961 2196 coactum
995 2139 1060 2193 iri
1100 2136 1425 2208 signiﬁcavit
1449 2178 1463 2202 ,
1491 2135 1638 2206 quod
1676 2146 1915 2190 scortum

336 2239 440 2295 sibi
474 2238 529 2291 in
574 2250 797 2290 uxorem
843 2231 1158 2301 assumpsit,
1191 2244 1355 2300 quam
1388 2230 1456 2285 ad
1485 2230 1610 2283 vita:
1652 2227 1918 2284 sobrieta-

336 2338 445 2387 tem
472 2328 883 2397 castitatemque
912 2322 1203 2380 revocavit.
1231 2318 1571 2376 Vaticinatus
1596 2336 1727 2377 vero
1753 2320 1916 2376 etiam

336 2433 422 2482 est
450 2423 517 2479 de
551 2419 851 2476 Salvatoris
886 2417 1144 2473 adventu.

961 2686 1170 2755 AMOS,
1207 2686 1298 2747 III.

415 2807 559 2863 Vixit
607 2815 662 2864 et
720 2806 809 2862 hic
856 2805 1047 2863 eodem
1095 2814 1366 2877 tempore,
1422 2804 1517 2860 sed
1564 2802 1751 2868 initio,
1795 2816 1920 2857 cum

340 2901 480 2959 Osee
526 2907 582 2956 et
644 2900 816 2966 Isaia,
862 2897 990 2956 Ozia
1052 2898 1205 2956 ludas
1257 2908 1312 2955 et
1363 2898 1690 2954 Hieroboam
1737 2894 1920 2951 Israeli

340 2992 769 3064 imperantibus,
810 2999 936 3046 ante
963 2990 1102 3047 duos
1135 3005 1312 3045 annos
1351 2996 1510 3044 terrae
1541 2996 1737 3043 motus.
1773 2985 1920 3041 Vidit

343 3097 521 3140 autem
557 3098 860 3147 sermones,
892 3092 946 3137 et
974 3082 1307 3137 vaticinatur
1354 3080 1617 3135 adversus
1663 3077 1921 3133 Hierusa-

343 3178 446 3231 lem
474 3218 490 3241 ,
535 3176 807 3254 adversus
860 3173 1112 3230 lsraelem
1160 3183 1216 3229 et
1264 3171 1607 3238 Samariam,
1658 3171 1919 3227 adversus

344 3278 531 3339 gentes
580 3270 766 3333 etiam,
817 3267 1161 3333 Damascum,
1197 3265 1419 3332 Gazam,
1470 3266 1727 3330 Asealon,
1781 3262 1921 3318 Azo-

345 3372 480 3427 tum,
530 3364 798 3427 Accaron,
843 3361 1067 3434 Tyrum,
1100 3359 1412 3425 Idumaeam,
1466 3359 1744 3423 Thzeman,
1785 3358 1926 3414 ﬁlios

341 3456 610 3520 Ammon,
655 3463 710 3511 et
757 3453 948 3520 Moab;
980 3468 1117 3523 quos
1165 3468 1356 3508 omnes
1396 3466 1427 3505 a
1459 3467 1518 3507 se
1564 3452 1925 3524 reprehensos

343 3547 589 3603 inﬁdeles
617 3562 740 3603 esse
767 3545 1064 3601 concludit.
1100 3544 1286 3615 Neque
1315 3560 1466 3611 vero,
1512 3559 1637 3600 cum
1674 3551 1821 3601 esset
1857 3544 1926 3600 ab

344 3639 567 3694 Amazia
601 3637 884 3695 sacerdote
919 3637 1106 3694 Bethel
1148 3637 1361 3693 delatus
1410 3635 1552 3707 apud
1578 3652 1758 3707 regem
1798 3635 1927 3692 Hie-

345 3729 594 3795 roboam,
622 3737 881 3799 tanquam
901 3728 997 3800 qui
1026 3727 1291 3784 adversus
1317 3726 1619 3782 Samariam
1645 3726 1927 3799 populum-

346 3838 455 3893 que
497 3820 724 3886 faceret,
778 3821 896 3890 ipse
944 3820 1240 3890 quidquam
1291 3818 1359 3874 de
1409 3816 1626 3872 dicendi
1678 3816 1927 3872 libertate

346 3913 597 3978 remisit,
643 3912 735 3969 sed
777 3912 1067 3966 vaticinari
1113 3925 1345 3982 pergens
1389 3908 1457 3965 de
1495 3907 1796 3964 Salvatoris
1824 3905 1923 3961 ad-

346 4014 512 4062 ventu
544 4007 760 4062 locutus
784 4013 888 4062 est.

890 4202 1242 4270 MICHEAS,
1273 4203 1361 4267 VL

423 4319 710 4376 Secundus
742 4319 833 4375 hic
869 4320 1088 4391 quidem
1126 4335 1157 4373 a
1211 4319 1587 4391 superioribus
1627 4319 1751 4387 fuit,
1794 4336 1930 4391 quo-

348 4414 495 4469 niam
544 4425 667 4485 post
711 4412 857 4468 Ozia:
902 4422 1145 4483 tempora
1180 4414 1509 4471 vaticinatus
1541 4420 1627 4471 est
1658 4432 1672 4469 :
1704 4414 1800 4470 sed
1839 4428 1930 4470 ea-

350 4506 472 4561 dem
500 4520 625 4561 cum
656 4506 766 4561 illis
795 4514 952 4561 aetate
981 4506 1166 4562 ﬂoruit
1196 4527 1209 4561 :
1240 4507 1369 4578 quia
1390 4513 1445 4562 et
1472 4508 1587 4577 ipse
1614 4503 1925 4572 Joathamo,

2017 1944 2169 2012 λόγος
2199 1943 2333 2014 πρὸς
2363 1944 2522 1997 αὑτὸν
2569 1944 2663 1997 καὶ
2690 1944 3022 2017 προφητεύει
3045 1939 3197 2012 οὗτος
3236 1947 3329 2001 ἐπὶ
3365 1949 3491 2012 τοὺς
3516 1952 3586 2002 ἱε-

2019 2034 2167 2106 ρέας,
2206 2036 2299 2087 καὶ
2330 2035 2422 2087 ἐπὶ
2445 2035 2536 2088 τὸν
2578 2035 2811 2108 Ἰσραὴλ,
2842 2037 2936 2091 καὶ
2960 2039 3051 2091 ἐπὶ
3077 2038 3168 2092 τὸν
3197 2035 3343 2095 οἷκον
3368 2040 3463 2094 τοῦ
3489 2040 3584 2111 βα-

2019 2128 2227 2191 σιλέως,
2265 2128 2514 2199 καὶπερὶ
2548 2129 2647 2200 τῆς
2675 2128 2948 2193 ἀπωλείας
2986 2130 3087 2201 τῆς
3120 2131 3459 2203 Σαμαρείας⁸
3494 2133 3586 2187 καὶ

2018 2220 2257 2289 ἐλέγξας,
2282 2221 2376 2274 καὶ
2412 2220 2737 2289 συγκλείσας
2760 2222 2956 2285 αὐτοὺς
2979 2225 3056 2287 εἱς
3078 2223 3346 2291 ἀπειθίαν,
3403 2222 3590 2297 σημαί-

2018 2332 2096 2367 νει
2133 2315 2230 2384 τὴν
2267 2312 2325 2379 ἐξ
2363 2313 2532 2367 ἐθνῶν
2585 2314 2934 2385 Ἐκκλησίαν,
2965 2316 3035 2369 δι’
3066 2310 3139 2371 ὧν
3176 2317 3334 2371 ἔλασε
3386 2317 3588 2392 πόρνην

2018 2408 2270 2472 γυναῖκα,
2301 2405 2368 2478 ἣν
2402 2408 2498 2460 καὶ
2524 2407 2705 2461 λαϐὼν
2742 2408 3141 2480 ἐσωφρόνησεν,
3170 2410 3388 2481 ἀνάγων
3419 2413 3587 2486 αὐτὴν

2019 2499 2154 2570 πρὸς
2177 2498 2385 2553 ἑαυτόν.
2421 2499 2761 2571 Προφητεύει
2787 2500 2844 2554 δὲ
2880 2503 2972 2555 καὶ
3004 2503 3131 2573 περὶ
3157 2504 3256 2578 τῆς
3284 2505 3378 2559 τοῦ
3410 2507 3590 2581 Σωτῆο

2021 2606 2112 2662 ρος
2148 2589 2468 2660 παρουσίας.

2652 2702 2859 2769 ΔΜΩΣ,
2885 2706 2958 2759 Γ’.

2091 2821 2202 2876 Καὶ
2225 2814 2380 2884 οὗτος
2437 2822 2780 2894 συνεχρόνισε
2807 2823 2948 2877 κατὰ
2983 2824 3079 2896 τὴν
3102 2826 3275 2898 ἀρχὴν
3292 2827 3370 2898 τῷ
3412 2828 3586 2902 Ὠσηὲ,

2021 2913 2116 2966 καὶ
2143 2912 2220 2983 τῷ
2264 2913 2482 2984 Ἡσαΐᾳ,
2532 2915 2625 2967 ὲπὶ
2671 2913 2844 2979 Ὀζίου
2883 2916 3146 2987 βασιλέως
3190 2919 3379 2987 Ἰούδα,
3418 2923 3511 2975 καὶ
3533 2924 3590 2978 ἐν

2021 3007 2256 3078 ἡμέραις
2297 3005 2576 3078 Ἱεροϐοὰμ
2594 3007 2686 3061 τοῦ
2740 3007 2892 3073 Ἰωὰς
2924 3008 3184 3079 βασιλέως
3226 3011 3465 3084 Ἰσραὴλ,
3495 3013 3583 3082 γέ-

2022 3116 2143 3167 γονε
2183 3100 2288 3171 πρὸ
2323 3099 2416 3154 δύο
2445 3100 2581 3155 ὲτῶν
2618 3100 2712 3154 τοῦ
2749 3102 2994 3174 σεισμοῦ.
3023 3104 3227 3173 Λόγους
3253 3104 3311 3157 δὲ
3337 3101 3461 3169 εἶδε,
3498 3105 3583 3159 καὶ

1947 3231 1989 3288 C
2024 3193 2354 3264 προφητεύει
2396 3194 2535 3248 κατὰ
2588 3196 2687 3267 τῆς
2748 3195 3122 3268 Ἰερουσαλὴμ,
3168 3196 3262 3250 καὶ¹
3311 3199 3454 3251 κατὰ
3496 3197 3585 3251 τοῦ

2030 3284 2275 3365 Ἰσραὴλ,
2321 3287 2414 3339 καὶ
2445 3286 2545 3358 τῆς
2574 3287 2912 3360 Σαμαρείας,
2962 3288 3050 3342 καὶ
3093 3288 3235 3342 κατὰ
3273 3289 3382 3343 τῶν
3403 3289 3587 3356 ἐθνῶν,

2026 3377 2339 3447 Δαμασκοῦ,
2370 3376 2567 3449 Γάζης,
2601 3379 2956 3443 Ἀσκάλωνος,
3000 3379 3252 3445 Ἀζώτου,
3293 3382 3587 3455 Ἀκκάρων,

2028 3465 2226 3538 Τύρου,
2276 3466 2596 3538 Ἰδουμαίας,
2648 3467 2878 3539 Θαμαᾶν
2916 3467 3067 3539 [nota
3108 3469 3165 3524 in
3205 3470 3469 3541 margine,
3517 3472 3587 3527 ῐσ.

2024 3554 2283 3627 Θαιμὰν],
2311 3556 2439 3609 υίῶν
2480 3558 2724 3630 Ἀμμὼν,
2749 3560 2841 3614 καὶ
2886 3560 3061 3614 Μωάϐ
3083 3578 3096 3591 ’
3129 3562 3223 3615 καὶ
3245 3560 3415 3627 οὕτως
3442 3563 3590 3632 ἐλέγ-

2025 3664 2130 3719 χει,
2180 3649 2276 3701 καὶ
2330 3648 2603 3717 συγκλείει
2636 3651 2841 3716 πάντας
2883 3653 2965 3716 είς
2996 3653 3270 3712 ἀπειθίαν.
3316 3654 3474 3709 Ἀλλὰ
3501 3656 3590 3709 καὶ

2038 3739 2296 3810 Ἀμασίου
2325 3740 2420 3794 τοῦ
2455 3740 2648 3813 ἱερέως
2680 3742 2882 3814 Βαιθὴλ
2924 3743 3270 3809 διαϐαλόντος
3315 3747 3472 3801 αὐτὸν
3516 3746 3589 3819 τῷ

2027 3826 2235 3897 βασιλεῖ
2269 3828 2550 3901 Ἱεροὸυὰμ
2591 3830 2665 3895 ὡς
2689 3831 2918 3901 λέγοντα
2950 3833 3091 3887 κατὰ
3124 3838 3222 3907 τῆς
3262 3836 3586 3908 Σαμαρείας,

2027 3921 2121 3973 καὶ
2153 3922 2294 3975 κατὰ
2321 3920 2417 3974 τοῦ
2453 3921 2606 3990 λαοῦ,
2643 3924 2805 3990 αὐτὸς
2835 3925 2987 3979 οὐδὲν
3012 3921 3173 4000 ἦττον
3193 3927 3293 3981 οὐκ
3320 3928 3587 3983 ἐπαύσατο

2027 4011 2555 4085 παρρησιαζόμενος,
2591 4016 2685 4069 καὶ
2723 4017 2897 4072 λέγων
2933 4019 3001 4074 τά
3031 4019 3187 4090 λόγια
3215 4020 3308 4074 καὶ
3338 4022 3465 4094 περὶ
3493 4021 3588 4090 τῆς

2028 4104 2330 4176 παρουσίας
2350 4104 2443 4158 τοῦ
2467 4108 2737 4181 Σωτῆρος.

2601 4224 2909 4289 ΜΙΧΑΙΑΣ,
2946 4228 3034 4293 ς’.

2098 4331 2356 4403 Δεύτερος
2386 4333 2482 4403 μὲν
2516 4331 2624 4385 τῶν
2651 4334 3061 4405 προειρημένων
3085 4335 3438 4404 γέγονενηότι
3462 4331 3592 4397 asta

2042 4423 2220 4487 Ὀζίαν
2249 4425 2639 4495 ὲπροφήτευσε.
2669 4424 2981 4496 Συνεχρόνει
3006 4425 3065 4483 δὲ
3087 4427 3290 4497 αὺτοῖς.
3339 4429 3485 4486 Ἐπεὶ
3504 4433 3592 4486 καί

2031 4513 2191 4576 αὐτὸς
2219 4514 2311 4566 ἐπὶ
2326 4512 2563 4584 Ἰωαθάμ
2582 4512 2676 4566 καὶ
2692 4512 2856 4585 Ἀχὰζ
2872 4515 2968 4572 καὶ
2997 4515 3240 4582 Ἐζεκίου
3257 4520 3458 4592 ἤρξατο
3476 4539 3592 4592 προι

353 4598 591 4663 Achazo,
647 4605 701 4653 et
748 4596 981 4653 Ezechia
1038 4597 1260 4669 regibus
1318 4595 1679 4667 prophetandi
1729 4609 1925 4650 munus

2034 4604 2307 4676 φητεύειν.
2343 4581 2589 4672 Ἐγένετο
2603 4604 2659 4658 δὲ
2674 4607 2702 4658 ὁ
2716 4581 2875 4676 λόγος
2901 4610 3038 4680 πρὸς
3057 4581 3220 4667 αὐτὸν
3252 4581 3357 4666 έόέ
3370 4581 3588 4685 Κυρίου,

354 4703 644 4759 aggressus
682 4697 787 4745 est.
820 4689 1018 4744 Factus
1051 4701 1135 4745 est
1156 4697 1337 4745 autem
1370 4688 1438 4742 ad
1466 4703 1588 4744 eum
1615 4702 1796 4743 sermo
1827 4684 1931 4740 Do-

354 4779 510 4844 mini,
544 4789 599 4833 et
630 4780 960 4836 vaticinatus
999 4788 1085 4836 est
1127 4780 1187 4835 in
1229 4778 1591 4844 Hierusalem,
1638 4777 1694 4832 in
1740 4777 1930 4832 Sama-

353 4871 515 4941 riam,
548 4873 604 4927 in
628 4874 923 4945 prophetas
952 4890 1046 4929 eos
1074 4875 1168 4945 qui
1194 4874 1454 4944 populum
1484 4874 1540 4927 in
1579 4886 1819 4928 errorem
1848 4872 1933 4925 in-

355 4967 661 5033 ducebant;
706 4968 763 5021 in
797 4967 1077 5022 Achabum
1119 4967 1371 5037 denique.
1413 4963 1676 5020 Praedixit
1716 4971 1771 5019 et
1809 4961 1931 5016 Sal—

354 5061 559 5115 vatoris
610 5058 937 5126 adventum,
988 5057 1081 5113 ubi
1138 5057 1428 5128 postremis
1469 5056 1661 5112 diebus
1704 5053 1931 5110 manife-

358 5163 501 5209 stum
529 5153 746 5208 Domini
777 5159 1015 5207 montem
1050 5150 1168 5207 fore
1193 5150 1482 5221 signiﬁcat.

1005 5261 1191 5326 JOEL,
1231 5260 1299 5317 Il.

432 5357 625 5413 Sermo
658 5355 872 5412 Domini
909 5354 1084 5409 factus
1122 5361 1208 5410 est
1242 5352 1310 5407 ad
1347 5353 1549 5424 ipsum,
1575 5350 1931 5424 praedixitque

361 5448 670 5505 senioribus
698 5448 1063 5518 omnibusque
1088 5450 1182 5518 qui
1224 5453 1431 5502 terram
1458 5446 1787 5513 incolebant,
1814 5446 1933 5515 ejus

360 5538 653 5604 excidium,
695 5548 751 5595 et
793 5539 897 5593 alia
941 5555 1063 5609 quae
1114 5539 1219 5610 ipsi
1263 5538 1610 5609 contigerunt
1655 5538 1933 5593 servitutis

362 5636 625 5697 tempore.
654 5627 995 5684 Vaticinatur
1039 5645 1168 5685 vero
1213 5629 1376 5685 etiam
1418 5629 1485 5685 de
1532 5628 1768 5699 Spiritus
1805 5644 1934 5685 san-

362 5716 437 5767 eti
465 5716 641 5784 gratia
679 5716 734 5769 in
786 5732 975 5772 omnes
1008 5721 1100 5788 qui
1132 5721 1235 5775 sub
1268 5721 1552 5777 Salvatore
1589 5721 1754 5776 futuri
1786 5733 1932 5789 sunt,

364 5801 706 5858 effundenda.
755 5803 1125 5860 Concionatur
1178 5809 1412 5879 denique
1458 5811 1526 5868 de
1582 5810 1822 5882 jejunio,
1867 5812 1935 5867 de

2030 4697 2126 4748 καὶ
2152 4694 2479 4767 προφητεύει
2508 4694 2987 4771 ὲπὶἹερουσαλὴμ,
3010 4701 3104 4755 καὶ
3126 4703 3255 4774 περὶ
3273 4703 3588 4775 Σαμαρείας,

2033 4787 2125 4839 καὶ
2145 4787 2235 4839 ἐπὶ
2255 4787 2381 4850 τοὺς
2407 4787 2689 4859 προφήτας
2712 4792 2836 4854 τοὺς
2873 4790 3189 4856 πλανῶντας
3218 4794 3309 4847 τὸν
3339 4794 3481 4859 λαὸν,
3506 4794 3591 4846 καὶ

2035 4878 2175 4932 κατὰ
2190 4880 2282 4932 τοῦ
2317 4879 2542 4952 Ἀχαά6.
2567 4882 2936 4955 Προσημαίνει
2962 4884 3021 4937 δὲ
3055 4886 3147 4939 καὶ
3173 4886 3270 4958 τὴν
3302 4887 3591 4958 παρουσίαν

2032 4971 2126 5025 τοῦ
2142 4973 2393 5048 Σωτῆρος
2423 4975 2617 5045 λέγων’
2635 4976 2721 5030 Ἐν
2749 4979 2867 5041 ταῖς
2882 4977 3137 5048 ἐσχάταις
3164 4980 3396 5051 ἡμέραις
3422 4982 3588 5050 ἐμφα-

2038 5064 2125 5128 νὲς
2153 5064 2306 5121 ἐσται
2337 5069 2399 5122 τὸ
2418 5067 2542 5139 ὅρος
2569 5067 2664 5122 τοῦ
2692 5068 2918 5141 Κυρίου.

2666 5273 2862 5338 mna,
2903 5273 2978 5326 B'.

2110 5357 2278 5427 Λόγος
2303 5360 2507 5432 Κυρίου
2544 5363 2757 5431 ἐγένετο
2786 5366 2922 5438 πρὸς
2953 5365 3113 5420 αὑτὸν
3146 5352 3238 5420 καί
3277 5362 3592 5436 προφητεύει

2038 5453 2147 5512 τοῖς
2171 5449 2556 5523 πρεσῦυτέροις
2607 5457 2700 5507 καὶ
2728 5457 2860 5509 πᾶσι
2887 5458 2999 5520 τοῖς
3023 5456 3329 5511 κατοικοῦσι
3358 5458 3453 5528 τὴν
3477 5454 3589 5524 γῆν.

2040 5540 2168 5610 περὶ
2197 5540 2296 5611 τῆς
2320 5539 2569 5607 ἁλώσεως
2595 5542 2697 5615 τῆς
2722 5544 2849 5616 γῆς,
2872 5545 3091 5601 καὶτῶν
3121 5549 3180 5602 ὲν
3205 5547 3363 5621 αὐτῇο
3388 5564 3591 5619 προφη-

2040 5633 2185 5686 τεύει
2213 5632 2269 5686 δὲ
2296 5632 2390 5687 καὶ
2422 5636 2549 5706 περὶ
2584 5636 2685 5707 τῆς
2711 5636 2803 5690 τοῦ
2843 5637 2999 5705 ἁγίου
3039 5638 3357 5709 Πνεύματος
3388 5640 3592 5711 χάριτος

2041 5726 2137 5796 τῆς
2171 5726 2252 5789 εἷς
2282 5727 2490 5791 πάντας
2515 5728 2872 5800 γενησόμενος
2913 5728 3053 5801 [lege
3079 5728 3466 5801 γενησομένης]
3497 5725 3593 5780 sub

2041 5813 2134 5868 τοῦ
2167 5816 2433 5888 Σωτῆρος.
2461 5818 2733 5890 Κηρύττει
2760 5818 2817 5872 δὲ
2849 5820 2938 5874 καί
2964 5819 3092 5891 περὶ
3119 5819 3371 5890 νηστείας
3393 5820 3481 5873 καὶ
3502 5835 3591 5886 με·
