3926 6260
349 400 487 458 1265

1550 395 1638 450 DE
1680 394 1862 452 VITIS
1898 395 2440 452 PROPIIETARUM.

3459 403 3594 457 1⁸266

346 516 710 589 τανοίαςωκαὶ
736 517 866 589 περὶ
897 516 995 588 τῆς
1034 516 1127 569 τοῦ
1166 516 1413 588 Σωτῆρος
1445 518 1774 587 παρουσίας,
1820 518 1912 571 καὶ
1941 568 1948 583 ,

2063 517 2350 581 :enitentia,
2385 518 2452 571 de
2482 516 2780 573 Salvatoris
2805 519 3036 574 adventu
3056 559 3070 584 ,
3107 524 3160 574 et
3181 520 3248 575 de
3277 520 3448 593 signis
3476 538 3598 590 quae

348 608 456 662 τῶν
491 609 583 661 ἐπὶ
617 607 708 660 τοῦ
748 607 979 679 σταυροῦ
1011 607 1315 678 γενομένων
1345 609 1603 678 σημέιων.

943 722 1210 786 ΛΒΔΙΟΥ,
1250 720 1321 774 Δ’.

424 812 650 884 Ὅρασιν
680 812 1010 881 ἀπαγγέλλει
1038 813 1179 867 κατὰ
1205 813 1303 884 τῆς
1345 812 1666 883 Ἰδουμαίας,
1701 829 1796 864 και
1825 811 1917 865 τοῦ

352 905 555 968 τέλους.
575 906 769 977 αὐτῆς·
806 905 899 958 καὶ
933 905 1074 960 κατὰ
1108 905 1215 959 τῶν
1247 904 1413 959 ὲθνῶν
1451 904 1559 958 τῶν
1590 906 1921 975 ὲμπαροινηο

2021 610 2076 663 in
2114 625 2277 664 cruce
2311 618 2437 665 sunt
2464 610 2629 664 edita.

2621 720 2883 789 ABDIAS,
2911 720 2996 777 IV.

2091 808 2372 868 Visionem
2411 810 2696 869 denuntiat
2726 811 2987 867 adversus
3016 811 3328 880 Idumaeam,
3359 824 3412 871 et
3437 833 3595 886 quem

2026 900 2183 956 linem
2243 901 2434 957 eadem
2487 902 2560 958 sit
2620 901 2894 957 habitura.
2939 902 3280 960 Vaticinatur
3325 908 3484 963 etiam
3543 909 3597 962 in

356 997 563 1052 σάντων
601 997 676 1069 τῷ
721 998 954 1071 Ἰσραήλ.
1016 997 1479 1068 ’Λναλωθήσεσθαι
1521 997 1629 1069 γὰρ
1655 996 1743 1050 τὸν
1774 995 1921 1051 οἶκον

2063 1004 2214 1050 entes
2261 1010 2381 1065 qua:
2432 994 2619 1053 lsraeli
2673 999 3027 1055 insultarunt.
3074 997 3212 1056 Fore
3262 1001 3423 1056 etiam
3463 1017 3602 1071 pra:-

366 1090 536 1144 Ἥσαῦ
571 1090 675 1143 ὑπὸ
701 1090 794 1144 τοῦ
840 1090 1032 1144 Ἰακὼϐ
1064 1091 1443 1164 προσημαίνει.

966 1270 1167 1323 ῙΩΝΑΣ
1183 1311 1196 1333 ,
1234 1270 1306 1324 E’.

426 1362 594 1430 Λόγος
651 1362 852 1432 Κυρίου
915 1362 1129 1431 ἐγένετο
1186 1362 1323 1433 πρὸς
1358 1362 1519 1415 αὑτὸν
1554 1358 1808 1415 ἀπελθεῖν
1846 1361 1925 1422 εἰς

2020 1087 2175 1153 dixit,
2208 1097 2265 1142 ut
2306 1087 2449 1144 Esau
2486 1090 2701 1157 domus,
2737 1093 2805 1147 ab
2846 1107 2909 1149 ea
2948 1108 3068 1164 qua:
3099 1092 3286 1149 Jacobi
3320 1101 3424 1158 est,
3473 1095 3602 1150 sub-

2023 1188 2286 1236 vertatur.

2650 1272 2885 1344 JONAS,
2915 1275 2979 1331 v.

2097 1363 2288 1421 Sermo
2313 1364 2527 1421 Domini
2561 1366 2738 1424 factus
2785 1378 2869 1425 est
2917 1369 2983 1424 ad
3016 1369 3213 1440 ipsum,
3252 1378 3311 1425 ut
3351 1371 3601 1426 Ninivam

353 1453 553 1524 Νινευὴ
584 1455 677 1507 καὶ
710 1453 938 1526 κηρῦξαι
969 1457 1027 1507 ὲν
1056 1454 1213 1526 αὐτῇ,
1241 1455 1322 1507 ὅτι
1348 1453 1428 1507 ἔτι
1452 1456 1600 1524 τρεῖς
1621 1452 1696 1525 (l)
1720 1452 1924 1523 ἡμέραι

2065 1456 2301 1513 refectus
2342 1459 2396 1513 in
2443 1473 2508 1514 ea
2536 1459 2778 1527 doceret,
2819 1461 2994 1516 tribus
3039 1468 3248 1517 tantum
3293 1462 3485 1517 diebus
3512 1477 3606 1515 ur-

355 1545 451 1597 καὶ
473 1546 981 1617 καταστραφήσεται
1010 1546 1042 1617 ἠ
1068 1545 1290 1617 Νινευή.
1332 1544 1470 1598 Ἀλλ’
1504 1544 1685 1607 Ἰωνᾶς
1712 1542 1926 1611 φεύγων

2063 1562 2146 1602 em
2170 1562 2288 1602 eam
2320 1549 2387 1604 ab
2409 1549 2632 1606 interitu
2660 1551 2871 1607 abesse.
2902 1550 3009 1607 Sed
3039 1567 3160 1607 cum
3186 1550 3427 1606 mandati
3464 1566 3606 1606 onus

352 1637 415 1690 τὸ
451 1638 732 1709 κήρυγμα,
775 1637 940 1710 ἀνέϐη
990 1639 1069 1701 είς
1103 1636 1164 1689 τὸ
1197 1637 1397 1692 πλοῖον.
1447 1634 1729 1707 Χειμῶνός
1758 1633 1833 1705 (2)
1867 1649 1926 1685 τε

354 1731 643 1802 γενομένου
671 1731 954 1803 ἐξεϐλήθη,
988 1731 1083 1785 καὶ
1113 1730 1386 1801 κατεπόθη
1418 1731 1523 1784 ὑπὸ
1545 1732 1710 1802 κήτου
1737 1728 1929 1782 θαλασ-

2028 1638 2348 1706 declinaret,
2378 1642 2606 1714 contigit
2628 1650 2688 1698 ut
2712 1658 2870 1710 nave,
2912 1642 2968 1697 in
2999 1659 3160 1714 quam
3187 1643 3604 1707 conscenderat,

2029 1731 2443 1800 tempestatibus
2486 1732 2711 1802 agitata,
2745 1733 2804 1787 in
2854 1748 3003 1789 mare
3049 1733 3256 1803 ejectus
3309 1748 3339 1787 a
3382 1734 3606 1804 pistrice

355 1823 492 1877 σίου.
528 1819 659 1877 Εἶτα
689 1823 826 1895 μετὰ
852 1826 999 1896 τρεῖς
1057 1824 1265 1895 ἡμέρας
1301 1811 1517 1888 ἐξέϐαλε
1554 1822 1614 1875 τὺ
1646 1822 1808 1893 κῆτος
1834 1819 1926 1873 τὸν

2064 1820 2462 1876 bsorberetur:
2506 1839 2626 1893 qua:
2680 1824 2928 1881 eumdem
3001 1826 3178 1879 triduo
3232 1832 3355 1895 post
3423 1825 3602 1878 vivum

367 1916 550 1970 Ἰωνὰν
577 1888 770 1981 ζῶντα.
805 1888 917 1971 Kal.
957 1888 1117 1970 πάλιν
1158 1888 1223 1971 έκ
1248 1916 1503 1987 δευτέρας
1530 1916 1682 1984 λόγος
1707 1888 1926 1985 ,Κυρίου

2063 1911 2286 1965 vomuit.
2316 1908 2512 1967 Iterato
2548 1912 2745 1987 deinde
2782 1913 2850 1968 ad
2901 1929 3025 1969 eum
3069 1914 3284 1969 Domini
3331 1930 3604 1975 sermone.

353 2010 572 2079 ἐγένετο
600 2009 736 2082 πρὸς
767 2010 947 2065 αὐτόν.
992 2011 1102 2063 Καὶ
1144 2009 1392 2063 ἀπελθὼν
1434 2009 1694 2081 ἐκήρυξεν
1730 2009 1808 2070 εἰς
1833 2006 1930 2075 τὴν

2063 1998 2280 2055 iinivam
2339 2003 2619 2072 appulsus,
2674 2004 2858 2074 ibique
2913 2004 3295 2072 concionatus,
3344 2004 3492 2060 cives
3539 2005 3609 2057 ad

354 2104 577 2175 Νινευὴ,
616 2103 812 2158 ἐκεῖνοί
836 2121 894 2155 τε
923 2104 1249 2166 ἀκούσαντες
1277 2099 1770 2173 έμετανόησαν,καὶ
1794 2116 1933 2169 παρ-

2033 2092 2466 2164 resipiscentiam
2516 2094 2771 2162 adduxit,
2816 2105 2872 2153 et
2918 2097 3056 2151 iram
3103 2096 3316 2152 Domini
3360 2096 3430 2152 ab
3474 2096 3608 2167 ipsis

352 2196 534 2265 ήγαγε
576 2195 777 2265 Κύριος
831 2194 928 2266 τὴν
973 2194 1143 2267 ὀργὴν
1185 2196 1281 2247 ἀπ’
1335 2193 1534 2247 αὐτῶν.
1594 2192 1707 2262 Τῆς
1754 2192 1934 2262 μέντοι

2063 2183 2251 2239 .vertit.
2285 2183 2410 2239 Fuit
2435 2187 2653 2255 quidem
2696 2195 2843 2242 certe
2876 2186 3173 2243 Salvatoris
3216 2188 3416 2259 imago,
3446 2201 3607 2258 quem

354 2285 660 2357 παρουσίας
697 2286 791 2339 τοῦ
826 2285 1079 2358 Σωτῆρος
1120 2288 1344 2355 σημεῖον
1388 2284 1546 2347 αὐτὸς
1586 2283 1796 2352 γέγονε,
1843 2281 1937 2334 καὶ

2063 2275 2231 2330 ιὶεῑνίχ
2269 2276 2496 2332 illaesum
2529 2278 2802 2350 absorpsit
2829 2287 2883 2336 et
2911 2282 3171 2335 evomuit.

355 2378 687 2443 καταποθεὶς
715 2378 820 2431 ὑπὸ
846 2376 940 2431 τοῦ
969 2379 1186 2448 κήτους,
1227 2378 1320 2431 καὶ
1360 2375 1644 2448 ἐκϐληθεὶς
1673 2372 1936 2444 ἀϐλαϐής.

613 2492 856 2545 ΝΑΟΥΜ
902 2492 943 2546 Ο
987 2490 1127 2544 ΤΟΥ
1170 2488 1580 2554 ΕΛΚΕΣΛΙΟΥ,
1618 2489 1689 2541 Z'.

426 2581 636 2651 Λῆμμα
685 2581 816 2652 περὶ
863 2581 961 2653 τῆς
1006 2580 1279 2645 ἀπωλείας
1325 2579 1523 2650 Νινευῆ
1566 2577 1689 2650 (sic)
1739 2576 1942 2647 βιϐλίον

353 2673 624 2742 ὁράσεως.
660 2673 999 2746 Προφήτεύει
1029 2674 1125 2727 καὶ
1152 2672 1411 2746 κηρύττει
1438 2672 1535 2742 μὲν
1560 2670 1802 2743 καὶπερὶ
1826 2671 1944 2741 ἑορ-

354 2766 477 2835 τῆς.
513 2766 884 2839 Προσημαίνει
915 2766 970 2819 δὲ
1003 2768 1059 2818 ἐν
1097 2767 1236 2837 αὐτῇ
1268 2766 1396 2836 περὶ
1422 2763 1517 2818 τοῦ
1545 2763 1818 2834 Σωτῆρος.
1850 2762 1943 2813 καὶ

356 2855 428 2908 τὰ
467 2855 632 2910 λοιπά
678 2857 854 2910 πάντα
900 2856 1038 2910 κατὰ
1081 2857 1181 2926 τῆς
1226 2854 1464 2924 Νινευῆ,
1509 2853 1603 2906 καὶ
1634 2852 1727 2906 τοῦ
1760 2850 1944 2914 τέλους

355 2948 552 3020 αὐτῆς,
582 2947 675 3004 καὶ
696 2941 809 3001 τῶν
835 2947 1043 3020 ἐχθρῶν
1063 2945 1157 3000 τοῦ
1192 2946 1406 3017 Ἰσραὴλ
1427 2942 1813 3015 παραγγέλλει.

828 3059 833 3064 ’
878 3057 1294 3122 ΛΜΒΑΧΟΥΜ,
1334 3057 1431 3111 νΗ’.

426 3149 515 3219 Λῆ
525 3167 564 3220 μ
569 3167 644 3219 μα
655 3150 748 3203 καὶ
760 3150 921 3212 αὐτὸς
935 3144 1091 3203 εἶδενσ
1107 3148 1436 3219 προφητεύει
1446 3146 1695 3218 δεόμενος
1713 3144 1810 3216 μὲν
1822 3161 1889 3198 πε
1897 3143 1950 3214 pl.

347 3244 452 3313 τῆς
480 3218 740 3305 άλὼσεως
759 3241 858 3312 τῆς
888 3218 1256 3312 Ἰερουσαλήμ.
1280 3218 1682 3309 Προσημαίνων
1722 3236 1780 3288 δὲ
1812 3235 1941 3305 περὶ
1966 3218 2010 3275 (ἶ

346 3332 458 3403 τῆς
483 3330 792 3401 παρουσίας
808 3328 901 3382 τοῦ
922 3329 1192 3400 Σωτῆρος.
1217 3329 1380 3396 Λέγει
1409 3328 1466 3380 δὲ
1494 3328 1589 3380 καὶ
1611 3324 1941 3397 προφητεύει

346 3423 503 3478 κατὰ
529 3421 641 3475 τῶν
660 3420 1102 3493 καταφρονητῶν.
1130 3418 1261 3474 Εἶτα
1296 3418 1496 3491 μεταξὺ
1529 3418 1800 3489 προσευχή
1830 3419 1941 3469 ἐστι

350 3514 451 3569 τοῦ
485 3515 771 3585 προφήτου
806 3514 921 3584 μετ’
956 3512 1118 3584 ᾠδῆς.
1148 3512 1257 3565 Καὶ
1283 3511 1409 3583 τρία
1437 3509 1783 3582 διαψὰλματὰ
1797 3512 1943 3563 ὲστιν

351 3612 416 3663 ὲν
435 3609 507 3678 τῇ
528 3604 796 3678 λεγομένῃ
823 3603 932 3675 ᾠδῇ
950 3603 1163 3675 ᾄδοντος
1182 3602 1346 3656 αὑτοῦ
1374 3602 1619 3673 περὶτῆς
1648 3600 1944 3671 παρουσίας

351 3699 455 3755 τοῦ
484 3698 761 3770 Σωτῆρος,
786 3697 1001 3768 καὶτῆς
1021 3696 1166 3750 κατὰ·
1181 3696 1405 3753 θανάτου
1427 3694 1600 3766 νίκης.
1643 3764 1646 3768 Α

661 3901 992 3955 ΣΟΦΟΝΙΑΣ
1034 3902 1075 3955 0
1109 3901 1247 3959 ΤΟΥ
1283 3899 1552 3963 ΧΟΥΣΕΙ,
1587 3900 1664 3954 Θ’.

430 3991 618 4058 Οὗτος
644 3995 738 4048 καὶ
782 3992 1050 4064 Ἱερεμίας
1082 3992 1475 4063 συνεχρόνησαν
1507 3990 1774 4063 ἀλλήλοις.
1817 3992 1949 4062 Ἀμ-

352 4093 596 4163 φότεροι
620 4088 727 4160 γὰρ
749 4087 842 4140 ἐπὶ
868 4086 962 4141 τοῦ
1002 4086 1181 4140 Ἰωσία
1209 4083 1472 4155 βασιλέως
1511 4084 1678 4142 Ἰούδα
1709 4084 1950 4156 ἐπροφή-

347 4201 594 4242 τευσαν.
643 4181 814 4250 Λόγος
853 4179 910 4233 δὲ
940 4179 1145 4252 Κυρίου
1195 4178 1412 4247 ἐγένετο
1459 4176 1594 4248 πρὸς
1638 4177 1820 4241 αὐτὸν,
1858 4175 1952 4231 καὶ

351 4272 714 4350 προφητεύει
746 4274 803 4325 έν
828 4274 896 4344 τῇ
925 4270 1299 4344 Ἰερουσαλὴμ,
1330 4270 1423 4324 καὶ
1452 4270 1613 4323 παντὶ
1640 4268 1828 4341 Ἰούδᾳ·
1861 4269 1952 4322 καὶ

350 4366 637 4440 προλέγει
664 4364 791 4436 περὶ
822 4364 1032 4436 ἡμέρας
1055 4364 1319 4435 ἐσομένης
1344 4361 1605 4434 μεγάλης,
1632 4360 1771 4415 ὥστε
1795 4360 1956 4432 ἐξαρ-

353 4463 533 4534 θῆναι
563 4457 747 4512 πάντα
773 4457 843 4511 τὰ
872 4457 1084 4521 εἴδωλα,
1116 4456 1213 4510 καὶ
1241 4454 1309 4519 τὰ
1335 4454 1493 4522 ἄλση,
1522 4452 1618 4507 κιειῖ⁹
1641 4452 1808 4506 πολὺν
1833 4451 1956 4524 θρῆ-

2262 2479 2544 2552 NAHUM,
2587 2482 2903 2540 ELCESASI
2941 2482 3201 2550 FILIUS,
3240 2484 3352 2539 vn.

2109 2572 2560 2645 Assumptionem
2591 2576 2659 2632 de
2692 2576 2917 2633 interitu
2948 2576 3157 2633 Ninivae
3186 2578 3417 2633 visionis
3446 2577 3614 2647 hujus

2042 2665 2182 2721 liber
2201 2668 2605 2738 complectitur.
2628 2668 2977 2725 Vaticinatur
2992 2677 3048 2726 et
3074 2670 3434 2726 concionatur
3448 2672 3610 2727 etiam

2043 2755 2110 2811 de
2145 2756 2304 2813 festo.
2337 2757 2595 2817 P-raedicit
2641 2768 2824 2817 autem
2877 2761 2937 2817 in
2978 2776 3040 2817 ea
3085 2761 3154 2817 de
3203 2759 3506 2825 Salvatore,
3547 2761 3615 2815 de

2045 2850 2260 2906 caeteris
2292 2852 2570 2921 omnibus,
2599 2870 2720 2924 quae
2759 2854 3029 2911 adversus
3056 2853 3310 2909 Ninivam
3345 2863 3504 2919 sunt,
3547 2855 3617 2909 de

2046 2940 2166 3011 ejus
2199 2940 2307 2998 line
2334 2942 2573 3015 denique
2599 2953 2654 3001 et
2680 2946 2902 3003 lsraelis
2931 2947 3194 3002 hostium.

2557 3057 2884 3115 ABBACUM
2906 3100 2921 3126 ,
2962 3057 3100 3115 VIII.

2122 3143 2568 3217 Assumptionem
2618 3159 2674 3205 et
2720 3149 2811 3205 hic
2868 3150 3103 3208 intuitus
3137 3160 3241 3210 est.
3278 3150 3619 3206 Vaticinatur

2047 3245 2229 3293 autem
2262 3238 2402 3296 fusis
2428 3241 2648 3312 quidem
2686 3244 2942 3312 precibus
2970 3242 3480 3315 Hierosolymitanze
3523 3257 3617 3294 ur-

2048 3329 2136 3385 bis
2156 3331 2378 3385 nomine
2406 3349 2422 3384 :
2453 3330 2549 3386 sed
2577 3332 2645 3387 de
2670 3331 2971 3389 Salvatoris
3004 3335 3243 3391 adventu
3280 3334 3619 3405 pronuntiat.

2050 3420 2194 3475 Dicit
2221 3436 2353 3476 vero
2377 3430 2433 3477 et
2461 3438 2582 3493 quze
2613 3426 3000 3493 spernentibus
3016 3434 3276 3482 eventura
3295 3433 3443 3481 sunt.
3464 3425 3621 3479 Poste

2051 3528 2114 3569 ea
2159 3524 2468 3585 sequuntur
2510 3530 2704 3586 preces
2761 3532 2885 3571 cum
2916 3517 3156 3583 cantico,
3188 3518 3244 3571 in
3274 3533 3382 3588 quo
3405 3517 3514 3571 tria
3535 3529 3625 3571 re-

2053 3606 2233 3675 perias
2260 3607 2539 3678 prophetae
2554 3608 2941 3679 diapsalmata,
2969 3608 3272 3664 Salvatoris
3302 3609 3619 3672 adventum,

2052 3708 2106 3755 et
2134 3715 2298 3769 quam
2344 3701 2413 3757 de
2445 3711 2620 3757 morte
2666 3703 2953 3758 victoriam
2995 3702 3226 3772 adeptus
3268 3710 3376 3767 est,
3421 3703 3622 3759 decan-

2054 3792 2239 3847 tantis.

2308 3905 2697 3964 SOPHONIAS
2735 3905 2943 3962 CHUSI
2984 3905 3243 3970 FILIUS,
3285 3904 3374 3960 IX.

2128 4000 2327 4057 Iisdem
2384 4000 2490 4056 iste
2522 4009 2579 4056 et
2624 3999 2927 4056 Hieremias
2958 4000 3214 4055 vixerunt
3261 3997 3624 4068 temporibus.

2056 4092 2232 4148 Ambo
2256 4092 2404 4148 enim
2434 4092 2718 4147 vaticinati
2752 4098 2902 4156 sunt,
2934 4106 3058 4146 cum
3089 4090 3246 4146 ludat
3272 4105 3499 4161 regnum
3534 4087 3630 4142 Jo-

2059 4185 2171 4241 sias
2200 4192 2429 4241 teneret.
2461 4183 2663 4239 Factus
2711 4192 2796 4240 est
2847 4190 3028 4239 autem
3075 4198 3256 4238 sermo
3302 4180 3517 4237 Domini
3560 4180 3629 4234 ad

2060 4279 2277 4348 ipsum,
2330 4293 2642 4349 munusque
2689 4291 2849 4333 suum
2894 4276 2951 4330 in
2985 4274 3350 4340 Hierusalem,
3406 4280 3631 4343 totoque

2061 4368 2200 4425 Juda
2232 4370 2391 4425 obiit.
2443 4368 2703 4424 Praedixit
2747 4368 2913 4423 etiam
2971 4367 3038 4422 de
3090 4375 3323 4422 venturo
3382 4364 3490 4431 die,
3536 4363 3631 4433 qui

2062 4478 2295 4534 magnus
2327 4462 2550 4528 dicitur,
2574 4477 2686 4533 quo
2714 4461 2858 4516 idola
2881 4460 3067 4516 omnia
3092 4458 3311 4529 lucique
3341 4457 3630 4520 tollentur;

348 4573 453 4610 νον
508 4551 618 4607 καὶ
645 4548 872 4603 κοπετὸν
904 4547 1205 4617 γίγνεσθαι.
1240 4543 1580 4617 Προφήτεύει
1617 4544 1675 4597 δὲ
1707 4544 1801 4597 καὶ
1829 4545 1948 4615 περὶ

2065 4555 2209 4611 unde
2244 4555 2423 4610 luctus
2451 4561 2506 4610 et
2535 4554 2807 4609 clamores
2838 4552 2995 4606 multi
3045 4550 3238 4606 futuri.
3291 4546 3635 4604 Vaticinatur

349 4647 458 4703 τοῦ
484 4641 773 4712 Σωτῆρος,
809 4641 903 4693 καὶ
931 4640 1030 4711 τῆς
1053 4639 1416 4703 ἀναστάσεως,
1446 4638 1510 4707 ἢν
1533 4636 1598 4688 δι’
1631 4637 1777 4707 ἡμᾶς
1799 4638 1955 4689 ποιεῖ.

354 4740 481 4795 Καὶ
528 4731 685 4791 κατὰ
706 4732 883 4802 Γάζης
909 4732 1003 4785 καὶ
1036 4730 1391 4794 Ἀσκάλωνος,
1439 4730 1531 4782 καὶ
1563 4727 1815 4793 Ἀζώτου,
1868 4728 1962 4782 καὶ

354 4834 469 4904 τῆς
519 4826 836 4897 Ἀκκάρων,
872 4826 964 4878 καὶ
1003 4824 1144 4878 κατὰ
1190 4821 1384 4885 Μωὰϐ,
1433 4822 1525 4874 καὶ
1578 4819 1821 4891 Ἄμμων,
1870 4820 1963 4874 καὶ

356 4922 520 4979 κατὰ
556 4915 877 4989 Δαμασκοῦ,
913 4918 1007 4971 καὶ
1040 4914 1182 4969 κατὰ
1209 4916 1431 4984 Νινευῆ,
1454 4914 1549 4968 καὶ
1582 4912 1724 4969 κατὰ
1745 4912 1852 4967 τῶν
1873 4913 1964 4965 ΛΞ-

356 5017 615 5072 θιόπων.

978 5124 1284 5188 ΑιτΑιοΣ,
1325 5125 1381 5176 ιι.
1833 5184 1840 5193 ,

435 5216 632 5282 οὗτος
669 5219 805 5290 μετὰ
832 5218 930 5290 τὴν
958 5216 1334 5289 αἰχμαλωσίαν
1362 5217 1419 5269 ἐν
1448 5218 1513 5288 τῇ
1544 5215 1785 5287 ὲπανόδῳ
1811 5217 1867 5268 ὲν
1899 5217 1964 5285 τῇ

366 5311 778 5388 Ἰερουσαλὴμ,
806 5312 897 5365 ἐπὶ
915 5310 1140 5382 Δαρείου
1162 5308 1424 5380 βασιλέως
1445 5309 1688 5379 Περσῶν,
1719 5308 1966 5379 δευτέρου

352 5411 533 5474 ἔτους
577 5406 775 5471 αὐτοῦ,
820 5405 895 5476 τῷ
931 5404 1073 5475 ἕκτῳ
1108 5403 1237 5475 μηνὶ
1274 5403 1514 5471 γέγονεν.
1550 5403 1721 5470 Λόγος
1763 5402 1966 5473 Κυρίου

352 5503 603 5573 ἐγένετο
637 5498 698 5549 ὲν
727 5498 870 5571 χειρὶ
897 5497 1081 5561 αὐτοῦ,
1119 5497 1213 5549 καὶ
1253 5496 1581 5567 προφητεύει
1623 5496 1700 5568 τῷ
1734 5495 1969 5567 Ζοροϐά-

351 5597 483 5662 ϐελ,
537 5590 647 5647 καὶ
692 5589 770 5661 τῷ
827 5590 1001 5660 Ἰησοῦ
1044 5589 1122 5659 τῷ
1160 5586 1254 5642 τοῦ
1309 5589 1573 5653 Ἰωσεδὲκ,
1617 5591 1709 5644 καὶ
1752 5590 1829 5661 τῷ
1858 5587 1971 5657 λαῷ

470 5774 524 5847 l)
577 5769 853 5847 Sequitur
902 5769 1185 5847 Eusebius
1236 5772 1762 5847 interpretationem
1796 5768 1970 5840 LXX;

352 5841 594 5912 Iiebrazi
627 5855 767 5896 vero
790 5841 1143 5912 quadraginta
1171 5841 1396 5901 habent.
1425 5843 1637 5899 Videsis
1660 5842 1716 5897 S.
1738 5841 1971 5909 August.

2063 4664 2193 4704 vero
2245 4649 2408 4703 etiam
2436 4647 2506 4702 de
2536 4646 2657 4718 ipso
2687 4643 2994 4710 Salvatore,
3030 4644 3206 4714 deque
3235 4643 3356 4713 ejus
3383 4643 3436 4697 in
3469 4642 3632 4694 vitam

2064 4741 2265 4805 reditu,
2301 4739 2399 4811 qui
2434 4740 2505 4794 ab
2534 4754 2600 4794 eo
2627 4738 2804 4794 nostri
2850 4752 3021 4793 causa
3053 4736 3230 4792 Iactus
3271 4743 3375 4791 est.
3412 4734 3553 4787 Sunt
3583 4740 3637 4786 ei.

2063 4836 2183 4906 ejus
2211 4832 2470 4890 vaticinia
2500 4834 2557 4887 in
2586 4832 2811 4896 Gazam,
2838 4831 2893 4885 in
2920 4830 3268 4892 Ascalonem.
3299 4830 3352 4883 in
3381 4829 3634 4890 Azotum,

2064 4930 2119 4983 in
2155 4928 2426 4990 Accaron,
2461 4927 2516 4980 in
2552 4924 2733 4993 Moab,
2763 4923 2819 4980 in
2847 4924 3103 4990 Ammon,
3128 4924 3185 4978 in
3209 4923 3556 4986 Damascum,
3584 4920 3639 4972 in

2067 5016 2344 5081 Ninivam,
2377 5016 2432 5070 in
2465 5013 2775 5084 IEthiopas.

2639 5122 2974 5190 AGGz‘EUS,
3009 5123 3077 5178 Χ.

2140 5215 2269 5272 Fuit
2300 5218 2405 5274 iste
2435 5226 2558 5287 post
2590 5217 2987 5287 captivitatem,
3022 5231 3146 5270 eum
3180 5214 3413 5292 populus
3445 5211 3643 5269 llierue

2075 5310 2246 5365 salem
2273 5309 2552 5374 rediisset,
2591 5307 2737 5362 Darii
2793 5308 2940 5378 regis
2989 5320 3133 5363 anno
3164 5304 3424 5365 secundo.
3457 5320 3645 5359 mense

2074 5410 2247 5458 sexto.
2289 5400 2490 5456 Factus
2529 5411 2613 5455 est
2643 5408 2823 5454 autem
2866 5413 3048 5453 sermo
3091 5396 3304 5452 Domini
3363 5396 3418 5450 in
3478 5410 3646 5449 manu

2073 5494 2269 5564 ipsius,
2301 5494 2746 5562 vaticinatusque
2784 5498 2870 5548 est
2901 5490 3247 5550 Zorobalieli,
3288 5496 3343 5545 et
3390 5487 3517 5546 Iesu
3550 5487 3669 5564 10-;

2075 5563 2255 5641 sedeci
2316 5584 2449 5650 lilio,
2501 5586 2813 5656 populoque
2860 5582 2963 5652 ipsi
3017 5582 3085 5637 de
3143 5563 3668 5653 Ilierosolymoruml

2074 5767 2150 5823 De
2192 5767 2400 5821 civitate
2430 5763 2546 5820 Dei.
2578 5764 2674 5819 lib.
2705 5777 2859 5828 xvm,
2890 5776 2920 5815 c
2973 5760 3063 5815 Μ.

2148 5840 2221 5904 (‘2)
2266 5837 2406 5893 Edit.
2433 5836 2666 5893 Curlerii
2692 5825 2928 5903 κιμῶνρς
2958 5832 3136 5888 habet.
3179 5828 3334 5885 Εῐηῑ.
3368 5825 3611 5885 Ριιτιιοι..
