3926 6260
370 384 507 441 1267

1054 379 1322 436 EUSEBII
1360 374 1838 438 CESARIENSIS
1874 370 2031 430 OPP.
2072 371 2254 429 PARS
2289 372 2450 431 IH.—
2480 371 2888 429 EXEGETICA.

3454 374 3572 430 ηδε

365 507 786 570 instauratione,
821 504 887 559 de
930 505 1248 561 umbrarum
1284 506 1413 563 item
1446 505 1709 572 transitu,
1756 502 1917 574 deque

2031 499 2159 571 περὶ
2182 503 2279 572 τῆς
2309 499 2596 571 οἰκοδομῆς
2622 502 2721 570 τῆς
2762 497 3130 570 Ἰερουσαλήμο
3172 497 3500 569 προφητεύει
3525 498 3576 551 δὲ

366 602 609 672 gentium
634 598 939 656 vocatione.

609 773 1002 830 ZACHARIAS
1041 773 1268 831 SADDO
1307 774 1562 844 FILIUS,
1601 773 1693 830 XI.

435 865 774 921 Vaticinatus
795 874 880 923 est
907 876 961 922 et
982 868 1083 922 iste
1099 883 1241 921 anno
1272 866 1413 920 Darii
1440 867 1700 930 secundo,
1727 883 1932 925 mense-

363 975 466 1029 que
480 970 673 1015 octavo
696 959 875 1014 factus
900 967 981 1015 est
1001 975 1184 1015 sermo
1199 958 1414 1015 Domini
1438 960 1505 1015 ad
1528 961 1706 1031 ipsum
1727 979 1740 1016 :
1764 962 1819 1016 in
1839 976 1932 1017 eo-

362 1067 468 1121 que
486 1050 700 1107 Domini
718 1053 933 1108 Iocutus
949 1060 1033 1108 est
1060 1053 1307 1123 angelus.
1337 1051 1535 1125 Dirigit
1553 1069 1718 1124 porro
1745 1054 1809 1107 ad
1836 1069 1925 1125 pa-

364 1151 476 1201 tres
496 1143 833 1200 Hierusalem
853 1146 1094 1201 visiones
1127 1160 1257 1201 suas
1276 1160 1414 1216 quas
1437 1146 1637 1202 multas
1664 1161 1728 1200 ac
1750 1147 1930 1202 varias

360 1240 530 1296 videt.
564 1240 788 1297 Disserit
814 1248 995 1295 autem
1020 1240 1230 1311 prolixa
1253 1239 1500 1295 oratione
1528 1240 1596 1296 de
1629 1239 1928 1306 Salvatore,

358 1345 414 1391 et
441 1335 712 1408 signiﬁcat
738 1333 988 1389 eumdem
1017 1333 1184 1389 asinae
1221 1332 1450 1403 ejusque
1499 1336 1646 1405 pullo
1688 1335 1931 1390 insiden-

357 1436 468 1484 tem
501 1435 792 1484 venturum
826 1442 968 1481 esse.

848 1516 1245 1573 MALACIIIAS
1264 1559 1279 1583 ,
1320 1515 1437 1572 XII.

428 1608 554 1665 Fuit
585 1618 639 1665 et
682 1609 787 1666 iste
831 1611 996 1665 etiam
1042 1620 1166 1681 post
1210 1611 1582 1682 captivitatem
1638 1608 1802 1663 Dario
1844 1624 1931 1664 re-

356 1709 574 1764 gnante.
612 1698 957 1756 Vaticinatur
989 1710 1170 1757 autem
1206 1701 1631 1771 assumptionem
1658 1699 1930 1755 sermonis

356 1791 567 1847 Domini
596 1792 650 1846 in
683 1809 846 1848 manu
880 1794 1056 1863 angeli
1087 1794 1171 1848 sui
1203 1836 1216 1848 .
1252 1793 1305 1847 in
1338 1808 1446 1864 qua
1474 1793 1653 1864 arguit
1674 1792 1925 1849 lsraelem

356 1886 858 1955 transgressionum
891 1886 1127 1949 nomine,
1155 1895 1208 1941 et
1234 1896 1478 1951 accusat,
1508 1886 1651 1956 quod
1684 1886 1926 1941 decima-

353 1993 477 2033 rum
508 1986 563 2033 et
591 1993 892 2047 pauperum
916 1993 1101 2032 curam
1127 1994 1236 2033 non
1254 1978 1470 2034 habeat.
1505 1977 1737 2034 Disserit
1760 1979 1925 2034 etiam

354 2068 423 2124 de
479 2068 568 2123 die
617 2069 851 2139 judicii,
897 2070 963 2124 de
1024 2068 1324 2124 Salvatoris
1383 2069 1692 2140 splendore,
1752 2068 1927 2139 deque

354 2158 487 2223 Elite
517 2168 644 2217 ante
672 2162 793 2232 ejus
825 2161 1118 2217 adventura
1148 2161 1429 2217 missione.

769 2415 991 2472 ISAIAS
1031 2415 1258 2471 FILIUS
1295 2415 1503 2471 AMOS.

423 2508 528 2563 Iste
558 2516 614 2561 et
637 2506 776 2563 Osee
812 2508 975 2579 (sicut
1000 2524 1030 2562 a
1063 2524 1149 2563 me
1177 2507 1384 2561 dictum
1408 2517 1489 2562 est
1517 2507 1697 2575 antea)
1728 2507 1920 2562 iisdem

353 2598 655 2653 ﬂoruerunt
689 2600 1046 2668 temporibus.
1091 2597 1237 2652 Vixit
1269 2599 1416 2653 enim
1470 2599 1560 2652 hic
1600 2596 1750 2663 Ozia,
1796 2597 1923 2652 Joa-

353 2692 560 2755 tlnamo,
592 2691 834 2756 Achazo,
868 2698 921 2746 et
949 2690 1180 2746 Ezecbia
1208 2689 1408 2746 Iudaea:
1454 2707 1679 2761 regnum
1728 2699 1921 2745 tenen-

354 2782 519 2836 tibus.
553 2780 832 2836 Visionem
865 2790 1047 2836 autem
1077 2782 1331 2845 intuitus,
1364 2781 1693 2835 vaticinatus
1721 2791 1803 2836 est
1826 2779 1924 2833 ad-

349 2888 545 2927 versus
606 2872 845 2927 Iudaeam
905 2882 957 2927 et
1008 2871 1372 2928 Hierusalem.
1417 2872 1616 2928 Factus
1677 2880 1761 2927 est
1794 2887 1922 2927 vero

349 2980 536 3020 sermo
563 2964 782 3019 Domini
817 2965 882 3018 ad
922 2967 1100 3036 ipsum
1134 2967 1386 3035 bonaque
1417 2966 1591 3035 ipsius
1624 2966 1921 3036 prephetize

353 3071 482 3125 pars
514 3057 740 3111 nuntius
758 3065 843 3111 est
873 3056 1096 3126 quidam
1127 3057 1193 3112 de
1223 3057 1383 3112 Verbi
1410 3057 1501 3112 Dei
1530 3059 1788 3121 adventu,
1825 3058 1920 3113 de-

2030 592 2123 646 καὶ
2156 593 2283 664 περὶ
2312 595 2410 664 τῆς
2443 591 2818 664 παρελεύαεως
2847 589 2957 644 τῶν
2987 589 3172 655 σκιῶν,
3207 597 3303 645 καὶ
3335 590 3462 659 περὶ
3491 591 3591 659 τῆς.

2030 684 2273 756 κλήσεως
2309 684 2415 738 τῶν
2444 683 2627 737 ἐθνῶν.

2331 775 2669 828 ΖΑΧΑΡΙΑΣ
2706 774 2863 828 ΥΙΟΣ
2898 773 3136 835 ΣΔΔΔΩ,
3175 773 3277 828 IA'.

2100 867 2209 920 Kal
2240 860 2390 931 οὗτος
2420 866 2498 937 τῷ
2540 867 2775 940 δευτέρῳ
2817 866 2924 921 ἔτει
2967 865 3191 939 Δαρείου
3233 863 3576 938 προφητεύει.

2043 960 2200 1014 Ἀλλὰ
2244 960 2322 1033 τῷ
2361 961 2529 1031 ὀγδόῳ
2574 962 2704 1033 μηνὶ
2743 960 2898 1029 λόγος
2944 958 3148 1032 Κυρίου
3193 959 3408 1027 ἐγένετο
3454 957 3581 1031 πρὸς

2031 1053 2211 1117 αὑτὸν,
2242 1052 2337 1106 καὶ
2361 1052 2587 1122 ἄγγελος
2616 1053 2818 1123 Κυρίου
2841 1051 3016 1106 ἐλάλει
3046 1053 3103 1104 ὲν
3135 1049 3304 1121 αὐτῷ,
3330 1050 3425 1103 καὶ
3461 1067 3583 1121 προ-

2032 1143 2252 1212 φητεύει
2284 1143 2420 1214 πρὸς
2462 1146 2588 1207 τοὺς
2625 1145 2867 1216 πατέρας
2890 1184 2906 1209 ,
2946 1144 3039 1197 καὶ
3077 1144 3176 1215 τὴν
3219 1143 3579 1215 Ἰερουσαλήμ.

2031 1232 2238 1297 Πολλὰς
2269 1233 2325 1286 δὲ
2351 1235 2445 1288 καὶ
2487 1234 2731 1298 ποικίλας
2771 1234 2987 1306 ὁράσεις
3016 1234 3220 1305 βλέπει,
3248 1237 3343 1289 καὶ
3375 1252 3580 1307 προφη-

2030 1323 2174 1378 τεύει
2204 1326 2331 1396 περὶ
2368 1324 2461 1380 τοῦ
2494 1326 2743 1397 Σωτῆρος
2774 1327 2863 1382 διὰ
2896 1326 3141 1390 πολλῶν,
3177 1329 3271 1381 καὶ
3312 1328 3583 1398 σημαίνων

2031 1417 2189 1473 αὐτὸν
2214 1416 2467 1488 ἔρχεσθαι
2498 1418 2590 1472 ἐπὶ
2624 1418 2740 1472 ὅνον
2771 1420 2864 1473 καὶ
2898 1418 3079 1472 πῶλον
3113 1417 3430 1488 ὑποζυγίου.

2549 1512 2906 1565 ΜΑΛΑΧΙΑΣ
2925 1552 2940 1576 ,
2975 1511 3072 1565 lB'.

2098 1601 2207 1654 Καὶ
2255 1592 2409 1665 οὗτος
2466 1600 2604 1672 μετὰ
2655 1602 2753 1673 τὴν
2808 1604 3182 1674 αἰχμαλωσίαν
3233 1603 3453 1673 γέγονεν
3499 1603 3586 1657 ἐπὶ

2028 1692 2248 1765 Δαρείου
2335 1694 2526 1766 λῆμμα
2556 1695 2612 1748 δὲ
2641 1682 2798 1765 λόγου
2840 1698 3044 1769 Κυρίου
3084 1701 3142 1752 ἐν
3170 1699 3315 1770 χειρὶ
3360 1697 3585 1767 ἀγγέλου

2030 1783 2191 1837 αὑτοῦ
2233 1784 2327 1839 ἐπὶ
2351 1785 2443 1840 τὸν
2482 1786 2697 1863 Ἰσραὴλ
2725 1787 3072 1858 προφητεύει.
3120 1787 3394 1853 Ὀνειδίζει
3420 1790 3474 1842 δὲ
3500 1787 3589 1843 τὸν

2039 1876 2252 1948 Ἰσραὴλ
2279 1877 2371 1929 ἐπὶ
2397 1881 2515 1942 ταῖς
2545 1878 2886 1950 παραϐάσεσι
2906 1919 2921 1944 ,
2968 1881 3063 1933 καὶ
3086 1881 3357 1952 μέμφεται
3391 1881 3481 1933 ἐπὶ
3522 1883 3587 1955 τῇ

2025 1968 2252 2041 ἀμελείᾳ
2274 1968 2384 2023 τῶν
2409 1969 2645 2024 δεκάτων
2665 2011 2679 2036 ,
2716 1973 2810 2026 καὶ
2855 1972 2956 2042 τῆς
2988 1972 3125 2044 πρὸς
3170 1973 3296 2034 τοὺς
3346 1973 3589 2043 πτωχοὺς

2025 2060 2325 2125 κοινωνίας·
2369 2061 2695 2134 προφητεύει
2726 2063 2781 2116 δέ
2815 2064 2944 2135 περὶ
2964 2061 3065 2133 τῆς
3103 2063 3310 2135 ἡμέρας
3341 2063 3439 2134 τῆς
3467 2062 3587 2136 κρί-

2028 2171 2198 2217 σεως,
2242 2155 2337 2209 καὶ
2379 2155 2479 2225 τῆς
2529 2155 2621 2208 τοῦ
2654 2156 2904 2228 Σωτῆρος
2936 2155 3311 2228 ἐπιλάμψεως,
3350 2158 3444 2210 καὶ
3487 2158 3590 2229 πρὸ

2024 2249 2122 2318 τῆς
2146 2248 2443 2318 παρουσίας
2461 2248 2554 2302 τοῦ
2579 2249 2729 2320 Σωτῆ
2739 2267 2827 2321 ρος
2853 2250 3270 2304 ἀποστέλλεσθαι
3294 2249 3385 2303 τὸν
3409 2248 3588 2303 Ἠλίαν

2028 2339 2302 2408 σημαίνει.

2464 2432 2711 2484 ΗΣΑΙΑΣ
2748 2432 2904 2485 ΥΙΟΣ
2941 2432 3146 2486 ΑΜΩΣ.

2097 2514 2265 2586 Οὗτος
2298 2521 2392 2575 καὶ
2437 2523 2626 2592 Ὠσηὲ,
2670 2521 2811 2575 καθά
2860 2526 3117 2594 προεῖπον
3139 2564 3153 2588 ,
3195 2522 3589 2594 συνεχρόνησαν

2025 2612 2307 2686 ἀλλήλοις’
2345 2614 2439 2667 καὶ
2479 2614 2587 2685 γὰρ
2634 2614 2726 2669 καὶ
2760 2609 2913 2679 οὗτος
2952 2616 3044 2669 ἐπὶ
3078 2615 3272 2681 Ὀζίου,
3312 2615 3404 2669 καὶ
3450 2616 3587 2668 Ἰωα-

2025 2705 2156 2776 θάμ,
2186 2707 2281 2759 καὶ
2314 2704 2510 2776 Ἀχὰζ,
2544 2706 2638 2759 καὶ
2679 2706 2916 2777 Ἐζεκίου
2963 2706 3221 2777 βασιλέων
3260 2707 3456 2771 Ἰούδα,
3495 2706 3585 2775 γέ-

2025 2813 2214 2866 γονεν·
2250 2797 2440 2868 ὅρασιν
2487 2797 2543 2850 δὲ
2594 2795 2851 2866 ἑωρακὼς
2928 2797 3255 2870 προφητεύει
3307 2799 3449 2853 κατά
3488 2798 3587 2869 τῆς

2035 2888 2313 2953 Ἰουδαίας,
2344 2889 2437 2943 καὶ
2473 2888 2612 2943 κατά
2653 2890 3018 2961 Ἰερουσαλήμ.
3066 2892 3175 2957 Kal
3213 2889 3367 2958 λόγος
3390 2890 3447 2944 δέ
3479 2891 3586 2943 Κυ-

2028 2981 2139 3052 ρίου
2174 2980 2310 3052 πρὸς
2345 2981 2505 3033 αὐτὸν
2542 2981 2731 3050 γέγονε
2752 2999 2765 3012 ⁸
2805 2982 2897 3035 καὶ
2939 2982 3001 3035 τὸ
3034 2982 3281 3036 πλεῖστον
3318 2982 3417 3052 τῆς
3453 2995 3581 3053 προ-

2023 3071 2248 3142 φητείας
2281 3071 2446 3125 αὐτοῦ
2499 3074 2646 3126 ἐστιν
2679 3072 2969 3141 εὐαγγελία
3022 3074 3147 3144 περὶ
3181 3072 3281 3142 τῆς
3325 3070 3575 3141 ἐνσάρκου

350 3161 458 3215 que
492 3147 559 3199 iis
595 3163 714 3217 quae
735 3156 926 3203 nostro
958 3150 1178 3204 nomine
1209 3166 1405 3219 passus
1437 3159 1541 3207 est.
1578 3150 1917 3205 Vaticinatur

2029 3165 2325 3235 παρουσίας
2354 3164 2448 3217 τοῦ
2497 3164 2670 3233 Λόγου
2705 3164 2798 3218 τοῦ
2827 3164 2991 3229 Θεοῦ,
3033 3164 3126 3217 καὶ
3161 3157 3236 3223 ὧν
3264 3164 3330 3218 ἂν
3375 3161 3580 3229 ἐδέξατο

349 3242 531 3288 autem
560 3234 627 3289 de
659 3236 915 3306 gentibus
961 3254 1084 3308 quae
1127 3246 1433 3311 sequuntur
1466 3259 1479 3295 :
1516 3241 1779 3297 adversus
1811 3243 1882 3296 Ba

348 3326 627 3395 bylonem;
651 3326 706 3381 in
728 3328 1078 3400 alienigenas,
1111 3338 1165 3385 et
1190 3330 1454 3388 adversus
1483 3331 1831 3397 Damascum,
1862 3334 1915 3387 in

351 3415 667 3488 JEgyptum,
716 3419 772 3472 in
814 3417 1130 3483 ldumaeam,
1176 3420 1232 3474 in
1268 3422 1464 3477 vallem
1500 3422 1703 3486 Siouis,
1738 3425 1793 3477 in
1819 3424 1919 3495 Ty-

344 3525 490 3577 rum,
526 3519 650 3581 post
690 3527 812 3582 quae
847 3514 1098 3583 sequitur
1127 3515 1268 3570 visio
1301 3517 1737 3587 quadrupedum,
1796 3533 1917 3587 qum

346 3605 559 3659 suntin
601 3619 805 3660 eremo.
848 3605 1049 3661 Narrat
1077 3616 1132 3662 et
1170 3607 1562 3665 Sennacherim
1611 3610 1916 3681 expeditio-

344 3712 491 3759 nem,
537 3706 591 3752 et
624 3699 885 3768 Rapsaca:
920 3700 1301 3770 jactationem,
1337 3702 1790 3775 excidionemque
1818 3720 1913 3760 eo-

343 3801 488 3846 rum,
520 3793 574 3841 et
604 3786 1158 3844 interitum.Additet
1182 3790 1423 3847 Ezechias
1455 3794 1726 3858 morbum,
1748 3802 1917 3864 utque

346 3876 508 3929 morti
550 3876 852 3945 proximus,
887 3877 1024 3934 fusis
1056 3881 1125 3935 ad
1156 3879 1326 3935 Deum
1349 3884 1630 3952 precibus,
1664 3885 1720 3939 in
1750 3886 1914 3955 quin-

348 3969 522 4029 decim
580 3985 756 4025 annos
780 3970 902 4027 vitae
950 3972 1056 4026 sibi
1086 3974 1526 4043 prorogationem
1579 3975 1912 4045 impetravit.

350 4058 692 4115 Vaticinatur
724 4077 886 4132 porro
917 4064 1209 4128 eunuchis,
1238 4073 1292 4121 et
1333 4066 1609 4137 gentibus,
1641 4067 1825 4123 addito
1846 4068 1913 4123 ad

348 4154 508 4205 litium
538 4151 643 4207 dici
665 4152 892 4221 judicio.

618 4242 993 4300 HIEREMIAS
1029 4245 1348 4302 CHELCIIE
1389 4246 1636 4313 FILIUS,

892 4336 938 4390 E
965 4339 1344 4394 sacerdotibus.

412 4427 539 4494 Iste,
569 4430 714 4499 quod
744 4430 893 4499 prius
928 4430 1062 4497 dixi,
1096 4439 1150 4487 et
1178 4430 1512 4502 Sophonias,
1540 4432 1731 4489 iisdem
1761 4436 1911 4490 vixe-

2024 3253 2090 3306 δι’
2123 3255 2269 3325 ἡμᾶς
2304 3253 2511 3309 παθών.
2540 3254 2874 3325 Προφητεύει
2900 3255 2956 3309 δὲ
2986 3256 3077 3309 καὶ
3104 3255 3195 3307 ἐπὶ
3227 3254 3353 3324 ἔθνη
3380 3252 3546 3306 ταῦτα
3565 3268 3580 3284 ο

2026 3347 2163 3400 κατὰ
2215 3347 2532 3412 Βαὸυλῶνος
2553 3389 2568 3414 ,
2615 3349 2707 3401 ἐπὶ
2745 3349 2873 3412 τοὺς
2910 3347 3267 3416 ἀλλοφύλους,
3310 3346 3451 3401 κατά
3482 3348 3583 3399 Δα-

2029 3439 2260 3509 μασκοῦ,
2295 3440 2487 3513 ὅρασιν
2529 3440 2837 3511 Αἰγύπτου,
2886 3442 3067 3512 ὅραμα
3111 3439 3210 3508 τῆς
3250 3438 3579 3509 Ἰδουμαίας,

2022 3534 2202 3604 ὅραμα
2237 3536 2338 3605 τῆς
2379 3535 2661 3604 φάραγγος
2710 3532 2880 3598 Σιὼν,
2936 3534 3118 3605 ὅραμα
3148 3532 3358 3604 Τύρου,
3399 3533 3582 3603 ὅρασιν

2022 3627 2131 3681 τῶν
2156 3628 2499 3699 τετραπόδων
2542 3628 2647 3681 τῶν
2668 3630 2725 3681 ἐν
2755 3630 2821 3699 τῇ
2859 3628 3072 3698 ἐρήμῳ.
3099 3627 3377 3696 Διηγεῖται
3405 3624 3463 3677 δὲ
3491 3623 3583 3676 καὶ

2021 3722 2119 3792 τὴν
2144 3720 2329 3789 ἔφοδον
2375 3720 2759 3792 Σεμναχηρεὶμ
2779 3760 2794 3784 ,
2828 3719 2923 3773 καὶ
2956 3718 3222 3787 Ῥαψάκου
3250 3716 3349 3788 τὴν
3389 3714 3581 3779 ἀλαζο-

2023 3813 2159 3875 νίαν,
2188 3813 2287 3885 τήν
2320 3829 2380 3865 τε
2427 3811 2634 3866 πτῶσιν
2678 3813 2771 3866 καὶ
2820 3810 3094 3865 ἀπώλειαν
3128 3810 3335 3865 αὐτῶν·
3374 3810 3466 3864 καλ⁵
3502 3809 3579 3861 ὅτι

2022 3907 2248 3977 νοσήσας
2287 3904 2562 3971 Ἐζεκίας,
2600 3905 2694 3958 καὶ
2742 3903 2949 3974 μέλλων
2995 3901 3393 3975 ἀποθνήσκειν,
3424 3900 3581 3966 εὐξά-

2025 4013 2184 4067 μενος
2212 3995 2529 4068 προσθήκην
2557 3995 2713 4066 ἔσχεν
2744 3995 2879 4049 ἐτῶν
2903 3995 3216 4050 δεκαπέντε.
3247 3994 3579 4067 Προφητεύει

2019 4089 2074 4142 δὲ
2107 4089 2201 4142 καὶ
2229 4087 2535 4158 εὐνούχοις,
2569 4089 2664 4142 καὶ
2691 4091 2801 4152 τοῖς
2824 4086 3002 4141 ἔθνεσι
3052 4089 3111 4142 ἐν
3152 4086 3232 4159 τῷ
3274 4087 3418 4141 τέλει
3455 4085 3578 4158 περὶ

2018 4182 2117 4251 τῆς
2147 4179 2358 4252 ἡμέρας
2391 4179 2492 4249 τῆς
2524 4180 2774 4252 κρίσεως.

2326 4271 2651 4325 ΙΕΡΕΜΙΑΣ
2704 4272 2746 4325 Ο
2786 4271 2923 4325 ΤΟΥ
2958 4271 3287 4337 ΧΕΛΧΙΟΥ,

2555 4363 2650 4416 Ἐκ
2681 4361 2800 4415 τῶν
2829 4362 3050 4431 ἱερέων.

2091 4449 2278 4519 Οὗτος,
2309 4455 2452 4513 καθὰ
2477 4456 2755 4526 προεῖπον,
2789 4455 2885 4508 καὶ
2916 4455 3175 4525 Σοφονίας
3198 4455 3576 4527 συνεχρόνισαν

339 4529 469 4575 runt
522 4523 883 4592 temporibus,
947 4524 1041 4579 sed
1097 4526 1300 4579 mansit
1348 4525 1650 4583 Hieremias
1690 4526 1756 4581 ad
1793 4526 1915 4583 Joa-

2029 4550 2227 4611 ἑαυτοῖς
2247 4563 2261 4577 ο
2298 4523 2595 4619 παρέμεινε
2629 4545 2687 4599 δὲ
2718 4538 2872 4610 οὗτος
2907 4523 3012 4612 ἓως
3053 4523 3448 4618 Ἰωακεὶμξκαὶ
3474 4546 3574 4609 ἕως

338 4614 542 4668 ciuium
581 4630 772 4684 usque,
805 4624 859 4670 et
893 4617 1243 4673 undecimum
1277 4617 1516 4677 Sedeciae
1564 4620 1732 4698 Iudae
1766 4622 1909 4692 regis

339 4718 566 4768 annum,
618 4705 672 4759 id
706 4712 790 4762 est
821 4707 889 4761 ad
936 4708 1121 4779 populi
1152 4725 1327 4781 usque
1359 4712 1751 4783 captivitatem.
1808 4713 1912 4767 Fa-

339 4804 487 4851 ctum
512 4805 597 4853 est
623 4806 804 4853 autem
851 4801 1076 4855 verbum
1112 4803 1326 4859 Domini
1368 4806 1436 4860 ad
1464 4821 1612 4874 cum,
1643 4814 1697 4862 et
1726 4808 1911 4863 multis

339 4887 841 4962 Hierosolymorum
866 4893 1183 4965 iniquitates
1214 4899 1415 4968 arguit,
1449 4900 1623 4970 deque
1668 4902 1826 4971 ipsis,
1860 4909 1913 4957 et

341 4979 408 5036 de
434 4982 684 5037 siccitate
720 4985 1052 5042 vaticinatus
1081 4999 1186 5044 est.
1232 4988 1491 5046 Praedixit
1531 4994 1659 5049 item
1687 4994 1757 5050 de
1787 4995 1913 5049 Ela-

343 5076 494 5133 mitis
521 5078 798 5147 gentibus,
851 5079 1075 5151 foreque
1108 5091 1164 5136 ut
1194 5083 1467 5155 Egyptus
1499 5100 1529 5139 a
1581 5103 1707 5158 rege
1736 5087 1912 5159 Baby-

340 5169 488 5225 lonio
514 5173 947 5231 exscinderetur.
979 5176 1203 5232 Addidit
1229 5187 1283 5233 et
1322 5181 1662 5250 prophetiam
1714 5184 1769 5237 in
1808 5183 1910 5237 Ba-

340 5260 613 5330 bylonem,
646 5275 700 5321 et
731 5281 1041 5322 sermonem
1072 5285 1233 5342 quem
1267 5270 1459 5326 habuit
1480 5271 1639 5341 jussu
1671 5271 1907 5337 Domini,

339 5357 408 5411 ad
440 5355 685 5414 Saraiam
720 5359 892 5416 Nerize
944 5363 1137 5427 ﬁlium,
1183 5364 1250 5418 ad
1296 5364 1609 5431 Idutnazam,
1660 5366 1730 5420 ad
1771 5367 1910 5423 ﬁlios

340 5445 597 5513 Ammon,
629 5459 682 5507 et
706 5452 772 5506 ad
798 5451 976 5508 Cedar
997 5457 1239 5526 reginam
1269 5457 1408 5511 aulae
1438 5473 1603 5527 quam
1635 5460 1909 5529 percussit

337 5536 811 5604 Nabugodonosor
840 5562 932 5601 rex
975 5547 1290 5619 Babylonis.
1343 5548 1653 5619 Alloquitur
1695 5561 1749 5607 et
1796 5552 1906 5606 Da-

338 5643 606 5692 mascum,
626 5642 680 5684 et
709 5633 867 5687 Moah
896 5647 950 5690 et
975 5636 1332 5702 Hierusalem,
1362 5651 1415 5694 et
1450 5639 1669 5705 Judam,
1699 5649 1754 5696 et
1775 5640 1911 5698 Rhe-

342 5717 648 5772 eabitarum
686 5722 969 5788 familiam,
1004 5736 1058 5780 et
1102 5730 1338 5784 tiliorum
1383 5729 1654 5797 Juuadab,
1703 5744 1756 5791 et
1812 5734 1909 5790 Ju—

341 5805 513 5870 dmos,
562 5809 651 5881 qui
730 5817 928 5868 terram
984 5814 1221 5887 Egypti,
1276 5821 1370 5895 qui
1426 5821 1750 5893 Magdalum,
1813 5827 1907 5905 qui

2014 4642 2296 4696 ἑνδεκάτου
2324 4639 2475 4721 ἔτους
2495 4640 2741 4694 Σεδεκίου
2771 4639 3032 4710 βασιλέως
3045 4641 3231 4707 Ἰούδα,
3250 4640 3357 4704 ἓως
3383 4643 3573 4711 αίχμαυ

2013 4734 2215 4796 λωσίας
2240 4730 2333 4786 τοῦ
2363 4731 2513 4786 λαοῦ.
2556 4732 2732 4803 Ῥἧμα
2752 4732 2809 4785 δέ
2834 4732 2968 4785 Θεοῦ
2991 4733 3207 4801 ἐγένετο
3234 4734 3372 4805 πρὸς
3394 4732 3568 4795 αὐτὸν,

2012 4824 2086 4887 ὡς
2132 4823 2390 4894 ἐγεννήθη
2438 4821 2593 4891 λόγος
2620 4821 2823 4892 Κυρίου
2854 4820 2989 4893 πρὸς
3025 4821 3184 4874 αὐτόν
3205 4838 3218 4850 ·
3245 4822 3338 4875 καὶ
3370 4820 3569 4888 ἐλέγχει

2013 4914 2111 4976 τὰς
2158 4914 2368 4977 ἀδικίας
2412 4914 2510 4984 τῆς
2551 4912 2900 4983 Ἰερουσαλὴμ
2943 4911 3032 4968 διὰ
3082 4911 3318 4965 πολλῶνο
3362 4928 3569 4983 προφη-

2012 5005 2158 5058 τεύει
2199 5004 2256 5058 δέ
2296 5006 2386 5058 ἐπὶ
2420 5004 2801 5076 Ἰερουσαλὴμ,
2830 5003 2922 5057 καὶ
2966 5005 3092 5075 περὶ
3139 5004 3241 5074 τῆς
3278 5001 3563 5073 ἀϐροχίαςο

2014 5099 2104 5150 καὶ
2132 5098 2221 5149 ἐπὶ
2250 5098 2320 5150 τὰ
2350 5096 2474 5167 ἔθνη
2499 5096 2679 5167 Αίλὰμ
2717 5097 2811 5150 καὶ
2834 5093 2927 5148 τοῦ
2954 5093 3127 5148 ἐλθεῖν
3155 5093 3375 5164 βασιλέα
3401 5090 3571 5146 Βαϐυ-

2012 5184 2212 5253 λῶνος,
2259 5188 2353 5243 τοῦ
2401 5189 2628 5258 ἐκκόψαι
2690 5189 2788 5260 τὴν
2839 5188 2944 5258 γῆν
2987 5187 3258 5255 Αἰγύπτου
3279 5202 3292 5216 ·
3341 5186 3434 5239 καὶ
3482 5182 3571 5235 ἐπὶ

2017 5282 2339 5336 Βαϐυλῶνα*
2394 5281 2489 5336 καὶ
2562 5282 2753 5349 λόγος,
2815 5280 2874 5333 ὃν
2905 5279 3205 5333 ἐνετείλατο
3245 5277 3448 5350 Κύριος
3497 5273 3569 5344 τῷ

2021 5376 2260 5448 Ἱερεμίᾳ
2309 5376 2482 5427 εἰπεῖν
2520 5373 2597 5446 τῷ
2643 5372 2850 5445 Σαραία
2897 5371 2998 5442 υἱῷ
3054 5371 3297 5443 Νηρίου,
3353 5372 3447 5424 καὶ
3503 5369 3564 5437 τῇ

2025 5464 2295 5536 Ἰδουμαίᾳ
2321 5505 2337 5529 ,
2379 5465 2472 5516 καὶ
2503 5466 2614 5527 τοῖς
2666 5463 2799 5526 υἱοῖς
2836 5460 3091 5532 Ἀμμὼν,
3132 5462 3229 5513 καὶ⁸
3272 5463 3336 5531 τῇ
3386 5457 3568 5529 Κηδαρ

2017 5557 2300 5630 βασιλίσσῃ
2349 5556 2447 5627 τῆς
2484 5554 2686 5626 αὐλῆς,
2728 5555 2795 5625 ἢν
2834 5553 3067 5619 ἐπάταξε
3111 5550 3566 5632 Ναϐουχςδονόσσρ

2016 5647 2263 5721 βασιλεὺς
2284 5645 2616 5708 Βαϐυλῶνος,
2640 5644 2733 5697 καὶ
2756 5646 2821 5714 τῇ
2853 5641 3147 5713 Δαμασκῷ,
3168 5642 3263 5695 καὶ
3283 5645 3349 5710 τῇ
3379 5635 3560 5699 Μωὶϐ,

2014 5740 2106 5793 καὶ
2136 5737 2228 5807 ἐπὶ
2264 5735 2635 5806 Ἰερουσαλὴμ,
2664 5735 2756 5788 καὶ
2789 5735 2882 5788 ἐπὶ
2936 5732 3156 5798 Ἰούδαν,
3197 5731 3290 5785 καὶ
3320 5731 3399 5794 εἰς
3425 5724 3561 5783 οἷκον

2026 5827 2340 5901 Ῥηχαὸεὶμ,
2376 5826 2468 5881 καὶ
2519 5826 2625 5882 τῶν
2668 5825 2796 5882 υἱῶν
2850 5823 3100 5880 Ἰωναδαὸ
3121 5864 3137 5890 ,
3186 5825 3299 5887 ταῖς
3337 5837 3396 5877 τε
3435 5820 3559 5875 Ἰου-
