3926 6260
308 412 446 468 1269

1494 415 1591 472 DE’
1626 417 1804 474 vms
1841 405 2383 480 PROPHETARUM.

3419 430 3552 486 197d

305 530 502 595 δαίοις,
536 533 649 596 τοίς
694 532 1039 588 κατοικοῦσιν
1066 535 1125 589 ὲν
1161 539 1231 607 γῇ
1281 532 1582 607 Αἰγύπτου·
1619 539 1711 593 καὶ
1760 542 1872 604 τοῖς

2010 540 2255 613 'apbnas,
2305 547 2510 618 quique
2571 544 2840 604 Patnures
2883 547 3161 620 regionem
3206 548 3548 615 incolebant;

309 620 637 693 καθημένοις
669 625 726 677 ἐν
757 624 1032 698 Μαγδάλῳ
1069 627 1164 681 καὶ
1195 628 1286 681 ὲπί
1312 627 1531 698 Ταφνᾶς
1552 670 1566 694 ,
1594 630 1686 683 καὶ
1717 632 1774 684 ὲν
1806 633 1878 702 γῇ

2010 633 2194 691 ιοιιιοιι
2219 638 2474 709 denique,
2506 653 2630 694 cum
2656 639 2760 696 ista
2790 641 2859 696 ab
2883 655 2979 697 ore
2998 639 3284 698 Hieremiae
3302 651 3548 713 excepta,

307 712 612 787 Παθουρῆς.
643 716 787 788 Πρός
828 734 890 770 τε
931 716 1022 771 τὸν
1078 719 1310 792 Βαροὺχ,
1368 721 1457 774 ὅτε
1502 721 1709 795 ἔγραψε
1758 723 1882 786 τοὺς

2010 741 2040 779 ιι
2075 726 2216 783 libro
2249 728 2605 785 describeret.
2641 728 2839 785 Narrat
2872 746 3040 803 porro
3092 734 3196 789 sub
3240 731 3401 788 ﬁnem
3438 712 3556 805 quo

303 806 496 876 λόγους
523 807 747 872 τούτους
772 812 830 863 ὲν
855 809 932 880 τῷ
961 809 1149 881 βιϐλίῳ
1175 812 1282 866 ἀπὸ
1309 813 1572 885 στόματος
1595 814 1879 888 Ἱερεμίου.

1984 828 2146 891 pacto
2166 830 2454 891 exceptum
2500 837 2597 893 per
2629 822 2860 880 insidias
2907 824 3226 896 prophetam
3278 825 3335 881 in
3369 840 3557 882 coeno-

305 894 556 968 Περιέχει
588 896 646 950 δὲ
695 897 755 951 τὸ
790 897 993 968 βιϐλίον
1040 901 1132 953 ἐπὶ
1176 899 1396 969 τέλους,
1446 903 1527 957 δτι
1558 904 1610 956 cl.
1642 905 1881 960 Ἰουδαῖοι

2010 929 2107 967 sum
2147 914 2328 968 lacum
2368 913 2725 985 projecerint,
2761 894 2919 973 unde
2934 894 3027 973 est
3062 933 3159 988 pcr
3188 917 3555 975 Abdemelech

305 987 748 1054 ἐπιϐουλεύοντες
776 990 854 1061 τῷ
885 993 1158 1066 προφήτῃ,
1186 993 1415 1067 ἔρριψαν
1449 996 1611 1050 αὑτὸν
1636 998 1716 1062 εἰς
1752 998 1884 1052 λάκ-

304 1098 401 1134 κον
431 1079 709 1153 βορϐόρου,
727 1084 1157 1157 καὶἈϐδεμέλεχ
1177 1086 1367 1157 Αἰθίοψ
1395 1089 1667 1160 ἀνήγαγεν
1699 1091 1878 1145 αὐτόν.

519 1222 623 1278 Διὰ
648 1223 704 1278 τί
734 1224 942 1296 Βαροὺχ
971 1224 1277 1297 ἐπιγράφει
1302 1227 1369 1282 τὸ
1394 1228 1679 1296 ﬁrmior;

386 1314 606 1387 Ἐπειδὴ
669 1310 825 1380 οὗτος
863 1317 1089 1390 ,γράψας
1138 1318 1244 1372 ἀπὸ
1295 1319 1561 1391 στόματος
1615 1321 1881 1394 Ἰερεμίου

300 1406 431 1470 τοὺς
462 1409 519 1461 ὲν
547 1406 624 1479 τῷ
658 1406 845 1481 βιϐλίῳ
875 1408 1064 1478 λόγους
1085 1448 1101 1472 ,
1144 1411 1352 1480 ἀνέγνω
1387 1415 1496 1476 τοῖς
1526 1413 1583 1466 ὲν
1606 1415 1672 1484 τῇ
1704 1413 1882 1466 Βαϐυ-

1988 1005 2300 1079 Ᾱῖῑιιίορθιιι
2330 1015 2628 1067 extractus.

2329 1228 2439 1286 Cur
2475 1228 2691 1285 Baruch
2729 1228 2923 1284 librum
2948 1228 3231 1284 inscribit?

2061 1322 2198 1390 Quia
2231 1338 2356 1395 qua:
2388 1321 2696 1379 Hieremias
2722 1321 2979 1385 dictarat,
3009 1322 3068 1375 in
3108 1320 3251 1375 libro
3283 1334 3315 1374 a
3361 1335 3420 1376 se
3469 1319 3561 1377 de-

1988 1417 2198 1489 scripta
2224 1416 2464 1487 captivis
2495 1414 2639 1487 apud
2676 1412 3006 1486 Babylonem
3058 1411 3330 1477 recitavit,
3361 1424 3561 1468 conso-

299 1496 437 1552 λῶνι
469 1500 970 1569 αἰχμαλωτισθεῖσι,
1009 1501 1498 1574 παραμυθούμενος
1530 1505 1758 1570 αὐτοὺς,
1791 1507 1885 1559 καὶ

2010 1525 2107 1565 ans
2137 1525 2235 1565 eos
2261 1515 2316 1564 et
2342 1507 2533 1562 auxilii
2563 1520 2714 1578 spem
2742 1519 2773 1558 a
2799 1504 2910 1561 Deo
2939 1504 3199 1558 nuntians

841 1592 854 1611 ο
912 1610 917 1611 ,
929 1594 952 1609 Ο
1040 1595 1050 1611 I

301 1590 772 1662 ἐπαγγελλόμενος
795 1592 979 1656 αὐτοῖς
1001 1595 1101 1665 τὴν
1129 1594 1279 1665 παρά
1306 1594 1441 1648 Θεοῦ
1477 1596 1685 1650 ὲλπίδα.

517 1686 618 1738 Διὰ
645 1686 702 1739 τί
728 1686 928 1756 Θρῆνοι
955 1686 1263 1757 ἐπιπρὰεςει
1293 1687 1358 1740 τὸ
1381 1689 1657 1753 βίϐλιον;

389 1775 611 1848 Ἐπειδὴ
638 1778 762 1842 τοὺς
790 1778 981 1847 λόγους
1019 1778 1240 1843 τούτους
1282 1777 1580 1851 ὲθρήνησεν
1618 1780 1883 1852 Ἱερεμίας

2179 1689 2356 1753 Quare
2395 1684 2839 1741 Lamentationes
2876 1681 3068 1739 librum
3106 1682 3389 1737 inscribit?

2063 1779 2204 1847 Quia
2236 1780 2426 1835 verbis
2456 1779 2579 1835 istis
2607 1777 3108 1849 Hierosolymorum
3154 1785 3207 1831 et
3260 1775 3445 1846 populi
3471 1776 3561 1846 qui

303 1863 561 1936 περὶτῆς
599 1866 970 1939 Ἰερουσαλὴμ,
1010 1869 1098 1922 ὅτε
1141 1869 1313 1935 ἑάλω,
1350 1871 1443 1923 καὶ
1482 1870 1884 1944 αἰχμαλωτίσθη

2010 1874 2245 1944 :aptivus
2276 1883 2397 1930 erat
2430 1873 2686 1930 miserias
2711 1873 3040 1928 lamentatus
3069 1882 3175 1929 est.

300 1956 332 2008 ὁ
354 1954 506 2020 λαός.

514 2049 620 2104 Διά
649 2050 708 2103 τί
751 2050 1034 2124 Ἐπιστολὴ
1072 2050 1332 2124 Ἰερεμίου
1362 2056 1661 2120 καλεῖται;

389 2139 613 2213 Ἐπειδὴ
667 2143 870 2215 ταύτην
928 2143 1164 2216 ἔγραψεν
1212 2145 1479 2217 Ἱερεμίας
1540 2149 1652 2212 τοῖς
1714 2150 1772 2201 ὲν
1820 2150 1886 2220 τῇ

299 2234 687 2305 αἰχμαλωσίᾳ,
723 2235 865 2289 κατὰ
896 2236 1003 2290 τῶν
1053 2235 1286 2291 εἰδώλων
1315 2239 1747 2311 ἀσφαλιζόμενος
1793 2240 1890 2294 αύ-

298 2324 469 2388 τοὺς,
524 2324 611 2378 ἴνα
647 2326 742 2397 μὴ,
785 2326 1075 2396 βλέποντες
1126 2328 1297 2396 αὐτὰ,
1347 2330 1732 2403 συναπαχθῶσι
1779 2334 1891 2395 τοῖς

301 2414 625 2485 σεϐομένοις
657 2418 814 2471 αὐτά.

501 2527 843 2582 summa
871 2529 992 2602 (sic)
1032 2530 1189 2585 ΥιοΣ
1228 2532 1429 2588 ΒοΥΖι
1459 2533 1719 2588 ιΕΡΕοΣ.

377 2633 551 2703 Οὗτος
582 2640 639 2693 ὲν
663 2643 727 2711 τῇ
748 2641 1101 2714 αἰχμαλωσίᾳ,
1120 2643 1309 2712 γέγονε
1340 2644 1477 2716 μετά
1511 2645 1777 2717 Ἰερεμίαν
1801 2646 1893 2701 καὶ

295 2728 381 2801 τῷ
412 2728 654 2801 πέμπτῳ
688 2731 796 2784 ἔτει
836 2733 935 2804 τῆς
960 2734 1338 2805 αἰχμαλωσίας
1388 2736 1644 2808 Ἰωακείμ
1692 2736 1895 2809 ἤρξατο

298 2821 694 2894 προφητεύειν.
751 2825 916 2893 Λόγος
941 2825 996 2879 δὲ
1025 2826 1230 2898 Κυρίου
1275 2828 1490 2896 ἐγένετο
1524 2829 1661 2902 πρὸς
1692 2832 1853 2885 αὐτόν
1875 2849 1890 2863 ·

298 2914 400 2967 καὶ
440 2914 631 2984 ὅρασιν
679 2916 775 2986 μὲν
802 2916 1034 2987 ὲξαρχῆς
1083 2915 1221 2982 ζώου
1256 2919 1718 2992 τετραπροσὼπου
1765 2921 1893 2976 θαυ-

301 3005 525 3075 μαστὴν
575 3004 668 3057 καὶ
713 3005 1233 3079 ὲκπληκτικωτάτην
1297 3009 1392 3062 καὶ
1463 3010 1896 3082 δυσερμήνευτον

295 3097 426 3167 ὁρᾷ.
452 3096 797 3167 Προφητεύει
839 3097 896 3150 δὲ
935 3098 1026 3151 ἐπὶ
1067 3100 1183 3162 τοὺς
1211 3101 1619 3176 προφήταςτοῦ
1659 3103 1895 3176 Ἰσραὴλ,

2290 2049 2400 2104 Cur
2437 2048 2679 2120 Epistula
2708 2048 2997 2104 Hieremiae
3026 2048 3224 2102 dicitur
3244 2051 3269 2103 2

2065 2141 2205 2209 Quia
2246 2140 2419 2212 ipsam
2460 2139 2685 2211 scripsit
2714 2137 3117 2194 Hieremias-ad
3155 2137 3430 2207 captivum
3468 2148 3566 2205 ρον

1994 2235 2214 2304 pulum,
2270 2240 2331 2286 ut
2378 2228 2630 2287 eumdem
2667 2228 2932 2287 adversus
2984 2228 3131 2285 idola
3181 2230 3566 2296 conlirmaret,

1992 2344 2062 2384 ne
2108 2326 2205 2398 qui
2248 2327 2367 2397 ipsa
2413 2325 2794 2391 intuebantur,
2833 2322 2901 2378 ad
2934 2337 3124 2379 eorum
3166 2322 3408 2386 cultum,
3440 2332 3567 2374 cum

1994 2421 2063 2476 iis
2095 2434 2126 2473 a
2160 2410 2371 2490 quibus
2405 2418 2748 2482 colebantur,
2785 2420 3112 2487 raperentur

2142 2533 2480 2591 EZECHIEL
2517 2532 2677 2591 BUSI
2712 2527 3144 2588 SACERDOTIS
3176 2526 3425 2584 FILIUS.

2069 2647 2194 2703 Fuit
2246 2648 2338 2703 hic
2386 2647 2719 2719 captivitatis
2750 2654 2994 2717 tempore
3042 2651 3166 2717 post
3211 2643 3565 2712 Hieremiam,

1998 2757 2253 2813 annoque
2291 2741 2486 2811 quinto
2521 2739 2753 2795 Joacimi
2792 2739 3125 2810 captivitatis
3177 2738 3342 2807 coepit
3379 2735 3571 2791 vatici-

1999 2836 2143 2891 nari.
2180 2833 2378 2890 Factus
2405 2845 2492 2891 est
2520 2840 2702 2889 autem
2743 2848 2958 2897 sermo,
2995 2830 3138 2886 facta
3182 2830 3309 2885 item
3351 2827 3569 2883 Domini

1996 2943 2194 2983 manus
2248 2928 2314 2981 ad
2361 2942 2506 2991 eum,
2556 2924 2931 2994 visionemque
2964 2923 3118 2977 initio
3180 2919 3571 2992 quadriformis

2001 3017 2257 3073 animalis
2311 3016 2446 3071 vidit
2504 3015 2808 3070 mirabilem
2863 3014 3208 3082 maximeque
3270 3009 3572 3066 formidauo

2002 3110 2126 3165 dam
2151 3148 2165 3175 ,
2198 3115 2253 3165 et
2288 3107 2659 3179 explicatione
2683 3104 2978 3163 diliicilem.
3013 3103 3360 3159 Vaticinatur
3390 3109 3571 3157 autem

295 3189 397 3240 καὶ
416 3204 488 3285 πε
498 3188 554 3256 ρί
568 3187 662 3240 τοῦ
682 3187 838 3251 ξύλου
866 3191 964 3260 τῆς
983 3190 1253 3261 ἀμπέλου,
1278 3193 1371 3245 καί⁵
1386 3192 1631 3264 διήγημα
1656 3194 1894 3266 περὶτοῦ

2010 3203 2060 3255 in
2113 3200 2409 3271 prophetas
2461 3197 2663 3260 Israel,
2707 3198 2885 3269 deque
2924 3197 3074 3269 ligno
3110 3196 3259 3254 vitis.
3303 3195 3469 3250 Addit
3519 3201 3575 3248 et

292 3275 488 3339 ἀετοῦ,
527 3277 620 3329 καὶ
663 3276 1091 3349 διαμαρτύρεται
1154 3282 1210 3351 τῇ
1258 3280 1611 3353 Ἰερουσαλὴμ
1642 3282 1742 3347 τὰς
1769 3284 1894 3336 ἀνο-

291 3370 457 3440 μίας,
496 3368 720 3433 καὶτὰς
753 3370 1023 3440 ἁμαρτίας
1083 3372 1285 3443 αὐτῆς
1335 3373 1463 3443 περί
1488 3374 1548 3426 τε
1587 3374 1683 3445 τῆς
1720 3392 1898 3446 παρα-

288 3460 486 3530 ϐολῆς,
542 3457 610 3533 ἦς
650 3460 855 3528 ἔλεγον,
885 3465 934 3515 οἰ
964 3462 1196 3535 πατέρες
1237 3463 1439 3533 ἔφαγον
1458 3465 1701 3537 ὄμφακα,
1728 3467 1820 3519 κτιιί¹
1846 3467 1895 3520 οἰ

285 3554 527 3619 ὀδόντες
552 3553 659 3607 τῶν
692 3556 899 3609 τέκνων
930 3556 1259 3626 ἐμωδίασαν.
1304 3559 1412 3611 Καὶ
1440 3562 1552 3623 τοῖς
1595 3562 1731 3625 υἱοῖς
1765 3561 1897 3632 Ἀμ-

289 3646 442 3720 μὼν,
476 3646 587 3700 καὶ
628 3648 757 3719 περὶ
787 3648 886 3717 τῆς
924 3648 1130 3712 Ὀολᾶς,
1155 3648 1246 3702 καὶ
1272 3649 1371 3719 τῆς
1410 3650 1643 3716 Ὀλιϐἅς.
1670 3653 1779 3705 Καὶ
1803 3650 1896 3705 ἐπὶ

290 3740 446 3811 Σοὺρ
472 3737 701 3811 θρῆνον,
731 3739 826 3791 καὶ
849 3739 941 3792 ἐπὶ
971 3738 1193 3805 Σιδῶνα,
1232 3741 1326 3794 καὶ
1353 3724 1480 3813 περὶ
1526 3743 1741 3814 ἡμέρας
1784 3745 1896 3797 Κυ-

296 3833 446 3908 ρίου,
488 3832 588 3885 καὶ
638 3830 715 3902 τῷ
745 3830 942 3904 Φαραὼ
976 3832 1184 3903 βασιλεῖ
1210 3835 1484 3903 Αἰγύπτου
1513 3877 1528 3902 ,
1578 3837 1671 3890 καὶ
1705 3836 1898 3909 θρῆνον

294 3925 395 3978 ἐπὶ
455 3920 685 3995 Φαραὼ,
722 3924 815 3977 καὶ
840 3923 939 3997 τὴν
975 3924 1267 3995 Αἴγυπτον,
1295 3927 1389 3980 καὶ
1414 3927 1509 3981 ἐπὶ
1544 3927 1891 4002 όροςΣηείρ,

292 4018 395 4072 καὶ
419 4015 559 4087 περὶ
577 4014 686 4067 τῶν
718 4015 918 4070 ὀστέων
946 4016 1053 4070 τῶν
1074 4016 1484 4092 ἀναζησὰντων,
1516 4019 1610 4073 καὶ
1632 4021 1726 4072 ἐπὶ
1752 4019 1894 4090 Γὼγ,

291 4109 397 4161 καὶ
451 4106 558 4177 τὴν
606 4108 710 4175 γῆν
748 4106 839 4161 τοῦ
870 4107 1116 4178 Μαγώγ’
1147 4109 1226 4181 τῷ
1251 4128 1309 4163 τε
1331 4111 1551 4183 ἄρχοντι
1588 4111 1764 4185 Τύρου
1803 4115 1898 4166 καὶ

291 4200 510 4273 θρῆνον
572 4200 696 4253 κατ’
736 4198 924 4266 αὑτοῦ,
963 4203 1058 4256 καί⁹
1104 4206 1215 4266 τοῖς
1263 4205 1396 4267 υίοῖς
1427 4204 1517 4258 τοῦ
1547 4204 1678 4259 λαοῦ
1710 4204 1895 4273 αὐτοῦ,

290 4292 397 4349 καὶ
463 4292 566 4345 ἐπὶ
625 4292 751 4356 τοὺς
803 4293 1068 4364 ποιμένας
1100 4294 1191 4349 τοῦ
1229 4296 1473 4368 Ἰσραήλο
1515 4298 1610 4352 καὶ
1634 4298 1695 4351 τὸ
1716 4300 1899 4353 τελευ-

286 4389 453 4442 ταῖον
486 4385 599 4455 τὴν
649 4385 934 4458 οἰκοδομὴν
976 4385 1071 4440 τοῦ
1101 4386 1252 4453 ναοῦ,
1286 4388 1382 4442 καὶ
1410 4388 1510 4460 τῆς
1544 4390 1899 4464 Ἰερουσαλὴμ

286 4479 637 4552 διαγράφων
661 4478 1013 4548 προφητεύει.

717 4570 821 4623 Διὰ
853 4571 910 4623 τι
937 4571 1135 4642 Δανιὴλ
1169 4572 1469 4637 amicitur;

382 4658 625 4731 Ἐπειδὴ
654 4660 746 4712 καὶ
775 4660 936 4724 αὐτὸς
962 4663 1020 4715 ὲν
1042 4665 1109 4734 τῇ
1136 4663 1482 4736 αἰχμαλωσίᾳ
1510 4665 1767 4736 γεγονὼς,
1795 4668 1901 4733 ἕως

288 4753 392 4807 τοῦ
425 4749 706 4823 βασιλέως
756 4748 940 4820 Κύρου
968 4749 1062 4803 τοῦ
1096 4750 1328 4823 Πέρσου,
1369 4750 1439 4804 τὰ
1474 4753 1571 4823 μὲν
1603 4753 1745 4808 κατά
1773 4755 1904 4807 Σου-

293 4845 514 4898 ac".an
571 4840 747 4910 κρίνει
778 4839 965 4906 αὐτὸς,
1013 4843 1108 4896 καὶ
1146 4843 1461 4914 κατακρίνει
1498 4845 1627 4909 τοὺς
1663 4847 1903 4918 πρεσϐυ-

289 4938 354 4992 τέ
366 4953 505 5010 ρους
536 4933 617 4995 ὡς
667 4934 1007 5002 συκοφάντας
1031 4950 1047 4966 ο
1078 4933 1147 4987 τὰ
1176 4934 1231 4986 δὲ
1268 4934 1361 4987 τοῦ
1390 4935 1653 5005 βασιλέως
1678 4937 1902 4990 ἐνύπνια

289 5029 472 5091 αὐτὸς
530 5024 867 5093 ἀπαγγέλλει
897 5043 957 5079 τε
1000 5025 1093 5079 καὶ
1138 5025 1425 5096 ἑρμηνεύει
1450 5045 1462 5057 ·
1499 5027 1685 5099 βλέπει
1721 5028 1777 5081 δὲ
1807 5031 1903 5083 καὶ

288 5121 537 5196 ὁράσεις
567 5116 813 5180 τελείας
847 5119 976 5191 περί
1024 5118 1121 5189 μὲν
1156 5118 1266 5171 τῶν
1302 5116 1588 5189 βασιλειῶν
1629 5121 1743 5184 δύο,
1777 5122 1903 5194 περί

286 5216 351 5270 δὲ
404 5213 518 5282 τῆς
574 5208 671 5262 τοῦ
705 5210 959 5283 Σωτῆρος
1003 5210 1322 5283 παρουσίας,
1366 5213 1462 5265 καὶ
1508 5213 1902 5279 καταπαύσεως

287 5309 399 5379 τῆς
462 5302 850 5374 Ἰερουσαλὴμ,
903 5304 996 5358 καὶ
1031 5305 1129 5377 τῆς
1187 5304 1553 5375 Ἀντιχρίστου
1604 5307 1903 5380 παρουσίας

287 5407 415 5461 δύο.
475 5402 765 5472 Διηγεῖται
816 5400 871 5453 δὲ
902 5401 1028 5471 περὶ
1074 5401 1374 5474 μαρτυρίου
1412 5401 1639 5474 Σεδρὰχ,
1680 5402 1899 5473 Μησάχ,

302 5490 667 5561 Ἀϐδεναγὼ,
716 5493 809 5547 καὶ
848 5492 958 5547 τῶν
1006 5493 1188 5566 ὓμνων
1217 5495 1430 5549 αὐτῶν
1478 5496 1573 5548 καὶ
1630 5497 1710 5550 ὅτι
1750 5497 1903 5552 αὐτοὶ

292 5590 402 5663 μὲν
451 5582 826 5657 διεσώθησαν,
870 5588 918 5639 οἰ
963 5586 1019 5640 δὲ
1060 5588 1411 5652 ὑποκαίοντες
1439 5590 1902 5661 κατεφλέχθησαν,

287 5680 396 5738 καὶ
470 5672 732 5749 μετέγνω
765 5675 1013 5744 βασιλεύς
1033 5695 1046 5707 ·
1081 5678 1176 5732 καὶ
1222 5679 1304 5731 ὖτι
1341 5678 1505 5742 αύτδς
1537 5678 1791 5751 διεϐλήθη
1824 5682 1903 5744 εἰς

286 5773 388 5828 τὺν
416 5770 641 5824 λάκκον
656 5765 764 5820 τῶν
786 5767 1011 5823 λεόντων
1035 5786 1048 5799 ·
1077 5769 1138 5823 τὺ
1169 5769 1266 5840 μὲν
1305 5769 1540 5842 πρῶτον,
1582 5769 1765 5842 ἐπειδὴ
1798 5771 1904 5824 τῶν

291 5854 683 5920 Βαϐυλωνίων
729 5861 1176 5931 προσευχομένων
1203 5860 1413 5932 Δαρείῳ
1446 5859 1523 5930 τῷ
1551 5859 1781 5931 βασιλεῖ,
1807 5862 1901 5930 μό-

2002 3292 2375 3347 narrationem
2418 3290 2486 3346 de
2515 3292 2694 3362 aquila
2715 3331 2731 3356 ,
2759 3291 3173 3360 insectaturque
3202 3289 3355 3344 urbis
3385 3287 3574 3341 Hiero-

2004 3372 2340 3451 solymorum
2390 3381 2712 3450 iniquitates
2764 3387 2815 3434 et
2858 3387 3102 3450 peCcata.
3163 3378 3399 3433 Disserit
3440 3377 3574 3431 item

2002 3471 2069 3527 de
2131 3471 2493 3527 similitudine
2543 3487 2707 3541 quam
2768 3469 3150 3540 usurpabant,
3209 3484 3335 3523 cum
3389 3475 3576 3538 patres

2002 3577 2136 3618 suos
2168 3562 2398 3618 acerbas
2434 3576 2566 3616 uvas
2600 3560 2938 3625 comedisse,
2976 3559 3071 3615 sed
3106 3560 3300 3614 dentes
3336 3557 3439 3613 sibi
3463 3551 3575 3637 'lob-

2004 3656 2284 3727 stupuisse
2316 3657 2584 3713 dicerent.
2617 3655 2873 3727 Disputat
2900 3657 3063 3712 etiam
3094 3655 3162 3711 de
3201 3653 3334 3711 Oola
3355 3696 3369 3721 ,
3399 3653 3577 3725 deque

2004 3748 2201 3816 Oliba,
2248 3758 2305 3806 et
2350 3748 2598 3821 adjungit
2639 3749 2823 3804 ﬂetum
2871 3750 2927 3804 in
2981 3746 3111 3814 Sur,
3168 3747 3221 3802 in
3273 3745 3572 3813 Sidonem;

2003 3842 2433 3914 disputationem
2465 3841 2533 3900 de
2562 3841 2651 3897 die
2697 3839 2944 3905 Domini,
2998 3840 3067 3896 de
3115 3839 3402 3895 Pharaone
3447 3853 3577 3909 rege

2003 3931 2266 4009 Egypti,
2329 3947 2451 3988 cum
2512 3931 2686 4003 ipsius
2744 3938 2798 3987 et
2854 3929 3003 4002 regni
3059 3929 3450 3986 lamentatione
3508 3929 3578 3982 de

2004 4032 2187 4081 monte
2224 4024 2386 4092 Seir;
2442 4022 2511 4080 de
2564 4024 2786 4080 ossiius
2832 4036 3023 4079 eorum
3076 4023 3170 4094 qui
3219 4022 3576 4087 revixerunt;

2002 4117 2069 4172 de
2105 4116 2219 4188 Gug
2241 4157 2257 4182 ,
2297 4117 2366 4173 de
2402 4125 2550 4173 terra
2589 4116 2814 4189 Magog,
2848 4118 2916 4173 de
2947 4115 3075 4190 Tyri
3107 4115 3381 4187 principe,
3416 4129 3578 4184 quem

2002 4226 2127 4266 cum
2171 4210 2300 4267 ﬁliis
2351 4212 2538 4284 populi
2593 4210 2678 4267 sui
2735 4209 3090 4271 lamentatur,
3144 4206 3213 4263 de
3260 4206 3578 4278 pastoribus

2004 4301 2189 4359 lsrael.
2224 4302 2570 4359 Vaticinatur
2595 4301 2832 4371 denique
2863 4300 2931 4355 de
2963 4299 3149 4370 templi
3192 4305 3248 4353 et
3291 4297 3446 4352 urbis
3493 4296 3580 4350 in-

2005 4395 2344 4451 stauratione
2373 4411 2537 4466 quam
2569 4393 2834 4464 depingit.

2446 4571 2624 4638 Quare
2658 4568 2846 4649 Daniel
2875 4577 3092 4624 vocatur
3113 4570 3139 4622 .9

2080 4664 2219 4732 Quia
2252 4673 2308 4721 et
2340 4665 2459 4734 ipse
2492 4663 2547 4717 in
2578 4660 2898 4731 captivitate
2935 4658 3037 4713 fuit
3070 4658 3138 4713 ad
3171 4657 3373 4730 Cyrum
3405 4670 3580 4728 usque

2002 4757 2292 4813 Persarum
2338 4769 2539 4826 regem.
2584 4753 2852 4810 Susanna;
2888 4752 3109 4823 quidem
3140 4765 3364 4805 causam
3385 4791 3400 4816 ,
3434 4749 3584 4805 dam-

2006 4851 2151 4905 natis
2194 4849 2485 4905 calumnia:
2506 4863 2671 4920 pozua
2712 4846 3054 4910 senioribus,
3093 4843 3397 4916 judicavit:
3435 4843 3580 4913 regis

2006 4950 2191 4998 autem
2222 4944 2436 4998 somnia
2464 4942 2686 5005 retulit,
2728 4950 2783 4995 et
2831 4940 3226 5009 interpretatus
3275 4945 3381 4993 est.
3432 4933 3581 4989 Vidit

2008 5052 2174 5108 porro
2219 5036 2462 5092 visiones
2496 5036 2746 5092 eximias.
2788 5034 2863 5089 De
2907 5035 3092 5105 regnis
3132 5032 3354 5105 quidem
3399 5031 3578 5094 duas;

2007 5128 2146 5183 duas
2160 5126 2292 5182 item
2320 5127 2386 5182 de
2404 5125 2704 5182 Salvatoris
2717 5124 2976 5191 adventu,
2997 5125 3172 5195 deque
3193 5122 3582 5195 Hierosolyma

2007 5221 2215 5291 requie,
2266 5227 2320 5276 et
2363 5221 2698 5277 Antechristi
2748 5234 2994 5275 accessu.
3047 5217 3245 5272 Narrat
3306 5223 3580 5287 praetcrea

2010 5310 2336 5383 martyrium
2366 5310 2635 5384 Sydrach,
2672 5310 2877 5366 Misach
2928 5317 2982 5364 et
3014 5308 3331 5377 Abdenago,
3367 5321 3584 5375 eorum-

2008 5418 2114 5470 que
2140 5402 2414 5457 canticum
2443 5420 2456 5455 :
2493 5407 2659 5470 utque
2687 5398 2918 5455 servatis
2946 5397 3101 5467 ipsis,
3136 5393 3438 5449 combustis
3483 5409 3582 5445 au-

2009 5503 2119 5550 tem
2180 5495 2275 5565 qui
2340 5494 2523 5564 ignem
2590 5489 3002 5551 succedebant,
3064 5502 3245 5556 regem
3306 5484 3578 5555 pmnituil.

2005 5585 2198 5640 Narrat
2244 5586 2410 5641 etiam
2459 5591 2518 5637 ut
2542 5582 2705 5638 estin
2764 5581 2978 5636 leonum
3032 5579 3207 5632 lacum
3253 5576 3580 5646 conjectits;

2008 5680 2241 5749 primum
2281 5677 2499 5748 quidem
2547 5676 2692 5746 quod
2726 5674 2945 5728 Darium
2993 5688 3172 5742 regem
3223 5671 3584 5727 adorantibus

2007 5768 2318 5841 Babyloniis
2368 5768 2657 5828 omnibus,
2713 5765 2865 5821 solus
2919 5766 3036 5835 ipse
3080 5761 3249 5821 Deum
3283 5761 3577 5825 adorarct;

2008 5862 2201 5917 deinde
2236 5878 2364 5918 vero
2399 5861 2542 5932 quod
2576 5860 2667 5914 Bel
2705 5865 2761 5916 et
2802 5858 3097 5915 draconem
3136 5856 3239 5912 sub
3271 5855 3413 5927 Cyro
3456 5866 3581 5924 rebs
