3926 6260
244 385 378 432 ανδ
1398 381 1715 438 CANONES
1751 382 1794 438 E

1916 384 2313 443 iGELIORUM.
3330 395 3466 449 ιεπι

243 493 389 564 παρὰ
421 491 481 546 τὸ
513 493 749 565 καθῆκον
776 495 1047 566 λαθραίως
1070 498 1346 570 ἐπιχειρῇ·
1387 501 1480 554 καὶ
1509 502 1645 573 αὕτη
1683 503 1740 557 δὲ
1774 507 1793 556 i

1920 523 2015 576 que
2043 507 2278 572 animus,
2307 509 2400 578 qui
2431 521 2540 562 non
2563 523 2715 579 aeque
2743 516 2826 566 est
2842 509 3067 566 allectus
3095 525 3220 581 erga
3252 511 3355 566 sibi
3377 513 3470 566 be-

240 587 468 642 ἑκάστου
509 587 764 654 διάθεσις,
813 590 905 662 μὴ
933 593 1132 661 ὁμοίως
1176 593 1514 665 διακειμένου
1565 599 1699 671 πρός
1751 617 1790 652 τι

1921 599 2162 664 nevolos,
2190 608 2352 671 atque
2380 600 2644 656 adversus
2669 617 2763 657 eos
2796 604 2888 673 qui
2918 603 3021 659 sibi
3051 618 3247 658 nocere
3270 618 3471 657 conan-

239 681 365 743 τοὺς
413 681 831 767 εὐεργετοῦντας
874 683 968 737 καὶ
1018 685 1152 755 πρὸς
1191 687 1318 750 τοὺς
1363 686 1614 756 βλάπτειν
1648 690 1789 743 αὐτὸἼ

1920 699 2021 746 tur.
2064 690 2230 762 Igitur
2283 702 2582 762 spontanea
2643 697 2901 765 magistra
2949 697 3240 766 unicuique
3292 704 3375 750 est
3405 699 3470 748 ad

242 771 684 843 ἐπιχειροῦνταςο
735 774 1046 845 αὐτομαθὴς
1088 775 1402 842 διδάσκαλος
1444 779 1648 848 γίνεται
1682 781 1792 835 ἑκά-

1920 781 2037 835 boni
2067 783 2300 852 malique
2329 782 2611 838 scientiam
2639 784 2725 839 lex
2762 795 3001 853 naturae,
3028 787 3154 840 dum
3187 794 3332 841 vetat
3369 802 3470 840 nos

245 881 356 933 στῳ
387 866 487 936 τῆς
520 865 648 936 περὶ
680 865 898 934 ἀγαθῶν
945 866 1036 920 καὶ
1074 868 1257 922 κακῶν
1289 870 1615 940 ἐπιστήμης,
1651 872 1679 922 ὁ
1708 872 1795 941 τῆς

1909 873 2131 927 cuilibet
2161 873 2359 937 facere,
2387 874 2528 944 quod
2558 890 2658 928 nos
2686 875 2753 928 ab
2791 875 2910 930 aliis
2944 877 3054 946 pati
3078 877 3363 930 nollemus.

244 955 460 1026 φύσεως
533 957 714 1028 νόμος,
775 957 946 1013 ταῦτά
997 977 1147 1025 τινας
1215 960 1346 1032 δρᾷν
1394 962 1601 1033 ἑτέροις
1663 964 2036 1036 ἀπαγορεύων,
2091 966 2233 1036 ἅπερ
2277 983 2361 1026 τις
2414 966 2573 1030 αὐτὸς
2618 968 2744 1037 παρ’
2814 966 3012 1038 ἐτέρων
3064 968 3162 1020 οὐκ
3195 965 3258 1020 ἂν
3302 965 3475 1020 ἕλοιτο

243 1047 457 1105 παθεῖν.

352 1141 440 1212 ιβ’.
476 1142 772 1196 Εὐσεϐἰου
802 1143 872 1197 ἐκ
901 1143 1008 1197 τοῦ
1038 1151 1068 1198 ι’
1103 1143 1210 1212 τῆς
1241 1152 1293 1198 a'
1332 1145 1701 1215 Εἱσαγωγῆς.

1921 1144 1998 1200 ιε.
2025 1144 2236 1200 Eusebii
2263 1127 2550 1204 ex'dea'mo
2583 1143 2996 1268 Igfroductionis
3017 1145 3202 1201 urima:
3225 1155 3471 1216 tanquam

2539 1233 2570 1268 a
2673 1225 2840 1268 atoue.

2309 1268 2317 1274 .
2539 1233 2570 1270 a
2601 1225 2840 1270 Platone.

327 1301 632 1373 Ἐνδέχεται
680 1304 794 1374 μὲν,
843 1297 887 1355 ὧ
929 1301 1158 1366 παιδίον,
1194 1302 1370 1370 λέγειν
1418 1301 1512 1374 μὲν
1546 1297 1627 1365 εὖ,
1670 1303 1808 1371 φαῦ-

1980 1307 2306 1379 Contingere
2339 1317 2534 1378 potest,
2559 1323 2592 1363 ο
2623 1326 2776 1382 puer,
2809 1317 2866 1362 ut
2897 1309 3092 1380 aliquis
3119 1309 3255 1365 bene
3288 1311 3472 1376 dicat,

238 1393 332 1446 λον
378 1394 436 1447 δὲ
483 1395 778 1466 ὑπάρχεινο
834 1393 1141 1466 πράσσοντα
1176 1394 1228 1447 δὲ
1269 1388 1349 1459 εὖ,
1412 1393 1609 1462 φαῦλον
1651 1392 1786 1447 εἶναι

1923 1417 2034 1456 cum
2065 1402 2241 1455 malus
2271 1401 2376 1466 sit;
2409 1410 2779 1456 verumtamen
2809 1401 3040 1471 aliquem
3073 1401 3209 1456 bene
3256 1401 3435 1459 facere
3457 1441 3473 1467 ,

240 1485 523 1540 ἀδύνατον.

1913 1492 2005 1563 qui
2041 1506 2240 1561 pravus
2263 1490 2354 1555 sit,
2390 1489 2741 1559 impossibile.

316 1585 405 1647 ιγ’.
440 1579 734 1633 Εὐσεὸίου
761 1580 829 1633 ἐκ
859 1579 964 1633 τοῦ
995 1587 1046 1634 a'
1075 1579 1183 1648 τῆς
1205 1587 1254 1634 α’
1272 1578 1738 1649 Ἐπιστολῆςῌ).

2025 1583 2107 1637 15.
2129 1580 2342 1634 Eusebii
2363 1597 2425 1633 ex
2448 1581 2615 1648 primo
2644 1580 2868 1649 capitulo
2898 1577 3148 1650 Epistolas
3166 1579 3368 1646 primae.

313 1669 420 1722 Βία
455 1669 572 1740 Θεῷ
604 1672 664 1723 οὑ
698 1671 1007 1743 πρόσεστιν.
1418 1704 1427 1708 -

1418 1704 1427 1708 -
1987 1672 2145 1727 Nulla
2183 1671 2348 1727 Deum
2377 1673 2460 1727 vis
2491 1673 2652 1743 cogit.

313 1824 394 1949 gl)
426 1825 503 1880 Ita
548 1841 777 1895 prorsus
831 1827 1093 1884 scribitur
1121 1827 1176 1881 in
1231 1829 1322 1882 illo
1347 1829 1533 1883 codice
1566 1825 1689 1882 Vat.
1732 1826 1810 1896 (p.
1915 1845 2036 1884 rum
2077 1830 2132 1883 in
2174 1829 2354 1899 plures
2391 1829 2559 1884 libros
2607 1828 2953 1894 distinctum;
3008 1843 3235 1898 quarum
3288 1829 3478 1884 saltem

374 1894 453 1949 bl.
473 1897 616 1949 unde
644 1913 744 1949 nos
777 1900 1111 1949 sumnsimus
1141 1897 1348 1949 Leontii
1378 1907 1430 1949 et
1457 1897 1682 1949 Joannis
1710 1897 1812 1949 Sa-
1919 1899 2207 1949 nonnullas
2242 1899 2312 1949 ob
2342 1899 2704 1949 prolixitatem
2737 1899 2887 1949 (nuta
2928 1899 2993 1949 de
3025 1900 3186 1949 rebus
3221 1898 3467 1949 dogmati-

238 1894 347 1950 H9
374 1894 453 1961 b),
473 1894 616 1950 unde
644 1913 744 1954 nos
777 1900 1111 1968 sumpsimus
1141 1897 1348 1952 Leontii
1378 1907 1430 1968 et
1454 1897 1682 1968 Joannis
1710 1894 1812 1952 sa-
1918 1894 2207 1954 nonnullas
2242 1899 2312 1953 ob
2342 1899 2704 1968 prolixitatem
2737 1899 2888 1966 (puta
2928 1899 2993 1954 de
3025 1894 3186 1954 rebus
3221 1898 3467 1968 dogmati-

233 1982 462 2040 prarum
493 1983 666 2040 rerum
690 1967 917 2040 librum,
947 1968 1143 2037 Script.
1174 1979 1270 2023 vet.
1297 1967 1480 2040 μνη.
1520 1969 1698 2040 Quare
1727 1983 1813 2040 se-
1919 1970 2022 2038 cis)
2046 1967 2418 2040 intercapilari
2447 1984 2585 2038 opus
2613 1968 2792 2026 fuerit.

233 2036 436 2105 quitur
459 2046 519 2090 ut
542 2037 918 2095 existimemus
954 2036 1232 2095 exstitisse
1279 2039 1530 2093 volumen
1558 2037 1816 2106 epistola-

234 2220 3468 2259 Μ

937 2405 1692 2562 EUSEBII
1875 2405 2783 2561 PAMPHILI

1245 2687 1754 2772 CIESABIEN
1770 2693 1924 2772 SIS
1994 2689 2463 2769 EPISCOPI

361 2873 970 2987 CANONES
1029 2882 1468 2987 DECEM
1527 2877 2242 2989 HABMONIE
2299 2875 3358 3019 EVANGELIORUM,

1275 3089 1612 3150 Pramissa
1643 3089 1724 3149 ad
1759 3088 2144 3167 Carpianum
2179 3089 2468 3168 epistola.

975 3248 1260 3312 (Gaurum,
1295 3250 1527 3299 Veterum
1553 3250 1760 3298 Patrum
1784 3246 2034 3311 Biblioth.,
2057 3250 2120 3311 Il,
2146 3251 2255 3312 553,
2281 3255 2334 3299 et
2356 3251 2558 3312 Proleg.
2582 3264 2628 3313 p.
2654 3251 2771 3314 uv.)

1566 3484 2185 3578 MONITUM.

653 3675 760 3746 (Ex
784 3675 1008 3732 Joannis
1044 3676 1206 3731 Miltii
1233 3675 1632 3747 Prolegomenis
1664 3676 1732 3731 ad
1766 3675 1975 3732 Novum
2006 3676 2396 3731 Testamentum
2433 3672 2695 3738 Caecum,
2726 3671 2787 3744 §§
2815 3671 3098 3744 738-711.)

308 3971 329 4004 ι
363 3949 535 4005 Inter
563 3945 670 4001 alia
699 3945 918 4002 Eusebii
942 3961 1107 4018 opera
1137 3955 1318 4003 exstat
1350 3948 1578 4018 epistola
1609 3949 1731 4018 ejus
1758 3948 1828 4002 ad
1862 3957 1902 4012 Β
1931 3943 2345 4000 monstrandum
2410 3937 2712 3994 Diatessari
2773 3937 2936 4008 hujus
2998 3936 3385 4009 perfectionem
3443 3951 3494 4002 et

223 4044 622 4116 Carpianum,
655 4055 819 4108 quam
855 4055 989 4095 mss.
1027 4039 1300 4110 plerisque
1331 4041 1617 4096 codicibus
1649 4043 1830 4095 Evano
1936 4038 2325 4109 integritatem.
2377 4032 2559 4102 Neque
2601 4031 2693 4085 alii
2737 4030 2832 4084 ulli
2876 4029 3054 4085 adhuc
3096 4031 3218 4084 usui
3247 4031 3493 4091 inservie-

218 4128 529 4211 Vgeliorum
573 4131 848 4201 praetixam
890 4132 1075 4186 videre
1104 4139 1210 4196 est,
1251 4147 1360 4186 una
1404 4147 1526 4186 cum
1575 4133 1694 4201 ejus
1730 4131 1834 4187 Ca-
1935 4133 2029 4187 bat
2063 4130 2248 4185 :unde
2276 4143 2378 4182 nec
2403 4123 2663 4182 credibile
2692 4131 2797 4190 est,
2832 4138 3092 4179 numeros
3131 4125 3266 4180 istos
3305 4141 3495 4199 propa-

224 4245 396 4294 none,
439 4238 621 4297 quem
656 4229 876 4286 vocant,
902 4223 1018 4278 sive
1050 4223 1225 4278 decem
1257 4223 1472 4289 tabulis,
1503 4224 1555 4277 in
1581 4239 1719 4293 quas
1749 4240 1837 4278 re-
1938 4234 2092 4297 gatos
2121 4223 2292 4279 fuisse
2320 4221 2462 4276 ultra
2494 4219 2667 4290 ipsius
2694 4217 2967 4271 Ammonii
2994 4219 3293 4288 exemplar.

231 4323 372 4377 tulit
421 4331 700 4374 numeros
743 4315 1141 4370 Ammonianos.
1189 4314 1395 4370 Horum
1445 4324 1623 4371 autem
1663 4317 1835 4372 artiﬁ-
2007 4317 2121 4371 Hoc
2156 4330 2279 4370 cum
2328 4315 2385 4368 in
2429 4311 2692 4367 Caesarea:
2729 4309 3056 4363 bibliotheca
3110 4309 3283 4365 aliave
3324 4310 3498 4381 aliqua

229 4416 422 4478 cium,
450 4423 735 4476 usumque
763 4423 924 4477 quem
954 4406 1198 4475 praebent
1230 4406 1520 4477 insignem,
1550 4406 1606 4460 in
1641 4421 1838 4476 repraz-
1940 4409 2240 4479 repositum
2270 4405 2566 4475 reperisset
2595 4401 2884 4464 Eusebius,
2912 4401 2968 4453 in
3019 4409 3250 4456 mentem
3283 4403 3386 4472 ipsi
3420 4420 3493 4460 ve

231 4504 535 4562 sentanda
596 4510 832 4570 quatuor
879 4499 1289 4569 Evangeliorum
1349 4499 1667 4562 harmonia,
1726 4498 1836 4567 jam
1939 4501 2052 4563 nit,
2093 4497 2391 4553 harmoniae
2429 4495 2624 4562 hujus,
2659 4506 3120 4561 numerorumque
3161 4493 3500 4549 Ammoniani

227 4597 500 4654 breviter
537 4589 955 4660 explicabimus.
991 4589 1128 4642 Ante
1160 4603 1334 4643 annos
1362 4599 1580 4644 centum
1614 4588 1838 4642 Ammo-
1943 4588 2359 4659 Evangeliorum
2396 4583 2603 4637 codicis
2631 4596 2754 4650 cpe,
2783 4579 2995 4634 institui
3031 4593 3094 4632 ac
3125 4581 3501 4649 repraesentari

228 4689 371 4744 nius
411 4679 854 4742 Alexandrinus,
907 4678 1168 4749 singulari
1205 4686 1322 4733 arte
1351 4689 1510 4749 atque
1541 4680 1742 4743 studio,
1775 4695 1841 4734 ex
1947 4695 2109 4752 posse
2153 4679 2427 4747 integrum
2494 4682 2546 4728 et
2615 4672 2913 4743 perfectum
2968 4669 3352 4738 Diatessaron,
3406 4687 3502 4725 σω·
3568 4695 3575 4708 ε

228 4787 501 4852 quatuor
535 4773 748 4828 nostris
781 4770 1093 4841 Evangeliis
1126 4770 1271 4824 inter
1296 4786 1354 4826 se
1394 4771 1628 4834 collatis,
1666 4776 1778 4825 conl

1951 4771 2170 4842 ζομένου
2205 4769 2297 4822 καὶ
2323 4767 2414 4820 τοῦ
2445 4766 2552 4820 τῶν
2572 4761 2972 4832 εὐαγγελιστῶν
3001 4762 3067 4815 δι’
3105 4762 3226 4816 ὅλου
3261 4760 3501 4832 σώματός

229 4851 400 4929 cer-at
468 4863 776 4936 ipsissimis
838 4862 1292 4932 evangelistarum
1345 4863 1526 4917 verbis
1577 4863 1840 4933 integram
1942 4880 2003 4916 τε
2033 4862 2127 4916 καὶ
2154 4858 2370 4932 εἱρμοῦ,
2403 4865 2464 4912 ιιι
2494 4857 2712 4912 Eusebii
2744 4853 2924 4909 verbis
2965 4861 3107 4906 utar.
3136 4851 3360 4924 Nempe,
3395 4867 3494 4923 per

228 4960 562 5037 quamdam
602 4954 887 5011 historiam
919 4955 1310 5022 evangelicum,
1347 4969 1442 5009 seu
1473 4954 1840 5010 Dialessaron.
1945 4954 2196 5010 lustratis
2250 4951 2482 5023 singulis
2536 4948 2831 5004 harmoniae
2872 4949 3032 5002 istius
3082 4946 3349 5017 partibus,
3383 4959 3506 5037 pugna

231 5036 388 5110 Cum
415 5050 668 5121 primum
693 5057 872 5102 autem
902 5047 1042 5100 hanc
1069 5045 1409 5115 digessisset,
1437 5047 1596 5100 etiam
1626 5047 1845 5102 univer-
1947 5064 2069 5104 cum
2105 5046 2350 5102 numeris
2376 5044 2532 5113 juxta
2561 5041 2755 5112 positis
2778 5041 2834 5094 in
2859 5039 3102 5109 margine
3129 5038 3276 5107 (nam
3301 5046 3358 5091 et
3380 5036 3507 5101 illic,

229 5163 367 5205 sum
425 5139 859 5210 Evangeliorum
910 5146 1115 5192 textum
1166 5136 1219 5190 in
1271 5137 1541 5193 sectiones
1579 5139 1842 5208 quasdam
1947 5139 2152 5210 pariter
2179 5153 2243 5191 ac
2267 5137 2323 5190 in
2346 5137 2536 5190 codice
2560 5139 2680 5205 ejus
2700 5133 3013 5203 evangeliea
3033 5137 3322 5186 annotatos
3344 5128 3507 5184 fuisse

228 5237 469 5298 divisit,
510 5239 572 5287 et
615 5231 764 5286 notis
807 5229 1180 5284 numeralibus
1224 5228 1471 5283 distinxit
1504 5229 1559 5282 in
1599 5231 1844 5302 margine
1888 5300 1901 5302 _
1951 5246 2113 5301 supra
2147 5226 2535 5298 ostendimus),
2565 5226 2856 5281 constabat
2886 5239 3076 5279 omnes
3115 5221 3339 5276 omnino
3369 5219 3509 5289 peri-

229 5332 328 5389 ειιὶ
389 5322 764 5390 exemplaris.
825 5319 1108 5374 Sectiones
1157 5318 1276 5373 istae
1335 5333 1444 5372 non
1499 5319 1617 5374 aliae
1666 5300 1844 5386 erant,
1873 5300 1915 5356 (ἶ
1949 5300 2117 5389 copas
2164 5317 2460 5388 evangelici
2510 5314 2716 5370 codicis
2775 5315 2842 5368 ad
2882 5306 3094 5368 decem'
3126 5308 3347 5366 ordines
3402 5307 3510 5364 sive

227 5437 417 5496 quam
452 5428 608 5486 quas
646 5413 915 5482 hodieque
949 5411 1004 5466 in
1055 5413 1306 5466 codicum
1348 5421 1660 5466 nostrorum
1712 5428 1851 5467 mar-
1949 5413 2156 5466 classes
2178 5410 2364 5465 reduci
2400 5409 2663 5478 potuisse.
2695 5404 2788 5460 Vel
2813 5405 2956 5459 enim
2984 5401 3253 5471 ejusmodi
3283 5415 3427 5496 esse,
3460 5397 3510 5450 in

230 5491 371 5586 gitie
406 5502 678 5563 interiori
705 5502 952 5572 adpictas
983 5503 1556 5558 videmus:nimirum
1582 5505 1635 5558 in
1668 5504 1844 5559 Evan-
1953 5505 2150 5574 quibus
2204 5517 2394 5557 omnes
2448 5509 2682 5570 quatuor
2741 5495 3088 5566 evangelista:
3144 5491 3509 5586 conveniant:

226 5583 387 5679 gelio
437 5596 703 5653 Mattluei
750 5595 877 5659 355,
934 5594 1110 5648 Marci
1146 5593 1274 5658 256,
1305 5593 1463 5650 Lucw
1507 5597 1632 5660 540,
1676 5595 1846 5650 Joan—
1952 5597 2038 5652 vel
2076 5611 2139 5650 ex
2175 5595 2239 5649 iis
2273 5602 2385 5649 tres
2418 5601 2661 5657 tantum;
2705 5604 2897 5659 nempe
2920 5586 3076 5679 iMat.
3111 5583 3417 5679 MarrLuc‘.
3443 5609 3509 5622 --

230 5674 321 5754 in.
358 5692 502 5749 252.
548 5685 882 5742 Divisionem
910 5697 1088 5743 autem
1135 5689 1276 5742 hanc
1315 5687 1458 5742 haud
1491 5689 1598 5743 alio
1637 5689 1738 5744 fine
1773 5689 1849 5742 in—
1953 5687 2088 5742 Mat.
2122 5686 2246 5740 Luc.
2275 5682 2672 5738 Joan.-—-—Mat.
2703 5679 2874 5734 Marc.
2905 5678 3065 5733 Ioan.
3093 5693 3110 5729 :
3134 5676 3217 5730 vel
3239 5675 3348 5728 duo
3371 5674 3507 5727 dun-

228 5791 504 5846 stitulam
555 5780 634 5833 ab
669 5787 889 5834 auctore
936 5794 1100 5849 supra
1145 5779 1402 5849 diximus,
1451 5796 1612 5848 quam
1664 5778 1730 5833 ad
1762 5780 1847 5835 dc-
1952 5789 2131 5848 laxat;
2185 5779 2312 5832 Mat.
2363 5777 2489 5833 Luc.
2523 5774 2748 5827 -Μαι,
2816 5772 3048 5826 Μιιικυ-
3074 5769 3205 5825 Μαι.
3252 5766 3410 5821 Joan.
3441 5790 3507 5808 -
