3926 6260
529 380 670 441 {275
701 349 714 360 κ

1215 377 1488 436 EUSEBH
1519 378 2005 434 C2ES$RIENSIS
2042 377 2191 436 OPP.
2226 378 2404 434 PARS
2444 376 2529 434 Ill.
2565 409 2633 418 —
2664 375 3070 432 EXEGETICA.

3586 379 3690 438 i276

528 499 658 559 Luc.
691 498 1042 555 Man—Luc.
1070 495 1249 551 Joan'.
1272 498 1378 552 :vel
1399 497 1633 567 denique
1660 497 1927 568 cujusque
1943 513 2108 553 evan-
2135 503 2180 559 Α
2209 497 2543 552 conveniunt
2577 515 2590 552 :
2617 510 2808 565 nempe
2831 493 2997 547 Marci
3027 499 3088 556 ε’,
3124 488 3279 546 Luca:
3306 496 3389 560 ιγ’,
3413 489 3604 550 Joannis
3630 504 3689 552 ιε’.

529 597 732 666 gelistze
744 607 866 647 esse
882 591 1131 662 proprias
1147 597 1199 644 et
1215 589 1539 660 peculiares.
1553 589 1694 645 Istas
1712 589 1878 661 igitur
1891 591 2108 646 univer-

531 704 621 742 sas
639 685 856 741 reduxit
895 685 961 738 ad
989 680 1180 738 decem
1215 681 1468 736 tabulas:
1491 681 1775 752 pericopas
1801 683 2011 738 scilicet
2053 683 2107 737 in

527 778 728 850 quibus
747 784 982 847 quatuor
1012 774 1358 845 evangelista
1385 774 1739 838 concordant,
1773 773 1840 827 ad
1865 774 2106 828 tabulam

528 871 760 942 primam
785 887 799 936 ;
831 867 1104 938 inquibus
1124 865 1260 922 Mat.
1297 865 1438 920 Mar.
1461 864 1588 920 Luc.
1608 864 1675 919 ad
1693 863 2027 932 secundam;
2051 865 2105 919 in

527 961 728 1031 quibus
751 960 942 1014 Matth.
963 960 1096 1012 Luc.
1119 957 1280 1012 Joan.
1307 958 1371 1012 ad
1392 959 1638 1022 tertiam;
1667 957 1720 1011 in
1751 957 1951 1027 quibus
1967 955 2103 1012 Mat.

527 1053 673 1108 ’Μαι
691 1052 853 1108 Joan.
875 1052 941 1107 ad
963 1060 1212 1121 quartam
1236 1069 1250 1118 ;
1269 1052 1321 1106 in
1339 1050 1541 1122 quibus
1561 1048 1698 1104 Mat.
1714 1048 1842 1102 Luc.
1861 1048 1926 1102 ad
1948 1049 2107 1118 quin-

528 1156 636 1200 tam
658 1145 741 1211 ;in
757 1145 954 1215 quibus
973 1143 1108 1198 Mat.
1145 1142 1284 1198 Mar.
1303 1143 1370 1197 ad
1389 1143 1595 1198 sextam
1617 1159 1630 1206 ;
1652 1141 1705 1194 in
1747 1141 1946 1211 quibus
1966 1139 2104 1198 Mat.

525 1241 687 1296 Joan.
705 1241 770 1295 ad
789 1239 1102 1310 septimam;
1120 1243 1172 1293 in
1196 1239 1395 1310 quibus
1417 1236 1548 1291 Luc.
1569 1236 1711 1291 Mar.
1740 1237 1805 1291 ad
1819 1246 2064 1293 octavam
2087 1255 2102 1304 ;

527 1334 582 1388 in
611 1332 810 1404 quibus
840 1330 969 1384 Luc.
995 1330 1158 1386 Joan.
1195 1332 1260 1386 ad
1293 1346 1524 1384 nonam:
1562 1331 1801 1400 reliquas
1822 1345 2107 1400 vero,quaa

528 1424 727 1494 cuique
750 1425 1094 1496 evangelista:
1126 1429 1254 1477 sunt
1284 1421 1607 1491 peculiares,
1639 1419 1704 1474 ad
1732 1419 2022 1474 decimam.

601 1513 834 1584 Digestis
885 1515 987 1570 hoc
1025 1513 1186 1568 modo
1241 1514 1296 1567 in
1345 1515 1532 1567 decem
1586 1511 1806 1566 tabulas
1858 1512 2102 1567 numeris

525 1609 924 1671 Ammonianis,
957 1623 1078 1662 mox
1109 1607 1300 1662 iisdem
1341 1605 1544 1660 sumsit
1575 1604 1628 1658 in
1660 1605 1903 1675 margine
1924 1604 2102 1659 Evan-

525 1699 789 1772 geliorum
819 1715 980 1753 unam
1015 1700 1251 1768 aliquam
1287 1714 1317 1752 e
1347 1697 1537 1768 primis
1577 1696 1772 1750 litteris
1807 1697 2100 1766 alphabeti,

525 1807 646 1861 quae
689 1792 1024 1862 signiﬁcaret
1057 1791 1319 1853 tabulam,
1355 1789 1420 1844 ad
1465 1805 1626 1860 quam
1678 1805 1941 1845 numerus
1994 1789 2100 1844 iste

2214 590 2305 645 Sic
2340 589 2530 644 Matth.
2577 605 2632 652 ν,
2665 587 2756 650 27,
2803 587 2870 640 ad
2915 587 3043 649 ista,
3091 582 3392 648 Ἠκούσατε,
3428 585 3501 636 ὅτι
3536 587 3692 660 ἐρρέθη

2207 687 2320 748 τοῖς
2352 682 2620 754 ἀρχαίοις,
2675 681 2751 734 Οὐ
2777 678 3101 752 μοιχεύσεις,
3155 683 3386 730 notatum
3419 677 3626 733 videmus
3643 681 3690 734 ad

2208 792 2360 833 oram
2413 775 2625 830 codicis
2683 773 2782 838 λζ’,
2832 787 2956 826 cum
2998 789 3015 824 ι
3068 767 3295 834 suﬂixo;
3337 768 3469 838 quod
3507 772 3693 826 ostendit

2212 870 2502 940 pericopen
2569 868 2732 922 istam
2789 865 2854 922 ad
2902 862 3144 919 tabulam
3201 859 3452 916 decimam
3505 861 3691 926 referri,

2209 961 2438 1031 ideoque
2477 959 2751 1030 peculiare
2784 954 3057 1028 quoddam
3104 959 3465 1023 argumentum
3492 960 3692 1019 tractare,

2209 1055 2418 1108 caneris
2453 1051 2810 1122 evangelistis
2839 1051 3124 1104 intactum.
3155 1045 3337 1115 Neque
3372 1060 3489 1098 vero
3537 1045 3692 1098 miran-

2207 1146 2334 1200 dum
2367 1187 2381 1211 ,
2449 1146 2494 1200 si
2547 1149 2866 1216 argumenta
2924 1141 3132 1212 singula
3191 1138 3435 1192 distincta
3491 1138 3549 1191 ad
3601 1154 3692 1196 suas

2208 1240 2424 1294 tabulas
2459 1238 2603 1292 haud
2648 1236 2918 1306 redegerit
2948 1233 3233 1288 Eusebius.
3268 1229 3444 1300 Neque
3474 1231 3596 1284 enim
3622 1231 3692 1287 hoc

2208 1331 2327 1386 sine
2383 1329 2620 1400 plurium
2681 1327 2747 1381 ad
2803 1327 3095 1397 marginem
3142 1324 3437 1379 sectionum
3485 1322 3692 1378 additione

2212 1420 2456 1492 praestari
2492 1426 2725 1490 poterat.
2754 1415 2888 1470 Illud
2928 1417 3028 1486 ipsi
3059 1415 3269 1477 datum,
3312 1415 3692 1470 utAmmonianis

2206 1513 2471 1578 numeris,
2522 1511 2713 1582 quales
2763 1508 2964 1579 adpicti
2997 1506 3211 1562 fuerant
3258 1505 3321 1560 ad
3369 1519 3507 1558 oram
3543 1505 3694 1560 codicis

2205 1607 2345 1676 ejus,
2403 1604 2685 1674 adaptaret
2729 1618 2860 1658 suos
2906 1601 3187 1667 Canones;
3226 1599 3326 1652 hoc
3370 1608 3468 1663 est,
3509 1598 3556 1657 iu
3591 1600 3694 1668 ipsos

2206 1703 2476 1773 digereret
2502 1699 2717 1770 singula
2751 1703 3091 1769 argumenta,
3127 1709 3249 1766 qua:
3284 1693 3422 1747 notis
3452 1691 3690 1745 Ammonia-

2208 1796 2294 1849 nis
2333 1793 2594 1849 distincta
2623 1791 2844 1861 reperit,
2889 1805 2999 1844 non
3049 1786 3180 1844 item
3217 1795 3277 1842 ut
3319 1787 3446 1841 alias
3473 1795 3606 1839 notas
3628 1783 3693 1838 ad-

525 1882 666 1940 foret
697 1885 1018 1939 referendus
1046 1903 1058 1938 :
1085 1901 1119 1936 α
1155 1883 1365 1940 scilicet
1394 1885 1625 1953 primam
1661 1883 1925 1944 tabulam,
1953 1881 1982 1952 β
2009 1896 2095 1936 se-
2129 1896 2171 1952 Β
2200 1888 2372 1943 deret.
2412 1908 2428 1939 ι
2465 1886 2742 1942 Hactenus
2769 1885 2990 1939 Millius.

521 1975 782 2039 cundam,
816 1993 851 2044 γ
893 1977 1129 2036 tertiam.
1181 1985 1235 2032 et
1288 1976 1368 2032 sic
1411 1975 1685 2046 deinceps.
1725 1973 1838 2029 Hoc
1873 1974 2096 2045 quidem

523 2074 683 2134 pacto
722 2066 903 2118 statim
955 2065 1022 2118 ad
1055 2066 1273 2120 oculum
1324 2066 1753 2136 reprzesentavit,
1807 2065 1861 2118 in
1897 2064 2098 2134 quibus

523 2154 658 2209 locis
701 2154 829 2219 duo,
864 2163 996 2219 tres,
1038 2157 1122 2211 vel
1175 2167 1408 2226 quatuor
1457 2157 1804 2227 evangelista:
1848 2156 1991 2211 inter
2039 2170 2098 2210 se

519 2247 954 2314 concordarent;
1015 2250 1097 2304 vel
1141 2251 1233 2305 ubi
1293 2251 1538 2320 ipsorum
1595 2250 1794 2318 aliquis
1849 2249 2096 2319 qumdam

520 2339 766 2404 haberet,
800 2357 916 2411 quae
943 2356 1051 2395 non
1077 2351 1261 2397 essent
1301 2343 1354 2396 in
1395 2341 1616 2412 reliquis
1647 2342 1842 2397 tribus.
1878 2340 1976 2395 Ex.
2013 2355 2093 2410 μ’.

521 2431 713 2487 Matth.
751 2447 834 2494 tu,
867 2432 955 2496 16,
993 2433 1059 2486 ad
1099 2434 1285 2497 verba,
1321 2423 1432 2488 Καὶ
1464 2433 1780 2503 βαπτισθεὶς
1813 2433 1842 2486 ὁ
1895 2431 2100 2504 Ἰησοῦς

519 2524 686 2596 ἀνέϐη
735 2523 894 2588 εὐθὺς
937 2526 1045 2578 ἀπὸ
1090 2525 1184 2579 τοῦ
1233 2526 1443 2591 ὓδατος,
1493 2526 1801 2596 appositum
1844 2526 1996 2580 vides
2041 2525 2098 2579 in

521 2617 767 2688 margine
795 2632 1083 2672 numerum
1125 2617 1205 2681 ιδ’,
1240 2633 1363 2673 cum
1396 2637 1430 2674 α
1458 2620 1768 2688 subscripto
1796 2637 1808 2673 :
1838 2617 1983 2688 quod
2011 2618 2097 2671 in-

520 2709 671 2764 dicat
711 2710 987 2780 pertinere
1037 2727 1325 2765 numerum
1377 2712 1538 2766 istum
1588 2711 1654 2764 ad
1701 2711 1941 2765 tabulam
1989 2709 2100 2780 pri-

520 2816 686 2855 mam.
720 2800 807 2867 Εο,
826 2810 1008 2856 autem
1042 2801 1097 2855 in
1128 2803 1229 2856 hac
1253 2804 1434 2856 tabula
1478 2805 1719 2865 invento,
1746 2803 1903 2872 juxta
1935 2818 2099 2874 appa-

519 2902 646 2948 rent
671 2894 792 2949 loca
836 2894 1170 2965 reliquorum
1202 2895 1644 2968 Evangeliorum,
1680 2912 1802 2966 qua:
1823 2912 1948 2951 cum
1979 2897 2098 2967 ipso

614 3051 666 3114 α)
706 3049 859 3121 Μῑιι..
895 3050 1032 3106 Nov.
1066 3051 1205 3106 Test.
1235 3051 1351 3109 Gr..
1384 3066 1505 3121 pag.
1535 3051 1558 3104 l
1594 3067 1710 3120 seq.

520 3122 668 3247 “1(6)
713 3120 991 3185 Martian.,
1041 3123 1172 3176 edit.
1220 3119 1619 3177 Hieronftom.
1666 3119 1705 3185 Ι,
1738 3137 1897 3192 pagg.
1930 3119 2096 3176 1429-

2271 1982 2538 2038 Caaterum
2587 1988 2704 2035 tum
2747 1978 3011 2051 epistolae,
3059 1985 3174 2030 tum
3228 1973 3498 2028 Canonum
3545 1977 3692 2026 textum

2200 2073 2588 2137 Eusebianum,
2640 2088 2705 2126 ex
2740 2069 3000 2140 praeclara
3045 2067 3294 2137 ejusdem
3339 2063 3480 2118 Millii
3519 2064 3687 2118 editione

2200 2165 2335 2221 Novi
2364 2162 2696 2219 Testamenti
2735 2159 2908 2216 Graeci
2937 2158 3343 2230 desumpsimus
3365 2156 3436 2229 (α)
3463 2174 3476 2210 :
3501 2156 3560 2210 ad
3585 2169 3685 2226 quur

2201 2258 2328 2312 item
2376 2255 2654 2325 exegimus
2711 2253 3028 2308 eorumdem
3088 2250 3375 2306 Canonum
3426 2247 3689 2305 versionem,

2200 2366 2362 2422 quam
2402 2350 2544 2404 inter
2593 2348 2650 2404 S.
2707 2347 3022 2418 Hieronymi
3064 2360 3234 2415 Opera
3286 2343 3493 2411 edidere
3532 2339 3690 2394 Martia.

2201 2457 2352 2513 naeus
2375 2444 2448 2512 (ὸ)
2481 2450 2535 2495 et
2565 2438 2868 2495 Vallarsius
2893 2439 2963 2510 (c)
2999 2458 3011 2492 :
3046 2438 3140 2494 sed
3171 2453 3241 2492 ex
3271 2435 3542 2491 collatione
3574 2431 3690 2486 Grati

2201 2541 2384 2588 textus
2418 2531 2643 2586 Milliani
2683 2531 2966 2600 complura
3016 2529 3214 2584 menda
3268 2527 3582 2588 sustulimus,
3613 2535 3693 2591 qua

2202 2625 2255 2678 in
2283 2633 2570 2694 utramque
2593 2621 3066 2692 Hieronymianam
3091 2619 3388 2675 editionem
3413 2617 3693 2685 irrepserunt,

2204 2729 2260 2770 ut
2289 2715 2515 2769 cuilibet
2550 2711 2853 2768 attendenti
2881 2717 3222 2780 compertum
3258 2709 3367 2765 (iet.
3400 2705 3612 2761 Veterem
3633 2715 3692 2752 au-

2203 2815 2310 2860 tem
2362 2805 2612 2859 Latinam
2667 2803 2921 2874 Epistolas
2969 2802 3293 2858 Eusebiana:
3348 2802 3612 2855 versionem
3649 2804 3693 2846 ex

2201 2897 2453 2952 Fabricio
2476 2895 2552 2968 (Δ)
2581 2894 2992 2965 descripsimus.

2273 3055 2340 3122 lc)
2382 3052 2646 3116 Vallars.,
2671 3054 2800 3107 edit.
2824 3052 3048 3108 Hieron.
3075 3059 3212 3122 tom.
3241 3049 3311 3111 Χ.
3332 3064 3478 3122 pagg.
3499 3042 3694 3101 67l-68’z.

2275 3120 2351 3197 td)
2392 3125 2581 3190 Fabr.,
2614 3124 2756 3178 Bibl.
2787 3122 2880 3178 Gr.
2917 3132 3048 3178 tom.
3081 3121 3172 3187 Vl,
3207 3137 3332 3193 pag.
3363 3120 3448 3177 97.

2889 3315 3672 3341 _______________.

1247 3493 1872 3622 EUSEBII
1970 3494 3036 3624 C/ESARIENSIS

1165 3941 1247 4002 IN
1318 3941 1924 4015 SUBSEQUENTES
2011 3942 2377 4004 CANONES
2466 3943 3125 4006 EVANGELIORUM.

639 4183 1008 4242 EUSEBIUS
1072 4184 1447 4241 CARPIANO
1521 4185 1794 4242 FRATRI
1883 4187 1969 4242 IN

1095 4255 1250 4310 DUM
1263 4255 1399 4310 1N0
1451 4255 1509 4311 S.

586 4350 903 4405 Ammonius
953 4349 1171 4420 quidem
1211 4349 1635 4415 Alexandrinus,
1669 4366 1864 4421 magno
1903 4351 2084 4406 studio

512 4451 676 4511 atque
705 4439 974 4495 industria
993 4455 1162 4494 unum
1194 4439 1355 4494 nobis
1385 4455 1482 4510 pro
1516 4448 1754 4510 quatuor
1780 4440 2083 4512 Evangeliis

510 4533 822 4604 dereliquit.
897 4531 1141 4603 Namque
1187 4533 1352 4587 trium
1418 4532 1832 4604 Evangeliorum
1889 4549 2084 4590 sensus

507 4636 790 4698 exceptos,
813 4641 1003 4682 omnes
1025 4627 1232 4682 similes
1258 4634 1545 4682 contextus
1570 4627 1801 4682 Mattluci
1835 4627 2079 4698 Evange-

510 4720 586 4779 lio
618 4719 776 4789 quasi
825 4719 892 4772 ad
921 4735 1088 4772 unum
1122 4729 1434 4788 congestos,
1467 4722 1767 4775 annexuit:
1802 4723 1874 4775 ita
1906 4729 1964 4774 ut
1990 4737 2082 4776 eo-

509 4811 780 4876 rumdem,
814 4821 1079 4881 quantum
1114 4809 1182 4863 ad
1221 4817 1464 4865 tenorem
1509 4813 1747 4882 pertinet
1801 4813 2078 4878 lectionis.

508 4921 744 4976 sequens
796 4905 909 4974 jam
969 4907 1144 4976 stylus
1205 4905 1542 4974 interruptus
1623 4920 1745 4960 esse
1810 4905 2074 4962 videatur.

510 4999 708 5054 Verum
753 5007 813 5052 ut
867 4999 1018 5053 salvo
1074 5013 1302 5066 corpore
1364 4997 1478 5051 sive
1537 5004 1706 5060 textu,
1757 5005 2076 5051 czeterorum

506 5092 928 5162 Evangeliorum
958 5090 1176 5160 propria
1209 5097 1263 5144 et
1298 5088 1590 5143 familiaria
1617 5089 1759 5152 loca,
1786 5089 1842 5142 in
1876 5088 2076 5158 quibus

504 5183 693 5239 eadem
750 5183 1115 5250 similiterque
1159 5181 1441 5244 dixerunt,
1474 5182 1614 5236 scire
1652 5181 1833 5252 possis
1857 5197 1920 5235 ac
1951 5198 2078 5236 vere

504 5274 798 5336 disserere,
836 5282 1059 5344 accepta
1087 5274 1377 5328 occasione
1405 5289 1471 5328 ex
1519 5272 1763 5342 praedicti
1799 5271 1902 5326 viri
1953 5279 2073 5326 stu-

504 5363 616 5425 dio,
663 5365 771 5418 alia
835 5366 1047 5418 ratione
1092 5363 1279 5419 decem
1338 5379 1693 5418 numerorum
1739 5363 1835 5418 tibi
1889 5362 2075 5417 titulos

2113 4191 2160 4252 c
2192 4189 2562 4244 EY‘ZEBIOE
2627 4187 3413 4261 ΚᾼΡῌζΑΝῼΗΑΓΑΠΗΤῼ

3468 4187 3695 4256 ΑΔΕΔΦῼ

2612 4260 2712 4310 ΕΝ
2740 4259 2970 4326 ΚΥΡῙῼ
3005 4260 3338 4313 ΧΑΙΡΕΙΝ.

2271 4349 2575 4421 Ἀμμώνιος
2616 4349 2714 4418 μὲν
2765 4351 2792 4401 ὁ
2843 4347 3250 4422 Ἀλεξανδρεὺς,
3285 4352 3474 4424 πολλὴν
3499 4353 3563 4415 ὠς
3590 4348 3694 4409 εἰκὸς

2187 4443 2498 4513 φιλοπονίαν
2523 4443 2616 4494 καὶ
2643 4441 2878 4513 σπουδὴν
2903 4441 3262 4513 εἰσαγηοχὼς,
3295 4444 3353 4497 τὸ
3379 4444 3459 4497 διὰ
3476 4441 3692 4510 τεσσάρων

2189 4538 2317 4607 ἡμῖν
2365 4533 2754 4588 καταλέλοιπεν
2784 4535 3133 4603 Εὑαγγέλιον,
3175 4537 3255 4608 τῷ
3301 4537 3436 4591 κατὰ
3479 4533 3691 4589 Ματθαῖον

2183 4630 2281 4692 τὰς
2314 4625 2626 4698 ὁμοφώνους
2663 4627 2771 4680 τῶν
2800 4627 3000 4680 λοιπῶν
3026 4630 3421 4696 εὐαγγελιστῶν
3449 4624 3690 4699 περικοπὰς

2185 4720 2470 4793 παραθεὶς,
2504 4720 2578 4784 ὡς
2611 4721 2670 4786 ἐξ
2696 4720 2940 4790 ἀνάγκης
2971 4722 3242 4792 συμϐῆναι
3269 4724 3361 4777 τὸν
3394 4723 3485 4792 τῆς
3521 4718 3689 4773 ἀκολου·

2184 4812 2306 4875 θεας
2343 4813 2530 4884 εἱρμὸν
2577 4813 2684 4866 τῶν
2731 4811 2896 4886 τριῶν
2943 4813 3325 4886 διαφθαρῆναι,
3376 4817 3490 4867 ὅσον
3529 4811 3604 4862 ἐπί
3636 4803 3685 4873 τῷ

2183 4904 2306 4975 ὕφει
2349 4905 2446 4975 τῆς
2495 4904 2874 4973 ἀναγνώσεως.
2913 4906 3029 4958 ’Ίνα
3071 4906 3125 4958 δὲ
3171 4905 3468 4977 σωζομένου
3506 4903 3584 4957 κάὶ
3618 4895 3682 4950 τοῦ

2178 4997 2287 5052 τῶν
2315 4996 2513 5050 λοιπῶν
2555 4997 2620 5051 δι’
2648 4997 2768 5049 ὅλου
2813 4996 3061 5068 σώματος
3095 5015 3153 5050 τε
3191 5001 3284 5052 καὶ
3311 4995 3510 5071 εξρμοῦ,
3536 4992 3683 5046 εἰδέναι

2179 5089 2321 5161 ἔχοις
2335 5090 2460 5148 τοὺς
2474 5088 2703 5152 οἰκείους
2715 5089 2944 5144 ἑκάστου
2963 5089 3347 5158 εὐαγγελιστοῦ
3364 5091 3554 5149 τόπους,
3572 5086 3616 5136 ὲν
3627 5074 3680 5140 εἷς

2179 5183 2316 5235 κατὰ
2342 5181 2448 5234 τῶν
2465 5180 2690 5254 [αὐτῶν]
2723 5181 3027 5252 ἠνέχθησαν
3044 5182 3349 5254 φιλαλήθως
3363 5183 3538 5239 εἰπεῖν,
3555 5177 3603 5227 ὲκ
3615 5169 3678 5224 τοῦ

2178 5275 2484 5344 πονήματος
2508 5273 2602 5326 τοῦ
2647 5274 3042 5345 προειρημένου
3087 5275 3276 5345 ἀνδρὸς
3304 5271 3523 5343 εἰληᾳὼς
3552 5268 3680 5332 ξιφορ⁸

2179 5367 2304 5437 μὰς,
2336 5365 2456 5418 καθ’
2491 5366 2684 5436 ἑτέραν
2719 5364 2935 5436 μέθοδον
2963 5368 3190 5429 κανόνας
3223 5366 3352 5421 δέκα
3382 5364 3465 5416 τὸν
3502 5354 3678 5430 ἀριθμὸν

505 5457 806 5528 designavi.
842 5456 1083 5524 Quorum
1127 5462 1338 5531 primus
1381 5469 1616 5531 quatuor
1642 5459 1698 5514 in
1735 5476 1794 5516 se
1832 5460 2074 5515 continet

2196 5458 2468 5528 ῖιεχάραξα
2503 5477 2580 5512 σοι
2608 5460 2731 5522 τοὺς
2759 5459 3230 5528 ὑποτεταγμένους
3248 5475 3260 5488 ο
3299 5451 3371 5511 ὧν
3405 5459 3430 5510 ὁ
3460 5456 3542 5526 μὲν
3569 5445 3677 5520 πρῶ-

505 5566 780 5616 numeros,
809 5552 863 5606 in
894 5555 1094 5622 quibus
1127 5555 1323 5609 similia
1349 5554 1417 5608 ab
1450 5554 1724 5610 universis
1748 5553 1891 5608 dicta
1920 5561 2069 5619 sunt,

2196 5568 2264 5613 ro;
2290 5552 2531 5622 περιέχει
2562 5550 2828 5622 ἀριθμοὺς
2855 5553 2913 5604 ἐν
2942 5547 3020 5615 οἷς
3042 5550 3109 5603 τὰ
3146 5549 3486 5622 παραπλήσια
3509 5542 3674 5614 εἰρήκέ

2175 5660 2259 5698 σιν
2290 5646 2338 5696 οἱ
2371 5645 2652 5713 τέσσαρες,
2683 5644 2979 5708 Ματθαῖος,
3011 5647 3254 5717 Μάρκος,
3293 5643 3511 5705 Λουκᾶς,
3544 5632 3671 5688 Vw"

2175 5755 2291 5807 νης.
2332 5737 2388 5789 Ὀ
2422 5736 2689 5809 δεύτερος,
2720 5739 2776 5791 ἐν
2889 5739 2937 5790 οἱ
2963 5740 3130 5809 τρεῖς,
3164 5735 3453 5798 Ἀίατθαῖος,
3483 5732 3669 5798 Mipr

2179 5828 2409 5892 Λουκᾶς.
2444 5828 2500 5882 Ὀ
2525 5829 2723 5900 τρίτος,
2754 5830 2809 5882 ὲν
2836 5821 2880 5896 ᾧ
2902 5829 2950 5882 οἱ
2983 5830 3151 5897 τρεῖς,
3176 5827 3460 5888 Ματθαῖος,
3491 5820 3667 5878 Λουκᾶς·

505 5639 778 5705 Matthaao,
809 5643 1010 5705 Marco,
1045 5643 1212 5709 Luca,
1243 5645 1473 5700 Joanne.
1510 5644 1819 5710 Secundus,
1856 5645 1910 5697 in
1944 5644 2066 5714 qui-

508 5728 609 5783 bus
656 5737 787 5793 tres,
823 5730 1127 5796 Mattbaeus,
1187 5734 1423 5800 Marcus,
1480 5735 1675 5791 Lucas.
1731 5735 1973 5798 Tertius,
2012 5735 2067 5790 in

510 5819 708 5896 quibus
761 5829 891 5881 tres.
932 5823 1231 5887 Matthaeus,
1263 5825 1460 5891 Lucas,
1501 5828 1755 5886 Joannes.
1803 5829 2066 5897 Quartus,
