  <div class='ocr_page' id='page_1' title='image "/cluster/home/n/w/nwhite01/storage/ocr_20150623/22/mdp.39015078384388/656.png"; bbox 0 0 3926 6260; ppageno 0'>
   <div class='ocr_carea' id='block_1_1' title="bbox 220 341 361 400">
    <p class='ocr_par' dir='ltr' id='par_1_1' title="bbox 220 341 361 400">
     <span class='ocr_line' id='line_1_1' title="bbox 220 341 361 400; baseline -0.028 0"><span class='ocrx_word' id='word_1_1' title='bbox 220 341 361 400; x_wconf 72' lang='grc' dir='ltr'><strong>ηπ</strong></span> 
     </span>
    </p>
   </div>
   <div class='ocr_carea' id='block_1_2' title="bbox 1359 333 2282 394">
    <p class='ocr_par' dir='ltr' id='par_1_2' title="bbox 1359 333 2282 394">
     <span class='ocr_line' id='line_1_2' title="bbox 1359 333 2282 394; baseline -0.004 -1"><span class='ocrx_word' id='word_1_2' title='bbox 1359 335 1680 393; x_wconf 76' lang='lat' dir='ltr'><strong>CANO‘NES</strong></span> <span class='ocrx_word' id='word_1_3' title='bbox 1715 333 2282 394; x_wconf 75' lang='lat' dir='ltr'><strong>EVANGELIOIIUM.</strong></span> 
     </span>
    </p>
   </div>
   <div class='ocr_carea' id='block_1_3' title="bbox 3312 343 3454 404">
    <p class='ocr_par' dir='ltr' id='par_1_3' title="bbox 3312 343 3454 404">
     <span class='ocr_line' id='line_1_3' title="bbox 3312 343 3454 404; baseline 0.042 -6"><span class='ocrx_word' id='word_1_4' title='bbox 3312 343 3454 404; x_wconf 67' lang='lat'><strong>5273</strong></span> 
     </span>
    </p>
   </div>
   <div class='ocr_carea' id='block_1_4' title="bbox 231 444 1770 528">
    <p class='ocr_par' dir='ltr' id='par_1_4' title="bbox 231 444 1770 528">
     <span class='ocr_line' id='line_1_4' title="bbox 231 444 1770 528; baseline -0.005 -15"><span class='ocrx_word' id='word_1_5' title='bbox 231 460 498 528; x_wconf 81' lang='grc' dir='ltr'><strong>Ἰωάννης.</strong></span> <span class='ocrx_word' id='word_1_6' title='bbox 527 456 585 510; x_wconf 87' lang='lat'><strong>&#39;0</strong></span> <span class='ocrx_word' id='word_1_7' title='bbox 606 455 882 526; x_wconf 80' lang='grc' dir='ltr'><strong>τέταρτος,</strong></span> <span class='ocrx_word' id='word_1_8' title='bbox 910 454 968 507; x_wconf 86' lang='grc' dir='ltr'><strong>ἐν</strong></span> <span class='ocrx_word' id='word_1_9' title='bbox 988 444 1032 522; x_wconf 81' lang='grc' dir='ltr'><strong>ᾧ</strong></span> <span class='ocrx_word' id='word_1_10' title='bbox 1050 454 1099 506; x_wconf 84' lang='grc' dir='ltr'>οἱ</span> <span class='ocrx_word' id='word_1_11' title='bbox 1123 455 1286 527; x_wconf 81' lang='grc' dir='ltr'><strong>τρεῖς,</strong></span> <span class='ocrx_word' id='word_1_12' title='bbox 1311 452 1606 517; x_wconf 85' lang='grc' dir='ltr'>Ματθαῖος,</span> <span class='ocrx_word' id='word_1_13' title='bbox 1630 453 1770 525; x_wconf 83' lang='grc' dir='ltr'><strong>Μάρ-</strong></span> 
     </span>
    </p>
   </div>
   <div class='ocr_carea' id='block_1_5' title="bbox 1865 444 3451 528">
    <p class='ocr_par' dir='ltr' id='par_1_5' title="bbox 1885 451 3451 527">
     <span class='ocr_line' id='line_1_5' title="bbox 1885 451 3451 527; baseline 0.006 -21"><span class='ocrx_word' id='word_1_14' title='bbox 1885 451 1940 507; x_wconf 94' lang='lat' dir='ltr'><strong>in</strong></span> <span class='ocrx_word' id='word_1_15' title='bbox 1962 452 2159 522; x_wconf 88' lang='lat' dir='ltr'><strong>quibus</strong></span> <span class='ocrx_word' id='word_1_16' title='bbox 2172 460 2307 518; x_wconf 89' lang='lat' dir='ltr'><strong>tres,</strong></span> <span class='ocrx_word' id='word_1_17' title='bbox 2325 451 2635 519; x_wconf 65' lang='lat' dir='ltr'><strong>Mattheus,</strong></span> <span class='ocrx_word' id='word_1_18' title='bbox 2654 453 2891 520; x_wconf 85' lang='lat' dir='ltr'><strong>Marcus,</strong></span> <span class='ocrx_word' id='word_1_19' title='bbox 2913 453 3169 514; x_wconf 81' lang='lat' dir='ltr'><strong>Joannes.</strong></span> <span class='ocrx_word' id='word_1_20' title='bbox 3193 456 3451 527; x_wconf 76' lang='lat' dir='ltr'><strong>Quintus,</strong></span> 
     </span>
    </p>
   </div>
   <div class='ocr_carea' id='block_1_6' title="bbox 219 540 1780 620">
    <p class='ocr_par' dir='ltr' id='par_1_6' title="bbox 219 540 1780 620">
     <span class='ocr_line' id='line_1_6' title="bbox 219 540 1780 620; baseline -0.005 -14"><span class='ocrx_word' id='word_1_21' title='bbox 219 570 331 615; x_wconf 68' lang='grc' dir='ltr'>κος,</span> <span class='ocrx_word' id='word_1_22' title='bbox 372 550 641 620; x_wconf 82' lang='grc' dir='ltr'>Ἰωάννης.</span> <span class='ocrx_word' id='word_1_23' title='bbox 683 548 741 602; x_wconf 85' lang='lat'><strong>&#39;0</strong></span> <span class='ocrx_word' id='word_1_24' title='bbox 779 549 1046 619; x_wconf 79' lang='grc' dir='ltr'>πέμπτος,</span> <span class='ocrx_word' id='word_1_25' title='bbox 1079 550 1137 601; x_wconf 87' lang='grc' dir='ltr'><strong>ἐν</strong></span> <span class='ocrx_word' id='word_1_26' title='bbox 1173 540 1218 616; x_wconf 79' lang='grc' dir='ltr'>ᾧ</span> <span class='ocrx_word' id='word_1_27' title='bbox 1252 548 1299 601; x_wconf 80' lang='grc' dir='ltr'>οἱ</span> <span class='ocrx_word' id='word_1_28' title='bbox 1332 546 1442 611; x_wconf 82' lang='grc' dir='ltr'>δύο,</span> <span class='ocrx_word' id='word_1_29' title='bbox 1485 544 1780 611; x_wconf 85' lang='grc' dir='ltr'>Ματθαῖος,</span> 
     </span>
    </p>
   </div>
   <div class='ocr_carea' id='block_1_7' title="bbox 215 632 1778 710">
    <p class='ocr_par' dir='ltr' id='par_1_7' title="bbox 215 632 1778 710">
     <span class='ocr_line' id='line_1_7' title="bbox 215 632 1778 710; baseline -0.001 -13"><span class='ocrx_word' id='word_1_30' title='bbox 215 643 449 705; x_wconf 81' lang='grc' dir='ltr'>Λουκᾶς.</span> <span class='ocrx_word' id='word_1_31' title='bbox 489 642 545 695; x_wconf 88' lang='lat'><strong>&#39;0</strong></span> <span class='ocrx_word' id='word_1_32' title='bbox 577 640 755 704; x_wconf 72' lang='grc' dir='ltr'>ἕκτος,</span> <span class='ocrx_word' id='word_1_33' title='bbox 785 641 843 693; x_wconf 89' lang='grc' dir='ltr'><strong>ἐν</strong></span> <span class='ocrx_word' id='word_1_34' title='bbox 889 632 935 708; x_wconf 81' lang='grc' dir='ltr'>ᾧ</span> <span class='ocrx_word' id='word_1_35' title='bbox 961 641 1010 693; x_wconf 77' lang='grc' dir='ltr'>οἱ</span> <span class='ocrx_word' id='word_1_36' title='bbox 1052 639 1164 704; x_wconf 80' lang='grc' dir='ltr'>δύο,</span> <span class='ocrx_word' id='word_1_37' title='bbox 1199 638 1493 703; x_wconf 87' lang='grc' dir='ltr'>Ματθαῖος,</span> <span class='ocrx_word' id='word_1_38' title='bbox 1533 637 1778 710; x_wconf 83' lang='grc' dir='ltr'>Μάρκος.</span> 
     </span>
    </p>
   </div>
   <div class='ocr_carea' id='block_1_8' title="bbox 225 725 1781 804">
    <p class='ocr_par' dir='ltr' id='par_1_8' title="bbox 225 725 1781 804">
     <span class='ocr_line' id='line_1_8' title="bbox 225 725 1781 804; baseline -0.002 -17"><span class='ocrx_word' id='word_1_39' title='bbox 225 734 283 787; x_wconf 84' lang='grc' dir='ltr'>Ὀ</span> <span class='ocrx_word' id='word_1_40' title='bbox 329 732 574 804; x_wconf 69' lang='grc' dir='ltr'>ἕϐδομος,</span> <span class='ocrx_word' id='word_1_41' title='bbox 622 734 680 785; x_wconf 83' lang='grc' dir='ltr'><strong>ἐν</strong></span> <span class='ocrx_word' id='word_1_42' title='bbox 723 725 767 799; x_wconf 84' lang='grc' dir='ltr'>ᾧ</span> <span class='ocrx_word' id='word_1_43' title='bbox 809 732 860 784; x_wconf 79' lang='grc' dir='ltr'><strong>οἱ</strong></span> <span class='ocrx_word' id='word_1_44' title='bbox 909 730 1021 795; x_wconf 82' lang='grc' dir='ltr'>δύο,</span> <span class='ocrx_word' id='word_1_45' title='bbox 1069 730 1364 794; x_wconf 82' lang='grc' dir='ltr'>Ματθαῖος.</span> <span class='ocrx_word' id='word_1_46' title='bbox 1406 729 1676 802; x_wconf 80' lang='grc' dir='ltr'><strong>Ἰωάννης.</strong></span> <span class='ocrx_word' id='word_1_47' title='bbox 1724 729 1781 784; x_wconf 90' lang='lat'><strong>&#39;0</strong></span> 
     </span>
    </p>
   </div>
   <div class='ocr_carea' id='block_1_9' title="bbox 211 816 1781 895">
    <p class='ocr_par' dir='ltr' id='par_1_9' title="bbox 211 816 1781 895">
     <span class='ocr_line' id='line_1_9' title="bbox 211 816 1781 895; baseline -0.002 -17"><span class='ocrx_word' id='word_1_48' title='bbox 211 825 414 894; x_wconf 72' lang='grc' dir='ltr'>ὄγδοος,</span> <span class='ocrx_word' id='word_1_49' title='bbox 441 826 498 878; x_wconf 86' lang='grc' dir='ltr'><strong>ἐν</strong></span> <span class='ocrx_word' id='word_1_50' title='bbox 527 816 571 892; x_wconf 82' lang='grc' dir='ltr'>ᾧ</span> <span class='ocrx_word' id='word_1_51' title='bbox 596 826 645 878; x_wconf 86' lang='grc' dir='ltr'><strong>οἱ</strong></span> <span class='ocrx_word' id='word_1_52' title='bbox 676 825 790 889; x_wconf 82' lang='grc' dir='ltr'>δύο,</span> <span class='ocrx_word' id='word_1_53' title='bbox 822 823 1067 895; x_wconf 81' lang='grc' dir='ltr'>Μάρκος,</span> <span class='ocrx_word' id='word_1_54' title='bbox 1090 824 1323 886; x_wconf 63' lang='grc' dir='ltr'>Λουκᾶς.</span> <span class='ocrx_word' id='word_1_55' title='bbox 1365 823 1423 875; x_wconf 89' lang='grc' dir='ltr'>Ὁ</span> <span class='ocrx_word' id='word_1_56' title='bbox 1456 820 1694 886; x_wconf 76' lang='grc' dir='ltr'>ἐννατος,</span> <span class='ocrx_word' id='word_1_57' title='bbox 1724 824 1781 875; x_wconf 83' lang='grc' dir='ltr'><strong>ἐν</strong></span> 
     </span>
    </p>
   </div>
   <div class='ocr_carea' id='block_1_10' title="bbox 208 908 1779 989">
    <p class='ocr_par' dir='ltr' id='par_1_10' title="bbox 208 908 1779 989">
     <span class='ocr_line' id='line_1_10' title="bbox 208 908 1779 989; baseline -0.001 -20"><span class='ocrx_word' id='word_1_58' title='bbox 208 910 253 985; x_wconf 82' lang='grc' dir='ltr'>ᾧ</span> <span class='ocrx_word' id='word_1_59' title='bbox 278 917 328 969; x_wconf 77' lang='grc' dir='ltr'>οι</span> <span class='ocrx_word' id='word_1_60' title='bbox 354 917 468 982; x_wconf 80' lang='grc' dir='ltr'>δύο,</span> <span class='ocrx_word' id='word_1_61' title='bbox 510 918 743 983; x_wconf 77' lang='grc' dir='ltr'>Λουκᾶς,</span> <span class='ocrx_word' id='word_1_62' title='bbox 789 916 1060 989; x_wconf 81' lang='grc' dir='ltr'><strong>Ἰωάννης.</strong></span> <span class='ocrx_word' id='word_1_63' title='bbox 1096 916 1155 969; x_wconf 89' lang='lat'><strong>&#39;0</strong></span> <span class='ocrx_word' id='word_1_64' title='bbox 1183 915 1424 977; x_wconf 81' lang='grc' dir='ltr'><strong>δέκατος.</strong></span> <span class='ocrx_word' id='word_1_65' title='bbox 1468 914 1526 968; x_wconf 77' lang='grc' dir='ltr'><strong>ἐν</strong></span> <span class='ocrx_word' id='word_1_66' title='bbox 1568 908 1612 983; x_wconf 79' lang='grc' dir='ltr'>ᾧ</span> <span class='ocrx_word' id='word_1_67' title='bbox 1652 914 1779 984; x_wconf 78' lang='grc' dir='ltr'>περὶ</span> 
     </span>
    </p>
   </div>
   <div class='ocr_carea' id='block_1_11' title="bbox 204 1002 1779 1081">
    <p class='ocr_par' dir='ltr' id='par_1_11' title="bbox 204 1002 1779 1081">
     <span class='ocr_line' id='line_1_11' title="bbox 204 1002 1779 1081; baseline -0.001 -21"><span class='ocrx_word' id='word_1_68' title='bbox 204 1006 368 1061; x_wconf 81' lang='grc' dir='ltr'>τίνων</span> <span class='ocrx_word' id='word_1_69' title='bbox 396 1006 625 1072; x_wconf 71' lang='grc' dir='ltr'>ἕκαστος</span> <span class='ocrx_word' id='word_1_70' title='bbox 649 1007 828 1063; x_wconf 84' lang='grc' dir='ltr'>αὐτῶν</span> <span class='ocrx_word' id='word_1_71' title='bbox 863 1008 1007 1073; x_wconf 74' lang='grc' dir='ltr'>ἰδίως</span> <span class='ocrx_word' id='word_1_72' title='bbox 1030 1008 1352 1081; x_wconf 76' lang='grc' dir='ltr'><strong>ἀνέγραψεν.</strong></span> <span class='ocrx_word' id='word_1_73' title='bbox 1378 1006 1526 1077; x_wconf 75' lang='grc' dir='ltr'>Αὕτη</span> <span class='ocrx_word' id='word_1_74' title='bbox 1558 1006 1656 1077; x_wconf 85' lang='grc' dir='ltr'>μὲν</span> <span class='ocrx_word' id='word_1_75' title='bbox 1686 1002 1779 1060; x_wconf 81' lang='grc' dir='ltr'>οὗν</span> 
     </span>
    </p>
   </div>
   <div class='ocr_carea' id='block_1_12' title="bbox 206 1096 1779 1170">
    <p class='ocr_par' dir='ltr' id='par_1_12' title="bbox 206 1096 1779 1170">
     <span class='ocr_line' id='line_1_12' title="bbox 206 1096 1779 1170; baseline 0 -20"><span class='ocrx_word' id='word_1_76' title='bbox 206 1096 377 1168; x_wconf 86' lang='grc' dir='ltr'>ήτῶν</span> <span class='ocrx_word' id='word_1_77' title='bbox 415 1099 872 1170; x_wconf 76' lang='grc' dir='ltr'><strong>ὑποτεταγμένων</strong></span> <span class='ocrx_word' id='word_1_78' title='bbox 914 1099 1151 1153; x_wconf 80' lang='grc' dir='ltr'>κανόνων</span> <span class='ocrx_word' id='word_1_79' title='bbox 1193 1097 1481 1162; x_wconf 84' lang='grc' dir='ltr'>ὑπόθεσις·</span> <span class='ocrx_word' id='word_1_80' title='bbox 1516 1099 1550 1170; x_wconf 92' lang='grc' dir='ltr'><strong>ή</strong></span> <span class='ocrx_word' id='word_1_81' title='bbox 1587 1098 1644 1151; x_wconf 88' lang='grc' dir='ltr'>δὲ</span> <span class='ocrx_word' id='word_1_82' title='bbox 1683 1115 1779 1150; x_wconf 78' lang='grc' dir='ltr'>σαο</span> 
     </span>
    </p>
   </div>
   <div class='ocr_carea' id='block_1_13' title="bbox 204 1188 1777 1262">
    <p class='ocr_par' dir='ltr' id='par_1_13' title="bbox 204 1188 1777 1262">
     <span class='ocr_line' id='line_1_13' title="bbox 204 1188 1777 1262; baseline 0 -20"><span class='ocrx_word' id='word_1_83' title='bbox 204 1188 310 1260; x_wconf 76' lang='grc' dir='ltr'><strong>φὴς</strong></span> <span class='ocrx_word' id='word_1_84' title='bbox 350 1189 531 1243; x_wconf 84' lang='grc' dir='ltr'>αὐτῶν</span> <span class='ocrx_word' id='word_1_85' title='bbox 574 1189 848 1262; x_wconf 82' lang='grc' dir='ltr'><strong>διήγησις,</strong></span> <span class='ocrx_word' id='word_1_86' title='bbox 889 1189 1036 1243; x_wconf 77' lang='grc' dir='ltr'>ἔστιν</span> <span class='ocrx_word' id='word_1_87' title='bbox 1078 1189 1191 1260; x_wconf 75' lang='grc' dir='ltr'>ἥδε.</span> <span class='ocrx_word' id='word_1_88' title='bbox 1232 1189 1346 1259; x_wconf 80' lang='grc' dir='ltr'><strong>Ἐφ’</strong></span> <span class='ocrx_word' id='word_1_89' title='bbox 1411 1190 1624 1260; x_wconf 80' lang='grc' dir='ltr'>ἑκάστῳ</span> <span class='ocrx_word' id='word_1_90' title='bbox 1670 1189 1777 1242; x_wconf 83' lang='grc' dir='ltr'>τῶν</span> 
     </span>
    </p>
   </div>
   <div class='ocr_carea' id='block_1_14' title="bbox 201 1281 1777 1355">
    <p class='ocr_par' dir='ltr' id='par_1_14' title="bbox 201 1281 1777 1355">
     <span class='ocr_line' id='line_1_14' title="bbox 201 1281 1777 1355; baseline -0.001 -20"><span class='ocrx_word' id='word_1_91' title='bbox 201 1282 483 1355; x_wconf 83' lang='grc' dir='ltr'>τεσσάρων</span> <span class='ocrx_word' id='word_1_92' title='bbox 524 1281 867 1352; x_wconf 83' lang='grc' dir='ltr'>Εὑαγγελίων</span> <span class='ocrx_word' id='word_1_93' title='bbox 910 1282 1139 1353; x_wconf 83' lang='grc' dir='ltr'>ἀριθμός</span> <span class='ocrx_word' id='word_1_94' title='bbox 1185 1299 1269 1347; x_wconf 91' lang='grc' dir='ltr'>τις</span> <span class='ocrx_word' id='word_1_95' title='bbox 1308 1282 1592 1354; x_wconf 90' lang='grc' dir='ltr'>πρόκειται</span> <span class='ocrx_word' id='word_1_96' title='bbox 1637 1281 1777 1335; x_wconf 72' lang='grc' dir='ltr'>κατὰ</span> 
     </span>
    </p>
   </div>
   <div class='ocr_carea' id='block_1_15' title="bbox 203 1369 1773 1446">
    <p class='ocr_par' dir='ltr' id='par_1_15' title="bbox 203 1369 1773 1446">
     <span class='ocr_line' id='line_1_15' title="bbox 203 1369 1773 1446; baseline 0 -21"><span class='ocrx_word' id='word_1_97' title='bbox 203 1373 392 1445; x_wconf 83' lang='grc' dir='ltr'><strong>μέρος,</strong></span> <span class='ocrx_word' id='word_1_98' title='bbox 441 1374 740 1446; x_wconf 81' lang='grc' dir='ltr'><strong>ἀρχόμενος</strong></span> <span class='ocrx_word' id='word_1_99' title='bbox 787 1373 894 1428; x_wconf 79' lang='grc' dir='ltr'><strong>ἀπὸ</strong></span> <span class='ocrx_word' id='word_1_100' title='bbox 935 1373 1030 1428; x_wconf 82' lang='grc' dir='ltr'><strong>τοῦ</strong></span> <span class='ocrx_word' id='word_1_101' title='bbox 1077 1372 1312 1445; x_wconf 81' lang='grc' dir='ltr'><strong>πρώτου,</strong></span> <span class='ocrx_word' id='word_1_102' title='bbox 1354 1369 1472 1427; x_wconf 82' lang='grc' dir='ltr'>εἶτα</span> <span class='ocrx_word' id='word_1_103' title='bbox 1502 1374 1773 1444; x_wconf 82' lang='grc' dir='ltr'>δευτέρου,</span> 
     </span>
    </p>
   </div>
   <div class='ocr_carea' id='block_1_16' title="bbox 200 1462 1773 1537">
    <p class='ocr_par' dir='ltr' id='par_1_16' title="bbox 200 1462 1773 1537">
     <span class='ocr_line' id='line_1_16' title="bbox 200 1462 1773 1537; baseline -0.001 -20"><span class='ocrx_word' id='word_1_104' title='bbox 200 1463 294 1518; x_wconf 76' lang='grc' dir='ltr'>καὶ</span> <span class='ocrx_word' id='word_1_105' title='bbox 335 1465 540 1535; x_wconf 79' lang='grc' dir='ltr'>τρίτου,</span> <span class='ocrx_word' id='word_1_106' title='bbox 585 1465 678 1519; x_wconf 78' lang='grc' dir='ltr'><strong>καὶ</strong></span> <span class='ocrx_word' id='word_1_107' title='bbox 709 1464 942 1537; x_wconf 78' lang='grc' dir='ltr'><strong>καθεξῆς</strong></span> <span class='ocrx_word' id='word_1_108' title='bbox 983 1463 1186 1534; x_wconf 87' lang='grc' dir='ltr'>προῖὼν</span> <span class='ocrx_word' id='word_1_109' title='bbox 1225 1465 1293 1519; x_wconf 87' lang='grc' dir='ltr'><strong>δι’</strong></span> <span class='ocrx_word' id='word_1_110' title='bbox 1322 1465 1445 1519; x_wconf 82' lang='grc' dir='ltr'>ὅλου</span> <span class='ocrx_word' id='word_1_111' title='bbox 1484 1464 1644 1537; x_wconf 89' lang='grc' dir='ltr'>μέχρι</span> <span class='ocrx_word' id='word_1_112' title='bbox 1682 1462 1773 1516; x_wconf 84' lang='grc' dir='ltr'><strong>τοῦ</strong></span> 
     </span>
    </p>
   </div>
   <div class='ocr_carea' id='block_1_17' title="bbox 198 1555 1773 1628">
    <p class='ocr_par' dir='ltr' id='par_1_17' title="bbox 198 1555 1773 1628">
     <span class='ocr_line' id='line_1_17' title="bbox 198 1555 1773 1628; baseline 0.001 -20"><span class='ocrx_word' id='word_1_113' title='bbox 198 1555 385 1619; x_wconf 78' lang='grc' dir='ltr'>τέλους</span> <span class='ocrx_word' id='word_1_114' title='bbox 414 1555 509 1609; x_wconf 77' lang='grc' dir='ltr'><strong>τοῦ</strong></span> <span class='ocrx_word' id='word_1_115' title='bbox 538 1555 762 1627; x_wconf 83' lang='grc' dir='ltr'>βιϐλίου.</span> <span class='ocrx_word' id='word_1_116' title='bbox 791 1556 926 1609; x_wconf 79' lang='grc' dir='ltr'>Καθ’</span> <span class='ocrx_word' id='word_1_117' title='bbox 951 1557 1180 1610; x_wconf 75' lang='grc' dir='ltr'>ἕκαστον</span> <span class='ocrx_word' id='word_1_118' title='bbox 1202 1556 1261 1609; x_wconf 84' lang='grc' dir='ltr'>δὲ</span> <span class='ocrx_word' id='word_1_119' title='bbox 1295 1555 1527 1628; x_wconf 85' lang='grc' dir='ltr'>ἀριθμὸν</span> <span class='ocrx_word' id='word_1_120' title='bbox 1565 1556 1773 1624; x_wconf 70' lang='grc' dir='ltr'>ὑποδη-</span> 
     </span>
    </p>
   </div>
   <div class='ocr_carea' id='block_1_18' title="bbox 202 1646 1773 1720">
    <p class='ocr_par' dir='ltr' id='par_1_18' title="bbox 202 1646 1773 1720">
     <span class='ocr_line' id='line_1_18' title="bbox 202 1646 1773 1720; baseline 0.001 -21"><span class='ocrx_word' id='word_1_121' title='bbox 202 1646 426 1717; x_wconf 81' lang='grc' dir='ltr'>μείωσις</span> <span class='ocrx_word' id='word_1_122' title='bbox 453 1646 541 1702; x_wconf 87' lang='grc' dir='ltr'>διὰ</span> <span class='ocrx_word' id='word_1_123' title='bbox 563 1647 932 1720; x_wconf 82' lang='grc' dir='ltr'>κινναϐάρεως</span> <span class='ocrx_word' id='word_1_124' title='bbox 958 1649 1262 1720; x_wconf 83' lang='grc' dir='ltr'>πρόκειται,</span> <span class='ocrx_word' id='word_1_125' title='bbox 1291 1647 1523 1718; x_wconf 77' lang='grc' dir='ltr'><strong>δηλοῦσα</strong></span> <span class='ocrx_word' id='word_1_126' title='bbox 1554 1647 1612 1698; x_wconf 87' lang='grc' dir='ltr'><strong>ἐν</strong></span> <span class='ocrx_word' id='word_1_127' title='bbox 1636 1646 1773 1701; x_wconf 82' lang='grc' dir='ltr'>ποίω</span> 
     </span>
    </p>
   </div>
   <div class='ocr_carea' id='block_1_19' title="bbox 195 1732 1773 1812">
    <p class='ocr_par' dir='ltr' id='par_1_19' title="bbox 195 1732 1773 1812">
     <span class='ocr_line' id='line_1_19' title="bbox 195 1732 1773 1812; baseline -0.002 -21"><span class='ocrx_word' id='word_1_128' title='bbox 195 1736 306 1791; x_wconf 85' lang='grc' dir='ltr'><strong>τῶν</strong></span> <span class='ocrx_word' id='word_1_129' title='bbox 331 1738 464 1792; x_wconf 82' lang='grc' dir='ltr'>δέκα</span> <span class='ocrx_word' id='word_1_130' title='bbox 496 1739 732 1794; x_wconf 87' lang='grc' dir='ltr'>κανόνων</span> <span class='ocrx_word' id='word_1_131' title='bbox 757 1756 1007 1811; x_wconf 89' lang='grc' dir='ltr'>κειμενος</span> <span class='ocrx_word' id='word_1_132' title='bbox 1034 1742 1062 1793; x_wconf 90' lang='grc' dir='ltr'><strong>ό</strong></span> <span class='ocrx_word' id='word_1_133' title='bbox 1082 1739 1312 1812; x_wconf 79' lang='grc' dir='ltr'>ἀριθμὸς</span> <span class='ocrx_word' id='word_1_134' title='bbox 1341 1739 1617 1809; x_wconf 82' lang='grc' dir='ltr'>τυγχάνει.</span> <span class='ocrx_word' id='word_1_135' title='bbox 1647 1732 1773 1790; x_wconf 80' lang='grc' dir='ltr'><strong>Οἷον</strong></span> 
     </span>
    </p>
   </div>
   <div class='ocr_carea' id='block_1_20' title="bbox 1885 544 3452 623">
    <p class='ocr_par' dir='ltr' id='par_1_20' title="bbox 1885 544 3452 623">
     <span class='ocr_line' id='line_1_20' title="bbox 1885 544 3452 623; baseline 0.006 -24"><span class='ocrx_word' id='word_1_136' title='bbox 1885 545 1940 600; x_wconf 90' lang='lat' dir='ltr'><strong>in</strong></span> <span class='ocrx_word' id='word_1_137' title='bbox 1970 544 2172 617; x_wconf 88' lang='lat' dir='ltr'><strong>quibus</strong></span> <span class='ocrx_word' id='word_1_138' title='bbox 2196 545 2326 613; x_wconf 90' lang='lat' dir='ltr'><strong>duo,</strong></span> <span class='ocrx_word' id='word_1_139' title='bbox 2360 544 2668 616; x_wconf 65' lang='lat' dir='ltr'><strong>Mattbaaus,</strong></span> <span class='ocrx_word' id='word_1_140' title='bbox 2695 546 2894 603; x_wconf 89' lang='lat' dir='ltr'><strong>Lucas.</strong></span> <span class='ocrx_word' id='word_1_141' title='bbox 2919 546 3137 615; x_wconf 79' lang='lat' dir='ltr'><strong>Sextus,</strong></span> <span class='ocrx_word' id='word_1_142' title='bbox 3169 548 3224 605; x_wconf 93' lang='lat' dir='ltr'><strong>in</strong></span> <span class='ocrx_word' id='word_1_143' title='bbox 3250 551 3452 623; x_wconf 85' lang='lat' dir='ltr'><strong>quibus</strong></span> 
     </span>
    </p>
   </div>
   <div class='ocr_carea' id='block_1_21' title="bbox 1884 634 3446 712">
    <p class='ocr_par' dir='ltr' id='par_1_21' title="bbox 1884 634 3446 712">
     <span class='ocr_line' id='line_1_21' title="bbox 1884 634 3446 712; baseline 0.003 -20"><span class='ocrx_word' id='word_1_144' title='bbox 1884 636 2014 701; x_wconf 89' lang='lat' dir='ltr'><strong>duo,</strong></span> <span class='ocrx_word' id='word_1_145' title='bbox 2050 634 2358 705; x_wconf 66' lang='lat' dir='ltr'><strong>Matthmus,</strong></span> <span class='ocrx_word' id='word_1_146' title='bbox 2390 637 2628 694; x_wconf 82' lang='lat' dir='ltr'><strong>Marcus.</strong></span> <span class='ocrx_word' id='word_1_147' title='bbox 2675 637 2974 711; x_wconf 77' lang='lat' dir='ltr'><strong>Septimus,</strong></span> <span class='ocrx_word' id='word_1_148' title='bbox 3005 641 3062 695; x_wconf 89' lang='lat' dir='ltr'><strong>in</strong></span> <span class='ocrx_word' id='word_1_149' title='bbox 3094 641 3292 712; x_wconf 86' lang='lat' dir='ltr'><strong>quibus</strong></span> <span class='ocrx_word' id='word_1_150' title='bbox 3316 643 3446 709; x_wconf 90' lang='lat' dir='ltr'><strong>duo,</strong></span> 
     </span>
    </p>
   </div>
   <div class='ocr_carea' id='block_1_22' title="bbox 1883 727 3451 802">
    <p class='ocr_par' dir='ltr' id='par_1_22' title="bbox 1883 727 3451 802">
     <span class='ocr_line' id='line_1_22' title="bbox 1883 727 3451 802; baseline 0.005 -21"><span class='ocrx_word' id='word_1_151' title='bbox 1883 727 2192 797; x_wconf 62' lang='lat' dir='ltr'><strong>Matthaaus,</strong></span> <span class='ocrx_word' id='word_1_152' title='bbox 2218 727 2481 784; x_wconf 83' lang='lat' dir='ltr'><strong>Joannes.</strong></span> <span class='ocrx_word' id='word_1_153' title='bbox 2518 727 2778 797; x_wconf 77' lang='lat' dir='ltr'><strong>Octavus,</strong></span> <span class='ocrx_word' id='word_1_154' title='bbox 2820 731 2874 785; x_wconf 91' lang='lat' dir='ltr'><strong>in</strong></span> <span class='ocrx_word' id='word_1_155' title='bbox 2914 733 3114 802; x_wconf 88' lang='lat' dir='ltr'><strong>quibus</strong></span> <span class='ocrx_word' id='word_1_156' title='bbox 3146 734 3277 799; x_wconf 89' lang='lat' dir='ltr'><strong>duo,</strong></span> <span class='ocrx_word' id='word_1_157' title='bbox 3307 733 3451 789; x_wconf 85' lang='lat' dir='ltr'><strong>Mar-</strong></span> 
     </span>
    </p>
   </div>
   <div class='ocr_carea' id='block_1_23' title="bbox 1882 819 3445 894">
    <p class='ocr_par' dir='ltr' id='par_1_23' title="bbox 1882 819 3445 894">
     <span class='ocr_line' id='line_1_23' title="bbox 1882 819 3445 894; baseline 0.006 -20"><span class='ocrx_word' id='word_1_158' title='bbox 1882 836 2003 884; x_wconf 90' lang='lat' dir='ltr'><strong>cus,</strong></span> <span class='ocrx_word' id='word_1_159' title='bbox 2035 819 2235 878; x_wconf 87' lang='lat' dir='ltr'><strong>Lucas.</strong></span> <span class='ocrx_word' id='word_1_160' title='bbox 2261 821 2471 887; x_wconf 86' lang='lat' dir='ltr'><strong>Nonus,</strong></span> <span class='ocrx_word' id='word_1_161' title='bbox 2494 822 2549 877; x_wconf 90' lang='lat' dir='ltr'><strong>in</strong></span> <span class='ocrx_word' id='word_1_162' title='bbox 2582 823 2785 894; x_wconf 90' lang='lat' dir='ltr'><strong>quibus</strong></span> <span class='ocrx_word' id='word_1_163' title='bbox 2814 823 2943 892; x_wconf 89' lang='lat' dir='ltr'><strong>duo,</strong></span> <span class='ocrx_word' id='word_1_164' title='bbox 2960 823 3157 891; x_wconf 87' lang='lat' dir='ltr'><strong>Lucas,</strong></span> <span class='ocrx_word' id='word_1_165' title='bbox 3187 823 3445 883; x_wconf 77' lang='lat' dir='ltr'><strong>Joannes.</strong></span> 
     </span>
    </p>
   </div>
   <div class='ocr_carea' id='block_1_24' title="bbox 1880 912 3450 990">
    <p class='ocr_par' dir='ltr' id='par_1_24' title="bbox 1880 912 3450 990">
     <span class='ocr_line' id='line_1_24' title="bbox 1880 912 3450 990; baseline 0.004 -22"><span class='ocrx_word' id='word_1_166' title='bbox 1880 912 2156 981; x_wconf 83' lang='lat' dir='ltr'><strong>Decimus,</strong></span> <span class='ocrx_word' id='word_1_167' title='bbox 2182 914 2239 969; x_wconf 90' lang='lat' dir='ltr'><strong>in</strong></span> <span class='ocrx_word' id='word_1_168' title='bbox 2285 914 2483 984; x_wconf 87' lang='lat' dir='ltr'><strong>quibus</strong></span> <span class='ocrx_word' id='word_1_169' title='bbox 2526 914 2727 986; x_wconf 78' lang='lat' dir='ltr'><strong>singuli</strong></span> <span class='ocrx_word' id='word_1_170' title='bbox 2776 915 2845 971; x_wconf 89' lang='lat' dir='ltr'><strong>de</strong></span> <span class='ocrx_word' id='word_1_171' title='bbox 2872 916 3199 988; x_wconf 83' lang='lat' dir='ltr'><strong>quibusdam</strong></span> <span class='ocrx_word' id='word_1_172' title='bbox 3229 918 3450 990; x_wconf 81' lang='lat' dir='ltr'><strong>proprio</strong></span> 
     </span>
    </p>
   </div>
   <div class='ocr_carea' id='block_1_25' title="bbox 1882 1004 3448 1078">
    <p class='ocr_par' dir='ltr' id='par_1_25' title="bbox 1882 1004 3448 1078">
     <span class='ocr_line' id='line_1_25' title="bbox 1882 1004 3448 1078; baseline 0.003 -17"><span class='ocrx_word' id='word_1_173' title='bbox 1882 1006 2243 1076; x_wconf 87' lang='lat' dir='ltr'><strong>scripserunt.</strong></span> <span class='ocrx_word' id='word_1_174' title='bbox 2277 1004 2343 1059; x_wconf 87' lang='lat' dir='ltr'><strong>Et</strong></span> <span class='ocrx_word' id='word_1_175' title='bbox 2402 1007 2621 1078; x_wconf 84' lang='lat' dir='ltr'><strong>quidem</strong></span> <span class='ocrx_word' id='word_1_176' title='bbox 2671 1007 3044 1077; x_wconf 73' lang='lat' dir='ltr'><strong>subiectorum</strong></span> <span class='ocrx_word' id='word_1_177' title='bbox 3078 1008 3359 1064; x_wconf 84' lang='lat' dir='ltr'><strong>titulorum</strong></span> <span class='ocrx_word' id='word_1_178' title='bbox 3394 1009 3448 1065; x_wconf 89' lang='lat' dir='ltr'><strong>id</strong></span> 
     </span>
    </p>
   </div>
   <div class='ocr_carea' id='block_1_26' title="bbox 1877 1101 3448 1168">
    <p class='ocr_par' dir='ltr' id='par_1_26' title="bbox 1877 1101 3448 1168">
     <span class='ocr_line' id='line_1_26' title="bbox 1877 1101 3448 1168; baseline 0.002 -14"><span class='ocrx_word' id='word_1_179' title='bbox 1877 1109 1962 1154; x_wconf 90' lang='lat' dir='ltr'><strong>est</strong></span> <span class='ocrx_word' id='word_1_180' title='bbox 1992 1108 2373 1168; x_wconf 76' lang='lat' dir='ltr'><strong>argumentum</strong></span> <span class='ocrx_word' id='word_1_181' title='bbox 2417 1117 2432 1154; x_wconf 91' lang='lat'><strong>:</strong></span> <span class='ocrx_word' id='word_1_182' title='bbox 2467 1102 2615 1155; x_wconf 83' lang='lat' dir='ltr'><strong>clara</strong></span> <span class='ocrx_word' id='word_1_183' title='bbox 2647 1116 2779 1156; x_wconf 91' lang='lat' dir='ltr'><strong>vero</strong></span> <span class='ocrx_word' id='word_1_184' title='bbox 2829 1116 3018 1155; x_wconf 90' lang='lat' dir='ltr'><strong>eorum</strong></span> <span class='ocrx_word' id='word_1_185' title='bbox 3056 1101 3301 1157; x_wconf 81' lang='lat' dir='ltr'><strong>narratio</strong></span> <span class='ocrx_word' id='word_1_186' title='bbox 3332 1102 3448 1157; x_wconf 60' lang='lat' dir='ltr'><strong>hac</strong></span> 
     </span>
    </p>
   </div>
   <div class='ocr_carea' id='block_1_27' title="bbox 1879 1189 3444 1265">
    <p class='ocr_par' dir='ltr' id='par_1_27' title="bbox 1879 1189 3444 1265">
     <span class='ocr_line' id='line_1_27' title="bbox 1879 1189 3444 1265; baseline 0.002 -20"><span class='ocrx_word' id='word_1_187' title='bbox 1879 1196 1981 1245; x_wconf 89' lang='lat' dir='ltr'><strong>cst.</strong></span> <span class='ocrx_word' id='word_1_188' title='bbox 2009 1189 2221 1245; x_wconf 88' lang='lat' dir='ltr'><strong>Etenim</strong></span> <span class='ocrx_word' id='word_1_189' title='bbox 2258 1206 2352 1262; x_wconf 91' lang='lat' dir='ltr'><strong>per</strong></span> <span class='ocrx_word' id='word_1_190' title='bbox 2375 1192 2585 1262; x_wconf 84' lang='lat' dir='ltr'><strong>singula</strong></span> <span class='ocrx_word' id='word_1_191' title='bbox 2615 1193 2731 1246; x_wconf 90' lang='lat' dir='ltr'><strong>loca</strong></span> <span class='ocrx_word' id='word_1_192' title='bbox 2767 1192 3180 1263; x_wconf 79' lang='lat' dir='ltr'><strong>Evangeliorum</strong></span> <span class='ocrx_word' id='word_1_193' title='bbox 3219 1195 3444 1265; x_wconf 87' lang='lat' dir='ltr'><strong>quidam</strong></span> 
     </span>
    </p>
   </div>
   <div class='ocr_carea' id='block_1_28' title="bbox 1879 1285 3447 1357">
    <p class='ocr_par' dir='ltr' id='par_1_28' title="bbox 1879 1285 3447 1357">
     <span class='ocr_line' id='line_1_28' title="bbox 1879 1285 3447 1357; baseline 0.003 -18"><span class='ocrx_word' id='word_1_194' title='bbox 1879 1301 2142 1341; x_wconf 85' lang='lat' dir='ltr'><strong>numerus</strong></span> <span class='ocrx_word' id='word_1_195' title='bbox 2177 1285 2394 1340; x_wconf 89' lang='lat' dir='ltr'><strong>videtur</strong></span> <span class='ocrx_word' id='word_1_196' title='bbox 2426 1287 2733 1356; x_wconf 89' lang='lat' dir='ltr'><strong>appositus,</strong></span> <span class='ocrx_word' id='word_1_197' title='bbox 2788 1286 3049 1357; x_wconf 85' lang='lat' dir='ltr'><strong>paulatim</strong></span> <span class='ocrx_word' id='word_1_198' title='bbox 3106 1288 3373 1357; x_wconf 87' lang='lat' dir='ltr'><strong>incipiens</strong></span> <span class='ocrx_word' id='word_1_199' title='bbox 3413 1302 3447 1343; x_wconf 88' lang='lat' dir='ltr'><strong>a</strong></span> 
     </span>
    </p>
   </div>
   <div class='ocr_carea' id='block_1_29' title="bbox 1879 1375 3447 1450">
    <p class='ocr_par' dir='ltr' id='par_1_29' title="bbox 1879 1375 3447 1450">
     <span class='ocr_line' id='line_1_29' title="bbox 1879 1375 3447 1450; baseline 0.001 -20"><span class='ocrx_word' id='word_1_200' title='bbox 1879 1378 2074 1445; x_wconf 87' lang='lat' dir='ltr'><strong>primo,</strong></span> <span class='ocrx_word' id='word_1_201' title='bbox 2122 1376 2320 1432; x_wconf 90' lang='lat' dir='ltr'><strong>deinde</strong></span> <span class='ocrx_word' id='word_1_202' title='bbox 2374 1375 2636 1444; x_wconf 78' lang='lat' dir='ltr'><strong>seCUndo,</strong></span> <span class='ocrx_word' id='word_1_203' title='bbox 2693 1385 2973 1448; x_wconf 88' lang='lat' dir='ltr'><strong>postremo</strong></span> <span class='ocrx_word' id='word_1_204' title='bbox 3030 1378 3214 1444; x_wconf 88' lang='lat' dir='ltr'><strong>tertio,</strong></span> <span class='ocrx_word' id='word_1_205' title='bbox 3246 1387 3300 1435; x_wconf 89' lang='lat' dir='ltr'><strong>et</strong></span> <span class='ocrx_word' id='word_1_206' title='bbox 3349 1393 3447 1450; x_wconf 89' lang='lat' dir='ltr'><strong>per</strong></span> 
     </span>
    </p>
   </div>
   <div class='ocr_carea' id='block_1_30' title="bbox 1874 1468 3445 1542">
    <p class='ocr_par' dir='ltr' id='par_1_30' title="bbox 1874 1468 3445 1542">
     <span class='ocr_line' id='line_1_30' title="bbox 1874 1468 3445 1542; baseline 0.003 -20"><span class='ocrx_word' id='word_1_207' title='bbox 1874 1468 2119 1523; x_wconf 89' lang='lat' dir='ltr'><strong>ordinem</strong></span> <span class='ocrx_word' id='word_1_208' title='bbox 2142 1468 2510 1539; x_wconf 38' lang='lat' dir='ltr'><strong>libroruin.ad</strong></span> <span class='ocrx_word' id='word_1_209' title='bbox 2542 1468 2701 1525; x_wconf 85' lang='lat' dir='ltr'><strong>ﬁnem</strong></span> <span class='ocrx_word' id='word_1_210' title='bbox 2735 1486 2907 1540; x_wconf 89' lang='lat' dir='ltr'><strong>usque</strong></span> <span class='ocrx_word' id='word_1_211' title='bbox 2929 1471 3298 1542; x_wconf 79' lang='lat' dir='ltr'><strong>progrediens.</strong></span> <span class='ocrx_word' id='word_1_212' title='bbox 3335 1469 3445 1526; x_wconf 89' lang='lat' dir='ltr'><strong>Ita-</strong></span> 
     </span>
    </p>
   </div>
   <div class='ocr_carea' id='block_1_31' title="bbox 1875 1561 3443 1634">
    <p class='ocr_par' dir='ltr' id='par_1_31' title="bbox 1875 1561 3443 1634">
     <span class='ocr_line' id='line_1_31' title="bbox 1875 1561 3443 1634; baseline 0.004 -20"><span class='ocrx_word' id='word_1_213' title='bbox 1875 1576 1979 1630; x_wconf 89' lang='lat' dir='ltr'><strong>que</strong></span> <span class='ocrx_word' id='word_1_214' title='bbox 2010 1577 2104 1632; x_wconf 88' lang='lat' dir='ltr'><strong>per</strong></span> <span class='ocrx_word' id='word_1_215' title='bbox 2122 1561 2367 1632; x_wconf 80' lang='lat' dir='ltr'><strong>singulos</strong></span> <span class='ocrx_word' id='word_1_216' title='bbox 2384 1576 2645 1617; x_wconf 89' lang='lat' dir='ltr'><strong>numeros</strong></span> <span class='ocrx_word' id='word_1_217' title='bbox 2672 1562 3006 1632; x_wconf 87' lang='lat' dir='ltr'><strong>supputatio,</strong></span> <span class='ocrx_word' id='word_1_218' title='bbox 3032 1579 3125 1634; x_wconf 89' lang='lat' dir='ltr'><strong>per</strong></span> <span class='ocrx_word' id='word_1_219' title='bbox 3144 1563 3298 1619; x_wconf 63' lang='lat' dir='ltr'><strong>lineae</strong></span> <span class='ocrx_word' id='word_1_220' title='bbox 3324 1563 3443 1620; x_wconf 89' lang='lat' dir='ltr'><strong>dis-</strong></span> 
     </span>
    </p>
   </div>
   <div class='ocr_carea' id='block_1_32' title="bbox 1875 1654 3437 1724">
    <p class='ocr_par' dir='ltr' id='par_1_32' title="bbox 1875 1654 3437 1724">
     <span class='ocr_line' id='line_1_32' title="bbox 1875 1654 3437 1724; baseline 0.003 -19"><span class='ocrx_word' id='word_1_221' title='bbox 1875 1654 2190 1708; x_wconf 89' lang='lat' dir='ltr'><strong>tinctionem</strong></span> <span class='ocrx_word' id='word_1_222' title='bbox 2206 1654 2482 1708; x_wconf 84' lang='lat' dir='ltr'><strong>invenitur</strong></span> <span class='ocrx_word' id='word_1_223' title='bbox 2497 1655 2724 1717; x_wconf 89' lang='lat' dir='ltr'><strong>inserta,</strong></span> <span class='ocrx_word' id='word_1_224' title='bbox 2745 1654 3060 1724; x_wconf 74' lang='lat' dir='ltr'><strong>signiﬁcans</strong></span> <span class='ocrx_word' id='word_1_225' title='bbox 3072 1655 3157 1710; x_wconf 89' lang='lat' dir='ltr'><strong>cui</strong></span> <span class='ocrx_word' id='word_1_226' title='bbox 3171 1655 3238 1711; x_wconf 89' lang='lat' dir='ltr'><strong>de</strong></span> <span class='ocrx_word' id='word_1_227' title='bbox 3249 1656 3437 1712; x_wconf 80' lang='lat' dir='ltr'><strong>decem</strong></span> 
     </span>
    </p>
   </div>
   <div class='ocr_carea' id='block_1_33' title="bbox 1875 1742 3440 1816">
    <p class='ocr_par' dir='ltr' id='par_1_33' title="bbox 1875 1742 3440 1816">
     <span class='ocr_line' id='line_1_33' title="bbox 1875 1742 3440 1816; baseline 0.003 -21"><span class='ocrx_word' id='word_1_228' title='bbox 1875 1742 2046 1797; x_wconf 91' lang='lat' dir='ltr'><strong>titulis</strong></span> <span class='ocrx_word' id='word_1_229' title='bbox 2058 1743 2340 1812; x_wconf 89' lang='lat' dir='ltr'><strong>appositus</strong></span> <span class='ocrx_word' id='word_1_230' title='bbox 2352 1759 2613 1800; x_wconf 86' lang='lat' dir='ltr'><strong>numerus</strong></span> <span class='ocrx_word' id='word_1_231' title='bbox 2626 1742 3136 1815; x_wconf 79' lang='lat' dir='ltr'><strong>assignetur.Veluti</strong></span> <span class='ocrx_word' id='word_1_232' title='bbox 3156 1747 3202 1801; x_wconf 88' lang='lat' dir='ltr'><strong>si</strong></span> <span class='ocrx_word' id='word_1_233' title='bbox 3221 1745 3440 1816; x_wconf 89' lang='lat' dir='ltr'><strong>quidem</strong></span> 
     </span>
    </p>
   </div>
   <div class='ocr_carea' id='block_1_34' title="bbox 194 1814 1770 1905">
    <p class='ocr_par' dir='ltr' id='par_1_34' title="bbox 194 1830 1770 1905">
     <span class='ocr_line' id='line_1_34' title="bbox 194 1830 1770 1905; baseline 0 -22"><span class='ocrx_word' id='word_1_234' title='bbox 194 1830 245 1883; x_wconf 76' lang='lat' dir='ltr'><strong>el</strong></span> <span class='ocrx_word' id='word_1_235' title='bbox 274 1830 375 1901; x_wconf 82' lang='grc' dir='ltr'>μὲν</span> <span class='ocrx_word' id='word_1_236' title='bbox 401 1836 469 1894; x_wconf 88' lang='grc' dir='ltr'>α’,</span> <span class='ocrx_word' id='word_1_237' title='bbox 485 1831 638 1904; x_wconf 89' lang='grc' dir='ltr'>δῆλον</span> <span class='ocrx_word' id='word_1_238' title='bbox 674 1832 749 1896; x_wconf 83' lang='grc' dir='ltr'><strong>ὡς</strong></span> <span class='ocrx_word' id='word_1_239' title='bbox 773 1835 831 1887; x_wconf 82' lang='grc' dir='ltr'><strong>ἐν</strong></span> <span class='ocrx_word' id='word_1_240' title='bbox 851 1832 928 1904; x_wconf 81' lang='grc' dir='ltr'>τῷ</span> <span class='ocrx_word' id='word_1_241' title='bbox 956 1831 1157 1905; x_wconf 83' lang='grc' dir='ltr'>πρώτῳ</span> <span class='ocrx_word' id='word_1_242' title='bbox 1176 1849 1190 1864; x_wconf 79' lang='grc'><strong><em>⁸</em></strong></span> <span class='ocrx_word' id='word_1_243' title='bbox 1221 1834 1268 1886; x_wconf 74' lang='grc' dir='ltr'><strong>εἰ</strong></span> <span class='ocrx_word' id='word_1_244' title='bbox 1298 1833 1355 1886; x_wconf 84' lang='grc' dir='ltr'>δὲ</span> <span class='ocrx_word' id='word_1_245' title='bbox 1379 1832 1443 1902; x_wconf 85' lang='grc' dir='ltr'><strong>β’,</strong></span> <span class='ocrx_word' id='word_1_246' title='bbox 1466 1834 1524 1885; x_wconf 85' lang='grc' dir='ltr'>ὲν</span> <span class='ocrx_word' id='word_1_247' title='bbox 1549 1831 1627 1902; x_wconf 84' lang='grc' dir='ltr'>τῷ</span> <span class='ocrx_word' id='word_1_248' title='bbox 1651 1831 1770 1884; x_wconf 90' lang='grc' dir='ltr'>δευ-</span> 
     </span>
    </p>
   </div>
   <div class='ocr_carea' id='block_1_35' title="bbox 1865 1814 3437 1905">
    <p class='ocr_par' dir='ltr' id='par_1_35' title="bbox 1879 1833 3437 1904">
     <span class='ocr_line' id='line_1_35' title="bbox 1879 1833 3437 1904; baseline 0.003 -17"><span class='ocrx_word' id='word_1_249' title='bbox 1879 1835 2136 1904; x_wconf 87' lang='lat' dir='ltr'><strong>primum,</strong></span> <span class='ocrx_word' id='word_1_250' title='bbox 2158 1841 2367 1889; x_wconf 88' lang='lat' dir='ltr'><strong>certum</strong></span> <span class='ocrx_word' id='word_1_251' title='bbox 2393 1842 2479 1890; x_wconf 88' lang='lat' dir='ltr'><strong>est</strong></span> <span class='ocrx_word' id='word_1_252' title='bbox 2496 1834 2550 1889; x_wconf 89' lang='lat' dir='ltr'><strong>in</strong></span> <span class='ocrx_word' id='word_1_253' title='bbox 2571 1837 2769 1903; x_wconf 85' lang='lat' dir='ltr'><strong>primo.</strong></span> <span class='ocrx_word' id='word_1_254' title='bbox 2800 1833 2858 1889; x_wconf 90' lang='lat' dir='ltr'><strong>Si</strong></span> <span class='ocrx_word' id='word_1_255' title='bbox 2882 1852 3012 1891; x_wconf 90' lang='lat' dir='ltr'><strong>vero</strong></span> <span class='ocrx_word' id='word_1_256' title='bbox 3034 1837 3357 1901; x_wconf 76' lang='lat' dir='ltr'><strong>secundum,</strong></span> <span class='ocrx_word' id='word_1_257' title='bbox 3385 1838 3437 1892; x_wconf 82' lang='lat' dir='ltr'><strong>in</strong></span> 
     </span>
    </p>
   </div>
   <div class='ocr_carea' id='block_1_36' title="bbox 193 1918 1773 1995">
    <p class='ocr_par' dir='ltr' id='par_1_36' title="bbox 193 1918 1773 1995">
     <span class='ocr_line' id='line_1_36' title="bbox 193 1918 1773 1995; baseline -0.001 -19"><span class='ocrx_word' id='word_1_258' title='bbox 193 1921 339 1994; x_wconf 84' lang='grc' dir='ltr'>τέρῳ</span> <span class='ocrx_word' id='word_1_259' title='bbox 356 1939 371 1953; x_wconf 93' lang='grc'><strong>·</strong></span> <span class='ocrx_word' id='word_1_260' title='bbox 401 1923 498 1976; x_wconf 75' lang='grc' dir='ltr'>καὶ</span> <span class='ocrx_word' id='word_1_261' title='bbox 520 1922 661 1976; x_wconf 79' lang='grc' dir='ltr'>οὕτω</span> <span class='ocrx_word' id='word_1_262' title='bbox 684 1923 919 1994; x_wconf 81' lang='grc' dir='ltr'><strong>καθεξῆς</strong></span> <span class='ocrx_word' id='word_1_263' title='bbox 948 1924 1108 1995; x_wconf 84' lang='grc' dir='ltr'>μέχρι</span> <span class='ocrx_word' id='word_1_264' title='bbox 1134 1924 1243 1978; x_wconf 84' lang='grc' dir='ltr'>τῶν</span> <span class='ocrx_word' id='word_1_265' title='bbox 1267 1923 1418 1978; x_wconf 82' lang='grc' dir='ltr'>δέκα.</span> <span class='ocrx_word' id='word_1_266' title='bbox 1445 1923 1509 1976; x_wconf 78' lang='lat' dir='ltr'><strong>Ei</strong></span> <span class='ocrx_word' id='word_1_267' title='bbox 1530 1918 1622 1976; x_wconf 78' lang='grc' dir='ltr'><strong>οὖν</strong></span> <span class='ocrx_word' id='word_1_268' title='bbox 1649 1923 1773 1975; x_wconf 84' lang='grc' dir='ltr'>ἀνα-</span> 
     </span>
    </p>
   </div>
   <div class='ocr_carea' id='block_1_37' title="bbox 194 2012 1767 2085">
    <p class='ocr_par' dir='ltr' id='par_1_37' title="bbox 194 2012 1767 2085">
     <span class='ocr_line' id='line_1_37' title="bbox 194 2012 1767 2085; baseline -0.001 -20"><span class='ocrx_word' id='word_1_269' title='bbox 194 2012 407 2077; x_wconf 80' lang='grc' dir='ltr'>πτύξας</span> <span class='ocrx_word' id='word_1_270' title='bbox 428 2012 488 2068; x_wconf 70' lang='grc' dir='ltr'>ἓν</span> <span class='ocrx_word' id='word_1_271' title='bbox 512 2031 564 2068; x_wconf 91' lang='grc' dir='ltr'>τι</span> <span class='ocrx_word' id='word_1_272' title='bbox 583 2013 692 2067; x_wconf 80' lang='grc' dir='ltr'>τῶν</span> <span class='ocrx_word' id='word_1_273' title='bbox 706 2014 985 2085; x_wconf 86' lang='grc' dir='ltr'><strong>τεσσάρων</strong></span> <span class='ocrx_word' id='word_1_274' title='bbox 1005 2014 1348 2084; x_wconf 79' lang='grc' dir='ltr'>Εὐαγγελίων</span> <span class='ocrx_word' id='word_1_275' title='bbox 1368 2013 1767 2085; x_wconf 79' lang='grc' dir='ltr'>όποιονδήποτε,</span> 
     </span>
    </p>
   </div>
   <div class='ocr_carea' id='block_1_38' title="bbox 191 2100 1768 2177">
    <p class='ocr_par' dir='ltr' id='par_1_38' title="bbox 191 2100 1768 2177">
     <span class='ocr_line' id='line_1_38' title="bbox 191 2100 1768 2177; baseline 0.001 -20"><span class='ocrx_word' id='word_1_276' title='bbox 191 2102 510 2177; x_wconf 79' lang='grc' dir='ltr'><strong>βουληθείης</strong></span> <span class='ocrx_word' id='word_1_277' title='bbox 556 2105 840 2176; x_wconf 83' lang='grc' dir='ltr'>ἐπιστῆναί</span> <span class='ocrx_word' id='word_1_278' title='bbox 878 2123 985 2159; x_wconf 87' lang='grc' dir='ltr'>τινι</span> <span class='ocrx_word' id='word_1_279' title='bbox 1028 2100 1072 2174; x_wconf 80' lang='grc' dir='ltr'>ᾧ</span> <span class='ocrx_word' id='word_1_280' title='bbox 1109 2105 1285 2177; x_wconf 77' lang='grc' dir='ltr'>βούλει</span> <span class='ocrx_word' id='word_1_281' title='bbox 1324 2106 1628 2176; x_wconf 79' lang='grc' dir='ltr'>κεφαλαίῳ,</span> <span class='ocrx_word' id='word_1_282' title='bbox 1675 2105 1768 2158; x_wconf 81' lang='grc' dir='ltr'>καὶ</span> 
     </span>
    </p>
   </div>
   <div class='ocr_carea' id='block_1_39' title="bbox 190 2195 1770 2270">
    <p class='ocr_par' dir='ltr' id='par_1_39' title="bbox 190 2195 1770 2270">
     <span class='ocr_line' id='line_1_39' title="bbox 190 2195 1770 2270; baseline 0.001 -21"><span class='ocrx_word' id='word_1_283' title='bbox 190 2195 396 2264; x_wconf 77' lang='grc' dir='ltr'>γνῶναι</span> <span class='ocrx_word' id='word_1_284' title='bbox 429 2196 573 2260; x_wconf 86' lang='grc' dir='ltr'>τίνες</span> <span class='ocrx_word' id='word_1_285' title='bbox 605 2197 675 2250; x_wconf 83' lang='grc' dir='ltr'>τὰ</span> <span class='ocrx_word' id='word_1_286' title='bbox 715 2197 1073 2270; x_wconf 77' lang='grc' dir='ltr'>παραπλήσια</span> <span class='ocrx_word' id='word_1_287' title='bbox 1115 2199 1390 2270; x_wconf 83' lang='grc' dir='ltr'>εἰρήκασι,</span> <span class='ocrx_word' id='word_1_288' title='bbox 1418 2197 1514 2252; x_wconf 80' lang='grc' dir='ltr'>καὶ</span> <span class='ocrx_word' id='word_1_289' title='bbox 1539 2199 1665 2260; x_wconf 81' lang='grc' dir='ltr'>τοὺς</span> <span class='ocrx_word' id='word_1_290' title='bbox 1691 2199 1770 2250; x_wconf 73' lang='grc' dir='ltr'><strong>οἱ·</strong></span> 
     </span>
    </p>
   </div>
   <div class='ocr_carea' id='block_1_40' title="bbox 190 2285 1767 2361">
    <p class='ocr_par' dir='ltr' id='par_1_40' title="bbox 190 2285 1767 2361">
     <span class='ocr_line' id='line_1_40' title="bbox 190 2285 1767 2361; baseline 0.002 -23"><span class='ocrx_word' id='word_1_291' title='bbox 190 2286 373 2350; x_wconf 81' lang='grc' dir='ltr'>κείους</span> <span class='ocrx_word' id='word_1_292' title='bbox 399 2289 457 2340; x_wconf 87' lang='grc' dir='ltr'><strong>ἐν</strong></span> <span class='ocrx_word' id='word_1_293' title='bbox 481 2288 696 2359; x_wconf 78' lang='grc' dir='ltr'>ἑκάστῳ</span> <span class='ocrx_word' id='word_1_294' title='bbox 719 2289 914 2352; x_wconf 85' lang='grc' dir='ltr'>τόπους</span> <span class='ocrx_word' id='word_1_295' title='bbox 936 2291 1136 2361; x_wconf 83' lang='grc' dir='ltr'>εὑρεῖν,</span> <span class='ocrx_word' id='word_1_296' title='bbox 1174 2291 1231 2342; x_wconf 84' lang='grc' dir='ltr'><strong>ἐν</strong></span> <span class='ocrx_word' id='word_1_297' title='bbox 1258 2285 1339 2354; x_wconf 74' lang='grc' dir='ltr'><strong>οἷς</strong></span> <span class='ocrx_word' id='word_1_298' title='bbox 1369 2290 1511 2343; x_wconf 84' lang='grc' dir='ltr'>κατὰ</span> <span class='ocrx_word' id='word_1_299' title='bbox 1534 2288 1643 2342; x_wconf 82' lang='grc' dir='ltr'>τῶν</span> <span class='ocrx_word' id='word_1_300' title='bbox 1671 2289 1767 2342; x_wconf 81' lang='grc' dir='ltr'><strong>αὐ-</strong></span> 
     </span>
    </p>
   </div>
   <div class='ocr_carea' id='block_1_41' title="bbox 188 2374 1765 2453">
    <p class='ocr_par' dir='ltr' id='par_1_41' title="bbox 188 2374 1765 2453">
     <span class='ocr_line' id='line_1_41' title="bbox 188 2374 1765 2453; baseline 0.003 -26"><span class='ocrx_word' id='word_1_301' title='bbox 188 2375 297 2427; x_wconf 83' lang='grc' dir='ltr'><strong>τῶν</strong></span> <span class='ocrx_word' id='word_1_302' title='bbox 327 2376 651 2449; x_wconf 77' lang='grc' dir='ltr'>ἠνέχθησαν,</span> <span class='ocrx_word' id='word_1_303' title='bbox 685 2374 752 2450; x_wconf 81' lang='grc' dir='ltr'>ἧς</span> <span class='ocrx_word' id='word_1_304' title='bbox 779 2380 994 2450; x_wconf 79' lang='grc' dir='ltr'>ἐπέχεις</span> <span class='ocrx_word' id='word_1_305' title='bbox 1033 2382 1338 2453; x_wconf 85' lang='grc' dir='ltr'>περικοπῆς</span> <span class='ocrx_word' id='word_1_306' title='bbox 1367 2379 1647 2434; x_wconf 81' lang='grc' dir='ltr'>ἀναλαϐὼν</span> <span class='ocrx_word' id='word_1_307' title='bbox 1673 2380 1765 2433; x_wconf 82' lang='grc' dir='ltr'>τὸν</span> 
     </span>
    </p>
   </div>
   <div class='ocr_carea' id='block_1_42' title="bbox 189 2468 1765 2545">
    <p class='ocr_par' dir='ltr' id='par_1_42' title="bbox 189 2468 1765 2545">
     <span class='ocr_line' id='line_1_42' title="bbox 189 2468 1765 2545; baseline 0.008 -28"><span class='ocrx_word' id='word_1_308' title='bbox 189 2468 550 2538; x_wconf 83' lang='grc' dir='ltr'>προκείμενον</span> <span class='ocrx_word' id='word_1_309' title='bbox 579 2471 831 2542; x_wconf 82' lang='grc' dir='ltr'>ἀριθμὸν,</span> <span class='ocrx_word' id='word_1_310' title='bbox 861 2471 1194 2545; x_wconf 79' lang='grc' dir='ltr'>ἐπιζητήσας</span> <span class='ocrx_word' id='word_1_311' title='bbox 1234 2493 1294 2528; x_wconf 92' lang='grc' dir='ltr'>τε</span> <span class='ocrx_word' id='word_1_312' title='bbox 1328 2476 1491 2529; x_wconf 77' lang='grc' dir='ltr'>αὑτὸν</span> <span class='ocrx_word' id='word_1_313' title='bbox 1520 2475 1668 2530; x_wconf 75' lang='grc' dir='ltr'>ἔνδον</span> <span class='ocrx_word' id='word_1_314' title='bbox 1707 2478 1765 2530; x_wconf 82' lang='grc' dir='ltr'><strong>ἐν</strong></span> 
     </span>
    </p>
   </div>
   <div class='ocr_carea' id='block_1_43' title="bbox 188 2557 1765 2639">
    <p class='ocr_par' dir='ltr' id='par_1_43' title="bbox 188 2557 1765 2639">
     <span class='ocr_line' id='line_1_43' title="bbox 188 2557 1765 2639; baseline 0.006 -28"><span class='ocrx_word' id='word_1_315' title='bbox 188 2557 268 2628; x_wconf 80' lang='grc' dir='ltr'>τῷ</span> <span class='ocrx_word' id='word_1_316' title='bbox 301 2560 503 2621; x_wconf 87' lang='grc' dir='ltr'>κανόνι,</span> <span class='ocrx_word' id='word_1_317' title='bbox 537 2560 596 2615; x_wconf 79' lang='grc' dir='ltr'>ὃν</span> <span class='ocrx_word' id='word_1_318' title='bbox 625 2564 657 2633; x_wconf 81' lang='grc' dir='ltr'>ἠ</span> <span class='ocrx_word' id='word_1_319' title='bbox 693 2563 782 2619; x_wconf 79' lang='grc' dir='ltr'><strong>διὰ</strong></span> <span class='ocrx_word' id='word_1_320' title='bbox 814 2566 909 2619; x_wconf 83' lang='grc' dir='ltr'><strong>τοῦ</strong></span> <span class='ocrx_word' id='word_1_321' title='bbox 952 2567 1321 2637; x_wconf 86' lang='grc' dir='ltr'>κινναϐάρεως</span> <span class='ocrx_word' id='word_1_322' title='bbox 1357 2568 1765 2639; x_wconf 78' lang='grc' dir='ltr'>ὑποσημεῐωσις</span> 
     </span>
    </p>
   </div>
   <div class='ocr_carea' id='block_1_44' title="bbox 192 2654 1760 2736">
    <p class='ocr_par' dir='ltr' id='par_1_44' title="bbox 192 2654 1760 2736">
     <span class='ocr_line' id='line_1_44' title="bbox 192 2654 1760 2736; baseline 0.004 -29"><span class='ocrx_word' id='word_1_323' title='bbox 192 2654 744 2736; x_wconf 73' lang='grc' dir='ltr'>ὕποϐέϐληκεν,.εῐσῃ</span> <span class='ocrx_word' id='word_1_324' title='bbox 781 2659 879 2735; x_wconf 84' lang='grc' dir='ltr'>μὲν</span> <span class='ocrx_word' id='word_1_325' title='bbox 921 2659 1083 2723; x_wconf 82' lang='grc' dir='ltr'>εὐθὺς</span> <span class='ocrx_word' id='word_1_326' title='bbox 1128 2662 1193 2714; x_wconf 81' lang='grc' dir='ltr'><strong>ἐκ</strong></span> <span class='ocrx_word' id='word_1_327' title='bbox 1228 2660 1337 2714; x_wconf 82' lang='grc' dir='ltr'><strong>τῶν</strong></span> <span class='ocrx_word' id='word_1_328' title='bbox 1370 2662 1461 2714; x_wconf 74' lang='grc' dir='ltr'><strong>ἐπὶ</strong></span> <span class='ocrx_word' id='word_1_329' title='bbox 1508 2660 1760 2732; x_wconf 87' lang='grc' dir='ltr'>μετώπου</span> 
     </span>
    </p>
   </div>
   <div class='ocr_carea' id='block_1_45' title="bbox 188 2744 1761 2824">
    <p class='ocr_par' dir='ltr' id='par_1_45' title="bbox 188 2744 1761 2824">
     <span class='ocr_line' id='line_1_45' title="bbox 188 2744 1761 2824; baseline 0.003 -23"><span class='ocrx_word' id='word_1_330' title='bbox 188 2744 280 2801; x_wconf 78' lang='grc' dir='ltr'><strong>τοῦ</strong></span> <span class='ocrx_word' id='word_1_331' title='bbox 319 2749 542 2813; x_wconf 85' lang='grc' dir='ltr'>κανόνος</span> <span class='ocrx_word' id='word_1_332' title='bbox 576 2753 931 2823; x_wconf 79' lang='grc' dir='ltr'>προγραφῶν,</span> <span class='ocrx_word' id='word_1_333' title='bbox 962 2753 1150 2806; x_wconf 82' lang='grc' dir='ltr'>ὁπόσοι</span> <span class='ocrx_word' id='word_1_334' title='bbox 1179 2753 1272 2806; x_wconf 74' lang='grc' dir='ltr'><strong>καὶ</strong></span> <span class='ocrx_word' id='word_1_335' title='bbox 1309 2752 1452 2816; x_wconf 81' lang='grc' dir='ltr'>τίνες</span> <span class='ocrx_word' id='word_1_336' title='bbox 1487 2751 1557 2805; x_wconf 82' lang='grc' dir='ltr'>τὰ</span> <span class='ocrx_word' id='word_1_337' title='bbox 1586 2769 1761 2824; x_wconf 87' lang='grc' dir='ltr'>παρα-</span> 
     </span>
    </p>
   </div>
   <div class='ocr_carea' id='block_1_46' title="bbox 190 2837 1761 2916">
    <p class='ocr_par' dir='ltr' id='par_1_46' title="bbox 190 2837 1761 2916">
     <span class='ocr_line' id='line_1_46' title="bbox 190 2837 1761 2916; baseline 0.004 -25"><span class='ocrx_word' id='word_1_338' title='bbox 190 2837 393 2909; x_wconf 85' lang='grc' dir='ltr'>πλήσια</span> <span class='ocrx_word' id='word_1_339' title='bbox 423 2843 728 2912; x_wconf 79' lang='grc' dir='ltr'>εἰρήκασιν.</span> <span class='ocrx_word' id='word_1_340' title='bbox 765 2846 1097 2916; x_wconf 83' lang='grc' dir='ltr'>Ἐπιστήσας</span> <span class='ocrx_word' id='word_1_341' title='bbox 1141 2844 1201 2898; x_wconf 80' lang='grc' dir='ltr'>δὲ</span> <span class='ocrx_word' id='word_1_342' title='bbox 1241 2847 1335 2899; x_wconf 83' lang='grc' dir='ltr'>καὶ</span> <span class='ocrx_word' id='word_1_343' title='bbox 1376 2847 1489 2908; x_wconf 83' lang='grc' dir='ltr'>τοῖς</span> <span class='ocrx_word' id='word_1_344' title='bbox 1520 2844 1629 2898; x_wconf 83' lang='grc' dir='ltr'>τῶν</span> <span class='ocrx_word' id='word_1_345' title='bbox 1654 2845 1761 2898; x_wconf 90' lang='grc' dir='ltr'>λοι-</span> 
     </span>
    </p>
   </div>
   <div class='ocr_carea' id='block_1_47' title="bbox 185 2927 1761 3006">
    <p class='ocr_par' dir='ltr' id='par_1_47' title="bbox 185 2927 1761 3006">
     <span class='ocr_line' id='line_1_47' title="bbox 185 2927 1761 3006; baseline 0.005 -24"><span class='ocrx_word' id='word_1_346' title='bbox 185 2927 306 2983; x_wconf 84' lang='grc' dir='ltr'>πῶν</span> <span class='ocrx_word' id='word_1_347' title='bbox 332 2931 683 3000; x_wconf 82' lang='grc' dir='ltr'>Εὐαγγελίων</span> <span class='ocrx_word' id='word_1_348' title='bbox 715 2934 968 3006; x_wconf 82' lang='grc' dir='ltr'>ἀριθμοῖς</span> <span class='ocrx_word' id='word_1_349' title='bbox 986 2937 1099 2999; x_wconf 86' lang='grc' dir='ltr'>τοῖς</span> <span class='ocrx_word' id='word_1_350' title='bbox 1140 2938 1197 2993; x_wconf 83' lang='grc' dir='ltr'><strong>ἐν</strong></span> <span class='ocrx_word' id='word_1_351' title='bbox 1232 2935 1310 3006; x_wconf 82' lang='grc' dir='ltr'>τῷ</span> <span class='ocrx_word' id='word_1_352' title='bbox 1362 2935 1547 2991; x_wconf 87' lang='grc' dir='ltr'>κανόνι</span> <span class='ocrx_word' id='word_1_353' title='bbox 1585 2929 1630 3004; x_wconf 84' lang='grc' dir='ltr'><strong>ᾧ</strong></span> <span class='ocrx_word' id='word_1_354' title='bbox 1663 2938 1761 2990; x_wconf 81' lang='grc' dir='ltr'>ἐπ-</span> 
     </span>
    </p>
   </div>
   <div class='ocr_carea' id='block_1_48' title="bbox 187 3016 1759 3098">
    <p class='ocr_par' dir='ltr' id='par_1_48' title="bbox 187 3016 1759 3098">
     <span class='ocr_line' id='line_1_48' title="bbox 187 3016 1759 3098; baseline 0.012 -28"><span class='ocrx_word' id='word_1_355' title='bbox 187 3016 328 3089; x_wconf 82' lang='grc' dir='ltr'>έχεις</span> <span class='ocrx_word' id='word_1_356' title='bbox 359 3021 583 3093; x_wconf 82' lang='grc' dir='ltr'>ἀριθμῷ</span> <span class='ocrx_word' id='word_1_357' title='bbox 605 3024 1048 3096; x_wconf 83' lang='grc' dir='ltr'>παρακειμένοις,</span> <span class='ocrx_word' id='word_1_358' title='bbox 1094 3026 1431 3098; x_wconf 74' lang='grc' dir='ltr'>ἐπιζητήσας</span> <span class='ocrx_word' id='word_1_359' title='bbox 1456 3043 1516 3082; x_wconf 80' lang='grc' dir='ltr'>τε</span> <span class='ocrx_word' id='word_1_360' title='bbox 1562 3026 1759 3089; x_wconf 73' lang='grc' dir='ltr'>αὐτοὺς</span> 
     </span>
    </p>
   </div>
   <div class='ocr_carea' id='block_1_49' title="bbox 181 3109 1756 3186">
    <p class='ocr_par' dir='ltr' id='par_1_49' title="bbox 181 3109 1756 3186">
     <span class='ocr_line' id='line_1_49' title="bbox 181 3109 1756 3186; baseline 0.006 -25"><span class='ocrx_word' id='word_1_361' title='bbox 181 3109 324 3164; x_wconf 79' lang='grc' dir='ltr'>ἔνδον</span> <span class='ocrx_word' id='word_1_362' title='bbox 354 3113 413 3165; x_wconf 88' lang='grc' dir='ltr'><strong>ἐν</strong></span> <span class='ocrx_word' id='word_1_363' title='bbox 454 3117 566 3178; x_wconf 84' lang='grc' dir='ltr'>τοῖς</span> <span class='ocrx_word' id='word_1_364' title='bbox 597 3114 818 3180; x_wconf 77' lang='grc' dir='ltr'>οἰκείοις</span> <span class='ocrx_word' id='word_1_365' title='bbox 845 3116 1075 3169; x_wconf 79' lang='grc' dir='ltr'><strong>ἑκάστου</strong></span> <span class='ocrx_word' id='word_1_366' title='bbox 1090 3117 1423 3186; x_wconf 78' lang='grc' dir='ltr'>Εὑαγγελίου</span> <span class='ocrx_word' id='word_1_367' title='bbox 1454 3119 1659 3186; x_wconf 81' lang='grc' dir='ltr'>τόποις,</span> <span class='ocrx_word' id='word_1_368' title='bbox 1685 3116 1756 3171; x_wconf 78' lang='grc' dir='ltr'>τὰ</span> 
     </span>
    </p>
   </div>
   <div class='ocr_carea' id='block_1_50' title="bbox 180 3204 1119 3281">
    <p class='ocr_par' dir='ltr' id='par_1_50' title="bbox 180 3204 1119 3281">
     <span class='ocr_line' id='line_1_50' title="bbox 180 3204 1119 3281; baseline 0.007 -25"><span class='ocrx_word' id='word_1_369' title='bbox 180 3204 541 3277; x_wconf 73' lang='grc' dir='ltr'>παραπλήσια</span> <span class='ocrx_word' id='word_1_370' title='bbox 574 3205 830 3276; x_wconf 81' lang='grc' dir='ltr'>λέγοντας</span> <span class='ocrx_word' id='word_1_371' title='bbox 850 3209 1119 3281; x_wconf 79' lang='grc' dir='ltr'>εὑρήσεις.</span> 
     </span>
    </p>
   </div>
   <div class='ocr_carea' id='block_1_51' title="bbox 1764 3335 1834 3348">
    <p class='ocr_par' dir='ltr' id='par_1_51' title="bbox 1764 3335 1834 3348">
     <span class='ocr_line' id='line_1_51' title="bbox 1764 3335 1834 3348; baseline -0.029 0"><span class='ocrx_word' id='word_1_372' title='bbox 1764 3335 1834 3348; x_wconf 77' lang='grc' dir='ltr'><strong>ι-</strong></span> 
     </span>
    </p>
   </div>
   <div class='ocr_carea' id='block_1_52' title="bbox 1780 3410 3387 3485">
    <p class='ocr_par' dir='ltr' id='par_1_52' title="bbox 1780 3410 3387 3485">
     <span class='ocr_line' id='line_1_52' title="bbox 1780 3410 3387 3485; baseline -0.006 -7"><span class='ocrx_word' id='word_1_373' title='bbox 1780 3428 1822 3485; x_wconf 91' lang='lat' dir='ltr'><strong>C</strong></span> <span class='ocrx_word' id='word_1_374' title='bbox 1887 3417 2141 3477; x_wconf 83' lang='lat' dir='ltr'><strong>INCIPIT</strong></span> <span class='ocrx_word' id='word_1_375' title='bbox 2179 3416 2411 3475; x_wconf 78' lang='lat' dir='ltr'><strong>CANON</strong></span> <span class='ocrx_word' id='word_1_376' title='bbox 2447 3413 2709 3473; x_wconf 79' lang='lat' dir='ltr'><strong>PRIMUS</strong></span> <span class='ocrx_word' id='word_1_377' title='bbox 2745 3414 2813 3469; x_wconf 90' lang='lat' dir='ltr'>IN</span> <span class='ocrx_word' id='word_1_378' title='bbox 2850 3414 2993 3481; x_wconf 84' lang='lat' dir='ltr'><strong>QUO</strong></span> <span class='ocrx_word' id='word_1_379' title='bbox 3030 3410 3387 3478; x_wconf 77' lang='lat' dir='ltr'><strong>QUATUOR.</strong></span> 
     </span>
    </p>
   </div>
   <div class='ocr_carea' id='block_1_53' title="bbox 277 3418 1644 3493">
    <p class='ocr_par' dir='ltr' id='par_1_53' title="bbox 277 3418 1644 3493">
     <span class='ocr_line' id='line_1_53' title="bbox 277 3418 1644 3493; baseline 0.004 -21"><span class='ocrx_word' id='word_1_380' title='bbox 277 3420 343 3472; x_wconf 73' lang='grc' dir='ltr'>Δ.</span> <span class='ocrx_word' id='word_1_381' title='bbox 379 3418 633 3472; x_wconf 76' lang='grc' dir='ltr'><strong>ΚΑΝΩΝ</strong></span> <span class='ocrx_word' id='word_1_382' title='bbox 671 3419 935 3474; x_wconf 86' lang='grc' dir='ltr'><strong>ΠΡΩΤΟΣ</strong></span> <span class='ocrx_word' id='word_1_383' title='bbox 973 3422 1062 3474; x_wconf 87' lang='grc' dir='ltr'><strong>ΕΝ</strong></span> <span class='ocrx_word' id='word_1_384' title='bbox 1100 3422 1141 3493; x_wconf 83' lang='grc' dir='ltr'>ῼ</span> <span class='ocrx_word' id='word_1_385' title='bbox 1179 3424 1245 3477; x_wconf 86' lang='lat' dir='ltr'><strong>Ol</strong></span> <span class='ocrx_word' id='word_1_386' title='bbox 1280 3423 1644 3479; x_wconf 78' lang='grc' dir='ltr'><strong>ΤΕΣΣΑΡΕΣ.</strong></span> 
     </span>
    </p>
   </div>
   <div class='ocr_carea' id='block_1_54' title="bbox 313 3536 1582 3595">
    <p class='ocr_par' dir='ltr' id='par_1_54' title="bbox 313 3536 1582 3595">
     <span class='ocr_line' id='line_1_54' title="bbox 313 3536 1582 3595; baseline 0.003 -4"><span class='ocrx_word' id='word_1_387' title='bbox 313 3536 438 3592; x_wconf 86' lang='lat' dir='ltr'><strong>MT.</strong></span> <span class='ocrx_word' id='word_1_388' title='bbox 709 3537 830 3589; x_wconf 87' lang='lat' dir='ltr'><strong>MP.</strong></span> <span class='ocrx_word' id='word_1_389' title='bbox 1119 3538 1187 3594; x_wconf 84' lang='lat' dir='ltr'><strong>A.</strong></span> <span class='ocrx_word' id='word_1_390' title='bbox 1496 3540 1582 3595; x_wconf 77' lang='lat' dir='ltr'><strong>ID.</strong></span> 
     </span>
    </p>
   </div>
   <div class='ocr_carea' id='block_1_55' title="bbox 317 3648 1526 3773">
    <p class='ocr_par' dir='ltr' id='par_1_55' title="bbox 317 3648 1526 3773">
     <span class='ocr_line' id='line_1_55' title="bbox 317 3648 1526 3773; baseline 0 0"><span class='ocrx_word' id='word_1_391' title='bbox 317 3667 379 3773; x_wconf 72' lang='grc' dir='ltr'>ζ’.</span> <span class='ocrx_word' id='word_1_392' title='bbox 716 3648 750 3773; x_wconf 73' lang='grc' dir='ltr'>ἕ</span> <span class='ocrx_word' id='word_1_393' title='bbox 1106 3649 1139 3773; x_wconf 73' lang='grc' dir='ltr'>ξ</span> <span class='ocrx_word' id='word_1_394' title='bbox 1498 3670 1526 3773; x_wconf 72' lang='grc' dir='ltr'>ἐ</span> 
     </span>
    </p>
   </div>
   <div class='ocr_carea' id='block_1_56' title="bbox 320 3926 1553 4002">
    <p class='ocr_par' dir='ltr' id='par_1_56' title="bbox 320 3926 1553 4002">
     <span class='ocr_line' id='line_1_56' title="bbox 320 3926 1553 4002; baseline 0.002 -19"><span class='ocrx_word' id='word_1_395' title='bbox 320 3947 374 3983; x_wconf 91' lang='grc' dir='ltr'><strong>ια</strong></span> <span class='ocrx_word' id='word_1_396' title='bbox 716 3926 748 3981; x_wconf 88' lang='grc' dir='ltr'><strong>δ</strong></span> <span class='ocrx_word' id='word_1_397' title='bbox 1113 3948 1131 3982; x_wconf 93' lang='grc' dir='ltr'><strong>ι</strong></span> <span class='ocrx_word' id='word_1_398' title='bbox 1481 3949 1553 4002; x_wconf 86' lang='grc' dir='ltr'><strong>κη</strong></span> 
     </span>
    </p>
   </div>
   <div class='ocr_carea' id='block_1_57' title="bbox 321 4018 1545 4086">
    <p class='ocr_par' dir='ltr' id='par_1_57' title="bbox 321 4018 1545 4086">
     <span class='ocr_line' id='line_1_57' title="bbox 321 4018 1545 4086; baseline 0.004 -15"><span class='ocrx_word' id='word_1_399' title='bbox 321 4018 369 4072; x_wconf 89' lang='grc' dir='ltr'><strong>ιδ</strong></span> <span class='ocrx_word' id='word_1_400' title='bbox 709 4033 739 4072; x_wconf 75' lang='grc' dir='ltr'><strong>ε</strong></span> <span class='ocrx_word' id='word_1_401' title='bbox 1109 4037 1164 4086; x_wconf 91' lang='grc' dir='ltr'><strong>ιγ</strong></span> <span class='ocrx_word' id='word_1_402' title='bbox 1498 4041 1545 4076; x_wconf 89' lang='grc' dir='ltr'>ιε</span> 
     </span>
    </p>
   </div>
   <div class='ocr_carea' id='block_1_58' title="bbox 319 4087 1571 4163">
    <p class='ocr_par' dir='ltr' id='par_1_58' title="bbox 319 4087 1571 4163">
     <span class='ocr_line' id='line_1_58' title="bbox 319 4087 1571 4163; baseline 0.003 -7"><span class='ocrx_word' id='word_1_403' title='bbox 319 4105 393 4156; x_wconf 84' lang='grc' dir='ltr'>κγ</span> <span class='ocrx_word' id='word_1_404' title='bbox 708 4087 792 4163; x_wconf 57' lang='lat' dir='ltr'><strong>lx?</strong></span> <span class='ocrx_word' id='word_1_405' title='bbox 1102 4090 1163 4163; x_wconf 55' lang='grc' dir='ltr'><strong>ξς</strong></span> <span class='ocrx_word' id='word_1_406' title='bbox 1489 4110 1571 4163; x_wconf 80' lang='grc' dir='ltr'><strong>μς</strong></span> 
     </span>
    </p>
   </div>
   <div class='ocr_carea' id='block_1_59' title="bbox 316 4159 1565 4232">
    <p class='ocr_par' dir='ltr' id='par_1_59' title="bbox 316 4159 1565 4232">
     <span class='ocr_line' id='line_1_59' title="bbox 316 4159 1565 4232; baseline 0.002 -5"><span class='ocrx_word' id='word_1_407' title='bbox 316 4175 389 4227; x_wconf 81' lang='grc' dir='ltr'><strong>κγ</strong></span> <span class='ocrx_word' id='word_1_408' title='bbox 711 4159 781 4232; x_wconf 69' lang='grc' dir='ltr'>κς</span> <span class='ocrx_word' id='word_1_409' title='bbox 1101 4159 1162 4213; x_wconf 86' lang='grc' dir='ltr'>λδ</span> <span class='ocrx_word' id='word_1_410' title='bbox 1482 4159 1565 4232; x_wconf 65' lang='grc' dir='ltr'>μς</span> 
     </span>
    </p>
   </div>
   <div class='ocr_carea' id='block_1_60' title="bbox 315 4228 1567 4365">
    <p class='ocr_par' dir='ltr' id='par_1_60' title="bbox 315 4228 1567 4365">
     <span class='ocr_line' id='line_1_60' title="bbox 315 4228 1567 4365; baseline 0.002 -14"><span class='ocrx_word' id='word_1_411' title='bbox 315 4245 389 4351; x_wconf 59' lang='grc' dir='ltr'><strong>’ἐγ</strong></span> <span class='ocrx_word' id='word_1_412' title='bbox 706 4228 778 4350; x_wconf 51' lang='grc' dir='ltr'><strong>ἔξ</strong></span> <span class='ocrx_word' id='word_1_413' title='bbox 1096 4247 1170 4365; x_wconf 63' lang='lat' dir='ltr'><strong>i2</strong></span> <span class='ocrx_word' id='word_1_414' title='bbox 1482 4228 1567 4365; x_wconf 52' lang='grc' dir='ltr'><strong>ἒξ</strong></span> 
     </span>
    </p>
   </div>
   <div class='ocr_carea' id='block_1_61' title="bbox 317 4319 1612 4467">
    <p class='ocr_par' dir='ltr' id='par_1_61' title="bbox 317 4319 1612 4467">
     <span class='ocr_line' id='line_1_61' title="bbox 318 4319 1554 4368; baseline 0.002 -17"><span class='ocrx_word' id='word_1_415' title='bbox 318 4319 348 4351; x_wconf 92' lang='grc' dir='ltr'>ο</span> <span class='ocrx_word' id='word_1_416' title='bbox 706 4319 742 4350; x_wconf 84' lang='grc' dir='ltr'><strong>κ</strong></span> <span class='ocrx_word' id='word_1_417' title='bbox 1104 4319 1164 4365; x_wconf 65' lang='lat' dir='ltr'><strong>At,</strong></span> <span class='ocrx_word' id='word_1_418' title='bbox 1488 4319 1554 4368; x_wconf 78' lang='grc' dir='ltr'>Λη</span> 
     </span>
     <span class='ocr_line' id='line_1_62' title="bbox 317 4389 1612 4467; baseline 0.004 -24"><span class='ocrx_word' id='word_1_419' title='bbox 317 4392 393 4467; x_wconf 77' lang='grc' dir='ltr'><strong>πζ</strong></span> <span class='ocrx_word' id='word_1_420' title='bbox 714 4389 809 4467; x_wconf 90' lang='grc' dir='ltr'>ρλθ</span> <span class='ocrx_word' id='word_1_421' title='bbox 1095 4410 1158 4445; x_wconf 90' lang='grc' dir='ltr'><strong>σν</strong></span> <span class='ocrx_word' id='word_1_422' title='bbox 1498 4411 1612 4467; x_wconf 88' lang='grc' dir='ltr'><strong>ρμα</strong></span> 
     </span>
    </p>
   </div>
   <div class='ocr_carea' id='block_1_62' title="bbox 317 4464 1559 4537">
    <p class='ocr_par' dir='ltr' id='par_1_62' title="bbox 317 4464 1559 4537">
     <span class='ocr_line' id='line_1_63' title="bbox 317 4464 1559 4537; baseline 0 0"><span class='ocrx_word' id='word_1_423' title='bbox 317 4464 389 4537; x_wconf 60' lang='grc' dir='ltr'>μη</span> <span class='ocrx_word' id='word_1_424' title='bbox 706 4465 792 4537; x_wconf 60' lang='grc' dir='ltr'>μς</span> <span class='ocrx_word' id='word_1_425' title='bbox 1098 4470 1196 4531; x_wconf 72' lang='grc' dir='ltr'><strong>ρις</strong></span> <span class='ocrx_word' id='word_1_426' title='bbox 1488 4464 1559 4537; x_wconf 61' lang='lat' dir='ltr'><strong>pse</strong></span> 
     </span>
    </p>
   </div>
   <div class='ocr_carea' id='block_1_63' title="bbox 314 4532 1576 4607">
    <p class='ocr_par' dir='ltr' id='par_1_63' title="bbox 314 4532 1576 4607">
     <span class='ocr_line' id='line_1_64' title="bbox 314 4532 1576 4607; baseline 0 0"><span class='ocrx_word' id='word_1_427' title='bbox 314 4532 387 4607; x_wconf 59' lang='grc' dir='ltr'><strong>Ριη</strong></span> <span class='ocrx_word' id='word_1_428' title='bbox 705 4532 787 4607; x_wconf 58' lang='grc' dir='ltr'><strong>μς</strong></span> <span class='ocrx_word' id='word_1_429' title='bbox 1102 4549 1200 4603; x_wconf 78' lang='grc' dir='ltr'><strong>ρις</strong></span> <span class='ocrx_word' id='word_1_430' title='bbox 1486 4532 1576 4607; x_wconf 59' lang='grc' dir='ltr'><strong>ἐξα</strong></span> 
     </span>
    </p>
   </div>
   <div class='ocr_carea' id='block_1_64' title="bbox 316 4602 1526 4675">
    <p class='ocr_par' dir='ltr' id='par_1_64' title="bbox 316 4602 1526 4675">
     <span class='ocr_line' id='line_1_65' title="bbox 316 4602 1526 4675; baseline 0 0"><span class='ocrx_word' id='word_1_431' title='bbox 316 4602 389 4675; x_wconf 58' lang='lat' dir='ltr'><strong>im</strong></span> <span class='ocrx_word' id='word_1_432' title='bbox 705 4602 785 4675; x_wconf 58' lang='lat' dir='ltr'><strong>Hc</strong></span> <span class='ocrx_word' id='word_1_433' title='bbox 1095 4602 1192 4673; x_wconf 79' lang='grc' dir='ltr'><strong>ρις</strong></span> <span class='ocrx_word' id='word_1_434' title='bbox 1486 4602 1526 4675; x_wconf 68' lang='grc' dir='ltr'>μ</span> 
     </span>
    </p>
   </div>
   <div class='ocr_carea' id='block_1_65' title="bbox 315 4671 1584 4747">
    <p class='ocr_par' dir='ltr' id='par_1_65' title="bbox 315 4671 1584 4747">
     <span class='ocr_line' id='line_1_66' title="bbox 315 4671 1584 4747; baseline -0.005 -12"><span class='ocrx_word' id='word_1_435' title='bbox 315 4671 385 4740; x_wconf 71' lang='grc' dir='ltr'><strong>Ιἰη</strong></span> <span class='ocrx_word' id='word_1_436' title='bbox 708 4672 789 4734; x_wconf 68' lang='grc' dir='ltr'><strong>ιτς·</strong></span> <span class='ocrx_word' id='word_1_437' title='bbox 1096 4671 1197 4744; x_wconf 38' lang='grc' dir='ltr'>“ρις</span> <span class='ocrx_word' id='word_1_438' title='bbox 1485 4671 1584 4747; x_wconf 64' lang='lat' dir='ltr'><strong>pus</strong></span> 
     </span>
    </p>
   </div>
   <div class='ocr_carea' id='block_1_66' title="bbox 314 4762 1587 4837">
    <p class='ocr_par' dir='ltr' id='par_1_66' title="bbox 314 4762 1587 4837">
     <span class='ocr_line' id='line_1_67' title="bbox 314 4762 1587 4837; baseline 0 0"><span class='ocrx_word' id='word_1_439' title='bbox 314 4762 387 4837; x_wconf 66' lang='grc' dir='ltr'><strong>ίιῖι</strong></span> <span class='ocrx_word' id='word_1_440' title='bbox 704 4762 788 4837; x_wconf 53' lang='grc' dir='ltr'><strong>με</strong></span> <span class='ocrx_word' id='word_1_441' title='bbox 1103 4778 1200 4837; x_wconf 66' lang='grc' dir='ltr'><strong>ρξς</strong></span> <span class='ocrx_word' id='word_1_442' title='bbox 1485 4766 1587 4837; x_wconf 82' lang='grc' dir='ltr'>ρλα</span> 
     </span>
    </p>
   </div>
   <div class='ocr_carea' id='block_1_67' title="bbox 314 4827 1544 4909">
    <p class='ocr_par' dir='ltr' id='par_1_67' title="bbox 314 4827 1544 4909">
     <span class='ocr_line' id='line_1_68' title="bbox 314 4827 1544 4909; baseline 0 0"><span class='ocrx_word' id='word_1_443' title='bbox 314 4827 416 4899; x_wconf 50' lang='lat' dir='ltr'><strong>Pl?</strong></span> <span class='ocrx_word' id='word_1_444' title='bbox 704 4827 770 4892; x_wconf 74' lang='grc' dir='ltr'>λξ</span> <span class='ocrx_word' id='word_1_445' title='bbox 1099 4827 1181 4909; x_wconf 59' lang='grc' dir='ltr'><strong>ὃς</strong></span> <span class='ocrx_word' id='word_1_446' title='bbox 1479 4827 1544 4909; x_wconf 61' lang='grc' dir='ltr'><strong>ἐς)</strong></span> 
     </span>
    </p>
   </div>
   <div class='ocr_carea' id='block_1_68' title="bbox 315 4903 1541 4968">
    <p class='ocr_par' dir='ltr' id='par_1_68' title="bbox 315 4903 1541 4968">
     <span class='ocr_line' id='line_1_69' title="bbox 315 4903 1541 4968; baseline 0.009 -20"><span class='ocrx_word' id='word_1_447' title='bbox 315 4914 344 4967; x_wconf 95' lang='grc' dir='ltr'>ρ</span> <span class='ocrx_word' id='word_1_448' title='bbox 352 4915 427 4968; x_wconf 83' lang='grc' dir='ltr'><strong>μα</strong></span> <span class='ocrx_word' id='word_1_449' title='bbox 703 4916 732 4951; x_wconf 92' lang='grc' dir='ltr'><strong>ν</strong></span> <span class='ocrx_word' id='word_1_450' title='bbox 1103 4903 1153 4956; x_wconf 88' lang='grc' dir='ltr'><strong>ιθ</strong></span> <span class='ocrx_word' id='word_1_451' title='bbox 1479 4903 1541 4959; x_wconf 66' lang='grc' dir='ltr'><strong>νθ</strong></span> 
     </span>
    </p>
   </div>
   <div class='ocr_carea' id='block_1_69' title="bbox 314 4975 1540 5039">
    <p class='ocr_par' dir='ltr' id='par_1_69' title="bbox 314 4975 1540 5039">
     <span class='ocr_line' id='line_1_70' title="bbox 314 4975 1540 5039; baseline 0.008 -20"><span class='ocrx_word' id='word_1_452' title='bbox 314 4983 344 5039; x_wconf 94' lang='grc' dir='ltr'>ρ</span> <span class='ocrx_word' id='word_1_453' title='bbox 351 4975 424 5037; x_wconf 84' lang='grc' dir='ltr'><strong>μϐ</strong></span> <span class='ocrx_word' id='word_1_454' title='bbox 705 4986 772 5039; x_wconf 81' lang='grc' dir='ltr'><strong>να</strong></span> <span class='ocrx_word' id='word_1_455' title='bbox 912 5012 921 5017; x_wconf 87' lang='grc'><strong>.</strong></span> <span class='ocrx_word' id='word_1_456' title='bbox 1095 4989 1168 5026; x_wconf 89' lang='grc' dir='ltr'><strong>κα</strong></span> <span class='ocrx_word' id='word_1_457' title='bbox 1482 4975 1540 5029; x_wconf 94' lang='grc' dir='ltr'>λε</span> 
     </span>
    </p>
   </div>
   <div class='ocr_carea' id='block_1_70' title="bbox 315 5037 1564 5116">
    <p class='ocr_par' dir='ltr' id='par_1_70' title="bbox 315 5037 1564 5116">
     <span class='ocr_line' id='line_1_71' title="bbox 315 5037 1564 5116; baseline -0.006 -10"><span class='ocrx_word' id='word_1_458' title='bbox 315 5037 421 5108; x_wconf 51' lang='lat' dir='ltr'><strong>Plit»</strong></span> <span class='ocrx_word' id='word_1_459' title='bbox 700 5037 760 5104; x_wconf 79' lang='grc' dir='ltr'><strong>ξδ</strong></span> <span class='ocrx_word' id='word_1_460' title='bbox 1103 5046 1176 5113; x_wconf 76' lang='grc' dir='ltr'><strong>ιιγ</strong></span> <span class='ocrx_word' id='word_1_461' title='bbox 1493 5045 1564 5116; x_wconf 88' lang='grc' dir='ltr'><strong>μθ</strong></span> 
     </span>
    </p>
   </div>
   <div class='ocr_carea' id='block_1_71' title="bbox 313 5127 1544 5200">
    <p class='ocr_par' dir='ltr' id='par_1_71' title="bbox 313 5127 1544 5200">
     <span class='ocr_line' id='line_1_72' title="bbox 313 5127 1544 5200; baseline 0.002 -2"><span class='ocrx_word' id='word_1_462' title='bbox 313 5127 409 5200; x_wconf 64' lang='grc' dir='ltr'><strong>ρξς»</strong></span> <span class='ocrx_word' id='word_1_463' title='bbox 702 5130 772 5184; x_wconf 86' lang='grc' dir='ltr'><strong>πδ</strong></span> <span class='ocrx_word' id='word_1_464' title='bbox 1088 5133 1155 5198; x_wconf 78' lang='grc' dir='ltr'><strong>ιιδ</strong></span> <span class='ocrx_word' id='word_1_465' title='bbox 1491 5134 1544 5200; x_wconf 79' lang='grc' dir='ltr'>ιζ</span> 
     </span>
    </p>
   </div>
   <div class='ocr_carea' id='block_1_72' title="bbox 310 5197 1535 5326">
    <p class='ocr_par' dir='ltr' id='par_1_72' title="bbox 310 5197 1535 5326">
     <span class='ocr_line' id='line_1_73' title="bbox 310 5197 1535 5326; baseline 0.008 -9"><span class='ocrx_word' id='word_1_466' title='bbox 310 5197 418 5318; x_wconf 56' lang='lat' dir='ltr'><strong>iiii</strong></span> <span class='ocrx_word' id='word_1_467' title='bbox 697 5201 789 5326; x_wconf 69' lang='grc' dir='ltr'><strong>ῗῗο</strong></span> <span class='ocrx_word' id='word_1_468' title='bbox 1091 5203 1182 5326; x_wconf 57' lang='lat' dir='ltr'><strong>his</strong></span> <span class='ocrx_word' id='word_1_469' title='bbox 1477 5197 1535 5326; x_wconf 66' lang='grc' dir='ltr'><strong>ἳῗ</strong></span> 
     </span>
    </p>
   </div>
   <div class='ocr_carea' id='block_1_73' title="bbox 310 5283 1550 5466">
    <p class='ocr_par' dir='ltr' id='par_1_73' title="bbox 310 5283 1550 5466">
     <span class='ocr_line' id='line_1_74' title="bbox 310 5283 1520 5348; baseline 0.01 -31"><span class='ocrx_word' id='word_1_470' title='bbox 310 5283 373 5318; x_wconf 79' lang='grc' dir='ltr'>συ</span> <span class='ocrx_word' id='word_1_471' title='bbox 702 5283 789 5340; x_wconf 81' lang='grc' dir='ltr'>ριυ</span> <span class='ocrx_word' id='word_1_472' title='bbox 1043 5300 1062 5309; x_wconf 73' lang='lat'><strong><em>~</em></strong></span> <span class='ocrx_word' id='word_1_473' title='bbox 1091 5283 1182 5326; x_wconf 86' lang='grc' dir='ltr'>σλδ</span> <span class='ocrx_word' id='word_1_474' title='bbox 1488 5294 1520 5348; x_wconf 90' lang='grc' dir='ltr'><strong>ρ</strong></span> 
     </span>
     <span class='ocr_line' id='line_1_75' title="bbox 310 5342 1550 5466; baseline 0.006 -72"><span class='ocrx_word' id='word_1_475' title='bbox 310 5352 400 5389; x_wconf 85' lang='grc' dir='ltr'><strong>σια</strong></span> <span class='ocrx_word' id='word_1_476' title='bbox 700 5357 805 5410; x_wconf 88' lang='grc' dir='ltr'><strong>ρκα</strong></span> <span class='ocrx_word' id='word_1_477' title='bbox 1089 5342 1193 5466; x_wconf 59' lang='grc' dir='ltr'>σλτό</span> <span class='ocrx_word' id='word_1_478' title='bbox 1477 5365 1550 5401; x_wconf 85' lang='grc' dir='ltr'><strong>κα</strong></span> 
     </span>
     <span class='ocr_line' id='line_1_76' title="bbox 311 5411 1550 5466; baseline 0.006 -8"><span class='ocrx_word' id='word_1_479' title='bbox 311 5420 377 5458; x_wconf 88' lang='grc' dir='ltr'><strong>σκ</strong></span> <span class='ocrx_word' id='word_1_480' title='bbox 701 5411 803 5466; x_wconf 85' lang='grc' dir='ltr'>οκ6</span> <span class='ocrx_word' id='word_1_481' title='bbox 1097 5413 1162 5466; x_wconf 85' lang='grc' dir='ltr'><strong>ολ</strong></span> <span class='ocrx_word' id='word_1_482' title='bbox 1491 5418 1550 5466; x_wconf 73' lang='grc' dir='ltr'><strong>οε</strong></span> 
     </span>
    </p>
   </div>
   <div class='ocr_carea' id='block_1_74' title="bbox 313 5418 1556 5597">
    <p class='ocr_par' dir='ltr' id='par_1_74' title="bbox 313 5418 1556 5597">
     <span class='ocr_line' id='line_1_77' title="bbox 313 5418 1556 5483; baseline 0.012 -27"><span class='ocrx_word' id='word_1_483' title='bbox 313 5420 377 5458; x_wconf 91' lang='grc' dir='ltr'><strong>σκ</strong></span> <span class='ocrx_word' id='word_1_484' title='bbox 701 5418 803 5481; x_wconf 88' lang='grc' dir='ltr'>ρκ6</span> <span class='ocrx_word' id='word_1_485' title='bbox 1097 5418 1193 5467; x_wconf 88' lang='grc' dir='ltr'>σλθ</span> <span class='ocrx_word' id='word_1_486' title='bbox 1491 5418 1556 5483; x_wconf 72' lang='grc' dir='ltr'><strong>οξ</strong></span> 
     </span>
     <span class='ocr_line' id='line_1_78' title="bbox 313 5503 1556 5597; baseline 0 0"><span class='ocrx_word' id='word_1_487' title='bbox 313 5511 379 5597; x_wconf 72' lang='grc' dir='ltr'><strong>Ξὲ</strong></span> <span class='ocrx_word' id='word_1_488' title='bbox 702 5503 807 5597; x_wconf 64' lang='lat'><strong>€332</strong></span> <span class='ocrx_word' id='word_1_489' title='bbox 1090 5506 1200 5597; x_wconf 56' lang='lat' dir='ltr'><strong>se?</strong></span> <span class='ocrx_word' id='word_1_490' title='bbox 1485 5526 1556 5597; x_wconf 70' lang='grc' dir='ltr'>πε</span> 
     </span>
    </p>
   </div>
   <div class='ocr_carea' id='block_1_75' title="bbox 308 5574 1609 5714">
    <p class='ocr_par' dir='ltr' id='par_1_75' title="bbox 308 5574 1609 5714">
     <span class='ocr_line' id='line_1_79' title="bbox 308 5574 1565 5650; baseline 0.002 -11"><span class='ocrx_word' id='word_1_491' title='bbox 308 5580 378 5617; x_wconf 84' lang='grc' dir='ltr'><strong>σκ</strong></span> <span class='ocrx_word' id='word_1_492' title='bbox 705 5574 807 5643; x_wconf 78' lang='grc' dir='ltr'>ρκδ</span> <span class='ocrx_word' id='word_1_493' title='bbox 1088 5574 1187 5641; x_wconf 81' lang='grc' dir='ltr'>σξα</span> <span class='ocrx_word' id='word_1_494' title='bbox 1486 5596 1565 5650; x_wconf 74' lang='grc' dir='ltr'>πη</span> 
     </span>
     <span class='ocr_line' id='line_1_80' title="bbox 310 5634 1609 5714; baseline 0 0"><span class='ocrx_word' id='word_1_495' title='bbox 310 5634 415 5714; x_wconf 64' lang='grc' dir='ltr'><strong>(ηιξ</strong></span> <span class='ocrx_word' id='word_1_496' title='bbox 695 5642 788 5714; x_wconf 71' lang='grc' dir='ltr'>ρλθ</span> <span class='ocrx_word' id='word_1_497' title='bbox 1088 5663 1150 5699; x_wconf 86' lang='grc' dir='ltr'>σν</span> <span class='ocrx_word' id='word_1_498' title='bbox 1495 5666 1609 5714; x_wconf 82' lang='grc' dir='ltr'><strong>ρμα</strong></span> 
     </span>
    </p>
   </div>
   <div class='ocr_carea' id='block_1_76' title="bbox 311 5666 1570 5782">
    <p class='ocr_par' dir='ltr' id='par_1_76' title="bbox 311 5666 1570 5782">
     <span class='ocr_line' id='line_1_81' title="bbox 311 5666 1570 5782; baseline 0.022 -28"><span class='ocrx_word' id='word_1_499' title='bbox 694 5666 788 5782; x_wconf 61' lang='lat'><strong>2:3</strong></span> <span class='ocrx_word' id='word_1_500' title='bbox 1086 5666 1150 5769; x_wconf 60' lang='lat'><strong>3</strong></span> <span class='ocrx_word' id='word_1_501' title='bbox 1489 5666 1570 5782; x_wconf 70' lang='lat' dir='ltr'><strong>Si:</strong></span> 
     </span>
    </p>
   </div>
   <div class='ocr_carea' id='block_1_77' title="bbox 1873 1927 3434 2001">
    <p class='ocr_par' dir='ltr' id='par_1_77' title="bbox 1873 1927 3434 2001">
     <span class='ocr_line' id='line_1_82' title="bbox 1873 1927 3434 2001; baseline 0.001 -18"><span class='ocrx_word' id='word_1_502' title='bbox 1873 1927 2139 1994; x_wconf 87' lang='lat' dir='ltr'><strong>secundo,</strong></span> <span class='ocrx_word' id='word_1_503' title='bbox 2163 1934 2218 1982; x_wconf 87' lang='lat' dir='ltr'><strong>et</strong></span> <span class='ocrx_word' id='word_1_504' title='bbox 2242 1928 2431 1989; x_wconf 83' lang='lat' dir='ltr'><strong>eodem</strong></span> <span class='ocrx_word' id='word_1_505' title='bbox 2455 1928 2618 1983; x_wconf 90' lang='lat' dir='ltr'><strong>modo</strong></span> <span class='ocrx_word' id='word_1_506' title='bbox 2649 1944 2823 1998; x_wconf 88' lang='lat' dir='ltr'><strong>usque</strong></span> <span class='ocrx_word' id='word_1_507' title='bbox 2854 1929 2921 1984; x_wconf 93' lang='lat' dir='ltr'><strong>ad</strong></span> <span class='ocrx_word' id='word_1_508' title='bbox 2945 1933 3152 1985; x_wconf 83' lang='lat' dir='ltr'><strong>decem.</strong></span> <span class='ocrx_word' id='word_1_509' title='bbox 3187 1928 3244 1984; x_wconf 89' lang='lat' dir='ltr'><strong>Si</strong></span> <span class='ocrx_word' id='word_1_510' title='bbox 3274 1931 3434 2001; x_wconf 78' lang='lat' dir='ltr'><strong>igitur</strong></span> 
     </span>
    </p>
   </div>
   <div class='ocr_carea' id='block_1_78' title="bbox 1870 2020 3435 2092">
    <p class='ocr_par' dir='ltr' id='par_1_78' title="bbox 1870 2020 3435 2092">
     <span class='ocr_line' id='line_1_83' title="bbox 1870 2020 3435 2092; baseline -0.001 -15"><span class='ocrx_word' id='word_1_511' title='bbox 1870 2022 2087 2077; x_wconf 89' lang='lat' dir='ltr'><strong>evoluto</strong></span> <span class='ocrx_word' id='word_1_512' title='bbox 2121 2035 2227 2074; x_wconf 90' lang='lat' dir='ltr'><strong>uno</strong></span> <span class='ocrx_word' id='word_1_513' title='bbox 2255 2020 2627 2091; x_wconf 88' lang='lat' dir='ltr'><strong>qualicunque</strong></span> <span class='ocrx_word' id='word_1_514' title='bbox 2661 2036 2785 2076; x_wconf 87' lang='lat' dir='ltr'><strong>cum</strong></span> <span class='ocrx_word' id='word_1_515' title='bbox 2839 2028 3074 2092; x_wconf 86' lang='lat' dir='ltr'><strong>quatuor</strong></span> <span class='ocrx_word' id='word_1_516' title='bbox 3106 2022 3435 2092; x_wconf 81' lang='lat' dir='ltr'><strong>Evangeliis,</strong></span> 
     </span>
    </p>
   </div>
   <div class='ocr_carea' id='block_1_79' title="bbox 1869 2112 3436 2185">
    <p class='ocr_par' dir='ltr' id='par_1_79' title="bbox 1869 2112 3436 2185">
     <span class='ocr_line' id='line_1_84' title="bbox 1869 2112 3436 2185; baseline 0 -18"><span class='ocrx_word' id='word_1_517' title='bbox 1869 2112 2090 2169; x_wconf 85' lang='lat' dir='ltr'><strong>cuilibet</strong></span> <span class='ocrx_word' id='word_1_518' title='bbox 2112 2112 2352 2182; x_wconf 90' lang='lat' dir='ltr'><strong>capitulo</strong></span> <span class='ocrx_word' id='word_1_519' title='bbox 2366 2112 2501 2168; x_wconf 85' lang='lat' dir='ltr'><strong>velis</strong></span> <span class='ocrx_word' id='word_1_520' title='bbox 2530 2113 2805 2178; x_wconf 83' lang='lat' dir='ltr'><strong>insistere,</strong></span> <span class='ocrx_word' id='word_1_521' title='bbox 2838 2121 2892 2169; x_wconf 82' lang='lat' dir='ltr'><strong>et</strong></span> <span class='ocrx_word' id='word_1_522' title='bbox 2924 2114 3127 2169; x_wconf 86' lang='lat' dir='ltr'><strong>rescire</strong></span> <span class='ocrx_word' id='word_1_523' title='bbox 3156 2113 3248 2185; x_wconf 89' lang='lat' dir='ltr'><strong>qui</strong></span> <span class='ocrx_word' id='word_1_524' title='bbox 3281 2112 3436 2169; x_wconf 88' lang='lat' dir='ltr'><strong>simi-</strong></span> 
     </span>
    </p>
   </div>
   <div class='ocr_carea' id='block_1_80' title="bbox 1868 2204 3434 2274">
    <p class='ocr_par' dir='ltr' id='par_1_80' title="bbox 1868 2204 3434 2274">
     <span class='ocr_line' id='line_1_85' title="bbox 1868 2204 3434 2274; baseline 0.003 -18"><span class='ocrx_word' id='word_1_525' title='bbox 1868 2204 1938 2257; x_wconf 89' lang='lat' dir='ltr'><strong>lia</strong></span> <span class='ocrx_word' id='word_1_526' title='bbox 1960 2204 2226 2271; x_wconf 82' lang='lat' dir='ltr'><strong>dixerint,</strong></span> <span class='ocrx_word' id='word_1_527' title='bbox 2256 2211 2310 2259; x_wconf 90' lang='lat' dir='ltr'><strong>et</strong></span> <span class='ocrx_word' id='word_1_528' title='bbox 2330 2204 2449 2259; x_wconf 91' lang='lat' dir='ltr'><strong>loca</strong></span> <span class='ocrx_word' id='word_1_529' title='bbox 2483 2204 2706 2274; x_wconf 89' lang='lat' dir='ltr'><strong>propria</strong></span> <span class='ocrx_word' id='word_1_530' title='bbox 2734 2219 3034 2274; x_wconf 80' lang='lat' dir='ltr'><strong>agnoscere</strong></span> <span class='ocrx_word' id='word_1_531' title='bbox 3067 2204 3434 2274; x_wconf 79' lang='lat' dir='ltr'><strong>singulorum,</strong></span> 
     </span>
    </p>
   </div>
   <div class='ocr_carea' id='block_1_81' title="bbox 1867 2294 3438 2367">
    <p class='ocr_par' dir='ltr' id='par_1_81' title="bbox 1867 2294 3438 2367">
     <span class='ocr_line' id='line_1_86' title="bbox 1867 2294 3438 2367; baseline 0.004 -19"><span class='ocrx_word' id='word_1_532' title='bbox 1867 2294 1922 2349; x_wconf 91' lang='lat' dir='ltr'><strong>in</strong></span> <span class='ocrx_word' id='word_1_533' title='bbox 1955 2297 2155 2366; x_wconf 88' lang='lat' dir='ltr'><strong>quibus</strong></span> <span class='ocrx_word' id='word_1_534' title='bbox 2199 2297 2404 2366; x_wconf 88' lang='lat' dir='ltr'><strong>eadem</strong></span> <span class='ocrx_word' id='word_1_535' title='bbox 2455 2303 2584 2351; x_wconf 88' lang='lat' dir='ltr'><strong>sunt</strong></span> <span class='ocrx_word' id='word_1_536' title='bbox 2629 2297 2898 2367; x_wconf 89' lang='lat' dir='ltr'><strong>prolocuti</strong></span> <span class='ocrx_word' id='word_1_537' title='bbox 2955 2296 3200 2367; x_wconf 84' lang='lat' dir='ltr'><strong>ejusdem</strong></span> <span class='ocrx_word' id='word_1_538' title='bbox 3237 2311 3438 2355; x_wconf 82' lang='lat' dir='ltr'><strong>sensus</strong></span> 
     </span>
    </p>
   </div>
   <div class='ocr_carea' id='block_1_82' title="bbox 1865 2388 3434 2459">
    <p class='ocr_par' dir='ltr' id='par_1_82' title="bbox 1865 2388 3434 2459">
     <span class='ocr_line' id='line_1_87' title="bbox 1865 2388 3434 2459; baseline 0.001 -17"><span class='ocrx_word' id='word_1_539' title='bbox 1865 2404 2026 2459; x_wconf 89' lang='lat' dir='ltr'><strong>quem</strong></span> <span class='ocrx_word' id='word_1_540' title='bbox 2059 2395 2250 2455; x_wconf 88' lang='lat' dir='ltr'><strong>tenes;</strong></span> <span class='ocrx_word' id='word_1_541' title='bbox 2282 2388 2532 2458; x_wconf 78' lang='lat' dir='ltr'><strong>relegens</strong></span> <span class='ocrx_word' id='word_1_542' title='bbox 2566 2389 2904 2459; x_wconf 85' lang='lat' dir='ltr'><strong>propositum</strong></span> <span class='ocrx_word' id='word_1_543' title='bbox 2940 2404 3249 2453; x_wconf 88' lang='lat' dir='ltr'><strong>numerum,</strong></span> <span class='ocrx_word' id='word_1_544' title='bbox 3279 2404 3434 2459; x_wconf 73' lang='lat' dir='ltr'><strong>quae-</strong></span> 
     </span>
    </p>
   </div>
   <div class='ocr_carea' id='block_1_83' title="bbox 1865 2479 3434 2551">
    <p class='ocr_par' dir='ltr' id='par_1_83' title="bbox 1865 2479 3434 2551">
     <span class='ocr_line' id='line_1_88' title="bbox 1865 2479 3434 2551; baseline -0.001 -14"><span class='ocrx_word' id='word_1_545' title='bbox 1865 2481 2137 2551; x_wconf 84' lang='lat' dir='ltr'><strong>situmque</strong></span> <span class='ocrx_word' id='word_1_546' title='bbox 2165 2496 2289 2536; x_wconf 91' lang='lat' dir='ltr'><strong>eum</strong></span> <span class='ocrx_word' id='word_1_547' title='bbox 2318 2480 2375 2535; x_wconf 89' lang='lat' dir='ltr'><strong>in</strong></span> <span class='ocrx_word' id='word_1_548' title='bbox 2401 2480 2561 2534; x_wconf 90' lang='lat' dir='ltr'><strong>titulo</strong></span> <span class='ocrx_word' id='word_1_549' title='bbox 2584 2495 2745 2551; x_wconf 86' lang='lat' dir='ltr'><strong>quem</strong></span> <span class='ocrx_word' id='word_1_550' title='bbox 2770 2481 3107 2536; x_wconf 77' lang='lat' dir='ltr'><strong>demonstrat</strong></span> <span class='ocrx_word' id='word_1_551' title='bbox 3128 2479 3270 2534; x_wconf 89' lang='lat' dir='ltr'><strong>tituli</strong></span> <span class='ocrx_word' id='word_1_552' title='bbox 3302 2480 3434 2537; x_wconf 88' lang='lat' dir='ltr'><strong>sub-</strong></span> 
     </span>
    </p>
   </div>
   <div class='ocr_carea' id='block_1_84' title="bbox 1863 2572 3428 2642">
    <p class='ocr_par' dir='ltr' id='par_1_84' title="bbox 1863 2572 3428 2642">
     <span class='ocr_line' id='line_1_89' title="bbox 1863 2572 3428 2642; baseline 0.001 -15"><span class='ocrx_word' id='word_1_553' title='bbox 1863 2574 2092 2638; x_wconf 86' lang='lat' dir='ltr'><strong>notatio,</strong></span> <span class='ocrx_word' id='word_1_554' title='bbox 2116 2574 2379 2629; x_wconf 90' lang='lat' dir='ltr'><strong>continuo</strong></span> <span class='ocrx_word' id='word_1_555' title='bbox 2402 2573 2546 2629; x_wconf 90' lang='lat' dir='ltr'><strong>scire</strong></span> <span class='ocrx_word' id='word_1_556' title='bbox 2562 2580 2718 2641; x_wconf 88' lang='lat' dir='ltr'><strong>poles</strong></span> <span class='ocrx_word' id='word_1_557' title='bbox 2745 2588 2810 2627; x_wconf 88' lang='lat' dir='ltr'><strong>ex</strong></span> <span class='ocrx_word' id='word_1_558' title='bbox 2842 2572 3428 2642; x_wconf 86' lang='lat' dir='ltr'><strong>suprascriptionibus,</strong></span> 
     </span>
    </p>
   </div>
   <div class='ocr_carea' id='block_1_85' title="bbox 1862 2664 3432 2736">
    <p class='ocr_par' dir='ltr' id='par_1_85' title="bbox 1862 2664 3432 2736">
     <span class='ocr_line' id='line_1_90' title="bbox 1862 2664 3432 2736; baseline -0.001 -16"><span class='ocrx_word' id='word_1_559' title='bbox 1862 2681 1999 2736; x_wconf 87' lang='lat' dir='ltr'><strong>quas</strong></span> <span class='ocrx_word' id='word_1_560' title='bbox 2029 2667 2083 2721; x_wconf 91' lang='lat' dir='ltr'><strong>in</strong></span> <span class='ocrx_word' id='word_1_561' title='bbox 2146 2665 2327 2721; x_wconf 77' lang='lat' dir='ltr'><strong>fronte</strong></span> <span class='ocrx_word' id='word_1_562' title='bbox 2361 2672 2581 2721; x_wconf 86' lang='lat' dir='ltr'><strong>notatas</strong></span> <span class='ocrx_word' id='word_1_563' title='bbox 2620 2664 2864 2721; x_wconf 88' lang='lat' dir='ltr'><strong>invenies</strong></span> <span class='ocrx_word' id='word_1_564' title='bbox 2885 2705 2900 2730; x_wconf 92' lang='lat'><strong>,</strong></span> <span class='ocrx_word' id='word_1_565' title='bbox 2925 2665 3017 2736; x_wconf 67' lang='lat' dir='ltr'><strong>Qui</strong></span> <span class='ocrx_word' id='word_1_566' title='bbox 3070 2675 3162 2719; x_wconf 85' lang='lat' dir='ltr'><strong>aut</strong></span> <span class='ocrx_word' id='word_1_567' title='bbox 3197 2670 3332 2735; x_wconf 89' lang='lat' dir='ltr'><strong>quot</strong></span> <span class='ocrx_word' id='word_1_568' title='bbox 3364 2664 3432 2719; x_wconf 86' lang='lat' dir='ltr'><strong>de</strong></span> 
     </span>
    </p>
   </div>
   <div class='ocr_carea' id='block_1_86' title="bbox 1860 2755 3428 2830">
    <p class='ocr_par' dir='ltr' id='par_1_86' title="bbox 1860 2755 3428 2830">
     <span class='ocr_line' id='line_1_91' title="bbox 1860 2755 3428 2830; baseline -0.003 -16"><span class='ocrx_word' id='word_1_569' title='bbox 1860 2760 1948 2815; x_wconf 91' lang='lat' dir='ltr'><strong>bis</strong></span> <span class='ocrx_word' id='word_1_570' title='bbox 1975 2775 2095 2830; x_wconf 66' lang='lat' dir='ltr'><strong>qua:</strong></span> <span class='ocrx_word' id='word_1_571' title='bbox 2130 2759 2385 2830; x_wconf 89' lang='lat' dir='ltr'><strong>inquiris,</strong></span> <span class='ocrx_word' id='word_1_572' title='bbox 2417 2758 2617 2814; x_wconf 89' lang='lat' dir='ltr'><strong>similia</strong></span> <span class='ocrx_word' id='word_1_573' title='bbox 2659 2756 2917 2813; x_wconf 83' lang='lat' dir='ltr'><strong>dixerint.</strong></span> <span class='ocrx_word' id='word_1_574' title='bbox 2968 2755 3206 2812; x_wconf 77' lang='lat' dir='ltr'><strong>Veniens</strong></span> <span class='ocrx_word' id='word_1_575' title='bbox 3262 2756 3428 2812; x_wconf 87' lang='lat' dir='ltr'><strong>etiam</strong></span> 
     </span>
    </p>
   </div>
   <div class='ocr_carea' id='block_1_87' title="bbox 1860 2848 3427 2921">
    <p class='ocr_par' dir='ltr' id='par_1_87' title="bbox 1860 2848 3427 2921">
     <span class='ocr_line' id='line_1_92' title="bbox 1860 2848 3427 2921; baseline -0.003 -18"><span class='ocrx_word' id='word_1_576' title='bbox 1860 2850 1927 2906; x_wconf 90' lang='lat' dir='ltr'><strong>ad</strong></span> <span class='ocrx_word' id='word_1_577' title='bbox 1952 2852 2161 2921; x_wconf 73' lang='lat' dir='ltr'><strong>reliqua</strong></span> <span class='ocrx_word' id='word_1_578' title='bbox 2209 2849 2497 2921; x_wconf 77' lang='lat' dir='ltr'><strong>Evangelia</strong></span> <span class='ocrx_word' id='word_1_579' title='bbox 2536 2864 2633 2920; x_wconf 89' lang='lat' dir='ltr'><strong>per</strong></span> <span class='ocrx_word' id='word_1_580' title='bbox 2663 2848 2912 2904; x_wconf 89' lang='lat' dir='ltr'><strong>eumdem</strong></span> <span class='ocrx_word' id='word_1_581' title='bbox 2944 2862 3231 2902; x_wconf 86' lang='lat' dir='ltr'><strong>numerum</strong></span> <span class='ocrx_word' id='word_1_582' title='bbox 3263 2860 3427 2918; x_wconf 86' lang='lat' dir='ltr'><strong>quem</strong></span> 
     </span>
    </p>
   </div>
   <div class='ocr_carea' id='block_1_88' title="bbox 1860 2939 3425 3009">
    <p class='ocr_par' dir='ltr' id='par_1_88' title="bbox 1860 2939 3425 3009">
     <span class='ocr_line' id='line_1_93' title="bbox 1860 2939 3425 3009; baseline -0.003 -12"><span class='ocrx_word' id='word_1_583' title='bbox 1860 2943 2161 3008; x_wconf 76' lang='lat' dir='ltr'><strong>continent,</strong></span> <span class='ocrx_word' id='word_1_584' title='bbox 2193 2940 2404 2996; x_wconf 88' lang='lat' dir='ltr'><strong>videbis</strong></span> <span class='ocrx_word' id='word_1_585' title='bbox 2435 2940 2714 3009; x_wconf 89' lang='lat' dir='ltr'><strong>appositos</strong></span> <span class='ocrx_word' id='word_1_586' title='bbox 2738 2954 2834 3009; x_wconf 89' lang='lat' dir='ltr'><strong>per</strong></span> <span class='ocrx_word' id='word_1_587' title='bbox 2863 2939 3105 3009; x_wconf 79' lang='lat' dir='ltr'><strong>singulos</strong></span> <span class='ocrx_word' id='word_1_588' title='bbox 3141 2953 3425 3000; x_wconf 84' lang='lat' dir='ltr'><strong>numeros,</strong></span> 
     </span>
    </p>
   </div>
   <div class='ocr_carea' id='block_1_89' title="bbox 1859 3027 3430 3102">
    <p class='ocr_par' dir='ltr' id='par_1_89' title="bbox 1859 3027 3430 3102">
     <span class='ocr_line' id='line_1_94' title="bbox 1859 3027 3430 3102; baseline 0 -16"><span class='ocrx_word' id='word_1_589' title='bbox 1859 3041 2022 3102; x_wconf 87' lang='lat' dir='ltr'><strong>atque</strong></span> <span class='ocrx_word' id='word_1_590' title='bbox 2055 3047 2152 3087; x_wconf 89' lang='lat' dir='ltr'><strong>eos</strong></span> <span class='ocrx_word' id='word_1_591' title='bbox 2198 3032 2255 3086; x_wconf 92' lang='lat' dir='ltr'><strong>in</strong></span> <span class='ocrx_word' id='word_1_592' title='bbox 2288 3029 2403 3086; x_wconf 87' lang='lat' dir='ltr'><strong>suis</strong></span> <span class='ocrx_word' id='word_1_593' title='bbox 2433 3029 2781 3100; x_wconf 89' lang='lat' dir='ltr'><strong>propriisque</strong></span> <span class='ocrx_word' id='word_1_594' title='bbox 2831 3029 2966 3085; x_wconf 69' lang='lat' dir='ltr'><strong>locis</strong></span> <span class='ocrx_word' id='word_1_595' title='bbox 2995 3027 3192 3085; x_wconf 86' lang='lat' dir='ltr'><strong>similia</strong></span> <span class='ocrx_word' id='word_1_596' title='bbox 3221 3028 3430 3086; x_wconf 78' lang='lat' dir='ltr'><strong>dixisse</strong></span> 
     </span>
    </p>
   </div>
   <div class='ocr_carea' id='block_1_90' title="bbox 1861 3136 2932 3193">
    <p class='ocr_par' dir='ltr' id='par_1_90' title="bbox 1861 3136 2932 3193">
     <span class='ocr_line' id='line_1_95' title="bbox 1861 3136 2932 3193; baseline -0.004 -15"><span class='ocrx_word' id='word_1_597' title='bbox 1861 3136 2121 3193; x_wconf 75' lang='lat' dir='ltr'><strong>reperies.</strong></span> <span class='ocrx_word' id='word_1_598' title='bbox 2929 3140 2932 3143; x_wconf 50' lang='grc' dir='ltr'><strong>ν</strong></span> 
     </span>
    </p>
   </div>
   <div class='ocr_carea' id='block_1_91' title="bbox 1925 3516 3303 3592">
    <p class='ocr_par' dir='ltr' id='par_1_91' title="bbox 1925 3516 3303 3592">
     <span class='ocr_line' id='line_1_96' title="bbox 1925 3516 3303 3592; baseline -0.007 -9"><span class='ocrx_word' id='word_1_599' title='bbox 1925 3525 2188 3592; x_wconf 80' lang='grc' dir='ltr'><strong>ΜΑΤΤΗ.</strong></span> <span class='ocrx_word' id='word_1_600' title='bbox 2333 3522 2543 3592; x_wconf 76' lang='lat' dir='ltr'><strong>MABC.</strong></span> <span class='ocrx_word' id='word_1_601' title='bbox 2689 3519 2935 3585; x_wconf 85' lang='lat' dir='ltr'><strong>LUCAS.</strong></span> <span class='ocrx_word' id='word_1_602' title='bbox 3113 3516 3303 3574; x_wconf 79' lang='lat' dir='ltr'><strong>JOAN.</strong></span> 
     </span>
    </p>
   </div>
   <div class='ocr_carea' id='block_1_92' title="bbox 1924 3637 3137 3701">
    <p class='ocr_par' dir='ltr' id='par_1_92' title="bbox 1924 3637 3137 3701">
     <span class='ocr_line' id='line_1_97' title="bbox 1924 3637 3137 3701; baseline -0.006 -5"><span class='ocrx_word' id='word_1_603' title='bbox 1924 3641 2017 3696; x_wconf 88' lang='lat' dir='ltr'><strong>viii</strong></span> <span class='ocrx_word' id='word_1_604' title='bbox 2316 3639 2355 3693; x_wconf 89' lang='lat' dir='ltr'><strong>ii</strong></span> <span class='ocrx_word' id='word_1_605' title='bbox 2708 3637 2785 3692; x_wconf 86' lang='lat' dir='ltr'><strong>vii</strong></span> <span class='ocrx_word' id='word_1_606' title='bbox 3104 3651 3137 3701; x_wconf 65' lang='grc' dir='ltr'>χ</span> 
     </span>
    </p>
   </div>
   <div class='ocr_carea' id='block_1_93' title="bbox 1920 3705 3155 3767">
    <p class='ocr_par' dir='ltr' id='par_1_93' title="bbox 1920 3705 3155 3767">
     <span class='ocr_line' id='line_1_98' title="bbox 1920 3705 3155 3767; baseline -0.006 -2"><span class='ocrx_word' id='word_1_607' title='bbox 1920 3713 1975 3765; x_wconf 90' lang='lat' dir='ltr'><strong>xi</strong></span> <span class='ocrx_word' id='word_1_608' title='bbox 2312 3708 2366 3763; x_wconf 85' lang='lat' dir='ltr'><strong>iv</strong></span> <span class='ocrx_word' id='word_1_609' title='bbox 2709 3723 2742 3760; x_wconf 90' lang='lat' dir='ltr'><strong>x</strong></span> <span class='ocrx_word' id='word_1_610' title='bbox 3102 3705 3155 3767; x_wconf 89' lang='lat' dir='ltr'><strong>vi</strong></span> 
     </span>
    </p>
   </div>
   <div class='ocr_carea' id='block_1_94' title="bbox 1918 3777 3176 3836">
    <p class='ocr_par' dir='ltr' id='par_1_94' title="bbox 1918 3777 3176 3836">
     <span class='ocr_line' id='line_1_99' title="bbox 1918 3777 3176 3836; baseline -0.006 0"><span class='ocrx_word' id='word_1_611' title='bbox 1918 3782 1974 3836; x_wconf 85' lang='lat' dir='ltr'><strong>xi</strong></span> <span class='ocrx_word' id='word_1_612' title='bbox 2311 3779 2367 3833; x_wconf 91' lang='lat' dir='ltr'><strong>iv</strong></span> <span class='ocrx_word' id='word_1_613' title='bbox 2707 3792 2739 3829; x_wconf 87' lang='lat' dir='ltr'><strong>x</strong></span> <span class='ocrx_word' id='word_1_614' title='bbox 3101 3777 3176 3829; x_wconf 93' lang='lat' dir='ltr'><strong>xii</strong></span> 
     </span>
    </p>
   </div>
   <div class='ocr_carea' id='block_1_95' title="bbox 1920 3845 3190 3905">
    <p class='ocr_par' dir='ltr' id='par_1_95' title="bbox 1920 3845 3190 3905">
     <span class='ocr_line' id='line_1_100' title="bbox 1920 3845 3190 3905; baseline -0.006 0"><span class='ocrx_word' id='word_1_615' title='bbox 1920 3851 1976 3905; x_wconf 90' lang='lat' dir='ltr'><strong>xi</strong></span> <span class='ocrx_word' id='word_1_616' title='bbox 2310 3849 2366 3903; x_wconf 88' lang='lat' dir='ltr'><strong>iv</strong></span> <span class='ocrx_word' id='word_1_617' title='bbox 2706 3862 2739 3901; x_wconf 88' lang='lat' dir='ltr'><strong>x</strong></span> <span class='ocrx_word' id='word_1_618' title='bbox 3097 3845 3190 3899; x_wconf 93' lang='lat' dir='ltr'><strong>xiv</strong></span> 
     </span>
    </p>
   </div>
   <div class='ocr_carea' id='block_1_96' title="bbox 1920 3917 3261 3983">
    <p class='ocr_par' dir='ltr' id='par_1_96' title="bbox 1920 3917 3261 3983">
     <span class='ocr_line' id='line_1_101' title="bbox 1920 3917 3261 3983; baseline -0.002 -8"><span class='ocrx_word' id='word_1_619' title='bbox 1920 3921 1977 3975; x_wconf 90' lang='lat' dir='ltr'><strong>xi</strong></span> <span class='ocrx_word' id='word_1_620' title='bbox 2309 3919 2363 3973; x_wconf 90' lang='lat' dir='ltr'><strong>iv</strong></span> <span class='ocrx_word' id='word_1_621' title='bbox 2705 3932 2741 3972; x_wconf 88' lang='lat' dir='ltr'><strong>x</strong></span> <span class='ocrx_word' id='word_1_622' title='bbox 3094 3917 3261 3983; x_wconf 80' lang='lat' dir='ltr'><strong>xxviii</strong></span> 
     </span>
    </p>
   </div>
   <div class='ocr_carea' id='block_1_97' title="bbox 1917 4008 3170 4068">
    <p class='ocr_par' dir='ltr' id='par_1_97' title="bbox 1917 4008 3170 4068">
     <span class='ocr_line' id='line_1_102' title="bbox 1917 4008 3170 4068; baseline -0.004 -1"><span class='ocrx_word' id='word_1_623' title='bbox 1917 4013 2013 4068; x_wconf 89' lang='lat' dir='ltr'><strong>xiv</strong></span> <span class='ocrx_word' id='word_1_624' title='bbox 2312 4027 2346 4065; x_wconf 93' lang='lat' dir='ltr'><strong>v</strong></span> <span class='ocrx_word' id='word_1_625' title='bbox 2708 4008 2804 4064; x_wconf 90' lang='lat' dir='ltr'><strong>xiii</strong></span> <span class='ocrx_word' id='word_1_626' title='bbox 3097 4024 3170 4063; x_wconf 89' lang='lat' dir='ltr'><strong>xv</strong></span> 
     </span>
    </p>
   </div>
   <div class='ocr_carea' id='block_1_98' title="bbox 1920 4078 3207 4139">
    <p class='ocr_par' dir='ltr' id='par_1_98' title="bbox 1920 4078 3207 4139">
     <span class='ocr_line' id='line_1_103' title="bbox 1920 4078 3207 4139; baseline -0.004 -1"><span class='ocrx_word' id='word_1_627' title='bbox 1920 4084 2055 4139; x_wconf 86' lang='lat' dir='ltr'><strong>xxiii</strong></span> <span class='ocrx_word' id='word_1_628' title='bbox 2311 4081 2453 4136; x_wconf 85' lang='lat' dir='ltr'><strong>xxvii</strong></span> <span class='ocrx_word' id='word_1_629' title='bbox 2710 4078 2821 4132; x_wconf 83' lang='lat' dir='ltr'><strong>xvii</strong></span> <span class='ocrx_word' id='word_1_630' title='bbox 3098 4078 3207 4133; x_wconf 84' lang='lat' dir='ltr'><strong>xlvi</strong></span> 
     </span>
    </p>
   </div>
   <div class='ocr_carea' id='block_1_99' title="bbox 1920 4148 3205 4211">
    <p class='ocr_par' dir='ltr' id='par_1_99' title="bbox 1920 4148 3205 4211">
     <span class='ocr_line' id='line_1_104' title="bbox 1920 4148 3205 4211; baseline -0.006 -2"><span class='ocrx_word' id='word_1_631' title='bbox 1920 4155 2052 4209; x_wconf 85' lang='lat' dir='ltr'><strong>xxiii</strong></span> <span class='ocrx_word' id='word_1_632' title='bbox 2311 4153 2454 4206; x_wconf 83' lang='lat' dir='ltr'><strong>xxvii</strong></span> <span class='ocrx_word' id='word_1_633' title='bbox 2710 4148 2875 4203; x_wconf 86' lang='lat' dir='ltr'><strong>xxxiv</strong></span> <span class='ocrx_word' id='word_1_634' title='bbox 3095 4150 3205 4211; x_wconf 83' lang='lat' dir='ltr'><strong>xlvi</strong></span> 
     </span>
    </p>
   </div>
   <div class='ocr_carea' id='block_1_100' title="bbox 1918 4219 3206 4285">
    <p class='ocr_par' dir='ltr' id='par_1_100' title="bbox 1918 4219 3206 4285">
     <span class='ocr_line' id='line_1_105' title="bbox 1918 4219 3206 4285; baseline -0.007 -5"><span class='ocrx_word' id='word_1_635' title='bbox 1918 4225 2053 4285; x_wconf 83' lang='lat' dir='ltr'><strong>xxiii</strong></span> <span class='ocrx_word' id='word_1_636' title='bbox 2310 4221 2459 4277; x_wconf 87' lang='lat' dir='ltr'><strong>xxvii</strong></span> <span class='ocrx_word' id='word_1_637' title='bbox 2711 4219 2802 4272; x_wconf 89' lang='lat' dir='ltr'><strong>xlv</strong></span> <span class='ocrx_word' id='word_1_638' title='bbox 3096 4220 3206 4273; x_wconf 71' lang='lat' dir='ltr'><strong>xlvi</strong></span> 
     </span>
    </p>
   </div>
   <div class='ocr_carea' id='block_1_101' title="bbox 1918 4290 3311 4361">
    <p class='ocr_par' dir='ltr' id='par_1_101' title="bbox 1918 4290 3311 4361">
     <span class='ocr_line' id='line_1_106' title="bbox 1918 4290 3311 4361; baseline -0.001 -13"><span class='ocrx_word' id='word_1_639' title='bbox 1918 4295 2010 4349; x_wconf 88' lang='lat' dir='ltr'><strong>lxx</strong></span> <span class='ocrx_word' id='word_1_640' title='bbox 2313 4306 2382 4344; x_wconf 86' lang='lat' dir='ltr'><strong>xx</strong></span> <span class='ocrx_word' id='word_1_641' title='bbox 2706 4291 2892 4344; x_wconf 86' lang='lat' dir='ltr'><strong>xxxvii</strong></span> <span class='ocrx_word' id='word_1_642' title='bbox 3098 4304 3203 4344; x_wconf 86' lang='lat' dir='ltr'><strong>xxx</strong></span> <span class='ocrx_word' id='word_1_643' title='bbox 3215 4290 3311 4361; x_wconf 68' lang='lat' dir='ltr'><strong>viii</strong></span> 
     </span>
    </p>
   </div>
   <div class='ocr_carea' id='block_1_102' title="bbox 1918 4382 3211 4443">
    <p class='ocr_par' dir='ltr' id='par_1_102' title="bbox 1918 4382 3211 4443">
     <span class='ocr_line' id='line_1_107' title="bbox 1918 4382 3211 4443; baseline -0.005 0"><span class='ocrx_word' id='word_1_644' title='bbox 1918 4389 2124 4443; x_wconf 88' lang='lat' dir='ltr'><strong>lxxxvii</strong></span> <span class='ocrx_word' id='word_1_645' title='bbox 2314 4384 2512 4439; x_wconf 85' lang='lat' dir='ltr'><strong>cxxxix</strong></span> <span class='ocrx_word' id='word_1_646' title='bbox 2725 4383 2808 4437; x_wconf 85' lang='lat' dir='ltr'><strong>ccl</strong></span> <span class='ocrx_word' id='word_1_647' title='bbox 3105 4382 3211 4436; x_wconf 88' lang='lat' dir='ltr'><strong>cxli</strong></span> 
     </span>
    </p>
   </div>
   <div class='ocr_carea' id='block_1_103' title="bbox 1919 4455 3211 4525">
    <p class='ocr_par' dir='ltr' id='par_1_103' title="bbox 1919 4455 3211 4525">
     <span class='ocr_line' id='line_1_108' title="bbox 1919 4455 3211 4525; baseline -0.007 -12"><span class='ocrx_word' id='word_1_648' title='bbox 1919 4460 2086 4514; x_wconf 86' lang='lat' dir='ltr'><strong>xcviii</strong></span> <span class='ocrx_word' id='word_1_649' title='bbox 2310 4455 2433 4510; x_wconf 88' lang='lat' dir='ltr'><strong>xcvi</strong></span> <span class='ocrx_word' id='word_1_650' title='bbox 2724 4455 2848 4509; x_wconf 89' lang='lat' dir='ltr'><strong>cxvi</strong></span> <span class='ocrx_word' id='word_1_651' title='bbox 3105 4468 3211 4525; x_wconf 73' lang='lat' dir='ltr'><strong>cxx</strong></span> 
     </span>
    </p>
   </div>
   <div class='ocr_carea' id='block_1_104' title="bbox 1920 4523 3196 4590">
    <p class='ocr_par' dir='ltr' id='par_1_104' title="bbox 1920 4523 3196 4590">
     <span class='ocr_line' id='line_1_109' title="bbox 1920 4523 3196 4590; baseline -0.009 -5"><span class='ocrx_word' id='word_1_652' title='bbox 1920 4529 2083 4585; x_wconf 79' lang='lat' dir='ltr'><strong>xcviii</strong></span> <span class='ocrx_word' id='word_1_653' title='bbox 2308 4525 2431 4579; x_wconf 87' lang='lat' dir='ltr'><strong>xcvi</strong></span> <span class='ocrx_word' id='word_1_654' title='bbox 2723 4526 2843 4578; x_wconf 88' lang='lat' dir='ltr'><strong>cxvi</strong></span> <span class='ocrx_word' id='word_1_655' title='bbox 3105 4523 3196 4590; x_wconf 78' lang='lat' dir='ltr'><strong>cxi</strong></span> 
     </span>
    </p>
   </div>
   <div class='ocr_carea' id='block_1_105' title="bbox 1920 4594 3161 4655">
    <p class='ocr_par' dir='ltr' id='par_1_105' title="bbox 1920 4594 3161 4655">
     <span class='ocr_line' id='line_1_110' title="bbox 1920 4594 3161 4655; baseline -0.008 0"><span class='ocrx_word' id='word_1_656' title='bbox 1920 4600 2083 4655; x_wconf 87' lang='lat' dir='ltr'><strong>xcviii</strong></span> <span class='ocrx_word' id='word_1_657' title='bbox 2310 4596 2433 4650; x_wconf 90' lang='lat' dir='ltr'><strong>xcvi</strong></span> <span class='ocrx_word' id='word_1_658' title='bbox 2722 4596 2845 4649; x_wconf 90' lang='lat' dir='ltr'><strong>cxvi</strong></span> <span class='ocrx_word' id='word_1_659' title='bbox 3104 4594 3161 4646; x_wconf 85' lang='lat' dir='ltr'><strong>xl</strong></span> 
     </span>
    </p>
   </div>
   <div class='ocr_carea' id='block_1_106' title="bbox 1918 4665 3267 4727">
    <p class='ocr_par' dir='ltr' id='par_1_106' title="bbox 1918 4665 3267 4727">
     <span class='ocr_line' id='line_1_111' title="bbox 1918 4665 3267 4727; baseline -0.004 -2"><span class='ocrx_word' id='word_1_660' title='bbox 1918 4669 2081 4725; x_wconf 86' lang='lat' dir='ltr'><strong>xcviii</strong></span> <span class='ocrx_word' id='word_1_661' title='bbox 2306 4666 2431 4720; x_wconf 91' lang='lat' dir='ltr'><strong>xcvi</strong></span> <span class='ocrx_word' id='word_1_662' title='bbox 2525 4703 2528 4706; x_wconf 46' lang='lat'><strong>.</strong></span> <span class='ocrx_word' id='word_1_663' title='bbox 2722 4665 2845 4719; x_wconf 90' lang='lat' dir='ltr'><strong>cxvi</strong></span> <span class='ocrx_word' id='word_1_664' title='bbox 3104 4665 3267 4727; x_wconf 78' lang='lat' dir='ltr'><strong>cxxix</strong></span> 
     </span>
    </p>
   </div>
   <div class='ocr_carea' id='block_1_107' title="bbox 1775 4758 3266 4836">
    <p class='ocr_par' dir='ltr' id='par_1_107' title="bbox 1775 4758 3266 4836">
     <span class='ocr_line' id='line_1_112' title="bbox 1775 4758 3266 4836; baseline -0.004 -16"><span class='ocrx_word' id='word_1_665' title='bbox 1775 4780 1821 4836; x_wconf 77' lang='grc' dir='ltr'><strong>ι)</strong></span> <span class='ocrx_word' id='word_1_666' title='bbox 1914 4763 2111 4836; x_wconf 13' lang='grc' dir='ltr'><strong>ιονὶἱίί,</strong></span> <span class='ocrx_word' id='word_1_667' title='bbox 2315 4759 2437 4815; x_wconf 88' lang='lat' dir='ltr'><strong>xcvi</strong></span> <span class='ocrx_word' id='word_1_668' title='bbox 2465 4828 2498 4836; x_wconf 88' lang='lat'><strong>__</strong></span> <span class='ocrx_word' id='word_1_669' title='bbox 2718 4758 2877 4836; x_wconf 44' lang='lat' dir='ltr'><strong>cxvi”</strong></span> <span class='ocrx_word' id='word_1_670' title='bbox 3115 4758 3266 4836; x_wconf 78' lang='lat' dir='ltr'><strong>rxxxi</strong></span> 
     </span>
    </p>
   </div>
   <div class='ocr_carea' id='block_1_108' title="bbox 1912 4828 3191 4890">
    <p class='ocr_par' dir='ltr' id='par_1_108' title="bbox 1912 4828 3191 4890">
     <span class='ocr_line' id='line_1_113' title="bbox 1912 4828 3191 4890; baseline -0.005 0"><span class='ocrx_word' id='word_1_671' title='bbox 1912 4833 2115 4890; x_wconf 88' lang='lat' dir='ltr'><strong>cxxxiii</strong></span> <span class='ocrx_word' id='word_1_672' title='bbox 2314 4828 2501 4887; x_wconf 87' lang='lat' dir='ltr'><strong>xxxvii</strong></span> <span class='ocrx_word' id='word_1_673' title='bbox 2716 4828 2880 4882; x_wconf 83' lang='lat' dir='ltr'><strong>lxxvii</strong></span> <span class='ocrx_word' id='word_1_674' title='bbox 3060 4888 3063 4889; x_wconf 22' lang='grc' dir='ltr'><strong>ν</strong></span> <span class='ocrx_word' id='word_1_675' title='bbox 3105 4830 3191 4883; x_wconf 88' lang='lat' dir='ltr'><strong>cix</strong></span> 
     </span>
    </p>
   </div>
   <div class='ocr_carea' id='block_1_109' title="bbox 1913 4900 3178 4961">
    <p class='ocr_par' dir='ltr' id='par_1_109' title="bbox 1913 4900 3178 4961">
     <span class='ocr_line' id='line_1_114' title="bbox 1913 4900 3178 4961; baseline -0.006 -1"><span class='ocrx_word' id='word_1_676' title='bbox 1913 4906 2018 4961; x_wconf 88' lang='lat' dir='ltr'><strong>cxli</strong></span> <span class='ocrx_word' id='word_1_677' title='bbox 2313 4903 2329 4955; x_wconf 90' lang='grc' dir='ltr'><strong>Ι</strong></span> <span class='ocrx_word' id='word_1_678' title='bbox 2713 4900 2809 4953; x_wconf 85' lang='lat' dir='ltr'><strong>xix</strong></span> <span class='ocrx_word' id='word_1_679' title='bbox 3106 4900 3178 4952; x_wconf 89' lang='lat' dir='ltr'><strong>lix</strong></span> 
     </span>
    </p>
   </div>
   <div class='ocr_carea' id='block_1_110' title="bbox 1912 4969 3253 5030">
    <p class='ocr_par' dir='ltr' id='par_1_110' title="bbox 1912 4969 3253 5030">
     <span class='ocr_line' id='line_1_115' title="bbox 1912 4969 3253 5030; baseline -0.003 -2"><span class='ocrx_word' id='word_1_680' title='bbox 1912 4976 2043 5030; x_wconf 77' lang='lat' dir='ltr'><strong>cxiii</strong></span> <span class='ocrx_word' id='word_1_681' title='bbox 2312 4971 2348 5025; x_wconf 88' lang='lat' dir='ltr'><strong>li</strong></span> <span class='ocrx_word' id='word_1_682' title='bbox 2713 4969 2803 5023; x_wconf 86' lang='lat' dir='ltr'><strong>xxi</strong></span> <span class='ocrx_word' id='word_1_683' title='bbox 3107 4982 3253 5024; x_wconf 69' lang='lat' dir='ltr'><strong>Xxxv</strong></span> 
     </span>
    </p>
   </div>
   <div class='ocr_carea' id='block_1_111' title="bbox 1914 5039 3218 5103">
    <p class='ocr_par' dir='ltr' id='par_1_111' title="bbox 1914 5039 3218 5103">
     <span class='ocr_line' id='line_1_116' title="bbox 1914 5039 3218 5103; baseline -0.008 -2"><span class='ocrx_word' id='word_1_684' title='bbox 1914 5047 2076 5103; x_wconf 88' lang='lat' dir='ltr'><strong>cxlvii</strong></span> <span class='ocrx_word' id='word_1_685' title='bbox 2310 5043 2421 5097; x_wconf 86' lang='lat' dir='ltr'><strong>lxiv</strong></span> <span class='ocrx_word' id='word_1_686' title='bbox 2713 5039 2842 5093; x_wconf 90' lang='lat' dir='ltr'><strong>xciii</strong></span> <span class='ocrx_word' id='word_1_687' title='bbox 3104 5041 3218 5098; x_wconf 73' lang='lat' dir='ltr'><strong>xlix</strong></span> 
     </span>
    </p>
   </div>
   <div class='ocr_carea' id='block_1_112' title="bbox 1917 5130 3214 5193">
    <p class='ocr_par' dir='ltr' id='par_1_112' title="bbox 1917 5130 3214 5193">
     <span class='ocr_line' id='line_1_117' title="bbox 1917 5130 3214 5193; baseline -0.006 0"><span class='ocrx_word' id='word_1_688' title='bbox 1917 5137 2060 5193; x_wconf 85' lang='lat' dir='ltr'><strong>clxvi</strong></span> <span class='ocrx_word' id='word_1_689' title='bbox 2311 5132 2496 5188; x_wconf 85' lang='lat' dir='ltr'><strong>lxxxiv</strong></span> <span class='ocrx_word' id='word_1_690' title='bbox 2716 5131 2842 5184; x_wconf 89' lang='lat' dir='ltr'><strong>xciv</strong></span> <span class='ocrx_word' id='word_1_691' title='bbox 3104 5130 3214 5186; x_wconf 87' lang='lat' dir='ltr'><strong>xvii</strong></span> 
     </span>
    </p>
   </div>
   <div class='ocr_carea' id='block_1_113' title="bbox 1915 5200 3251 5263">
    <p class='ocr_par' dir='ltr' id='par_1_113' title="bbox 1915 5200 3251 5263">
     <span class='ocr_line' id='line_1_118' title="bbox 1915 5200 3251 5263; baseline -0.004 0"><span class='ocrx_word' id='word_1_692' title='bbox 1915 5207 2059 5263; x_wconf 90' lang='lat' dir='ltr'><strong>clxvi</strong></span> <span class='ocrx_word' id='word_1_693' title='bbox 2317 5204 2489 5258; x_wconf 81' lang='lat' dir='ltr'><strong>lxxxii</strong></span> <span class='ocrx_word' id='word_1_694' title='bbox 2713 5200 2837 5255; x_wconf 87' lang='lat' dir='ltr'><strong>xciv</strong></span> <span class='ocrx_word' id='word_1_695' title='bbox 3101 5200 3251 5258; x_wconf 86' lang='lat' dir='ltr'><strong>lxxiv</strong></span> 
     </span>
    </p>
   </div>
   <div class='ocr_carea' id='block_1_114' title="bbox 1914 5270 3129 5331">
    <p class='ocr_par' dir='ltr' id='par_1_114' title="bbox 1914 5270 3129 5331">
     <span class='ocr_line' id='line_1_119' title="bbox 1914 5270 3129 5331; baseline -0.005 -1"><span class='ocrx_word' id='word_1_696' title='bbox 1914 5277 2035 5331; x_wconf 82' lang='lat' dir='ltr'><strong>ccix</strong></span> <span class='ocrx_word' id='word_1_697' title='bbox 2311 5274 2435 5329; x_wconf 89' lang='lat' dir='ltr'><strong>cxix</strong></span> <span class='ocrx_word' id='word_1_698' title='bbox 2713 5270 2945 5325; x_wconf 86' lang='lat' dir='ltr'><strong>ccxxxiv</strong></span> <span class='ocrx_word' id='word_1_699' title='bbox 3099 5286 3129 5324; x_wconf 90' lang='lat' dir='ltr'><strong>c</strong></span> 
     </span>
    </p>
   </div>
   <div class='ocr_carea' id='block_1_115' title="bbox 1913 5340 3191 5402">
    <p class='ocr_par' dir='ltr' id='par_1_115' title="bbox 1913 5340 3191 5402">
     <span class='ocr_line' id='line_1_120' title="bbox 1913 5340 3191 5402; baseline -0.008 0"><span class='ocrx_word' id='word_1_700' title='bbox 1913 5350 2033 5402; x_wconf 87' lang='lat' dir='ltr'><strong>ccxi</strong></span> <span class='ocrx_word' id='word_1_701' title='bbox 2310 5344 2435 5398; x_wconf 84' lang='lat' dir='ltr'><strong>cxxi</strong></span> <span class='ocrx_word' id='word_1_702' title='bbox 2713 5341 2980 5396; x_wconf 87' lang='lat' dir='ltr'><strong>ccxxxviii</strong></span> <span class='ocrx_word' id='word_1_703' title='bbox 3098 5340 3191 5394; x_wconf 85' lang='lat' dir='ltr'><strong>xxi</strong></span> 
     </span>
    </p>
   </div>
   <div class='ocr_carea' id='block_1_116' title="bbox 1914 5412 3265 5473">
    <p class='ocr_par' dir='ltr' id='par_1_116' title="bbox 1914 5412 3265 5473">
     <span class='ocr_line' id='line_1_121' title="bbox 1914 5412 3265 5473; baseline -0.004 -1"><span class='ocrx_word' id='word_1_704' title='bbox 1914 5433 2051 5473; x_wconf 88' lang='lat' dir='ltr'><strong>ccxx</strong></span> <span class='ocrx_word' id='word_1_705' title='bbox 2308 5415 2457 5469; x_wconf 87' lang='lat' dir='ltr'><strong>cxxii</strong></span> <span class='ocrx_word' id='word_1_706' title='bbox 2711 5412 2940 5466; x_wconf 88' lang='lat' dir='ltr'><strong>ccxxxix</strong></span> <span class='ocrx_word' id='word_1_707' title='bbox 3098 5412 3265 5467; x_wconf 85' lang='lat' dir='ltr'><strong>lxxvil</strong></span> 
     </span>
    </p>
   </div>
   <div class='ocr_carea' id='block_1_117' title="bbox 1914 5503 3263 5563">
    <p class='ocr_par' dir='ltr' id='par_1_117' title="bbox 1914 5503 3263 5563">
     <span class='ocr_line' id='line_1_122' title="bbox 1914 5503 3263 5563; baseline -0.003 -1"><span class='ocrx_word' id='word_1_708' title='bbox 1914 5524 2052 5563; x_wconf 83' lang='lat' dir='ltr'><strong>ccxx</strong></span> <span class='ocrx_word' id='word_1_709' title='bbox 2309 5504 2474 5561; x_wconf 86' lang='lat' dir='ltr'><strong>cxxix</strong></span> <span class='ocrx_word' id='word_1_710' title='bbox 2711 5503 2871 5558; x_wconf 90' lang='lat' dir='ltr'><strong>ccxlii</strong></span> <span class='ocrx_word' id='word_1_711' title='bbox 3097 5504 3263 5558; x_wconf 88' lang='lat' dir='ltr'><strong>lxxxv</strong></span> 
     </span>
    </p>
   </div>
   <div class='ocr_carea' id='block_1_118' title="bbox 1912 5574 3327 5634">
    <p class='ocr_par' dir='ltr' id='par_1_118' title="bbox 1912 5574 3327 5634">
     <span class='ocr_line' id='line_1_123' title="bbox 1912 5574 3327 5634; baseline 0 -1"><span class='ocrx_word' id='word_1_712' title='bbox 1912 5594 2047 5633; x_wconf 87' lang='lat' dir='ltr'><strong>ccxx</strong></span> <span class='ocrx_word' id='word_1_713' title='bbox 2307 5576 2453 5632; x_wconf 86' lang='lat' dir='ltr'><strong>cxxii</strong></span> <span class='ocrx_word' id='word_1_714' title='bbox 2714 5574 2854 5628; x_wconf 89' lang='lat' dir='ltr'><strong>cclxi</strong></span> <span class='ocrx_word' id='word_1_715' title='bbox 3097 5574 3146 5628; x_wconf 79' lang='lat' dir='ltr'><strong>lx</strong></span> <span class='ocrx_word' id='word_1_716' title='bbox 3158 5574 3327 5634; x_wconf 79' lang='lat' dir='ltr'><strong>xxviii</strong></span> 
     </span>
    </p>
   </div>
   <div class='ocr_carea' id='block_1_119' title="bbox 1909 5643 3203 5703">
    <p class='ocr_par' dir='ltr' id='par_1_119' title="bbox 1909 5643 3203 5703">
     <span class='ocr_line' id='line_1_124' title="bbox 1909 5643 3203 5703; baseline -0.003 -1"><span class='ocrx_word' id='word_1_717' title='bbox 1909 5649 2088 5702; x_wconf 86' lang='lat' dir='ltr'><strong>ccxliv</strong></span> <span class='ocrx_word' id='word_1_718' title='bbox 2306 5649 2505 5703; x_wconf 88' lang='lat' dir='ltr'><strong>cxxxix</strong></span> <span class='ocrx_word' id='word_1_719' title='bbox 2711 5646 2795 5699; x_wconf 80' lang='lat' dir='ltr'><strong>ccl</strong></span> <span class='ocrx_word' id='word_1_720' title='bbox 3098 5643 3203 5698; x_wconf 82' lang='lat' dir='ltr'><strong>cxli</strong></span> 
     </span>
    </p>
   </div>
   <div class='ocr_carea' id='block_1_120' title="bbox 1907 5714 3243 5776">
    <p class='ocr_par' dir='ltr' id='par_1_120' title="bbox 1907 5714 3243 5776">
     <span class='ocr_line' id='line_1_125' title="bbox 1907 5714 3243 5776; baseline -0.001 -4"><span class='ocrx_word' id='word_1_721' title='bbox 1907 5720 2085 5772; x_wconf 73' lang='lat' dir='ltr'><strong>ccxliv</strong></span> <span class='ocrx_word' id='word_1_722' title='bbox 2305 5721 2499 5775; x_wconf 86' lang='lat' dir='ltr'><strong>cxxxix</strong></span> <span class='ocrx_word' id='word_1_723' title='bbox 2710 5717 2791 5770; x_wconf 92' lang='lat' dir='ltr'><strong>ccl</strong></span> <span class='ocrx_word' id='word_1_724' title='bbox 3098 5714 3243 5776; x_wconf 85' lang='lat' dir='ltr'><strong>cxlvi</strong></span> 
     </span>
    </p>
   </div>
   <div class='ocr_carea' id='block_1_121' title="bbox 1906 5787 3233 5851">
    <p class='ocr_par' dir='ltr' id='par_1_121' title="bbox 1906 5787 3233 5851">
     <span class='ocr_line' id='line_1_126' title="bbox 1906 5787 3233 5851; baseline -0.002 -8"><span class='ocrx_word' id='word_1_725' title='bbox 1906 5791 2118 5851; x_wconf 73' lang='lat' dir='ltr'><strong>cclxxiv</strong></span> <span class='ocrx_word' id='word_1_726' title='bbox 2303 5789 2409 5846; x_wconf 79' lang='lat' dir='ltr'><strong>civi</strong></span> <span class='ocrx_word' id='word_1_727' title='bbox 2703 5787 2821 5848; x_wconf 77' lang='lat' dir='ltr'><strong>cclx</strong></span> <span class='ocrx_word' id='word_1_728' title='bbox 3100 5800 3171 5845; x_wconf 71' lang='lat' dir='ltr'><strong>xx</strong></span> <span class='ocrx_word' id='word_1_729' title='bbox 3228 5834 3233 5839; x_wconf 97' lang='lat'><strong>.</strong></span> 
     </span>
    </p>
   </div>
  </div>
