3926 6260
316 416 443 473 1501

1058 542 1108 603 N

345 648 598 722 .‘Natalem
640 651 1016 722 Cbristilocum
1051 656 1348 708 Bethlehem
1384 657 1488 708 fore
1509 660 1682 722 psalmi
1720 664 1886 708 aucto-

313 712 464 761 ritate
492 712 748 775 probatur,
794 716 900 767 188.

376 792 555 864 Natura
576 797 740 847 divina
772 800 1014 864 quomodo
1050 802 1264 864 putanda
1307 804 1372 851 sit
1394 804 1559 852 omnia
1594 807 1881 864 penetrare.

312 856 544 920 ordinare
584 866 732 920 atque
768 856 1027 920 perﬁcere,
1050 856 1177 912 '168.
1214 862 1446 914 Naturam
1484 856 1694 915 divinam
1740 861 1888 914 variis

312 919 731 980 appellationibus
769 919 969 972 Hebraei
1012 924 1306 986 signiﬁcant,
1343 925 1451 974 105.

381 1000 638 1051 Nazarzeus
677 1006 792 1067 quid
838 1006 1216 1069 interpretatum
1257 1006 1521 1072 signiﬁcet,
1560 1009 1670 1059 519.

379 1082 575 1142 Ninive,
602 1083 816 1147 Assyriae
840 1086 974 1149 urbs,
1017 1088 1127 1138 520.

343 1164 567 1238 .Ijiomen
610 1169 735 1238 illud
775 1180 984 1238 quatuor
1020 1172 1298 1238 litterarum
1328 1174 1458 1236 quod
1479 1174 1635 1223 Judaei
1674 1171 1884 1222 inennn—

314 1226 629 1300 tiabile‘esse
654 1226 825 1282 dicunt
848 1240 910 1300 et
922 1234 985 1300 de
1006 1235 1113 1300 solo
1143 1236 1261 1300 _Deo_
1278 1242 1333 1283 et
1346 1226 1503 1300 Patre
1537 1247 1776 1300 usurpare
1803 1248 1885 1300 so-

312 1288 444 1363 ient,
639 1305 835 1363 quoque
874 1293 969 1363 Dei
1008 1295 1091 1344 ubi
1128 1296 1324 1363 deeius
1346 1296 1604 1363 divinitate
1627 1288 1808 1358 agitur,
1834 1299 1882 1345 in

308 1351 466 1399 sacris
504 1350 691 1401 litteris
733 1350 974 1405 tributum
1013 1350 1306 1417 ostenditur,
1349 1358 1455 1407 455.

376 1432 583 1483 Nomine
605 1436 748 1502 __Sio_n
777 1442 865 1502 aut
892 1437 1204 1489 Hierusalem
1230 1440 1427 1501 quando
1470 1439 1628 1490 anima
1647 1439 1768 1502 justi
1791 1438 1881 1488 deo

312 1490 436 1544 beat
472 1497 735 1558 appellari,
776 1499 885 1547 505.

379 1575 502 1626 Novi
535 1578 840 1628 Testamenti
882 1579 1084 1629 verbum
1125 1583 1367 1631 descensu
1404 1581 1580 1633 Christi
1617 1585 1667 1631 in
1704 1589 1885 1631 terram

312 1638 375 1687 ad
421 1652 594 1688 omnes
635 1642 860 1690 homines
898 1653 1187 1704 penetrasse
1228 1644 1525 1703 declaratur,
1568 1645 1676 1692 ‘278.

374 1718 750 1791 Nubendiratio
773 1737 860 1773 cur
883 1729 1178 1791 contractior
1197 1729 1262 1775 sit
1288 1736 1511 1791 tempore
1541 1726 1669 1789 legis
1693 1729 1884 1791 gratiae,

309 1794 457 1842 quam
498 1784 651 1833 fuerit
694 1791 917 1847 tempore
957 1785 1082 1849 legis
1120 1797 1311 1838 naturae
1354 1784 1431 1838 vel
1459 1784 1721 1849 Mosaicae:
1744 1789 1821 1837 50.

1083 1956 1137 2018 Ο

379 2091 554 2160 Oderis
575 2094 886 2160 fragrantiam
908 2099 957 2147 in
982 2100 1169 2160 templo
1191 2100 1411 2148 incensis
1460 2105 1515 2149 et
1552 2097 1884 2160 fumigationi-

314 2151 407 2202 bus
438 2151 672 2205 excitari'
688 2170 777 2206 cur
827 2160 1023 2223 legibus
1063 2151 1163 2210 suis
1204 2162 1365 2210 Moses
1382 2162 1629 2221 statuerit,
1657 2151 1762 2210 1‘72.

381 2234 493 2310 Oiei
513 2249 624 2310 quae
646 2239 711 2310 sit
728 2244 898 2310 natura
918 2248 1067 2302 atque
1092 2246 1387 2310 prOprietas,
1410 2243 1516 2291 175.
1541 2242 1667 2310 Dleo
1690 2243 1885 2310 quando

315 2304 626 2367 comparetur
641 2298 802 2348 divina
822 2298 1060 2351 natura-et
1074 2298 1267 2364 quando
1287 2298 1560 2365 unguento,
1583 2304 1686 2353 174.
1709 2298 1886 2354 Oleum

317 2357 414 2407 Det
455 2358 570 2419 quid
616 2363 766 2409 sacris
810 2363 990 2412 litteris
1032 2366 1238 2425 mystice
1279 2366 1528 2428 designet,
1574 2364 1675 2413 172.

381 2439 706 2507 Omnipotens
744 2442 898 2504 Deus,
937 2447 1346 2507 quemadmodum
1370 2449 1661 2497 conﬁteatur
1684 2461 1741 2497 se
1765 2449 1885 2498 mis-

315 2513 444 2561 sum,
488 2511 544 2551 ut
586 2503 775 2554 auferat
817 2520 875 2555 ea
915 2503 1026 2569 quae
1078 2509 1250 2558 vitiosa
1286 2515 1419 2570 sunt,
1460 2510 1568 2558 282.

379 2582 600 2635 Oraculis
617 2589 918 2650 propheticis
936 2590 1299 2642 demonstratur
1315 2594 1579 2641 adventum
1600 2593 1776 2641 Christi
1796 2592 1886 2643 sub

314 2644 469 2715 ﬁnem
505 2644 672 2697 mundi
709 2644 955 2710 'futurum,
978 2652 1086 2700 276.
1134 2653 1339 2703 Oracula
1371 2655 1590 2715 quadam
1611 2655 1673 2703 de
1697 2654 1888 2704 Christo

318 2717 382 2777 ex
425 2707 631 2777 deorum
656 2715 908 2777 responsis
942 2707 1152 2763 auctore
1194 2707 1483 2777 Porphyrio,
1525 2716 1632 2765 154.
1662 2715 1888 2765 Oraculis

315 2772 370 2814 et
412 2772 628 2840 auguriis
667 2773 915 2840 daemones
952 2777 1108 2840 malos
1144 2790 1200 2826 ac
1220 2772 1380 2827 omnis
1403 2772 1639 2840 nequitiae
1662 2785 1889 2826 auctores

314 2829 571 2889 praefuisse
614 2836 907 2893 ostenditur,
951 2837 1060 2885 204.

319 2912 523 3026 tufirdzoz
555 2918 734 2979 triplex
781 2917 998 2968 divinum
1044 2920 1231 2971 cultum
1275 2923 1608 2983 proﬁtentium
1651 2921 1889 2973 describi-

315 3055 610 3168 51(ii'rigenis
632 3063 744 3109 octo
766 3059 1007 3111 volumina
1034 3067 1200 3112 contra
1226 3063 1357 3114 Celsi
1379 3062 1652 3115 orationem
1685 3066 1888 3127 scripta,

375 3197 624 3269 Qritarum
664 3200 808 3262 regio
851 3201 933 3252 ubi
958 3217 1100 3269 aereae
1122 3210 1295 3269 pelue,
1329 3217 1478 3269 arena
1502 3218 1649 3265 aerea,
1684 3217 1883 3266 quoque

323 3260 424 3324 ipsi
461 3260 598 3309 ﬂuvii
638 3260 857 3310 ramenta
897 3266 1008 3312 teris
1049 3260 1334 3318 devolvunt.
1360 3266 1468 3314 527.

380 3340 577 3392 Osanna
618 3342 735 3404 quid
782 3346 1160 3407 interpretatum
1183 3347 1447 3408 signiﬁcet,
1492 3345 1599 3394 459.

376 3427 510 3479 (ismi
533 3429 837 3494 temporibus
874 3436 1021 3481 terra;
1044 3440 1228 3481 motum
1249 3432 1427 3481 factum
1450 3431 1653 3494 Josephi
1674 3432 1888 3480 auctori-

313 3493 428 3540 tate
465 3490 720 3552 probatur,
770 3492 880 3542 291.

378 3544 552 3637 Ovium
572 3544 771 3637 nomine
789 3574 1039 3637 Scriptura
1068 3588 1174 3624 eam
1197 3576 1246 3623 in
1271 3544 1486 3624 Ecclesia
1523 3576 1889 3624 multitudinem

308 3633 450 3684 nolet
489 3636 791 3697 exprimere,
830 3633 942 3699 quae
979 3644 1174 3687 constat
1197 3650 1258 3686 ex
1300 3637 1763 3700 imperfectioribus,
1809 3638 1863 3686 71

1086 3764 1133 3824 P

381 3910 522 3960 Pacis
538 3912 768 3972 princeps
790 3922 877 3959 cur
900 3907 1117 3959 Christus
1138 3909 1346 3972 dicatur,
1370 3908 1479 3957 515.
1504 3908 1643 3958 Pacis
1668 3915 1890 3971 tempore

312 3986 407 4022 cur
442 3969 665 4023 Christus
706 3969 837 4022 nasci
866 3972 1095 4031 voluerit,
1142 3969 1248 4019 159.

379 4052 628 4103 Passionis
644 4062 870 4116 tempore
888 4067 998 4114 quae
1016 4053 1193 4116 fuerit_
1206 4065 1421 4116 omnium
1448 4050 1761 4116 aﬁlictionum
1784 4065 1894 4113 qua

318 4128 441 4164 eum
467 4113 765 4177 premebant
784 4113 1008 4168 maxima.
1032 4115 1137 4177 592.
1165 4113 1530 4177 Ρεεεὶργρῒλῐὶειὶ
1552 4114 1613 4177 ad,
1634 4127 1892 4171 vesperam

316 4174 483 4226 nocte
511 4177 807 4226 adventante
849 4183 926 4225 est
963 4175 1233 4229 celebrata,
1263 4175 1370 4222 492.
1402 4174 1644 4223 Passionis
1672 4182 1890 4236 tempora

314 4251 435 4301 quae
469 4237 980 4301 Christoiacciderunt
1006 4237 1309 4301 prophetico
1344 4238 1893 4301 testimonio_eventure

314 4296 618 4353 ostenditur.
662 4300 771 4350 491.
798 4296 1045 4349 Passionis
1083 4296 1306 4360 tempore
1331 4312 1417 4346 cur
1441 4298 1589 4348 fuerit
1625 4296 1845 4348 Christus
1865 4311 1893 4346 a

317 4360 477 4412 Patre
525 4363 717 4411 cmlesti
761 4362 1052 4419 derelictus,
1081 4359 1189 4408 495.

386 4441 624 4492 Pastores
668 4449 770 4492 tres
809 4457 906 4492 uno
949 4449 1172 4504 tempore
1204 4443 1459 4504 prophetae
1501 4443 1780 4491 testimonio
1803 4440 1893 4491 sub

312 4504 588 4614 aggentum
612 4505 791 4555 Christi
816 4505 999 4555 Judaais
1021 4504 1296 4565 auferendi,
1323 4505 1409 4566 qui
1430 4505 1531 4553 sint
1558 4505 1891 4566 intelligendi,

380 4649 536 4697 Pater
574 4648 792 4696 cmlestis
835 4645 1080 4708 Christum
1115 4659 1317 4707 semper
1346 4647 1568 4708 exaudit,
1593 4645 1707 4708 497,
1746 4646 1893 4695 Pater

311 4724 413 4761 non
443 4710 696 4758 locutione
722 4715 864 4757 tenus
886 4706 934 4756 in
972 4706 1152 4756 divinis
1178 4706 1328 4756 Pater
1368 4718 1463 4767 est,
1494 4706 1579 4757 sed
1607 4707 1815 4757 veritate
1840 4714 1895 4757 et

315 4775 486 4834 reipsa
512 4771 752 4834 unigeniti
798 4770 908 4818 Filii
948 4769 1115 4834 Pater,
1146 4769 1190 4818 4.
1218 4769 1369 4817 Pater
1390 4772 1452 4834 in_
1470 4770 1661 4834 divinis
1683 4783 1771 4819 cur
1794 4783 1893 4819 non

311 4831 493 4897 plu—res
532 4831 625 4881 sibi
672 4839 944 4880 coaeternos
981 4832 1109 4879 ﬁlios
1146 4834 1396 4891 genuerit,
1439 4831 1543 4880 155.

378 4917 561 4965 Patres
589 4915 793 4975 Veteris
829 4914 1131 4963 Testamenli
1160 4914 1297 4962 initio
1324 4915 1523 4975 quidem
1555 4915 1714 4962 aetatis
1736 4912 1891 4963 soboli

313 4978 579 5039 augendae,
607 4973 928 5039 conjugioque
955 4982 1202 5039 vacarunt,
1223 4975 1312 5023 sed
1338 4973 1554 5039 i‘mature
1580 4975 1895 5039 abstinebant

317 5036 478 5100 atque
528 5036 819 5100 cessabant.
848 5036 933 5085 55.
985 5036 1225 5100 Patribus_
1250 5038 1463 5100 antiquis
1509 5037 1751 5087 Christum
1794 5051 1890 5085 non

317 5097 488 5149 minus
520 5102 766 5160 cognitum
800 5098 951 5147 fuisse
976 5112 1121 5160 quam
1150 5097 1309 5155 nobis,
1333 5097 1576 5149 sacrarum
1616 5100 1891 5148 litterarum

316 5162 619 5211 auctorilate
662 5160 914 5223 probatur,
962 5160 1032 5209 11.

378 5243 654 5304 Peccatum,
673 5257 731 5290 ex
754 5246 1038 5304 contemptu
1062 5241 1306 5303 quomodo
1332 5238 1530 5304 purgari
1568 5240 1798 5290 debuerit
1827 5255 1891 5290 ex

315 5305 454 5366 legis
499 5302 685 5352 veteris
708 5302 1026 5356 institutoJ.
1060 5302 1447 5366 Peccatum’ex:
1462 5305 1734 5366 ignorantia
1759 5305 1893 5365 quali

315 5364 480 5415 hostia
523 5367 607 5414 lex
645 5371 787 5415 vetus
829 5366 1017 5427 expiari
1057 5366 1367 5427 praeceperit,
1408 5364 1453 5412 4.
1504 5364 1893 5427 Peccatum’qua

312 5427 519 5476 ratione
556 5427 746 5475 dicatur
782 5425 998 5477 Christus
1038 5425 1127 5487 pro
1161 5425 1298 5475 nobis
1339 5425 1511 5483 factus,
1548 5426 1656 5474 467.
1686 5425 1890 5476 Peccala

311 5493 491 5538 nostra
535 5489 728 5548 quando
764 5488 944 5539 dicitur
966 5487 1186 5539 Christus
1231 5488 1405 5539 fecisse
1438 5501 1543 5544 sua,
1576 5487 1685 5536 467.

374 5569 737 5621 Persecutores
767 5571 1001 5621 Ecclesiae
1025 5570 1300 5633 perdendos
1322 5582 1433 5619 esse
1460 5567 1755 5619 testimoniis
1778 5581 1891 5630 pro-

310 5634 586 5699 phetarum
628 5635 949 5693 convincitur,
977 5633 1056 5680 82.

377 5713 710 5764 Personarum
750 5714 1022 5763 divinarum
1070 5714 1283 5764 dualitas
1323 5712 1401 5762 bis
1449 5709 1736 5773 planissime
1778 5714 1889 5761 sine

310 5776 439 5837 ullis
486 5775 751 5823 involucris
788 5774 1074 5837 theologice
1114 5791 1139 5824 a
1167 5776 1299 5824 Mose
1346 5774 1735 5837 commendatur.
1778 5774 1886 5821 252.

310 5836 649 5889 Personarum
697 5835 1304 5891 divinarum—dualitatem,
1364 5836 1521 5885 Patris
1565 5835 1797 5884 videlicet
1837 5840 1891 5882 et

314 5898 456 5959 Filii,
483 5909 533 5971 et
557 5911 724 5947 eorum
746 5898 954 5947 alterum
981 5900 1196 5949 universi
1220 5899 1446 5962 opiﬁcem
1471 5896 1618 5947 Isaias
1660 5899 1888 5956 testatur,

1540 422 1754 479 musx
1791 416 2253 503 ANALYTICUS.

3408 415 3551 472 1302

1987 534 2099 588 251.
2142 536 2468 587 Personarum
2509 535 2783 586 divinarum
2823 534 3035 585 dualitas
3058 534 3563 585 Psalmistaauctori-

1989 603 2093 647 tate
2128 597 2382 659 probatur,
2427 597 2538 647 219.
3064 610 3070 617 '

2046 680 2339 743 Pestilentia
2360 679 2419 729 ab
2440 679 2700 743 Apollonio
2710 679 2918 743 Ephesis
2939 678 3245 743 sedata,_528.
3259 676 3553 743 Pestilentia

1985 739 2247 802 Apollonio
2272 743 2369 790 visa
2397 739 2494 790 sub
2511 741 2678 790 habitu
2701 739 2839 790 se'nis
2873 743 3095 803 pannosi,
3119 739 3226 788 528.
3264 739 3554 803 Pestilentia

1987 801 2065 851 eSt
2086 805 2334 863 corruptio
2374 803 2648 851 circumfusi
2678 805 2825 861 aeris,
2861 801 3131 862 vitiumque
3163 814 3235 863 ex,
3260 802 3453 863 putrida
3475 814 3557 851 va-

1988 872 2160 924 poratu
2182 862 2531 912 in’moriiosam
2552 863 2842 927 qualitatem
2866 865 3136 926 vergentis,
3161 862 3269 911 528.

2046 946 2227 1019 Petrus
2250 949 2498 1019 apostolus
2520 960 2581 995 ex
2608 948 2754 1019 nimia
2768 948 3049 1019 reversing
3069 942 3322 1019 indignum
3346 956 3415 1019 se
3430 946 3560 1019 esti-

1983 1011 2133 1070 mavit
2154 1022 2235 1070 qm
2267 1006 2581 1070 Evangelium
2602 1008 2858 1070 scriberet,
2879 1007 2985 1070 120.
3012 1008 3186 1055 Petrus
3215 1006 3378 1070 Romae
3400 1006 3561 1067 capite

1984 1069 2034 1118 in
2064 1067 2242 1118 terram
2266 1067 2418 1119 versow
2430 1071 2559 1118 cruci
2585 1069 2814 1129 afﬁgitur,
2838 1067 2942 1116 111.
2959 1069 3102 1130 Petri
3128 1069 3442 1130 negationem
3472 1080 3560 1115 cur

1988 1130 2178 1180 Marcus
2198 1139 2293 1180 tam
2323 1137 2498 1180 exacte
2524 1130 2861 1192 descripserit,
2887 1129 2989 1179 121.

2048 1236 2353 1285 Philalethes
2375 1236 2618 1287 Hieroclis
2641 1235 2754 1284 libri
2769 1235 2962 1298 quibus
2986 1233 3241 1295 Tyaneum
3262 1233 3383 1282 Jesu
3419 1233 3559 1285 (ΗΠ-1·-

1985 1304 2062 1346 sto
2081 1300 2383 1360 aequiparare
2403 1300 2672 1358 contendit,
2698 1296 2804 1346 511.

2046 1380 2297 1432 Philolaus
2321 1383 2647 1445 Pythagorea
2669 1382 2904 1431 doctrinae
2924 1378 3240 1442 conscriptor,
3265 1379 3374 1429 519.

2048 1462 2372 1512 Philostratus
2404 1465 2453 1512 in
2496 1463 2742 1526 Apollonii
2775 1461 3208 1526 _consortio_vix_it,
3245 1461 3390 1526 cujus
3433 1457 3557 1526 facta

1984 1526 2233 1573 memoria:
2258 1525 2518 1580 mandavit.
2543 1520 2651 1573 512.
2678 1523 3006 1572 Philostratus
3027 1522 3283 1584 Apollonii
3312 1522 3457 1569 vitam
3497 1520 3561 1571 ab

1985 1584 2298 1647 incunabulis
2322 1587 2382 1635 ad
2406 1587 2594 1636 exitum
2609 1597 2765 1647 usque
2792 1583 3206 1647 contexuit,l51§.
3232 1583 3561 1647 Philostratus

1983 1646 2230 1709 spollonii
2273 1654 2477 1696 strenue
2522 1644 2698 1709 nugax'
2723 1646 2973 1709 defensor,
3010 1644 3116 1693 550.
3153 1644 3464 1693 Pbilostratis
3508 1647 3563 1692 et

1983 1706 2199 1758 Damidis
2245 1709 2497 1759 mendacia
2538 1706 2840 1770 deteguntur
2878 1706 3055 1770 quibus
3107 1718 3334 1755 asserere
3380 1717 3562 1755 conan-

1986 1775 2067 1818 tur
2091 1771 2403 1832 Apolloninm
2428 1768 2692 1821 αὐτοῑιδατᾶν
2714 1769 2882 1830 fuisse,
2901 1768 3008 1818 51.8.

2045 1852 2253 1915 Pietatis
2276 1866 2392 1915 erga
2417 1853 2584 1915 Deum,
2602 1852 2887 1915 imitandum
2916 1852 3106 1901 cunctis
3150 1850 3439 1913 exemplum
3467 1849 3561 1901 Job

1985 1912 2269 1964 exhibuisse
2292 1912 2542 1977 probatur,
2568 1913 2642 1963 16.

2045 1995 2396 2045 Pincernarum
2421 1997 2548 2059 apud
2590 1996 2736 2047 Indos
2764 2008 2889 2058 quos
2913 1995 3036 2044 vidit
3064 1993 3378 2056 Apollonius,
3400 1997 3564 2053 motus

1985 2064 2092 2108 erat
2114 2061 2348 2121 magicos,
2369 2059 2478 2108 551.

2048 2139 2241 2188 Pisatus
2262 2146 2409 2201 nocte
2432 2140 2481 2201 in
2520 2140 2759 2201 templum
2787 2139 2883 2190 Dei
2913 2143 3082 2188 contra
3104 2136 3174 2188 fas
3194 2138 3435 2200 imagines
3455 2135 3563 2188 Cae-

1984 2203 2106 2250 saris
2129 2200 2354 2251 intulisse
2378 2200 2636 2261 probatur,
2646 2202 2754 2249 405.

2045 2281 2318 2346 Plagiarius
2338 2283 2610 2341 Hierocles,
2637 2282 2744 2331 511.

2050 2366 2187 2419 P'alo
2210 2367 2361 2415 multa
2387 2380 2415 2414 e
2433 2363 2768 2415 sacerdotibus
2792 2363 3033 2426 [Egyptijs
3053 2366 3105 2410 et
3123 2358 3379 2424 prophetis
3397 2360 3558 2426 audita

1987 2440 2039 2475 et
2065 2430 2188 2476 lecta
2231 2428 2372 2477 libris
2413 2429 2515 2475 suis
2553 2428 2781 2484 inseruit,
2823 2423 2932 2474 510.
2981 2423 3137 2473 Plato
3173 2435 3321 2471 unum
3363 2423 3558 2484 tandem

1985 2489 2146 2538 Deum
2181 2503 2354 2550 magna
2390 2504 2498 2535 cum
2539 2482 2827 2550 dilﬁcultale
2863 2497 3181 2548 cognoscens,
3223 2485 3273 2532 in
3312 2482 3560 2546 publicum

1987 2551 2169 2599 eﬂ‘erre
2192 2548 2288 2599 non
2312 2550 2542 2609 audebat,
2567 2548 2671 2597 129.
2970 2566 2981 2577 ο

2050 2633 2227 2698 Poenas
2259 2632 2581 2681 inevitabiles
2616 2644 2711 2698 cur
2749 2627 2972 2698 Christus
3023 2624 3564 2698 impiis_descripset;i1,

1982 2694 2136 2755 justis
2173 2707 2291 2743 vero
2315 2699 2547 2743 aeternam
2567 2708 2597 2742 a
2616 2693 2723 2742 Deo
2774 2694 2918 2741 vitam
2947 2686 3163 2754 promitti
3183 2686 3426 2749 docuerit,
3455 2686 3564 2751 106,

1992 2755 2100 2804 107.

2047 2837 2352 2898 Potestatem
2398 2851 2541 2886 unam
2581 2835 2793 2885 divinam
2827 2849 2974 2898 supra
3016 2847 3162 2884 omne
3186 2835 3431 2896 opiﬁcium
3453 2836 3566 2884 uni-

1988 2902 2118 2948 versi
2140 2897 2366 2949 admirari
2392 2906 2471 2947 est
2497 2911 2773 2954 necessum,
2799 2897 2902 2946 149.
2930 2899 3234 2946 Potestatem
3257 2909 3369 2944 esse
3391 2909 3566 2956 quam—

1988 2961 2097 3009 dam
2129 2961 2221 3009 Dei
2260 2962 2520 3016 inimicam,
2554 2961 2604 3008 in
2644 2973 2739 3021 qua
2780 2960 2862 3021 qui
2898 2959 3192 3021 dominatur,
3230 2970 3373 3006 omne
3402 2958 3566 3021 homi-

1989 3036 2104 3070 num
2129 3035 2286 3082 genus
2308 3023 2584 3077 seduxerit,
2608 3019 2901 3078 declaratur,
2927 3021 3033 3069 158.
3063 3020 3357 3082 ΡοιεεςιιειιοεξιιΔ
3386 3019 3566 3069 divinae

1990 3080 2373 3131 innumerabiles
2402 3082 2600 3143 quidem
2640 3089 2819 3130 creata
2859 3089 2990 3133 sunt.
3033 3095 3127 3130 una
3168 3080 3568 3143 vero_duntaxat

1989 3144 2275 3253 ipsiusilmii
2298 3144 2392 3193 Dei
2417 3140 2617 3206 propter
2641 3157 2785 3205 quam
2820 3144 3066 3192 inducitur
3099 3143 3259 3203 imago
3290 3140 3384 3190 Dei
3410 3142 3569 3192 Patris

1990 3218 2121 3253 esse.

1990 3218 2121 3265 esse,

2052 3307 2305 3369 Praecpta
2325 3307 2452 3369 legis
2470 3306 2698 3369 Mosaicae
2715 3321 2859 3369 quam
2885 3306 3067 3356 fuerint
3105 3303 3348 3356 universis
3382 3306 3568 3356 Judsis

1989 3375 2186 3417 servatu
2210 3365 2443 3425 difﬁcilia,
2467 3368 2514 3416 5.

2054 3449 2406 3497 Praedicatores
2426 3454 2479 3496 et
2502 3448 2730 3497 doctores
2757 3450 2805 3497 in
2828 3450 3051 3498 Ecclesia
3073 3460 3161 3497 cur
3179 3449 3429 3509 sejunctas
3453 3461 3567 3498 esse

1990 3515 2216 3573 Oporteat
2236 3524 2263 3558 a
2286 3523 2341 3559 re
2364 3511 2553 3570 uxoria,
2580 3509 2659 3558 51.

2052 3592 2302 3702 Ρινωιιιιρῆ
2327 3589 2564 3641 Ecclesiae
2587 3590 2837 3655 Scriptura
2880 3590 3029 3641 boum
3064 3593 3262 3642 nomine
3305 3591 3436 3640 solet
3469 3603 3565 3641 ex-

2052 3666 2227 3702 imere.
2315 3690 2326 3701 .

1990 3666 2227 3717 primere,
2250 3666 2273 3702 '1
2286 3666 2302 3701 ι
2315 3690 2326 3701 .

2055 3735 2390 3795 Praestigiator
2420 3731 2600 3795 quibus
2622 3733 2812 3782 indiciis
2847 3736 3043 3795 agnosci
3082 3739 3249 3795 queat,
3290 3732 3396 3783 125.
3430 3734 3566 3795 Prin.

1992 3796 2296 3906 stigiritzcgrem
2333 3794 2485 3844 fuisse
2506 3795 2746 3846 Christum
2785 3794 3125 3845 arbitrantium
3158 3809 3297 3845 error
3321 3794 3565 3846 convinci-

2015 3871 2089 3906 ur.
2205 3894 2217 3906 .
2356 3902 2363 3906 _

2076 3895 2089 3916 ,
2116 3894 2217 3906 ι-νο

2053 3936 2380 4001 Praestigiosis
2413 3938 2634 3988 foliorum
2665 3939 2982 4001 quorumdam
3014 3937 3429 4001 inscriptionibus,
3476 3945 3560 4001 aut

1992 4001 2640 4111 herhlarurtnhgadicumque
2674 4000 3143 4063 Sutl‘umigationibus
3182 4000 3450 4051 Christiano
3494 4000 3565 4050 uti

1992 4077 2089 4112 non
2130 4076 2204 4111 tce
2233 4101 2245 4112 .
2361 4098 2374 4111 .

2232 4101 2245 4122 ’
2270 4098 2374 4111 Α-..

2056 4145 2567 4216 Primogenitamdlei
2603 4145 2857 4216 virtutem.
2880 4148 3107 4216 quamet
3137 4142 3429 4216 sapientiam
3470 4145 3564 4216 De!

1992 4205 2287 4280 appellat—ct
2325 4208 2546 4279 ejusdem
2570 4207 2806 4266 sobolem,
2828 4205 3234 4266 quemadmodum
3259 4205 3488 4256 Salomon
3511 4205 3562 4255 in

1994 4269 2277 4319 Proverbiis
2296 4269 2545 4331 deSIgnet,
2571 4268 2678 4316 211.

2054 4353 2404 4403 Promissorum
2429 4350 2701 4400 divinorum
2745 4354 2922 4400 eventa
2945 4363 3040 4398 non
3077 4351 3126 4399 in
3160 4362 3355 4399 omnem
3395 4349 3564 4399 Judai-

1992 4428 2097 4465 cam
2119 4423 2340 4477 gentem,
2363 4414 2451 4463 sed
2483 4416 2531 4462 in
2564 4426 2740 4475 paucos
2779 4425 2949 4461 eorum
2974 4412 3210 4461 duntaxat
3244 4418 3557 4474 perventura,

1992 4478 2288 4526 ostenditur.
2307 4475 2386 4525 65.

2275 4513 2386 4536 ,νν.

2055 4559 2351 4622 Prophetam
2375 4572 2430 4607 se
2450 4558 2799 4622 suscitaturum
2823 4570 2911 4605 cur
2932 4556 3066 4605 Deus
3095 4557 3284 4622 Iudaeis
3314 4558 3561 4622 pollicitus

1992 4619 2291 4670 fueritfim.
2320 4620 2582 4682 Prophetce
2600 4619 2917 4682 Hebraeorum
2941 4631 3149 4679 quonam
3175 4619 3317 4682 modo
3340 4619 3486 4682 simul
3502 4625 3567 4682 iet.

1992 4697 2104 4745 quas
2123 4681 2282 4745 futura
2314 4680 2743 4745 essent‘Canebant
2764 4690 2809 4727 et
2834 4684 2983 4745 solam
3003 4693 3164 4745 veram
3186 4680 3479 4745 theologiam
3498 4681 3559 4729 il—

1992 4741 2283 4801 lustrabant,
2325 4743 2434 4791 202.
2476 4742 2828 4803 Prophetarum
2860 4741 3169 4801 habitus,11.
3205 4741 3557 4802 Prophetarum

1993 4806 2393 4854 comminationes
2426 4804 2659 4853 adversus
2682 4803 2877 4851 Judzeos
2901 4809 3102 4865 propter
3125 4803 3426 4865 Salvatorem
3464 4816 3555 4865 no-

1992 4876 2146 4916 strum
2169 4865 2407 4917 Christum
2433 4874 2485 4913 et
2504 4871 2614 4926 post
2646 4866 2753 4924 ejus
2782 4865 3044 4913 adventum
3082 4864 3316 4926 accidisse
3337 4864 3559 4913 ostendi-

1995 4936 2091 4986 tur,
2116 4928 2195 4975 65.
2233 4924 2584 4988 [δι-ορῐιειετὺηι
2614 4926 2807 4973 oracula
2839 4927 3101 4988 adventum
3126 4924 3300 4975 Christi
3328 4933 3560 4985 spectan-

1994 4992 2058 5038 tia
2099 5003 2188 5039 cur
2210 4991 2305 5039 alia
2333 4987 2537 5050 quidem
2570 4988 2842 5047 obscurius,
2871 4987 2965 5036 alia
2999 4994 3162 5036 autem
3191 4989 3410 5049 apertius
3431 4988 3561 5038 dicta

1991 5053 2328 5111 inveniantur,
2356 5051 2464 5099 257.

2053 5134 2381 5182 Providentia
2415 5129 2733 5193 gubernantis
2770 5130 3124 5241 sagientissima
3161 5129 3358 5179 decreta
3396 5136 3559 5180 custo-

2053 5202 2136 5241 unt
2160 5202 2213 5241 et
2233 5203 2485 5241 asservant
2504 5195 2750 5241 universa.
2771 5192 2825 5241 51
2868 5229 2880 5240 .

1993 5196 2136 5245 diunt
2160 5202 2213 5244 et
2233 5192 2485 5244 asservant
2504 5195 2750 5251 universa,
2771 5192 2880 5241 515.

2053 5279 2271 5342 Pygmaei
2314 5276 2816 5342 etrAnthrqpophagi,
2853 5282 2905 5324 et
2945 5273 3210 5342 Sciopodes
3247 5275 3373 5342 apud
3414 5274 3561 5325 indos

1993 5333 2257 5403 Apolronio
2290 5340 2399 5403 visi,
2429 5333 2779 5403 Pygmaii
2804 5333 2988 5399 specus
3018 5333 3366 5385 subterraneos
3404 5348 3559 5402 prope

1992 5399 2212 5466 Gangem
2237 5400 2477 5460 habitant,
2499 5399 2608 5449 525.

2052 5477 2355 5538 Pythagoras
2378 5475 2536 5538 Magis
2559 5479 2876 5525 conversatus
2908 5470 3093 5521 nullam
3122 5469 3295 5534 magiae
3320 5473 3564 5534 suspicio-

1990 5552 2102 5588 nem
2128 5537 2351 5594 incurrit.
2374 5537 2481 5585 510.

2057 5601 2357 5663 Pythagoras
2387 5599 2596 5659 Samius,
2619 5596 2728 5646 520.

2759 5706 2798 5766 S

2052 5830 2388 5881 Sandaracinre
2410 5841 2557 5888 aqua:
2574 5833 2754 5890 puteus
2785 5826 2910 5890 apud
2937 5825 3278 5885 Brachmanos,
3303 5822 3411 5873 558.

2055 5891 2409 5945 Sandaracinus
2433 5887 2628 5952 puteus,
2655 5887 2760 5937 525.
2817 5887 2835 5925 ἶ
