4106 6448
1615 949 1841 1036 ΤΟΥ
1912 951 2512 1042 ΠΑΜΦΙΛΟΥ

893 1132 2070 1273 ΕΥΑΓΓΕΛΙΚΗΣ
2152 1141 3235 1287 ΑΠΟΔΕΙΞΕΩΣ

1569 1378 2080 1498 ΒΙΒΛΙΑ
2150 1389 2558 1504 ΔΕΚΑ

1048 1765 1902 1950 EUSEBII
2011 1770 3071 1957 PAMPHILI

638 2085 838 2212 DE
938 2089 2367 2222 DEMONSTBATIONE
2470 2096 3480 2231 EVANGELICA

1587 2347 1971 2465 LIBRI
2053 2352 2530 2466 D‘ECEM

1216 2567 1651 2624 INTERPBETE
1687 2567 2129 2625 BERNARDINO
2164 2568 2465 2636 DONATO,
2495 2570 2902 2629 VERONENSI.

509 2724 608 2792 (Ex
638 2727 762 2777 odit.
783 2725 938 2775 Paris.
963 2724 1101 2782 1623,
1133 2724 1300 2797 Colon.
1328 2723 1508 2797 (Lips...)
1528 2723 1676 2797 1683;
1706 2724 1865 2797 Oxon.
1903 2721 2041 2797 1&2.
2071 2749 2133 2793 -τ-
2153 2722 2356 2774 Accedit
2378 2723 2778 2797 supplementum
2800 2741 2826 2776 a
2849 2728 2907 2797 J_._
2938 2727 2996 2777 Α.
3025 2726 3250 2797 Fabricio
3285 2730 3564 2795 evulgatum

1070 2783 1359 2848 procnmium
1403 2783 1595 2837 scilicet
1633 2795 1687 2836 et
1727 2788 1882 2848 capita
1925 2783 1992 2834 ΙΙΙ
2035 2783 2218 2847 priora,
2253 2799 2362 2835 cum
2405 2783 2561 2850 ipsius
2601 2791 2767 2851 operis
2809 2790 3050 2853 epilogo.)

2014 2917 2085 2930 _

1215 3019 1799 3112 EPISTOLA
1889 3023 1958 3111 N
1985 3020 2884 3117 UNCUPATORIA.

1796 3212 1909 3275 (Ed.
1947 3212 2105 3264 Paris.
2138 3212 2300 3274 ιω.)

492 3389 866 3447 Illustrissimo
889 3408 950 3444 ac
976 3391 1303 3462 integerrimo
1327 3391 1436 3444 viro
1460 3389 1671 3442 domino
1703 3386 1772 3442 ι).
1800 3387 2189 3459 Hacquevilleo,
2214 3391 2574 3461 augustissimt'
2592 3389 2890 3444 Galliarum
2917 3399 3128 3444 senatus
3149 3391 3321 3458 primo
3349 3389 3576 3444 Pratsidi
3603 3391 3660 3444 S.

489 3481 632 3540 Bene
661 3499 725 3538 ac
754 3484 978 3538 feliciter
1006 3485 1158 3538 nobis
1189 3483 1563 3552 universasque
1588 3481 1772 3537 Galliae
1800 3483 2034 3538 cessisse
2069 3499 2261 3538 omnes
2287 3485 2755 3548 existimaverunt,
2787 3483 3155 3538 illustrissime
3187 3481 3414 3546 Praeses,
3449 3499 3570 3537 cum
3592 3485 3654 3541 at:

413 3591 645 3632 excessu
681 3575 1001 3645 amplissimi
1033 3586 1254 3631 senatus
1276 3577 1565 3646 principis,
1600 3574 1771 3644 patria
1797 3574 2160 3638 diuturniore,
2197 3589 2356 3643 quam
2389 3581 2766 3636 consueverat,
2802 3584 3039 3643 tempore
3073 3583 3440 3637 consternata,
3473 3573 3655 3627 subit»

415 3665 622 3720 luctum
669 3682 733 3720 ac
776 3666 1104 3722 desiderium
1138 3667 1272 3719 tanti
1299 3665 1554 3720 Praesiilis
1580 3673 1672 3717 tua
1727 3665 1784 3718 in
1819 3664 1992 3733 ipsius
2023 3663 2202 3716 locum
2261 3667 2602 3733 promotione
2647 3665 2916 3733 deposuit.
2956 3664 3032 3718 Ex
3060 3680 3168 3734 quo
3195 3679 3371 3720 rerum
3407 3663 3651 3718 omnium

418 3761 748 3828 agendarum
779 3767 1024 3828 tempora
1062 3757 1144 3811 sic
1177 3757 1494 3819 illuxerunt,
1527 3764 1672 3809 tanta
1726 3756 1779 3808 in
1825 3757 2036 3809 animos
2063 3755 2308 3808 omnium
2340 3755 2560 3824 irrepsit
2585 3756 2791 3817 laetitia,
2841 3764 2899 3808 ut
2927 3755 3016 3809 vix
3069 3755 3212 3810 aliud
3240 3757 3475 3824 optatius
3502 3757 3646 3825 quos!

415 3851 639 3911 vellent,
679 3856 772 3902 aut
805 3849 950 3917 quod
994 3846 1253 3916 pristinas
1297 3844 1648 3914 :egritudines
1691 3860 1756 3899 ex
1789 3844 1994 3897 recenti
2025 3845 2239 3913 jactura
2279 3851 2572 3912 conceptas
2602 3845 2973 3898 vehementius
3005 3845 3280 3910 allevaret,
3341 3847 3653 3915 contingere

416 3943 659 4011 potuisse
683 3943 984 3995 crederent.
1013 3939 1188 4009 thue
1219 3940 1528 4009 reipublicae
1551 3940 1714 3993 rebus
1737 3939 2008 4007 quondam
2032 3941 2360 4007 perturbatis
2379 3938 2812 3992 animadversum
2842 3947 2948 4004 est,
2978 3947 3098 4007 post
3115 3938 3453 3994 Cannensem
3494 3939 3642 3993 illam

417 4035 626 4089 cladem
653 4035 894 4090 secundo
915 4033 1152 4089 Marcelli
1183 4035 1250 4088 ad
1273 4032 1462 4087 Nolam
1489 4034 1694 4103 pranio,
1721 4043 1977 4104 populum
2006 4033 2307 4088 Romanum
2333 4035 2569 4104 primum
2589 4034 2744 4104 erigi,
2779 4049 2841 4087 ac
2864 4034 3119 4104 deinceps
3146 4032 3212 4086 ad
3243 4040 3456 4104 optatos
3477 4035 3651 4088 exitus

409 4129 624 4185 alliante
648 4129 863 4183 fortuna
890 4129 1107 4198 provehi
1138 4129 1369 4198 coepisse
1397 4149 1412 4181 :
1436 4128 1516 4182 sic
1548 4135 1669 4197 post
1695 4128 1856 4181 unius
1879 4127 1978 4181 viri
2007 4128 2196 4182 amissi
2217 4129 2603 4190 calamitatem,
2633 4127 2791 4182 simul
2823 4135 2986 4197 atque
3008 4128 3074 4182 ad
3108 4129 3470 4197 augustiorem
3506 4128 3650 4182 illam

407 4221 822 4292 principemque
848 4226 1069 4274 senatus
1099 4217 1438 4287 dignitatem,
1465 4232 1572 4270 non
1613 4217 1954 4281 favitoribus,
1988 4223 2047 4269 ut
2074 4219 2150 4270 ait
2175 4217 2451 4281 Comicus,
2483 4217 2580 4271 sed
2607 4217 2807 4272 virtute
2835 4204 3124 4273 ambiendo
3153 4219 3468 4288 pervenisti,
3492 4221 3652 4290 lugu-

407 4313 526 4369 bria
549 4313 730 4367 omnia
755 4313 940 4383 procul
969 4313 1265 4375 eliminata,
1300 4320 1353 4365 et
1385 4326 1656 4380 prosperae
1691 4325 1778 4365 res
1807 4309 2002 4365 deinde
2025 4313 2307 4381 permultae
2337 4320 2645 4366 consecuta:
2672 4311 2800 4366 sint.
2843 4311 2974 4377 Quae
3011 4313 3133 4368 aliis
3163 4313 3287 4369 inde
3321 4317 3649 4371 accesserint

405 4408 712 4472 commoda,
743 4407 915 4478 magis
941 4407 1075 4477 ipsis
1099 4405 1297 4476 quibus
1321 4407 1411 4459 illa
1446 4409 1787 4477 contigerunt
1809 4405 2055 4472 fruenda,
2078 4423 2239 4478 quam
2264 4408 2511 4478 pluribus
2533 4407 2877 4478 praedicanda
2905 4407 3280 4477 relinquimus.
3308 4407 3504 4465 Noster
3526 4423 3649 4465 vero

412 4501 567 4564 ordo,
605 4510 792 4558 nostra
839 4502 1094 4566 societas,
1126 4507 1179 4553 et
1210 4498 1372 4554 veluti
1418 4498 1682 4553 litteraria
1713 4499 1958 4569 quaedam
2003 4499 2286 4563 sodalitas,
2320 4501 2480 4570 quasi
2512 4516 2576 4555 ex
2619 4500 2865 4572 longiore
2896 4507 3117 4568 veterno
3143 4508 3418 4563 revocata,
3447 4503 3502 4555 in
3528 4516 3646 4555 eam

408 4609 564 4664 spem
596 4602 775 4648 erecta
807 4600 911 4656 est,
938 4601 999 4647 ut
1021 4604 1071 4646 te
1107 4607 1321 4646 sacrum
1353 4588 1646 4646 Themidos
1679 4592 1893 4644 clavum
1935 4599 2172 4654 tenente,
2205 4593 2580 4661 bonarumque
2607 4592 2910 4647 litterarum
2946 4591 3193 4654 custode,
3217 4591 3502 4646 doctorum
3531 4607 3648 4644 om-

409 4685 558 4738 nium
596 4684 826 4751 fautore,
856 4685 1137 4755 ipsiusque
1165 4683 1520 4738 humanitatis
1563 4683 1784 4739 assiduo
1827 4683 2060 4747 vindice,
2093 4686 2381 4754 pristinum
2425 4684 2684 4751 vigorem,
2712 4684 2880 4738 decus
2911 4697 2974 4736 ac
3005 4683 3375 4738 celebritatem
3410 4680 3556 4736 brevi
3590 4697 3646 4735 se

402 4785 742 4846 recepturam
773 4784 1088 4847 auguretur.
1123 4773 1253 4841 Quae
1283 4791 1382 4830 nos
1400 4790 1466 4830 eo
1493 4791 1583 4830 res
1626 4775 1872 4839 adduxit,
1909 4782 1968 4829 ut
1996 4791 2154 4846 quem
2188 4791 2299 4846 prie
2349 4778 2601 4831 manibus
2636 4777 2900 4830 habemus
2930 4785 3205 4829 auctorem
3233 4774 3374 4829 diem
3403 4773 3646 4834 aspicere

404 4868 720 4940 gestientem
754 4868 1045 4924 Eusebium
1070 4865 1334 4937 Pamphili
1369 4866 1445 4921 De
1470 4865 1914 4922 demonstratione
1941 4869 2260 4938 evangelica,
2293 4869 2394 4923 hoc
2441 4876 2525 4924 est
2553 4869 2621 4923 de
2654 4868 2776 4922 fidei
2800 4867 3127 4922 Christiana:
3149 4867 3377 4922 veritate
3408 4866 3644 4936 graviter

403 4957 779 5026 diSSerentem,
809 4969 904 5017 tuo
934 4961 1276 5031 potissimum
1315 4959 1518 5014 nomini
1544 4975 1889 5022 consecrare,
1914 4975 2020 5015 non
2047 4967 2156 5014 tam
2189 4975 2219 5014 e
2239 4975 2298 5014 re
2326 4967 2510 5014 nostra
2543 4975 2689 5023 esse,
2718 4973 2878 5029 quam
2902 4958 3132 5028 publicae
3159 4957 3644 5026 oongratulationia

399 5049 670 5108 interesse
697 5062 1030 5123 putaremus.
1059 5053 1190 5107 Nam
1223 5070 1345 5108 cum
1379 5054 1602 5107 humani
1632 5061 1685 5108 te
1708 5054 1850 5122 juris
1881 5063 2206 5109 assertorem
2229 5053 2556 5108 acerrimum
2596 5061 2650 5108 et
2675 5053 2831 5118 alias,
2857 5067 3005 5106 nunc
3031 5067 3163 5107 vero
3188 5051 3420 5104 maxime
3449 5049 3515 5104 ad
3543 5065 3641 5106 su-

400 5161 648 5218 premum
674 5149 836 5202 curite
878 5149 1028 5218 regni
1052 5148 1326 5219 fastigium
1356 5163 1451 5218 per
1471 5163 1662 5202 onmes
1703 5147 1970 5201 honorum
2000 5147 2203 5218 gradus
2225 5156 2446 5202 evectus
2477 5149 2742 5218 praebeas,
2767 5147 2856 5201 cui
2898 5147 3118 5218 pietatis
3159 5151 3213 5200 et
3257 5144 3482 5199 sincera:
3513 5146 3644 5200 reli~

400 5241 578 5313 gionis
599 5257 730 5297 cura
759 5243 932 5313 magis
956 5244 1257 5307 incumbat,
1287 5244 1332 5300 si
1360 5259 1389 5297 a
1416 5252 1465 5298 te
1487 5242 1782 5299 abierimus
1814 5241 2045 5298 fortasse
2065 5244 2398 5312 reperiemus
2419 5244 2712 5300 neminem.
2740 5242 2831 5297 Sic
2855 5243 3122 5298 Eusebius
3142 5248 3332 5296 noster
3355 5240 3643 5311 Pamphilo

399 5355 501 5396 suo
530 5340 584 5394 in
626 5337 728 5394 fide
764 5339 962 5393 tuenda
1001 5340 1138 5395 ﬁdus
1166 5339 1394 5396 adhaesit
1434 5354 1640 5406 comes,
1676 5346 1738 5392 ut
1768 5337 2034 5409 Pamphili
2067 5340 2228 5392 etiam
2273 5353 2573 5409 cognomen
2604 5340 2704 5394 sibi
2729 5338 2947 5408 adjungi
2972 5336 3220 5392 voluerit.
3244 5335 3354 5391 Nec
3377 5333 3523 5390 aliud
3559 5335 3646 5388 di-

394 5431 586 5503 gnitati
611 5441 716 5486 tua:
736 5445 1056 5502 morumque
1078 5433 1331 5487 suavitati
1355 5448 1548 5487 nomen
1575 5432 1754 5504 aptius
1781 5434 1954 5502 potuit
1971 5448 2280 5509 occurrere,
2301 5447 2464 5502 quam
2491 5435 2670 5498 istius,
2693 5432 2837 5503 quod
2860 5432 3099 5485 omnium
3128 5444 3470 5485 communem
3493 5443 3649 5484 amo-

394 5539 508 5578 rem
532 5537 595 5578 ac
621 5523 1051 5580 benevolentiam
1080 5524 1362 5580 i'mlicaret.
1390 5525 1568 5593 Quare
1606 5523 1651 5581 si
1680 5525 1733 5578 in
1768 5531 1878 5579 tam
1909 5524 2165 5594 propensi
2198 5525 2441 5580 omnium
2473 5524 2528 5578 in
2561 5530 2614 5579 te
2643 5523 2867 5585 amoris,
2903 5529 3118 5591 tuaeque
3149 5521 3204 5575 in
3237 5533 3428 5574 omnes
3464 5519 3633 5573 chari«

393 5614 526 5669 tatis
556 5613 832 5683 publicum
855 5613 1252 5679 testimonium,
1276 5615 1614 5684 singulorum
1646 5615 1900 5669 ordinum
1928 5627 1994 5668 ac
2021 5614 2344 5669 societatum
2375 5611 2870 5683 congratulationes
2894 5611 3141 5670 certatim
3173 5610 3228 5664 in
3251 5617 3304 5664 te
3328 5608 3442 5664 ﬂeri
3469 5621 3644 5664 nuper

391 5708 645 5773 vidimus,
669 5718 954 5780 postquam
984 5710 1038 5764 in
1071 5709 1442 5767 excelsissimo
1473 5710 1565 5767 illo
1592 5719 2014 5783 purpuratorum
2054 5708 2275 5766 Patrum
2315 5711 2552 5766 culmine
2589 5708 2908 5774 consedisti,
2943 5707 3073 5781 quid
3101 5706 3318 5762 tandem
3341 5703 3498 5760 nobis
3520 5703 3640 5756 ani-

394 5798 466 5851 mi
498 5797 563 5854 ad
603 5799 922 5852 munuscula
954 5799 1192 5867 undique
1240 5799 1624 5868 comparanda,
1661 5800 2024 5871 ﬂosculosquc
2053 5806 2108 5855 et
2152 5809 2298 5858 serta
2346 5814 2626 5855 musarum
2672 5813 2737 5853 ex
2782 5799 3014 5854 her-tutis
3061 5795 3382 5868 colligenda,
3425 5801 3641 5862 tuaeque

672 5890 946 5950 Ρηιιοι.
968 5939 970 5941 .
994 5889 1113 5950 Gn.
1162 5889 1366 5951 XXII.

3325 5895 3351 5948 1
