4106 6436
492 367 547 420 ll
1152 367 1423 426 EUSEBII
1463 367 1939 422 CASSARIENSIS
1978 368 2127 423 OPP.
2171 369 2351 426 PARS
2389 371 2452 426 ll.
2494 404 2562 415 -—
2603 373 3100 432 APOLOGETICA.
3665 383 3732 434 12

485 485 826 542 celsitudinis
854 488 1079 558 pedibus
1102 486 1432 541 admovenda
1461 501 1582 540 esse
1613 484 1820 546 debuit,
1853 499 2085 554 quorum
2122 502 2247 556 spes
2279 489 2458 545 omnis
2488 505 2655 561 prope
2682 501 2735 547 et
2760 495 2918 558 ratio,
2950 496 3058 548 imo
3090 495 3399 564 praesidium
3436 505 3734 569 portusque

453 579 794 661 Ltutissimus
825 580 878 633 in
928 582 1003 633 tui
1044 581 1286 634 muneris
1319 577 1674 648 amplitudine
1705 591 1865 647 atque
1900 579 2266 635 sollicitudine
2301 581 2515 638 videtur
2543 599 2666 640 esse
2709 588 3059 642 constitutus.
3095 588 3349 660 Accipies
3385 592 3568 661 igitur.
3602 591 3729 645 illu-

454 655 755 758 ‘I'strissime
804 673 1032 737 Prazses,
1067 691 1172 746 quo
1217 675 1418 738 studio,
1463 690 1678 745 quaque
1717 677 2048 729 eonsuevisti
2094 677 2450 742 humanitate,
2497 697 2654 736 sacra
2697 682 2963 739 doctrina:
3007 700 3255 756 veraeque
3292 689 3508 758 pictatis
3538 704 3732 742 monu-

453 751 685 845 fluenta,
715 765 763 819 id
812 765 953 836 quod
995 783 1136 820 nunc
1172 768 1286 836 ipsa
1322 767 1484 820 nobis
1537 767 1737 832 objecit
1764 768 2001 827 occasio,
2034 765 2252 821 Eusebii
2295 771 2505 823 scilicet
2535 769 2797 842 Pamphili
2831 751 3186 831 Caesariensis
3220 751 3617 850 lle-evangelica
3645 780 3734 833 de-

481 860 862 912 moustratione
894 859 1211 913 utilissimas
1241 860 1765 925 Lommentationes,
1791 875 1911 929 qum
1941 860 2216 914 honorarii
2248 864 2531 932 cujusdam
2557 867 2798 922 muneris
2820 868 2992 922 instar
3020 885 3140 925 esse
3162 874 3389 941 possint,
3430 875 3589 942 quale
3622 885 3732 927 ma-

480 946 797 1016 gistratibus
847 953 1144 1007 novissime
1172 956 1227 1010 in
1277 959 1588 1025 provincias
1629 975 1657 1012 a
1689 960 1936 1030 principe
1983 960 2185 1021 missis.
2219 962 2383 1014 animi
2420 963 2661 1017 benevoli
2691 966 2924 1020 testandi
2968 982 3134 1022 causa
3165 969 3347 1023 otl‘erri
3399 970 3628 1033 solebat,
3668 978 3728 1024 ut

478 1043 632 1090 tanto
662 1042 960 1097 studiosius
983 1052 1034 1096 et
1064 1043 1380 1114 diligentius
1411 1049 1720 1118 reipublicae
1742 1049 2109 1113 consulerent,
2137 1057 2341 1118 quanto
2365 1051 2570 1121 majore
2595 1064 2646 1108 et
2678 1054 2915 1124 publicis
2937 1059 3177 1112 omnium
3210 1061 3348 1114 votis
3381 1061 3526 1116 illius
3555 1061 3726 1116 admt-

476 1133 772 1188 nistrandze
793 1150 979 1190 curam
1007 1148 1381 1209 susceperant.
1419 1139 1569 1196 Vale.

544 1226 702 1278 Anno
739 1227 933 1282 salutis
965 1227 1122 1282 1698.

826 1427 1138 1484 Celsitudiui
1167 1440 1272 1484 tua:
1299 1432 1677 1498 addictissimi,

2540 1623 2767 1681 Michael
2799 1626 3050 1684 Somnus.

2546 1716 2903 1773 Sebastianus
2931 1718 3224 1775 Casum“.

2527 1811 2759 1870 Carolus
2792 1815 3138 1872 Ioannes.

1391 2133 2143 2226 GALLANDIUS
2211 2136 2776 2232 LECTORI.

1257 2321 1575 2384 (Bibliotheca
1600 2329 1686 2374 vet.
1717 2325 1880 2385 Patr.,
1904 2330 2022 2373 tom.
2049 2322 2133 2384 IV,
2159 2323 2378 2386 Proleg.,
2403 2339 2450 2387 p.
2479 2339 2597 2386 χιιι,
2623 2333 2748 2390 etp.
2779 2327 2912 2389 461.)

460 2584 502 2650 Ι.
566 2593 778 2650 Eusebii
844 2592 1188 2648 Caesariensis
1247 2589 1652 2667 Demonstratio
1719 2595 2029 2665 evangelica
2064 2604 2110 2660 Α
2138 2596 2268 2650 illud
2301 2595 2592 2666 Sapientia:
2617 2613 2715 2659 vn,
2743 2597 2814 2650 26
2848 2615 2863 2651 :
2893 2596 3153 2667 Splendor
3188 2610 3266 2653 est
3311 2602 3525 2655 luminis
3573 2619 3712 2656 sem-

1118 2661 1373 2730 suppleta.

532 2777 979 2849 Quandoquidem
1043 2788 1351 2846 temporum
1419 2775 1555 2830 ordo
1614 2777 1679 2833 ad
1738 2777 2036 2834 Eusebium

459 2871 850 2928 Czesariensem
880 2887 982 2926 nos
1011 2871 1328 2935 deduxerat,
1355 2882 1545 2926 nostra
1587 2869 1855 2926 interesse
1909 2889 2037 2924 cen-

459 2965 690 3028 suimus,
723 2974 782 3018 ut
815 2964 1139 3034 prowmium
1180 2970 1234 3018 et
1273 2965 1451 3036 capita
1503 2961 1570 3017 lll
1630 2964 1814 3032 priora
1862 2963 2032 3017 libril

458 3055 778 3111 Eusebianze
839 3053 1315 3109 Demonstratiouis
1381 3056 1692 3126 evangelica:
1743 3071 1850 3108 una
1907 3070 2031 3108 cum

457 3149 634 3220 ipsius
665 3151 846 3219 operis
872 3148 1106 3220 epilogo.
1143 3165 1264 3218 qua:
1290 3150 1342 3204 in
1367 3149 1632 3203 hactenus
1661 3147 1894 3218 vulgatis
1927 3147 2036 3200 edi—

457 3242 1200 3306 tionibusdesiderabantur,
1233 3243 1376 3313 typis
1423 3242 1740 3297 excudenda
1793 3243 2034 3296 tradere-

457 3352 599 3392 mus.
623 3335 699 3390 Ea
722 3351 852 3392 vero
879 3345 1100 3401 accepta
1127 3337 1416 3392 referimus
1444 3336 1821 3390 eruditissimo
1834 3334 2032 3390 Joanni

455 3429 677 3483 Alberto
709 3426 999 3495 Fabricio;
1027 3429 1118 3500 qui
1155 3428 1300 3484 haud
1335 3429 1407 3481 ita
1433 3427 1644 3498 pridem
1676 3429 1863 3482 istlnec
1894 3444 2032 3498 prae-

455 3520 589 3574 clari
617 3521 798 3590 operis
832 3520 1204 3590 supplementa
1233 3534 1298 3573 ex
1330 3535 1433 3574 ms.
1463 3520 1652 3574 codice
1689 3520 2033 3573 bibliotheca:

453 3611 748 3665 celsissimi
778 3609 1073 3666 Walachia:
1102 3611 1366 3682 principis
1396 3610 1624 3666 Joannis
1653 3610 1858 3665 Nicolai
1881 3610 2032 3664 Mau-

454 3696 729 3752 rocordati
783 3698 1090 3769 desumpta,
1142 3701 1301 3754 bonis
1351 3701 1549 3755 litteris
1599 3701 1738 3756 bene
1779 3703 2028 3770 cupiens,

453 3804 578 3842 cum
609 3805 707 3844 sua
736 3791 1187 3862 interpretatione
1208 3791 1481 3861 evulgavit
1506 3793 1602 3862 (α).

451 3879 516 3936 ll.
548 3881 844 3953 Permultis
894 3885 948 3936 in
994 3885 1122 3936 locis
1166 3882 1659 3939 Demonstralionis
1704 3885 2032 3953 evangelica:

519 3952 778 4006 Arianum
806 3971 860 4007 se
881 3954 1064 4024 prodit
1099 3953 1376 4006 Eusebius.
1415 3953 1529 4006 Hac
1575 3955 1636 4007 de
1687 3972 1740 4008 re
1775 3952 2029 4008 nonnulla

517 4024 858 4092 proferuntur
905 4025 1186 4091 specimina
1237 4024 1514 4076 Ariauiea.
1553 4024 1768 4078 Eusebii
1827 4027 2025 4090 placita

520 4095 773 4162 interpres
833 4094 896 4147 de
926 4094 1189 4147 industria
1237 4094 1304 4144 ad
1353 4092 1667 4148 catholicam
1714 4097 2025 4159 sententiam

521 4164 810 4234 detorquet.

524 4255 624 4310 llic
679 4272 844 4326 porro
890 4256 1125 4312 lectores
1174 4257 1412 4313 monitos
1444 4257 1628 4318 velim,
1679 4255 2023 4310 Demonstra-

451 4348 644 4402 tionem
688 4347 910 4403 Eusebii
948 4350 1295 4419 evangelicum
1326 4356 1617 4420 propterea
1651 4349 1782 4402 mihi
1821 4350 2022 4405 dictam

445 4442 764 4507 praeclarum
785 4443 1100 4512 opus,quod
1133 4443 1300 4496 multa
1328 4444 1489 4513 plane
1523 4443 1574 4496 in
1605 4458 1671 4495 eo
1709 4443 1852 4496 libro
1885 4459 2024 4512 prae-

448 4533 597 4587 clare
625 4533 820 4588 dixerit
852 4542 1064 4600 auctor,
1093 4535 1486 4606 veritatemque
1521 4535 1848 4590 Christiana:
1890 4536 2020 4588 reli-

445 4627 626 4698 gionis
650 4627 913 4683 adversus
935 4627 1151 4685 Judzeos
1185 4629 1529 4699 potissimum
1561 4643 1625 4683 ex
1659 4628 1833 4682 sacris
1865 4625 2022 4681 Vete-

446 4719 524 4772 ris
546 4727 600 4773 et
621 4717 755 4772 Novi
788 4717 1122 4789 Testamenti
1149 4720 1341 4775 litteris
1371 4720 1606 4773 maxime
1639 4717 2016 4787 propugnarit.

447 4809 648 4866 Verum
683 4812 736 4865 in
769 4813 1055 4881 permultis
1085 4813 1329 4882 ejusdem
1357 4813 1540 4882 operis
1577 4812 1713 4868 locis
1741 4811 1884 4865 haud
1918 4811 2019 4864 ob-

441 4918 608 4956 scure
647 4902 826 4971 prodit
857 4912 1028 4956 semet
1064 4901 1332 4958 Eusebius
1366 4902 1693 4956 Arianorum
1733 4910 1892 4956 secta:
1925 4898 2022 4953 ad~

433 4991 686 5058 dictum;
719 5008 950 5062 quorum
985 4992 1183 5062 placita
1223 4991 1453 5048 subinde
1483 4991 1720 5045 inculcat
1748 5003 1800 5044 et
1840 4995 2016 5059 urget,

445 5083 646 5136 nedum
679 5084 783 5138 sibi
819 5083 1045 5152 probata
1093 5083 1450 5138 demonstret.
1493 5082 1648 5148 Quod
1693 5079 1913 5152 quidem
1963 5089 2021 5134 ut

443 5184 647 5244 pateat,
679 5191 846 5229 unum
892 5177 1268 5230 tantummodo
1294 5176 1470 5229 locmn
1503 5175 1557 5228 in
1589 5173 1820 5226 n'edium
1848 5171 2024 5242 prole-

448 5283 586 5332 ram,
632 5281 742 5337 quo
785 5276 976 5322 auctor
1017 5268 1296 5337 propalam
1328 5268 1544 5320 Ariante
1576 5265 1844 5319 haereseos
1873 5265 2020 5318 virus

2137 2689 2348 2755 piterni,
2371 2687 2740 2756 speculumque
2757 2688 3160 2740 immaculatum
3187 2689 3378 2743 diuina:
3406 2693 3711 2760 eﬂicientie'.

2136 2790 2185 2833 et
2218 2780 2394 2848 imago
2432 2778 2682 2832 bonitatis
2737 2779 2915 2840 illius;
2973 2778 3215 2849 illudque
3246 2790 3504 2850 praeterea
3563 2782 3712 2837 Pauli

2137 2871 2204 2925 ad
2241 2869 2492 2925 llebrzeos
2527 2888 2562 2934 i,
2596 2871 2629 2923 5
2665 2889 2677 2922 :
2714 2870 2818 2934 Qui
2841 2887 2958 2923 cum
3018 2873 3086 2925 sit
3142 2873 3389 2941 splendor
3428 2874 3611 2943 gloria
3663 2883 3715 2930 et

2136 2965 2308 3034 ﬁgura
2341 2964 2656 3017 substantia?
2683 2967 2795 3033 ejus
2828 2980 2846 3017 :
2877 2965 2986 3030 his,
3035 2966 3288 3036 inquam.
3334 2969 3521 3022 relatis
3555 2969 3715 3022 docet

2136 3055 2404 3112 Eusebius
2455 3069 2616 3126 atque
2667 3059 2917 3111 evincere
2971 3059 3182 3122 nititur,
3235 3060 3599 3114 substantiam
3659 3069 3715 3116 et

2135 3149 2387 3203 deitatem
2408 3148 2525 3203 Filii
2548 3151 2708 3202 aliam
2731 3167 2852 3203 esse
2873 3167 2899 3202 a
2921 3159 3145 3220 paterna
3175 3163 3226 3205 et
3254 3153 3524 3205 diversam
3555 3166 3616 3205 ac
3633 3167 3716 3206 se-

2135 3251 2405 3314 paratam,
2423 3244 2636 3312 ipsique
2663 3245 2834 3296 multo
2860 3244 3191 3298 inferiorem.
3211 3243 3301 3297 Sic
3324 3246 3467 3298 enim
3496 3246 3583 3300 ille
3600 3247 3709 3314 ib):

2139 3353 2158 3385 s
2199 3334 2302 3389 Sed
2335 3351 2362 3388 a
2399 3335 2640 3389 sensibili
2681 3335 2900 3404 quidem
2948 3336 3151 3390 lumine
3184 3336 3440 3406 splendor
3467 3338 3711 3406 separari

2135 3442 2245 3480 non
2284 3437 2460 3496 potest
2498 3447 2509 3480 :
2553 3426 2728 3481 Filius
2783 3446 2898 3482 vero
2951 3445 3186 3482 seorsum
3231 3447 3263 3481 a
3315 3429 3476 3484 Patre
3534 3445 3626 3499 per
3658 3446 3714 3484 se

2134 3519 2302 3585 ipsum
2331 3517 2589 3581 subsistit,
2617 3538 2634 3570 ι
2681 3519 2739 3571 Ὀ
2767 3520 2821 3572 δὲ
2858 3520 2982 3583 Υἱὸς
3019 3520 3160 3582 ἰδίως
3197 3523 3343 3592 παρὰ
3372 3523 3461 3574 τὸν
3496 3523 3714 3595 Πατέρα

2134 3606 2254 3659 καθ’
2286 3607 2474 3659 ἑαυτὸν
2517 3609 2783 3677 ἐφέστηκε
2816 3610 2940 3679 (leg.
2989 3611 3307 3681 ὑφέστηκε).
3358 3611 3433 3664 Ac
3489 3611 3712 3666 luminis

2133 3699 2348 3768 quidem
2379 3702 2636 3770 splendor
2667 3703 2844 3755 locum
2884 3701 3188 3755 efﬁcientia:
3233 3703 3443 3757 obtinet
3483 3723 3494 3756 :
3534 3701 3708 3757 Filius

2133 3805 2307 3846 autem
2341 3793 2488 3845 aliud
2532 3793 2801 3861 quidpiam
2835 3809 2991 3862 quant
3041 3793 3325 3847 secundum
3383 3794 3709 3862 efﬁcientiam

2131 3895 2229 3947 est,
2275 3900 2365 3952 per
2409 3902 2463 3938 se
2497 3887 2668 3952 ipsum
2725 3884 3024 3937 substantia
3080 3887 3354 3952 pra'ditus,
3397 3885 3455 3937 '0
3486 3886 3543 3938 δὲ
3583 3885 3711 3948 Υἱὸς

2063 3957 2314 4043 Βὲτερόν
2366 3993 2416 4029 τι
2467 3976 2606 4028 κατὰ
2659 3977 2938 4050 ἐνέργειαν
2992 3978 3269 4048 τυγχάνει,
3333 3978 3455 4030 καθ’
3519 3976 3710 4030 ἑαυτὸν

2126 4067 2480 4138 οὑσιωμένος.
2525 4067 2764 4122 Rursum
2816 4069 3074 4137 splendor
3125 4069 3285 4121 simul
3328 4084 3452 4121 cum
3506 4069 3710 4122 lumine

2125 4160 2365 4221 exsistit,
2394 4160 2633 4228 illudque
2665 4160 2902 4230 quodam
2932 4157 3092 4212 modo
3121 4160 3391 4228 complet;
3427 4175 3548 4213 nam
3585 4161 3707 4216 sine

2127 4251 2415 4320 splendore
2462 4252 2641 4306 lumen
2685 4267 3026 4321 nequaquam
3071 4253 3402 4318 substiterit,
3434 4253 3710 4323 simulque

2126 4356 2248 4394 cum
2303 4342 2394 4394 illo
2439 4357 2502 4396 ac
2562 4343 2862 4396 secundum
2916 4341 3047 4395 illud
3103 4342 3398 4396 subsistit:
3442 4353 3497 4396 at
3543 4342 3707 4398 Pater

2125 4431 2272 4498 prius
2334 4447 2491 4500 quam
2541 4428 2713 4485 Filius
2753 4433 2983 4496 exsistit,
3035 4441 3082 4485 et
3143 4443 3264 4487 ante
3316 4435 3705 4502 generationem

2123 4523 2236 4592 ejus
2257 4524 2560 4584 exsistebat.
2584 4535 2840 4596 quatenus
2869 4527 3013 4578 solus
3045 4525 3302 4594 ingenitus
3332 4537 3446 4579 erat
3472 4543 3490 4579 :
3521 4544 3540 4578 ι
3559 4526 3618 4578 '0
3647 4525 3704 4578 δὲ

2125 4616 2316 4686 Πατὴρ
2370 4618 2711 4688 προῦπὰρχει
2765 4615 2856 4669 τοῦ
2910 4616 3070 4679 Υἱοῦ,
3108 4617 3201 4668 καὶ
3254 4617 3354 4685 τῆς
3401 4618 3707 4686 γεννήσεως

2123 4708 2285 4760 αὐτοῦ
2307 4701 2786 4780 προῦφέστηκεν,ᾖ
2817 4707 2974 4778 μόνος
3004 4690 3295 4777 ἀγέννητοξ
3323 4704 3411 4778 ἢν,
3441 4728 3458 4760 s
3496 4727 3549 4762 κ.
3575 4725 3624 4762 τ.
3650 4709 3705 4764 λ.

2123 4798 2413 4867 Complura
2457 4815 2584 4852 vero
2617 4799 2885 4867 ejusmodi
2919 4801 3035 4854 loca
3068 4816 3132 4854 eo
3167 4801 3221 4854 in
3250 4817 3412 4870 opere
3453 4803 3704 4859 Arianica

2125 4890 2243 4945 labe
2279 4899 2463 4944 notata
2514 4891 2702 4945 videas
2747 4891 2888 4960 apud
2922 4893 3071 4946 viros
3123 4893 3494 4958 doctissimos,
3530 4894 3698 4949 Mara-

2123 4999 2251 5038 num
2290 4983 2358 5054 (c)
2396 4992 2447 5037 et
2490 4983 2954 5038 Montiauconium
2988 4985 3102 5053 (d);
3130 5002 3360 5055 quorum
3397 4989 3533 5043 alter
3567 5005 3702 5058 prae-

2123 5087 2269 5130 terea
2320 5077 2703 5131 animadvertit
2744 5077 2835 5147 (ε),
2879 5077 3358 5131 Demonstrationis
3395 5081 3702 5150 evangelica:

2125 5168 2472 5237 interpretem
2517 5170 2582 5223 de
2636 5169 2904 5222 industria
2939 5168 3230 5224 Eusebium
3273 5172 3339 5225 ad
3372 5173 3700 5226 catholicam

2125 5262 2450 5314 sententiam
2475 5260 2796 5315 detorsissc.
2829 5258 2934 5314 Sed
2965 5275 3062 5330 pro
3088 5276 3312 5317 munere
3344 5271 3534 5317 nostro
3564 5263 3700 5317 satis

445 5335 694 5414 elTundit.
753 5335 1034 5429 Siquidem
1084 5335 1371 5430 postquam
1404 5358 1469 5411 ad
1513 5355 1790 5412 Christum
1836 5354 2022 5410 retulit
2049 5335 2092 5394 (ἶ
2128 5350 2240 5406 haec
2271 5360 2450 5406 sunto.

445 5518 586 5640 1,(ρέ
612 5514 910 5587 Fabric.in
953 5517 1148 5576 Delect.
1180 5535 1408 5590 argum.,
1441 5532 1600 5590 pagg.
1631 5518 1782 5572 1-92.
1813 5515 2011 5571 Hamb.

479 5627 848 5756 ‘E’useb.
899 5657 1202 5715 Demonstr.
1257 5676 1437 5730 evang.
1491 5660 1586 5714 lib.
1656 5677 1728 5727 iv,
1781 5675 1902 5728 cap.
1962 5659 2016 5720 3,

443 5728 821 5865 Vibidiam
865 5793 1038 5851 Dirin.
1084 5798 1151 5854 ι).
1206 5797 1278 5852 .v.
1319 5801 1374 5854 ι.
1413 5799 1498 5864 c.,
1555 5797 1628 5854 lib
1667 5816 1738 5865 iv,
1774 5814 1875 5864 cap
1926 5798 2016 5860 27,

2131 5515 2158 5586 ς
2191 5516 2244 5574 5,
2282 5525 2334 5570 et
2366 5532 2484 5586 cap.
2518 5517 2610 5574 28.
2642 5537 2670 5585 ε
2699 5515 2754 5577 4,
2788 5529 2942 5585 pagg.
2972 5512 3261 5586 ὅδε-593.
3289 5513 3416 5586 θοι.

2201 5588 2276 5650 (ά)
2304 5580 2489 5641 Mouil’.
2526 5580 2763 5641 Prteliin.
2789 5580 3028 5640 ad'tom.
3063 5580 3321 5639 lCollect.
3358 5583 3480 5641 PP.
3509 5581 3675 5641 Grec.

2129 5673 2284 5727 pagg.
2321 5673 2571 5712 xv-xxlx.

2203 5725 2271 5798 (ε)
2297 5727 2371 5781 ld.
2403 5727 2533 5783 ibid.
2575 5727 2603 5798 ς
2638 5725 2690 5788 5,
2724 5742 2844 5799 pag.
2877 5742 2993 5782 ιιι.
