4106 6508
476 429 545 481 l5
1126 432 1389 489 EUSEBII
1427 433 1905 492 CESARIENSIS
1942 432 2094 495 OPP.
2138 438 2324 494 PARS
2361 439 2428 496 ιι.
2460 470 2527 484 -
2565 441 3069 503 ΑΡοιουιςτιεΑ.
3641 456 3710 511 16

474 547 675 601 tionem
705 547 1072 619 evangelicum
1112 565 1177 603 ex
1212 547 1655 618 praedictionibus
1700 564 1822 619 qua:
1849 564 1879 603 a
1921 550 1999 622 pri

2100 554 2397 612 ,ἀνέκαθεν
2442 557 2571 627 παρ’
2611 557 2881 630 Ἑϐραίοις
2927 562 3300 635 ἀνακειμένων
3355 568 3711 643 προρρήσεων

473 653 559 691 ma
587 637 798 709 origine
824 640 964 709 apud
1008 638 1256 696 Hebraeos
1281 640 1635 711 promulgata:
1665 648 1906 705 exstant,
1941 658 2037 698 ex-

469 745 673 801 ponere
694 731 1047 787 instituimus.
1072 730 1356 797 Quomodo
1384 738 1566 788 autem
1583 740 1639 787 et
1658 748 1765 803 qua
1789 735 2038 791 ratione?

469 828 527 875 ut
565 838 759 893 nempe
784 823 890 879 illis
931 822 1036 878 Deo
1069 824 1428 889 charissimis,
1459 840 1600 895 quos
1620 828 1764 883 nosti
1792 829 2033 884 omnium

465 912 783 968 decantatos
809 914 1053 979 vocibus,
1077 915 1245 978 Mose,
1278 916 1519 987 inquam,
1544 923 1599 973 et
1627 920 1717 989 qui
1741 926 1865 989 post
1890 919 2035 975 hunc

463 1006 924 1076 exsplenduerunt
966 1007 1169 1063 divinis
1201 1008 1485 1080 beatisque
1539 1010 1818 1080 prepbetis
1850 1026 1913 1065 ac
1943 1027 2033 1067 sa-

462 1098 571 1152 cris
619 1099 980 1169 scriptoribus
1024 1100 1260 1157 testibus
1302 1107 1540 1167 utamur,
1590 1111 1751 1173 atque
1803 1104 1871 1158 ab
1925 1104 2031 1158 illis

459 1191 820 1258 praenuntiata
866 1192 1247 1257 ostendamus,
1281 1209 1404 1264 qua
1433 1194 1617 1253 multis
1665 1204 1787 1265 post
1811 1196 2027 1251 demum

458 1283 675 1338 saeculis
702 1283 756 1338 in
786 1284 963 1340 lucem
987 1284 1222 1354 prodita,
1241 1292 1404 1357 atque
1429 1301 1525 1357 per
1540 1284 1840 1343 Saivatoris
1860 1302 2028 1343 evan-

457 1373 685 1443 gelicam
736 1374 1262 1432 demonstrationem
1309 1377 1367 1432 in
1412 1392 1525 1433 rem
1573 1376 1802 1433 deducta
1856 1386 2023 1442 sunt,

456 1482 686 1537 quaeque
720 1468 898 1523 adhuc
941 1472 1191 1540 praesenti
1224 1477 1383 1526 aetate
1406 1470 1462 1524 in
1505 1477 1799 1540 conspectu
1840 1481 2026 1543 nostro

452 1560 836 1633 perﬁciuntur,
878 1563 1035 1635 longe
1068 1563 1218 1635 prius
1249 1564 1318 1619 ab
1352 1561 1567 1627 iisdem,
1601 1562 1786 1619 divino
1817 1560 2025 1634 Spiritu

452 1653 705 1719 doCente,
729 1663 1016 1726 percepta;
1042 1656 1116 1710 ita
1145 1664 1200 1711 ut
1223 1656 1466 1712 absentia
1493 1663 1748 1726 tanquam
1778 1672 2021 1728 praesen-

452 1746 549 1808 tia,
593 1754 648 1802 et
682 1763 803 1817 quae
840 1748 1083 1803 nondum
1125 1763 1355 1818 usquam
1402 1755 1579 1812 erant,
1612 1755 1869 1818 tanquam
1905 1748 2020 1803 evi-

449 1832 645 1889 denter
674 1834 786 1905 jam
816 1836 1131 1891 exsistentia
1154 1837 1530 1903 intuerentur;
1563 1851 1663 1892 nec
1686 1836 1792 1893 hoc
1818 1837 2018 1902 solum,

2138 648 2587 718 παραστήσασθαι
2619 652 2995 722 πειρωμένοις.
3036 654 3160 717 Πῶς
3191 655 3275 727 δὴ,
3307 659 3400 712 καὶ
3428 660 3550 714 τίνα
3581 668 3708 722 τρό-

2137 756 2237 792 πον
2263 742 2387 804 τοὺς
2416 739 2683 810 θεοφιλεῖς
2712 743 2973 809 ἐκείνους,
3018 742 3174 800 οἶσθα
3215 749 3387 821 δήπου
3414 754 3539 817 τοὺς
3572 730 3706 824 βοω-

2137 832 2329 903 μένους
2357 833 2505 904 παρά
2524 836 2635 897 τοῖς
2656 835 2899 907 ἀνδράσι,
2924 839 3059 892 Itin
3070 840 3161 893 σέα
3181 840 3243 913 δή
3274 842 3436 912 λέγω,
3463 847 3556 899 καὶ
3582 849 3707 911 τοὺς

2136 924 2253 992 μετ’
2286 923 2445 977 αὐτδν
2475 923 2856 995 ὲκλάμψαντας
2885 927 3229 999 θεοπρεπεῖς,
3252 934 3345 986 καὶ
3377 937 3502 999 τοὺς
3525 954 3705 1008 μακα-

2135 1012 2282 1084 ρίους
2330 1016 2611 1087 προφήτας
2637 1032 2695 1069 τε
2742 1017 2836 1070 καὶ⁸
2875 1021 3212 1089 ἱεῳφάντας,
3263 1026 3527 1095 μάρτυσιν
3566 1030 3703 1082 ἀπο·

2129 1106 2418 1177 χρώμενοι,
2453 1108 2511 1173 ὲξ
2560 1108 2737 1162 αὐτῶν
2771 1112 2818 1162 τ’
2850 1112 3211 1168 ἐπιδεικνύναι
3240 1122 3610 1190 προῃρημένοι
3633 1123 3703 1177 τά

2133 1204 2362 1290 μακροῖς
2388 1201 2606 1274 ὕστερον
2640 1205 2831 1259 αίῶσιν
2858 1207 2937 1269 εἰς
2970 1208 3083 1276 φῶς
3110 1208 3348 1275 ἐλθόντα,
3373 1215 3465 1266 καὶ
3486 1214 3574 1269 διά
3602 1217 3702 1290 τῆς

2127 1288 2222 1342 τοῦ
2275 1289 2522 1363 Σωτῆρος
2566 1293 2920 1365 εὐαγγελικῆς
2965 1295 3291 1363 ἀποδείξεως
3342 1288 3700 1373 πραγματειέ-

2125 1379 2308 1447 θέντα,
2336 1382 2406 1435 τά
2432 1399 2489 1435 τε
2522 1382 2642 1436 καθ’
2672 1386 2816 1455 ἡμᾶς
2836 1386 3028 1451 αὐτοὺς
3058 1389 3224 1441 εἰσέτι
3245 1390 3337 1443 νῦν
3362 1393 3468 1464 πρὸ
3499 1394 3699 1464 ὀφθαλ-

2128 1469 2245 1539 μῶν
2267 1470 2661 1544 συντελούμενα
2702 1474 2830 1546 θείῳ
2860 1476 3134 1547 Πνεύματι
3167 1482 3591 1554 προειληφότας·
3619 1488 3697 1552 ὡς

2122 1557 2188 1611 ἂν
2211 1559 2451 1630 παρόντα
2472 1561 2542 1616 τά
2565 1562 2638 1633 μή
2666 1563 2925 1635 παρόντα,
2957 1567 3048 1619 καὶ
3071 1569 3138 1622 τὰ
3172 1569 3395 1640 μηδέπω
3429 1574 3694 1646 μηδαμῶς

2118 1650 2268 1716 ὖντα,
2292 1652 2370 1717 ὡς
2393 1656 2636 1727 ὶναργῶς
2660 1657 2789 1711 ὄντα
2814 1665 3263 1729 κατωπτευκότας
3281 1683 3294 1696 ·
3329 1668 3422 1721 καὶ
3449 1670 3509 1722 οὐ
3537 1670 3694 1727 τοῦτο

2122 1742 2303 1812 μόνον,
2335 1745 2469 1800 ἀλλά
2500 1749 2592 1801 καὶ
2619 1751 2729 1813 τοῖς
2776 1753 3068 1821 μετέπειτα
3090 1755 3176 1809 διά
3207 1759 3423 1830 γραφῆς
3461 1761 3530 1814 τά
3558 1762 3659 1833 μέλ

2120 1834 2282 1889 λοντά
2320 1854 2448 1890 ποτε
2476 1838 2694 1893 ἔσεσθαι
2737 1846 3258 1915 προμεμηνυκότας·
3290 1848 3430 1903 ὥστε
3465 1852 3565 1923 ήδη
3597 1851 3692 1908 καὶ

448 1922 547 1980 sed
591 1925 753 1979 etiam
788 1927 1021 1996 posteris
1055 1927 1262 1997 scripto
1299 1942 1423 1999 quae
1458 1928 1589 1982 olim
1620 1938 1807 1987 essent
1830 1927 1999 1983 tutur:

2117 1926 2335 1999 ἑτέρους
2358 1927 2417 1995 ἐξ
2448 1929 2626 1986 αὐτῶν
2666 1932 2864 1987 είδέναι
2897 1952 2955 1988 τε
2983 1938 3075 1990 καὶ
3107 1939 3392 2010 γνωρίζειν
3409 1941 3471 1996 τὸ
3490 1922 3690 2015 μέλλον

446 2016 842 2088 praesignarent
884 2038 895 2073 :
931 2026 991 2073 ut
1017 2019 1130 2090 jam
1172 2019 1264 2075 alii
1303 2034 1519 2091 quoque
1553 2035 1619 2074 ex
1658 2019 1769 2076 illis
1808 2020 2014 2075 scirent

447 2110 630 2167 futura
680 2120 1217 2182 cognoscerentque,
1272 2109 1621 2181 et.quotidie
1663 2112 2010 2167 oraculorum

444 2202 659 2257 illorum
699 2212 923 2258 eventus
966 2210 1021 2258 et
1060 2201 1285 2257 eﬂectus
1319 2201 1784 2272 praestolarentur.
1816 2199 2009 2268 Qualia

442 2308 570 2350 vero
606 2293 971 2349 illa?inﬁnita
1004 2308 1161 2358 sane,
1215 2293 1431 2364 aliaque
1473 2294 1798 2358 omnivaria,
1840 2301 1896 2349 et
1940 2292 2009 2349 de

438 2383 693 2438 omnibus
744 2382 1128 2438 communibus
1180 2383 1384 2453 pariter
1437 2390 1492 2438 et
1546 2382 2005 2453 particularibus,

438 2489 664 2545 qutﬁQue
681 2473 792 2542 jam
820 2472 1067 2543 singulos
1096 2479 1409 2544 spectarent
1429 2473 1700 2538 homines,
1728 2475 1841 2545 iam
1866 2474 2007 2531 inte.

436 2581 562 2635 gras
607 2564 1028 2632 universitates;
1060 2564 1388 2635 proprieque
1427 2564 1495 2619 de
1541 2565 1705 2621 rebus
1754 2564 2011 2621 Hebraeo-

436 2673 581 2722 rum,
611 2664 772 2727 atque
799 2656 1050 2712 similiter
1086 2656 1155 2711 de
1188 2656 1430 2711 externis
1456 2656 1708 2726 gentibus
1733 2673 1749 2723 ;
1780 2664 1839 2711 ut
1870 2664 2003 2713 sunt

435 2749 750 2805 eversiones
793 2749 1033 2812 urbium,
1069 2757 1393 2819 temporum.
1424 2750 1780 2812 mutationes,
1815 2764 1999 2804 rerum

432 2839 860 2907 vicissitudines,
917 2839 1405 2912 adfuturorumque
1454 2841 1720 2896 bonorum
1766 2856 2007 2911 praesen-

432 2936 586 2999 tiam,
618 2943 672 2991 et
734 2936 1010 2991 contraria
1056 2936 1397 2991 immittenda
1446 2936 1611 2999 mala,
1658 2944 1719 2992 ut
1759 2938 2002 3008 gentium

312 3060 323 3069 -
429 3024 849 3095 subjugationes
903 3038 967 3079 ac
1009 3028 1362 3089 servitutem,
1408 3025 1625 3080 urbium
1666 3025 2001 3091 obsidiones,

430 3114 764 3185 integrorum
788 3130 1079 3185 regnorum
1107 3116 1422 3172 eversiones
1446 3116 1530 3171 vel
1551 3117 1999 3182 instaurationes,

427 3214 592 3277 atque
623 3208 729 3263 alia
767 3208 977 3263 inﬁnita
1008 3210 1185 3281 longis
1218 3217 1341 3281 post
1370 3208 1708 3279 temporibus
1733 3215 1997 3263 eventura

428 3299 879 3367 praenuntiavere.
905 3298 1102 3355 Verum
1129 3300 1242 3355 haec
1265 3299 1479 3370 singula
1496 3297 1805 3354 enumerari
1836 3312 1866 3351 a
1894 3312 1993 3352 no-

424 3391 531 3454 l-is,
579 3392 864 3460 praesentis
904 3393 1140 3448 instituti
1178 3395 1317 3446 ratio
1365 3391 1681 3462 neutiquam
1730 3390 1990 3461 postulat.

425 3484 613 3553 Itaque
643 3485 1057 3555 quamplurimis
1094 3485 1308 3540 interim
1342 3485 1395 3538 in
1430 3483 1575 3537 aliud
1612 3493 1825 3553 tempus
1852 3483 1991 3538 dila-

2109 2016 2666 2094 δύνασθαι,όοημέραι
2694 2040 2754 2077 τε
2779 2026 3077 2100 προσδοκᾷν
3097 2030 3201 2084 τῶν
3226 2029 3419 2100 λογίων
3452 2035 3520 2089 τά
3549 2036 3687 2090 ἀπο-

2110 2108 2437 2180 τελέσματα.
2472 2111 2612 2164 Ποῖα
2649 2112 2706 2165 δὲ
2756 2113 2960 2182 ταῦτα;
3013 2118 3179 2189 μυρία
3219 2121 3317 2190 μὲν
3356 2120 3423 2176 ἂν
3449 2123 3559 2194 εἴη,
3592 2125 3687 2179 καὶ

2109 2196 2244 2250 ἄλλα
2295 2200 2525 2253 παντοῖά
2560 2217 2642 2267 τε,
2676 2204 2768 2256 καὶ
2815 2206 2945 2275 περὶ
2989 2206 3226 2274 πάντων,
3260 2210 3453 2265 κοινῶν
3482 2229 3541 2265 τε
3591 2216 3686 2271 καὶ

2107 2287 2216 2341 τῶν
2244 2287 2348 2343 ἀνά
2375 2289 2558 2363 μὲρος,
2591 2292 2711 2346 καθ’
2739 2293 3041 2350 ἕκαστόντε
3072 2297 3259 2371 ἄνδρα,
3293 2302 3386 2355 καὶ
3416 2305 3543 2376 περὶ
3573 2306 3684 2360 τῶν

2107 2381 2363 2435 καθόλου·
2401 2382 2542 2447 ίδίως
2566 2401 2624 2436 τε
2658 2386 2798 2456 ἀμφὶ
2825 2387 2935 2440 τῶν
2962 2386 3081 2442 καθ’
3121 2391 3403 2464 Ἐϐραίους
3425 2397 3682 2469 πραγμάρ

2107 2486 2235 2563 των,
2280 2473 2376 2527 καὶ
2403 2470 2469 2527 αὖ
2503 2476 2661 2531 πάλιν
2706 2479 2832 2549 περὶ
2864 2479 2970 2532 τῶν
3004 2480 3200 2545 ἔξωθεν
3238 2484 3438 2537 ἐθνῶν·
3473 2482 3583 2541 οἷον
3613 2489 3679 2563 δὴ

2108 2561 2314 2615 πόλεων
2338 2563 2676 2630 ἀναστάσεις,
2704 2566 2910 2637 καιρῶν
2935 2584 2992 2621 τε
3021 2569 3275 2638 ἀλλαγὰς,
3306 2574 3400 2626 καὶ
3423 2561 3685 2649 πραγμάιξ

2106 2667 2212 2706 των
2266 2652 2584 2723 μεταϐολάς,
2641 2656 2939 2726 μελλόντων
2979 2676 3036 2711 τε
3082 2662 3301 2729 ἀγαθῶν
3354 2671 3675 2736 παρουσίας,

2107 2741 2201 2795 καὶ
2233 2742 2341 2796 τῶν
2379 2746 2634 2799 ἐναντίων
2667 2747 2951 2818 ἐπιφορὰς,
2986 2749 3453 2823 ἀνδραποδισμοὺς
3483 2754 3675 2819 ἐθνῶν,

2106 2831 2311 2886 πόλεων
2344 2833 2676 2906 πολιορκίας,
2709 2836 2818 2891 τῶν
2839 2838 3061 2891 καθόλου
3093 2838 3374 2909 βασιλείων
3409 2847 3677 2915 μεταστά-

2106 2938 2217 2987 σεις
2246 2940 2305 2977 τε
2356 2926 2447 2978 καὶ
2479 2927 2857 2994 καταστάσεις,
2891 2929 2985 2982 καὶ
3016 2929 3149 2984 ἀλλα
3201 2934 3368 3004 μυρία
3400 2937 3527 3008 περὶ
3566 2936 3675 2991 τῶν

2103 3013 2319 3069 ἔσεσθαι
2347 3020 2571 3089 μακροῖς
2600 3017 2821 3089 ὕστερον
2850 3021 3406 3096 χρόνοιςίμελλόντων,
3434 3030 3674 3101 προεκή-

2102 3121 2315 3177 ρυττον.
2350 3107 2485 3160 Ἀλλ’
2497 3108 2557 3160 οὐ
2572 3108 2894 3181 τούτωνὸγε
2922 3115 3108 3188 παρὼν
3133 3118 3321 3189 καιρὸς
3343 3119 3433 3173 τὸν
3456 3121 3674 3192 ἔλεγχον

2098 3200 2248 3271 ἡμᾶς
2270 3201 2491 3253 ἀπαιτεί
2522 3203 2994 3275 παραστήσασθαι·
3039 3208 3107 3261 τά
3142 3209 3309 3263 πολλὰ
3340 3209 3397 3264 ἃ
3430 3211 3671 3276 εἰσαῦθις

2096 3293 2529 3365 ὑπερθεμένους,
2581 3294 2645 3347 ὲκ
2683 3294 2783 3367 τῆς
2827 3298 2936 3353 τῶν
2987 3302 3512 3374 παρατεθησομένων
3539 3304 3673 3375 ἀλη-

2096 3386 2248 3451 θείας
2290 3385 2471 3456 ήρέμα
2523 3386 2618 3438 καὶ
2661 3387 2768 3440 τῶν
2804 3389 3336 3463 ἀποσεσιωπημένων
3382 3393 3479 3465 τὴν
3531 3395 3669 3451 ἀπό⁴

2092 3476 2256 3541 δειξιν
2286 3472 2637 3528 πιστώσεται.

423 3579 495 3633 tis
521 3617 537 3641 ,
578 3576 737 3633 facile
784 3579 863 3632 vel
907 3594 970 3635 ex
1030 3580 1220 3634 horum
1268 3593 1391 3650 quae
1439 3578 1727 3635 aﬂ'eremus
1763 3578 2011 3641 veritate,
2074 3574 2239 3630 etiam
2280 3570 2497 3625 illorum
2553 3584 2673 3642 qua:
2721 3571 2941 3629 silentio
2973 3575 3351 3645 pmterimus,
3397 3577 3530 3634 ﬁdes
3575 3578 3671 3635 de-

422 3669 836 3724 ttionstrabitut'.

1057 3758 1283 3817 CAPUT
1314 3762 1354 3816 l.

420 3854 678 3919 Quaenam
701 3864 750 3909 et
766 3863 965 3926 quanta
995 3855 1049 3907 in
1070 3853 1225 3907 Itacce
1262 3853 1573 3908 tractatione
1587 3853 1986 3923 promittuntur.

485 3944 617 4011 Quae
653 3944 819 4015 igitur
848 3944 1009 4000 nobis
1051 3945 1107 3998 in
1136 3943 1391 4015 prazsenti
1426 3959 1493 4000 ex
1525 3943 1856 4014 prOpheticis
1891 3957 1987 3997 va-

413 4037 616 4093 ticiniis
649 4036 715 4091 a‘d
767 4037 1132 4107 evangelicam
1179 4036 1696 4091 demonstrationem
1729 4035 1981 4106 persequi

414 4142 445 4180 e
466 4141 526 4182 re
551 4126 821 4190 videatur,
884 4126 1249 4183 cummaxime
1303 4132 1668 4197 opportunum
1704 4131 1789 4181 est
1814 4140 1982 4194 expo-

413 4232 563 4273 nere.
595 4215 897 4272 Edixerunt
932 4216 1187 4270 nimirum
1226 4216 1504 4287 prophetae
1531 4217 1647 4271 fore
1694 4223 1753 4270 ut
1804 4216 1981 4269 nomi-

2631 3759 3024 3815 ΚΕΦΔΛΔΙΟΝ
3062 3762 3141 3816 Δ’.

2174 3847 2310 3901 Τίνα
2337 3846 2435 3902 καὶ
2463 3852 2658 3903 ὁπόσα
2683 3850 3109 3921 ἐπαγγέλλεται
3138 3852 3177 3920 ἡ
3205 3852 3590 3922 summania.

2160 3939 2296 3995 Τίνα
2318 3941 2493 3994 τοίνυν
2516 3944 2645 4014 ἡμῖν
2669 3944 2763 3998 ἐπὶ
2793 3943 2887 3997 τοῦ
2912 3945 3177 4016 παρόντος
3208 3945 3273 3998 ἐκ
3314 3944 3422 3998 τῶν
3451 3963 3663 4018 προφην

2088 4031 2254 4085 τικῶν
2287 4036 2640 4106 προρρήσεων
2666 4038 2746 4101 είς
2774 4037 2870 4109 τὴν
2911 4037 3269 4110 εὐαγγελικὴν
3295 4037 3568 4105 ἀπόδειξιν
3598 4034 3659 4092 εὖ

2086 4123 2151 4178 ἂν
2170 4124 2284 4195 ἔχοι
2314 4126 2602 4190 συντελεῖν,
2634 4127 2823 4197 καιρὸς
2850 4126 2915 4182 ἂν
2941 4128 3027 4199 εἴη
3057 4128 3255 4197 λέγειν.
3281 4128 3513 4199 Χριστὸν
3545 4130 3660 4184 ὀνο-

2090 4216 2254 4285 μαστὶ
2281 4216 2376 4269 καὶ
2422 4216 2555 4269 Θεοῦ
2603 4217 2793 4285 Λόγον,
2820 4217 2980 4270 αὐτόν
3018 4234 3079 4270 τε
3124 4217 3257 4270 Θεὸν
3307 4217 3401 4271 καὶ
3431 4218 3655 4291 Κύριον,

412 4308 583 4362 natim
608 4306 880 4371 Christus,
909 4307 1159 4377 idemque
1184 4304 1419 4361 Verbum
1447 4306 1560 4370 Dei,
1588 4306 1811 4376 ipseque
1836 4304 1980 4361 Deus

2100 4306 2180 4359 ιαί
2204 4322 2328 4359 τινα
2362 4306 2602 4377 μεγάλης
2645 4307 2841 4378 βουλῆς
2879 4308 3106 4377 ἄγγελον
3139 4307 3496 4380 ἐπιδημήσειν
3527 4310 3658 4365 ποτὶ

412 4415 477 4453 ac
520 4397 807 4464 Dominus,
840 4408 894 4455 et
942 4415 1172 4469 magnus
1220 4398 1439 4469 quidam
1475 4397 1716 4469 Angelus
1762 4397 1977 4453 consilii

2100 4396 2163 4459 είς
2210 4394 2527 4467 ἀνθρώπους
2573 4397 2798 4467 εφασαν,
2844 4399 3060 4453 πάντων
3087 4416 3146 4453 τε
3191 4400 3300 4453 τῶν
3342 4400 3444 4453 ἀνά
3477 4403 3657 4454 πᾶσαν

411 4492 554 4546 inter
586 4490 835 4547 homines
852 4499 1167 4547 versaturus
1191 4496 1358 4554 esset,
1393 4491 1645 4544 universo
1673 4489 1811 4552 orbi,
1847 4504 1979 4560 gen-

2100 4488 2181 4561 τὴν
2210 4490 2531 4563 οἰκουμένην
2576 4490 2743 4544 ἐθνῶν
2782 4490 3102 4560 Ἑλληνικῶν
3138 4508 3197 4544 τε
3241 4491 3335 4544 καὶ
3365 4490 3655 4563 βαρϐάρων

410 4585 543 4635 tium
562 4580 869 4636 Grzecarum
886 4581 1088 4651 pariter
1103 4589 1156 4636 et
1173 4582 1524 4636 barbararum
1550 4579 1764 4635 futurus
1782 4578 1979 4634 Doctor

2100 4580 2395 4635 ῑιδάσκαλον
2436 4581 2666 4653 ἀληθοῦς
2693 4582 3038 4652 θεογνωσίας,
3073 4582 3163 4636 καὶ⁸
3193 4583 3293 4654 τῆς
3318 4583 3398 4645 είς
3434 4583 3524 4635 τὸν
3547 4580 3655 4635 τῶν

405 4688 549 4728 verae
588 4673 918 4744 cognitionis
951 4672 1045 4730 Dei
1079 4682 1133 4730 et
1166 4673 1384 4744 pietatis
1417 4674 1472 4727 in
1510 4671 1701 4735 Deum,
1735 4672 1977 4728 universi

2100 4672 2215 4726 ἱλων
2237 4672 2565 4744 δημιουργὸν
2587 4672 2716 4726 Θεὸν
2744 4672 3024 4738 εὐσεϐείας
3049 4672 3505 4744 καταστήσεσθαι,
3542 4666 3655 4745 τὸ

406 4763 678 4833 opiﬁcem,
712 4764 854 4821 sicut
880 4765 1254 4834 evangelicum
1278 4764 1566 4835 proﬁtetur
1594 4764 1925 4833 praeconium
1960 4781 1973 4815 :

407 4854 669 4925 illumque
706 4857 882 4926 ipsum
929 4855 1170 4911 futurum
1201 4872 1451 4926 puerum,
1490 4855 1770 4924 ﬁliumque
1802 4854 1978 4909 homi-

407 4946 492 5001 nis
522 4956 772 5000 vocatum
806 4947 891 5009 iri,
926 4955 983 5002 ut
1012 4947 1103 5017 qui
1134 4962 1306 5017 genus
1332 4946 1399 5001 ab
1428 4944 1740 5000 hominibus
1779 4946 1977 5001 ductu-

404 5051 500 5094 rus
556 5038 647 5103 sit,
699 5038 1122 5109 nasciturusque
1172 5054 1238 5093 ex
1282 5038 1512 5109 virgine,
1557 5052 1697 5091 nova
1738 5035 1973 5107 quadam

403 5135 567 5197 atque
606 5129 865 5185 inusitata
896 5128 1269 5199 generationis
1315 5129 1544 5182 ratione.
1590 5125 1656 5179 Et
1680 5126 1823 5199 quod
1854 5140 1972 5180 ma-

403 5220 548 5275 xime
591 5220 813 5292 dignum
873 5233 956 5278 est
1001 5220 1382 5286 admiratione,
1417 5235 1483 5274 ne
1524 5220 1705 5273 locum
1752 5218 1969 5289 quidem

402 5315 701 5372 nativitatis
733 5318 854 5386 ejus
885 5315 1217 5371 Bethlebem.
1246 5315 1501 5371 omnibus
1532 5315 1829 5370 etiamnum
1865 5314 1970 5368 ho-

400 5406 489 5462 die
526 5406 621 5478 qui
660 5407 727 5462 ad
766 5407 916 5461 illum
953 5403 1307 5476 spectandum
1349 5405 1607 5461 extremis
1632 5404 1699 5457 ab
1722 5413 1877 5459 teme
1910 5400 1970 5455 ﬁ-

401 5496 563 5552 nibus
602 5503 901 5553 accurrunt
946 5497 1315 5561 tlecantatum,
1362 5496 1581 5552 silentio
1628 5495 1967 5550 involventes

400 5592 796 5660 praeterierunt,
830 5589 924 5646 sed
954 5597 1007 5646 et
1039 5592 1183 5646 hunc
1200 5590 1366 5645 claris
1382 5588 1564 5644 verbis
1592 5588 1965 5659 proclamave-

397 5688 523 5733 ruut
558 5700 571 5735 :
617 5681 761 5735 sicut
788 5680 948 5734 etiam
982 5687 1195 5749 tempus
1229 5677 1492 5735 adventus
1523 5685 1578 5732 et
1608 5675 1965 5747 apparitionis

396 5773 535 5841 ejus,
576 5787 686 5843 quo
721 5771 944 5841 prmeise
975 5772 1066 5825 ille
1101 5771 1243 5824 inter
1269 5769 1520 5824 homines
1563 5774 1817 5822 versatus
1854 5776 1961 5834 est,

398 5862 557 5917 tidem
589 5862 754 5919 veluti
786 5864 949 5919 rebus
981 5869 1367 5925 prmvertentcs
1401 5858 1586 5917 divino
1614 5848 1709 5914 ore
1744 5860 1961 5914 nuntia-

2078 4761 2428 4830 εὐαγγελικὸν
2455 4761 2694 4832 περιέχει
2715 4761 2973 4832 κήρυγμα
2990 4779 3003 4791 ·
3031 4761 3123 4814 καὶ⁸
3142 4760 3328 4814 τοῦτον
3352 4761 3511 4813 αὑτὸν
3535 4779 3655 4814 παι-

2075 4852 2186 4906 δίον
2214 4852 2451 4916 ἐσεσθαι,
2477 4854 2569 4906 καὶ
2603 4852 2716 4905 υἱὸν
2757 4852 3043 4924 ἀνθρώπου
3084 4850 3470 4923 κληθήσεσθαι,
3498 4854 3650 4921 γένος

2074 4960 2133 4997 τε
2160 4944 2281 4998 ὅθεν
2310 4944 2561 5011 κατάξει·
2595 4946 2687 4998 καί
2721 4960 2843 4997 τινα
2889 4942 3037 5008 ξένον
3061 4946 3126 4997 ὲκ
3155 4942 3425 5014 παρθένου
3451 4946 3651 5015 τρόπον

2074 5034 2239 5087 αὐτοῦ
2267 5034 2366 5105 τῆς
2404 5033 2707 5099 ἀποτέξεως
2726 5052 2738 5065 ·
2777 5034 2871 5088 καὶ
2898 5035 2959 5088 τό
2985 5051 3047 5102 γε
3090 5033 3539 5105 παραδοξότατον,
3570 5036 3648 5087 ὅτι

2076 5126 2151 5199 μή
2186 5130 2315 5180 πᾶσι
2370 5131 2481 5191 τοῖς
2513 5130 2576 5181 ὲκ
2620 5128 2872 5199 περάτων
2914 5128 3017 5198 γῆς
3062 5127 3227 5180 εἰσέτι
3271 5131 3508 5200 σήμερον
3557 5126 3649 5180 ἐπὶ

2072 5219 2201 5271 θέαν
2235 5219 2522 5272 σπεύδουσι
2565 5219 2856 5290 βοιῦμενον,
2889 5218 2989 5288 τῆς
3019 5220 3076 5271 ὲν
3109 5218 3353 5290 Βηθλεὲμ
3381 5217 3648 5287 γενέσεως

2070 5307 2235 5362 αὑτοῦ
2292 5310 2511 5381 χωρίον,
2560 5312 2738 5380 σιωπῇ
2799 5307 2977 5372 δόντες
3030 5308 3326 5381 παρῆλθον,
3361 5307 3497 5362 ἀλλά
3552 5306 3647 5361 καὶ⁵

2068 5400 2225 5454 τοῦτο
2274 5401 2485 5464 λευκοῖς
2525 5401 2783 5472 ὀνόμασιν
2834 5399 3160 5471 ἐξεϐόησαν·
3192 5401 3383 5471 ῶσπερ
3409 5395 3503 5453 οὖν
3551 5397 3646 5454 καὶ

2067 5494 2193 5554 τοὺς
2218 5493 2441 5566 χρόνους
2459 5492 2560 5564 τῆς
2587 5494 2903 5563 ἐπιφανείας
2924 5494 3109 5558 αὑτοῦ,
3135 5492 3256 5547 καθ’
3282 5491 3377 5556 οὓς
3402 5491 3645 5563 ἀκριϐῶς

2067 5581 2218 5648 οὗτος
2252 5587 2510 5657 ἐπεδήμει
2552 5585 2631 5656 τῷ
2687 5586 2804 5658 βίῳ,
2838 5587 3027 5659 ὥσπερ
3061 5587 3364 5657 φθάσαντες
3391 5585 3441 5639 οι
3490 5586 3645 5640 αὐτοὶ

2065 5678 2153 5732 διὰ
2173 5677 2281 5731 τῶν
2306 5678 2644 5750 πραγμάτων
2664 5679 2976 5737 ὲθέσπισαν.
3008 5680 3247 5749 Πάρεστι
3278 5677 3336 5730 δέ
3366 5693 3468 5741 σοι,
3507 5676 3642 5748 μετά

2065 5772 2253 5842 χεῖρας
2298 5769 2615 5824 ἀναλαϐόντι
2646 5772 2745 5840 τὴν
2782 5771 3036 5833 σπουδὴν,
3066 5773 3124 5824 ὲν
3173 5769 3468 5841 ὀφθαλμοῖς
3517 5767 3642 5821 ιδεϊν

2064 5863 2122 5914 ὲν
2141 5864 2261 5924 ταῖς
2294 5860 2647 5932 δηλουμέναις
2686 5864 3052 5931 προφητικαϊς
3090 5861 3421 5929 προρρήσεσι
3461 5857 3640 5920 πάσας
