4106 6452
387 406 449 460 l7
1289 392 1939 453 DEMONSTRATIONIS
1977 389 2434 450 EV‘ANGEUCE
2463 388 2592 445 LIB.
2633 386 2675 445 Ι.
3551 386 3622 442 18

382 518 516 591 ὁμσῦ
548 515 939 589 περιεχομένας
963 514 1059 578 τάς
1086 512 1190 567 ὑπὸ
1216 510 1324 566 τῶν
1351 466 1652 565 θεσπεσίων
1676 507 1955 578 εὐαγγελι-

2057 521 2199 561 vere.
2231 504 2437 561 Licebit
2459 504 2620 559 etiam
2650 499 2746 556 tibi
2779 498 3021 556 studiose
3041 498 3351 556 admoventi
3374 514 3616 571 cperam,

387 610 528 664 στῶν
581 605 1025 681 μαρτυρουμένας
1068 602 1232 658 αὐτοῦ
1277 601 1341 673 δὴ
1390 600 1484 655 τοῦ
1524 601 1771 671 Σωτῆρος
1801 597 1956 670 ἡμῶν

399 699 573 774 Ἰησοῦ
598 698 690 752 τοῦ
722 695 955 768 Χριστοῦ
1008 693 1340 767 παραδόξους
1372 692 1830 763 θαυματουργίας,
1865 690 1957 742 καὶ

387 793 485 856 τὰς
510 789 723 852 ἐνθέους
751 786 915 841 αὑτοῦ
945 786 1039 839 καὶ
1067 784 1405 856 παναρέτους
1444 784 1569 853 περ).
1600 781 1697 852 τῆς
1724 777 1957 851 ἀληθοῦς

388 876 665 938 εὐσεϐείας
693 872 1055 934 διδασκαλίας.
1086 872 1195 924 Καὶ
1217 870 1268 924 τί
1299 869 1378 923 δεῖ
1397 866 1716 938 θαυμάζειν,
1746 866 1834 919 ὅτε
1865 866 1958 918 καὶ

385 964 475 1018 τὸν
519 965 639 1018 νέον
671 963 769 1033 τῆς
808 960 1087 1024 εὐσεϐείας
1118 960 1337 1030 τρόπον,
1376 958 1466 1011 τὸν
1501 955 1577 1028 (ἰ)
1618 955 1754 1027 πρὸς
1791 953 1954 1008 αὐτοῦ

387 1057 553 1108 πᾶσιν
590 1052 893 1125 ἀνθρώποις
934 1050 1389 1121 κατηγγελμένον,
1420 1047 1716 1119 διαρρήδην
1755 1048 1959 1118 ἀνακη-

391 1143 658 1217 ρύττουσι,
683 1143 870 1214 κλῆσίν
898 1158 957 1194 τε
982 1138 1234 1211 μαθητῶν
1267 1137 1449 1201 αὐτοῦ,
1480 1139 1572 1192 καὶ
1603 1136 1807 1207 Καινῆς
1832 1137 1960 1189 Δια-

385 1235 559 1307 θήκης
574 1233 944 1297 διόασκαλίαν;
967 1231 1073 1284 Ναὶ
1099 1230 1202 1301 μὴν
1224 1228 1315 1282 ἐπὶ
1342 1227 1547 1290 τούτοις
1575 1226 1668 1283 καί
1696 1227 1794 1289 τὰς
1829 1227 1959 1278 Ἰου-

385 1327 548 1381 δαίων
589 1328 669 1389 εἰς
700 1324 860 1379 αὑτὸν
901 1322 1155 1386 ἀπιστίας
1188 1323 1281 1375 καὶ
1307 1318 1642 1387 ἀντιλογίας,
1683 1316 1957 1387 ἀρχόντων

383 1436 444 1472 τε
478 1416 890 1479 ἐπαναστάσεις,
917 1414 1248 1468 διδασκάλων
1276 1412 1520 1481 φθόνους,
1565 1409 1682 1472 ἐνὸς
1716 1406 1955 1479 μαθητοῦ

386 1508 698 1581 προδοσίαν,
717 1505 924 1578 ἐχθρῶν
942 1504 1210 1568 διαϐολὰς,
1235 1502 1583 1573 συκοφαντῶν
1602 1499 1955 1571 κατηγορίας,

385 1600 650 1654 δικαστῶν
705 1598 1078 1669 κατακρίσεις,
1133 1596 1318 1668 ὕϐρεις
1370 1594 1633 1665 ἀτίμους,
1690 1593 1958 1665 μάστιγας

386 1693 668 1757 ἐκτόπους,
691 1691 1002 1762 δυσφήμους
1034 1689 1315 1761 λοιδορίας,
1346 1686 1439 1740 ἐπὶ
1466 1687 1598 1739 πᾶσι
1624 1684 1715 1738 τὸν
1747 1681 1958 1737 ἐπονεί-

386 1782 561 1836 διστον
595 1782 819 1837 θάνατον
839 1798 854 1812 ·
883 1779 1043 1836 αὑτοῦ
1069 1797 1128 1833 τε
1157 1781 1248 1833 ἐπὶ
1273 1777 1482 1840 τούτοις
1516 1776 1726 1847 σιωπήν
1752 1773 1960 1845 θαυμά-

2058 595 2243 651 videre
2273 595 2339 649 ad
2379 593 2598 649 oculum
2632 592 2687 645 in
2734 590 3066 658 propheticis
3093 606 3214 660 qua:
3240 590 3466 661 prodita:
3493 600 3620 646 sunt

2058 685 2519 758 praedictionibus,
2549 686 2805 738 universa
2827 682 2988 738 simul
3011 681 3394 742 comprehendi
3420 687 3616 738 testata

2057 777 2257 833 divinis
2315 775 2663 847 evangelistis
2707 774 2879 845 ipsius
2921 772 3218 830 Salvatoris
3260 773 3439 828 nostri
3488 771 3616 829 Jesu

2056 866 2260 922 Christi
2290 865 2551 935 stupenda
2581 864 2861 926 miracula.
2896 864 3217 934 divinasque
3254 865 3373 933 ejus
3414 870 3468 919 et
3508 864 3620 933 ple-

2056 972 2158 1014 nas
2202 957 2382 1013 omnis
2432 957 2648 1012 virtutis
2705 956 2773 1011 de
2825 971 2952 1011 vera
3000 959 3198 1026 pietate
3227 954 3524 1012 doctrinas.
3552 954 3621 1009 Et

2056 1048 2187 1120 quid
2224 1047 2426 1101 mirum
2457 1047 2583 1109 hoc,
2622 1059 2747 1099 cum
2787 1052 2837 1099 et
2870 1059 3063 1099 novam
3112 1046 3375 1100 rationem
3402 1046 3618 1116 pietatis

2057 1139 2310 1198 omnibus
2350 1137 2663 1192 hominibus
2703 1135 2772 1191 ab
2800 1150 2867 1191 eo
2898 1135 3380 1190 commendandam
3411 1139 3622 1208 ρει-θρίω

2058 1246 2159 1287 cue
2200 1228 2528 1300 praedicent,
2558 1227 3008 1296 vocationemque
3058 1225 3449 1296 discipulorum
3498 1227 3618 1295 ejus

2058 1336 2123 1376 ac
2167 1319 2303 1376 Novi
2354 1318 2660 1373 doctrinam
2708 1317 3066 1372 Testamenti.
3109 1316 3219 1371 Nec
3261 1318 3441 1374 minus
3471 1327 3619 1375 certe

2057 1422 2317 1484 praeterea
2339 1409 2647 1467 Judaaorum
2672 1409 2724 1463 in
2750 1409 2925 1480 ipsum
2960 1408 3387 1465 incredulitatem
3411 1417 3466 1465 et
3490 1425 3620 1464 con-

2059 1503 2433 1565 tradictiones,
2481 1500 2786 1572 principum
2840 1501 3289 1566 insurrectiones,
3332 1500 3615 1556 doctorum

2057 1593 2338 1657 invidiam,
2366 1592 2529 1646 unius
2574 1590 2827 1659 discipuli
2874 1590 3267 1662 proditionem,
3321 1591 3621 1647 calumnias

2059 1683 2339 1751 hostium,
2392 1682 2850 1763 sycophantarum
2903 1682 3317 1747 accusationes,
3376 1681 3621 1752 judicum

2060 1775 2562 1842 condemnationes,
2594 1783 2781 1844 turpes
2811 1773 3158 1846 ignominias,
3182 1773 3389 1845 ﬂagella
3412 1775 3623 1845 gravis-

389 1888 524 1939 σιον,
556 1872 838 1945 πραότητά
865 1889 925 1925 τε
953 1872 1047 1925 καὶ
1083 1870 1398 1943 καρτερίαν,
1425 1866 1700 1939 ἀμήχανόν
1735 1883 1793 1918 τε
1826 1867 1958 1935 ὅσην

2064 1867 2222 1933 sima,
2254 1865 2475 1921 infamia
2507 1866 2729 1935 probra,
2757 1872 2812 1920 et
2833 1880 2997 1935 super
3023 1864 3277 1921 omnibus
3300 1865 3449 1921 hisce
3476 1879 3624 1920 mor-

386 1965 660 2037 ὑπομονὴν
686 1967 779 2019 καὶ
796 1964 1163 2030 ἀνεξικακίαν.
1198 1962 1381 2016 Ταῦτα
1409 1961 1467 2015 δὲ
1495 1960 1669 2014 πάντα
1701 1959 1958 2027 ἄντικρυς

388 2060 534 2132 περὶο
558 2057 677 2121 ἐνὸς
704 2060 761 2110 ἐν
790 2056 1039 2119 ὑπάτοις
1070 2054 1199 2107 ποτὲ
1227 2053 1439 2125 χρόνοις
1468 2050 1704 2122 ἥξοντος,
1742 2050 1837 2101 καί⁹
1856 2063 1959 2099 τοι-

387 2146 524 2201 αῦτα
552 2148 610 2200 ἐν
634 2145 937 2218 ἀνθρώποις
956 2144 1295 2215 πεισομένου,
1326 2132 1510 2211 σαςέῶς
1529 2142 1596 2195 δι’
1618 2133 1692 2194 ὧν
1715 2137 1961 2210 προειλή-

387 2256 540 2309 (pact,
570 2237 638 2292 τὰ
666 2237 969 2292 παλαίτατα
1001 2235 1263 2307 Ἐϐραίων
1313 2233 1606 2304 παρίστησι
1633 2230 1808 2299 λόγια,
1838 2229 1958 2281 ἐπι-

390 2328 809 2401 μαρτυρούμενα
839 2328 937 2399 τὴν
964 2325 1100 2397 μετά
1131 2324 1357 2379 θάνατον
1389 2325 1453 2374 ἐκ
1476 2319 1686 2392 νεκρῶν
1718 2318 1955 2373 ἀναϐίω-

389 2437 473 2475 σιν
502 2420 596 2473 τοῦ
643 2418 994 2489 δηλουμένου,
1018 2414 1114 2486 τὴν
1159 2417 1272 2486 τοῖς
1299 2412 1464 2467 αὑτοῦ
1502 2411 1767 2483 μαθηταῖς
1796 2409 1959 2479 φανέ-

390 2527 577 2581 ρωσιν,
594 2508 690 2579 τὴν
711 2508 805 2561 τοῦ
834 2507 978 2560 θείου
997 2505 1309 2575 Πνεύματος
1331 2506 1410 2568 εἰς
1431 2503 1625 2566 αὐτοὺς
1653 2500 1954 2572 μετάδοσιν·

386 2597 486 2668 τὴν
507 2599 587 2661 εἰς
618 2596 879 2667 οὐρανοὺς
907 2595 1090 2650 ἄνοδον
1126 2592 1310 2657 αὐτοῦ,
1343 2594 1440 2664 τὴν
1476 2591 1685 2664 Πατρός
1711 2589 1957 2661 ἐνθρονον

390 2686 665 2758 βασιλείας
699 2686 924 2756 ἵδρυσιν,
955 2685 1052 2756 τὴν
1082 2686 1175 2737 ἐπὶ
1209 2680 1481 2754 συντελείᾳ
1506 2679 1599 2733 τοῦ
1635 2679 1749 2749 βίου
1778 2677 1959 2732 δευτέ-

388 2794 489 2850 ραν
519 2774 675 2842 αὖθις
732 2776 994 2849 ἐσομένην
1020 2773 1226 2840 ἔνδοξον
1270 2774 1436 2827 αὐτοῦ
1477 2772 1797 2845 παρουσίαν.
1833 2769 1957 2823 Ἐπὶ

386 2870 520 2924 πᾶσι
537 2868 745 2932 τούτοις
765 2869 992 2940 θρήνους
1020 2867 1224 2937 ἀκούσῃ
1244 2866 1338 2919 καὶ
1368 2864 1706 2938 ὀλοφυρμοὺς
1728 2862 1956 2917 ἑκάστου

384 2960 492 3015 τῶν
527 2960 818 3032 προφητῶν
849 2959 1117 3030 διαφόρως
1141 2956 1556 3030 ὀλοφυρομένου,
1581 2957 1673 3011 καὶ
1695 2956 1956 3011 ἀποκλαι-

385 3053 604 3125 ομένου,
649 3055 749 3107 ὅσα
796 3053 857 3105 τὸ
901 3051 1166 3106 Ἰουδαίων
1194 3049 1343 3113 έθνος
1374 3049 1471 3121 τῆς
1505 3050 1585 3114 εἰς
1627 3048 1718 3102 τὸν
1752 3066 1958 3121 προκη-

388 3144 652 3219 ρυχθέντα
670 3143 984 3206 δυσσεϐείας
1008 3142 1170 3198 ἕνεκα
1197 3140 1607 3213 μετελεύσεσθαι
1636 3140 1781 3193 κακά
1801 3138 1959 3211 ἐμελ-
1982 3178 2025 3235 C

384 3235 496 3299 λεν,
524 3236 601 3300 ὡς
628 3237 689 3289 τὸ
737 3234 1003 3306 βασίλειον
1029 3232 1227 3295 αὐτῶν,
1263 3232 1466 3287 ἄνωθεν
1495 3232 1559 3284 ὲκ
1602 3230 1851 3304 πατέρων
1878 3232 1957 3294 εἰς

385 3323 626 3386 ἐκείνους
649 3322 941 3395 διαρκέσαν
964 3323 1090 3385 τοὺς
1114 3321 1354 3393 καιροὺς,
1390 3320 1621 3392 παντελῆ
1646 3321 1959 3394 καθαίρεσιν

389 3412 526 3485 μετά
557 3412 656 3483 τὴν
679 3415 818 3467 κατὰ
844 3412 1079 3484 Χριστοῦ
1111 3411 1310 3483 τόλμαν
1344 3410 1520 3466 αὐτῶν
1545 3412 1843 3482 ὑπομενεῖ*
1883 3412 1961 3474 ὡς

386 3504 435 3556 οἰ
462 3502 678 3575 πάτριοι
711 3502 889 3557 αὐτῶν
926 3503 1080 3572 νόμοι
1120 3500 1601 3571 καταλυθήσονται,
1628 3501 1704 3565 ὡς
1734 3502 1835 3572 τῆς
1864 3519 1973 3555 πα-.

386 3594 545 3658 λαιᾶς
573 3594 868 3667 θρησκείας
921 3595 1098 3648 αὐτῶν
1129 3594 1609 3665 ἀποστερήσονται,
1654 3594 1729 3657 ὡς
1757 3595 1853 3664 τῆς
1894 3595 1959 3648 ἐκ

387 3685 665 3756 προγόνων
708 3684 1032 3756 αὐτονομίας
1065 3683 1451 3737 ἐκπεσοῦνται·
1487 3683 1563 3747 ὼς
1604 3683 1717 3736 ἀντ’
1746 3682 1960 3736 ἐλευθέ-

389 3792 497 3847 ρων
515 3774 690 3829 δοῦλοι
707 3775 816 3829 τῶν
838 3775 1047 3847 ἐχθρῶν
1075 3775 1528 3845 καταστήσονται,
1549 3773 1677 3844 ὠςή
1708 3773 1957 3843 βασιλικὴ

390 3862 721 3934 μητρόπολις
741 3864 919 3917 αὐτῶν
930 3864 1296 3935 πυρίκαυστος
1315 3864 1622 3934 γενήσεται,
1652 3862 1729 3926 ὡς
1750 3863 1812 3915 τὸ
1829 3880 1887 3915 σε
1895 3881 1961 3933 μ-

388 3954 478 4009 νὺν
505 3953 684 4008 αὐτῶν
712 3955 807 4031 καὶ
856 3956 1019 4024 ἁγνὸν
1060 3954 1201 4026 ἱερὸν
1228 3953 1552 4026 ἐμπρησμὸν
1580 3955 1675 4008 καὶ
1725 3953 1971 4025 ἐσχάτην

388 4045 625 4118 ἐρημίαν
673 4048 932 4118 ὑπομενεί
955 4063 969 4078 ·
1013 4047 1089 4110 ὠς
1118 4046 1241 4100 ἀντὶ
1291 4045 1399 4099 τῶν
1437 4045 1603 4099 πάλαι
1662 4047 1958 4118 οἰκητόρων

388 4136 495 4191 ὑπὸ
524 4137 807 4208 ὁμοφύλων
838 4137 934 4210 (1')
968 4138 1137 4193 ἐθνῶν
1163 4142 1196 4212 ή
1225 4140 1377 4205 πόλις
1414 4138 1590 4194 αὐτῶν
1615 4138 1977 4211 κατοικισθή-..

391 4244 559 4293 σεται,
593 4230 670 4294 ὠς
696 4232 777 4295 εἰς
831 4231 1008 4285 πάντα
1039 4231 1106 4286 τὰ
1147 4232 1274 4303 ἔθνη
1316 4232 1441 4287 καθ’
1472 4233 1599 4304 ὅλης
1637 4231 1960 4304 οἰκουμένης

387 4319 867 4393 διασπαρήσονται,
894 4323 970 4386 ὡς
995 4323 1177 4378 οὐκέτ’
1205 4325 1388 4388 αὐτοῖς
1414 4324 1447 4396 ή
1478 4323 1586 4377 τῶν
1615 4321 1966 4383 κακῶνγπαῦ-ι

387 4410 474 4476 λα,
499 4412 621 4466 οὐδέ
643 4430 727 4477 τις
759 4414 1046 4477 ἀνάνευσις
1066 4414 1175 4467 τῶν
1210 4414 1503 4487 συμφορῶν
1536 4413 1955 4485 ἐλπισθήσεταισο

2057 1967 2164 2014 tem
2220 1956 2690 2012 contumeliosam.
2724 1955 2901 2026 Ipsius
2959 1956 3027 2011 ad
3074 1956 3189 2012 haec
3243 1955 3622 2011 admirandum

2056 2048 2352 2112 silentium,
2385 2048 2664 2102 leuitatem
2704 2052 2759 2101 et
2807 2045 3192 2110 constantiam,
3224 2045 3626 2102 incredibilem-

2056 2156 2162 2210 que
2195 2146 2453 2209 quantam
2486 2138 2800 2208 patientiam
2846 2139 3220 2209 malorumque
3253 2138 3621 2195 tolerantiam.

2059 2230 2182 2285 Haec
2208 2230 2392 2285 omnia
2429 2230 2632 2285 diserte
2675 2230 2741 2285 de
2789 2246 2900 2285 uno
2946 2230 3182 2300 quodam
3232 2231 3286 2285 in
3332 2230 3624 2300 postremis

2057 2323 2186 2376 olim
2216 2331 2446 2380 venturo
2490 2323 2828 2395 temporibus
2857 2330 3019 2392 atque
3050 2322 3192 2378 inter
3222 2323 3471 2379 homines
3494 2324 3623 2378 talia

2056 2416 2401 2471 exantlaturo
2435 2416 2719 2485 perspicue
2745 2414 3129 2485 praenuntiant,
3159 2413 3489 2483 traduntque
3523 2430 3625 2469 an-

2059 2506 2363 2576 tiquissima
2396 2505 2743 2561 Hebraeorum
2770 2507 3023 2572 oracula;
3055 2505 3324 2575 simulque
3358 2514 3626 2573 testantur

2056 2597 2304 2651 eumdem
2334 2603 2459 2667 post
2489 2602 2717 2651 mortem
2747 2596 2941 2649 iterum
2973 2610 3320 2651 reversurum
3349 2596 3405 2651 in
3432 2598 3622 2664 vitam,

2056 2686 2340 2757 discipulis
2370 2687 2485 2742 suis
2532 2686 2928 2758 appariturum,
2974 2686 3327 2758 divinumque
3362 2685 3624 2757 Spiritum

2056 2778 2112 2831 in
2144 2778 2267 2832 illos
2316 2779 2669 2834 emissurum.
2702 2776 2956 2833 Reditum
3002 2778 3130 2834 item
3159 2780 3280 2850 ejus
3322 2793 3625 2835 memorant

2057 2868 2113 2922 in
2139 2867 2329 2934 caelos,
2374 2865 2692 2937 firmamque
2716 2868 2770 2922 in
2799 2867 3001 2922 throno
3035 2868 3185 2939 regni
3208 2866 3388 2924 Patris
3412 2868 3619 2932 sedem,

2056 2957 2295 3028 atquein
2329 2957 2798 3014 consummatione
2829 2957 3012 3014 saeculi
3041 2957 3282 3012 futurum
3318 2957 3513 3012 iterum
3544 2958 3623 3010 al-

2056 3056 2233 3103 terum
2281 3047 2401 3118 ejus
2456 3049 2746 3104 adventum
2801 3048 3119 3120 gloriosum.
3160 3047 3337 3119 Super
3374 3050 3624 3105 omnibus

2058 3138 2211 3194 hisce
2255 3138 2478 3195 threnos
2516 3138 2786 3210 percipies
2815 3150 2976 3213 atque
3013 3138 3251 3210 ejulatus
3284 3139 3623 3211 singulorum

2059 3230 2444 3302 prophetarum
2472 3229 2825 3285 multifariam
2845 3231 3222 3300 quiritantium
3255 3238 3417 3302 atque
3440 3232 3626 3302 deplo-

2058 3323 2294 3379 rantium
2340 3330 2545 3393 quanta
2584 3324 2786 3393 populo
2828 3321 3058 3379 Judaico
3100 3324 3173 3379 ob
3199 3324 3528 3395 impietatem
3567 3324 3627 3381 in

2059 3417 2205 3473 hunc
2237 3423 2505 3488 patratam
2535 3416 2855 3475 sustinenda
2903 3425 3087 3473 essent
3135 3418 3277 3472 mala
3309 3437 3324 3473 :
3355 3417 3501 3489 quod
3540 3432 3625 3474 re-

2057 3522 2221 3587 gnum
2260 3509 2503 3577 ipsorum
2537 3524 2567 3562 a
2595 3517 2808 3579 patrum
2839 3510 3175 3580 temporibus
3200 3525 3374 3580 usque
3399 3509 3465 3563 ad
3495 3510 3622 3565 illo-

2059 3614 2179 3652 rum
2214 3607 2429 3655 aatatem
2476 3599 2872 3666 continuatum,
2902 3599 3149 3657 funditus
3186 3607 3334 3655 esset
3374 3607 3625 3657 everten-

2059 3688 2188 3745 dum
2232 3698 2355 3759 post
2383 3704 2445 3745 ea
2469 3704 2589 3760 quae
2619 3690 2673 3744 in
2702 3688 2980 3747 Christum
3007 3691 3125 3746 ausi
3168 3690 3400 3748 fuissent
3440 3690 3624 3761 :quod

2060 3779 2248 3852 patriae
2277 3779 2519 3847 ipsorum
2555 3780 2701 3849 leges
2725 3778 3105 3845 dissolvendae,
3140 3780 3284 3853 quod
3330 3779 3436 3849 ipsi
3456 3779 3625 3837 veteri

2058 3866 2209 3921 cultu
2257 3881 2357 3921 suo
2409 3866 2661 3937 religioso
2692 3865 2960 3935 privandi,
2992 3872 3157 3936 atque
3200 3865 3452 3922 libertate
3480 3867 3624 3921 avita

2058 3956 2312 4023 exuendi,
2338 3956 2481 4027 quod
2518 3973 2616 4028 pro
2646 3955 2834 4011 liberis
2873 3955 3016 4013 servi
3057 3955 3296 4010 hostium
3331 3955 3500 4011 futuri
3536 3972 3624 4011 es-

2059 4056 2234 4105 sent:
2294 4048 2439 4120 quod
2498 4048 2645 4119 regia
2696 4049 2939 4118 ipsorum
2997 4047 3313 4117 metropolis
3362 4045 3622 4102 tradenda

2058 4138 2313 4207 ﬂammis,
2337 4150 2391 4195 et
2424 4139 2739 4211 religiosum
2772 4138 2985 4192 illorum
3007 4146 3061 4195 et
3084 4146 3335 4194 sanctum
3364 4138 3625 4208 templum

2059 4230 2518 4305 conﬂagraturum
2573 4239 2734 4302 atque
2777 4238 3078 4291 extremam
3118 4237 3470 4305 experturum
3501 4231 3627 4286 solio

2058 4323 2300 4379 tudinem
2330 4341 2343 4378 :
2379 4322 2526 4396 quod
2563 4339 2661 4394 pro
2708 4323 2868 4378 avitis
2897 4323 3092 4379 incolis
3122 4324 3255 4379 urbs
3282 4338 3473 4379 eorum
3494 4323 3627 4379 alie-

2057 4413 2146 4470 nis
2193 4413 2546 4469 inbabitanda
2580 4413 2919 4481 nationibus,
2943 4414 3089 4484 quod
3118 4414 3176 4471 iu
3220 4428 3411 4474 omnes
3437 4423 3627 4487 gentes

389 4502 426 4558 ἃ
463 4504 559 4560 καὶ
589 4505 793 4577 τυφλῷ,
827 4507 981 4577 φασὶ,
1011 4506 1164 4577 δῆλα,
1191 4507 1357 4560 εἰσέτι
1402 4507 1496 4562 νῦν
1524 4505 1623 4577 τὴν
1652 4505 1760 4559 τῶν
1784 4506 1959 4576 λόγων

2063 4520 2159 4577 per
2185 4512 2361 4561 totum
2391 4505 2578 4560 orbem
2602 4506 3273 4581 terrarumdispergendi,
3291 4506 3437 4576 quod
3475 4506 3623 4560 nulla

388 4597 507 4666 δψιν
555 4599 734 4661 αὐτοῖς
782 4597 963 4670 ἔργοις
1018 4598 1367 4664 ἐνδείκνυται,
1419 4598 1484 4651 ἐκ
1521 4596 1753 4675 πρώτης,
1788 4597 1958 4673 αὐτῆς

388 4688 618 4761 ἡμέρας,
672 4687 734 4754 ἐξ
768 4684 834 4760 ἦς
873 4689 1091 4753 ἀθέους·
1115 4691 1316 4762 ήραντο
1372 4687 1513 4743 κατὰ
1564 4687 1799 4760 Χριστοῦ
1844 4691 1957 4758 χεῖ-

393 4793 508 4847 ρας,
540 4780 638 4851 τὴν
660 4779 769 4834 τῶν
800 4780 985 4835 κακῶν
1014 4780 1186 4853 ἀρχὴν
1214 4784 1291 4844 εἰς
1321 4781 1546 4844 ἑαυτοὺς
1564 4778 1951 4850 ἐπισπώμενοι.

391 4868 505 4921 Οὐκ
538 4864 606 4939 ἦν
635 4870 681 4924 δ’
709 4871 816 4942 ἀρα
868 4874 980 4935 τοῖς
1026 4870 1330 4935 θεσπεσίοις
1379 4870 1635 4942 ἀνδράσιν
1681 4870 1775 4923 ἐπὶ
1823 4885 1954 4922 σκυ-

391 4959 628 5030 θριιγποίς
649 4962 720 5015 τά
737 4963 845 5017 τῶν
870 4965 1224 5038 προρρήσεων
1252 4965 1481 5027 ἱστάναι,
1502 4963 1623 5027 οὐδὲ
1661 4963 1820 5035 μέχρι
1847 4962 1956 5016 τῶν

390 5050 649 5124 λυπηρῶν
672 5053 1031 5109 ἐπιτείνεσθαι
1061 5056 1161 5127 τὴν
1194 5055 1499 5127 πρόγνωσιν
1521 5071 1535 5085 ·
1579 5053 1713 5119 ἀλλὰ
1743 5052 1851 5125 γάρ
1877 5053 1955 5117 εἰς

389 5143 453 5198 τὸ
483 5143 705 5215 φαιδρὸν
752 5146 1197 5215 μεταϐάλλοντες,
1249 5142 1404 5211 αὖθις
1436 5143 1653 5214 ἀγαθῶν
1702 5143 1957 5213 ἀγγελίας

391 5236 605 5308 ἀθρόως
629 5235 830 5289 ἆπασιν
850 5236 1152 5308 ἀνθρώποις
1178 5238 1268 5301 ἐπὶ
1292 5240 1355 5310 τῇ
1377 5237 1472 5290 τοῦ
1500 5234 1734 5307 Χριστοῦ
1761 5252 1960 5307 παρου-

394 5328 485 5400 σίᾳ
528 5328 959 5400 προεκήρυττον,
1002 5329 1135 5394 ἀντὶ.⁸
1165 5329 1265 5399 τῆς
1302 5328 1421 5392 ἑνὸς
1465 5326 1649 5390 ἔθνους
1690 5326 1958 5400 ἀποϐολῆς

392 5422 501 5474 πᾶν
534 5420 684 5484 ἐθνος
722 5421 816 5474 καὶ
852 5419 1011 5489 γένος
1037 5421 1337 5494 ἀνθρώπων
1368 5420 1694 5490 θεογνωσίαν
1724 5421 1955 5491 εὐαγγε-

393 5509 682 5580 λιζόμενοι,
714 5509 809 5564 καὶ
837 5508 1108 5579 δαιμόνων
1140 5510 1441 5587 ἀποφυγήν,
1474 5510 1746 5579 ἀγνωσίας
1775 5527 1835 5565 τε
1864 5511 1958 5564 καὶ

395 5601 600 5671 πλάνης
638 5601 996 5673 ἀπαλλαγὴν,
1036 5601 1212 5670 φωτός
1262 5618 1322 5667 τε
1368 5602 1462 5656 καὶ
1510 5602 1789 5668 εὐσεϐείας
1831 5603 1959 5659 ἀνά-

465 5777 540 5850 (Ι)
578 5777 667 5836 Sic
697 5781 1035 5845 correximus
1063 5796 1158 5850 pro
1189 5778 1324 5839 τοῦ.Δ
1348 5780 1504 5836 Eutr.
1546 5780 1764 5837 Pnnm.

2060 4598 2295 4669 amplius
2353 4612 2384 4652 a
2429 4598 2587 4653 malis
2641 4598 2879 4677 requies,
2939 4614 3117 4669 neque
3149 4612 3179 4651 a
3220 4596 3621 4657 calamitatibus

2057 4693 2346 4763 reSpiratio
2391 4690 2659 4763 speranda
2710 4691 2818 4746 illis
2847 4690 3002 4761 Ioret
3031 4705 3200 4761 aqua:
3245 4705 3415 4757 exeo,
3475 4688 3620 4760 quod

2057 4786 2231 4850 aiunt,
2268 4784 2578 4850 manifesta,
2613 4784 2952 4841 etiamnunc
2983 4783 3276 4842 verborum
3317 4781 3426 4837 vim
3456 4779 3622 4835 rebus

2056 4876 2192 4948 ipsis
2218 4875 2617 4940 demonstrant,
2647 4890 2772 4934 cum
2804 4889 2835 4928 a
2862 4874 3037 4945 prima
3066 4874 3158 4929 illa
3179 4875 3268 4931 die
3294 4889 3403 4945 qua
3424 4873 3620 4944 impias

2057 4984 2253 5024 manus
2279 4966 2451 5023 Judaei
2485 4967 2541 5021 in
2572 4964 2852 5022 Christum
2911 4965 3173 5030 tulerunt,
3211 4965 3476 5021 malorum
3514 4966 3621 5021 ini-

2055 5056 2191 5117 tium
2230 5062 2286 5117 in
2330 5076 2390 5118 se
2417 5059 2810 5116 contraxerint.
2840 5055 2959 5115 Non
3014 5056 3171 5110 libuit
3219 5065 3401 5113 autem
3422 5056 3621 5113 divinis

2055 5154 2334 5226 prophetis
2357 5152 2894 5224 praedictionessuas
2925 5151 2980 5205 in
3013 5149 3430 5212 mmstisiinire,
3445 5165 3621 5222 neque

2058 5246 2200 5301 ultra
2249 5244 2427 5300 tristia
2461 5241 2756 5305 extendere
2791 5242 3120 5299 vaticinandi
3159 5240 3495 5306 facultatem,
3525 5241 3618 5296 sed

2062 5339 2133 5408 ι’
2160 5338 2226 5393 ad
2258 5337 2543 5409 pulchrum
2585 5335 2834 5392 conversi
2871 5334 3031 5390 iidem
3066 5332 3315 5390 vicissim
3350 5334 3618 5389 bonorum

2056 5430 2479 5501 signiﬁcationes
2504 5442 2702 5499 magno
2742 5439 2992 5491 numero,
3026 5424 3280 5485 omnibus
3307 5423 3621 5479 hominibus

2056 5523 2260 5578 Christi
2295 5521 2530 5578 adventu
2563 5517 3049 5589 impertiendorum
3078 5517 3616 5589 praenuntiaverunt:

2057 5613 2172 5671 fore
2197 5613 2428 5681 scilicet,
2467 5621 2526 5667 ut
2552 5627 2651 5684 pro
2680 5611 2844 5667 unius
2875 5609 3051 5682 gentis
3083 5611 3398 5683 rejectione,
3428 5622 3619 5663 omnes

2132 5777 2227 5850 (ιο)
2265 5777 2389 5848 ch.
2420 5774 2581 5846 ἀλλος
2590 5773 2745 5832 ύλιιιν.
