4106 6440
471 385 537 439 f‘J
1105 389 1372 447 EUSEBll
1409 393 1883 451 CAESARIENSIS
1920 396 2070 453 OPP.
2106 399 2286 458 PARS
2320 405 2383 464 ll.
2419 438 2486 450 ——-
2526 410 3025 472 APOLOGETICA.
3648 429 3720 484 20

469 498 653 568 populi
692 509 746 556 et
795 505 1050 558 nationes
1084 503 1362 558 hominum
1396 521 1490 575 per
1519 505 1873 578 Evangelium
1912 511 2029 564 edo.

2150 514 2354 588 λαμψιν
2376 537 2389 551 ·
2433 524 2525 576 καὶ
2553 524 2628 587 ὡς
2660 526 2708 578 οί
2741 526 2835 580 τοῦ
2868 529 3104 600 Χριστοῦ
3151 535 3388 606 μαθηταὶ
3415 540 3507 592 τὸν
3543 541 3718 596 πάντα

466 599 696 643 ceantur
721 594 831 646 veri
869 593 958 648 Dei
1003 595 1385 663 cognitionem,
1436 601 1715 653 daemonas
1758 605 2038 671 deserant,

469 681 943 752 ignorantiamque
981 693 1181 738 exuant
1231 695 1284 737 et
1336 701 1573 748 errores,
1621 689 1711 740 lux
1758 701 1935 744 autem
1977 706 2041 745 ac

467 772 642 837 pietas
669 773 825 841 longe
849 781 1057 843 lateque
1089 776 1438 844 resplendeat
1464 798 1475 831 :
1507 787 1564 830 ut
1592 793 1621 831 a
1653 779 1856 835 Christi
1883 782 2042 836 disci-

465 863 609 930 pulis
650 866 939 920 universus
983 869 1134 922 orbis
1176 870 1452 938 repleatur
1498 870 1618 940 ejus
1666 871 1940 942 dogmate,
1980 882 2040 928 ut

469 957 814 1028 Evangelium
852 960 920 1013 ab
957 961 1065 1014 illis
1095 960 1400 1015 doceantur
1433 979 1624 1019 omnes
1653 964 1902 1022 homines
1938 984 2037 1022 no-

466 1065 586 1101 vatn
616 1051 918 1120 miramque
945 1054 1315 1121 complectens
1350 1055 1569 1124 pietatis
1614 1059 1881 1112 rationem
1913 1078 1925 1112 :
1957 1068 2039 1112 at-

463 1156 569 1207 que
618 1151 676 1194 ut
713 1141 973 1197 Ecclesiae
1023 1142 1228 1198 Christi
1272 1160 1370 1215 per
1414 1144 1632 1200 eosdem
1679 1147 1734 1202 in
1783 1151 2037 1207 omnibus

462 1232 713 1298 gentibus
734 1235 1161 1297 constituantur,
1187 1241 1240 1289 et
1268 1251 1411 1290 unus
1435 1237 1667 1306 populus
1691 1236 2036 1295 Christianus

463 1323 777 1378 nominetur
807 1342 905 1396 per
937 1327 1252 1381 universum
1298 1343 1405 1398 qua
1446 1337 1592 1399 patet
1623 1330 1816 1386 incolis
1849 1333 2034 1386 orbem

460 1426 752 1472 terrarum.
795 1418 1058 1473 Futurum
1105 1435 1226 1475 esse
1272 1422 1457 1486 etiam,
1487 1430 1546 1475 ut
1577 1436 1698 1492 quae
1733 1424 1964 1478 subinde
2004 1441 2034 1479 a

463 1507 802 1578 principibus
852 1510 1176 1580 regibusque
1224 1519 1413 1566 contra
1480 1511 1781 1567 Ecclesiam
1831 1515 2033 1570 Christi

459 1600 766 1655 excitanda:
796 1603 905 1656 sint
936 1606 1366 1672 persecutiones,
1414 1605 1550 1658 nihil
1584 1606 1649 1660 ad
1679 1606 2031 1662 evertendam

461 1693 610 1746 illam
632 1693 867 1757 valeant,
902 1703 1089 1763 utpote
1119 1711 1239 1764 qua:
1261 1694 1352 1747 Dei
1385 1696 1579 1751 robore
1614 1699 1880 1754 ﬁrmatur.
1908 1699 2032 1753 llaec

465 1789 694 1836 ettanta
737 1800 859 1838 cum
905 1785 974 1838 ab
1008 1783 1356 1839 Hebraeorum
1399 1785 1665 1856 theologis
1700 1769 2031 1857 proclamata

466 1871 686 1936 fuerint,
731 1883 892 1943 atque
934 1875 1231 1930 etiamnum
1287 1877 1541 1932 omnibus
1593 1879 1768 1948 palam
1817 1879 2029 1932 illarum

2139 1895 2265 1964 φίας
2310 1871 2718 1969 ’τὰ-μαθήματά
2764 1919 2820 1955 τε
2863 1908 2956 1956 καὶ

463 1981 645 2020 rerum
674 1974 900 2022 eventus
928 1982 985 2023 se
1015 1968 1286 2033 ostendat,
1321 1971 1443 2040 quis
1485 1985 1593 2023 non
1630 1969 1871 2023 divinum
1909 1971 2029 2024 illo-

459 2073 582 2112 rum
628 2058 867 2112 virorum
907 2059 1159 2129 spiritum
1188 2061 1530 2114 admiretur?
1558 2063 1684 2132 quis
1726 2079 1832 2116 non
1865 2061 2032 2117 disci-

463 2150 664 2220 plinam
707 2158 761 2206 et
809 2152 1057 2222 dogmata
1107 2153 1384 2223 religionis
1415 2153 1658 2222 ipsorum
1693 2162 1746 2207 et
1791 2153 2033 2223 philoso-

461 2241 602 2311 phia:
635 2239 872 2296 fateatur
903 2243 1140 2313 genuina
1172 2258 1236 2298 ac
1257 2244 1544 2300 verissima
1574 2245 1730 2300 esse?
1761 2245 2028 2315 siquidem

457 2336 974 2390 demonstrationem
1005 2353 1114 2406 pra:
1155 2352 1214 2391 se
1247 2334 1426 2392 ferunt
1455 2354 1562 2392 non
1609 2339 1827 2408 quidem
1877 2355 2029 2393 com-

458 2427 562 2496 ptis
586 2434 748 2497 atque
771 2428 980 2481 ornatis
1015 2429 1216 2491 verbis,
1250 2444 1422 2498 neque
1456 2429 1507 2482 vi
1543 2429 1759 2484 dicendi
1792 2441 1884 2483 aut
1905 2442 2030 2500 pere

457 2519 593 2572 versi
650 2517 866 2572 artiﬁcii
918 2520 1484 2588 argumentationibus
1534 2519 1600 2572 ad
1651 2519 2028 2590 decipiendum

457 2611 812 2680 comparatis,
846 2609 939 2665 sed
962 2610 1193 2680 simplici
1224 2619 1277 2665 et
1301 2619 1508 2666 remoto
1538 2627 1568 2665 a
1600 2611 1793 2666 fraude
1825 2613 2030 2666 doctri-

456 2719 539 2756 na:
575 2717 793 2773 genere,
843 2702 1002 2772 cujus
1037 2703 1285 2772 genuina:
1333 2704 1672 2774 sinccrzeque
1709 2705 1922 2758 veritati
1967 2703 2031 2757 ﬁ-

455 2793 578 2847 dem
613 2792 740 2846 facit
771 2793 944 2847 virtus
977 2802 1030 2847 et
1053 2794 1292 2864 cognitio
1320 2793 1572 2850 Numinis
1601 2811 1722 2865 qua:
1746 2795 1800 2848 in
1828 2794 2030 2851 divinis

457 2884 566 2938 illis
590 2884 722 2938 viris
764 2885 882 2938 fuit.
925 2885 1028 2953 Qui
1073 2886 1238 2956 igitur
1269 2894 1564 2956 potuerunt
1593 2903 1702 2949 res,
1759 2902 1881 2956 qua:
1912 2887 2030 2941 lon-

454 2977 537 3047 gis
568 2978 783 3032 saeculis
815 2986 936 3048 post
962 2963 1288 3040 evenerunt,
1313 2987 1394 3032 tot
1423 2979 1659 3034 millenis
1691 2987 1817 3034 ante
1843 2978 2028 3044 annis,

454 3083 563 3122 non
587 3068 828 3122 humano
861 3069 956 3123 sed
991 3069 1174 3122 divino
1201 3069 1386 3123 videre
1418 3070 1634 3139 spiritu,
1659 3069 1846 3140 quidni
1880 3069 2030 3139 digni

454 3161 558 3216 ﬁde
588 3161 697 3216 sint
749 3170 808 3215 ut
837 3161 1087 3232 dogmata
1133 3177 1256 3231 qua:
1295 3162 1593 3232 discipulos
1639 3178 1772 3218 suos
1803 3162 2033 3218 edocue-

454 3259 607 3321 runt,
640 3268 766 3306 vera
799 3268 921 3308 esse
943 3239 1276 3312 credantur?
1306 3252 1479 3307 Probe
1509 3256 1672 3307 etiam
1706 3254 1829 3307 novi
1860 3253 2031 3309 usita-
2056 3235 2098 3292 (ἶ

452 3352 569 3398 tum
619 3361 741 3401 esse
787 3346 1064 3409 omnibus,
1124 3349 1214 3415 qui
1251 3346 1588 3401 Salvatorem
1635 3362 1698 3401 ac
1738 3347 2025 3402 Dominum

452 3449 703 3502 nostrum
736 3436 924 3492 Jesnm
967 3437 1219 3492 eumdem
1255 3454 1382 3494 vere
1427 3438 1704 3493 Christum
1755 3438 1845 3493 Dei
1883 3455 2026 3506 esse,

453 3531 528 3584 ita
563 3538 621 3584 ut
654 3545 753 3600 par
785 3537 889 3592 est,
919 3530 1214 3585 instituunt
1253 3531 1647 3596 demonstrare,
1686 3540 1811 3586 ante
1844 3532 2027 3586 omnia

456 3621 635 3676 facere
662 3608 845 3688 ﬁdem,
882 3623 1025 3692 quod
1055 3638 1159 3677 non
1184 3623 1340 3677 aliter
1371 3624 1424 3676 in
1455 3639 1578 3678 eum
1603 3640 1764 3694 quam
1794 3624 2026 3694 prophe-

453 3712 582 3768 ticis
609 3714 940 3769 testimoniis
979 3714 1045 3770 de
1075 3730 1140 3769 eo
1169 3715 1332 3771 editis
1364 3724 1729 3785 congruenter
1757 3717 1982 3771 credant
2007 3735 2022 3771 :

451 3802 648 3857 deinde
675 3802 853 3858 ethoc
886 3805 1060 3874 ipsum
1089 3820 1274 3858 coram
1303 3805 1560 3862 omnibus
1585 3822 1708 3860 cum
1741 3807 1944 3876 quibus
1968 3807 2024 3860 in

451 3911 756 3956 sermonem
786 3897 1150 3963 descendunt,
1199 3899 1342 3954 haud
1381 3899 1619 3963 diilitcri,
1653 3899 1798 3970 quod
1837 3901 2026 3970 singu-

451 3992 582 4048 laris
605 3991 773 4047 studii
811 4008 873 4047 ac
909 3994 1112 4048 laboris
1149 3993 1242 4057 sit,
1284 3993 1498 4063 singula
1531 3993 1712 4062 capita
1749 3991 2025 4063 Evangelii

451 4102 610 4156 posse
633 4085 1196 4142 demonstrationibus
1227 4085 1343 4140 suis
1379 4085 1614 4141 ﬁrmare.
1650 4083 1804 4138 Unde
1836 4100 2028 4140 neces~

449 4177 598 4233 sario
631 4177 698 4230 ad
749 4178 851 4231 hoc
904 4179 1082 4252 ipsum
1132 4177 1366 4236 delatus.
1426 4175 1519 4232 Dei
1558 4177 1762 4231 auxilio
1808 4178 2026 4233 tentabo

451 4269 752 4325 secundum
804 4253 1166 4340 praniuntiata
1215 4284 1278 4322 ex
1331 4267 1464 4339 ipsis
1515 4269 1622 4333 illis
1672 4267 2023 4323 Hebraeorum

449 4362 739 4434 theologis,
758 4363 1024 4433 integram
1049 4362 1318 4417 universa:
1335 4363 1659 4431 evangelica:
1679 4363 2023 4418 demonstra-

450 4457 618 4518 tionis
663 4454 1043 4510 tractationem
1097 4455 1330 4510 tradere.
1390 4454 1547 4522 Quod
1595 4471 1726 4510 vero
1780 4454 2020 4510 studium

2148 613 2350 682 κόσμον
2384 615 2478 684 τῆς
2509 617 2674 670 αὐτοῦ
2695 618 3038 685 διδασκαλίας
3066 626 3455 699 ὲμπλήσουσιν,
3482 633 3630 698 ὅπως
3657 653 3714 690 τε

2146 706 2224 765 εἰς
2246 706 2452 769 πάντας
2474 709 2785 800 ἀνθρώπους
2808 713 2868 764 τὸ
2890 715 3217 784 Εὑαγγέλιον
3246 721 3423 776 αὐτῶν
3446 725 3718 800 κηρυχθή-

2147 810 2294 847 σεται
2318 836 2330 856 ,
2370 799 2548 850 καινόν
2593 818 2714 854 τινα
2758 801 2850 854 καὶ
2890 803 3162 869 ξενίζοντα
3203 812 3400 882 τρόπον
3439 799 3714 881 εύσεῦείας

2146 887 2431 957 περιέχον·
2474 891 2570 944 καὶ
2596 891 2670 955 ὡς
2712 893 3028 966 Ἐκκλησίαι
3070 901 3304 971 Χριστοῦ
3344 905 3411 959 δι’
3447 907 3624 961 αὐτῶν
3656 911 3714 963 ιν

2142 976 2283 1040 ὅλοις
2319 983 2427 1043 τοῖς
2472 981 2647 1036 ἔθνεσι
2690 989 3066 1058 συστήσονται,
3109 993 3201 1044 καὶ
3235 995 3311 1058 ὠς
3355 997 3473 1060 ἑνὸς
3514 999 3544 1050 ὁ
3583 1000 3716 1072 Χρι-

2144 1070 2374 1122 στιανῶν
2409 1071 2535 1134 λαὸς
2563 1073 2684 1127 καθ’
2715 1075 2843 1146 ὃλης
2874 1078 2971 1148 τῆς
3002 1081 3326 1154 οἰκουμένης
3347 1070 3714 1160 ὀνομασθήσε-

2142 1178 2258 1214 ται·
2298 1165 2392 1216 καὶ
2425 1166 2500 1228 ὡς
2531 1168 2588 1219 αἱ
2626 1167 2734 1220 τῶν
2767 1170 2905 1222 κατὰ
2950 1173 3173 1242 χρόνους
3205 1177 3478 1247 ἀρχόντων
3520 1197 3578 1233 τε
3619 1183 3713 1237 καὶ

2143 1251 2405 1321 βασιλέων
2444 1258 2582 1311 κατὰ
2618 1259 2718 1328 τῆς
2758 1261 3081 1332 Ἐκκλησίας
3118 1265 3212 1318 τοῦ
3246 1269 3478 1340 Χριστοῦ
3511 1272 3714 1328 ἐπανα-

2144 1347 2357 1410 στάσεις
2389 1347 2542 1401 ούδὲν
2571 1353 2650 1412 εἰς
2681 1352 2742 1404 τὸ
2773 1355 3016 1409 καθελεῖν
3046 1358 3248 1429 αὐτὴν,
3280 1361 3354 1424 ὠς
3386 1361 3452 1415 ἂν
3491 1364 3594 1417 ὑπὸ
3618 1365 3712 1419 τοῦ

2140 1433 2274 1486 Θεοῦ
2309 1441 2765 1510 κραταιουμένην,
2810 1443 3104 1512 ἰσχύσουσι.
3156 1448 3436 1504 Τοσούτων
3475 1452 3564 1507 διὰ
3605 1455 3712 1508 τῶν

2142 1527 2259 1580 καθ’
2301 1528 2579 1599 Ἐϐραίους
2611 1532 2872 1597 θεολόγων
2917 1537 3452 1610 ἀναπεφωνημένων,
3496 1547 3590 1598 καὶ
3631 1548 3712 1610 είς

2139 1617 2296 1689 δεῦρο
2326 1623 2488 1674 πᾶσιν
2522 1623 2601 1685 είς
2639 1625 2869 1694 φανερὸν
2902 1625 3000 1690 τὰς
3043 1629 3294 1693 ἐκϐάσεις
3337 1633 3710 1704 ἐπιδεικνυμέ-

2139 1729 2264 1772 νων,
2294 1711 2375 1775 τίς
2403 1714 2502 1766 ούκ
2522 1714 2585 1766 ἂν
2608 1715 2666 1768 τὸ
2689 1715 2867 1770 ἔνθεον
2893 1720 3301 1791 ἁποθαυμάσειε
3330 1723 3437 1777 τῶν
3470 1725 3706 1796 ἀνδρῶνς

2138 1805 2220 1867 τίς
2261 1805 2305 1856 δ’
2335 1807 2457 1877 ούχὶ
2491 1803 2589 1874 τῆς
2625 1810 2745 1861 κατ’
2786 1811 2981 1876 αὐτοὺς
3015 1811 3321 1878 Θεοσεὸείας
3360 1818 3454 1869 καὶ
3498 1817 3708 1884 φιλοσο-

3008 1906 3074 1958 τὰ
3121 1905 3366 1974 δόγματα
3414 1908 3576 1980 κύρια
3619 1912 3710 1963 καὶ

2137 1985 2309 2058 ἁληΟῆ
2344 1983 2480 2040 εἶναι
2513 1991 2870 2062 ὁμολογήσει;
2917 1996 3015 2066 τὴν
3060 1997 3332 2062 ἀπόδειξιν
3367 2001 3710 2070 παρεχόμενα

2133 2077 2232 2128 οὐκ
2267 2079 2324 2130 ἐν
2357 2078 2530 2145 λέξεσι
2563 2085 3059 2154 κεκομψευμέναις,
3098 2089 3204 2140 οὐδ’
3237 2091 3294 2141 ὲν
3325 2090 3587 2163 δεινότητι
3619 2092 3709 2146 λό-

2133 2185 2264 2234 γων,
2307 2170 2338 2239 ἦ
2374 2173 2716 2242 κακοτέχνοις
2755 2178 2990 2240 ἀπάταις
3022 2179 3428 2251 συλλογισμῶν·
3467 2186 3525 2236 ὲν
3563 2185 3707 2256 ἁπλῇ

2131 2261 2186 2317 δὲ
2240 2264 2332 2315 καὶ
2379 2266 2709 2337 ἀπανούργῳ
2747 2268 3081 2342 διδασκαλίᾳ,
3129 2267 3195 2342 ἧς
3255 2275 3312 2326 τὸ
3367 2278 3588 2344 γνήσιον
3618 2280 3711 2332 καὶ

2132 2352 2414 2424 εἰλικρινὲς
2459 2356 2555 2426 τῆς
2613 2356 2870 2426 ἀληθείας
2927 2360 2959 2430 ἡ
3014 2361 3120 2413 τῶν
3174 2361 3476 2418 θεσπεσίων
3527 2366 3710 2420 αὐτῶν

2131 2444 2352 2496 ἐκείνων
2397 2447 2605 2518 ἀνδρῶν
2651 2449 2817 2519 ἀρετή
2866 2466 2925 2502 τε
2973 2452 3064 2503 καὶ
3099 2450 3396 2520 θεογνωσία
3442 2457 3710 2527 παρίστη-

2133 2551 2236 2589 σιν.
2288 2539 2348 2590 Οἱ
2409 2539 2536 2607 γοῦν
2597 2540 2664 2592 τὰ
2710 2546 2939 2613 μακροῖς
2999 2544 3183 2598 αἰῶσιν
3221 2544 3440 2617 ὕστερον
3480 2550 3560 2610 είς
3594 2548 3709 2616 φῶς

2132 2627 2352 2682 ἐλθόντα
2395 2632 2675 2702 πόρρωθεν
2725 2637 2937 2705 μυρίοις
2981 2637 3184 2690 ἄνωθεν
3222 2641 3434 2709 χρόνοις
3472 2641 3571 2691 ούκ
3611 2640 3709 2692 ἁν-

2134 2718 2413 2790 θρωπίνῳ,
2450 2721 2576 2791 θείῳ
2607 2721 2664 2774 δὲ
2698 2724 2967 2793 πνεύματι
3015 2727 3377 2781 κατοπτεῦσαι
3415 2729 3709 2798 δεδυνημέ⁴

2134 2831 2234 2876 νοι,
2266 2813 2381 2877 πῶς
2414 2813 2513 2866 οὐκ
2542 2813 2678 2878 ἄξιοι
2711 2813 2777 2870 ἂν
2811 2811 2921 2867 εἶεν
2959 2817 3053 2868 καὶ
3087 2819 3213 2888 περὶ
3247 2812 3321 2870 ὦν
3362 2821 3484 2882 τοὺς
3519 2838 3707 2892 φοιτη-

2130 2906 2230 2967 τὰς
2260 2905 2599 2969 ὲξεπαίδευον
2635 2905 2920 2976 δογμάτων
2957 2908 3340 2974 πιστεύεσθαις
3379 2911 3440 2962 Ei
3478 2911 3576 2980 μὲν
3613 2907 3707 2966 οὖν

2129 2994 2246 3051 οἶδα
2279 2996 2540 3068 ἀκριϐῶς,
2575 2998 2657 3050 ὅτι
2689 2999 2972 3068 πρόχειρον
3005 2999 3196 3062 ἅπασι,
3228 3004 3337 3063 τοῖς
3370 3001 3459 3054 τὸν
3481 3003 3708 3075 Σωτῆρα

2133 3089 2226 3142 καὶ
2268 3088 2471 3160 Κύριον
2513 3087 2667 3158 ἡμῶν
2706 3088 2913 3157 Ἰησοῦν
2940 3089 3014 3152 ὡς
3052 3089 3116 3141 ἂν
3147 3090 3308 3144 αὑτὸν
3336 3091 3548 3159 ἀληθῶς
3577 3093 3706 3147 ὄντα

2131 3182 2223 3235 τὸν
2278 3183 2512 3252 Χριστὸν
2562 3181 2656 3234 τοῦ
2712 3181 2848 3234 Θεοῦ
2898 3184 3136 3253 γνησίως
3194 3185 3704 3256 παραδεδεγμένοις,

2132 3276 2346 3347 πρῶτον
2376 3277 2474 3346 μὲν
2503 3276 2708 3328 πείθειν
2734 3277 2929 3340 αὐτοὺς
2958 3277 3152 3340 δοκεῖν,
3187 3279 3268 3332 ὅτι
3305 3278 3379 3349 μὴ
3419 3279 3590 3343 ἄλλως
3625 3281 3706 3343 είς

2129 3367 2293 3419 αὑτὸν
2327 3366 2756 3422 πεπιστεύκασιν
2787 3367 2818 3438 ἢ
2849 3372 2966 3431 ταῖς
2997 3370 3122 3439 περὶ
3142 3368 3307 3425 αὑτοῦ
3337 3374 3704 3441 προφητικαῖς

2132 3461 2457 3532 μαρτυρίαις
2489 3460 2813 3523 ἀκολούθωςο
2839 3460 3030 3514 ἔπειτα
3061 3461 3202 3514 τοῦτ’
3237 3463 3366 3515 αὐτὸ
3393 3463 3485 3516 καὶ
3517 3466 3703 3528 πᾶσιν,

2129 3545 2208 3614 οἷς
2230 3549 2295 3603 ἂν
2325 3554 2402 3614 είς
2423 3551 2611 3620 λόγους
2638 3553 3012 3606 καταδαίνοιεν
3043 3554 3460 3624 προϐάλλεσθαιο
3501 3557 3573 3626 μὴ
3598 3556 3705 3628 μὴν

2129 3641 2328 3712 ῥᾳδίως
2373 3642 2433 3694 τὸ
2485 3642 2809 3713 ἐπάγγελμα
2863 3643 3184 3697 πιστοῦσθαι
3237 3648 3354 3708 ταῖς
3398 3645 3705 3712 ἀποδείξεσι

2127 3732 2406 3788 δύνασθαι.
2439 3734 2598 3787 Ὅθεν
2617 3735 2929 3803 ἀναγκαίως
2963 3738 3054 3789 ἐπὶ
3076 3737 3220 3792 τοῦτ’
3243 3738 3373 3790 αὐτὸ
3399 3738 3703 3809 παρελθὼν.

2129 3825 2224 3877 σὺν
2265 3824 2384 3892 Θεῷ
2419 3823 2617 3896 βοηθῷ,
2651 3825 2792 3878 κατὰ
2832 3826 2899 3879 τὰ
2949 3828 3330 3899 ἐπηγγελμένα
3381 3828 3478 3899 τὴν
3519 3830 3703 3899 ἐντελῆ

2129 3917 2309 3985 πάσης
2338 3917 2435 3986 τῆς
2469 3916 2825 3988 εὐαγγελικῆς
2857 3919 3181 3984 ἀποδείξεως
3225 3923 3604 3992 πραγματείαν
3645 3920 3706 3986 ἐξ

2127 4001 2301 4053 αὑτῶν
2341 4003 2562 4057 ἐκείνων
2595 4005 2703 4057 τῶν
2738 4008 2866 4077 παρ’
2922 4007 3193 4080 Ἑϐραίοις
3227 4009 3489 4078 Θεολόγων
3526 4028 3704 4082 παρα-

2129 4091 2427 4161 στήσασθαι
2476 4096 2829 4165 πειράσομαι.
2881 4097 3384 4166 Σπουδαιολογεῖται
3426 4100 3482 4153 δέ
3532 4119 3620 4172 μοι
3669 4103 3704 4175 ἡ

2125 4184 2333 4254 γραφὴ,
2371 4185 2466 4255 οὐχ
2510 4186 2583 4249 ῶς
2613 4187 2677 4240 ἄν
2717 4205 2799 4250 τις
2829 4189 2960 4258 φαίη
2997 4189 3136 4242 κατὰ
3185 4190 3470 4254 Ἰουδαίων,
3503 4193 3702 4261 ἄπαγε,

2127 4273 2386 4343 πολλοῦγε
2435 4277 2528 4330 καὶ
2565 4278 2674 4332 δεῖ*
2715 4279 2848 4349 πρὸς
2877 4281 3054 4333 αὐτῶν
3091 4282 3188 4352 μὲν
3211 4278 3322 4344 οὖν,
3359 4285 3406 4335 εί
3430 4285 3706 4356 εὐγνωμο-

2124 4368 2287 4430 νοῖεν,
2321 4369 2603 4439 τυγχάνει’
2646 4370 2925 4441 συνίστησι
2960 4374 3065 4444 γὰρ
3114 4373 3182 4426 τὰ
3225 4374 3322 4444 μὲν
3365 4375 3704 4445 Χριστιανῶν

2123 4458 2210 4525 διὰ
2243 4460 2338 4530 τῆς
2381 4461 2645 4515 ἀνέκαθεν
2682 4464 3036 4534 προρρήσεως
3083 4467 3505 4539 ὲπιμαρτυρίας,
3542 4468 3613 4523 τὰ
3657 4468 3704 4522 δ’

447 4546 707 4618 prmsenti
745 4561 908 4615 opere
954 4561 984 4600 a
1014 4560 1101 4600 me
1142 4546 1497 4616 impenditur,
1537 4562 1643 4602 non
1688 4545 1890 4601 Judaeis
1922 4563 2022 4618 op-

2132 4553 2349 4610 ἐκείνων
2385 4555 2470 4607 διὰ
2509 4555 2609 4624 τῆς
2651 4557 2759 4609 τῶν
2800 4560 2927 4630 παρ’
2957 4560 3140 4622 αὐτοῖς
3181 4562 3526 4630 προφητειῶν
3569 4563 3706 4615 ἀπο-

451 4637 778 4714 pugnandis,
806 4645 865 4690 ut
898 4644 1050 4708 putet
1084 4636 1303 4707 aliquis,
1327 4645 1411 4692 est
1440 4637 1790 4701 destinatum,
1818 4653 2018 4708 apage;

451 4737 661 4794 tantum
703 4729 850 4785 enim
899 4729 968 4782 ab
1003 4730 1109 4784 hoc
1143 4730 1319 4797 abest,
1369 4739 1428 4784 ut
1457 4733 1634 4804 potius
1669 4747 1768 4804 pro
1799 4732 1926 4798 illis,
1971 4732 2020 4786 si

449 4836 638 4875 sanam
695 4829 933 4875 mentem
982 4819 1232 4884 all'erant,
1277 4819 1484 4874 faciat:
1525 4820 1702 4874 ﬁrmat
1752 4821 2019 4892 siquidem

445 4915 814 4981 Christianam
852 4930 969 4978 rem,
1003 4915 1171 4984 petito
1196 4930 1226 4968 a
1259 4915 1433 4990 longis
1459 4916 1526 4969 ab
1555 4915 1682 4969 hinc
1713 4917 2024 4992 praedictio-

447 5007 611 5062 nibus
641 5007 955 5073 testimonio
990 5025 1003 5060 :
1038 5022 1149 5062 rem
1182 5005 1492 5061 Iudaeorum
1516 5015 1720 5068 autem,
1753 5022 1816 5060 ex
1844 5007 2024 5077 perfe-

445 5107 534 5152 cta
567 5097 974 5177 prophetiarum
1015 5113 1152 5170 quas
1201 5098 1274 5153 illi
1315 5099 1516 5154 habent
1553 5098 1888 5170 impletione.
1921 5097 2021 5152 Ju-

445 5187 594 5242 vabit
645 5202 864 5259 quoque
910 5187 1223 5244 Graecorum
1259 5189 1399 5245 ﬁlios
1440 5190 1556 5244 sive
1603 5187 1878 5251 ethnicos,
1927 5190 2022 5260 qui

447 5281 646 5336 animis
693 5280 830 5335 bene
859 5281 1170 5336 constitutis
1217 5281 1576 5343 accesserint,
1619 5297 1716 5353 per
1745 5281 2024 5336 admiran-

446 5371 572 5424 dam
604 5369 910 5426 futurorum
944 5372 1334 5445 pramotionem
1382 5388 1674 5442 rerumque
1719 5373 2020 5428 secundum

448 5463 830 5533 praedictiones
877 5479 1154 5528 eventum,
1203 5463 1367 5518 simul
1413 5465 1751 5518 ostendendo
1783 5463 2020 5520 divinam

448 5565 611 5623 atque
638 5555 997 5621 certissimam
1033 5555 1348 5623 dogmatum
1375 5561 1686 5608 nostrorum
1711 5558 2018 5621 veritatem,

449 5644 718 5713 simulque
761 5645 1024 5699 solidiore
1066 5644 1536 5700 demonstratione
1564 5645 1874 5700 obturando
1917 5649 2020 5701 lin-

450 5753 584 5808 guas
618 5751 978 5806 patronorum
1028 5736 1316 5803 mendacii,
1359 5753 1521 5808 quam
1558 5754 1827 5810 nusquam
1861 5742 2020 5796 nobis

453 5841 741 5905 suppetere
796 5827 1133 5884 contendunt
1183 5826 1574 5898 syc0phantze,
1635 5831 1796 5888 etiam
1858 5842 2020 5903 atque

2125 4645 2521 4718 τελεσματικῆς
2569 4649 3031 4722 συμπληρώσεως.
3091 4653 3372 4723 Ἀρμόσειε
3417 4654 3461 4707 δ’
3502 4653 3566 4707 ἂν
3609 4653 3703 4707 καὶ

2128 4739 2315 4792 παισὶν
2369 4740 2652 4812 Ἑλλήνων,
2701 4744 2747 4795 εἰ
2790 4744 3198 4814 εύγνωμονοῖεν,
3249 4745 3338 4798 διὰ
3382 4746 3478 4815 τῆς
3526 4763 3705 4816 παρα-

2124 4829 2276 4896 δόξου
2311 4829 2418 4883 τῶν
2458 4833 2758 4902 μελλόντων
2799 4836 3176 4903 προγνώσεως,
3205 4837 3305 4906 τῆς
3330 4852 3387 4888 τε
3416 4836 3523 4889 τῶν
3558 4853 3698 4907 πρα-

2125 4922 2351 4990 γμάτων
2392 4922 2532 4977 κατὰ
2563 4923 2662 4988 τὰς
2694 4929 3025 4999 προρρήσεις
3073 4928 3380 4990 ἐκϐάσεως·
3425 4928 3558 4998 ὁμοῦ
3602 4928 3700 4992 μὲν

2125 5013 2186 5065 τὸ
2211 5011 2389 5066 ἔνθεον
2427 5016 2520 5068 καὶ
2553 5016 2780 5086 ἀψευδὲς
2811 5019 2910 5088 τῆς
2950 5017 3072 5076 καθ’
3106 5021 3252 5090 ἡμᾶς
3289 5018 3548 5090 ἀληθείας
3583 5021 3702 5072 ἑπι-

2124 5103 2470 5176 δεικνυμένη,
2501 5106 2636 5176 ὁμοῦ
2670 5108 2727 5160 δὲ
2767 5107 2861 5164 καὶ
2890 5108 2987 5172 τὰς
3011 5107 3119 5160 τῶν
3151 5108 3496 5180 ψευδηγόρων
3529 5107 3703 5177 γλώτο

2125 5212 2222 5258 τας
2259 5197 2683 5267 ὲπιστομίζουσα
2717 5199 2806 5253 διὰ
2834 5200 2930 5270 τῆς
2961 5199 3322 5272 λογικωτέρας
3352 5198 3699 5262 ἀποδείξεως,

2123 5280 2192 5357 ἧς
2225 5286 2474 5357 οὐδαμῶς
2513 5291 2644 5360 ἡμῖν
2687 5292 2736 5342 oi
2781 5291 3113 5359 συκοφάνται
3146 5295 3385 5362 μετεῖναι
3415 5290 3703 5344 διατείνον-

2123 5394 2232 5442 ται,
2279 5373 2338 5432 εὗ
2392 5381 2535 5449 μάλα
2577 5381 2846 5452 ὁσημέραι
2891 5385 3009 5445 ταῖς
3051 5382 3170 5434 καθ’
3202 5381 3360 5452 ἡμῶν
3401 5381 3702 5452 διατριϐαῖς

2125 5468 2468 5539 κατακράτος
2501 5470 2963 5541 ὲπεντριϐόμενοιε
2997 5471 3162 5525 Οὐδὲν
3191 5468 3323 5538 γοῦν
3362 5471 3509 5539 ἡμᾶς
3543 5468 3702 5522 δύνα-

2126 5558 2248 5612 σθαί
2292 5576 2428 5632 φασι⁸
2463 5560 2528 5612 δι’
2557 5561 2881 5631 ἀποδείξεως
2926 5562 3204 5632 παρέχειν.
3251 5561 3429 5614 πίστει
3466 5560 3521 5612 δὲ
3564 5560 3702 5632 μόνῃ

2125 5651 2412 5722 προσέχειν
2445 5652 2626 5718 ἀξιοῦν
2670 5656 2794 5718 τοὺς
2845 5657 2976 5725 ἡμῖν
3028 5654 3370 5725 προσιόντας.
3423 5654 3530 5706 Καὶ
3564 5651 3702 5722 πρὸς

2123 5740 2216 5797 οὖν
2255 5745 2354 5815 τὴν
2393 5746 2646 5815 τοιαύτην
2681 5745 2932 5816 διαϐολὴν
2965 5747 3064 5799 ούκ
3093 5746 3161 5799 ἂν
3187 5745 3395 5812 γένοιτο
3423 5747 3552 5815 ἡμῖν
3580 5743 3699 5798 ἁλο-

2127 5854 2219 5905 γος
2257 5839 2286 5907 ἡ
2326 5837 2570 5910 παροῦσα
2606 5839 2972 5910 πραγματεία.
2997 5837 3104 5892 Ναὶ
3134 5838 3237 5909 μὴν
3272 5839 3360 5890 καὶ
3390 5837 3494 5890 τῶν
3526 5835 3699 5902 ἀθέων
