4106 6426
408 385 474 442 21
1295 371 1951 431 υΕιιοΝδτιὶΑτιοΝιε
1986 366 2450 428 EVANGELICIE
2491 365 2622 422 LIB.
2652 364 2695 422 l.
3593 361 3665 416 22

411 501 675 576 αἱρέσεων
694 498 792 565 τὰς
821 498 963 554 κατά
993 497 1100 552 τῶν
1133 498 1294 551 θείων
1325 495 1620 570 προφητῶν
1644 494 1986 566 ψευδοδοξίας

2088 491 2252 547 etiam
2296 489 2540 562 quotidie
2590 485 2848 544 omnibus
2890 483 3101 540 viribus
3133 481 3354 554 quando
3397 478 3665 535 adversus

412 611 470 648 τε
511 593 605 647 καὶ
644 592 988 664 βλασφημίας
1025 590 1313 659 ἀπελέγξει
1352 590 1439 644 διὰ
1485 592 1584 661 τῆς
1621 588 1756 661 πρὸς
1793 586 1862 641 τὰ
1894 586 1989 641 νέα

411 684 520 739 τῶν
559 682 800 739 παλαιῶν
835 682 1172 754 συμφωνίας.
1220 680 1331 753 Τὴν
1378 681 1477 753 μὲν
1521 676 1612 734 οὖν
1649 677 1989 751 μακροτέραν

415 778 507 831 καὶ
552 775 849 846 διεξοδικὴν
895 774 1002 830 τῶν
1049 772 1404 845 προφητικῶν
1449 771 1640 842 φωνῶν
1695 770 1989 842 ἑρμηνείαν

413 863 576 919 τανῦν
606 867 635 919 ό
663 864 817 933 λόγος
845 862 1234 936 ὑπερϐήσεται,
1269 864 1383 927 τοῖς
1416 861 1760 934 βουλομένοις
1785 861 1990 917 τούτων

412 953 685 1021 ἐξετάζειν
716 952 1054 1017 καταλιπὼν,
1088 948 1192 1007 οἷοί
1238 954 1284 1007 τ’
1321 952 1387 1006 ἂν
1426 955 1599 1007 εἰπεῖν
1629 953 1720 1007 τὸν
1767 952 1984 1025 τρόπον.

409 1048 724 1119 Διδασκάλῳ
743 1049 801 1102 δέ
821 1046 1099 1121 χρώμενος
1119 1046 1539 1119 παραγγέλματι
1560 1044 1689 1116 θείῳ
1708 1046 1987 1113 φάσκοντι,

415 1160 434 1193 ι
465 1139 856 1211 Κεφαλαίωσον
880 1142 937 1194 ἐν
958 1139 1158 1208 ὀλίγοις
1181 1138 1369 1202 πολλὰ,
1412 1159 1430 1191 ι
1459 1138 1616 1192 τοῦτο
1640 1136 1879 1209 ζηλῶσαι
1903 1154 1991 1206 φι-

408 1234 779 1307 λοτιμήσεται’
808 1234 938 1287 αὐτὸ
969 1232 1129 1305 μόνον
1149 1230 1402 1305 ἀφορμὰς
1423 1230 1521 1301 τῆς
1552 1231 1631 1293 εἰς
1648 1230 1774 1292 τοὺς
1793 1228 1989 1291 τόπους

409 1327 666 1400 θεωρίας,
697 1326 790 1381 καὶ
815 1326 924 1380 τῶν
956 1327 1035 1390 είς
1061 1325 1120 1378 τὸ
1143 1324 1501 1395 προκείμενον
1532 1321 1984 1389 κατεπειγόντων,

407 1419 505 1490 τὴν
544 1421 625 1481 εἰς
666 1417 727 1471 τὸ
770 1417 936 1487 σαφὲς
982 1416 1276 1488 ἑρμηνείαν
1318 1412 1784 1484 παραθησόμενος.
1836 1411 1990 1475 ’Ἀλις

411 1509 509 1581 μὲν
535 1508 599 1579 δὴ
627 1508 950 1580 προοιμίων
976 1507 1077 1579 ἠδη
1107 1507 1162 1561 δὲ
1196 1506 1290 1560 καὶ⁵
1324 1504 1431 1558 τῶν
1470 1503 1794 1568 ἀποδείξεων
1827 1501 1987 1575 ἄρξο-

412 1618 532 1672 μαι.
595 1599 814 1671 Ἐπειδὴ
848 1599 1014 1664 πολὺς
1052 1595 1119 1671 ἦν
1157 1597 1429 1671 ἐπιρρέων
1471 1597 1593 1650 καθ’
1634 1594 1790 1667 ήμῶν
1825 1598 1857 1657 ό,
1879 1595 1988 1650 τῶν

410 1692 761 1762 συκοφαντῶν
790 1692 966 1763 ὄχλος,
1012 1691 1177 1763 μηδὲν
1207 1690 1465 1744 δύνασθαι
1506 1689 1728 1759 φάσκων
1764 1688 1830 1742 δι’
1854 1689 1989 1749 ἀπο-

406 1780 625 1849 δείξεων
648 1782 875 1854 ἐναργὲς
907 1780 1167 1852 ἀληθείας
1191 1780 1450 1853 παρέχειν
1477 1779 1695 1850 δεῖγμα,
1727 1778 1907 1839 πίστει
1929 1778 1986 1832 δὲ

2090 599 2192 639 nos
2220 583 2520 653 disputant,
2556 580 2752 635 huicce
2775 578 3095 634 insistentes
3125 574 3453 653 causationi,
3487 580 3548 627 ut
3588 571 3665 626 di-

2091 685 2239 740 cant,
2281 652 2419 730 nihil
2458 688 2560 728 nos
2590 687 2754 744 posse
2793 652 3259 725 demonstratione
3290 667 3529 728 (innare,
3566 663 3664 721 sed

2088 775 2301 826 tantum
2335 768 2404 823 ah
2437 766 2507 822 iis
2535 765 2628 836 qui
2663 763 2730 818 ad
2757 778 2859 819 nos
2884 761 3152 817 accedunt
3180 759 3336 815 ﬁdem
3359 756 3664 813 habendam

2089 861 2323 930 exigere.
2358 857 2462 913 Cui
2505 855 2794 912 calumnia:
2847 853 3203 911 retundenda:
3246 866 3357 906 non
3408 852 3664 921 inoppor-

2090 956 2223 1004 tuna
2263 964 2504 1020 pnesens
2539 946 2796 1003 tractatio
2832 945 3017 1000 futura
3050 952 3156 1010 est,
3202 941 3297 997 sed
3341 948 3397 996 et
3439 948 3663 996 ostensa

2089 1056 2355 1095 novorum
2385 1055 2508 1094 cum
2544 1038 2824 1094 veteribus
2847 1033 3141 1090 concordia
3171 1032 3461 1102 impiarutn
3490 1028 3665 1083 htere-

2090 1132 2255 1199 sium,
2292 1131 2458 1187 falsas
2484 1129 2771 1201 opiniones
2807 1134 2861 1183 et
2883 1124 3250 1196 hlasphemias
3289 1121 3554 1177 adversus
3582 1119 3665 1173 di-

2090 1223 2249 1277 vinos
2290 1221 2586 1293 prophetas
2631 1217 2877 1293 profecto
2907 1216 3167 1272 revincet.
3207 1211 3536 1285 Longiorem
3565 1224 3667 1263 au-

2088 1322 2197 1370 tem
2226 1324 2281 1371 et
2302 1315 2609 1370 uberiorem
2639 1310 3077 1383 pr0pheticarum
3108 1321 3303 1362 vocum
3347 1303 3665 1375 explicatio-

2089 1422 2212 1462 nem
2258 1406 2514 1478 praesenti
2569 1420 2735 1476 opere
2788 1400 3194 1473 praetermittam
3238 1398 3456 1468 illisque
3495 1396 3665 1452 relin-

2088 1515 2275 1574 quam,
2308 1500 2400 1570 qui
2432 1499 2532 1556 has
2579 1498 2745 1552 altius
2796 1494 3033 1552 scrutari
3069 1492 3360 1556 voluerint,
3391 1500 3553 1561 atque
3594 1488 3664 1545 ad

2089 1592 2193 1648 hoc
2222 1591 2613 1663 perficiendum
2645 1589 2847 1645 fuerint
2877 1587 3078 1642 idonei.
3110 1584 3224 1656 Ego
3267 1591 3446 1640 autem
3477 1582 3665 1640 divino

2088 1692 2360 1757 praecepto
2416 1683 2683 1753 magistro
2742 1696 2945 1737 usurus
3009 1695 3153 1744 sum,
3213 1678 3359 1749 quod
3419 1695 3438 1729 ι
3474 1677 3664 1748 paucis

2089 1777 2259 1832 multa
2291 1774 2756 1846 comprehendere
2790 1793 2809 1826 ι
2837 1773 2854 1804 ί
2886 1772 3066 1843 jubet,
3103 1771 3267 1842 idque
3289 1769 3491 1826 sectari
3513 1767 3663 1824 omni

411 1873 550 1948 μόνῃ
575 1874 863 1946 προσέχειν
891 1870 1080 1938 ἀξιοῦν
1101 1874 1226 1936 τοὺς
1246 1874 1377 1943 ἡμῖν
1398 1871 1740 1943 προσιόντας,
1763 1869 1985 1934 τούτους

2090 1866 2271 1923 studio
2310 1867 2549 1930 annitar,
2580 1866 2961 1921 tantummodo
2989 1864 3296 1928 additurus,
3324 1877 3446 1934 quae
3474 1875 3664 1918 ansam

405 1964 463 2019 δέ
492 1964 587 2020 καὶ
617 1961 824 2019 πείθειν
856 1963 1006 2017 οὐδὲν
1045 1961 1227 2028 πλέον,
1263 1962 1297 2034 ἢ
1332 1962 1472 2031 σφᾶς
1504 1962 1701 2024 αὐτοὺς
1732 1959 1987 2031 θρεμμά-

407 2074 515 2111 των
535 2057 745 2127 ἀλόγων
770 2057 925 2128 δίκην
955 2056 1249 2127 μύσαντας,
1279 2053 1373 2109 καὶ
1395 2050 1453 2114 εὖ
1477 2052 1735 2125 ἀνδρείως
1762 2051 1987 2105 ἕπεσθαι

406 2146 515 2202 δεῖν
546 2148 914 2214 ἀνεξετάστως
947 2146 1119 2200 ἅπασι
1154 2148 1264 2210 τοῖς
1302 2147 1431 2216 παρ’
1459 2143 1613 2215 ἡμῶν
1654 2142 1985 2213 λεγομένοις,

408 2239 537 2312 παρ’
569 2239 598 2292 ὃ
629 2240 723 2294 καὶ
769 2239 995 2302 πιστοὺς
1039 2235 1396 2311 χρηματίζειν
1440 2236 1538 2305 τῆς
1588 2234 1783 2302 ἀλόγου
1829 2233 1987 2304 χάριν

407 2331 662 2395 πίστεωςο
701 2330 926 2394 είκότως
953 2327 1141 2383 διελὼν
1168 2327 1268 2390 τὰς
1308 2325 1430 2380 καθ’
1462 2325 1618 2396 ἡμῶν
1644 2324 1898 2388 διαϐολὰς
1931 2325 1987 2376 ἐν

404 2424 472 2493 τῇ
520 2424 952 2495 προπαρασκευῇ
999 2419 1093 2473 τοῦ
1147 2417 1348 2481 παντὸς
1398 2416 1580 2486 λόγου,
1628 2415 1850 2489 πρώτην
1890 2416 1987 2486 μὲν

404 2511 504 2583 τὴν
548 2509 655 2563 τῶν
700 2509 975 2563 πολυθέων
1005 2506 1270 2579 ἐξεθέμην
1304 2505 1494 2570 ἐθνῶν,
1543 2504 1988 2573 ὲπεγκαλούντων

404 2604 561 2674 ἡμῖν,
598 2602 682 2656 ὅτι
716 2600 781 2673 δὴ
814 2600 922 2654 τῶν
958 2598 1203 2672 πατρίων
1228 2598 1365 2652 θεῶν
1392 2597 1693 2652 ἀποστάται
1722 2597 1988 2669 κατέστη-

408 2711 529 2766 μεν,
579 2695 673 2747 ἐπὶ
721 2694 864 2764 μέγα
910 2693 1165 2763 φαμένων
1213 2707 1294 2757 τε,
1351 2690 1434 2744 ὅτι
1478 2689 1547 2743 τὰ
1580 2687 1831 2761 βάρϐαρα
1878 2686 1987 2743 τῶν

415 2786 682 2858 Ἐλλήνων
714 2785 1216 2859 προτετιμήκαμεν,
1249 2782 1320 2837 τὰ
1348 2782 1476 2853 παρ’
1518 2780 1786 2852 Ἑϐραίοις
1808 2780 1989 2835 ἀσπα-

409 2877 631 2949 σάμενοι
659 2875 832 2946 λόγια·
851 2875 1109 2948 δευτέραν
1137 2874 1192 2928 δὲ
1215 2873 1310 2944 τὴν
1339 2872 1518 2926 αὐτῶν
1559 2871 1824 2927 Ἰουδαίων
1857 2888 1989 2924 κατ-

402 2968 652 3042 ηγορίαν,
696 2968 763 3021 δι’
797 2961 866 3039 ἧς
914 2968 1009 3020 καὶ
1050 2966 1207 3020 αὐτοὶ
1238 2961 1448 3029 δόξαιεν
1486 2963 1553 3018 ἂν
1595 2964 1727 3034 ἡμῖν
1764 2960 1986 3026 ἐνδίκως

354 3120 355 3123 η
403 3058 842 3132 ἐπιμέμφεσθαι,
876 3060 958 3113 ὅτι
986 3058 1059 3129 δὴ.
1080 3060 1200 3121 ταῖς
1221 3057 1400 3112 αὐτῶν
1429 3056 1673 3127 Γραφαῖς
1701 3051 1987 3125 καταχρώ-

406 3169 579 3224 μενοι.
605 3152 665 3205 οὐ
692 3151 782 3205 τὸν
809 3153 995 3222 ὅμοιον
1021 3150 1205 3211 αὐτοῖς
1238 3149 1467 3220 μέτιμεν
1487 3146 1582 3201 τοῦ
1618 3145 1733 3218 βίου
1760 3146 1983 3218 τρόπον.

2090 1960 2370 2031 praebeant
2410 1958 2834 2014 considerandis
2867 1968 2922 2012 et
2947 1955 3314 2029 intelligendis
3351 1956 3507 2022 locis,
3541 1970 3666 2027 per-

2087 2050 2445 2120 spicuamque
2478 2063 2670 2103 eorum
2696 2064 2817 2119 qua:
2850 2048 2917 2103 ad
2959 2049 3296 2119 propositum
3331 2047 3538 2103 faciunt
3581 2046 3668 2101 in-

2087 2140 2531 2209 terpretationem
2561 2140 2820 2196 exhibere
2862 2152 3085 2211 queant.
3125 2138 3230 2196 Sed
3270 2141 3665 2212 prooemiorum

2086 2232 2307 2302 quidem
2360 2233 2495 2286 satis
2531 2232 2682 2298 :jam
2723 2233 3223 2289 dembnstrutiones
3268 2234 3439 2288 ordiri
3486 2233 3661 2303 juvat.

2084 2324 2223 2380 Cum
2252 2324 2399 2380 enim
2435 2323 2696 2394 frequens
2728 2324 2889 2380 nobis
2918 2325 3269 2380 insultaverit
3306 2325 3666 2397 sycophanta-

2084 2433 2208 2473 rum
2256 2416 2573 2483 multitudo,
2614 2416 3001 2472 afiirmantium
3043 2417 3183 2472 nihil
3219 2433 3321 2473 nos
3353 2431 3517 2488 posse
3558 2419 3668 2473 evi-

2086 2508 2236 2564 denti
2272 2510 2519 2565 veritatis
2554 2509 2873 2565 ostensione
2898 2510 3298 2575 demonstrare,
3328 2510 3422 2567 sed
3450 2518 3664 2566 tantum

2085 2599 2246 2664 velle,
2280 2606 2340 2652 ut
2366 2599 2593 2654 credant
2621 2598 2715 2669 qui
2750 2598 2819 2653 ad
2862 2614 2964 2655 nos
2989 2600 3233 2665 veniunt,
3279 2608 3442 2671 atque
3473 2600 3550 2655 ita
3582 2609 3670 2654 at-

2087 2687 2360 2744 tendant:
2395 2704 2575 2760 neque
2627 2690 2776 2744 aliud
2830 2690 3130 2761 quidquam
3183 2692 3293 2747 illis
3340 2706 3665 2762 persuasum

2088 2780 2177 2842 iri,
2207 2797 2370 2853 quam
2398 2790 2458 2837 ut
2474 2783 2759 2839 hrutorum
2778 2797 3037 2854 pecorum
3058 2799 3230 2850 more,
3260 2799 3407 2841 caeco
3435 2785 3664 2856 impetu,

2088 2871 2338 2943 nihilque
2374 2872 2759 2930 examinantes
2798 2881 3021 2929 strenue
3061 2875 3441 2945 obsequantur
3484 2875 3667 2930 omni-

2087 2960 2192 3018 bus
2215 2979 2556 3035 qutecunque
2599 2980 2630 3019 a
2659 2964 2821 3021 nobis
2853 2965 3136 3032 dicuntur,
3166 2965 3310 3023 unde
3337 2966 3503 3023 etiam
3531 2965 3665 3022 fide-

2086 3053 2169 3111 les
2224 3056 2341 3110 sive
2383 3056 2640 3113 credulos
2694 3056 2789 3113 ab»
2817 3057 2975 3113 bruta
3028 3058 3354 3115 credulitate
3401 3058 3664 3131 appellari

2087 3145 2390 3216 contingat.
2437 3146 2573 3201 llinc
2621 3162 2734 3202 non
2776 3146 2848 3203 ah
2877 3163 2940 3204 re
2990 3147 3311 3205 dividendas
3348 3165 3470 3221 quae
3504 3150 3666 3208 nobis

407 3243 624 3298 Τούτων
647 3243 694 3296 δ’
722 3242 895 3306 οὕτως
924 3245 1054 3315 ἡμῖν
1086 3240 1571 3313 διευκρινημένων,
1600 3239 1735 3311 πρὸς
1763 3238 1859 3310 μέν
1886 3236 1983 3311 τὴν

2088 3237 2429 3308 objiciuntur
2468 3240 2777 3296 calumnias
2802 3240 3135 3307 existimavi,
3170 3250 3335 3313 atque
3362 3243 3418 3298 in
3449 3258 3665 3314 praepa-

406 3335 650 3407 πρώτην,
670 3334 746 3399 ὡς
761 3329 872 3389 οἶόν
898 3352 957 3387 τε
979 3329 1068 3405 ἦν,
1088 3333 1176 3387 διά
1199 3334 1297 3403 τῆς
1322 3331 1735 3403 Εὑαγγελικῆς
1761 3335 1986 3399 Προπον-

2088 3333 2303 3388 ratione
2340 3333 2580 3388 universi
2611 3334 2814 3403 operis,
2847 3334 3025 3405 primo
3060 3336 3278 3406 quidem
3322 3337 3466 3404 loco,
3514 3338 3663 3392 illam

400 3425 708 3496 ρασκευῆς
738 3426 1153 3497 ἀπηντήσαμεν,
1199 3422 1455 3494 Ἕλληνες
1488 3423 1588 3494 μὲν
1620 3418 1759 3476 εἶναι
1794 3422 1985 3494 τοπρὶν

402 3516 850 3587 ὁμολογήσαντες,
875 3516 970 3569 καὶ
995 3514 1057 3580 ἐξ
1077 3515 1278 3585 ἐτέρων
1300 3512 1469 3567 ἐθνῶν
1501 3512 1571 3567 τά
1603 3513 1868 3586 Ἑλλήνων
1896 3531 1988 3567 πε-

404 3604 758 3676 φρονηκότες,
801 3606 868 3658 ἐκ
908 3604 1163 3677 πατέρων
1206 3620 1265 3657 τε
1303 3606 1375 3675 τῇ
1418 3602 1663 3672 πολυθέῳ
1696 3602 1875 3674 πλάνῃ
1901 3603 1986 3655 δε-

401 3695 746 3767 δουλωμένοι·
790 3696 851 3750 οὐ
902 3694 1009 3768 μὴν
1060 3694 1241 3767 μέντοι
1287 3696 1467 3767 ἀλόγῳ
1512 3696 1605 3749 καὶ
1648 3694 1986 3764 ἀνεξετάστῳ

401 3787 568 3860 ὁρμῇ,
600 3787 780 3860 κρίσει
806 3787 863 3841 δὲ
889 3788 981 3841 κα)⁸
1008 3786 1245 3859 σώφρονι
1277 3786 1522 3858 λογισμῷ
1555 3786 1983 3858 μετατιθέμενοι,

396 3862 501 3951 τήν
532 3896 595 3934 τε
618 3880 748 3950 περὶ
773 3879 842 3933 τὰ
882 3878 1146 3950 Ἐὸραίων
1178 3878 1335 3947 λόγια
1377 3878 1613 3949 σπουδὴν
1642 3877 1986 3949 κεκριμένως

401 3972 534 4041 ἡμῖν
560 3968 654 4028 καὶ
681 3968 917 4037 εὐλόγως
949 3968 1323 4040 γεγενημένην
1346 3970 1812 4040 παραστήσαντες.
1841 3967 1985 4039 Πρὸς

400 4061 458 4116 δὲ
488 4063 588 4133 τὴν
630 4061 888 4133 δευτέραν
916 4061 1037 4132 ὥρα
1065 4061 1157 4116 νῦν
1199 4060 1529 4135 φράξασθαι,
1575 4062 1670 4115 καὶ
1706 4061 1767 4114 τὸ
1801 4061 1985 4115 λεῖπον

402 4155 649 4215 ἐπελθεῖν
690 4154 933 4227 σκέμμα’
970 4156 1128 4209 τοῦτο
1159 4155 1202 4209 δ’
1232 4151 1301 4228 ἦν
1341 4154 1477 4226 πρὸς
1511 4156 1637 4218 τοὺς
1668 4157 1733 4208 ἐκ
1764 4172 1984 4228 περιτο-

404 4250 532 4321 μῆς,
548 4246 701 4303 οὔπω
729 4248 821 4302 καὶ
843 4247 936 4304 νῦν
958 4247 1346 4320 ἐξητασμένον,
1387 4246 1618 4301 ἐνταῦθα
1639 4247 1698 4301 δέ
1729 4265 1827 4301 που
1845 4249 1985 4303 κατὰ

401 4341 590 4412 καιρὸν
608 4341 666 4394 ἐν
684 4342 796 4404 τοῖς
825 4339 1280 4411 σπουδαζομένας
1293 4340 1392 4411 τῆς
1415 4339 1828 4409 Εὑαγγελικῆς
1841 4341 1974 4395 ἀπο-

2088 3426 2331 3497 gentium
2365 3426 2567 3481 multos
2610 3426 2904 3481 colentium
2938 3427 3071 3483 deos
3099 3430 3352 3499 exposui,
3381 3432 3474 3500 qui
3506 3432 3667 3488 nobis

2085 3524 2306 3572 vertunt
2340 3517 2497 3583 vitio,
2542 3518 2687 3589 quod
2735 3506 3037 3589 patriorum
3078 3520 3309 3576 deorum
3354 3520 3667 3578 desertores

2088 3606 2219 3663 facti
2271 3624 2498 3674 sumus,
2546 3618 2603 3665 et
2642 3618 2923 3681 tanquam:
2952 3627 3211 3683 magnum
3264 3612 3471 3684 aliquid
3515 3615 3669 3685 obje-

2087 3704 2263 3767 ctant,
2294 3699 2442 3768 quod
2468 3699 2704 3754 barbara
2730 3699 2941 3774 Grecis
2962 3704 3305 3773 praetulimus
3327 3713 3382 3760 et
3411 3704 3669 3761 Hebraeo-

2086 3803 2209 3843 rum
2250 3790 2474 3845 oracula
2510 3789 2714 3846 fuimus
2752 3793 3005 3863 amplexi.
3043 3794 3286 3849 Alteram
3318 3812 3461 3857 vero
3485 3799 3670 3852 crimi-

2086 3881 2363 3936 nationem
2390 3882 2598 3936 illatam
2622 3896 2652 3936 a
2675 3880 2903 3963 Iudaeis,
2920 3899 3045 3954 'qua
3074 3892 3129 3941 et
3156 3886 3261 3955 ipsi
3288 3886 3544 3943 videntur
3564 3905 3667 3944 nos

2087 3971 2233 4027 haud
2274 3972 2479 4044 injuria
2521 3973 2943 4046 reprehendere,
2986 3977 3132 4047 quod
3182 3979 3542 4049 ipsorummet
3585 3995 3671 4036 sa—

2087 4064 2199 4121 cris
2228 4066 2312 4121 usi
2345 4066 2566 4131 litteris,
2597 4081 2708 4121 non
2746 4075 2935 4133 tamen
2967 4068 3215 4125 eamdem
3240 4069 3364 4128 vita:
3396 4072 3667 4128 rationem

2087 4166 2385 4215 sectamur.
2419 4159 2559 4215 Cum
2593 4160 2710 4215 haec
2738 4158 2903 4231 igitur
2941 4147 3038 4221 it'a,
3067 4161 3324 4219 distincte
3348 4165 3598 4235 exposita
3634 4179 3666 4218 a

2085 4252 2246 4308 nobis
2290 4251 2513 4319 fuerint,
2561 4253 2732 4324 priori
2771 4253 2991 4325 quidem
3042 4254 3435 4322 criminationi,
3470 4263 3532 4312 ut
3574 4272 3665 4313 res

2089 4341 2234 4410 tulit,
2271 4342 2328 4397 in
2358 4340 2763 4414 Prwparatione
2800 4342 3114 4415 Evangelia:
3136 4348 3501 4412 occurrimus,
3538 4363 3666 4404 con-

401 4431 644 4499 δείξεως
674 4431 1295 4504 ἀναπληρωθησόμενον.
1318 4432 1454 4503 Φέρε
1469 4427 1585 4499 οὖν,
1617 4431 1706 4485 τὸν
1729 4432 1986 4486 ἁπάντων

2088 4429 2219 4487 fessi
2263 4432 2514 4490 ethnicos
2560 4434 2719 4490 initio
2762 4449 2866 4491 nos
2900 4433 3073 4491 fuisse
3123 4444 3290 4508 atque
3333 4454 3403 4495 ex
3449 4438 3665 4494 caeteris

417 4526 687 4581 Ἰουδαίων
715 4542 777 4580 τε
808 4524 905 4578 καὶ
953 4524 1222 4596 Ἐλλήνων
1255 4523 1389 4579 Θεὸν
1418 4524 1485 4578 δι’
1526 4523 1690 4578 αύτοῦ
1735 4523 1831 4578 τοῦ
1872 4525 1986 4578 Σω-

2088 4524 2368 4595 gentihus,
2414 4526 2638 4585 Graecos
2673 4542 2977 4600 eorumque
3018 4529 3306 4601 opiniones
3334 4532 3663 4603 praetulisse.

405 4617 569 4688 τῆρος
596 4614 755 4687 ήμῶν
791 4583 1265 4687 ἐπικαλεσάμενοι,
1300 4614 1517 4686 πρῶτον
1552 4617 1732 4668 ἐκεῖνο
1768 4614 1984 4668 διασκε-

2088 4583 2119 4595 ,,
2354 4583 2366 4592 ,
2586 4583 2630 4585 ν-
2688 4583 2699 4587 -
2767 4583 2785 4588 _
2878 4583 2904 4600 ς
2958 4583 2965 4584 κ
3030 4583 3077 4601 ἡ,
3115 4583 3145 4584 η
3181 4583 3301 4587 -_--_
3336 4583 3663 4603 r----_-----.

2090 4625 2252 4688 atque
2291 4634 2321 4673 a
2346 4621 2665 4689 parentibus
2691 4624 2868 4679 errori
2912 4625 3115 4680 multos
3146 4624 3348 4679 colenti
3378 4625 3511 4681 deos
3548 4640 3668 4681 ser—

404 4706 655 4779 ψὼμεθα,
681 4709 764 4774 τίς
783 4710 812 4762 ὁ
828 4708 1031 4781 τρόπος
1055 4707 1315 4777 τυγχάνει
1343 4706 1444 4777 τῆς
1471 4705 1590 4760 καθ’
1616 4708 1764 4778 ἡμᾶς
1784 4707 1983 4772 αὐτοὺς

2087 4711 2275 4766 viisse.
2325 4710 2655 4784 Neutiquam
2714 4724 2896 4772 autem
2948 4719 3147 4774 insano
3197 4719 3399 4789 impetu
3451 4726 3506 4773 et
3546 4718 3671 4773 sine

407 4795 710 4862 θεοσεδείας
728 4814 742 4829 ο
797 4799 857 4852 ἐν
905 4795 1090 4869 ταυτῷ
1134 4795 1190 4849 δέ
1238 4796 1334 4852 καὶ
1379 4795 1488 4851 τῶν
1540 4796 1983 4869 ἐπιζητουμένων

2089 4804 2342 4861 examine
2387 4816 2774 4867 nos;mutasse
2801 4813 3171 4878 sententiam,
3217 4812 3315 4867 sed
3338 4809 3550 4881 judicio
3576 4827 3669 4866 so-

410 4892 656 4949 ἁπάντων
686 4892 1021 4966 ἐπιθήσομεν
1050 4891 1149 4957 τὰς
1181 4893 1385 4957 λύσεις.

2093 4898 2323 4971 hriaque
2361 4902 2598 4972 ratione,
2631 4904 2873 4961 studium
2898 4904 3291 4961 Hebraicorum
3317 4902 3666 4958 oraculorum

408 4988 684 5063 amplexos
716 4992 972 5062 prudenti
1019 4988 1332 5062 cognitione
1375 4996 1432 5044 et
1475 5004 1612 5047 sano
1644 4990 1878 5048 consilio
1928 4990 1985 5047 id
2012 5007 2116 5050 nos
2167 4995 2365 5054 fecisse
2424 4999 2735 5058 docuimus.
2795 4985 3072 5058 Adversus
3103 5002 3328 5057 alteram
3368 5014 3531 5069 porro
3557 5001 3668 5054 cri-

408 5086 758 5143 minationem
784 5094 896 5158 jam
951 5103 1053 5144 nos
1095 5099 1312 5144 armare
1354 5094 1569 5156 tempus
1614 5092 1720 5152 est,
1765 5093 1822 5144 et
1871 5089 2019 5160 quod
2076 5101 2327 5163 superest
2362 5096 2681 5166 certaminis
2725 5099 2917 5155 ooire:
2955 5105 3041 5154 est
3088 5104 3269 5152 autem
3299 5095 3404 5151 hoc
3442 5110 3567 5150 eum
3598 5096 3666 5152 iis

407 5186 495 5255 qui
539 5198 608 5238 ex
634 5183 1055 5241 circumcisione
1084 5195 1235 5250 sunt,
1268 5185 1510 5241 nondum
1554 5182 1744 5241 adhuc
1779 5199 1811 5239 a
1851 5187 2013 5243 nobis
2064 5190 2424 5255 exantlatum,
2479 5193 2734 5262 praesenti
2770 5203 2952 5249 autem
2993 5194 3319 5248 tractatione
3356 5198 3666 5261 opportune

409 5279 465 5332 in
516 5275 604 5331 his
655 5278 750 5347 qui
807 5291 920 5347 prae
977 5280 1231 5335 manibus
1284 5289 1435 5348 sunt,
1493 5281 1975 5338 Demonstratiam's
2030 5281 2360 5356 Evangelia:
2403 5287 2561 5346 libris
2607 5289 3021 5346 absolvendum.
3093 5287 3208 5358 Age
3254 5287 3450 5359 igitur,
3516 5300 3667 5341 com-

406 5371 559 5426 muni
611 5370 706 5426 illo
770 5371 1014 5426 omnium
1061 5371 1373 5431 Judazorum
1421 5377 1629 5448 pariter
1674 5392 1740 5435 ac
1771 5379 2015 5451 gentium
2065 5379 2196 5447 Deo,
2234 5395 2334 5452 per
2378 5383 2674 5453 ipsummet
2721 5383 3059 5439 Salvatorem
3101 5389 3349 5439 nostrum
3388 5381 3663 5446 invocato,

409 5469 641 5538 primum
685 5466 819 5523 illud
862 5467 1235 5538 inquiremus,
1285 5474 1511 5543 quinam
1568 5474 1765 5532 modus
1817 5484 1872 5531 et
1924 5491 2046 5547 quae
2085 5477 2227 5532 ratio
2276 5479 2459 5533 cultus
2512 5479 2690 5535 nostri
2746 5479 2817 5534 sit
2861 5493 2972 5551 quo
3014 5477 3185 5534 Deum
3239 5476 3660 5548 prosequimur:

408 5578 533 5619 cum
569 5562 672 5619 hoc
703 5561 824 5634 ipso
850 5561 998 5621 enim
1041 5574 1096 5621 et
1123 5565 1463 5639 singulorum
1522 5585 1645 5641 quae
1681 5578 1914 5643 possunt
1949 5571 2006 5627 in
2045 5573 2402 5644 quaestionem
2439 5572 2645 5638 venire,
2686 5572 3016 5629 solutionem
3050 5570 3434 5642 adjungemus.

484 5831 499 5862 ⁸
541 5829 722 5896 Εεοιίρλ
773 5848 964 5901 xxxii;
997 5834 1069 5891 al.
1114 5851 1280 5899 xxxv,
1322 5838 1410 5892 ll.
