  <div class='ocr_page' id='page_1' title='image "/cluster/home/n/w/nwhite01/storage/ocr_20150623/22:no.4/coo.31924054873025/026.png"; bbox 0 0 4106 6468; ppageno 0'>
   <div class='ocr_carea' id='block_1_1' title="bbox 386 422 3648 486">
    <p class='ocr_par' dir='ltr' id='par_1_1' title="bbox 386 422 3648 486">
     <span class='ocr_line' id='line_1_1' title="bbox 386 422 3648 486; baseline 0.001 -5"><span class='ocrx_word' id='word_1_1' title='bbox 386 424 457 481; x_wconf 74' lang='lat'><strong>25</strong></span> <span class='ocrx_word' id='word_1_2' title='bbox 1313 422 1973 486; x_wconf 71' lang='lat' dir='ltr'><strong>DEMONSTRATIONIS</strong></span> <span class='ocrx_word' id='word_1_3' title='bbox 2004 423 2467 484; x_wconf 66' lang='lat' dir='ltr'><strong>EVANGELICE</strong></span> <span class='ocrx_word' id='word_1_4' title='bbox 2508 426 2635 483; x_wconf 75' lang='lat' dir='ltr'><strong>LIB.</strong></span> <span class='ocrx_word' id='word_1_5' title='bbox 2671 425 2713 483; x_wconf 90' lang='grc'><strong>1.</strong></span> <span class='ocrx_word' id='word_1_6' title='bbox 3575 429 3648 484; x_wconf 74' lang='lat'><strong>2‘5</strong></span> 
     </span>
    </p>
   </div>
   <div class='ocr_carea' id='block_1_2' title="bbox 389 538 1946 621">
    <p class='ocr_par' dir='ltr' id='par_1_2' title="bbox 389 543 1946 621">
     <span class='ocr_line' id='line_1_2' title="bbox 389 543 1946 621; baseline 0.001 -23"><span class='ocrx_word' id='word_1_7' title='bbox 389 543 545 607; x_wconf 73' lang='grc' dir='ltr'>ἐκτὸς</span> <span class='ocrx_word' id='word_1_8' title='bbox 581 544 862 615; x_wconf 77' lang='grc' dir='ltr'><strong>γεγονότες</strong></span> <span class='ocrx_word' id='word_1_9' title='bbox 915 548 1345 621; x_wconf 80' lang='grc' dir='ltr'><strong>ἀπεδείχθησαν,</strong></span> <span class='ocrx_word' id='word_1_10' title='bbox 1376 550 1526 620; x_wconf 82' lang='grc' dir='ltr'>ὅμως</span> <span class='ocrx_word' id='word_1_11' title='bbox 1569 565 1632 618; x_wconf 85' lang='grc' dir='ltr'><strong>γε</strong></span> <span class='ocrx_word' id='word_1_12' title='bbox 1682 547 1787 620; x_wconf 80' lang='grc' dir='ltr'>μὴν</span> <span class='ocrx_word' id='word_1_13' title='bbox 1836 544 1946 600; x_wconf 74' lang='grc' dir='ltr'>οὔτε</span> 
     </span>
    </p>
   </div>
   <div class='ocr_carea' id='block_1_3' title="bbox 2046 538 3636 621">
    <p class='ocr_par' dir='ltr' id='par_1_3' title="bbox 2060 545 3636 610">
     <span class='ocr_line' id='line_1_3' title="bbox 2060 545 3636 610; baseline 0.004 -9"><span class='ocrx_word' id='word_1_14' title='bbox 2060 545 2264 601; x_wconf 85' lang='lat' dir='ltr'><strong>ethnici</strong></span> <span class='ocrx_word' id='word_1_15' title='bbox 2290 554 2475 603; x_wconf 79' lang='lat' dir='ltr'><strong>essent</strong></span> <span class='ocrx_word' id='word_1_16' title='bbox 2503 563 2605 605; x_wconf 87' lang='lat' dir='ltr'><strong>nec</strong></span> <span class='ocrx_word' id='word_1_17' title='bbox 2645 548 2841 610; x_wconf 64' lang='lat' dir='ltr'><strong>Judmi,</strong></span> <span class='ocrx_word' id='word_1_18' title='bbox 2891 548 3002 605; x_wconf 89' lang='lat' dir='ltr'><strong>Deo</strong></span> <span class='ocrx_word' id='word_1_19' title='bbox 3021 549 3219 606; x_wconf 86' lang='lat' dir='ltr'><strong>charos</strong></span> <span class='ocrx_word' id='word_1_20' title='bbox 3279 549 3636 608; x_wconf 74' lang='lat' dir='ltr'><strong>nihilominus</strong></span> 
     </span>
    </p>
   </div>
   <div class='ocr_carea' id='block_1_4' title="bbox 390 633 1964 710">
    <p class='ocr_par' dir='ltr' id='par_1_4' title="bbox 390 633 1964 710">
     <span class='ocr_line' id='line_1_4' title="bbox 390 633 1964 710; baseline 0.004 -24"><span class='ocrx_word' id='word_1_21' title='bbox 390 633 652 705; x_wconf 81' lang='grc' dir='ltr'>’Έλληνες</span> <span class='ocrx_word' id='word_1_22' title='bbox 675 638 798 693; x_wconf 83' lang='grc' dir='ltr'>οὐτε</span> <span class='ocrx_word' id='word_1_23' title='bbox 833 639 1074 693; x_wconf 83' lang='grc' dir='ltr'>Ἰουδαῖοι</span> <span class='ocrx_word' id='word_1_24' title='bbox 1107 640 1303 710; x_wconf 79' lang='grc' dir='ltr'><strong>φύντες</strong></span> <span class='ocrx_word' id='word_1_25' title='bbox 1322 681 1336 705; x_wconf 91' lang='grc'><strong>,</strong></span> <span class='ocrx_word' id='word_1_26' title='bbox 1390 639 1652 710; x_wconf 78' lang='grc' dir='ltr'>θεοφιλεῖς</span> <span class='ocrx_word' id='word_1_27' title='bbox 1684 638 1964 708; x_wconf 82' lang='grc' dir='ltr'>γεγονέναι</span> 
     </span>
    </p>
   </div>
   <div class='ocr_carea' id='block_1_5' title="bbox 392 725 1964 798">
    <p class='ocr_par' dir='ltr' id='par_1_5' title="bbox 392 725 1964 798">
     <span class='ocr_line' id='line_1_5' title="bbox 392 725 1964 798; baseline 0.004 -23"><span class='ocrx_word' id='word_1_28' title='bbox 392 725 859 798; x_wconf 83' lang='grc' dir='ltr'>μεμαρτύρηνται,</span> <span class='ocrx_word' id='word_1_29' title='bbox 878 732 972 784; x_wconf 72' lang='grc' dir='ltr'><strong>καὶ</strong></span> <span class='ocrx_word' id='word_1_30' title='bbox 999 730 1195 785; x_wconf 83' lang='grc' dir='ltr'>δίκαιοι</span> <span class='ocrx_word' id='word_1_31' title='bbox 1225 733 1318 786; x_wconf 77' lang='grc' dir='ltr'>καὶ</span> <span class='ocrx_word' id='word_1_32' title='bbox 1342 731 1605 794; x_wconf 83' lang='grc' dir='ltr'>εὐσεϐεῖς,</span> <span class='ocrx_word' id='word_1_33' title='bbox 1628 732 1675 783; x_wconf 82' lang='grc' dir='ltr'>εἰ</span> <span class='ocrx_word' id='word_1_34' title='bbox 1703 729 1795 782; x_wconf 79' lang='grc' dir='ltr'><strong>καί</strong></span> <span class='ocrx_word' id='word_1_35' title='bbox 1822 745 1964 792; x_wconf 85' lang='grc' dir='ltr'>τινες</span> 
     </span>
    </p>
   </div>
   <div class='ocr_carea' id='block_1_6' title="bbox 387 811 1961 894">
    <p class='ocr_par' dir='ltr' id='par_1_6' title="bbox 387 811 1961 894">
     <span class='ocr_line' id='line_1_6' title="bbox 387 811 1961 894; baseline 0.003 -26"><span class='ocrx_word' id='word_1_36' title='bbox 387 815 553 869; x_wconf 68' lang='grc' dir='ltr'>ἄλλον</span> <span class='ocrx_word' id='word_1_37' title='bbox 582 816 700 888; x_wconf 86' lang='grc' dir='ltr'>ὥρα</span> <span class='ocrx_word' id='word_1_38' title='bbox 726 820 908 891; x_wconf 88' lang='grc' dir='ltr'>τρίτον</span> <span class='ocrx_word' id='word_1_39' title='bbox 934 824 1170 877; x_wconf 77' lang='grc' dir='ltr'>ἐπινοεῖν</span> <span class='ocrx_word' id='word_1_40' title='bbox 1208 822 1516 886; x_wconf 81' lang='grc' dir='ltr'>θεοσεϐείας</span> <span class='ocrx_word' id='word_1_41' title='bbox 1559 821 1781 894; x_wconf 80' lang='grc' dir='ltr'><strong>τρόπον,</strong></span> <span class='ocrx_word' id='word_1_42' title='bbox 1809 820 1874 873; x_wconf 80' lang='grc' dir='ltr'>δι’</span> <span class='ocrx_word' id='word_1_43' title='bbox 1900 811 1961 873; x_wconf 76' lang='grc' dir='ltr'>οὗ</span> 
     </span>
    </p>
   </div>
   <div class='ocr_carea' id='block_1_7' title="bbox 387 907 1962 985">
    <p class='ocr_par' dir='ltr' id='par_1_7' title="bbox 387 907 1962 985">
     <span class='ocr_line' id='line_1_7' title="bbox 387 907 1962 985; baseline 0.004 -27"><span class='ocrx_word' id='word_1_44' title='bbox 387 907 723 978; x_wconf 85' lang='grc' dir='ltr'>κατορθῶσαι</span> <span class='ocrx_word' id='word_1_45' title='bbox 745 913 891 976; x_wconf 78' lang='grc' dir='ltr'>είκδς</span> <span class='ocrx_word' id='word_1_46' title='bbox 914 909 981 984; x_wconf 79' lang='grc' dir='ltr'>ἦν</span> <span class='ocrx_word' id='word_1_47' title='bbox 1010 914 1225 978; x_wconf 87' lang='grc' dir='ltr'>αὐτούς.</span> <span class='ocrx_word' id='word_1_48' title='bbox 1250 915 1449 968; x_wconf 84' lang='grc' dir='ltr'>Σκόπει</span> <span class='ocrx_word' id='word_1_49' title='bbox 1473 911 1778 985; x_wconf 81' lang='grc' dir='ltr'>τοιγαροῦν,</span> <span class='ocrx_word' id='word_1_50' title='bbox 1810 914 1858 965; x_wconf 90' lang='grc' dir='ltr'><strong>εί</strong></span> <span class='ocrx_word' id='word_1_51' title='bbox 1888 929 1962 984; x_wconf 91' lang='grc' dir='ltr'><strong>μη</strong></span> 
     </span>
    </p>
   </div>
   <div class='ocr_carea' id='block_1_8' title="bbox 383 995 1965 1075">
    <p class='ocr_par' dir='ltr' id='par_1_8' title="bbox 383 995 1965 1075">
     <span class='ocr_line' id='line_1_8' title="bbox 383 995 1965 1075; baseline 0.006 -28"><span class='ocrx_word' id='word_1_52' title='bbox 383 995 526 1049; x_wconf 77' lang='grc' dir='ltr'>τοῦτ’</span> <span class='ocrx_word' id='word_1_53' title='bbox 562 999 694 1052; x_wconf 82' lang='grc' dir='ltr'>αὐτὸ</span> <span class='ocrx_word' id='word_1_54' title='bbox 735 996 822 1072; x_wconf 84' lang='grc' dir='ltr'>ἦν,</span> <span class='ocrx_word' id='word_1_55' title='bbox 864 1003 926 1056; x_wconf 83' lang='grc' dir='ltr'><strong>τὸ</strong></span> <span class='ocrx_word' id='word_1_56' title='bbox 967 1002 1168 1075; x_wconf 81' lang='grc' dir='ltr'>μεταξὺ</span> <span class='ocrx_word' id='word_1_57' title='bbox 1205 1003 1537 1075; x_wconf 82' lang='grc' dir='ltr'>Ἰουδαϊσμοῦ</span> <span class='ocrx_word' id='word_1_58' title='bbox 1572 1003 1665 1057; x_wconf 71' lang='grc' dir='ltr'><strong>καὶ</strong></span> <span class='ocrx_word' id='word_1_59' title='bbox 1722 1003 1965 1073; x_wconf 84' lang='grc' dir='ltr'>Ἐλληνι-</span> 
     </span>
    </p>
   </div>
   <div class='ocr_carea' id='block_1_9' title="bbox 386 1085 1963 1168">
    <p class='ocr_par' dir='ltr' id='par_1_9' title="bbox 386 1085 1963 1168">
     <span class='ocr_line' id='line_1_9' title="bbox 386 1085 1963 1168; baseline 0.006 -29"><span class='ocrx_word' id='word_1_60' title='bbox 386 1085 543 1157; x_wconf 82' lang='grc' dir='ltr'>σμοῦ,</span> <span class='ocrx_word' id='word_1_61' title='bbox 559 1088 739 1160; x_wconf 91' lang='grc' dir='ltr'>τρίτον</span> <span class='ocrx_word' id='word_1_62' title='bbox 764 1094 896 1164; x_wconf 80' lang='grc' dir='ltr'>ἡμῖν</span> <span class='ocrx_word' id='word_1_63' title='bbox 924 1095 1373 1168; x_wconf 82' lang='grc' dir='ltr'>ἀποδεδειγμένον</span> <span class='ocrx_word' id='word_1_64' title='bbox 1395 1095 1603 1167; x_wconf 88' lang='grc' dir='ltr'>τάγμα,</span> <span class='ocrx_word' id='word_1_65' title='bbox 1630 1095 1963 1150; x_wconf 85' lang='grc' dir='ltr'>παλαίτατον</span> 
     </span>
    </p>
   </div>
   <div class='ocr_carea' id='block_1_10' title="bbox 385 1179 1960 1261">
    <p class='ocr_par' dir='ltr' id='par_1_10' title="bbox 385 1179 1960 1261">
     <span class='ocr_line' id='line_1_10' title="bbox 385 1179 1960 1261; baseline 0.007 -29"><span class='ocrx_word' id='word_1_66' title='bbox 385 1179 484 1249; x_wconf 82' lang='grc' dir='ltr'>μὲν</span> <span class='ocrx_word' id='word_1_67' title='bbox 516 1182 612 1235; x_wconf 56' lang='grc' dir='ltr'><strong>καὶ⁸</strong></span> <span class='ocrx_word' id='word_1_68' title='bbox 643 1183 863 1241; x_wconf 85' lang='grc' dir='ltr'>πάντων</span> <span class='ocrx_word' id='word_1_69' title='bbox 905 1189 1171 1259; x_wconf 82' lang='grc' dir='ltr'>τυγχάνον</span> <span class='ocrx_word' id='word_1_70' title='bbox 1212 1189 1621 1261; x_wconf 86' lang='grc' dir='ltr'>πρεσϐύτατον,</span> <span class='ocrx_word' id='word_1_71' title='bbox 1669 1190 1864 1245; x_wconf 78' lang='grc' dir='ltr'>νεωστὶ</span> <span class='ocrx_word' id='word_1_72' title='bbox 1902 1189 1960 1243; x_wconf 84' lang='grc' dir='ltr'>δὲ</span> 
     </span>
    </p>
   </div>
   <div class='ocr_carea' id='block_1_11' title="bbox 379 1269 1958 1353">
    <p class='ocr_par' dir='ltr' id='par_1_11' title="bbox 379 1269 1958 1353">
     <span class='ocr_line' id='line_1_11' title="bbox 379 1269 1958 1353; baseline 0.009 -31"><span class='ocrx_word' id='word_1_73' title='bbox 379 1269 467 1323; x_wconf 83' lang='grc' dir='ltr'><strong>διὰ</strong></span> <span class='ocrx_word' id='word_1_74' title='bbox 498 1272 589 1326; x_wconf 76' lang='grc' dir='ltr'>τοῦ</span> <span class='ocrx_word' id='word_1_75' title='bbox 622 1276 894 1349; x_wconf 78' lang='grc' dir='ltr'>ἡμετέρου</span> <span class='ocrx_word' id='word_1_76' title='bbox 942 1280 1196 1353; x_wconf 75' lang='grc' dir='ltr'>Σωτῆρος</span> <span class='ocrx_word' id='word_1_77' title='bbox 1229 1282 1364 1333; x_wconf 79' lang='grc' dir='ltr'>πᾶσι</span> <span class='ocrx_word' id='word_1_78' title='bbox 1391 1285 1501 1346; x_wconf 85' lang='grc' dir='ltr'>τοῖς</span> <span class='ocrx_word' id='word_1_79' title='bbox 1544 1281 1720 1335; x_wconf 73' lang='grc' dir='ltr'>ἔθνεσι</span> <span class='ocrx_word' id='word_1_80' title='bbox 1750 1297 1958 1352; x_wconf 89' lang='grc' dir='ltr'>κατηγ-</span> 
     </span>
    </p>
   </div>
   <div class='ocr_carea' id='block_1_12' title="bbox 377 1364 1957 1446">
    <p class='ocr_par' dir='ltr' id='par_1_12' title="bbox 377 1364 1957 1446">
     <span class='ocr_line' id='line_1_12' title="bbox 377 1364 1957 1446; baseline 0.008 -29"><span class='ocrx_word' id='word_1_81' title='bbox 377 1364 658 1435; x_wconf 78' lang='grc' dir='ltr'>γελμένον.</span> <span class='ocrx_word' id='word_1_82' title='bbox 696 1369 806 1423; x_wconf 71' lang='grc' dir='ltr'><strong>Καὶ</strong></span> <span class='ocrx_word' id='word_1_83' title='bbox 853 1370 997 1425; x_wconf 82' lang='grc' dir='ltr'>τοῦτ’</span> <span class='ocrx_word' id='word_1_84' title='bbox 1028 1370 1095 1426; x_wconf 84' lang='grc' dir='ltr'>ἂν</span> <span class='ocrx_word' id='word_1_85' title='bbox 1130 1372 1216 1444; x_wconf 74' lang='grc' dir='ltr'><strong>εἴη</strong></span> <span class='ocrx_word' id='word_1_86' title='bbox 1245 1376 1274 1429; x_wconf 83' lang='grc' dir='ltr'>ὁ</span> <span class='ocrx_word' id='word_1_87' title='bbox 1327 1373 1809 1446; x_wconf 81' lang='grc' dir='ltr'>Χριστιανισμὸς,.</span> <span class='ocrx_word' id='word_1_88' title='bbox 1836 1371 1957 1426; x_wconf 78' lang='grc' dir='ltr'>οὕτε</span> 
     </span>
    </p>
   </div>
   <div class='ocr_carea' id='block_1_13' title="bbox 389 1457 1956 1538">
    <p class='ocr_par' dir='ltr' id='par_1_13' title="bbox 389 1457 1956 1538">
     <span class='ocr_line' id='line_1_13' title="bbox 389 1457 1956 1538; baseline 0.005 -29"><span class='ocrx_word' id='word_1_89' title='bbox 389 1457 738 1530; x_wconf 78' lang='grc' dir='ltr'>Ἑλληνισμός</span> <span class='ocrx_word' id='word_1_90' title='bbox 759 1479 841 1526; x_wconf 86' lang='grc' dir='ltr'><strong>τις</strong></span> <span class='ocrx_word' id='word_1_91' title='bbox 864 1461 957 1527; x_wconf 84' lang='grc' dir='ltr'>ὣν,</span> <span class='ocrx_word' id='word_1_92' title='bbox 976 1463 1100 1519; x_wconf 79' lang='grc' dir='ltr'>οὔτε</span> <span class='ocrx_word' id='word_1_93' title='bbox 1136 1466 1483 1538; x_wconf 81' lang='grc' dir='ltr'>Ἰουδαῖσμδς,</span> <span class='ocrx_word' id='word_1_94' title='bbox 1504 1466 1640 1521; x_wconf 88' lang='grc' dir='ltr'><strong>ἀλλά</strong></span> <span class='ocrx_word' id='word_1_95' title='bbox 1671 1466 1731 1520; x_wconf 81' lang='grc' dir='ltr'><strong>τὸ</strong></span> <span class='ocrx_word' id='word_1_96' title='bbox 1753 1464 1956 1537; x_wconf 82' lang='grc' dir='ltr'>μεταξὺ</span> 
     </span>
    </p>
   </div>
   <div class='ocr_carea' id='block_1_14' title="bbox 375 1550 1959 1633">
    <p class='ocr_par' dir='ltr' id='par_1_14' title="bbox 375 1550 1959 1633">
     <span class='ocr_line' id='line_1_14' title="bbox 375 1550 1959 1633; baseline 0.007 -30"><span class='ocrx_word' id='word_1_97' title='bbox 375 1550 608 1615; x_wconf 88' lang='grc' dir='ltr'>τούτων,</span> <span class='ocrx_word' id='word_1_98' title='bbox 644 1554 999 1611; x_wconf 85' lang='grc' dir='ltr'>παλαιότατον</span> <span class='ocrx_word' id='word_1_99' title='bbox 1033 1559 1317 1624; x_wconf 87' lang='grc' dir='ltr'>εὐσεϐείας</span> <span class='ocrx_word' id='word_1_100' title='bbox 1350 1560 1649 1633; x_wconf 85' lang='grc' dir='ltr'>πολίτευμα</span> <span class='ocrx_word' id='word_1_101' title='bbox 1672 1601 1686 1625; x_wconf 91' lang='grc'><strong>,</strong></span> <span class='ocrx_word' id='word_1_102' title='bbox 1726 1560 1821 1615; x_wconf 64' lang='grc' dir='ltr'><strong>καλ⁸</strong></span> <span class='ocrx_word' id='word_1_103' title='bbox 1858 1562 1959 1632; x_wconf 91' lang='grc' dir='ltr'>ἀρ-</span> 
     </span>
    </p>
   </div>
   <div class='ocr_carea' id='block_1_15' title="bbox 376 1643 1956 1724">
    <p class='ocr_par' dir='ltr' id='par_1_15' title="bbox 376 1643 1956 1724">
     <span class='ocr_line' id='line_1_15' title="bbox 376 1643 1956 1724; baseline 0.008 -31"><span class='ocrx_word' id='word_1_104' title='bbox 376 1643 634 1715; x_wconf 88' lang='grc' dir='ltr'>χαιοτάτη</span> <span class='ocrx_word' id='word_1_105' title='bbox 668 1646 767 1716; x_wconf 84' lang='grc' dir='ltr'><strong>μέν</strong></span> <span class='ocrx_word' id='word_1_106' title='bbox 789 1664 872 1712; x_wconf 88' lang='grc' dir='ltr'><strong>τις</strong></span> <span class='ocrx_word' id='word_1_107' title='bbox 906 1648 1213 1721; x_wconf 78' lang='grc' dir='ltr'>φιλοσοφία,</span> <span class='ocrx_word' id='word_1_108' title='bbox 1241 1652 1379 1724; x_wconf 84' lang='grc' dir='ltr'>πλὴν</span> <span class='ocrx_word' id='word_1_109' title='bbox 1410 1651 1544 1707; x_wconf 85' lang='grc' dir='ltr'><strong>ἀλλά</strong></span> <span class='ocrx_word' id='word_1_110' title='bbox 1569 1654 1763 1706; x_wconf 72' lang='grc' dir='ltr'>νεωστὶ</span> <span class='ocrx_word' id='word_1_111' title='bbox 1792 1654 1956 1707; x_wconf 81' lang='grc' dir='ltr'>πᾶσιν</span> 
     </span>
    </p>
   </div>
   <div class='ocr_carea' id='block_1_16' title="bbox 374 1731 1958 1816">
    <p class='ocr_par' dir='ltr' id='par_1_16' title="bbox 374 1731 1958 1816">
     <span class='ocr_line' id='line_1_16' title="bbox 374 1731 1958 1816; baseline 0.009 -32"><span class='ocrx_word' id='word_1_112' title='bbox 374 1731 681 1804; x_wconf 85' lang='grc' dir='ltr'>ἀνθρώποις</span> <span class='ocrx_word' id='word_1_113' title='bbox 708 1740 822 1803; x_wconf 83' lang='grc' dir='ltr'>τοῖς</span> <span class='ocrx_word' id='word_1_114' title='bbox 865 1739 985 1816; x_wconf 75' lang='grc' dir='ltr'>καθ’</span> <span class='ocrx_word' id='word_1_115' title='bbox 1019 1741 1147 1813; x_wconf 83' lang='grc' dir='ltr'>ὅλης</span> <span class='ocrx_word' id='word_1_116' title='bbox 1185 1743 1283 1815; x_wconf 81' lang='grc' dir='ltr'>τῆς</span> <span class='ocrx_word' id='word_1_117' title='bbox 1316 1744 1639 1816; x_wconf 79' lang='grc' dir='ltr'>οἰκουμένης</span> <span class='ocrx_word' id='word_1_118' title='bbox 1675 1744 1958 1816; x_wconf 88' lang='grc' dir='ltr'>νενομοθε-</span> 
     </span>
    </p>
   </div>
   <div class='ocr_carea' id='block_1_17' title="bbox 371 1813 1955 1906">
    <p class='ocr_par' dir='ltr' id='par_1_17' title="bbox 371 1813 1955 1906">
     <span class='ocr_line' id='line_1_17' title="bbox 371 1813 1955 1906; baseline 0.007 -29"><span class='ocrx_word' id='word_1_119' title='bbox 371 1825 613 1896; x_wconf 86' lang='grc' dir='ltr'>τημένη·</span> <span class='ocrx_word' id='word_1_120' title='bbox 646 1826 787 1882; x_wconf 86' lang='grc' dir='ltr'>ὥστε</span> <span class='ocrx_word' id='word_1_121' title='bbox 817 1813 910 1884; x_wconf 66' lang='grc' dir='ltr'>τεν</span> <span class='ocrx_word' id='word_1_122' title='bbox 951 1833 1009 1899; x_wconf 78' lang='grc' dir='ltr'>ἐξ</span> <span class='ocrx_word' id='word_1_123' title='bbox 1041 1813 1400 1904; x_wconf 76' lang='grc' dir='ltr'>Ἑλληνισμοῦ</span> <span class='ocrx_word' id='word_1_124' title='bbox 1437 1813 1530 1888; x_wconf 76' lang='grc' dir='ltr'>ἐπὶ</span> <span class='ocrx_word' id='word_1_125' title='bbox 1574 1813 1665 1890; x_wconf 76' lang='grc' dir='ltr'><strong>τὸν</strong></span> <span class='ocrx_word' id='word_1_126' title='bbox 1693 1813 1955 1906; x_wconf 83' lang='grc' dir='ltr'>Χριστια-</span> 
     </span>
    </p>
   </div>
   <div class='ocr_carea' id='block_1_18' title="bbox 370 1915 1947 1994">
    <p class='ocr_par' dir='ltr' id='par_1_18' title="bbox 370 1915 1947 1994">
     <span class='ocr_line' id='line_1_18' title="bbox 370 1915 1947 1994; baseline 0.005 -27"><span class='ocrx_word' id='word_1_127' title='bbox 370 1915 563 1985; x_wconf 83' lang='grc' dir='ltr'>νισμὸν</span> <span class='ocrx_word' id='word_1_128' title='bbox 593 1919 1012 1992; x_wconf 74' lang='grc' dir='ltr'>μετα-τιθέμενον</span> <span class='ocrx_word' id='word_1_129' title='bbox 1031 1922 1131 1975; x_wconf 92' lang='grc' dir='ltr'><strong>οὐκ</strong></span> <span class='ocrx_word' id='word_1_130' title='bbox 1157 1923 1249 1975; x_wconf 76' lang='grc' dir='ltr'>ἐπὶ</span> <span class='ocrx_word' id='word_1_131' title='bbox 1276 1922 1604 1994; x_wconf 80' lang='grc' dir='ltr'>Ἰουδαῖσμὸν</span> <span class='ocrx_word' id='word_1_132' title='bbox 1633 1923 1917 1976; x_wconf 78' lang='grc' dir='ltr'>ἐκπίπτειν</span> <span class='ocrx_word' id='word_1_133' title='bbox 1935 1940 1947 1953; x_wconf 81' lang='grc'><em>’</em></span> 
     </span>
    </p>
   </div>
   <div class='ocr_carea' id='block_1_19' title="bbox 371 2002 1954 2087">
    <p class='ocr_par' dir='ltr' id='par_1_19' title="bbox 371 2002 1954 2087">
     <span class='ocr_line' id='line_1_19' title="bbox 371 2002 1954 2087; baseline 0.006 -27"><span class='ocrx_word' id='word_1_134' title='bbox 371 2008 481 2061; x_wconf 85' lang='grc' dir='ltr'>οὐδ’</span> <span class='ocrx_word' id='word_1_135' title='bbox 512 2002 577 2062; x_wconf 78' lang='grc' dir='ltr'><strong>αὖ</strong></span> <span class='ocrx_word' id='word_1_136' title='bbox 612 2011 774 2064; x_wconf 88' lang='grc' dir='ltr'>πάλιν</span> <span class='ocrx_word' id='word_1_137' title='bbox 804 2014 869 2066; x_wconf 82' lang='grc' dir='ltr'>ὲκ</span> <span class='ocrx_word' id='word_1_138' title='bbox 895 2014 997 2084; x_wconf 78' lang='grc' dir='ltr'>τῆς</span> <span class='ocrx_word' id='word_1_139' title='bbox 1033 2012 1326 2087; x_wconf 80' lang='grc' dir='ltr'>Ἰουδαϊκῆς</span> <span class='ocrx_word' id='word_1_140' title='bbox 1346 2016 1796 2087; x_wconf 75' lang='grc' dir='ltr'>ἐθελοθρησκείας</span> <span class='ocrx_word' id='word_1_141' title='bbox 1824 2017 1954 2071; x_wconf 88' lang='grc' dir='ltr'>ἀνα-</span> 
     </span>
    </p>
   </div>
   <div class='ocr_carea' id='block_1_20' title="bbox 370 2100 1955 2179">
    <p class='ocr_par' dir='ltr' id='par_1_20' title="bbox 370 2100 1955 2179">
     <span class='ocr_line' id='line_1_20' title="bbox 370 2100 1955 2179; baseline 0.008 -27"><span class='ocrx_word' id='word_1_142' title='bbox 370 2100 683 2174; x_wconf 79' lang='grc' dir='ltr'>χωροῦντα,</span> <span class='ocrx_word' id='word_1_143' title='bbox 728 2105 892 2170; x_wconf 84' lang='grc' dir='ltr'>εὐθὺς</span> <span class='ocrx_word' id='word_1_144' title='bbox 916 2107 1152 2179; x_wconf 85' lang='grc' dir='ltr'>Ἕλληνα</span> <span class='ocrx_word' id='word_1_145' title='bbox 1193 2107 1480 2178; x_wconf 73' lang='grc' dir='ltr'>γενέσθαιο</span> <span class='ocrx_word' id='word_1_146' title='bbox 1512 2110 1603 2162; x_wconf 80' lang='grc' dir='ltr'><strong>τὸν</strong></span> <span class='ocrx_word' id='word_1_147' title='bbox 1629 2109 1687 2162; x_wconf 84' lang='grc' dir='ltr'>δὲ</span> <span class='ocrx_word' id='word_1_148' title='bbox 1721 2109 1779 2175; x_wconf 70' lang='grc' dir='ltr'><strong>ἐξ</strong></span> <span class='ocrx_word' id='word_1_149' title='bbox 1826 2111 1955 2164; x_wconf 78' lang='grc' dir='ltr'>ἑκα-</span> 
     </span>
    </p>
   </div>
   <div class='ocr_carea' id='block_1_21' title="bbox 367 2192 1951 2271">
    <p class='ocr_par' dir='ltr' id='par_1_21' title="bbox 367 2192 1951 2271">
     <span class='ocr_line' id='line_1_21' title="bbox 367 2192 1951 2271; baseline 0.004 -26"><span class='ocrx_word' id='word_1_150' title='bbox 367 2192 527 2265; x_wconf 79' lang='grc' dir='ltr'>τέρου</span> <span class='ocrx_word' id='word_1_151' title='bbox 558 2195 860 2267; x_wconf 82' lang='grc' dir='ltr'>τάγματος,</span> <span class='ocrx_word' id='word_1_152' title='bbox 902 2195 966 2250; x_wconf 78' lang='grc' dir='ltr'>ἔκ</span> <span class='ocrx_word' id='word_1_153' title='bbox 992 2216 1052 2251; x_wconf 88' lang='grc' dir='ltr'><strong>τε</strong></span> <span class='ocrx_word' id='word_1_154' title='bbox 1093 2196 1451 2271; x_wconf 85' lang='grc' dir='ltr'>Ἑλληνισμοῦ</span> <span class='ocrx_word' id='word_1_155' title='bbox 1484 2199 1579 2251; x_wconf 77' lang='grc' dir='ltr'><strong>καὶ</strong></span> <span class='ocrx_word' id='word_1_156' title='bbox 1618 2196 1951 2268; x_wconf 77' lang='grc' dir='ltr'>Ἰουδαῖσμοῦ</span> 
     </span>
    </p>
   </div>
   <div class='ocr_carea' id='block_1_22' title="bbox 372 2278 1953 2356">
    <p class='ocr_par' dir='ltr' id='par_1_22' title="bbox 372 2278 1953 2356">
     <span class='ocr_line' id='line_1_22' title="bbox 372 2278 1953 2356; baseline 0.005 -25"><span class='ocrx_word' id='word_1_157' title='bbox 372 2278 767 2353; x_wconf 84' lang='grc' dir='ltr'>μεθιστάμενον</span> <span class='ocrx_word' id='word_1_158' title='bbox 800 2284 894 2337; x_wconf 72' lang='grc' dir='ltr'>ἐπὶ</span> <span class='ocrx_word' id='word_1_159' title='bbox 939 2285 1030 2339; x_wconf 88' lang='grc' dir='ltr'><strong>τὸν</strong></span> <span class='ocrx_word' id='word_1_160' title='bbox 1059 2286 1225 2356; x_wconf 81' lang='grc' dir='ltr'>μέσον</span> <span class='ocrx_word' id='word_1_161' title='bbox 1272 2286 1529 2356; x_wconf 83' lang='grc' dir='ltr'>παριέναι</span> <span class='ocrx_word' id='word_1_162' title='bbox 1566 2286 1729 2356; x_wconf 83' lang='grc' dir='ltr'>νόμον</span> <span class='ocrx_word' id='word_1_163' title='bbox 1759 2298 1817 2338; x_wconf 88' lang='grc' dir='ltr'><strong>τε</strong></span> <span class='ocrx_word' id='word_1_164' title='bbox 1859 2286 1953 2340; x_wconf 75' lang='grc' dir='ltr'>καὶ</span> 
     </span>
    </p>
   </div>
   <div class='ocr_carea' id='block_1_23' title="bbox 369 2366 1952 2444">
    <p class='ocr_par' dir='ltr' id='par_1_23' title="bbox 369 2366 1952 2444">
     <span class='ocr_line' id='line_1_23' title="bbox 369 2366 1952 2444; baseline 0.004 -24"><span class='ocrx_word' id='word_1_165' title='bbox 369 2366 481 2437; x_wconf 88' lang='grc' dir='ltr'>βίον</span> <span class='ocrx_word' id='word_1_166' title='bbox 508 2369 600 2423; x_wconf 81' lang='grc' dir='ltr'><strong>τὸν</strong></span> <span class='ocrx_word' id='word_1_167' title='bbox 626 2370 732 2423; x_wconf 84' lang='grc' dir='ltr'><strong>τῶν</strong></span> <span class='ocrx_word' id='word_1_168' title='bbox 762 2371 931 2427; x_wconf 87' lang='grc' dir='ltr'>πάλαι</span> <span class='ocrx_word' id='word_1_169' title='bbox 959 2373 1223 2442; x_wconf 81' lang='grc' dir='ltr'>θεοφιλῶν</span> <span class='ocrx_word' id='word_1_170' title='bbox 1250 2375 1344 2426; x_wconf 76' lang='grc' dir='ltr'><strong>καὶ</strong></span> <span class='ocrx_word' id='word_1_171' title='bbox 1373 2373 1598 2427; x_wconf 84' lang='grc' dir='ltr'>δικαίων</span> <span class='ocrx_word' id='word_1_172' title='bbox 1629 2373 1862 2444; x_wconf 88' lang='grc' dir='ltr'>ἀνδρῶν,</span> <span class='ocrx_word' id='word_1_173' title='bbox 1891 2373 1952 2427; x_wconf 77' lang='grc' dir='ltr'>ὃν</span> 
     </span>
    </p>
   </div>
   <div class='ocr_carea' id='block_1_24' title="bbox 364 2463 1953 2540">
    <p class='ocr_par' dir='ltr' id='par_1_24' title="bbox 364 2463 1953 2540">
     <span class='ocr_line' id='line_1_24' title="bbox 364 2463 1953 2540; baseline 0.005 -26"><span class='ocrx_word' id='word_1_174' title='bbox 364 2463 394 2514; x_wconf 84' lang='grc' dir='ltr'>ὀ</span> <span class='ocrx_word' id='word_1_175' title='bbox 431 2463 624 2534; x_wconf 77' lang='grc' dir='ltr'>Σωτὴρ</span> <span class='ocrx_word' id='word_1_176' title='bbox 655 2466 750 2518; x_wconf 76' lang='grc' dir='ltr'><strong>καὶ</strong></span> <span class='ocrx_word' id='word_1_177' title='bbox 794 2467 1002 2537; x_wconf 82' lang='grc' dir='ltr'>Κύριος</span> <span class='ocrx_word' id='word_1_178' title='bbox 1049 2467 1225 2538; x_wconf 83' lang='grc' dir='ltr'>ήμῶν,</span> <span class='ocrx_word' id='word_1_179' title='bbox 1276 2467 1488 2540; x_wconf 85' lang='grc' dir='ltr'>μακρὸν</span> <span class='ocrx_word' id='word_1_180' title='bbox 1532 2466 1953 2538; x_wconf 80' lang='grc' dir='ltr'>ὲφησυχάσαντα</span> 
     </span>
    </p>
   </div>
   <div class='ocr_carea' id='block_1_25' title="bbox 365 2551 1949 2625">
    <p class='ocr_par' dir='ltr' id='par_1_25' title="bbox 365 2551 1949 2625">
     <span class='ocr_line' id='line_1_25' title="bbox 365 2551 1949 2625; baseline 0.006 -22"><span class='ocrx_word' id='word_1_181' title='bbox 365 2552 556 2623; x_wconf 85' lang='grc' dir='ltr'>χρόνον</span> <span class='ocrx_word' id='word_1_182' title='bbox 583 2596 598 2620; x_wconf 91' lang='grc'><strong>,</strong></span> <span class='ocrx_word' id='word_1_183' title='bbox 655 2551 810 2620; x_wconf 79' lang='grc' dir='ltr'>αὖθις</span> <span class='ocrx_word' id='word_1_184' title='bbox 860 2556 1199 2613; x_wconf 81' lang='grc' dir='ltr'>ἀνενεώσατο</span> <span class='ocrx_word' id='word_1_185' title='bbox 1248 2558 1554 2625; x_wconf 80' lang='grc' dir='ltr'>ἀκολούθως</span> <span class='ocrx_word' id='word_1_186' title='bbox 1619 2562 1731 2624; x_wconf 81' lang='grc' dir='ltr'>τοῖς</span> <span class='ocrx_word' id='word_1_187' title='bbox 1786 2558 1949 2613; x_wconf 80' lang='grc' dir='ltr'>αὐτοῦ</span> 
     </span>
    </p>
   </div>
   <div class='ocr_carea' id='block_1_26' title="bbox 364 2637 1950 2721">
    <p class='ocr_par' dir='ltr' id='par_1_26' title="bbox 364 2637 1950 2721">
     <span class='ocr_line' id='line_1_26' title="bbox 364 2637 1950 2721; baseline 0.009 -31"><span class='ocrx_word' id='word_1_188' title='bbox 364 2637 644 2705; x_wconf 83' lang='grc' dir='ltr'>Μωῦσέως</span> <span class='ocrx_word' id='word_1_189' title='bbox 679 2643 774 2697; x_wconf 74' lang='grc' dir='ltr'><strong>καὶ</strong></span> <span class='ocrx_word' id='word_1_190' title='bbox 817 2644 928 2697; x_wconf 88' lang='grc' dir='ltr'><strong>τῶν</strong></span> <span class='ocrx_word' id='word_1_191' title='bbox 976 2644 1179 2701; x_wconf 83' lang='grc' dir='ltr'>λοιπῶν</span> <span class='ocrx_word' id='word_1_192' title='bbox 1228 2647 1524 2721; x_wconf 81' lang='grc' dir='ltr'>προφητῶν</span> <span class='ocrx_word' id='word_1_193' title='bbox 1569 2649 1697 2721; x_wconf 78' lang='grc' dir='ltr'>περὶ</span> <span class='ocrx_word' id='word_1_194' title='bbox 1745 2648 1950 2704; x_wconf 91' lang='grc' dir='ltr'>τούτων</span> 
     </span>
    </p>
   </div>
   <div class='ocr_carea' id='block_1_27' title="bbox 363 2727 1949 2812">
    <p class='ocr_par' dir='ltr' id='par_1_27' title="bbox 363 2727 1949 2812">
     <span class='ocr_line' id='line_1_27' title="bbox 363 2727 1949 2812; baseline 0.01 -32"><span class='ocrx_word' id='word_1_195' title='bbox 363 2727 542 2782; x_wconf 83' lang='grc' dir='ltr'>αὐτῶν</span> <span class='ocrx_word' id='word_1_196' title='bbox 562 2728 949 2803; x_wconf 80' lang='grc' dir='ltr'>θεσπίσμασιν.</span> <span class='ocrx_word' id='word_1_197' title='bbox 993 2737 1081 2790; x_wconf 86' lang='grc' dir='ltr'>Ἐν</span> <span class='ocrx_word' id='word_1_198' title='bbox 1106 2736 1238 2807; x_wconf 76' lang='grc' dir='ltr'>γοῦν</span> <span class='ocrx_word' id='word_1_199' title='bbox 1266 2742 1381 2803; x_wconf 86' lang='grc' dir='ltr'>τοῖς</span> <span class='ocrx_word' id='word_1_200' title='bbox 1414 2740 1552 2811; x_wconf 85' lang='grc' dir='ltr'>πρὸς</span> <span class='ocrx_word' id='word_1_201' title='bbox 1572 2739 1664 2794; x_wconf 82' lang='grc' dir='ltr'><strong>τὸν</strong></span> <span class='ocrx_word' id='word_1_202' title='bbox 1698 2740 1949 2812; x_wconf 82' lang='grc' dir='ltr'>Ἀϐραὰμ</span> 
     </span>
    </p>
   </div>
   <div class='ocr_carea' id='block_1_28' title="bbox 363 2825 1948 2904">
    <p class='ocr_par' dir='ltr' id='par_1_28' title="bbox 363 2825 1948 2904">
     <span class='ocr_line' id='line_1_28' title="bbox 363 2825 1948 2904; baseline 0.008 -31"><span class='ocrx_word' id='word_1_203' title='bbox 363 2825 631 2893; x_wconf 78' lang='grc' dir='ltr'>χρησμοῖς</span> <span class='ocrx_word' id='word_1_204' title='bbox 658 2826 821 2891; x_wconf 81' lang='grc' dir='ltr'>αὐτὸς</span> <span class='ocrx_word' id='word_1_205' title='bbox 853 2830 881 2881; x_wconf 86' lang='grc' dir='ltr'>ό</span> <span class='ocrx_word' id='word_1_206' title='bbox 915 2829 1160 2900; x_wconf 80' lang='grc' dir='ltr'>Μωῦσῆς</span> <span class='ocrx_word' id='word_1_207' title='bbox 1205 2830 1515 2904; x_wconf 81' lang='grc' dir='ltr'>ἀναγράφει</span> <span class='ocrx_word' id='word_1_208' title='bbox 1545 2831 1837 2898; x_wconf 79' lang='grc' dir='ltr'>θεσπίζων,</span> <span class='ocrx_word' id='word_1_209' title='bbox 1872 2831 1948 2896; x_wconf 82' lang='grc' dir='ltr'>ὡς</span> 
     </span>
    </p>
   </div>
   <div class='ocr_carea' id='block_1_29' title="bbox 361 2912 1944 2996">
    <p class='ocr_par' dir='ltr' id='par_1_29' title="bbox 361 2912 1944 2996">
     <span class='ocr_line' id='line_1_29' title="bbox 361 2912 1944 2996; baseline 0.008 -32"><span class='ocrx_word' id='word_1_210' title='bbox 361 2912 445 2965; x_wconf 83' lang='grc' dir='ltr'><strong>δτι</strong></span> <span class='ocrx_word' id='word_1_211' title='bbox 476 2913 833 2988; x_wconf 84' lang='grc' dir='ltr'>μελλήσουσιν</span> <span class='ocrx_word' id='word_1_212' title='bbox 859 2920 917 2971; x_wconf 76' lang='grc' dir='ltr'>ἐν</span> <span class='ocrx_word' id='word_1_213' title='bbox 948 2919 1197 2992; x_wconf 84' lang='grc' dir='ltr'>ὑστέροις</span> <span class='ocrx_word' id='word_1_214' title='bbox 1229 2921 1360 2975; x_wconf 81' lang='grc' dir='ltr'>ποτὲ</span> <span class='ocrx_word' id='word_1_215' title='bbox 1393 2923 1624 2995; x_wconf 82' lang='grc' dir='ltr'>χρόνοις,</span> <span class='ocrx_word' id='word_1_216' title='bbox 1652 2925 1752 2996; x_wconf 83' lang='grc' dir='ltr'>οὐχ</span> <span class='ocrx_word' id='word_1_217' title='bbox 1773 2925 1822 2978; x_wconf 87' lang='grc' dir='ltr'>οἱ</span> <span class='ocrx_word' id='word_1_218' title='bbox 1853 2922 1944 2976; x_wconf 79' lang='grc' dir='ltr'>τοῦ</span> 
     </span>
    </p>
   </div>
   <div class='ocr_carea' id='block_1_30' title="bbox 376 3006 1944 3087">
    <p class='ocr_par' dir='ltr' id='par_1_30' title="bbox 376 3006 1944 3087">
     <span class='ocr_line' id='line_1_30' title="bbox 376 3006 1944 3087; baseline 0.009 -30"><span class='ocrx_word' id='word_1_219' title='bbox 376 3006 625 3078; x_wconf 76' lang='grc' dir='ltr'>Ἀϐραὰμ</span> <span class='ocrx_word' id='word_1_220' title='bbox 682 3009 979 3078; x_wconf 84' lang='grc' dir='ltr'>ἀπόγονοι,</span> <span class='ocrx_word' id='word_1_221' title='bbox 1038 3013 1147 3066; x_wconf 79' lang='grc' dir='ltr'>οὐδ’</span> <span class='ocrx_word' id='word_1_222' title='bbox 1180 3015 1228 3067; x_wconf 86' lang='grc' dir='ltr'>οἱ</span> <span class='ocrx_word' id='word_1_223' title='bbox 1281 3015 1346 3068; x_wconf 82' lang='grc' dir='ltr'>ὲκ</span> <span class='ocrx_word' id='word_1_224' title='bbox 1402 3014 1719 3087; x_wconf 85' lang='grc' dir='ltr'>σπέρματος</span> <span class='ocrx_word' id='word_1_225' title='bbox 1781 3016 1944 3071; x_wconf 81' lang='grc' dir='ltr'>αὐτοῦ</span> 
     </span>
    </p>
   </div>
   <div class='ocr_carea' id='block_1_31' title="bbox 372 3093 1948 3177">
    <p class='ocr_par' dir='ltr' id='par_1_31' title="bbox 372 3093 1948 3177">
     <span class='ocr_line' id='line_1_31' title="bbox 372 3093 1948 3177; baseline 0.008 -29"><span class='ocrx_word' id='word_1_226' title='bbox 372 3093 647 3151; x_wconf 87' lang='grc' dir='ltr'>Ἰουδαῖοι·</span> <span class='ocrx_word' id='word_1_227' title='bbox 697 3098 833 3152; x_wconf 86' lang='grc' dir='ltr'><strong>ἀλλά</strong></span> <span class='ocrx_word' id='word_1_228' title='bbox 885 3100 996 3173; x_wconf 80' lang='grc' dir='ltr'><strong>γάρ</strong></span> <span class='ocrx_word' id='word_1_229' title='bbox 1038 3105 1208 3157; x_wconf 82' lang='grc' dir='ltr'>πᾶσαι</span> <span class='ocrx_word' id='word_1_230' title='bbox 1234 3105 1291 3159; x_wconf 78' lang='lat' dir='ltr'><strong>ai</strong></span> <span class='ocrx_word' id='word_1_231' title='bbox 1332 3105 1495 3176; x_wconf 75' lang='grc' dir='ltr'>φυλαὶ</span> <span class='ocrx_word' id='word_1_232' title='bbox 1526 3105 1628 3177; x_wconf 82' lang='grc' dir='ltr'>τῆς</span> <span class='ocrx_word' id='word_1_233' title='bbox 1678 3106 1801 3176; x_wconf 82' lang='grc' dir='ltr'>γῆς.</span> <span class='ocrx_word' id='word_1_234' title='bbox 1853 3107 1948 3160; x_wconf 78' lang='grc' dir='ltr'><strong>καὶ</strong></span> 
     </span>
    </p>
   </div>
   <div class='ocr_carea' id='block_1_32' title="bbox 361 3188 2017 3286">
    <p class='ocr_par' dir='ltr' id='par_1_32' title="bbox 361 3188 2017 3286">
     <span class='ocr_line' id='line_1_32' title="bbox 361 3188 2017 3286; baseline 0.007 -44"><span class='ocrx_word' id='word_1_235' title='bbox 361 3188 550 3286; x_wconf 60' lang='grc' dir='ltr'><strong>πάντα⁸</strong></span> <span class='ocrx_word' id='word_1_236' title='bbox 570 3190 638 3286; x_wconf 78' lang='grc' dir='ltr'><strong>τά</strong></span> <span class='ocrx_word' id='word_1_237' title='bbox 659 3190 784 3262; x_wconf 75' lang='grc' dir='ltr'>ἔθνη</span> <span class='ocrx_word' id='word_1_238' title='bbox 807 3194 912 3286; x_wconf 6' lang='grc' dir='ltr'>,ἐπὶ</span> <span class='ocrx_word' id='word_1_239' title='bbox 934 3193 1010 3265; x_wconf 79' lang='grc' dir='ltr'><strong>τῷ</strong></span> <span class='ocrx_word' id='word_1_240' title='bbox 1035 3195 1206 3268; x_wconf 84' lang='grc' dir='ltr'>ὁμοίῳ</span> <span class='ocrx_word' id='word_1_241' title='bbox 1232 3197 1420 3269; x_wconf 83' lang='grc' dir='ltr'>τρόπῳ</span> <span class='ocrx_word' id='word_1_242' title='bbox 1446 3199 1548 3269; x_wconf 79' lang='grc' dir='ltr'>τῆς</span> <span class='ocrx_word' id='word_1_243' title='bbox 1575 3198 1669 3252; x_wconf 80' lang='grc' dir='ltr'>τοῦ</span> <span class='ocrx_word' id='word_1_244' title='bbox 1697 3198 1947 3273; x_wconf 77' lang='grc' dir='ltr'>’Δϐραάμ</span> <span class='ocrx_word' id='word_1_245' title='bbox 1973 3225 2017 3286; x_wconf 77' lang='lat' dir='ltr'>c</span> 
     </span>
    </p>
   </div>
   <div class='ocr_carea' id='block_1_33' title="bbox 360 3279 1943 3362">
    <p class='ocr_par' dir='ltr' id='par_1_33' title="bbox 360 3279 1943 3362">
     <span class='ocr_line' id='line_1_33' title="bbox 360 3279 1943 3362; baseline 0.009 -29"><span class='ocrx_word' id='word_1_246' title='bbox 360 3279 692 3349; x_wconf 84' lang='grc' dir='ltr'>θεοσεϐείας,</span> <span class='ocrx_word' id='word_1_247' title='bbox 740 3285 992 3354; x_wconf 85' lang='grc' dir='ltr'>εὐλογίας</span> <span class='ocrx_word' id='word_1_248' title='bbox 1046 3287 1198 3359; x_wconf 86' lang='grc' dir='ltr'><strong>παρά</strong></span> <span class='ocrx_word' id='word_1_249' title='bbox 1239 3288 1374 3342; x_wconf 78' lang='grc' dir='ltr'>Θεοῦ</span> <span class='ocrx_word' id='word_1_250' title='bbox 1419 3289 1943 3362; x_wconf 81' lang='grc' dir='ltr'>καταξιωθήσεσθαι.</span> 
     </span>
    </p>
   </div>
   <div class='ocr_carea' id='block_1_34' title="bbox 361 3375 1940 3457">
    <p class='ocr_par' dir='ltr' id='par_1_34' title="bbox 361 3375 1940 3457">
     <span class='ocr_line' id='line_1_34' title="bbox 361 3375 1940 3457; baseline 0.008 -31"><span class='ocrx_word' id='word_1_251' title='bbox 361 3375 566 3445; x_wconf 78' lang='grc' dir='ltr'>Γράφει</span> <span class='ocrx_word' id='word_1_252' title='bbox 604 3375 661 3429; x_wconf 83' lang='grc' dir='ltr'>δὲ</span> <span class='ocrx_word' id='word_1_253' title='bbox 693 3375 898 3442; x_wconf 81' lang='grc' dir='ltr'>οὕτως·</span> <span class='ocrx_word' id='word_1_254' title='bbox 930 3397 948 3430; x_wconf 81' lang='grc' dir='ltr'><strong>ι</strong></span> <span class='ocrx_word' id='word_1_255' title='bbox 981 3381 1092 3435; x_wconf 69' lang='grc' dir='ltr'>Καὶ</span> <span class='ocrx_word' id='word_1_256' title='bbox 1132 3376 1253 3435; x_wconf 77' lang='grc' dir='ltr'>εἶπε</span> <span class='ocrx_word' id='word_1_257' title='bbox 1302 3381 1509 3454; x_wconf 87' lang='grc' dir='ltr'>Κύριος</span> <span class='ocrx_word' id='word_1_258' title='bbox 1536 3382 1612 3453; x_wconf 83' lang='grc' dir='ltr'><strong>τῷ</strong></span> <span class='ocrx_word' id='word_1_259' title='bbox 1659 3381 1940 3457; x_wconf 73' lang='grc' dir='ltr'>’Δϐραάμ’</span> 
     </span>
    </p>
   </div>
   <div class='ocr_carea' id='block_1_35' title="bbox 363 3464 1941 3543">
    <p class='ocr_par' dir='ltr' id='par_1_35' title="bbox 363 3464 1941 3543">
     <span class='ocr_line' id='line_1_35' title="bbox 363 3464 1941 3543; baseline 0.006 -25"><span class='ocrx_word' id='word_1_260' title='bbox 363 3464 585 3531; x_wconf 78' lang='grc' dir='ltr'>Ἔξελθε</span> <span class='ocrx_word' id='word_1_261' title='bbox 610 3468 675 3521; x_wconf 80' lang='grc' dir='ltr'>ὲκ</span> <span class='ocrx_word' id='word_1_262' title='bbox 703 3469 804 3538; x_wconf 75' lang='grc' dir='ltr'>τῆς</span> <span class='ocrx_word' id='word_1_263' title='bbox 830 3470 934 3541; x_wconf 80' lang='grc' dir='ltr'>γῆς</span> <span class='ocrx_word' id='word_1_264' title='bbox 968 3486 1063 3523; x_wconf 93' lang='grc' dir='ltr'><strong>σου</strong></span> <span class='ocrx_word' id='word_1_265' title='bbox 1096 3471 1191 3525; x_wconf 70' lang='grc' dir='ltr'><strong>καὶ</strong></span> <span class='ocrx_word' id='word_1_266' title='bbox 1227 3474 1292 3526; x_wconf 83' lang='grc' dir='ltr'>ὲκ</span> <span class='ocrx_word' id='word_1_267' title='bbox 1324 3473 1425 3543; x_wconf 85' lang='grc' dir='ltr'>τῆς</span> <span class='ocrx_word' id='word_1_268' title='bbox 1464 3473 1782 3542; x_wconf 77' lang='grc' dir='ltr'>συγγενείας</span> <span class='ocrx_word' id='word_1_269' title='bbox 1825 3491 1941 3541; x_wconf 86' lang='grc' dir='ltr'>σου,</span> 
     </span>
    </p>
   </div>
   <div class='ocr_carea' id='block_1_36' title="bbox 359 3556 1940 3638">
    <p class='ocr_par' dir='ltr' id='par_1_36' title="bbox 359 3556 1940 3638">
     <span class='ocr_line' id='line_1_36' title="bbox 359 3556 1940 3638; baseline 0.007 -29"><span class='ocrx_word' id='word_1_270' title='bbox 359 3558 454 3610; x_wconf 72' lang='grc' dir='ltr'><strong>καὶ</strong></span> <span class='ocrx_word' id='word_1_271' title='bbox 477 3558 541 3611; x_wconf 82' lang='grc' dir='ltr'>ὲκ</span> <span class='ocrx_word' id='word_1_272' title='bbox 574 3556 667 3611; x_wconf 84' lang='grc' dir='ltr'>τοῦ</span> <span class='ocrx_word' id='word_1_273' title='bbox 699 3558 848 3614; x_wconf 79' lang='grc' dir='ltr'>οἴκου</span> <span class='ocrx_word' id='word_1_274' title='bbox 881 3559 975 3615; x_wconf 78' lang='grc' dir='ltr'>τοῦ</span> <span class='ocrx_word' id='word_1_275' title='bbox 1016 3564 1223 3635; x_wconf 86' lang='grc' dir='ltr'>πατρός</span> <span class='ocrx_word' id='word_1_276' title='bbox 1251 3580 1368 3629; x_wconf 86' lang='grc' dir='ltr'>σου,</span> <span class='ocrx_word' id='word_1_277' title='bbox 1388 3565 1485 3618; x_wconf 75' lang='grc' dir='ltr'>καὶ</span> <span class='ocrx_word' id='word_1_278' title='bbox 1514 3563 1676 3638; x_wconf 77' lang='grc' dir='ltr'>δεῦρο</span> <span class='ocrx_word' id='word_1_279' title='bbox 1707 3567 1787 3630; x_wconf 89' lang='grc' dir='ltr'><strong>είς</strong></span> <span class='ocrx_word' id='word_1_280' title='bbox 1817 3566 1940 3637; x_wconf 85' lang='grc' dir='ltr'>γῆν,</span> 
     </span>
    </p>
   </div>
   <div class='ocr_carea' id='block_1_37' title="bbox 361 3648 1943 3730">
    <p class='ocr_par' dir='ltr' id='par_1_37' title="bbox 361 3648 1943 3730">
     <span class='ocr_line' id='line_1_37' title="bbox 361 3648 1943 3730; baseline 0.007 -30"><span class='ocrx_word' id='word_1_281' title='bbox 361 3648 428 3718; x_wconf 80' lang='grc' dir='ltr'>ἢν</span> <span class='ocrx_word' id='word_1_282' title='bbox 458 3648 523 3702; x_wconf 78' lang='grc' dir='ltr'>ἄν</span> <span class='ocrx_word' id='word_1_283' title='bbox 551 3666 632 3703; x_wconf 92' lang='grc' dir='ltr'><strong>σοι</strong></span> <span class='ocrx_word' id='word_1_284' title='bbox 667 3648 844 3716; x_wconf 83' lang='grc' dir='ltr'>δείξω.</span> <span class='ocrx_word' id='word_1_285' title='bbox 877 3653 987 3707; x_wconf 75' lang='grc' dir='ltr'>Καὶ</span> <span class='ocrx_word' id='word_1_286' title='bbox 1022 3656 1231 3727; x_wconf 84' lang='grc' dir='ltr'>ποιήσω</span> <span class='ocrx_word' id='word_1_287' title='bbox 1258 3673 1317 3709; x_wconf 88' lang='grc' dir='ltr'><strong>σε</strong></span> <span class='ocrx_word' id='word_1_288' title='bbox 1343 3658 1424 3720; x_wconf 85' lang='grc' dir='ltr'><strong>είς</strong></span> <span class='ocrx_word' id='word_1_289' title='bbox 1456 3656 1608 3722; x_wconf 76' lang='grc' dir='ltr'>ἔθνος</span> <span class='ocrx_word' id='word_1_290' title='bbox 1636 3658 1777 3730; x_wconf 81' lang='grc' dir='ltr'>μέγα</span> <span class='ocrx_word' id='word_1_291' title='bbox 1797 3674 1812 3689; x_wconf 77' lang='grc' dir='ltr'><strong><em>ο</em></strong></span> <span class='ocrx_word' id='word_1_292' title='bbox 1849 3659 1943 3711; x_wconf 57' lang='grc' dir='ltr'><strong>καὶ⁵</strong></span> 
     </span>
    </p>
   </div>
   <div class='ocr_carea' id='block_1_38' title="bbox 360 3739 1939 3820">
    <p class='ocr_par' dir='ltr' id='par_1_38' title="bbox 360 3739 1939 3820">
     <span class='ocr_line' id='line_1_38' title="bbox 360 3739 1939 3820; baseline 0.006 -29"><span class='ocrx_word' id='word_1_293' title='bbox 360 3739 640 3812; x_wconf 85' lang='grc' dir='ltr'>εὐλογήσω</span> <span class='ocrx_word' id='word_1_294' title='bbox 684 3758 765 3806; x_wconf 86' lang='grc' dir='ltr'><strong>σε,</strong></span> <span class='ocrx_word' id='word_1_295' title='bbox 802 3743 897 3797; x_wconf 77' lang='grc' dir='ltr'><strong>καὶ</strong></span> <span class='ocrx_word' id='word_1_296' title='bbox 941 3744 1226 3814; x_wconf 76' lang='grc' dir='ltr'>μεγαλυνῶ</span> <span class='ocrx_word' id='word_1_297' title='bbox 1256 3747 1318 3800; x_wconf 79' lang='grc' dir='ltr'>τὸ</span> <span class='ocrx_word' id='word_1_298' title='bbox 1346 3746 1517 3818; x_wconf 74' lang='grc' dir='ltr'>ὗνομά</span> <span class='ocrx_word' id='word_1_299' title='bbox 1550 3764 1674 3812; x_wconf 90' lang='grc' dir='ltr'>σου,</span> <span class='ocrx_word' id='word_1_300' title='bbox 1709 3748 1801 3802; x_wconf 78' lang='grc' dir='ltr'><strong>καὶ</strong></span> <span class='ocrx_word' id='word_1_301' title='bbox 1842 3748 1939 3820; x_wconf 77' lang='grc' dir='ltr'><strong>ἔσῃ</strong></span> 
     </span>
    </p>
   </div>
   <div class='ocr_carea' id='block_1_39' title="bbox 358 3830 1941 3906">
    <p class='ocr_par' dir='ltr' id='par_1_39' title="bbox 358 3830 1941 3906">
     <span class='ocr_line' id='line_1_39' title="bbox 358 3830 1941 3906; baseline 0.006 -24"><span class='ocrx_word' id='word_1_302' title='bbox 358 3830 551 3902; x_wconf 85' lang='grc' dir='ltr'>εὐλογη</span> <span class='ocrx_word' id='word_1_303' title='bbox 561 3832 737 3901; x_wconf 86' lang='grc' dir='ltr'>μένος.</span> <span class='ocrx_word' id='word_1_304' title='bbox 762 3834 873 3887; x_wconf 69' lang='grc' dir='ltr'><strong>Καὶ</strong></span> <span class='ocrx_word' id='word_1_305' title='bbox 901 3835 1179 3906; x_wconf 82' lang='grc' dir='ltr'>εὐλογήσω</span> <span class='ocrx_word' id='word_1_306' title='bbox 1205 3836 1334 3900; x_wconf 73' lang='grc' dir='ltr'>τοὺς</span> <span class='ocrx_word' id='word_1_307' title='bbox 1357 3837 1710 3906; x_wconf 80' lang='grc' dir='ltr'>εὐλογοῦντάς</span> <span class='ocrx_word' id='word_1_308' title='bbox 1733 3855 1813 3896; x_wconf 85' lang='grc' dir='ltr'>σε.</span> <span class='ocrx_word' id='word_1_309' title='bbox 1844 3839 1941 3891; x_wconf 80' lang='grc' dir='ltr'>καὶ</span> 
     </span>
    </p>
   </div>
   <div class='ocr_carea' id='block_1_40' title="bbox 359 3922 1942 4000">
    <p class='ocr_par' dir='ltr' id='par_1_40' title="bbox 359 3922 1942 4000">
     <span class='ocr_line' id='line_1_40' title="bbox 359 3922 1942 4000; baseline 0.004 -26"><span class='ocrx_word' id='word_1_310' title='bbox 359 3922 486 3984; x_wconf 81' lang='grc' dir='ltr'>τοὺς</span> <span class='ocrx_word' id='word_1_311' title='bbox 512 3924 935 3995; x_wconf 83' lang='grc' dir='ltr'>καταρωμένους</span> <span class='ocrx_word' id='word_1_312' title='bbox 977 3943 1037 3978; x_wconf 90' lang='grc' dir='ltr'><strong>σε</strong></span> <span class='ocrx_word' id='word_1_313' title='bbox 1078 3927 1484 3998; x_wconf 84' lang='grc' dir='ltr'>καταράσομαι,</span> <span class='ocrx_word' id='word_1_314' title='bbox 1524 3929 1619 3982; x_wconf 79' lang='grc' dir='ltr'><strong>καὶ</strong></span> <span class='ocrx_word' id='word_1_315' title='bbox 1663 3928 1942 4000; x_wconf 78' lang='grc' dir='ltr'>ὲνευλογη-</span> 
     </span>
    </p>
   </div>
   <div class='ocr_carea' id='block_1_41' title="bbox 360 4013 1939 4091">
    <p class='ocr_par' dir='ltr' id='par_1_41' title="bbox 360 4013 1939 4091">
     <span class='ocr_line' id='line_1_41' title="bbox 360 4013 1939 4091; baseline 0.006 -25"><span class='ocrx_word' id='word_1_316' title='bbox 360 4013 614 4084; x_wconf 81' lang='grc' dir='ltr'>θήσονται</span> <span class='ocrx_word' id='word_1_317' title='bbox 648 4017 707 4067; x_wconf 82' lang='grc' dir='ltr'>ὲν</span> <span class='ocrx_word' id='word_1_318' title='bbox 736 4016 820 4068; x_wconf 74' lang='grc' dir='ltr'>σοὶ</span> <span class='ocrx_word' id='word_1_319' title='bbox 852 4018 1023 4070; x_wconf 76' lang='grc' dir='ltr'>πᾶσαι</span> <span class='ocrx_word' id='word_1_320' title='bbox 1052 4020 1107 4072; x_wconf 87' lang='grc' dir='ltr'><strong>αί</strong></span> <span class='ocrx_word' id='word_1_321' title='bbox 1136 4018 1300 4087; x_wconf 78' lang='grc' dir='ltr'>φυλαὶ</span> <span class='ocrx_word' id='word_1_322' title='bbox 1323 4020 1421 4089; x_wconf 84' lang='grc' dir='ltr'>τῆς</span> <span class='ocrx_word' id='word_1_323' title='bbox 1446 4021 1568 4091; x_wconf 82' lang='grc' dir='ltr'>γῆς.</span> <span class='ocrx_word' id='word_1_324' title='bbox 1599 4040 1617 4073; x_wconf 74' lang='grc' dir='ltr'><strong>ι</strong></span> <span class='ocrx_word' id='word_1_325' title='bbox 1644 4021 1755 4075; x_wconf 74' lang='grc' dir='ltr'><strong>Καὶ</strong></span> <span class='ocrx_word' id='word_1_326' title='bbox 1781 4021 1939 4075; x_wconf 80' lang='grc' dir='ltr'>πάλιν</span> 
     </span>
    </p>
   </div>
   <div class='ocr_carea' id='block_1_42' title="bbox 354 4101 1937 4185">
    <p class='ocr_par' dir='ltr' id='par_1_42' title="bbox 354 4101 1937 4185">
     <span class='ocr_line' id='line_1_42' title="bbox 354 4101 1937 4185; baseline 0.006 -28"><span class='ocrx_word' id='word_1_327' title='bbox 354 4107 385 4159; x_wconf 84' lang='grc' dir='ltr'><strong>ό</strong></span> <span class='ocrx_word' id='word_1_328' title='bbox 436 4104 569 4171; x_wconf 81' lang='grc' dir='ltr'>Θεὸς</span> <span class='ocrx_word' id='word_1_329' title='bbox 613 4101 770 4159; x_wconf 69' lang='grc' dir='ltr'>εἷπε*</span> <span class='ocrx_word' id='word_1_330' title='bbox 813 4127 832 4160; x_wconf 79' lang='grc' dir='ltr'><strong>ι</strong></span> <span class='ocrx_word' id='word_1_331' title='bbox 874 4108 966 4181; x_wconf 74' lang='grc' dir='ltr'><strong>Μὴ</strong></span> <span class='ocrx_word' id='word_1_332' title='bbox 1012 4106 1207 4180; x_wconf 74' lang='grc' dir='ltr'>κρύψω</span> <span class='ocrx_word' id='word_1_333' title='bbox 1239 4110 1352 4179; x_wconf 76' lang='grc' dir='ltr'><strong>ἐγὼ</strong></span> <span class='ocrx_word' id='word_1_334' title='bbox 1390 4112 1500 4164; x_wconf 84' lang='grc' dir='ltr'><strong>ἀπὸ</strong></span> <span class='ocrx_word' id='word_1_335' title='bbox 1545 4111 1796 4185; x_wconf 82' lang='grc' dir='ltr'>Ἀϐραάμ</span> <span class='ocrx_word' id='word_1_336' title='bbox 1841 4112 1937 4168; x_wconf 81' lang='grc' dir='ltr'>τοῦ</span> 
     </span>
    </p>
   </div>
   <div class='ocr_carea' id='block_1_43' title="bbox 358 4196 1937 4275">
    <p class='ocr_par' dir='ltr' id='par_1_43' title="bbox 358 4196 1937 4275">
     <span class='ocr_line' id='line_1_43' title="bbox 358 4196 1937 4275; baseline 0.007 -25"><span class='ocrx_word' id='word_1_337' title='bbox 358 4196 548 4262; x_wconf 82' lang='grc' dir='ltr'>παιδός</span> <span class='ocrx_word' id='word_1_338' title='bbox 582 4216 683 4270; x_wconf 84' lang='grc' dir='ltr'><strong>μου</strong></span> <span class='ocrx_word' id='word_1_339' title='bbox 704 4198 741 4255; x_wconf 79' lang='grc' dir='ltr'><strong>ἀ</strong></span> <span class='ocrx_word' id='word_1_340' title='bbox 759 4199 872 4271; x_wconf 85' lang='grc' dir='ltr'>ὲγὼ</span> <span class='ocrx_word' id='word_1_341' title='bbox 900 4201 1040 4256; x_wconf 81' lang='grc' dir='ltr'>ποιῶ</span> <span class='ocrx_word' id='word_1_342' title='bbox 1061 4218 1075 4265; x_wconf 88' lang='grc'>;</span> <span class='ocrx_word' id='word_1_343' title='bbox 1119 4202 1368 4275; x_wconf 79' lang='grc' dir='ltr'>Ἀϐραάμ</span> <span class='ocrx_word' id='word_1_344' title='bbox 1394 4204 1452 4257; x_wconf 77' lang='grc' dir='ltr'>δὲ</span> <span class='ocrx_word' id='word_1_345' title='bbox 1473 4205 1765 4275; x_wconf 86' lang='grc' dir='ltr'>γενόμενος</span> <span class='ocrx_word' id='word_1_346' title='bbox 1784 4205 1937 4262; x_wconf 83' lang='grc' dir='ltr'>ἔσται</span> 
     </span>
    </p>
   </div>
   <div class='ocr_carea' id='block_1_44' title="bbox 356 4287 1937 4367">
    <p class='ocr_par' dir='ltr' id='par_1_44' title="bbox 356 4287 1937 4367">
     <span class='ocr_line' id='line_1_44' title="bbox 356 4287 1937 4367; baseline 0.006 -26"><span class='ocrx_word' id='word_1_347' title='bbox 356 4290 437 4352; x_wconf 84' lang='grc' dir='ltr'><strong>είς</strong></span> <span class='ocrx_word' id='word_1_348' title='bbox 462 4287 613 4353; x_wconf 68' lang='grc' dir='ltr'>ἔθνος</span> <span class='ocrx_word' id='word_1_349' title='bbox 660 4290 802 4360; x_wconf 88' lang='grc' dir='ltr'>μέγα</span> <span class='ocrx_word' id='word_1_350' title='bbox 842 4293 936 4345; x_wconf 70' lang='grc' dir='ltr'>καὶ</span> <span class='ocrx_word' id='word_1_351' title='bbox 980 4291 1133 4347; x_wconf 84' lang='grc' dir='ltr'>πολύ.</span> <span class='ocrx_word' id='word_1_352' title='bbox 1180 4295 1293 4348; x_wconf 75' lang='grc' dir='ltr'>Καὶ</span> <span class='ocrx_word' id='word_1_353' title='bbox 1321 4292 1832 4367; x_wconf 81' lang='grc' dir='ltr'>ὲνεύλογηθήσονται</span> <span class='ocrx_word' id='word_1_354' title='bbox 1878 4297 1937 4350; x_wconf 81' lang='grc' dir='ltr'><strong>ὲν</strong></span> 
     </span>
    </p>
   </div>
   <div class='ocr_carea' id='block_1_45' title="bbox 356 4377 1935 4456">
    <p class='ocr_par' dir='ltr' id='par_1_45' title="bbox 356 4377 1935 4456">
     <span class='ocr_line' id='line_1_45' title="bbox 356 4377 1935 4456; baseline 0.004 -24"><span class='ocrx_word' id='word_1_355' title='bbox 356 4377 506 4449; x_wconf 79' lang='grc' dir='ltr'>αὐτῷ</span> <span class='ocrx_word' id='word_1_356' title='bbox 537 4379 715 4433; x_wconf 84' lang='grc' dir='ltr'>πάντα</span> <span class='ocrx_word' id='word_1_357' title='bbox 752 4382 820 4435; x_wconf 80' lang='grc' dir='ltr'><strong>τά</strong></span> <span class='ocrx_word' id='word_1_358' title='bbox 859 4380 987 4452; x_wconf 71' lang='grc' dir='ltr'>ἔθνη</span> <span class='ocrx_word' id='word_1_359' title='bbox 1020 4382 1119 4452; x_wconf 85' lang='grc' dir='ltr'><strong>τῆς</strong></span> <span class='ocrx_word' id='word_1_360' title='bbox 1151 4383 1277 4454; x_wconf 80' lang='grc' dir='ltr'>γῆς.</span> <span class='ocrx_word' id='word_1_361' title='bbox 1311 4403 1330 4434; x_wconf 74' lang='grc' dir='ltr'><strong>ι</strong></span> <span class='ocrx_word' id='word_1_362' title='bbox 1369 4383 1494 4447; x_wconf 79' lang='grc' dir='ltr'>Πῶς</span> <span class='ocrx_word' id='word_1_363' title='bbox 1529 4384 1574 4438; x_wconf 87' lang='grc' dir='ltr'>δ’</span> <span class='ocrx_word' id='word_1_364' title='bbox 1614 4383 1681 4438; x_wconf 74' lang='grc' dir='ltr'><strong>ἂν</strong></span> <span class='ocrx_word' id='word_1_365' title='bbox 1712 4384 1935 4456; x_wconf 70' lang='grc' dir='ltr'>ἔμελλον</span> 
     </span>
    </p>
   </div>
   <div class='ocr_carea' id='block_1_46' title="bbox 354 4466 1935 4547">
    <p class='ocr_par' dir='ltr' id='par_1_46' title="bbox 354 4466 1935 4547">
     <span class='ocr_line' id='line_1_46' title="bbox 354 4466 1935 4547; baseline 0.006 -25"><span class='ocrx_word' id='word_1_366' title='bbox 354 4466 433 4539; x_wconf 82' lang='grc' dir='ltr'>τῷ</span> <span class='ocrx_word' id='word_1_367' title='bbox 475 4469 725 4542; x_wconf 63' lang='grc' dir='ltr'>Ἁϐραάμ.</span> <span class='ocrx_word' id='word_1_368' title='bbox 773 4471 1289 4545; x_wconf 78' lang='grc' dir='ltr'>ὲνευλογηθήσεσθαι</span> <span class='ocrx_word' id='word_1_369' title='bbox 1322 4475 1499 4529; x_wconf 85' lang='grc' dir='ltr'>πάντα</span> <span class='ocrx_word' id='word_1_370' title='bbox 1540 4474 1610 4529; x_wconf 77' lang='grc' dir='ltr'><strong>τά</strong></span> <span class='ocrx_word' id='word_1_371' title='bbox 1642 4475 1770 4547; x_wconf 73' lang='grc' dir='ltr'>ἔθνη</span> <span class='ocrx_word' id='word_1_372' title='bbox 1790 4516 1804 4539; x_wconf 92' lang='grc'><strong>,</strong></span> <span class='ocrx_word' id='word_1_373' title='bbox 1840 4478 1935 4532; x_wconf 80' lang='grc' dir='ltr'>καὶ</span> 
     </span>
    </p>
   </div>
   <div class='ocr_carea' id='block_1_47' title="bbox 2062 637 3633 709">
    <p class='ocr_par' dir='ltr' id='par_1_47' title="bbox 2062 637 3633 709">
     <span class='ocr_line' id='line_1_47' title="bbox 2062 637 3633 709; baseline 0.006 -20"><span class='ocrx_word' id='word_1_374' title='bbox 2062 637 2351 707; x_wconf 80' lang='lat' dir='ltr'><strong>juStosque</strong></span> <span class='ocrx_word' id='word_1_375' title='bbox 2392 638 2440 694; x_wconf 88' lang='lat' dir='ltr'><strong>si</strong></span> <span class='ocrx_word' id='word_1_376' title='bbox 2474 639 2569 693; x_wconf 88' lang='lat' dir='ltr'><strong>ulli</strong></span> <span class='ocrx_word' id='word_1_377' title='bbox 2608 654 2848 707; x_wconf 81' lang='lat' dir='ltr'><strong>unquam</strong></span> <span class='ocrx_word' id='word_1_378' title='bbox 2897 639 3010 703; x_wconf 89' lang='lat' dir='ltr'><strong>alii,</strong></span> <span class='ocrx_word' id='word_1_379' title='bbox 3061 648 3115 695; x_wconf 89' lang='lat' dir='ltr'><strong>et</strong></span> <span class='ocrx_word' id='word_1_380' title='bbox 3156 641 3275 709; x_wconf 91' lang='lat' dir='ltr'><strong>pios</strong></span> <span class='ocrx_word' id='word_1_381' title='bbox 3333 641 3633 700; x_wconf 78' lang='lat' dir='ltr'><strong>exstitisse.</strong></span> 
     </span>
    </p>
   </div>
   <div class='ocr_carea' id='block_1_48' title="bbox 2065 728 3633 802">
    <p class='ocr_par' dir='ltr' id='par_1_48' title="bbox 2065 728 3633 802">
     <span class='ocr_line' id='line_1_48' title="bbox 2065 728 3633 802; baseline 0.001 -18"><span class='ocrx_word' id='word_1_382' title='bbox 2065 728 2435 784; x_wconf 87' lang='lat' dir='ltr'><strong>testimonium</strong></span> <span class='ocrx_word' id='word_1_383' title='bbox 2491 729 2818 785; x_wconf 86' lang='lat' dir='ltr'><strong>habuerunt.</strong></span> <span class='ocrx_word' id='word_1_384' title='bbox 2870 730 3137 786; x_wconf 80' lang='lat' dir='ltr'><strong>Convenit</strong></span> <span class='ocrx_word' id='word_1_385' title='bbox 3178 732 3343 802; x_wconf 78' lang='lat' dir='ltr'><strong>igitur</strong></span> <span class='ocrx_word' id='word_1_386' title='bbox 3413 732 3633 786; x_wconf 91' lang='lat' dir='ltr'><strong>tertium</strong></span> 
     </span>
    </p>
   </div>
   <div class='ocr_carea' id='block_1_49' title="bbox 2063 819 3633 893">
    <p class='ocr_par' dir='ltr' id='par_1_49' title="bbox 2063 819 3633 893">
     <span class='ocr_line' id='line_1_49' title="bbox 2063 819 3633 893; baseline 0.003 -19"><span class='ocrx_word' id='word_1_387' title='bbox 2063 819 2352 891; x_wconf 78' lang='lat' dir='ltr'><strong>quemdam</strong></span> <span class='ocrx_word' id='word_1_388' title='bbox 2382 829 2562 880; x_wconf 87' lang='lat' dir='ltr'><strong>mente</strong></span> <span class='ocrx_word' id='word_1_389' title='bbox 2610 826 2899 893; x_wconf 85' lang='lat' dir='ltr'><strong>concipere</strong></span> <span class='ocrx_word' id='word_1_390' title='bbox 2938 823 3122 879; x_wconf 87' lang='lat' dir='ltr'><strong>cultus</strong></span> <span class='ocrx_word' id='word_1_391' title='bbox 3160 820 3334 877; x_wconf 79' lang='lat' dir='ltr'><strong>divini</strong></span> <span class='ocrx_word' id='word_1_392' title='bbox 3384 823 3633 880; x_wconf 86' lang='lat' dir='ltr'><strong>modum.</strong></span> 
     </span>
    </p>
   </div>
   <div class='ocr_carea' id='block_1_50' title="bbox 2064 912 3636 986">
    <p class='ocr_par' dir='ltr' id='par_1_50' title="bbox 2064 912 3636 986">
     <span class='ocr_line' id='line_1_50' title="bbox 2064 912 3636 986; baseline 0.001 -19"><span class='ocrx_word' id='word_1_393' title='bbox 2064 916 2364 967; x_wconf 85' lang='lat' dir='ltr'><strong>secundum</strong></span> <span class='ocrx_word' id='word_1_394' title='bbox 2402 927 2563 983; x_wconf 85' lang='lat' dir='ltr'><strong>quem</strong></span> <span class='ocrx_word' id='word_1_395' title='bbox 2587 924 2733 968; x_wconf 83' lang='lat' dir='ltr'><strong>recte</strong></span> <span class='ocrx_word' id='word_1_396' title='bbox 2765 914 2945 969; x_wconf 80' lang='lat' dir='ltr'><strong>vivere</strong></span> <span class='ocrx_word' id='word_1_397' title='bbox 3002 922 3271 984; x_wconf 86' lang='lat' dir='ltr'><strong>poterant.</strong></span> <span class='ocrx_word' id='word_1_398' title='bbox 3307 912 3444 969; x_wconf 81' lang='lat' dir='ltr'><strong>Vide</strong></span> <span class='ocrx_word' id='word_1_399' title='bbox 3469 915 3636 986; x_wconf 79' lang='lat' dir='ltr'><strong>igitur</strong></span> 
     </span>
    </p>
   </div>
   <div class='ocr_carea' id='block_1_51' title="bbox 2063 1003 3634 1074">
    <p class='ocr_par' dir='ltr' id='par_1_51' title="bbox 2063 1003 3634 1074">
     <span class='ocr_line' id='line_1_51' title="bbox 2063 1003 3634 1074; baseline -0.001 -15"><span class='ocrx_word' id='word_1_400' title='bbox 2063 1006 2206 1059; x_wconf 84' lang='lat' dir='ltr'><strong>sitne</strong></span> <span class='ocrx_word' id='word_1_401' title='bbox 2253 1003 2368 1060; x_wconf 68' lang='lat' dir='ltr'><strong>haec</strong></span> <span class='ocrx_word' id='word_1_402' title='bbox 2413 1004 2505 1058; x_wconf 86' lang='lat' dir='ltr'><strong>illa</strong></span> <span class='ocrx_word' id='word_1_403' title='bbox 2533 1005 2650 1074; x_wconf 88' lang='lat' dir='ltr'><strong>ipsa</strong></span> <span class='ocrx_word' id='word_1_404' title='bbox 2682 1005 2840 1059; x_wconf 84' lang='lat' dir='ltr'><strong>tertia</strong></span> <span class='ocrx_word' id='word_1_405' title='bbox 2890 1005 3260 1059; x_wconf 84' lang='lat' dir='ltr'><strong>demonstrata</strong></span> <span class='ocrx_word' id='word_1_406' title='bbox 3293 1004 3454 1059; x_wconf 86' lang='lat' dir='ltr'><strong>nobis</strong></span> <span class='ocrx_word' id='word_1_407' title='bbox 3489 1004 3634 1058; x_wconf 90' lang='lat' dir='ltr'><strong>inter</strong></span> 
     </span>
    </p>
   </div>
   <div class='ocr_carea' id='block_1_52' title="bbox 2060 1090 3633 1167">
    <p class='ocr_par' dir='ltr' id='par_1_52' title="bbox 2060 1090 3633 1167">
     <span class='ocr_line' id='line_1_52' title="bbox 2060 1090 3633 1167; baseline 0.003 -19"><span class='ocrx_word' id='word_1_408' title='bbox 2060 1092 2403 1151; x_wconf 86' lang='lat' dir='ltr'><strong>Judaismum</strong></span> <span class='ocrx_word' id='word_1_409' title='bbox 2429 1102 2484 1151; x_wconf 89' lang='lat' dir='ltr'><strong>et</strong></span> <span class='ocrx_word' id='word_1_410' title='bbox 2503 1096 2890 1151; x_wconf 88' lang='lat' dir='ltr'><strong>ethnicismum</strong></span> <span class='ocrx_word' id='word_1_411' title='bbox 2928 1096 3105 1150; x_wconf 87' lang='lat' dir='ltr'><strong>media</strong></span> <span class='ocrx_word' id='word_1_412' title='bbox 3152 1090 3314 1161; x_wconf 83' lang='lat' dir='ltr'><strong>ratio,</strong></span> <span class='ocrx_word' id='word_1_413' title='bbox 3359 1096 3633 1167; x_wconf 87' lang='lat' dir='ltr'><strong>antiquis-</strong></span> 
     </span>
    </p>
   </div>
   <div class='ocr_carea' id='block_1_53' title="bbox 2060 1186 3632 1258">
    <p class='ocr_par' dir='ltr' id='par_1_53' title="bbox 2060 1186 3632 1258">
     <span class='ocr_line' id='line_1_53' title="bbox 2060 1186 3632 1258; baseline 0.001 -17"><span class='ocrx_word' id='word_1_414' title='bbox 2060 1187 2199 1241; x_wconf 89' lang='lat' dir='ltr'><strong>sima</strong></span> <span class='ocrx_word' id='word_1_415' title='bbox 2223 1186 2440 1258; x_wconf 85' lang='lat' dir='ltr'><strong>quidem</strong></span> <span class='ocrx_word' id='word_1_416' title='bbox 2471 1201 2769 1257; x_wconf 87' lang='lat' dir='ltr'><strong>omnesque</strong></span> <span class='ocrx_word' id='word_1_417' title='bbox 2790 1186 2926 1241; x_wconf 87' lang='lat' dir='ltr'><strong>alias</strong></span> <span class='ocrx_word' id='word_1_418' title='bbox 2953 1193 3110 1241; x_wconf 82' lang='lat' dir='ltr'><strong>aetate</strong></span> <span class='ocrx_word' id='word_1_419' title='bbox 3155 1187 3505 1251; x_wconf 87' lang='lat' dir='ltr'><strong>antecellens,</strong></span> <span class='ocrx_word' id='word_1_420' title='bbox 3534 1186 3632 1243; x_wconf 78' lang='lat' dir='ltr'><strong>sed</strong></span> 
     </span>
    </p>
   </div>
   <div class='ocr_carea' id='block_1_54' title="bbox 2059 1274 3632 1347">
    <p class='ocr_par' dir='ltr' id='par_1_54' title="bbox 2059 1274 3632 1347">
     <span class='ocr_line' id='line_1_54' title="bbox 2059 1274 3632 1347; baseline 0.001 -17"><span class='ocrx_word' id='word_1_421' title='bbox 2059 1291 2222 1347; x_wconf 86' lang='lat' dir='ltr'><strong>quam</strong></span> <span class='ocrx_word' id='word_1_422' title='bbox 2251 1283 2500 1331; x_wconf 87' lang='lat' dir='ltr'><strong>reeenter</strong></span> <span class='ocrx_word' id='word_1_423' title='bbox 2551 1276 2807 1331; x_wconf 89' lang='lat' dir='ltr'><strong>omnibus</strong></span> <span class='ocrx_word' id='word_1_424' title='bbox 2858 1276 3113 1347; x_wconf 79' lang='lat' dir='ltr'><strong>gentibus</strong></span> <span class='ocrx_word' id='word_1_425' title='bbox 3155 1274 3405 1332; x_wconf 83' lang='lat' dir='ltr'><strong>Salvator</strong></span> <span class='ocrx_word' id='word_1_426' title='bbox 3440 1285 3632 1335; x_wconf 80' lang='lat' dir='ltr'><strong>noster</strong></span> 
     </span>
    </p>
   </div>
   <div class='ocr_carea' id='block_1_55' title="bbox 2059 1363 3631 1440">
    <p class='ocr_par' dir='ltr' id='par_1_55' title="bbox 2059 1363 3631 1440">
     <span class='ocr_line' id='line_1_55' title="bbox 2059 1363 3631 1440; baseline 0.002 -18"><span class='ocrx_word' id='word_1_427' title='bbox 2059 1366 2416 1422; x_wconf 89' lang='lat' dir='ltr'><strong>annnntiavit.</strong></span> <span class='ocrx_word' id='word_1_428' title='bbox 2475 1365 2653 1436; x_wconf 83' lang='lat' dir='ltr'><strong>Atque</strong></span> <span class='ocrx_word' id='word_1_429' title='bbox 2713 1365 2829 1420; x_wconf 82' lang='lat' dir='ltr'><strong>haec</strong></span> <span class='ocrx_word' id='word_1_430' title='bbox 2902 1363 3362 1422; x_wconf 85' lang='lat' dir='ltr'><strong>Christianismus</strong></span> <span class='ocrx_word' id='word_1_431' title='bbox 3441 1369 3631 1440; x_wconf 82' lang='lat' dir='ltr'><strong>utique</strong></span> 
     </span>
    </p>
   </div>
   <div class='ocr_carea' id='block_1_56' title="bbox 2058 1453 3631 1529">
    <p class='ocr_par' dir='ltr' id='par_1_56' title="bbox 2058 1453 3631 1529">
     <span class='ocr_line' id='line_1_56' title="bbox 2058 1453 3631 1529; baseline 0 -16"><span class='ocrx_word' id='word_1_432' title='bbox 2058 1458 2241 1523; x_wconf 82' lang='lat' dir='ltr'><strong>fuerit,</strong></span> <span class='ocrx_word' id='word_1_433' title='bbox 2268 1466 2456 1529; x_wconf 90' lang='lat' dir='ltr'><strong>utpote</strong></span> <span class='ocrx_word' id='word_1_434' title='bbox 2472 1459 2565 1528; x_wconf 86' lang='lat' dir='ltr'><strong>qui</strong></span> <span class='ocrx_word' id='word_1_435' title='bbox 2591 1473 2692 1513; x_wconf 91' lang='lat' dir='ltr'><strong>nec</strong></span> <span class='ocrx_word' id='word_1_436' title='bbox 2715 1457 3075 1513; x_wconf 85' lang='lat' dir='ltr'><strong>ethnicismus</strong></span> <span class='ocrx_word' id='word_1_437' title='bbox 3086 1462 3170 1510; x_wconf 91' lang='lat' dir='ltr'><strong>est</strong></span> <span class='ocrx_word' id='word_1_438' title='bbox 3185 1453 3323 1509; x_wconf 73' lang='lat' dir='ltr'><strong>nec]</strong></span> <span class='ocrx_word' id='word_1_439' title='bbox 3332 1455 3631 1523; x_wconf 89' lang='lat' dir='ltr'><strong>udaismus,</strong></span> 
     </span>
    </p>
   </div>
   <div class='ocr_carea' id='block_1_57' title="bbox 2057 1545 3629 1618">
    <p class='ocr_par' dir='ltr' id='par_1_57' title="bbox 2057 1545 3629 1618">
     <span class='ocr_line' id='line_1_57' title="bbox 2057 1545 3629 1618; baseline 0.001 -16"><span class='ocrx_word' id='word_1_440' title='bbox 2057 1548 2201 1603; x_wconf 90' lang='lat' dir='ltr'><strong>inter</strong></span> <span class='ocrx_word' id='word_1_441' title='bbox 2240 1557 2531 1618; x_wconf 86' lang='lat' dir='ltr'><strong>utrumque</strong></span> <span class='ocrx_word' id='word_1_442' title='bbox 2556 1546 2734 1601; x_wconf 90' lang='lat' dir='ltr'><strong>media</strong></span> <span class='ocrx_word' id='word_1_443' title='bbox 2755 1546 3138 1617; x_wconf 87' lang='lat' dir='ltr'><strong>antiquissima</strong></span> <span class='ocrx_word' id='word_1_444' title='bbox 3170 1545 3421 1616; x_wconf 64' lang='lat' dir='ltr'><strong>quaedam</strong></span> <span class='ocrx_word' id='word_1_445' title='bbox 3447 1548 3629 1603; x_wconf 85' lang='lat' dir='ltr'><strong>cultus</strong></span> 
     </span>
    </p>
   </div>
   <div class='ocr_carea' id='block_1_58' title="bbox 2055 1637 3628 1707">
    <p class='ocr_par' dir='ltr' id='par_1_58' title="bbox 2055 1637 3628 1707">
     <span class='ocr_line' id='line_1_58' title="bbox 2055 1637 3628 1707; baseline 0.001 -14"><span class='ocrx_word' id='word_1_446' title='bbox 2055 1637 2228 1694; x_wconf 82' lang='lat' dir='ltr'><strong>divini</strong></span> <span class='ocrx_word' id='word_1_447' title='bbox 2267 1637 2668 1693; x_wconf 86' lang='lat' dir='ltr'><strong>administratio</strong></span> <span class='ocrx_word' id='word_1_448' title='bbox 2725 1650 2788 1692; x_wconf 86' lang='lat' dir='ltr'><strong>ac</strong></span> <span class='ocrx_word' id='word_1_449' title='bbox 2834 1645 3029 1703; x_wconf 86' lang='lat' dir='ltr'><strong>status,</strong></span> <span class='ocrx_word' id='word_1_450' title='bbox 3069 1652 3351 1707; x_wconf 88' lang='lat' dir='ltr'><strong>genusque</strong></span> <span class='ocrx_word' id='word_1_451' title='bbox 3387 1637 3628 1707; x_wconf 89' lang='lat' dir='ltr'><strong>philoso-</strong></span> 
     </span>
    </p>
   </div>
   <div class='ocr_carea' id='block_1_59' title="bbox 2056 1726 3628 1798">
    <p class='ocr_par' dir='ltr' id='par_1_59' title="bbox 2056 1726 3628 1798">
     <span class='ocr_line' id='line_1_59' title="bbox 2056 1726 3628 1798; baseline 0.001 -17"><span class='ocrx_word' id='word_1_452' title='bbox 2056 1727 2198 1798; x_wconf 76' lang='lat' dir='ltr'><strong>phia:</strong></span> <span class='ocrx_word' id='word_1_453' title='bbox 2219 1727 2673 1793; x_wconf 86' lang='lat' dir='ltr'><strong>vetustissimum,</strong></span> <span class='ocrx_word' id='word_1_454' title='bbox 2734 1726 2830 1783; x_wconf 87' lang='lat' dir='ltr'><strong>sed</strong></span> <span class='ocrx_word' id='word_1_455' title='bbox 2870 1742 3063 1782; x_wconf 80' lang='lat' dir='ltr'><strong>recens</strong></span> <span class='ocrx_word' id='word_1_456' title='bbox 3104 1727 3361 1783; x_wconf 86' lang='lat' dir='ltr'><strong>omnibus</strong></span> <span class='ocrx_word' id='word_1_457' title='bbox 3390 1728 3628 1783; x_wconf 88' lang='lat' dir='ltr'><strong>homini-</strong></span> 
     </span>
    </p>
   </div>
   <div class='ocr_carea' id='block_1_60' title="bbox 2055 1820 3624 1891">
    <p class='ocr_par' dir='ltr' id='par_1_60' title="bbox 2055 1820 3624 1891">
     <span class='ocr_line' id='line_1_60' title="bbox 2055 1820 3624 1891; baseline 0 -15"><span class='ocrx_word' id='word_1_458' title='bbox 2055 1822 2160 1876; x_wconf 85' lang='lat' dir='ltr'><strong>bus</strong></span> <span class='ocrx_word' id='word_1_459' title='bbox 2190 1835 2287 1891; x_wconf 86' lang='lat' dir='ltr'><strong>per</strong></span> <span class='ocrx_word' id='word_1_460' title='bbox 2316 1821 2630 1876; x_wconf 87' lang='lat' dir='ltr'><strong>universum</strong></span> <span class='ocrx_word' id='word_1_461' title='bbox 2680 1827 2948 1876; x_wconf 88' lang='lat' dir='ltr'><strong>terrarum</strong></span> <span class='ocrx_word' id='word_1_462' title='bbox 2985 1820 3172 1875; x_wconf 89' lang='lat' dir='ltr'><strong>orbem</strong></span> <span class='ocrx_word' id='word_1_463' title='bbox 3202 1820 3472 1875; x_wconf 78' lang='lat' dir='ltr'><strong>sancitum</strong></span> <span class='ocrx_word' id='word_1_464' title='bbox 3502 1835 3516 1871; x_wconf 89' lang='lat'><strong>:</strong></span> <span class='ocrx_word' id='word_1_465' title='bbox 3549 1820 3624 1875; x_wconf 87' lang='lat' dir='ltr'><strong>ita</strong></span> 
     </span>
    </p>
   </div>
   <div class='ocr_carea' id='block_1_61' title="bbox 2059 1911 3625 1982">
    <p class='ocr_par' dir='ltr' id='par_1_61' title="bbox 2059 1911 3625 1982">
     <span class='ocr_line' id='line_1_61' title="bbox 2059 1911 3625 1982; baseline 0.001 -15"><span class='ocrx_word' id='word_1_466' title='bbox 2059 1921 2118 1967; x_wconf 94' lang='lat' dir='ltr'><strong>ut</strong></span> <span class='ocrx_word' id='word_1_467' title='bbox 2143 1912 2235 1982; x_wconf 86' lang='lat' dir='ltr'><strong>qni</strong></span> <span class='ocrx_word' id='word_1_468' title='bbox 2266 1912 2338 1966; x_wconf 88' lang='lat' dir='ltr'><strong>ab</strong></span> <span class='ocrx_word' id='word_1_469' title='bbox 2364 1912 2693 1967; x_wconf 86' lang='lat' dir='ltr'><strong>ethnicismo</strong></span> <span class='ocrx_word' id='word_1_470' title='bbox 2738 1912 2805 1967; x_wconf 88' lang='lat' dir='ltr'><strong>ad</strong></span> <span class='ocrx_word' id='word_1_471' title='bbox 2853 1911 3333 1968; x_wconf 83' lang='lat' dir='ltr'><strong>Christianismum</strong></span> <span class='ocrx_word' id='word_1_472' title='bbox 3403 1913 3625 1979; x_wconf 85' lang='lat' dir='ltr'><strong>transit,</strong></span> 
     </span>
    </p>
   </div>
   <div class='ocr_carea' id='block_1_62' title="bbox 2057 2001 3627 2077">
    <p class='ocr_par' dir='ltr' id='par_1_62' title="bbox 2057 2001 3627 2077">
     <span class='ocr_line' id='line_1_62' title="bbox 2057 2001 3627 2077; baseline 0.003 -19"><span class='ocrx_word' id='word_1_473' title='bbox 2057 2019 2167 2058; x_wconf 89' lang='lat' dir='ltr'><strong>non</strong></span> <span class='ocrx_word' id='word_1_474' title='bbox 2197 2003 2253 2056; x_wconf 90' lang='lat' dir='ltr'><strong>in</strong></span> <span class='ocrx_word' id='word_1_475' title='bbox 2299 2001 2638 2058; x_wconf 84' lang='lat' dir='ltr'><strong>Judaismum</strong></span> <span class='ocrx_word' id='word_1_476' title='bbox 2671 2003 2921 2071; x_wconf 81' lang='lat' dir='ltr'><strong>excidat;</strong></span> <span class='ocrx_word' id='word_1_477' title='bbox 2952 2019 3129 2074; x_wconf 91' lang='lat' dir='ltr'><strong>neque</strong></span> <span class='ocrx_word' id='word_1_478' title='bbox 3174 2021 3389 2070; x_wconf 87' lang='lat' dir='ltr'><strong>rursus,</strong></span> <span class='ocrx_word' id='word_1_479' title='bbox 3416 2007 3508 2077; x_wconf 88' lang='lat' dir='ltr'><strong>qui</strong></span> <span class='ocrx_word' id='word_1_480' title='bbox 3540 2021 3627 2062; x_wconf 86' lang='lat' dir='ltr'><strong>re-</strong></span> 
     </span>
    </p>
   </div>
   <div class='ocr_carea' id='block_1_63' title="bbox 2055 2091 3626 2159">
    <p class='ocr_par' dir='ltr' id='par_1_63' title="bbox 2055 2091 3626 2159">
     <span class='ocr_line' id='line_1_63' title="bbox 2055 2091 3626 2159; baseline 0.003 -12"><span class='ocrx_word' id='word_1_481' title='bbox 2055 2092 2203 2148; x_wconf 86' lang='lat' dir='ltr'><strong>cedit</strong></span> <span class='ocrx_word' id='word_1_482' title='bbox 2223 2093 2290 2148; x_wconf 90' lang='lat' dir='ltr'><strong>ab</strong></span> <span class='ocrx_word' id='word_1_483' title='bbox 2314 2091 2545 2148; x_wconf 66' lang='lat' dir='ltr'><strong>Iudaico</strong></span> <span class='ocrx_word' id='word_1_484' title='bbox 2574 2093 2884 2147; x_wconf 86' lang='lat' dir='ltr'><strong>voluntario</strong></span> <span class='ocrx_word' id='word_1_485' title='bbox 2917 2094 3092 2159; x_wconf 89' lang='lat' dir='ltr'><strong>cultu,</strong></span> <span class='ocrx_word' id='word_1_486' title='bbox 3124 2097 3307 2150; x_wconf 86' lang='lat' dir='ltr'><strong>statim</strong></span> <span class='ocrx_word' id='word_1_487' title='bbox 3333 2096 3425 2150; x_wconf 76' lang='lat' dir='ltr'><strong>fiat</strong></span> <span class='ocrx_word' id='word_1_488' title='bbox 3451 2097 3626 2152; x_wconf 88' lang='lat' dir='ltr'><strong>ethni-</strong></span> 
     </span>
    </p>
   </div>
   <div class='ocr_carea' id='block_1_64' title="bbox 2055 2185 3625 2255">
    <p class='ocr_par' dir='ltr' id='par_1_64' title="bbox 2055 2185 3625 2255">
     <span class='ocr_line' id='line_1_64' title="bbox 2055 2185 3625 2255; baseline 0.004 -16"><span class='ocrx_word' id='word_1_489' title='bbox 2055 2198 2195 2241; x_wconf 87' lang='lat' dir='ltr'><strong>cus:</strong></span> <span class='ocrx_word' id='word_1_490' title='bbox 2230 2185 2324 2240; x_wconf 87' lang='lat' dir='ltr'><strong>sed</strong></span> <span class='ocrx_word' id='word_1_491' title='bbox 2354 2186 2449 2255; x_wconf 90' lang='lat' dir='ltr'><strong>qui</strong></span> <span class='ocrx_word' id='word_1_492' title='bbox 2488 2194 2721 2255; x_wconf 88' lang='lat' dir='ltr'><strong>utroque</strong></span> <span class='ocrx_word' id='word_1_493' title='bbox 2766 2186 2960 2242; x_wconf 86' lang='lat' dir='ltr'><strong>ordine</strong></span> <span class='ocrx_word' id='word_1_494' title='bbox 2981 2187 3196 2252; x_wconf 86' lang='lat' dir='ltr'><strong>relicto,</strong></span> <span class='ocrx_word' id='word_1_495' title='bbox 3239 2189 3625 2246; x_wconf 78' lang='lat' dir='ltr'><strong>ethnicismttm</strong></span> 
     </span>
    </p>
   </div>
   <div class='ocr_carea' id='block_1_65' title="bbox 2054 2274 3623 2349">
    <p class='ocr_par' dir='ltr' id='par_1_65' title="bbox 2054 2274 3623 2349">
     <span class='ocr_line' id='line_1_65' title="bbox 2054 2274 3623 2349; baseline 0.004 -19"><span class='ocrx_word' id='word_1_496' title='bbox 2054 2275 2258 2331; x_wconf 80' lang='lat' dir='ltr'><strong>deserit</strong></span> <span class='ocrx_word' id='word_1_497' title='bbox 2286 2283 2450 2346; x_wconf 85' lang='lat' dir='ltr'><strong>atque</strong></span> <span class='ocrx_word' id='word_1_498' title='bbox 2476 2274 2842 2340; x_wconf 86' lang='lat' dir='ltr'><strong>Judaismum,</strong></span> <span class='ocrx_word' id='word_1_499' title='bbox 2901 2277 2951 2333; x_wconf 92' lang='lat' dir='ltr'><strong>is</strong></span> <span class='ocrx_word' id='word_1_500' title='bbox 2998 2278 3232 2333; x_wconf 85' lang='lat' dir='ltr'><strong>mediam</strong></span> <span class='ocrx_word' id='word_1_501' title='bbox 3276 2280 3423 2333; x_wconf 83' lang='lat' dir='ltr'><strong>subit</strong></span> <span class='ocrx_word' id='word_1_502' title='bbox 3450 2280 3623 2349; x_wconf 86' lang='lat' dir='ltr'><strong>legem</strong></span> 
     </span>
    </p>
   </div>
   <div class='ocr_carea' id='block_1_66' title="bbox 2052 2367 3622 2438">
    <p class='ocr_par' dir='ltr' id='par_1_66' title="bbox 2052 2367 3622 2438">
     <span class='ocr_line' id='line_1_66' title="bbox 2052 2367 3622 2438; baseline 0.002 -16"><span class='ocrx_word' id='word_1_503' title='bbox 2052 2367 2330 2437; x_wconf 80' lang='lat' dir='ltr'><strong>vitamque</strong></span> <span class='ocrx_word' id='word_1_504' title='bbox 2352 2368 2654 2438; x_wconf 83' lang='lat' dir='ltr'><strong>priscorum</strong></span> <span class='ocrx_word' id='word_1_505' title='bbox 2674 2368 3121 2425; x_wconf 89' lang='lat' dir='ltr'><strong>charissimorum</strong></span> <span class='ocrx_word' id='word_1_506' title='bbox 3158 2370 3269 2423; x_wconf 88' lang='lat' dir='ltr'><strong>Deo</strong></span> <span class='ocrx_word' id='word_1_507' title='bbox 3281 2370 3622 2438; x_wconf 86' lang='lat' dir='ltr'><strong>ctjustorum</strong></span> 
     </span>
    </p>
   </div>
   <div class='ocr_carea' id='block_1_67' title="bbox 2053 2460 3622 2533">
    <p class='ocr_par' dir='ltr' id='par_1_67' title="bbox 2053 2460 3622 2533">
     <span class='ocr_line' id='line_1_67' title="bbox 2053 2460 3622 2533; baseline 0.001 -17"><span class='ocrx_word' id='word_1_508' title='bbox 2053 2463 2318 2528; x_wconf 83' lang='lat' dir='ltr'><strong>virorum,</strong></span> <span class='ocrx_word' id='word_1_509' title='bbox 2355 2478 2517 2533; x_wconf 91' lang='lat' dir='ltr'><strong>quam</strong></span> <span class='ocrx_word' id='word_1_510' title='bbox 2549 2460 2801 2518; x_wconf 81' lang='lat' dir='ltr'><strong>Salvator</strong></span> <span class='ocrx_word' id='word_1_511' title='bbox 2842 2478 2907 2518; x_wconf 88' lang='lat' dir='ltr'><strong>ac</strong></span> <span class='ocrx_word' id='word_1_512' title='bbox 2963 2461 3227 2517; x_wconf 85' lang='lat' dir='ltr'><strong>Dominus</strong></span> <span class='ocrx_word' id='word_1_513' title='bbox 3252 2471 3460 2524; x_wconf 87' lang='lat' dir='ltr'><strong>noster,</strong></span> <span class='ocrx_word' id='word_1_514' title='bbox 3496 2477 3622 2517; x_wconf 88' lang='lat' dir='ltr'><strong>eum</strong></span> 
     </span>
    </p>
   </div>
   <div class='ocr_carea' id='block_1_68' title="bbox 2052 2555 3621 2627">
    <p class='ocr_par' dir='ltr' id='par_1_68' title="bbox 2052 2555 3621 2627">
     <span class='ocr_line' id='line_1_68' title="bbox 2052 2555 3621 2627; baseline -0.001 -17"><span class='ocrx_word' id='word_1_515' title='bbox 2052 2571 2150 2627; x_wconf 90' lang='lat' dir='ltr'><strong>per</strong></span> <span class='ocrx_word' id='word_1_516' title='bbox 2172 2556 2394 2626; x_wconf 88' lang='lat' dir='ltr'><strong>longum</strong></span> <span class='ocrx_word' id='word_1_517' title='bbox 2422 2557 2511 2611; x_wconf 88' lang='lat' dir='ltr'><strong>illa</strong></span> <span class='ocrx_word' id='word_1_518' title='bbox 2543 2562 2760 2625; x_wconf 88' lang='lat' dir='ltr'><strong>tempus</strong></span> <span class='ocrx_word' id='word_1_519' title='bbox 2788 2555 3072 2625; x_wconf 81' lang='lat' dir='ltr'><strong>consopita</strong></span> <span class='ocrx_word' id='word_1_520' title='bbox 3098 2555 3383 2623; x_wconf 74' lang='lat' dir='ltr'><strong>iacuisset,</strong></span> <span class='ocrx_word' id='word_1_521' title='bbox 3410 2556 3621 2610; x_wconf 80' lang='lat' dir='ltr'><strong>excita-</strong></span> 
     </span>
    </p>
   </div>
   <div class='ocr_carea' id='block_1_69' title="bbox 2051 2645 3622 2715">
    <p class='ocr_par' dir='ltr' id='par_1_69' title="bbox 2051 2645 3622 2715">
     <span class='ocr_line' id='line_1_69' title="bbox 2051 2645 3622 2715; baseline 0.001 -15"><span class='ocrx_word' id='word_1_522' title='bbox 2051 2648 2129 2701; x_wconf 88' lang='lat' dir='ltr'><strong>vit</strong></span> <span class='ocrx_word' id='word_1_523' title='bbox 2156 2649 2351 2703; x_wconf 86' lang='lat' dir='ltr'><strong>iterum</strong></span> <span class='ocrx_word' id='word_1_524' title='bbox 2380 2647 2834 2715; x_wconf 80' lang='lat' dir='ltr'><strong>instauravitque,</strong></span> <span class='ocrx_word' id='word_1_525' title='bbox 2858 2650 2932 2701; x_wconf 90' lang='lat' dir='ltr'><strong>ita</strong></span> <span class='ocrx_word' id='word_1_526' title='bbox 2978 2647 3057 2701; x_wconf 90' lang='lat' dir='ltr'><strong>uti</strong></span> <span class='ocrx_word' id='word_1_527' title='bbox 3113 2645 3281 2702; x_wconf 71' lang='lat' dir='ltr'><strong>Musis</strong></span> <span class='ocrx_word' id='word_1_528' title='bbox 3312 2654 3366 2701; x_wconf 88' lang='lat' dir='ltr'><strong>et</strong></span> <span class='ocrx_word' id='word_1_529' title='bbox 3396 2655 3622 2702; x_wconf 71' lang='lat' dir='ltr'><strong>caetero-</strong></span> 
     </span>
    </p>
   </div>
   <div class='ocr_carea' id='block_1_70' title="bbox 2050 2736 3619 2808">
    <p class='ocr_par' dir='ltr' id='par_1_70' title="bbox 2050 2736 3619 2808">
     <span class='ocr_line' id='line_1_70' title="bbox 2050 2736 3619 2808; baseline -0.001 -16"><span class='ocrx_word' id='word_1_530' title='bbox 2050 2753 2171 2792; x_wconf 90' lang='lat' dir='ltr'><strong>rum</strong></span> <span class='ocrx_word' id='word_1_531' title='bbox 2208 2738 2596 2808; x_wconf 84' lang='lat' dir='ltr'><strong>prophetarum</strong></span> <span class='ocrx_word' id='word_1_532' title='bbox 2645 2737 2872 2792; x_wconf 86' lang='lat' dir='ltr'><strong>vocibus</strong></span> <span class='ocrx_word' id='word_1_533' title='bbox 2927 2736 3032 2791; x_wconf 87' lang='lat' dir='ltr'><strong>hoc</strong></span> <span class='ocrx_word' id='word_1_534' title='bbox 3068 2736 3246 2806; x_wconf 90' lang='lat' dir='ltr'><strong>ipsum</strong></span> <span class='ocrx_word' id='word_1_535' title='bbox 3300 2737 3619 2806; x_wconf 62' lang='lat' dir='ltr'><strong>praedictum</strong></span> 
     </span>
    </p>
   </div>
   <div class='ocr_carea' id='block_1_71' title="bbox 2051 2826 3621 2897">
    <p class='ocr_par' dir='ltr' id='par_1_71' title="bbox 2051 2826 3621 2897">
     <span class='ocr_line' id='line_1_71' title="bbox 2051 2826 3621 2897; baseline 0.001 -16"><span class='ocrx_word' id='word_1_536' title='bbox 2051 2827 2246 2883; x_wconf 82' lang='lat' dir='ltr'><strong>fuerat.</strong></span> <span class='ocrx_word' id='word_1_537' title='bbox 2284 2826 2418 2882; x_wconf 84' lang='lat' dir='ltr'><strong>Nam</strong></span> <span class='ocrx_word' id='word_1_538' title='bbox 2458 2828 2596 2882; x_wconf 86' lang='lat' dir='ltr'><strong>etin</strong></span> <span class='ocrx_word' id='word_1_539' title='bbox 2622 2827 2884 2891; x_wconf 74' lang='lat' dir='ltr'><strong>oraculis,</strong></span> <span class='ocrx_word' id='word_1_540' title='bbox 2943 2842 3066 2897; x_wconf 65' lang='lat' dir='ltr'><strong>quae</strong></span> <span class='ocrx_word' id='word_1_541' title='bbox 3124 2826 3434 2882; x_wconf 76' lang='lat' dir='ltr'><strong>Abrahamo</strong></span> <span class='ocrx_word' id='word_1_542' title='bbox 3477 2828 3621 2882; x_wconf 85' lang='lat' dir='ltr'><strong>edita</strong></span> 
     </span>
    </p>
   </div>
   <div class='ocr_carea' id='block_1_72' title="bbox 2046 2918 3618 2990">
    <p class='ocr_par' dir='ltr' id='par_1_72' title="bbox 2046 2918 3618 2990">
     <span class='ocr_line' id='line_1_72' title="bbox 2046 2918 3618 2990; baseline -0.001 -15"><span class='ocrx_word' id='word_1_543' title='bbox 2046 2920 2311 2975; x_wconf 86' lang='lat' dir='ltr'><strong>divinitus</strong></span> <span class='ocrx_word' id='word_1_544' title='bbox 2336 2918 2513 2975; x_wconf 81' lang='lat' dir='ltr'><strong>Moses</strong></span> <span class='ocrx_word' id='word_1_545' title='bbox 2537 2927 2792 2982; x_wconf 88' lang='lat' dir='ltr'><strong>testatur,</strong></span> <span class='ocrx_word' id='word_1_546' title='bbox 2833 2920 3193 2990; x_wconf 83' lang='lat' dir='ltr'><strong>scribitquod</strong></span> <span class='ocrx_word' id='word_1_547' title='bbox 3242 2920 3446 2976; x_wconf 80' lang='lat' dir='ltr'><strong>futuris</strong></span> <span class='ocrx_word' id='word_1_548' title='bbox 3490 2921 3618 2974; x_wconf 88' lang='lat' dir='ltr'><strong>olim</strong></span> 
     </span>
    </p>
   </div>
   <div class='ocr_carea' id='block_1_73' title="bbox 2042 3013 3619 3085">
    <p class='ocr_par' dir='ltr' id='par_1_73' title="bbox 2042 3013 3619 3085">
     <span class='ocr_line' id='line_1_73' title="bbox 2042 3013 3619 3085; baseline 0.001 -17"><span class='ocrx_word' id='word_1_549' title='bbox 2042 3013 2383 3082; x_wconf 85' lang='lat' dir='ltr'><strong>temporibus</strong></span> <span class='ocrx_word' id='word_1_550' title='bbox 2414 3029 2524 3067; x_wconf 92' lang='lat' dir='ltr'><strong>non</strong></span> <span class='ocrx_word' id='word_1_551' title='bbox 2549 3013 2841 3067; x_wconf 82' lang='lat' dir='ltr'><strong>Abrahami</strong></span> <span class='ocrx_word' id='word_1_552' title='bbox 2866 3013 3067 3083; x_wconf 88' lang='lat' dir='ltr'><strong>posteri</strong></span> <span class='ocrx_word' id='word_1_553' title='bbox 3101 3020 3156 3069; x_wconf 93' lang='lat' dir='ltr'><strong>et</strong></span> <span class='ocrx_word' id='word_1_554' title='bbox 3176 3029 3244 3069; x_wconf 85' lang='lat' dir='ltr'><strong>ex</strong></span> <span class='ocrx_word' id='word_1_555' title='bbox 3267 3014 3477 3069; x_wconf 86' lang='lat' dir='ltr'><strong>semine</strong></span> <span class='ocrx_word' id='word_1_556' title='bbox 3501 3014 3619 3085; x_wconf 83' lang='lat' dir='ltr'><strong>ejus</strong></span> 
     </span>
    </p>
   </div>
   <div class='ocr_carea' id='block_1_74' title="bbox 2048 3101 3619 3173">
    <p class='ocr_par' dir='ltr' id='par_1_74' title="bbox 2048 3101 3619 3173">
     <span class='ocr_line' id='line_1_74' title="bbox 2048 3101 3619 3173; baseline 0.004 -17"><span class='ocrx_word' id='word_1_557' title='bbox 2048 3103 2297 3173; x_wconf 79' lang='lat' dir='ltr'><strong>prognati</strong></span> <span class='ocrx_word' id='word_1_558' title='bbox 2325 3101 2519 3163; x_wconf 61' lang='lat' dir='ltr'><strong>Judaei.</strong></span> <span class='ocrx_word' id='word_1_559' title='bbox 2577 3102 2672 3158; x_wconf 86' lang='lat' dir='ltr'><strong>sed</strong></span> <span class='ocrx_word' id='word_1_560' title='bbox 2728 3118 2919 3159; x_wconf 89' lang='lat' dir='ltr'><strong>omnes</strong></span> <span class='ocrx_word' id='word_1_561' title='bbox 2954 3104 3130 3159; x_wconf 80' lang='lat' dir='ltr'><strong>tribus</strong></span> <span class='ocrx_word' id='word_1_562' title='bbox 3162 3112 3320 3159; x_wconf 67' lang='lat' dir='ltr'><strong>terrae</strong></span> <span class='ocrx_word' id='word_1_563' title='bbox 3347 3113 3401 3160; x_wconf 90' lang='lat' dir='ltr'><strong>et</strong></span> <span class='ocrx_word' id='word_1_564' title='bbox 3427 3120 3619 3161; x_wconf 90' lang='lat' dir='ltr'><strong>omnes</strong></span> 
     </span>
    </p>
   </div>
   <div class='ocr_carea' id='block_1_75' title="bbox 2049 3193 3618 3266">
    <p class='ocr_par' dir='ltr' id='par_1_75' title="bbox 2049 3193 3618 3266">
     <span class='ocr_line' id='line_1_75' title="bbox 2049 3193 3618 3266; baseline 0.001 -16"><span class='ocrx_word' id='word_1_565' title='bbox 2049 3201 2235 3266; x_wconf 81' lang='lat' dir='ltr'><strong>gentes</strong></span> <span class='ocrx_word' id='word_1_566' title='bbox 2265 3210 2359 3264; x_wconf 85' lang='lat' dir='ltr'><strong>per</strong></span> <span class='ocrx_word' id='word_1_567' title='bbox 2389 3194 2623 3249; x_wconf 87' lang='lat' dir='ltr'><strong>similem</strong></span> <span class='ocrx_word' id='word_1_568' title='bbox 2654 3194 2836 3249; x_wconf 89' lang='lat' dir='ltr'><strong>cultus</strong></span> <span class='ocrx_word' id='word_1_569' title='bbox 2865 3193 2961 3250; x_wconf 87' lang='lat' dir='ltr'><strong>Dei</strong></span> <span class='ocrx_word' id='word_1_570' title='bbox 3002 3195 3270 3249; x_wconf 85' lang='lat' dir='ltr'><strong>rationem</strong></span> <span class='ocrx_word' id='word_1_571' title='bbox 3307 3211 3417 3265; x_wconf 93' lang='lat' dir='ltr'><strong>quo</strong></span> <span class='ocrx_word' id='word_1_572' title='bbox 3441 3195 3618 3252; x_wconf 85' lang='lat' dir='ltr'><strong>Abra-</strong></span> 
     </span>
    </p>
   </div>
   <div class='ocr_carea' id='block_1_76' title="bbox 2050 3285 3616 3353">
    <p class='ocr_par' dir='ltr' id='par_1_76' title="bbox 2050 3285 3616 3353">
     <span class='ocr_line' id='line_1_76' title="bbox 2050 3285 3616 3353; baseline 0.003 -13"><span class='ocrx_word' id='word_1_573' title='bbox 2050 3287 2267 3353; x_wconf 85' lang='lat' dir='ltr'><strong>hamus,</strong></span> <span class='ocrx_word' id='word_1_574' title='bbox 2308 3286 2742 3341; x_wconf 83' lang='lat' dir='ltr'><strong>benedictionem</strong></span> <span class='ocrx_word' id='word_1_575' title='bbox 2784 3285 3023 3341; x_wconf 85' lang='lat' dir='ltr'><strong>divinam</strong></span> <span class='ocrx_word' id='word_1_576' title='bbox 3074 3293 3262 3341; x_wconf 84' lang='lat' dir='ltr'><strong>essent</strong></span> <span class='ocrx_word' id='word_1_577' title='bbox 3317 3286 3616 3344; x_wconf 85' lang='lat' dir='ltr'><strong>obtenturi.</strong></span> 
     </span>
    </p>
   </div>
   <div class='ocr_carea' id='block_1_77' title="bbox 2049 3375 3612 3432">
    <p class='ocr_par' dir='ltr' id='par_1_77' title="bbox 2049 3375 3612 3432">
     <span class='ocr_line' id='line_1_77' title="bbox 2049 3375 3612 3432; baseline -0.003 0"><span class='ocrx_word' id='word_1_578' title='bbox 2049 3377 2127 3432; x_wconf 82' lang='lat' dir='ltr'><strong>Ita</strong></span> <span class='ocrx_word' id='word_1_579' title='bbox 2157 3377 2301 3432; x_wconf 88' lang='lat' dir='ltr'><strong>enim</strong></span> <span class='ocrx_word' id='word_1_580' title='bbox 2328 3377 2404 3431; x_wconf 88' lang='lat' dir='ltr'><strong>ait</strong></span> <span class='ocrx_word' id='word_1_581' title='bbox 2431 3378 2492 3431; x_wconf 77' lang='lat' dir='ltr'><strong>&#39;z</strong></span> <span class='ocrx_word' id='word_1_582' title='bbox 2529 3396 2549 3428; x_wconf 78' lang='grc' dir='ltr'><strong>ι</strong></span> <span class='ocrx_word' id='word_1_583' title='bbox 2591 3376 2658 3431; x_wconf 83' lang='grc' dir='ltr'>Ει</span> <span class='ocrx_word' id='word_1_584' title='bbox 2698 3376 2837 3430; x_wconf 77' lang='lat' dir='ltr'><strong>dixit</strong></span> <span class='ocrx_word' id='word_1_585' title='bbox 2894 3375 3159 3432; x_wconf 86' lang='lat' dir='ltr'><strong>Dominus</strong></span> <span class='ocrx_word' id='word_1_586' title='bbox 3181 3377 3246 3432; x_wconf 88' lang='lat' dir='ltr'><strong>ad</strong></span> <span class='ocrx_word' id='word_1_587' title='bbox 3296 3375 3564 3430; x_wconf 80' lang='lat' dir='ltr'><strong>Abraham</strong></span> <span class='ocrx_word' id='word_1_588' title='bbox 3594 3387 3612 3428; x_wconf 88' lang='lat'><strong>:</strong></span> 
     </span>
    </p>
   </div>
   <div class='ocr_carea' id='block_1_78' title="bbox 2049 3467 3614 3538">
    <p class='ocr_par' dir='ltr' id='par_1_78' title="bbox 2049 3467 3614 3538">
     <span class='ocr_line' id='line_1_78' title="bbox 2049 3467 3614 3538; baseline 0.001 -16"><span class='ocrx_word' id='word_1_589' title='bbox 2049 3467 2147 3523; x_wconf 80' lang='lat' dir='ltr'><strong>Exi</strong></span> <span class='ocrx_word' id='word_1_590' title='bbox 2169 3469 2236 3524; x_wconf 91' lang='lat' dir='ltr'><strong>de</strong></span> <span class='ocrx_word' id='word_1_591' title='bbox 2260 3475 2406 3523; x_wconf 84' lang='lat' dir='ltr'><strong>terra</strong></span> <span class='ocrx_word' id='word_1_592' title='bbox 2443 3479 2555 3531; x_wconf 87' lang='lat' dir='ltr'><strong>tua.</strong></span> <span class='ocrx_word' id='word_1_593' title='bbox 2584 3469 2723 3525; x_wconf 89' lang='lat' dir='ltr'><strong>etde</strong></span> <span class='ocrx_word' id='word_1_594' title='bbox 2749 3470 3076 3538; x_wconf 83' lang='lat' dir='ltr'><strong>cognatione</strong></span> <span class='ocrx_word' id='word_1_595' title='bbox 3103 3476 3216 3535; x_wconf 87' lang='lat' dir='ltr'><strong>tua,</strong></span> <span class='ocrx_word' id='word_1_596' title='bbox 3266 3476 3313 3524; x_wconf 87' lang='lat' dir='ltr'><strong>et</strong></span> <span class='ocrx_word' id='word_1_597' title='bbox 3353 3484 3418 3523; x_wconf 82' lang='lat' dir='ltr'><strong>ex</strong></span> <span class='ocrx_word' id='word_1_598' title='bbox 3452 3467 3614 3523; x_wconf 87' lang='lat' dir='ltr'><strong>domo</strong></span> 
     </span>
    </p>
   </div>
   <div class='ocr_carea' id='block_1_79' title="bbox 2046 3560 3617 3630">
    <p class='ocr_par' dir='ltr' id='par_1_79' title="bbox 2046 3560 3617 3630">
     <span class='ocr_line' id='line_1_79' title="bbox 2046 3560 3617 3630; baseline 0 -16"><span class='ocrx_word' id='word_1_599' title='bbox 2046 3561 2220 3630; x_wconf 87' lang='lat' dir='ltr'><strong>patris</strong></span> <span class='ocrx_word' id='word_1_600' title='bbox 2253 3563 2353 3622; x_wconf 90' lang='lat' dir='ltr'><strong>tui,</strong></span> <span class='ocrx_word' id='word_1_601' title='bbox 2378 3570 2432 3616; x_wconf 89' lang='lat' dir='ltr'><strong>et</strong></span> <span class='ocrx_word' id='word_1_602' title='bbox 2458 3562 2594 3616; x_wconf 87' lang='lat' dir='ltr'><strong>vade</strong></span> <span class='ocrx_word' id='word_1_603' title='bbox 2637 3562 2690 3614; x_wconf 92' lang='lat' dir='ltr'><strong>in</strong></span> <span class='ocrx_word' id='word_1_604' title='bbox 2716 3567 2918 3615; x_wconf 84' lang='lat' dir='ltr'><strong>terram</strong></span> <span class='ocrx_word' id='word_1_605' title='bbox 2946 3575 3109 3630; x_wconf 86' lang='lat' dir='ltr'><strong>quam</strong></span> <span class='ocrx_word' id='word_1_606' title='bbox 3138 3560 3238 3614; x_wconf 90' lang='lat' dir='ltr'><strong>tibi</strong></span> <span class='ocrx_word' id='word_1_607' title='bbox 3274 3560 3617 3615; x_wconf 84' lang='lat' dir='ltr'><strong>demonstra-</strong></span> 
     </span>
    </p>
   </div>
   <div class='ocr_carea' id='block_1_80' title="bbox 2043 3647 3617 3720">
    <p class='ocr_par' dir='ltr' id='par_1_80' title="bbox 2043 3647 3617 3720">
     <span class='ocr_line' id='line_1_80' title="bbox 2043 3647 3617 3720; baseline -0.001 -17"><span class='ocrx_word' id='word_1_608' title='bbox 2043 3662 2192 3704; x_wconf 85' lang='lat' dir='ltr'><strong>vero.</strong></span> <span class='ocrx_word' id='word_1_609' title='bbox 2221 3648 2287 3703; x_wconf 88' lang='lat' dir='ltr'><strong>Et</strong></span> <span class='ocrx_word' id='word_1_610' title='bbox 2309 3649 2502 3711; x_wconf 76' lang='lat' dir='ltr'><strong>faciam</strong></span> <span class='ocrx_word' id='word_1_611' title='bbox 2532 3658 2582 3704; x_wconf 92' lang='lat' dir='ltr'><strong>te</strong></span> <span class='ocrx_word' id='word_1_612' title='bbox 2634 3650 2687 3703; x_wconf 90' lang='lat' dir='ltr'><strong>in</strong></span> <span class='ocrx_word' id='word_1_613' title='bbox 2716 3656 2929 3719; x_wconf 79' lang='lat' dir='ltr'><strong>gentem</strong></span> <span class='ocrx_word' id='word_1_614' title='bbox 2969 3664 3219 3720; x_wconf 86' lang='lat' dir='ltr'><strong>magnam</strong></span> <span class='ocrx_word' id='word_1_615' title='bbox 3254 3668 3267 3704; x_wconf 90' lang='lat'><strong>:</strong></span> <span class='ocrx_word' id='word_1_616' title='bbox 3299 3656 3354 3704; x_wconf 90' lang='lat' dir='ltr'><strong>et</strong></span> <span class='ocrx_word' id='word_1_617' title='bbox 3389 3647 3617 3703; x_wconf 83' lang='lat' dir='ltr'><strong>benedi-</strong></span> 
     </span>
    </p>
   </div>
   <div class='ocr_carea' id='block_1_81' title="bbox 2041 3741 3615 3811">
    <p class='ocr_par' dir='ltr' id='par_1_81' title="bbox 2041 3741 3615 3811">
     <span class='ocr_line' id='line_1_81' title="bbox 2041 3741 3615 3811; baseline 0.001 -15"><span class='ocrx_word' id='word_1_618' title='bbox 2041 3756 2162 3796; x_wconf 89' lang='lat' dir='ltr'><strong>cam</strong></span> <span class='ocrx_word' id='word_1_619' title='bbox 2190 3749 2267 3801; x_wconf 85' lang='lat' dir='ltr'><strong>te,</strong></span> <span class='ocrx_word' id='word_1_620' title='bbox 2298 3749 2352 3795; x_wconf 86' lang='lat' dir='ltr'><strong>et</strong></span> <span class='ocrx_word' id='word_1_621' title='bbox 2372 3741 2730 3811; x_wconf 80' lang='lat' dir='ltr'><strong>magniﬁcabo</strong></span> <span class='ocrx_word' id='word_1_622' title='bbox 2751 3756 2947 3797; x_wconf 83' lang='lat' dir='ltr'><strong>nomen</strong></span> <span class='ocrx_word' id='word_1_623' title='bbox 2979 3749 3156 3805; x_wconf 91' lang='lat' dir='ltr'><strong>tuum,</strong></span> <span class='ocrx_word' id='word_1_624' title='bbox 3189 3751 3243 3797; x_wconf 89' lang='lat' dir='ltr'><strong>et</strong></span> <span class='ocrx_word' id='word_1_625' title='bbox 3297 3742 3408 3796; x_wconf 85' lang='lat' dir='ltr'><strong>eris</strong></span> <span class='ocrx_word' id='word_1_626' title='bbox 3449 3743 3615 3797; x_wconf 88' lang='lat' dir='ltr'><strong>bene-</strong></span> 
     </span>
    </p>
   </div>
   <div class='ocr_carea' id='block_1_82' title="bbox 2041 3833 3612 3897">
    <p class='ocr_par' dir='ltr' id='par_1_82' title="bbox 2041 3833 3612 3897">
     <span class='ocr_line' id='line_1_82' title="bbox 2041 3833 3612 3897; baseline -0.001 -8"><span class='ocrx_word' id='word_1_627' title='bbox 2041 3833 2241 3892; x_wconf 81' lang='lat' dir='ltr'><strong>dictus.</strong></span> <span class='ocrx_word' id='word_1_628' title='bbox 2275 3833 2341 3887; x_wconf 83' lang='lat' dir='ltr'><strong>Et</strong></span> <span class='ocrx_word' id='word_1_629' title='bbox 2367 3833 2683 3888; x_wconf 85' lang='lat' dir='ltr'><strong>benedicam</strong></span> <span class='ocrx_word' id='word_1_630' title='bbox 2710 3835 3095 3890; x_wconf 84' lang='lat' dir='ltr'><strong>benedicentes</strong></span> <span class='ocrx_word' id='word_1_631' title='bbox 3120 3842 3191 3897; x_wconf 83' lang='lat' dir='ltr'><strong>te,</strong></span> <span class='ocrx_word' id='word_1_632' title='bbox 3215 3845 3268 3890; x_wconf 79' lang='lat' dir='ltr'><strong>et</strong></span> <span class='ocrx_word' id='word_1_633' title='bbox 3294 3835 3612 3890; x_wconf 78' lang='lat' dir='ltr'><strong>maledicam</strong></span> 
     </span>
    </p>
   </div>
   <div class='ocr_carea' id='block_1_83' title="bbox 2043 3923 3613 3987">
    <p class='ocr_par' dir='ltr' id='par_1_83' title="bbox 2043 3923 3613 3987">
     <span class='ocr_line' id='line_1_83' title="bbox 2043 3923 3613 3987; baseline -0.001 -7"><span class='ocrx_word' id='word_1_634' title='bbox 2043 3925 2427 3980; x_wconf 87' lang='lat' dir='ltr'><strong>maledicentes</strong></span> <span class='ocrx_word' id='word_1_635' title='bbox 2458 3933 2530 3987; x_wconf 90' lang='lat' dir='ltr'><strong>te,</strong></span> <span class='ocrx_word' id='word_1_636' title='bbox 2561 3931 2615 3979; x_wconf 92' lang='lat' dir='ltr'><strong>et</strong></span> <span class='ocrx_word' id='word_1_637' title='bbox 2642 3923 3030 3978; x_wconf 85' lang='lat' dir='ltr'><strong>benedicentur</strong></span> <span class='ocrx_word' id='word_1_638' title='bbox 3054 3926 3110 3978; x_wconf 90' lang='lat' dir='ltr'><strong>in</strong></span> <span class='ocrx_word' id='word_1_639' title='bbox 3140 3933 3195 3977; x_wconf 91' lang='lat' dir='ltr'><strong>te</strong></span> <span class='ocrx_word' id='word_1_640' title='bbox 3225 3937 3413 3976; x_wconf 85' lang='lat' dir='ltr'><strong>omnes</strong></span> <span class='ocrx_word' id='word_1_641' title='bbox 3437 3925 3613 3980; x_wconf 83' lang='lat' dir='ltr'><strong>tribus</strong></span> 
     </span>
    </p>
   </div>
   <div class='ocr_carea' id='block_1_84' title="bbox 2042 4013 3613 4085">
    <p class='ocr_par' dir='ltr' id='par_1_84' title="bbox 2042 4013 3613 4085">
     <span class='ocr_line' id='line_1_84' title="bbox 2042 4013 3613 4085; baseline -0.004 -15"><span class='ocrx_word' id='word_1_642' title='bbox 2042 4022 2218 4070; x_wconf 83' lang='lat' dir='ltr'><strong>teme.</strong></span> <span class='ocrx_word' id='word_1_643' title='bbox 2252 4034 2272 4068; x_wconf 72' lang='grc' dir='ltr'><strong>ι</strong></span> <span class='ocrx_word' id='word_1_644' title='bbox 2297 4013 2475 4085; x_wconf 83' lang='lat' dir='ltr'><strong>Atque</strong></span> <span class='ocrx_word' id='word_1_645' title='bbox 2498 4014 2693 4069; x_wconf 88' lang='lat' dir='ltr'><strong>iterum</strong></span> <span class='ocrx_word' id='word_1_646' title='bbox 2721 4014 2859 4068; x_wconf 81' lang='lat' dir='ltr'><strong>dixit</strong></span> <span class='ocrx_word' id='word_1_647' title='bbox 2888 4013 3030 4068; x_wconf 80' lang='lat' dir='ltr'><strong>Deus</strong></span> <span class='ocrx_word' id='word_1_648' title='bbox 3056 4016 3109 4065; x_wconf 72' lang='grc' dir='ltr'>ἐ</span> <span class='ocrx_word' id='word_1_649' title='bbox 3152 4031 3173 4064; x_wconf 71' lang='grc' dir='ltr'><strong>ι</strong></span> <span class='ocrx_word' id='word_1_650' title='bbox 3206 4013 3458 4081; x_wconf 84' lang='lat' dir='ltr'><strong>Nunquid</strong></span> <span class='ocrx_word' id='word_1_651' title='bbox 3493 4015 3613 4069; x_wconf 63' lang='lat' dir='ltr'><strong>alie.-</strong></span> 
     </span>
    </p>
   </div>
   <div class='ocr_carea' id='block_1_85' title="bbox 2040 4104 3609 4177">
    <p class='ocr_par' dir='ltr' id='par_1_85' title="bbox 2040 4104 3609 4177">
     <span class='ocr_line' id='line_1_85' title="bbox 2040 4104 3609 4177; baseline -0.001 -16"><span class='ocrx_word' id='word_1_652' title='bbox 2040 4106 2271 4161; x_wconf 90' lang='lat' dir='ltr'><strong>condam</strong></span> <span class='ocrx_word' id='word_1_653' title='bbox 2311 4121 2412 4176; x_wconf 91' lang='lat' dir='ltr'><strong>ego</strong></span> <span class='ocrx_word' id='word_1_654' title='bbox 2462 4106 2531 4160; x_wconf 90' lang='lat' dir='ltr'><strong>ab</strong></span> <span class='ocrx_word' id='word_1_655' title='bbox 2569 4104 2881 4161; x_wconf 76' lang='lat' dir='ltr'><strong>Abrahamo</strong></span> <span class='ocrx_word' id='word_1_656' title='bbox 2910 4120 3072 4161; x_wconf 88' lang='lat' dir='ltr'><strong>servo</strong></span> <span class='ocrx_word' id='word_1_657' title='bbox 3138 4122 3280 4169; x_wconf 88' lang='lat' dir='ltr'><strong>meo,</strong></span> <span class='ocrx_word' id='word_1_658' title='bbox 3338 4120 3460 4175; x_wconf 75' lang='lat' dir='ltr'><strong>qua:</strong></span> <span class='ocrx_word' id='word_1_659' title='bbox 3507 4120 3609 4177; x_wconf 85' lang='lat' dir='ltr'><strong>ego</strong></span> 
     </span>
    </p>
   </div>
   <div class='ocr_carea' id='block_1_86' title="bbox 2039 4197 3611 4270">
    <p class='ocr_par' dir='ltr' id='par_1_86' title="bbox 2039 4197 3611 4270">
     <span class='ocr_line' id='line_1_86' title="bbox 2039 4197 3611 4270; baseline 0 -17"><span class='ocrx_word' id='word_1_660' title='bbox 2039 4197 2215 4253; x_wconf 76' lang='lat' dir='ltr'><strong>facio?</strong></span> <span class='ocrx_word' id='word_1_661' title='bbox 2254 4198 2529 4255; x_wconf 82' lang='lat' dir='ltr'><strong>Abraham</strong></span> <span class='ocrx_word' id='word_1_662' title='bbox 2560 4206 2741 4253; x_wconf 88' lang='lat' dir='ltr'><strong>autem</strong></span> <span class='ocrx_word' id='word_1_663' title='bbox 2799 4197 2889 4254; x_wconf 81' lang='lat' dir='ltr'><strong>ﬁet</strong></span> <span class='ocrx_word' id='word_1_664' title='bbox 2915 4199 2969 4254; x_wconf 91' lang='lat' dir='ltr'><strong>in</strong></span> <span class='ocrx_word' id='word_1_665' title='bbox 3000 4207 3214 4270; x_wconf 88' lang='lat' dir='ltr'><strong>gentem</strong></span> <span class='ocrx_word' id='word_1_666' title='bbox 3260 4210 3512 4268; x_wconf 84' lang='lat' dir='ltr'><strong>magnam</strong></span> <span class='ocrx_word' id='word_1_667' title='bbox 3556 4206 3611 4254; x_wconf 84' lang='lat' dir='ltr'><strong>et</strong></span> 
     </span>
    </p>
   </div>
   <div class='ocr_carea' id='block_1_87' title="bbox 2040 4289 3607 4360">
    <p class='ocr_par' dir='ltr' id='par_1_87' title="bbox 2040 4289 3607 4360">
     <span class='ocr_line' id='line_1_87' title="bbox 2040 4289 3607 4360; baseline -0.003 -14"><span class='ocrx_word' id='word_1_668' title='bbox 2040 4294 2284 4348; x_wconf 84' lang='lat' dir='ltr'><strong>multam.</strong></span> <span class='ocrx_word' id='word_1_669' title='bbox 2314 4291 2379 4348; x_wconf 87' lang='lat' dir='ltr'><strong>Et</strong></span> <span class='ocrx_word' id='word_1_670' title='bbox 2402 4290 2791 4348; x_wconf 88' lang='lat' dir='ltr'><strong>benedicentur</strong></span> <span class='ocrx_word' id='word_1_671' title='bbox 2816 4289 2948 4349; x_wconf 83' lang='lat' dir='ltr'><strong>ineo</strong></span> <span class='ocrx_word' id='word_1_672' title='bbox 2968 4304 3158 4345; x_wconf 86' lang='lat' dir='ltr'><strong>omnes</strong></span> <span class='ocrx_word' id='word_1_673' title='bbox 3184 4296 3371 4360; x_wconf 88' lang='lat' dir='ltr'><strong>gentes</strong></span> <span class='ocrx_word' id='word_1_674' title='bbox 3393 4296 3607 4342; x_wconf 19' lang='lat' dir='ltr'><strong>terrae...</strong></span> 
     </span>
    </p>
   </div>
   <div class='ocr_carea' id='block_1_88' title="bbox 2039 4379 3609 4452">
    <p class='ocr_par' dir='ltr' id='par_1_88' title="bbox 2039 4379 3609 4452">
     <span class='ocr_line' id='line_1_88' title="bbox 2039 4379 3609 4452; baseline -0.004 -12"><span class='ocrx_word' id='word_1_675' title='bbox 2039 4384 2322 4452; x_wconf 84' lang='lat' dir='ltr'><strong>Quomodo</strong></span> <span class='ocrx_word' id='word_1_676' title='bbox 2348 4393 2527 4438; x_wconf 86' lang='lat' dir='ltr'><strong>autem</strong></span> <span class='ocrx_word' id='word_1_677' title='bbox 2550 4383 2607 4437; x_wconf 84' lang='lat' dir='ltr'><strong>in</strong></span> <span class='ocrx_word' id='word_1_678' title='bbox 2643 4381 2953 4437; x_wconf 75' lang='lat' dir='ltr'><strong>Abraham</strong></span> <span class='ocrx_word' id='word_1_679' title='bbox 3002 4379 3387 4437; x_wconf 69' lang='lat' dir='ltr'><strong>benedicendm</strong></span> <span class='ocrx_word' id='word_1_680' title='bbox 3423 4389 3609 4437; x_wconf 86' lang='lat' dir='ltr'><strong>essent</strong></span> 
     </span>
    </p>
   </div>
   <div class='ocr_carea' id='block_1_89' title="bbox 2036 4470 3606 4545">
    <p class='ocr_par' dir='ltr' id='par_1_89' title="bbox 2036 4470 3606 4545">
     <span class='ocr_line' id='line_1_89' title="bbox 2036 4470 3606 4545; baseline -0.003 -16"><span class='ocrx_word' id='word_1_681' title='bbox 2036 4489 2227 4530; x_wconf 86' lang='lat' dir='ltr'><strong>omnes</strong></span> <span class='ocrx_word' id='word_1_682' title='bbox 2254 4481 2444 4545; x_wconf 85' lang='lat' dir='ltr'><strong>gentes</strong></span> <span class='ocrx_word' id='word_1_683' title='bbox 2480 4481 2536 4528; x_wconf 88' lang='lat' dir='ltr'><strong>et</strong></span> <span class='ocrx_word' id='word_1_684' title='bbox 2590 4486 2784 4528; x_wconf 82' lang='lat' dir='ltr'><strong>omnes</strong></span> <span class='ocrx_word' id='word_1_685' title='bbox 2811 4472 2989 4526; x_wconf 88' lang='lat' dir='ltr'><strong>tribus</strong></span> <span class='ocrx_word' id='word_1_686' title='bbox 3047 4480 3224 4534; x_wconf 67' lang='lat' dir='ltr'><strong>terraz.</strong></span> <span class='ocrx_word' id='word_1_687' title='bbox 3288 4472 3334 4527; x_wconf 88' lang='lat' dir='ltr'><strong>si</strong></span> <span class='ocrx_word' id='word_1_688' title='bbox 3387 4470 3606 4541; x_wconf 86' lang='lat' dir='ltr'><strong>quidem</strong></span> 
     </span>
    </p>
   </div>
   <div class='ocr_carea' id='block_1_90' title="bbox 356 4560 1946 4635">
    <p class='ocr_par' dir='ltr' id='par_1_90' title="bbox 356 4560 1934 4635">
     <span class='ocr_line' id='line_1_90' title="bbox 356 4560 1934 4635; baseline 0.005 -25"><span class='ocrx_word' id='word_1_689' title='bbox 356 4560 527 4613; x_wconf 79' lang='grc' dir='ltr'>πᾶσαι</span> <span class='ocrx_word' id='word_1_690' title='bbox 563 4561 622 4614; x_wconf 87' lang='grc' dir='ltr'><strong>αί</strong></span> <span class='ocrx_word' id='word_1_691' title='bbox 664 4560 828 4630; x_wconf 78' lang='grc' dir='ltr'>φυλαὶ</span> <span class='ocrx_word' id='word_1_692' title='bbox 859 4561 960 4633; x_wconf 86' lang='grc' dir='ltr'>τῆς</span> <span class='ocrx_word' id='word_1_693' title='bbox 1001 4562 1136 4633; x_wconf 83' lang='grc' dir='ltr'>γῆς,</span> <span class='ocrx_word' id='word_1_694' title='bbox 1172 4565 1222 4615; x_wconf 87' lang='grc' dir='ltr'><strong>εί</strong></span> <span class='ocrx_word' id='word_1_695' title='bbox 1264 4563 1433 4635; x_wconf 79' lang='grc' dir='ltr'>μηδέν</span> <span class='ocrx_word' id='word_1_696' title='bbox 1474 4580 1528 4616; x_wconf 84' lang='grc' dir='ltr'><strong>τι</strong></span> <span class='ocrx_word' id='word_1_697' title='bbox 1567 4565 1934 4635; x_wconf 85' lang='grc' dir='ltr'>προσήκοντες</span> 
     </span>
    </p>
   </div>
   <div class='ocr_carea' id='block_1_91' title="bbox 2046 4560 3608 4635">
    <p class='ocr_par' dir='ltr' id='par_1_91' title="bbox 2046 4561 3608 4633">
     <span class='ocr_line' id='line_1_91' title="bbox 2046 4561 3608 4633; baseline -0.003 -14"><span class='ocrx_word' id='word_1_698' title='bbox 2046 4564 2185 4619; x_wconf 78' lang='lat' dir='ltr'><strong>nulla</strong></span> <span class='ocrx_word' id='word_1_699' title='bbox 2218 4564 2430 4620; x_wconf 88' lang='lat' dir='ltr'><strong>ratione</strong></span> <span class='ocrx_word' id='word_1_700' title='bbox 2451 4580 2575 4619; x_wconf 87' lang='lat' dir='ltr'><strong>eum</strong></span> <span class='ocrx_word' id='word_1_701' title='bbox 2616 4562 2996 4633; x_wconf 88' lang='lat' dir='ltr'><strong>contingerent</strong></span> <span class='ocrx_word' id='word_1_702' title='bbox 3023 4600 3040 4623; x_wconf 82' lang='lat'><strong>.</strong></span> <span class='ocrx_word' id='word_1_703' title='bbox 3084 4576 3260 4630; x_wconf 87' lang='lat' dir='ltr'><strong>neque</strong></span> <span class='ocrx_word' id='word_1_704' title='bbox 3317 4561 3484 4615; x_wconf 84' lang='lat' dir='ltr'><strong>animi</strong></span> <span class='ocrx_word' id='word_1_705' title='bbox 3518 4575 3608 4614; x_wconf 87' lang='lat' dir='ltr'><strong>ra-</strong></span> 
     </span>
    </p>
   </div>
   <div class='ocr_carea' id='block_1_92' title="bbox 358 4648 1934 4728">
    <p class='ocr_par' dir='ltr' id='par_1_92' title="bbox 358 4648 1934 4728">
     <span class='ocr_line' id='line_1_92' title="bbox 358 4648 1934 4728; baseline 0.007 -28"><span class='ocrx_word' id='word_1_706' title='bbox 358 4648 598 4721; x_wconf 81' lang='grc' dir='ltr'>ὑπῆρχον</span> <span class='ocrx_word' id='word_1_707' title='bbox 622 4653 791 4725; x_wconf 84' lang='grc' dir='ltr'>αὐτῷ,</span> <span class='ocrx_word' id='word_1_708' title='bbox 832 4654 969 4726; x_wconf 84' lang='grc' dir='ltr'>μήτε</span> <span class='ocrx_word' id='word_1_709' title='bbox 997 4655 1138 4709; x_wconf 86' lang='grc' dir='ltr'>κατὰ</span> <span class='ocrx_word' id='word_1_710' title='bbox 1168 4654 1350 4726; x_wconf 83' lang='grc' dir='ltr'>ψυχῆς</span> <span class='ocrx_word' id='word_1_711' title='bbox 1378 4654 1599 4727; x_wconf 82' lang='grc' dir='ltr'>τρόπον,</span> <span class='ocrx_word' id='word_1_712' title='bbox 1630 4658 1766 4728; x_wconf 86' lang='grc' dir='ltr'>μήτε</span> <span class='ocrx_word' id='word_1_713' title='bbox 1792 4657 1934 4712; x_wconf 83' lang='grc' dir='ltr'><strong>κατά</strong></span> 
     </span>
    </p>
   </div>
   <div class='ocr_carea' id='block_1_93' title="bbox 358 4737 1931 4822">
    <p class='ocr_par' dir='ltr' id='par_1_93' title="bbox 358 4737 1931 4822">
     <span class='ocr_line' id='line_1_93' title="bbox 358 4737 1931 4822; baseline 0.008 -32"><span class='ocrx_word' id='word_1_714' title='bbox 358 4737 608 4810; x_wconf 84' lang='grc' dir='ltr'>σώματος</span> <span class='ocrx_word' id='word_1_715' title='bbox 635 4744 991 4814; x_wconf 79' lang='grc' dir='ltr'>συγγένειαν;</span> <span class='ocrx_word' id='word_1_716' title='bbox 1028 4747 1140 4817; x_wconf 80' lang='grc' dir='ltr'><strong>Τῆς</strong></span> <span class='ocrx_word' id='word_1_717' title='bbox 1171 4763 1232 4799; x_wconf 86' lang='grc' dir='ltr'><strong>τε</strong></span> <span class='ocrx_word' id='word_1_718' title='bbox 1263 4746 1373 4818; x_wconf 85' lang='grc' dir='ltr'><strong>γάρ</strong></span> <span class='ocrx_word' id='word_1_719' title='bbox 1411 4746 1552 4801; x_wconf 84' lang='grc' dir='ltr'><strong>κατά</strong></span> <span class='ocrx_word' id='word_1_720' title='bbox 1588 4749 1767 4822; x_wconf 87' lang='grc' dir='ltr'>σάρκα</span> <span class='ocrx_word' id='word_1_721' title='bbox 1799 4767 1931 4819; x_wconf 90' lang='grc' dir='ltr'>συγ-</span> 
     </span>
    </p>
   </div>
   <div class='ocr_carea' id='block_1_94' title="bbox 355 4832 1933 4910">
    <p class='ocr_par' dir='ltr' id='par_1_94' title="bbox 355 4832 1933 4910">
     <span class='ocr_line' id='line_1_94' title="bbox 355 4832 1933 4910; baseline 0.006 -24"><span class='ocrx_word' id='word_1_722' title='bbox 355 4834 569 4902; x_wconf 76' lang='grc' dir='ltr'>γενείας</span> <span class='ocrx_word' id='word_1_723' title='bbox 593 4835 678 4898; x_wconf 90' lang='grc' dir='ltr'><strong>τίς</strong></span> <span class='ocrx_word' id='word_1_724' title='bbox 702 4832 771 4908; x_wconf 81' lang='grc' dir='ltr'>ἧν</span> <span class='ocrx_word' id='word_1_725' title='bbox 797 4837 933 4910; x_wconf 80' lang='grc' dir='ltr'>πρὸς</span> <span class='ocrx_word' id='word_1_726' title='bbox 960 4837 1054 4891; x_wconf 78' lang='grc' dir='ltr'><strong>τὸν</strong></span> <span class='ocrx_word' id='word_1_727' title='bbox 1090 4836 1340 4910; x_wconf 82' lang='grc' dir='ltr'>Ἀϐραὰμ</span> <span class='ocrx_word' id='word_1_728' title='bbox 1359 4838 1666 4907; x_wconf 77' lang='grc' dir='ltr'>συγγένεια,</span> <span class='ocrx_word' id='word_1_729' title='bbox 1698 4839 1933 4904; x_wconf 86' lang='grc' dir='ltr'>Σκύθαις</span> 
     </span>
    </p>
   </div>
   <div class='ocr_carea' id='block_1_95' title="bbox 356 4924 1927 5006">
    <p class='ocr_par' dir='ltr' id='par_1_95' title="bbox 356 4924 1927 5006">
     <span class='ocr_line' id='line_1_95' title="bbox 356 4924 1927 5006; baseline 0.007 -32"><span class='ocrx_word' id='word_1_730' title='bbox 356 4924 492 5006; x_wconf 72' lang='grc' dir='ltr'>φέρε</span> <span class='ocrx_word' id='word_1_731' title='bbox 523 4928 714 4991; x_wconf 77' lang='grc' dir='ltr'>εἰπεῖν,</span> <span class='ocrx_word' id='word_1_732' title='bbox 748 4929 782 4999; x_wconf 82' lang='grc' dir='ltr'>ἢ</span> <span class='ocrx_word' id='word_1_733' title='bbox 825 4930 1169 4998; x_wconf 77' lang='grc' dir='ltr'>Αἰγυπτίοις,</span> <span class='ocrx_word' id='word_1_734' title='bbox 1200 4929 1233 5000; x_wconf 79' lang='grc' dir='ltr'><strong>ἢ</strong></span> <span class='ocrx_word' id='word_1_735' title='bbox 1276 4927 1542 4999; x_wconf 75' lang='grc' dir='ltr'>Αἰθίοψιν,</span> <span class='ocrx_word' id='word_1_736' title='bbox 1583 4930 1618 5001; x_wconf 78' lang='grc' dir='ltr'><strong>ἢ</strong></span> <span class='ocrx_word' id='word_1_737' title='bbox 1657 4931 1861 4995; x_wconf 79' lang='grc' dir='ltr'>Ἰνδοῖς,</span> <span class='ocrx_word' id='word_1_738' title='bbox 1894 4932 1927 5002; x_wconf 78' lang='grc' dir='ltr'><strong>ἢ</strong></span> 
     </span>
    </p>
   </div>
   <div class='ocr_carea' id='block_1_96' title="bbox 355 5014 1932 5092">
    <p class='ocr_par' dir='ltr' id='par_1_96' title="bbox 355 5014 1932 5092">
     <span class='ocr_line' id='line_1_96' title="bbox 355 5014 1932 5092; baseline 0.005 -25"><span class='ocrx_word' id='word_1_739' title='bbox 355 5014 749 5087; x_wconf 80' lang='grc' dir='ltr'>Βρεττανοῖς,ἢ</span> <span class='ocrx_word' id='word_1_740' title='bbox 781 5019 1128 5091; x_wconf 75' lang='grc' dir='ltr'>Ἱσπανοῖςςῆ</span> <span class='ocrx_word' id='word_1_741' title='bbox 1152 5019 1269 5085; x_wconf 81' lang='grc' dir='ltr'><strong>πῶς</strong></span> <span class='ocrx_word' id='word_1_742' title='bbox 1292 5019 1362 5073; x_wconf 84' lang='grc' dir='ltr'>ἂν</span> <span class='ocrx_word' id='word_1_743' title='bbox 1381 5020 1557 5074; x_wconf 78' lang='grc' dir='ltr'>ταῦτα</span> <span class='ocrx_word' id='word_1_744' title='bbox 1582 5021 1651 5075; x_wconf 89' lang='grc' dir='ltr'>τὰ</span> <span class='ocrx_word' id='word_1_745' title='bbox 1679 5020 1808 5092; x_wconf 72' lang='grc' dir='ltr'>ἔθνη</span> <span class='ocrx_word' id='word_1_746' title='bbox 1836 5022 1932 5081; x_wconf 78' lang='grc' dir='ltr'><strong>καὶ</strong></span> 
     </span>
    </p>
   </div>
   <div class='ocr_carea' id='block_1_97' title="bbox 355 5105 1931 5182">
    <p class='ocr_par' dir='ltr' id='par_1_97' title="bbox 355 5105 1931 5182">
     <span class='ocr_line' id='line_1_97' title="bbox 355 5105 1931 5182; baseline 0.004 -22"><span class='ocrx_word' id='word_1_747' title='bbox 355 5105 436 5161; x_wconf 73' lang='grc' dir='ltr'>ἔτι</span> <span class='ocrx_word' id='word_1_748' title='bbox 455 5107 523 5161; x_wconf 82' lang='grc' dir='ltr'><strong>τά</strong></span> <span class='ocrx_word' id='word_1_749' title='bbox 534 5106 737 5160; x_wconf 83' lang='grc' dir='ltr'>τούτων</span> <span class='ocrx_word' id='word_1_750' title='bbox 759 5109 1117 5181; x_wconf 83' lang='grc' dir='ltr'>ἀπῳκισμένα</span> <span class='ocrx_word' id='word_1_751' title='bbox 1131 5111 1228 5182; x_wconf 83' lang='grc' dir='ltr'><strong>τῆς</strong></span> <span class='ocrx_word' id='word_1_752' title='bbox 1247 5110 1384 5182; x_wconf 82' lang='grc' dir='ltr'>πρὸς</span> <span class='ocrx_word' id='word_1_753' title='bbox 1397 5109 1490 5164; x_wconf 82' lang='grc' dir='ltr'>τὸν</span> <span class='ocrx_word' id='word_1_754' title='bbox 1517 5111 1766 5182; x_wconf 80' lang='grc' dir='ltr'>Ἀϐραὰμ</span> <span class='ocrx_word' id='word_1_755' title='bbox 1787 5112 1931 5169; x_wconf 77' lang='grc' dir='ltr'><strong>κατά</strong></span> 
     </span>
    </p>
   </div>
   <div class='ocr_carea' id='block_1_98' title="bbox 355 5198 1926 5274">
    <p class='ocr_par' dir='ltr' id='par_1_98' title="bbox 355 5198 1926 5274">
     <span class='ocr_line' id='line_1_98' title="bbox 355 5198 1926 5274; baseline 0.003 -22"><span class='ocrx_word' id='word_1_756' title='bbox 355 5198 538 5270; x_wconf 89' lang='grc' dir='ltr'>σάρκα</span> <span class='ocrx_word' id='word_1_757' title='bbox 579 5199 895 5267; x_wconf 83' lang='grc' dir='ltr'>συγγενείας</span> <span class='ocrx_word' id='word_1_758' title='bbox 948 5203 1106 5273; x_wconf 86' lang='grc' dir='ltr'>χάριν</span> <span class='ocrx_word' id='word_1_759' title='bbox 1154 5202 1380 5273; x_wconf 72' lang='grc' dir='ltr'>ἔμελλον</span> <span class='ocrx_word' id='word_1_760' title='bbox 1430 5201 1926 5274; x_wconf 74' lang='grc' dir='ltr'>εὐλογηθήσεσθαις</span> 
     </span>
    </p>
   </div>
   <div class='ocr_carea' id='block_1_99' title="bbox 367 5288 1931 5367">
    <p class='ocr_par' dir='ltr' id='par_1_99' title="bbox 367 5288 1931 5367">
     <span class='ocr_line' id='line_1_99' title="bbox 367 5288 1931 5367; baseline 0.004 -23"><span class='ocrx_word' id='word_1_761' title='bbox 367 5290 506 5344; x_wconf 79' lang='grc' dir='ltr'>Ἀλλ’</span> <span class='ocrx_word' id='word_1_762' title='bbox 536 5290 658 5345; x_wconf 78' lang='grc' dir='ltr'>οὐδὲ</span> <span class='ocrx_word' id='word_1_763' title='bbox 685 5291 789 5362; x_wconf 74' lang='grc' dir='ltr'>’τῆς</span> <span class='ocrx_word' id='word_1_764' title='bbox 821 5291 961 5344; x_wconf 82' lang='grc' dir='ltr'>κατὰ</span> <span class='ocrx_word' id='word_1_765' title='bbox 985 5292 1162 5364; x_wconf 79' lang='grc' dir='ltr'>ψυχὴν</span> <span class='ocrx_word' id='word_1_766' title='bbox 1199 5294 1446 5362; x_wconf 85' lang='grc' dir='ltr'>εὐλογίας</span> <span class='ocrx_word' id='word_1_767' title='bbox 1467 5288 1613 5359; x_wconf 79' lang='grc' dir='ltr'>εἰκὸς</span> <span class='ocrx_word' id='word_1_768' title='bbox 1640 5290 1710 5367; x_wconf 79' lang='grc' dir='ltr'>ἦν</span> <span class='ocrx_word' id='word_1_769' title='bbox 1740 5312 1931 5350; x_wconf 86' lang='grc' dir='ltr'>κοινω-</span> 
     </span>
    </p>
   </div>
   <div class='ocr_carea' id='block_1_100' title="bbox 356 5380 1927 5458">
    <p class='ocr_par' dir='ltr' id='par_1_100' title="bbox 356 5380 1927 5458">
     <span class='ocr_line' id='line_1_100' title="bbox 356 5380 1927 5458; baseline 0.004 -24"><span class='ocrx_word' id='word_1_770' title='bbox 356 5382 541 5451; x_wconf 74' lang='grc' dir='ltr'>νήσειν</span> <span class='ocrx_word' id='word_1_771' title='bbox 583 5381 661 5454; x_wconf 83' lang='grc' dir='ltr'>τῷ</span> <span class='ocrx_word' id='word_1_772' title='bbox 702 5380 950 5453; x_wconf 79' lang='grc' dir='ltr'>Ἀϐραάμ</span> <span class='ocrx_word' id='word_1_773' title='bbox 983 5383 1160 5438; x_wconf 82' lang='grc' dir='ltr'>πάντα</span> <span class='ocrx_word' id='word_1_774' title='bbox 1194 5384 1266 5439; x_wconf 82' lang='grc' dir='ltr'>τὰ</span> <span class='ocrx_word' id='word_1_775' title='bbox 1305 5384 1454 5455; x_wconf 74' lang='grc' dir='ltr'>ἔθνη.</span> <span class='ocrx_word' id='word_1_776' title='bbox 1497 5385 1621 5449; x_wconf 90' lang='grc' dir='ltr'>Πῶς</span> <span class='ocrx_word' id='word_1_777' title='bbox 1653 5386 1795 5458; x_wconf 78' lang='grc' dir='ltr'>γάρς</span> <span class='ocrx_word' id='word_1_778' title='bbox 1838 5386 1927 5440; x_wconf 79' lang='grc' dir='ltr'>ὅτε</span> 
     </span>
    </p>
   </div>
   <div class='ocr_carea' id='block_1_101' title="bbox 354 5472 1929 5552">
    <p class='ocr_par' dir='ltr' id='par_1_101' title="bbox 354 5472 1929 5552">
     <span class='ocr_line' id='line_1_101' title="bbox 354 5472 1929 5552; baseline 0.004 -26"><span class='ocrx_word' id='word_1_779' title='bbox 354 5472 426 5526; x_wconf 86' lang='grc' dir='ltr'>τὰ</span> <span class='ocrx_word' id='word_1_780' title='bbox 460 5473 559 5541; x_wconf 85' lang='grc' dir='ltr'><strong>μὲν</strong></span> <span class='ocrx_word' id='word_1_781' title='bbox 579 5472 759 5527; x_wconf 84' lang='grc' dir='ltr'>αὐτῶν</span> <span class='ocrx_word' id='word_1_782' title='bbox 781 5473 1068 5545; x_wconf 72' lang='grc' dir='ltr'>ὲκθέσμοις</span> <span class='ocrx_word' id='word_1_783' title='bbox 1103 5475 1505 5548; x_wconf 82' lang='grc' dir='ltr'>μητρογαμίαις</span> <span class='ocrx_word' id='word_1_784' title='bbox 1537 5479 1634 5532; x_wconf 78' lang='grc' dir='ltr'>καὶ</span> <span class='ocrx_word' id='word_1_785' title='bbox 1667 5477 1929 5552; x_wconf 82' lang='grc' dir='ltr'>θυγατρο-</span> 
     </span>
    </p>
   </div>
   <div class='ocr_carea' id='block_1_102' title="bbox 359 5564 1927 5644">
    <p class='ocr_par' dir='ltr' id='par_1_102' title="bbox 359 5564 1927 5644">
     <span class='ocr_line' id='line_1_102' title="bbox 359 5564 1927 5644; baseline 0.005 -26"><span class='ocrx_word' id='word_1_786' title='bbox 359 5564 561 5635; x_wconf 75' lang='grc' dir='ltr'>μιξίαις</span> <span class='ocrx_word' id='word_1_787' title='bbox 579 5605 595 5629; x_wconf 92' lang='grc'><strong>,</strong></span> <span class='ocrx_word' id='word_1_788' title='bbox 645 5565 715 5621; x_wconf 86' lang='grc' dir='ltr'><strong>τά</strong></span> <span class='ocrx_word' id='word_1_789' title='bbox 761 5567 805 5621; x_wconf 87' lang='grc' dir='ltr'>δ’</span> <span class='ocrx_word' id='word_1_790' title='bbox 848 5566 1165 5631; x_wconf 86' lang='grc' dir='ltr'>ἀκολάστοις</span> <span class='ocrx_word' id='word_1_791' title='bbox 1214 5568 1451 5639; x_wconf 86' lang='grc' dir='ltr'>ὁμιλίαις</span> <span class='ocrx_word' id='word_1_792' title='bbox 1498 5571 1743 5644; x_wconf 72' lang='grc' dir='ltr'>ἀρρένων</span> <span class='ocrx_word' id='word_1_793' title='bbox 1789 5572 1927 5644; x_wconf 81' lang='grc' dir='ltr'>πρὸς</span> 
     </span>
    </p>
   </div>
   <div class='ocr_carea' id='block_1_103' title="bbox 353 5657 1925 5736">
    <p class='ocr_par' dir='ltr' id='par_1_103' title="bbox 353 5657 1925 5736">
     <span class='ocr_line' id='line_1_103' title="bbox 353 5657 1925 5736; baseline -0.008 -10"><span class='ocrx_word' id='word_1_794' title='bbox 353 5657 590 5729; x_wconf 63' lang='grc' dir='ltr'>ἄρρενας</span> <span class='ocrx_word' id='word_1_795' title='bbox 621 5659 939 5733; x_wconf 80' lang='grc' dir='ltr'>ἀνεφύρετο,</span> <span class='ocrx_word' id='word_1_796' title='bbox 972 5658 1041 5713; x_wconf 81' lang='grc' dir='ltr'><strong>τά</strong></span> <span class='ocrx_word' id='word_1_797' title='bbox 1077 5659 1135 5713; x_wconf 81' lang='grc' dir='ltr'>δὲ</span> <span class='ocrx_word' id='word_1_798' title='bbox 1174 5658 1270 5731; x_wconf 82' lang='grc' dir='ltr'>τὴν</span> <span class='ocrx_word' id='word_1_799' title='bbox 1303 5660 1584 5718; x_wconf 79' lang='grc' dir='ltr'>εὐσέϐειαν</span> <span class='ocrx_word' id='word_1_800' title='bbox 1617 5665 1676 5718; x_wconf 72' lang='grc' dir='ltr'>ὲν</span> <span class='ocrx_word' id='word_1_801' title='bbox 1716 5663 1925 5736; x_wconf 85' lang='grc' dir='ltr'>ἀνθρω-</span> 
     </span>
    </p>
   </div>
   <div class='ocr_carea' id='block_1_104' title="bbox 431 5853 1550 5925">
    <p class='ocr_par' dir='ltr' id='par_1_104' title="bbox 431 5853 1550 5925">
     <span class='ocr_line' id='line_1_104' title="bbox 431 5853 1550 5925; baseline 0.004 -15"><span class='ocrx_word' id='word_1_802' title='bbox 431 5855 451 5885; x_wconf 85' lang='grc'><strong>⁸</strong></span> <span class='ocrx_word' id='word_1_803' title='bbox 488 5854 621 5925; x_wconf 74' lang='lat' dir='ltr'><strong>Gen.</strong></span> <span class='ocrx_word' id='word_1_804' title='bbox 673 5870 770 5915; x_wconf 72' lang='grc' dir='ltr'>χιι.</span> <span class='ocrx_word' id='word_1_805' title='bbox 815 5853 929 5915; x_wconf 71' lang='grc'><strong>1-5.</strong></span> <span class='ocrx_word' id='word_1_806' title='bbox 1034 5855 1054 5887; x_wconf 86' lang='grc'>⁹</span> <span class='ocrx_word' id='word_1_807' title='bbox 1094 5853 1227 5911; x_wconf 81' lang='lat' dir='ltr'><strong>Gen.</strong></span> <span class='ocrx_word' id='word_1_808' title='bbox 1270 5870 1426 5921; x_wconf 77' lang='lat' dir='ltr'><strong>xvnt,</strong></span> <span class='ocrx_word' id='word_1_809' title='bbox 1463 5856 1550 5915; x_wconf 75' lang='grc'><strong>17.</strong></span> 
     </span>
    </p>
   </div>
   <div class='ocr_carea' id='block_1_105' title="bbox 2038 4651 3604 4733">
    <p class='ocr_par' dir='ltr' id='par_1_105' title="bbox 2038 4651 3604 4733">
     <span class='ocr_line' id='line_1_105' title="bbox 2038 4651 3604 4733; baseline -0.001 -25"><span class='ocrx_word' id='word_1_810' title='bbox 2038 4656 2204 4720; x_wconf 87' lang='lat' dir='ltr'><strong>tione,</strong></span> <span class='ocrx_word' id='word_1_811' title='bbox 2236 4670 2413 4725; x_wconf 84' lang='lat' dir='ltr'><strong>neque</strong></span> <span class='ocrx_word' id='word_1_812' title='bbox 2463 4654 2790 4733; x_wconf 72' lang='lat' dir='ltr'><strong>cognatione</strong></span> <span class='ocrx_word' id='word_1_813' title='bbox 2847 4653 3134 4724; x_wconf 78' lang='lat' dir='ltr'><strong>corporis?</strong></span> <span class='ocrx_word' id='word_1_814' title='bbox 3164 4651 3302 4707; x_wconf 84' lang='lat' dir='ltr'><strong>Nam</strong></span> <span class='ocrx_word' id='word_1_815' title='bbox 3342 4652 3490 4722; x_wconf 88' lang='lat' dir='ltr'><strong>quod</strong></span> <span class='ocrx_word' id='word_1_816' title='bbox 3537 4651 3604 4706; x_wconf 88' lang='lat' dir='ltr'><strong>ad</strong></span> 
     </span>
    </p>
   </div>
   <div class='ocr_carea' id='block_1_106' title="bbox 2034 4745 3601 4816">
    <p class='ocr_par' dir='ltr' id='par_1_106' title="bbox 2034 4745 3601 4816">
     <span class='ocr_line' id='line_1_106' title="bbox 2034 4745 3601 4816; baseline -0.003 -15"><span class='ocrx_word' id='word_1_817' title='bbox 2034 4745 2279 4816; x_wconf 88' lang='lat' dir='ltr'><strong>corporis</strong></span> <span class='ocrx_word' id='word_1_818' title='bbox 2306 4747 2686 4816; x_wconf 86' lang='lat' dir='ltr'><strong>cognationem</strong></span> <span class='ocrx_word' id='word_1_819' title='bbox 2718 4746 2932 4810; x_wconf 82' lang='lat' dir='ltr'><strong>attinet,</strong></span> <span class='ocrx_word' id='word_1_820' title='bbox 2957 4759 3205 4816; x_wconf 72' lang='lat' dir='ltr'><strong>quaenam</strong></span> <span class='ocrx_word' id='word_1_821' title='bbox 3226 4759 3433 4814; x_wconf 83' lang='lat' dir='ltr'><strong>quaeso,</strong></span> <span class='ocrx_word' id='word_1_822' title='bbox 3475 4757 3601 4797; x_wconf 88' lang='lat' dir='ltr'><strong>cum</strong></span> 
     </span>
    </p>
   </div>
   <div class='ocr_carea' id='block_1_107' title="bbox 2033 4826 3602 4903">
    <p class='ocr_par' dir='ltr' id='par_1_107' title="bbox 2033 4826 3602 4903">
     <span class='ocr_line' id='line_1_107' title="bbox 2033 4826 3602 4903; baseline -0.006 -14"><span class='ocrx_word' id='word_1_823' title='bbox 2033 4834 2343 4889; x_wconf 86' lang='lat' dir='ltr'><strong>Abrahamo</strong></span> <span class='ocrx_word' id='word_1_824' title='bbox 2393 4834 2679 4891; x_wconf 88' lang='lat' dir='ltr'><strong>intercedit</strong></span> <span class='ocrx_word' id='word_1_825' title='bbox 2732 4833 3110 4903; x_wconf 83' lang='lat' dir='ltr'><strong>propinquitas</strong></span> <span class='ocrx_word' id='word_1_826' title='bbox 3140 4869 3158 4897; x_wconf 89' lang='lat'><strong>,</strong></span> <span class='ocrx_word' id='word_1_827' title='bbox 3212 4829 3430 4900; x_wconf 86' lang='lat' dir='ltr'><strong>Scythis</strong></span> <span class='ocrx_word' id='word_1_828' title='bbox 3454 4826 3602 4882; x_wconf 83' lang='lat' dir='ltr'><strong>verbi</strong></span> 
     </span>
    </p>
   </div>
   <div class='ocr_carea' id='block_1_108' title="bbox 2033 4925 3604 5000">
    <p class='ocr_par' dir='ltr' id='par_1_108' title="bbox 2033 4925 3604 5000">
     <span class='ocr_line' id='line_1_108' title="bbox 2033 4925 3604 5000; baseline -0.001 -18"><span class='ocrx_word' id='word_1_829' title='bbox 2033 4930 2209 5000; x_wconf 86' lang='lat' dir='ltr'><strong>gratia</strong></span> <span class='ocrx_word' id='word_1_830' title='bbox 2239 4931 2320 4984; x_wconf 89' lang='lat' dir='ltr'><strong>vel</strong></span> <span class='ocrx_word' id='word_1_831' title='bbox 2345 4928 2637 5000; x_wconf 66' lang='lat' dir='ltr'><strong>Egyptiis,</strong></span> <span class='ocrx_word' id='word_1_832' title='bbox 2675 4939 2767 4984; x_wconf 82' lang='lat' dir='ltr'><strong>aut</strong></span> <span class='ocrx_word' id='word_1_833' title='bbox 2788 4927 3164 4998; x_wconf 68' lang='lat' dir='ltr'><strong>Ethiopibus,</strong></span> <span class='ocrx_word' id='word_1_834' title='bbox 3196 4926 3363 4989; x_wconf 85' lang='lat' dir='ltr'><strong>Indis,</strong></span> <span class='ocrx_word' id='word_1_835' title='bbox 3388 4925 3604 4980; x_wconf 72' lang='lat' dir='ltr'><strong>Britan-</strong></span> 
     </span>
    </p>
   </div>
   <div class='ocr_carea' id='block_1_109' title="bbox 2031 5013 3602 5089">
    <p class='ocr_par' dir='ltr' id='par_1_109' title="bbox 2031 5013 3602 5089">
     <span class='ocr_line' id='line_1_109' title="bbox 2031 5013 3602 5089; baseline -0.006 -13"><span class='ocrx_word' id='word_1_836' title='bbox 2031 5021 2120 5077; x_wconf 88' lang='lat' dir='ltr'><strong>nis</strong></span> <span class='ocrx_word' id='word_1_837' title='bbox 2147 5020 2231 5075; x_wconf 92' lang='lat' dir='ltr'><strong>vel</strong></span> <span class='ocrx_word' id='word_1_838' title='bbox 2265 5018 2554 5089; x_wconf 78' lang='lat' dir='ltr'><strong>Hispanis?</strong></span> <span class='ocrx_word' id='word_1_839' title='bbox 2605 5026 2701 5073; x_wconf 83' lang='lat' dir='ltr'><strong>aut</strong></span> <span class='ocrx_word' id='word_1_840' title='bbox 2743 5020 3022 5088; x_wconf 83' lang='lat' dir='ltr'><strong>quomodo</strong></span> <span class='ocrx_word' id='word_1_841' title='bbox 3048 5017 3133 5073; x_wconf 67' lang='lat' dir='ltr'><strong>hae</strong></span> <span class='ocrx_word' id='word_1_842' title='bbox 3157 5022 3346 5087; x_wconf 87' lang='lat' dir='ltr'><strong>gentes</strong></span> <span class='ocrx_word' id='word_1_843' title='bbox 3394 5013 3480 5069; x_wconf 87' lang='lat' dir='ltr'><strong>vel</strong></span> <span class='ocrx_word' id='word_1_844' title='bbox 3532 5013 3602 5068; x_wconf 84' lang='lat' dir='ltr'><strong>ab</strong></span> 
     </span>
    </p>
   </div>
   <div class='ocr_carea' id='block_1_110' title="bbox 2028 5107 3600 5178">
    <p class='ocr_par' dir='ltr' id='par_1_110' title="bbox 2028 5107 3600 5178">
     <span class='ocr_line' id='line_1_110' title="bbox 2028 5107 3600 5178; baseline -0.007 -11"><span class='ocrx_word' id='word_1_845' title='bbox 2028 5112 2119 5168; x_wconf 85' lang='lat' dir='ltr'><strong>his</strong></span> <span class='ocrx_word' id='word_1_846' title='bbox 2146 5112 2309 5168; x_wconf 86' lang='lat' dir='ltr'><strong>etiam</strong></span> <span class='ocrx_word' id='word_1_847' title='bbox 2331 5112 2675 5178; x_wconf 86' lang='lat' dir='ltr'><strong>remotiores,</strong></span> <span class='ocrx_word' id='word_1_848' title='bbox 2726 5108 3107 5165; x_wconf 81' lang='lat' dir='ltr'><strong>benedicenda:</strong></span> <span class='ocrx_word' id='word_1_849' title='bbox 3134 5107 3357 5162; x_wconf 73' lang='lat' dir='ltr'><strong>fuerunt</strong></span> <span class='ocrx_word' id='word_1_850' title='bbox 3378 5111 3600 5173; x_wconf 87' lang='lat' dir='ltr'><strong>propter</strong></span> 
     </span>
    </p>
   </div>
   <div class='ocr_carea' id='block_1_111' title="bbox 2029 5192 3600 5274">
    <p class='ocr_par' dir='ltr' id='par_1_111' title="bbox 2029 5192 3600 5274">
     <span class='ocr_line' id='line_1_111' title="bbox 2029 5192 3600 5274; baseline -0.011 -14"><span class='ocrx_word' id='word_1_851' title='bbox 2029 5203 2408 5274; x_wconf 79' lang='lat' dir='ltr'><strong>cognationem</strong></span> <span class='ocrx_word' id='word_1_852' title='bbox 2430 5215 2555 5256; x_wconf 86' lang='lat' dir='ltr'><strong>cum</strong></span> <span class='ocrx_word' id='word_1_853' title='bbox 2590 5198 2922 5263; x_wconf 83' lang='lat' dir='ltr'><strong>Abrahamo,</strong></span> <span class='ocrx_word' id='word_1_854' title='bbox 2954 5195 3099 5267; x_wconf 84' lang='lat' dir='ltr'><strong>quod</strong></span> <span class='ocrx_word' id='word_1_855' title='bbox 3129 5192 3197 5247; x_wconf 88' lang='lat' dir='ltr'><strong>ad</strong></span> <span class='ocrx_word' id='word_1_856' title='bbox 3217 5206 3437 5247; x_wconf 83' lang='lat' dir='ltr'><strong>carnem</strong></span> <span class='ocrx_word' id='word_1_857' title='bbox 3474 5205 3600 5261; x_wconf 81' lang='lat' dir='ltr'><strong>per-</strong></span> 
     </span>
    </p>
   </div>
   <div class='ocr_carea' id='block_1_112' title="bbox 2029 5282 3594 5361">
    <p class='ocr_par' dir='ltr' id='par_1_112' title="bbox 2029 5282 3594 5361">
     <span class='ocr_line' id='line_1_112' title="bbox 2029 5282 3594 5361; baseline -0.009 -12"><span class='ocrx_word' id='word_1_858' title='bbox 2029 5294 2199 5350; x_wconf 77' lang='lat' dir='ltr'><strong>tinet?</strong></span> <span class='ocrx_word' id='word_1_859' title='bbox 2226 5291 2332 5348; x_wconf 89' lang='lat' dir='ltr'><strong>Sed</strong></span> <span class='ocrx_word' id='word_1_860' title='bbox 2356 5307 2533 5361; x_wconf 85' lang='lat' dir='ltr'><strong>neque</strong></span> <span class='ocrx_word' id='word_1_861' title='bbox 2558 5289 2705 5361; x_wconf 86' lang='lat' dir='ltr'><strong>quod</strong></span> <span class='ocrx_word' id='word_1_862' title='bbox 2741 5288 2809 5343; x_wconf 86' lang='lat' dir='ltr'><strong>ad</strong></span> <span class='ocrx_word' id='word_1_863' title='bbox 2855 5287 3163 5342; x_wconf 86' lang='lat' dir='ltr'><strong>animorum</strong></span> <span class='ocrx_word' id='word_1_864' title='bbox 3191 5282 3594 5354; x_wconf 67' lang='lat' dir='ltr'><strong>cognationum.</strong></span> 
     </span>
    </p>
   </div>
   <div class='ocr_carea' id='block_1_113' title="bbox 2027 5374 3600 5454">
    <p class='ocr_par' dir='ltr' id='par_1_113' title="bbox 2027 5374 3600 5454">
     <span class='ocr_line' id='line_1_113' title="bbox 2027 5374 3600 5454; baseline -0.01 -14"><span class='ocrx_word' id='word_1_865' title='bbox 2027 5393 2148 5441; x_wconf 89' lang='lat' dir='ltr'><strong>erat</strong></span> <span class='ocrx_word' id='word_1_866' title='bbox 2177 5398 2486 5454; x_wconf 81' lang='lat' dir='ltr'><strong>congruens</strong></span> <span class='ocrx_word' id='word_1_867' title='bbox 2512 5388 2704 5453; x_wconf 90' lang='lat' dir='ltr'><strong>gentes</strong></span> <span class='ocrx_word' id='word_1_868' title='bbox 2733 5393 2923 5435; x_wconf 88' lang='lat' dir='ltr'><strong>omnes</strong></span> <span class='ocrx_word' id='word_1_869' title='bbox 2952 5377 3021 5432; x_wconf 91' lang='lat' dir='ltr'><strong>de</strong></span> <span class='ocrx_word' id='word_1_870' title='bbox 3051 5374 3427 5431; x_wconf 88' lang='lat' dir='ltr'><strong>benedictione</strong></span> <span class='ocrx_word' id='word_1_871' title='bbox 3445 5387 3600 5426; x_wconf 83' lang='lat' dir='ltr'><strong>com-</strong></span> 
     </span>
    </p>
   </div>
   <div class='ocr_carea' id='block_1_114' title="bbox 2026 5462 3593 5541">
    <p class='ocr_par' dir='ltr' id='par_1_114' title="bbox 2026 5462 3593 5541">
     <span class='ocr_line' id='line_1_114' title="bbox 2026 5462 3593 5541; baseline -0.009 -10"><span class='ocrx_word' id='word_1_872' title='bbox 2026 5476 2180 5531; x_wconf 85' lang='lat' dir='ltr'><strong>muni</strong></span> <span class='ocrx_word' id='word_1_873' title='bbox 2208 5490 2335 5530; x_wconf 89' lang='lat' dir='ltr'><strong>cum</strong></span> <span class='ocrx_word' id='word_1_874' title='bbox 2381 5473 2692 5529; x_wconf 81' lang='lat' dir='ltr'><strong>Ahrahamo</strong></span> <span class='ocrx_word' id='word_1_875' title='bbox 2718 5468 3067 5541; x_wconf 80' lang='lat' dir='ltr'><strong>participare.</strong></span> <span class='ocrx_word' id='word_1_876' title='bbox 3109 5465 3214 5532; x_wconf 84' lang='lat' dir='ltr'><strong>Qui</strong></span> <span class='ocrx_word' id='word_1_877' title='bbox 3251 5462 3441 5519; x_wconf 77' lang='lat' dir='ltr'><strong>enim?</strong></span> <span class='ocrx_word' id='word_1_878' title='bbox 3469 5476 3593 5517; x_wconf 85' lang='lat' dir='ltr'><strong>cum</strong></span> 
     </span>
    </p>
   </div>
   <div class='ocr_carea' id='block_1_115' title="bbox 2027 5557 3599 5632">
    <p class='ocr_par' dir='ltr' id='par_1_115' title="bbox 2027 5557 3599 5632">
     <span class='ocr_line' id='line_1_115' title="bbox 2027 5557 3599 5632; baseline -0.01 -10"><span class='ocrx_word' id='word_1_879' title='bbox 2027 5568 2148 5623; x_wconf 84' lang='lat' dir='ltr'><strong>aliae</strong></span> <span class='ocrx_word' id='word_1_880' title='bbox 2172 5566 2440 5622; x_wconf 82' lang='lat' dir='ltr'><strong>nefandas</strong></span> <span class='ocrx_word' id='word_1_881' title='bbox 2466 5572 2701 5619; x_wconf 84' lang='lat' dir='ltr'><strong>matrum</strong></span> <span class='ocrx_word' id='word_1_882' title='bbox 2729 5558 2952 5632; x_wconf 82' lang='lat' dir='ltr'><strong>nuptias</strong></span> <span class='ocrx_word' id='word_1_883' title='bbox 2977 5558 3064 5615; x_wconf 87' lang='lat' dir='ltr'><strong>vel</strong></span> <span class='ocrx_word' id='word_1_884' title='bbox 3110 5557 3344 5616; x_wconf 84' lang='lat' dir='ltr'><strong>ll-liarum</strong></span> <span class='ocrx_word' id='word_1_885' title='bbox 3390 5568 3599 5612; x_wconf 68' lang='lat' dir='ltr'><strong>concito</strong></span> 
     </span>
    </p>
   </div>
   <div class='ocr_carea' id='block_1_116' title="bbox 2023 5648 3594 5732">
    <p class='ocr_par' dir='ltr' id='par_1_116' title="bbox 2023 5648 3594 5732">
     <span class='ocr_line' id='line_1_116' title="bbox 2023 5648 3594 5732; baseline -0.01 -15"><span class='ocrx_word' id='word_1_886' title='bbox 2023 5660 2173 5725; x_wconf 85' lang='lat' dir='ltr'><strong>bitus</strong></span> <span class='ocrx_word' id='word_1_887' title='bbox 2194 5659 2508 5732; x_wconf 83' lang='lat' dir='ltr'><strong>probarent,</strong></span> <span class='ocrx_word' id='word_1_888' title='bbox 2549 5656 2669 5712; x_wconf 79' lang='lat' dir='ltr'><strong>aliae</strong></span> <span class='ocrx_word' id='word_1_889' title='bbox 2704 5653 3015 5726; x_wconf 85' lang='lat' dir='ltr'><strong>polluerunt</strong></span> <span class='ocrx_word' id='word_1_890' title='bbox 3046 5664 3168 5707; x_wconf 86' lang='lat' dir='ltr'><strong>sese</strong></span> <span class='ocrx_word' id='word_1_891' title='bbox 3211 5648 3421 5705; x_wconf 80' lang='lat' dir='ltr'><strong>incesta</strong></span> <span class='ocrx_word' id='word_1_892' title='bbox 3443 5659 3594 5701; x_wconf 70' lang='lat' dir='ltr'><strong>ntere</strong></span> 
     </span>
    </p>
   </div>
  </div>
