4106 6458
343 430 413 485 9.9
1224 424 1878 482 DEMONSTRATIONIS
1916 411 2377 478 EVANGELICE
2420 418 2550 475 LIB.
2592 417 2637 475 I.
3523 415 3592 468 30

348 552 475 624 ροὺς
509 546 775 620 ἀφορίζει,
804 544 923 599 καθ’
952 542 1046 608 οὓς
1074 546 1322 617 ἀπαντᾷν
1353 547 1519 618 ἐχρῆν
1560 547 1617 598 ἐν
1643 544 1720 614 τῷ
1746 546 1913 615 τόπῳ,

2022 559 2151 597 num
2194 540 2552 612 temporibus,
2587 536 2904 607 congregari
2948 535 3003 588 in
3044 548 3211 588 unum
3236 532 3410 602 jubet,
3450 540 3588 586 tem-

342 644 404 697 ἐν
543 641 610 695 τά
651 640 750 710 τῆς
780 638 899 692 κατ’
954 638 1115 691 αὐτὸν
1153 637 1408 708 λατρείας
1446 638 1784 691 ἐπετελεῖτο’
1824 637 1920 689 ἕνα

347 737 449 809 μὲν
485 732 570 787 τοῦ
609 734 821 803 Πάσχα,
861 730 1109 802 δεύτερον
1140 730 1229 782 τὸν
1257 730 1394 801 μετὰ
1418 732 1757 802 πεντήκοντα
1787 732 1924 801 ἡμέ-

348 846 448 900 ρας
478 826 569 880 ἐπὶ
592 826 692 895 τῆς
735 824 1136 895 ὀνομαζομένης
1166 823 1548 893 Πεντηκοστῆς
1571 823 1765 894 ἑορτῆς
1783 839 1796 852 ⁸
1826 824 1922 876 καὶ

345 918 522 990 τρίτον
547 917 624 987 τῷ
651 916 863 985 ἑϐδόμῳ
888 915 1017 985 μην)⁵
1050 913 1188 984 μετὰ
1206 914 1266 967 τὸ
1295 916 1485 985 Πάσχα
1515 914 1658 968 κατὰ
1704 915 1805 986 τὴν
1827 912 1921 966 τοῦ

347 1007 571 1079 ἱλασμοῦ
603 1006 837 1078 ἡμέραν,
865 1004 986 1059 καθ’
1016 1005 1083 1076 ἦν
1117 1005 1281 1058 εἰσέτι
1312 1005 1407 1058 νῦν
1454 1006 1695 1059 Ἰουδαῖοι
1722 1006 1922 1069 πάντες

343 1101 439 1171 τὴν
499 1100 749 1169 νηστείαν
807 1097 1163 1151 ἐπιτελοῦσιν.
1227 1098 1531 1169 Ἐπαρᾶταί
1584 1116 1644 1151 τε
1691 1101 1803 1161 τοῖς
1846 1098 1920 1169 μὴ

343 1192 639 1263 ἐμμένουσι
680 1195 791 1255 τοῖς
825 1192 1321 1262 νομοθετουμένοις.
1365 1190 1575 1245 Οὐκοῦν
1621 1193 1747 1254 τοὺς
1794 1189 1922 1261 μέλ-

341 1284 529 1347 λοντας
588 1284 832 1347 ἅπαντας
877 1285 1125 1354 ἀπαντᾷν
1166 1284 1347 1356 τρίτον
1401 1283 1494 1335 τοῦ
1531 1283 1683 1346 ἔτους
1730 1284 1809 1345 είς
1854 1280 1921 1335 τὰ

354 1376 725 1445 Ἰεροσόλυμα,
757 1376 850 1428 καὶ
879 1374 949 1427 τὰ
968 1376 1173 1445 νόμιμα
1209 1374 1470 1447 πληροῦν,
1504 1376 1562 1427 οὐ
1596 1374 1783 1446 πόρρω
1818 1392 1920 1427 που

340 1464 438 1533 τῆς
503 1463 758 1523 Ἰουδαίας
803 1465 971 1535 ἐχρῆν
1013 1466 1185 1534 δήπου
1226 1467 1414 1528 οἰκεῖν,
1465 1465 1579 1518 ἀλλ’
1614 1465 1752 1517 εἰσὶν
1780 1466 1923 1535 ἀμφὶ

340 1557 467 1618 τοὺς
489 1556 654 1626 ὅρους
683 1572 692 1582 ·
723 1557 770 1608 εί
802 1556 857 1608 δὲ
885 1556 946 1626 δὴ
980 1559 1092 1617 τοῖς
1139 1557 1475 1627 πορρωτάτω
1509 1557 1611 1625 τῆς
1641 1556 1925 1610 Παλαιστίο

339 1666 435 1715 νης
458 1649 700 1701 οἰκοῦσιν
744 1649 1017 1712 Ἰουδαίοις
1045 1648 1277 1701 ἀδύνατα
1302 1644 1369 1718 ἦν
1406 1648 1578 1701 τελεῖν
1604 1649 1671 1701 τὰ
1700 1665 1922 1718 νενομο-

339 1739 635 1810 θετημένα,
664 1739 859 1792 πολλοῦ
885 1740 1050 1808 φάναι
1088 1743 1201 1803 τοῖς
1247 1742 1410 1793 πᾶσιν
1457 1739 1654 1802 ἔθνεσι,
1689 1741 1922 1803 καὶτοῖς

338 1833 395 1883 ἐν
430 1835 549 1893 ταῖς
598 1833 877 1901 ἐσχατιαῖς
908 1831 1132 1901 τῆςγῆς
1177 1831 1529 1901 ἐφαρμόζειν.
1580 1831 1918 1884 Ἐπάκουσον

2023 650 2267 706 poraque
2296 632 2619 688 determinat
2647 627 2847 698 quibus
2882 626 3173 682 convenire
3202 631 3449 694 oporteat
3473 624 3592 676 loco

2023 742 2133 796 quo
2163 725 2333 779 divini
2366 724 2548 778 cultus
2588 720 2761 776 cilicia
2792 720 3113 784 obibantur;
3168 733 3336 771 unum
3370 717 3588 786 quidem

2022 816 2331 879 Paschalis,
2375 816 2605 869 alterum
2655 819 2779 883 post
2824 810 2942 865 dies
2988 809 3405 879 quinquaginta,
3454 806 3592 861 festo

2022 912 2168 983 quod
2219 910 2572 965 Pentecostes
2623 906 2749 960 inde
2798 903 2946 958 venit
2996 903 3237 964 nomine,
3282 910 3335 955 et
3370 902 3592 957 tertium

2022 1016 2210 1055 mense
2244 999 2477 1068 septimo
2524 1004 2648 1067 post
2689 994 2920 1057 Pascha,
2950 993 3038 1047 die
3086 992 3434 1062 expiationis,
3483 1007 3593 1061 quo

2024 1093 2329 1147 etiamnum
2358 1088 2533 1144 Judaei
2568 1088 2731 1142 hodie
2760 1101 2953 1140 omnes
2988 1084 3257 1153 jejunium
3291 1084 3590 1138 celebrant.

2023 1180 2168 1237 Diris
2219 1189 2399 1236 autem
2450 1178 2629 1234 Moses
2684 1193 2778 1233 eos
2821 1177 3068 1239 devovet,
3105 1176 3198 1244 qui
3241 1175 3449 1245 legibus
3479 1176 3595 1229 suis

2023 1274 2234 1330 sancita
2269 1288 2379 1327 non
2402 1270 2836 1327 observaverint.
2868 1267 3033 1337 Atqui
3080 1268 3202 1331 hos,
3249 1269 3340 1336 qui
3391 1266 3593 1334 triplici

2021 1367 2140 1420 vice
2169 1381 2265 1434 per
2316 1380 2519 1419 annum
2550 1363 2810 1418 deberent
2843 1360 3232 1432 Hierosolymis
3275 1360 3590 1422 convenire,

2023 1458 2277 1525 ritusque
2308 1455 2519 1526 legibus
2544 1456 2871 1509 constitutos
2902 1452 2970 1505 ad
3014 1452 3231 1522 plenum
3275 1451 3444 1514 obire,
3480 1448 3595 1505 non

2024 1548 2214 1618 procul
2243 1562 2272 1599 a
2302 1546 2487 1601 Iudaea
2521 1547 2769 1601 habitare
2806 1544 3091 1614 oportebat
3122 1563 3135 1598 :
3168 1544 3261 1613 qui
3291 1557 3420 1597 vero
3443 1543 3592 1596 circa

2024 1652 2296 1693 extremos
2318 1638 2619 1693 Palaestinae
2641 1638 2860 1701 limites,
2886 1643 2979 1690 aut
3010 1636 3227 1706 longius
3247 1651 3277 1688 a
3301 1634 3597 1695 Palaestina

2024 1732 2291 1803 degebant
2339 1729 2533 1795 Judaei,
2586 1738 2854 1801 praecepta
2904 1731 3038 1799 legis
3086 1729 3346 1799 perlicere
3399 1727 3592 1796 nequi-

2025 1826 2194 1886 bant;
2226 1832 2436 1877 tantum
2471 1824 2648 1889 abest,
2681 1832 2740 1877 ut
2785 1824 3044 1877 omnibus
3092 1821 3346 1893 gentibus
3375 1828 3429 1875 et
3457 1819 3588 1874 ulti-

337 1924 394 1977 δὲ
425 1925 543 1983 τίνα
568 1923 768 1995 τρόπον
791 1924 818 1975 6
846 1923 1007 1986 αὐτὸς
1051 1923 1213 1976 πάλιν
1248 1922 1541 1993 νομοθέτης
1566 1921 1664 1993 τὴν
1696 1922 1803 1974 ἀπὸ
1830 1921 1913 1974 λέ-

2025 1930 2139 1969 mas
2174 1925 2350 1969 terras
2399 1914 2765 1969 incolentibus
2815 1914 2929 1968 haec
2986 1914 3221 1984 potuerit
3265 1925 3588 1981 congruere.

337 2029 465 2083 χους
517 2014 751 2081 γυναῖκα
794 2011 1037 2081 ἀπαντᾷν
1096 2011 1444 2083 προστάττει,
1481 2012 1575 2064 καὶ
1623 2011 1812 2074 θυσίας
1845 2010 1913 2081 τῷ

2024 2007 2165 2060 Audi
2215 2023 2379 2077 porro
2420 2006 2697 2077 quomodo
2744 2006 2884 2061 idem
2932 2021 3128 2061 rursus
3156 2006 3432 2075 legislator
3464 2019 3589 2057 mu-

336 2104 454 2176 Θεῷ
479 2105 825 2177 προσφέρειν,
853 2105 1025 2173 λέγων
1054 2104 1253 2168 οὕτως·
1293 2125 1311 2156 ‹
1339 2107 1448 2159 Καὶ
1465 2106 1692 2175 ἐλάλησε
1718 2104 1913 2172 Κύριος

2023 2099 2211 2152 lierem
2244 2114 2273 2151 a
2300 2098 2589 2167 puerperio
2622 2099 2881 2152 accedere
2909 2104 2963 2151 et
3000 2096 3329 2151 sacriﬁcium
3364 2095 3474 2151 Deo
3506 2095 3591 2150 of-

337 2197 472 2267 πρὸς
514 2197 777 2267 Μωῦσῆν,
818 2196 1022 2265 λέγων·
1064 2197 1309 2268 Λάλησον
1356 2201 1466 2260 τοῖς
1496 2198 1631 2260 υἱοῖς
1683 2196 1913 2266 Ἰσραὴλ,

2023 2189 2165 2244 ferre
2188 2190 2398 2258 jubeat,
2420 2206 2543 2243 cum
2568 2191 2643 2242 ait
2670 2190 2712 2221 ³³
2739 2208 2753 2245 :
2793 2208 2811 2240 ι
2842 2188 3191 2257 Locutusque
3217 2196 3301 2243 est
3328 2187 3592 2242 Dominus

336 2288 432 2342 1ιαὶ¹
454 2289 597 2359 ἐρεῖς
627 2289 757 2359 πρὸς
780 2288 978 2350 αὐτούς
1000 2306 1012 2318 '
1046 2288 1189 2359 Γυνὴ
1229 2290 1349 2358 ἥτις
1376 2286 1470 2339 ἐάν
1515 2287 1913 2358 σπερματισθῇ,

2023 2281 2089 2334 ad
2124 2280 2311 2335 Mosen
2342 2288 2395 2335 et
2426 2281 2563 2334 dixit
2596 2299 2611 2336 :
2646 2280 2892 2349 Loquere
2925 2281 3051 2335 [iliis
3072 2281 3240 2335 Israel
3267 2293 3319 2334 et
3348 2280 3498 2333 dices
3521 2278 3589 2333 ad

336 2376 431 2429 καὶ
452 2375 582 2446 τέκῃ
623 2376 811 2446 ἀρσεν,
860 2376 1169 2444 ἀκάθαρτος
1224 2376 1375 2427 ἔσται
1428 2375 1568 2428 ἐπτά
1619 2375 1851 2447 ἡμέρας.
1896 2396 1913 2428 ι

2020 2387 2114 2427 eos
2149 2391 2160 2425 :
2201 2371 2393 2426 Mulier
2422 2388 2760 2441 quaacunque
2785 2372 3097 2441 conceperit
3128 2385 3314 2424 semen
3344 2376 3398 2423 et
3427 2384 3592 2439 pepe-

336 2462 473 2520 Εῐτα
502 2466 701 2536 μεταξῦ
740 2484 861 2519 τινα
895 2466 1086 2529 είπὼν,
1110 2468 1390 2538 ἐπιφέρει·
1433 2485 1450 2517 ‹
1491 2467 1599 2519 Καὶ
1629 2467 1757 2520 ὅταν
1784 2467 1913 2540 πλη·

2021 2466 2159 2520 rerit
2219 2466 2547 2529 masculum,
2601 2465 2880 2519 immunda
2938 2466 3041 2519 erit
3097 2472 3301 2533 septem
3353 2461 3493 2515 dies.
3562 2479 3584 2513 ι

341 2557 583 2627 ρωθῶσιν
605 2559 657 2611 αἱ
691 2556 896 2628 ἡμέραι
934 2557 1253 2627 καθάρσεως
1298 2558 1468 2627 αὐτῆς
1502 2559 1589 2626 ἐφ’
1623 2558 1722 2628 υἱῷ
1756 2557 1788 2629 ἢ
1827 2560 1913 2611 ἐπὶ

2018 2554 2225 2610 Deinde
2249 2556 2554 2625 inter-jectis
2581 2556 2858 2610 nonnullis
2881 2555 3162 2623 subjungit
3193 2552 3234 2585 ¹⁶
3265 2570 3278 2606 :
3308 2570 3327 2603 ι
3369 2552 3433 2605 Et
3462 2566 3588 2605 cum

337 2646 587 2718 θυγατρὶ,
622 2650 901 2719 προσοίσει
930 2649 1098 2718 ἀμνὸν
1117 2649 1386 2703 ἐνιαύσιον
1409 2651 1491 2712 είς
1521 2649 1913 2716 ὁλοκάρπωμα,

2019 2644 2225 2715 impleti
2254 2645 2451 2700 fuerint
2483 2646 2599 2699 dies
2632 2645 3030 2715 puriﬁcatiouis
3064 2645 3203 2713 ejus,
3232 2659 3330 2713 pro
3363 2643 3472 2696 tilio
3494 2648 3589 2696 aut

337 2738 433 2792 καὶ
464 2736 680 2790 νεοσσὸν
743 2740 1071 2810 περιστερᾶς
1107 2738 1139 2808 ἢ
1186 2739 1423 2809 τρυγόνα
1454 2741 1583 2809 περὶ
1620 2740 1913 2810 ἁμαρτίας,

2017 2752 2118 2807 pro
2141 2738 2266 2802 lilia,
2312 2739 2501 2793 oﬂeret
2529 2754 2724 2808 agnum
2753 2738 3064 2792 anniculam
3092 2737 3153 2797 in
3184 2736 3586 2801 holocaustum,
3608 2764 3641 2810 φ

336 2830 430 2883 ἐπὶ
462 2829 561 2900 τὴν
590 2828 761 2899 θύραν
798 2804 895 2900 τῆς
930 2804 1139 2901 σκηνῆς
1162 2804 1255 2883 τοῦ
1290 2804 1611 2902 μαρτυρίου.
1642 2804 1786 2901 Πρδς
1824 2804 1913 2884 τὸν

2016 2804 2327 2911 eapullum
2360 2804 2646 2901 columbae,
2680 2839 2775 2885 aut
2803 2839 3079 2893 turturem
3122 2846 3221 2900 pro
3254 2838 3480 2901 peccato
3517 2804 3635 2911 ad,

340 2920 487 2991 ίερέα
516 2920 793 2989 προσοίσει
820 2920 959 2974 αὐτά
998 2920 1174 2974 ἔναντι
1208 2922 1437 2992 Κυρίου.
1473 2923 1583 2975 Καὶ
1612 2922 1913 2987 ἐξιλάσεται

2018 2910 2269 2999 litigium
2276 2922 2629 2991 tabernaculi
2663 2922 2985 2977 testimonii.
3020 2921 3101 2975 Ad
3142 2920 3479 2975 sacerdotem
3504 2910 3603 2987 οἷοί

340 3012 653 3083 περὶηαύτῆς
673 3014 700 3065 6
732 3014 931 3083 ἱερεὺς,
967 3015 1060 3067 καὶ
1092 3013 1344 3086 καθαριεῖ
1366 3013 1532 3086 αιἰτὴν
1563 3015 1669 3069 ἀπὸ
1688 3017 1787 3088 τῆς
1814 3033 1913 3087 πη-

2017 3009 2155 3067 feret
2184 3028 2248 3068 ea
2276 3022 2405 3069 ante
2436 3012 2747 3069 Dominum.
2783 3013 2849 3067 Et
2874 3014 3121 3068 exorabit
3147 3028 3245 3082 pro
3285 3027 3350 3066 ea
3397 3014 3589 3067 sacer:

337 3103 443 3185 γῆς
478 3102 571 3157 τοῦ
607 3104 833 3172 αἵματος
874 3104 1066 3174 αὐτῆς.
1112 3098 1279 3169 Οὗτος
1311 3107 1338 3157 6
1364 3106 1527 3177 νόμος
1568 3108 1667 3178 τῆς
1700 3106 1913 3161 τικτού-

2016 3105 2136 3171 dos,
2161 3112 2217 3159 et
2247 3105 2558 3183 puriﬁcabit
2582 3121 2697 3161 eam
2729 3120 2759 3158 a
2793 3104 2939 3159 fonte
2974 3103 3255 3173 sanguinis
3290 3103 3430 3170 ejus.
3462 3099 3587 3157 IIazc

339 3182 440 3265 σης
460 3195 624 3266 ἄρσεν
661 3196 694 3266 ἡ
738 3194 893 3264 θῆλυ.
927 3214 944 3246 ι
985 3196 1104 3248 Ἔτι
1136 3196 1271 3267 πρὸς
1299 3194 1511 3260 τούτοις
1548 3197 1575 3248 6
1606 3196 1769 3261 αὐτὸς
1818 3197 1913 3252 καὶ

2016 3203 2100 3252 est
2128 3196 2215 3252 lex
2245 3180 2513 3266 parientis
2529 3198 2913 3251 mascutum'c't
2944 3197 3218 3252 feminam.
3261 3202 3297 3248 ι’
3319 3194 3587 3249 Praeterea

335 3286 426 3338 τὸν
449 3286 558 3339 ἀπὸ
592 3286 789 3357 κήδους
840 3286 934 3339 καὶ
970 3287 1178 3357 νεκρῶν
1227 3288 1443 3358 ἐπαφῆς
1484 3289 1811 3359 προστάττει
1840 3289 1913 3360 μὴ

2018 3288 2161 3343 idem
2190 3290 2621 3344 contaminatum
2673 3306 2739 3345 ex
2770 3290 2958 3344 funere
2984 3297 3038 3343 et
3076 3297 3329 3343 contactu
3363 3287 3587 3354 mortui,

334 3376 509 3441 ἄλλως
538 3376 899 3448 καθαίρεσθαι
932 3376 965 3448 ἡ
1004 3376 1092 3431 διά
1125 3394 1269 3441 τινος
1304 3377 1498 3431 σποδοῦ
1524 3378 1806 3449 δαμάλεως
1829 3380 1915 3448 ἐφ’

334 3468 484 3533 δλαις
528 3469 762 3540 ἡμέραις
796 3469 956 3531 ἑπτὰ,
1002 3470 1109 3523 τῶν
1135 3470 1380 3540 συνήθων
1419 3471 1752 3525 ἀποστάντα.
1807 3471 1914 3525 Λέ-

334 3575 422 3628 γει
454 3559 602 3627 γοῦνο
630 3558 780 3613 (Kal.
811 3558 962 3611 ἔσται
982 3564 1092 3624 τοῖς
1118 3563 1253 3623 υίοῖς
1281 3561 1496 3633 Ἰσραὴλ
1528 3562 1750 3626 καὶτοῖς
1774 3579 1913 3634 προσ

335 3652 608 3723 κειμένοις
655 3652 1014 3724 προσηλύτοις
1039 3653 1096 3704 ἐν
1137 3652 1285 3723 μέσῳ
1318 3654 1495 3705 αὐτῶν
1527 3654 1756 3724 νόμιμον
1787 3653 1917 3707 αἰώ-

334 3760 467 3797 νιον.
510 3745 566 3798 Ὀ
592 3744 896 3815 ἁπτόμενος
923 3745 1015 3798 τοῦ
1051 3744 1371 3814 τεθνηκότος
1406 3744 1587 3815 πάσης
1611 3746 1791 3815 ψυχῆς
1824 3746 1917 3799 ἀν-

335 3832 553 3905 θρώπου
601 3833 910 3905 ἀκάθαρτος
945 3833 1126 3885 ἔσται’
1164 3833 1302 3886 ἐπτά
1325 3833 1559 3904 ἡμέραις
1591 3833 1917 3904 ἀγνισθήσε-

332 3941 456 3977 ται·
490 3926 554 3994 τῇ
590 3925 769 3997 ἡμέρα
808 3927 873 3995 τῇ
918 3924 1074 3997 τρίτῃ
1106 3925 1201 3977 καὶ¹
1232 3928 1297 3995 τῇ
1333 3924 1534 3995 ἐϐδόμῃ
1579 3924 1914 3996 καθαρισθή-

335 4033 509 4069 σεται.
549 4016 673 4068 Ἐάν
697 4017 753 4069 δὲ
785 4016 858 4087 μὴ
895 4014 1199 4087 ἀφαγνισθῇ
1229 4019 1293 4086 τῇ
1326 4016 1508 4086 ἡμέρᾳ
1534 4018 1599 4086 τῇ
1628 4016 1786 4087 τρίτῃ
1820 4018 1914 4069 καὶ

332 4107 399 4176 τῇ
432 4105 657 4179 ἑϐδόμῃ,
687 4106 746 4158 οὐ
792 4105 1031 4177 καθαρὸς
1082 4104 1253 4160 ἔσται.
1282 4106 1395 4169 Πᾶς
1416 4108 1443 4158 6
1483 4106 1785 4175 ἁπτόμενος
1817 4106 1912 4159 τοῦ

334 4194 656 4267 τεθνηκότος
691 4197 798 4249 ἀπὸ
828 4195 1004 4267 ψυχῆς
1055 4195 1363 4267 ἀνθρώπου,
1397 4197 1491 4250 ἐάν
1535 4196 1787 4269 ἀποθάνῃ
1819 4197 1911 4249 καὶ

336 4286 410 4356 μὴ
439 4286 688 4357 ἀγνισθῇ,
723 4286 822 4357 τὴν
866 4288 1070 4357 σκηνὴν
1104 4286 1198 4340 τοῦ
1234 4288 1531 4359 μαρτυρίου
1574 4286 1669 4341 τοῦ
1696 4288 1899 4360 Κυρίου

333 4376 574 4447 ἐμίανεν.
632 4377 1046 4447 Ἐκτριϐἡσεται
1092 4379 1125 4448 ἡ
1168 4377 1313 4448 ψυχὴ
1355 4377 1535 4448 ἐκείνη
1570 4376 1627 4444 ἐξ
1673 4377 1908 4449 Ἰσραὴλ,

332 4468 415 4521 ὅτι
458 4467 603 4540 ὕδωρ
663 4468 960 4539 ῥαντισμοῦ
998 4469 1059 4521 οὗ
1109 4468 1565 4540 περιερραντίσθη
1597 4470 1681 4521 ἐπ’
1708 4468 1868 4521 αὐτόν
1892 4486 1906 4499 ο

2015 3379 2262 3450 praecipit
2292 3396 2397 3435 non
2416 3382 2521 3435 alio
2543 3380 2705 3435 modo
2728 3381 3001 3450 purilicari
3033 3397 3193 3450 quam
3224 3395 3319 3452 per
3345 3381 3585 3433 cinerem

2011 3470 2283 3540 juvenem,
2321 3472 2515 3527 diebus
2551 3473 2774 3540 integris
2806 3480 3033 3540 septem,
3081 3472 3420 3541 negotiisque
3448 3485 3584 3524 con-

2017 3560 2191 3616 suetis
2221 3562 2515 3617 abstinere.
2549 3562 2639 3615 Ait
2664 3563 2828 3632 igitur
2855 3562 2897 3593 ¹⁵
2931 3581 2944 3615 :
2983 3579 3001 3612 ι
3034 3560 3099 3615 Ει
3128 3561 3231 3615 erit
3264 3559 3389 3614 [illis
3416 3558 3585 3615 Israel

2014 3660 2070 3707 et
2121 3654 2411 3724 proselytis
2464 3655 2849 3709 accedentibus
2887 3654 2942 3708 in
2974 3654 3151 3707 medio
3187 3668 3374 3707 eorum
3407 3652 3586 3721 legiti-

2016 3759 2165 3798 mum
2201 3752 2485 3799 aeternum.
2518 3744 2623 3810 Qui
2663 3745 2902 3816 tetigerit
2935 3746 3168 3799 cadaver
3198 3744 3434 3799 hominis
3486 3758 3585 3798 cu-

2011 3832 2213 3902 jusque
2249 3834 2429 3885 anima
2454 3842 2701 3893 exutum,
2735 3832 3051 3887 immundus
3077 3834 3182 3886 erit
3221 3840 3427 3901 septem
3462 3832 3582 3886 die-

2014 3924 2119 3980 bus
2158 3942 2170 3978 :
2204 3923 2585 3994 puriﬁcabitur
2638 3922 2726 3976 die
2775 3923 2934 3975 tertio
2991 3930 3045 3975 et
3095 3922 3182 3977 die
3230 3922 3480 3989 septimo,
3528 3929 3586 3976 et

2014 4019 2253 4073 mundus
2302 4017 2425 4073 erit.
2486 4016 2546 4071 Si
2597 4031 2728 4072 vero
2766 4030 2875 4069 non
2929 4012 3093 4068 fuerit
3149 4014 3467 4083 purilicatus
3496 4012 3585 4068 die

2014 4110 2177 4165 tertio
2202 4117 2254 4164 et
2283 4108 2368 4163 die
2396 4108 2649 4177 septimo,
2688 4120 2799 4160 non
2831 4106 2936 4160 erit
2965 4103 3220 4158 mundus.
3271 4101 3465 4158 Omnis
3487 4102 3583 4173 qui

2012 4201 2248 4272 tetigerit
2280 4200 2513 4254 cadaver
2559 4199 2798 4254 hominis
2846 4198 3045 4252 mortui
3100 4196 3283 4249 anima
3334 4204 3580 4260 exutum,

2016 4302 2070 4348 et
2132 4309 2239 4347 non
2291 4291 2455 4346 fuerit
2514 4290 2855 4361 puriﬁcatus,
2910 4290 3325 4361 tabernaculum
3365 4285 3583 4342 Domini

333 4558 640 4631 ἀκάθαρτος
662 4562 831 4623 ἐστιν,
872 4559 1181 4632 ἀκαθαρσία
1217 4560 1301 4613 ἐπ’
1330 4560 1476 4630 αὐτῷ
1500 4560 1670 4612 ἐσται.
1695 4559 1801 4612 Καὶ
1821 4552 1910 4613 οὗ-

2016 4584 2110 4638 per
2136 4582 2258 4621 eum
2291 4584 2304 4619 :
2341 4565 2657 4619 immundus
2689 4573 2803 4629 est;
2852 4561 3196 4617 immunditia
3242 4568 3406 4630 super
3454 4574 3579 4615 eum

332 4668 421 4714 τος
446 4654 474 4706 ό
519 4653 703 4724 νόμος.
746 4653 1065 4724 Ἀνθρωπος
1112 4651 1206 4704 ἐὰν
1233 4653 1474 4723 ἀποθάνῃ
1514 4654 1572 4705 ἐν
1602 4651 1768 4723 οἰκίᾳ,
1799 4653 1907 4715 πᾶς

332 4744 781 4817 εἰσπορευόμενος
828 4748 907 4809 είς
943 4746 1040 4817 τὴν
1069 4746 1265 4811 οἰκίαν,
1298 4746 1392 4799 καὶ
1424 4746 1601 4799 πάντα
1639 4746 1740 4799 ὃσα
1760 4746 1906 4798 ἐστὶν

333 4836 393 4888 ἐν
410 4839 476 4906 τῇ
498 4838 663 4909 οἰκίᾳ,
699 4838 986 4909 ἀκάθαρτά
1027 4840 1172 4891 ἐστιν
1211 4838 1349 4893 ἐπτὰ
1385 4838 1617 4909 ἡμέρας.
1658 4839 1768 4891 Καὶ
1798 4839 1907 4890 πᾶν

334 4925 529 4989 σκεῦος
581 4929 945 4999 ἀνεῳγμένον,
989 4929 1090 4981 ὅσα
1137 4929 1256 4999 οὐχὶ
1296 4927 1481 4998 δεσμῷ
1532 4928 1904 4993 καταδέδεται,

332 5016 616 5089 ἀκάθαρτα
647 5019 817 5072 ἔσται.
857 5021 966 5073 Καὶ
1003 5022 1111 5083 πᾶς
1147 5020 1206 5084 ὃς
1259 5021 1326 5074 ἂν
1369 5020 1571 5093 ἅψηται
1602 5023 1695 5075 ἐπὶ
1737 5023 1908 5094 πρόσ-

334 5125 483 5164 ωπον
507 5108 600 5162 τοῦ
634 5110 814 5163 πεδίου
855 5112 1188 5184 τραυματίου
1230 5114 1522 5186 ῥομφαίας,
1553 5115 1585 5184 ἢ
1614 5116 1830 5187 νεκροῦ,
1870 5114 1904 5186 ἢ

332 5201 519 5256 ὀστέου
578 5203 1007 5276 ἀνθρωπίνου,ἢ
1055 5208 1356 5277 μνήματος,
1412 5205 1906 5279 ἀκάθαρτόςσέστιν

333 5290 472 5351 ἑπτὰ
511 5292 743 5363 ἡμέρας.
777 5293 887 5344 Καὶ
923 5292 1179 5364 λήψονται
1219 5295 1298 5365 τῷ
1345 5295 1641 5367 ἀκαθάρτῳ
1666 5296 1775 5348 ἀπὸ
1808 5295 1905 5365 τῆς

334 5383 555 5447 σποδιᾶς
586 5384 684 5455 τῆς
733 5386 1221 5457 κατακεκαυμένης
1245 5386 1336 5439 τοῦ
1367 5386 1656 5458 ἁγνισμοῦ,
1687 5387 1783 5440 καὶ
1812 5390 1906 5441 ἐκ-

333 5476 544 5545 χέουσιν
573 5475 740 5547 αὐτὴν
763 5477 844 5538 εἰς
864 5475 1056 5539 σκεῦος
1095 5477 1193 5547 (2),
1223 5478 1315 5531 καὶ
1342 5479 1599 5550 λήψονται
1634 5479 1903 5533 ὕσσωπονο

335 5568 427 5620 καὶ
459 5566 619 5636 βάψει
657 5567 796 5638 ἀνὴρ
842 5566 1100 5638 καθαρὸς,
1140 5569 1234 5622 καὶ
1260 5573 1579 5642 περιρῤανεῖ
1605 5572 1696 5623 ἐπὶ
1718 5570 1807 5623 τὸν
1832 5566 1910 5623 οῖ-

409 5722 452 5752 ”
492 5721 665 5778 Levit.
708 5739 807 5787 xu,
872 5724 921 5785 I,
961 5723 1018 5776 Ξ.

2014 4383 2237 4465 polluit;
2256 4380 2719 4435 Exterminabitur
2749 4377 2930 4432 anima
2975 4377 3747 4465 ἱιιᾶἷιξῖῑεῐῗίῑυῠτγλνη

1992 4458 2165 4530 Ῑιῖεἶιιι
2211 4458 2354 4545 aqua
2384 4472 2723 4553 ‘aspersionis
2756 4488 2863 4527 non
2904 4471 3335 4539 circumaspersa
3369 4476 3454 4524 est
3488 4484 3584 4524 su-

2012 4661 2137 4715 erit.
2175 4658 2241 4711 Et
2274 4658 2388 4712 hazc
2431 4664 2514 4712 est
2572 4657 2679 4711 lex.
2731 4654 2905 4709 Ilomo
2945 4656 2993 4710 si
3042 4661 3291 4707 mortuus
3327 4650 3491 4706 fuerit
3523 4650 3539 4703 i

2012 4750 2196 4812 domo,
2230 4748 2411 4803 omnis
2438 4746 2748 4818 ingrediens
2780 4745 2835 4798 in
2861 4744 3108 4810 domum,
3147 4750 3201 4797 et
3247 4743 3426 4797 omnia
3459 4755 3530 4809 qu

2012 4850 2141 4899 sunt
2172 4842 2228 4895 in
2258 4840 2464 4905 domo,,
2496 4837 2777 4893 immunda
2824 4845 2953 4891 sunt
3000 4842 3209 4905 septem
3258 4833 3472 4887 diebus.
3512 4829 3580 4883 Et

2012 4950 2174 4990 omne
2209 4948 2303 4988 vas
2328 4938 2599 5001 apertum,
2632 4943 2970 4999 quaecunque
3007 4942 3117 4981 non
3150 4923 3367 4979 vinculo
3404 4922 3578 4993 (oper-

2012 5028 2143 5098 cuti)
2171 5027 2388 5096 alligata
2414 5031 2563 5088 sunt,
2591 5020 2872 5076 immunda
2898 5026 3081 5076 erunt.
3115 5017 3181 5071 Et
3204 5015 3381 5071 omnis
3401 5013 3494 5084 qui
3521 5012 3580 5071 in

2013 5133 2144 5188 agro
2176 5116 2417 5187 tetigerit
2442 5114 2689 5170 occisum
2718 5110 2899 5183 gladio
2942 5108 3283 5172 vulneribus,
3323 5105 3408 5161 vel
3430 5120 3584 5161 mor-

2013 5216 2188 5273 tuum,
2216 5206 2302 5261 vel
2331 5220 2519 5260 ossum
2567 5201 2804 5257 hominis
2834 5206 2928 5253 aut
2958 5198 3265 5268 sepulcrum
3290 5212 3305 5261 ;
3338 5194 3580 5249 immun-

2013 5297 2116 5351 dus
2147 5295 2252 5349 erit
2280 5293 2472 5348 diebus
2515 5298 2744 5362 septem.
2784 5288 2849 5343 Et
2879 5296 3095 5343 sument
3135 5300 3234 5355 pro
3274 5285 3577 5351 immundo,

2012 5389 2081 5444 de
2110 5387 2295 5441 cinere
2315 5384 2613 5440 combustae
2657 5382 2931 5454 (juvenem)
2974 5378 3391 5451 puriﬁcationis,
3422 5377 3581 5432 et-ef-

2017 5478 2245 5533 fundent
2274 5492 2397 5532 eum
2423 5477 2479 5530 in
2500 5492 2615 5541 vas,
2644 5483 2699 5530 et
2732 5478 2951 5529 sument
2976 5472 3298 5542 hysSOpum,
3329 5477 3383 5524 et
3407 5469 3581 5538 tinget

2012 5572 2097 5625 vir
2125 5584 2297 5641 purus
2325 5576 2380 5623 et
2417 5568 2875 5637 circumasperget
2903 5578 3069 5635 super
3090 5562 3311 5619 domum
3337 5568 3392 5617 et
3416 5576 3581 5632 super

1098 5724 1140 5754 ¹⁸
1178 5721 1311 5778 Ibid.
1352 5723 1405 5788 6,
1449 5724 1500 5795 7.
1579 5726 1624 5757 "
1659 5724 1818 5781 Num.
1864 5720 2170 5793 xIx,IO-2I.

408 5859 480 5929 (ἲ)
513 5860 637 5929 Leg.
661 5862 940 5932 ἐκχέουσιν
968 5865 1052 5918 ἐπ’
1077 5864 1243 5936 αὐτὴν
1268 5864 1408 5938 ὕδωρ
1436 5865 1541 5931 ζῶν
1574 5868 1651 5931 είς
1686 5865 1894 5934 σκεῦος,

2016 5866 2279 5937 εῇνηίίιηι
2300 5881 2451 5936 super
2473 5882 2587 5920 cum
2612 5862 2890 5938 (cinerem)
2908 5879 3099 5934 aquam
3116 5863 3360 5918 riventem
3381 5861 3432 5916 in
3463 5878 3569 5917 ras.
