4106 6454
541 348 604 402 5|
1182 350 1451 406 EUSEBll
1486 348 1970 406 CAESARlENSlS
2007 351 2158 408 OPP.
2203 350 2388 406 PARS
2430 353 2574 409 ll.-
2612 348 3116 407 APOLOGETICA.

3732 355 3798 383 πο

3730 373 3760 404 ι’)
3768 373 3798 405 2

542 481 673 523 vasa
699 477 752 524 et
779 484 946 540 super
975 471 1185 524 animas
1211 478 1477 540 quotquot
1511 469 1715 525 fuerint
1747 470 1842 535 ibi,
1876 479 1929 526 et
1954 487 2079 540 supc

2181 500 2190 529 ι
2221 488 2336 533 κον,
2370 472 2462 523 καὶ
2513 469 2580 522 τὰ
2644 470 2834 540 σκεύη,
2870 470 2963 522 καὶ
3008 467 3106 531 τάς
3138 467 3336 537 ψυχὰς,
3378 468 3493 522 ὅσοι
3543 468 3637 520 ἐὰν
3666 462 3798 519 ὦσι-ι

543 575 664 612 eum
698 561 792 631 qui
821 562 1000 632 tetigit
1039 578 1223 616 ossum
1261 563 1519 627 hominis,
1571 573 1666 618 aut
1699 569 1943 620 occisum
1988 566 2110 618 vul-

544 670 670 710 nere
697 695 712 719 ,
763 662 856 710 aut
913 663 1206 717 mortuum,
1251 663 1345 710 aut
1398 658 1732 727 sepulcrum.
1772 659 1836 713 Et
1882 660 2114 715 circurn-

545 753 793 819 asperget
815 747 1048 802 mundus
1069 764 1236 818 super
1265 749 1608 806 immundum
1638 753 1726 808 die
1750 756 1912 809 tertio
1936 764 1989 810 et
2023 757 2110 811 die

544 837 776 906 septimo
825 855 840 892 :
893 844 946 890 et
1005 837 1206 891 lavabit
1256 839 1578 895 vestimenta
1634 859 1756 904 sua.
1807 855 1859 898 et
1909 860 2110 914 corpus

543 943 697 980 suum
730 929 926 982 lavabit
959 943 1122 998 aqua,
1162 937 1217 984 et
1269 932 1520 1002 impurus
1551 936 1655 989 erit
1695 953 1869 1006 usque
1898 937 1964 992 ad
2011 954 2104 992 ve-

540 1033 770 1086 speram.
805 1018 869 1073 Et
893 1020 1056 1076 homo
1069 1021 1495 1093 quijnquinatus
1522 1025 1705 1094 fuerit,
1731 1037 1784 1083 et
1807 1045 1916 1083 non
1943 1030 2106 1084 fuerit

536 1113 875 1182 purificatus,
911 1116 1367 1170 exterminabitur
1422 1119 1603 1172 anima
1649 1120 1740 1173 illa
1773 1138 1838 1176 ex
1870 1138 2105 1192 synago-

533 1220 618 1272 ga,
675 1207 936 1274 quoniam
967 1222 1109 1275 aqua
1159 1211 1494 1278 aspersionis
1529 1228 1636 1268 non
1667 1214 2103 1284 circumaspersa

531 1304 616 1350 est
645 1312 814 1367 super
843 1313 991 1353 eum.
1027 1299 1092 1354 Et
1123 1303 1227 1356 erit
1257 1303 1410 1357 vobis
1443 1305 1743 1374 legitimum
1803 1307 1904 1360 boc
1957 1324 2100 1362 sem-

531 1385 802 1454 piternum
829 1391 893 1444 “.
932 1410 950 1442 ι
987 1390 1109 1446 Haec
1141 1393 1229 1447 ubi
1262 1395 1439 1450 sancit
1465 1395 1661 1457 Moses.
1690 1400 1851 1452 etiam
1880 1399 2098 1454 modum

528 1492 685 1547 aqua:
714 1481 1055 1548 aspersionis
1080 1485 1407 1553 praescribit.
1437 1487 1599 1542 Jubct
1631 1491 1773 1544 enim
1801 1491 2096 1560 juvencam

528 1569 710 1624 rufam
743 1588 864 1641 quae
887 1590 996 1628 non
1027 1575 1185 1630 habet
1217 1578 1270 1631 in
1303 1594 1362 1632 se
1407 1579 1617 1644 vitium,
1661 1581 1894 1635 cremari
1926 1590 2096 1636 totam

523 1671 579 1717 et
607 1663 676 1718 de
701 1664 888 1720 cinere
932 1667 1052 1735 ejus
1096 1668 1335 1740 inspergi
1389 1686 1607 1740 aquam,
1657 1686 1764 1742 qua
1817 1673 2096 1742 purificari

524 1755 924 1811 contaminatos
953 1772 982 1810 a
1015 1759 1247 1813 mortuis
1280 1769 1514 1829 oportet.
1549 1762 1669 1826 Quo
1693 1772 1872 1818 autem
1900 1765 1952 1817 in
1977 1765 2096 1818 loco

2222 559 2356 621 ἐκεῖ,
2401 561 2493 612 καὶ
2529 562 2619 612 ἐπὶ
2647 561 2737 612 τὸν
2781 562 3022 631 ἡμμένον
3049 558 3140 612 τοῦ
3171 557 3359 614 ὀστέου
3394 558 3484 614 τοῦ
3518 559 3793 630 άνθρωπῖ-

2220 669 2332 715 νου,
2356 653 2388 722 ἢ
2415 651 2508 704 τοῦ
2535 651 2894 722 τραυματίου,
2922 653 2953 721 ἢ
2978 651 3069 704 τοῦ
3097 651 3438 722 τεθνηκότος,
3468 651 3501 722 ἢ
3532 650 3622 705 τοῦ
3654 655 3790 722 μνή-

2221 761 2408 814 ματος.
2451 746 2558 797 Kal
2575 748 2892 816 περιρρανεί
2922 747 2949 797 6
2979 745 3215 816 καθαρὸς
3242 745 3334 796 ἐπὶ
3357 745 3448 798 τὸν
3487 744 3792 814 ἀκάθαρτον

2217 838 2274 889 ἐν
2296 839 2360 907 τῇ
2399 837 2580 908 ἡμέρᾳ
2625 840 2691 906 τῇ
2724 839 2904 910 τρίτῃ,
2938 838 3030 890 καὶ
3051 840 3106 890 ἐν
3133 840 3198 907 τῇ
3241 837 3424 907 ἡμέρα
3469 840 3535 908 τῇ
3566 835 3787 907 ἐϐδόμῃ,

2216 928 2308 980 καὶ
2342 925 2532 980 πλυνεῖ
2558 926 2625 980 τὰ
2660 929 2849 998 ἱμάτια
2883 927 3095 991 ἑαυτοῦ,
3128 929 3220 981 καὶ
3253 928 3500 981 λούσεται
3535 929 3597 980 τὸ
3633 927 3791 996 σῶμα

2215 1015 2405 1080 ὕδατι,
2441 1017 2535 1070 καὶ
2580 1019 2888 1089 ἀκάθαρτος
2931 1020 3081 1072 ἔσται
3123 1019 3225 1084 ἓως
3272 1020 3529 1092 ἑσπέρας.
3557 1021 3666 1074 Kal.
3699 1022 3790 1076 άν-

2213 1104 2427 1175 θρωπος
2456 1106 2551 1160 ἐὰν
2591 1108 2812 1179 μιανθῇ,
2849 1110 2942 1162 καὶ
2977 1111 3050 1182 μὴ
3102 1111 3426 1181 ἀφαγνισθῇ,
3477 1110 3787 1183 ἐξολοθρευ-

2212 1197 2432 1268 θήσεται
2475 1203 2506 1270 ή
2561 1201 2706 1272 ψυχὴ
2739 1203 2919 1272 ἐκείνη
2943 1205 3005 1255 ἐκ
3034 1202 3132 1272 τῆς
3164 1203 3506 1273 συναγωγῆς,
3530 1205 3611 1256 δτι
3643 1203 3787 1275 ὕδωρ

2210 1291 2504 1361 ῥαντισμοῦ
2543 1294 2603 1345 οὐ
2647 1293 3104 1365 περιερραντίσθη
3142 1295 3226 1347 ἐπ’
3257 1296 3435 1348 αὐτόν.
3475 1297 3585 1349 Kal.
3634 1297 3784 1352 ἔσται

2209 1383 2336 1453 ὑμῖν
2365 1385 2593 1454 νόμιμον
2621 1386 2853 1438 αἰώνιον.
2885 1407 2901 1438 ι
2925 1386 3108 1440 Ταῦτα
3130 1388 3369 1457 Μωῦσῆς
3396 1389 3782 1460 νομοθετήσας,

2205 1476 2295 1528 τὸν
2323 1476 2520 1546 τρόπον
2567 1476 2659 1530 τοῦ
2691 1475 2880 1541 ὓδατος
2927 1479 3018 1531 τοῦ
3059 1481 3352 1550 ῥαντισμοῦ
3384 1482 3781 1540 ἐπεκδιδάσκειο

2205 1567 2436 1638 δάμαλιν
2479 1569 2693 1641 πυρρὰν
2726 1571 2952 1641 ἄμωμον
2968 1572 3388 1626 ὁλοκαυτοῦσθαι
3409 1577 3779 1646 προστάττων,

2205 1659 2298 1712 καὶ
2324 1659 2432 1713 ἀπὸ
2458 1660 2558 1730 τῆς
2587 1662 2808 1724 σπώιᾶς
2849 1664 3018 1733 αὐτῆς
3045 1664 3409 1734 ἐμϐάλλεσθαι
3440 1667 3516 1738 τῷ
3549 1668 3698 1721 ὕδατι
3725 1669 3783 1734 ἐξ

2204 1743 2264 1803 οὗ
2310 1752 2508 1822 χρῆναι
2549 1753 2907 1824 καθαίρεσθαι
2934 1757 3059 1819 τοὺς
3097 1758 3188 1809 ἐπὶ
3222 1759 3399 1829 νεκρῷ
3441 1762 3782 1832 μεμολυσμέ-

526 1843 608 1898 fas
638 1846 708 1900 sit
733 1847 1024 1915 juvencam
1055 1854 1398 1915 comburere,
1423 1853 1504 1908 vel
1532 1854 1619 1907 ubi
1654 1869 1980 1924 puerperam
2011 1856 2079 1909 of-

2198 1860 2340 1906 νους.
2380 1844 2488 1895 Ποῦ
2543 1845 2599 1896 δὲ
2659 1847 2763 1916 χρὴ
2799 1845 3220 1901 ὁλοκαυτοῦσθαι
3249 1850 3344 1920 την
3378 1851 3628 1921 δάμαλιν,
3677 1854 3778 1907 ποῦ

523 1935 665 1990 ferre
715 1940 1004 2004 sacrificia,
1036 1950 1089 1995 et
1127 1943 1214 1997 ubi
1239 1953 1463 1999 caeteros
1495 1945 1607 2015 lege
1640 1947 1989 2016 praescriptos
2020 1948 2095 2000 ri-

520 2037 610 2084 tus
666 2031 818 2086 obire
877 2033 1067 2088 deceat
1121 2042 1175 2090 et
1227 2037 1475 2105 exsequi,
1514 2038 1658 2106 quod
1695 2038 1801 2092 hoc
1835 2054 1943 2092 non
1978 2054 2097 2107 per-

519 2122 747 2177 missum
779 2125 850 2180 sit
883 2125 1062 2181 facere
1095 2130 1407 2198 promiscue
1434 2131 1682 2199 quolibet
1731 2129 1785 2184 in
1817 2131 1961 2194 loco,
1996 2131 2091 2186 sed

517 2217 571 2268 in
610 2232 718 2269 uno
753 2234 912 2288 quem
945 2220 1061 2288 ipse
1089 2221 1444 2289 determinat;
1497 2224 1846 2294 perspicuum
1893 2232 1976 2280 est
2023 2240 2089 2278 ex

519 2307 584 2361 iis
618 2325 737 2378 qua:
777 2311 893 2381 lege
928 2315 1172 2384 praecipit
1202 2332 1326 2370 cum
1369 2318 1446 2370 ait
1491 2318 1532 2348 "
1579 2337 1591 2372 :
1650 2335 1668 2367 ‹
1710 2316 1771 2370 Et
1799 2319 1904 2374 erit
1935 2318 2088 2374 locus

511 2417 890 2472 quemcunque
921 2405 1145 2475 elegerit
1177 2407 1438 2463 Dominus
1472 2407 1613 2464 Deus
1669 2419 1817 2474 tuus,
1853 2419 1909 2464 ut
1938 2414 2089 2465 invo-

513 2498 665 2544 cetur
697 2508 894 2547 nomen
927 2495 1045 2563 ejus
1077 2497 1174 2560 ibi,
1201 2498 1329 2553 illuc
1367 2498 1553 2554 feretis
1576 2501 1783 2564 omnia,
1830 2517 1951 2570 qua:
1985 2518 2087 2573 ego

513 2583 712 2636 mando
745 2585 900 2638 vobis
940 2587 1120 2644 hodie.
1164 2609 1182 2641 ο
1220 2589 1357 2645 Hinc
1383 2601 1643 2646 accurate
1671 2594 1762 2647 illa
1809 2609 1936 2648 cum
1985 2611 2084 2650 ex-

514 2674 806 2740 posuisset,
862 2679 1146 2750 subjungit
1181 2681 1270 2737 "z
1324 2700 1342 2734 ι
1398 2681 1632 2740 Attende
1681 2684 1781 2738 tibi
1835 2686 1964 2756 ipsi,
2017 2703 2087 2742 ne

514 2765 710 2821 oderas
763 2768 1199 2827 boloeautomata
1249 2783 1363 2836 tua,
1415 2775 1729 2847 ubicunque
1779 2779 2081 2848 aspexeris.

511 2857 605 2910 sed
639 2858 691 2911 in
721 2860 838 2915 loco
865 2878 1025 2931 quem
1066 2864 1326 2935 delegerit
1358 2866 1620 2924 Dominus
1667 2869 1810 2926 Deus
1849 2883 1998 2935 tinus,
2027 2874 2082 2927 in

511 2961 614 3000 una
654 2951 935 3005 civitatum
987 2962 1228 3018 tuarum,
1281 2955 1356 3009 ibi
1401 2956 1598 3013 offeres
1642 2958 2080 3016 bolocautomata

504 3047 616 3101 tua,
652 3052 703 3096 et
740 3044 812 3096 ibi
841 3043 1008 3098 facies
1029 3046 1212 3100 omnia
1241 3063 1583 3120 quacunque
1615 3067 1717 3117 ego
1759 3054 1958 3110 mando
1979 3057 2079 3111 tibi

506 3131 683 3186 hodie.
723 3153 742 3183 ι
776 3133 940 3188 Addit
975 3152 1137 3206 porro
1190 3139 1279 3194 ":
1329 3157 1351 3191 ι
1392 3139 1509 3196 Non
1559 3144 1762 3212 poteris
1818 3146 1966 3201 vesci
2022 3147 2077 3201 in

502 3223 606 3276 civi
638 3224 818 3279 atibus
853 3227 964 3280 tuis
994 3227 1325 3296 quibuslibet
1367 3233 1786 3290 decimationem
1819 3236 2077 3292 frumenti

503 3315 603 3378 tui,
632 3331 730 3371 nec
761 3319 869 3372 vini
891 3321 963 3372 tui
991 3331 1086 3375 aut
1109 3323 1211 3376 olei
1237 3325 1313 3378 tui
1341 3343 1354 3378 ι
1383 3325 1740 3396 primogenita
1761 3330 1924 3383 boum
1952 3338 2076 3385 luo-

502 3421 624 3460 rum
660 3415 714 3462 et
743 3411 924 3464 ovium
954 3420 1192 3477 tuarum,
1225 3427 1278 3470 et
1309 3418 1491 3471 omnia
1531 3430 1658 3474 vola
1693 3428 1782 3473 tua
1813 3438 2076 3491 quare-un-

500 3514 608 3567 que
636 3502 915 3563 voveritis,
941 3511 996 3558 et
1023 3505 1402 3564 confessiones
1436 3517 1649 3564 vestras
1703 3520 1758 3567 et
1804 3516 2075 3582 primitias

500 3605 762 3645 manuum
816 3607 1142 3653 vestrarum.
1198 3598 1304 3655 Sed
1358 3610 1484 3657 ante
1552 3603 1841 3660 Dominum
1903 3607 2072 3664 Deum

500 3689 655 3734 tuum
711 3686 935 3741 comede
983 3688 1073 3742 illa
1125 3690 1178 3744 in
1230 3692 1373 3757 loco,
1425 3711 1587 3764 quem
1645 3697 1908 3768 delegerit
1961 3701 2072 3755 Do-

499 3773 682 3829 minus
733 3774 874 3832 Deus
936 3787 1064 3836 tuus
1122 3783 1247 3847 sibi,
1296 3792 1351 3838 tu
1405 3793 1454 3839 et
1519 3786 1612 3841 ﬁlii
1664 3789 1767 3853 tui,
1821 3791 1930 3845 ﬁlia
1979 3800 2073 3848 tua

497 3873 553 3919 et
608 3881 798 3922 servus
862 3879 1010 3936 tuus,
1065 3881 1226 3944 atque
1273 3878 1469 3932 ancilla
1519 3887 1612 3934 tua
1661 3889 1717 3936 et
1760 3886 2072 3956 prosclytus

495 3956 552 4012 in
610 3961 834 4016 urbibus
883 3964 1014 4017 tuis.
1056 3985 1075 4016 ι
1132 3965 1338 4023 Deinde
1395 3972 1644 4027 oratione
1712 3991 2070 4045 progressus,

492 4049 639 4119 quod
667 4051 874 4107 dictum
903 4065 988 4110 est
1007 4057 1315 4123 confirmat,
1353 4061 1483 4115 dum
1513 4065 1595 4118 sic
1625 4065 1702 4119 ait
1729 4084 1742 4119 :
1776 4085 1795 4118 ι
1835 4066 2069 4124 Verum-

495 4149 676 4196 tamen
705 4153 899 4198 sancta
927 4156 1020 4201 tua
1049 4164 1173 4203 eum
1219 4150 1420 4207 fuerint
1450 4155 1568 4220 tibi,
1590 4167 1649 4211 et
1674 4173 1798 4212 cum
1829 4170 1952 4216 vota
1979 4172 2067 4218 tua

495 4239 825 4304 susceperis,
877 4241 1061 4296 venies
1094 4243 1160 4296 ad
1209 4243 1386 4300 locum
1415 4265 1577 4317 quem
1619 4250 1840 4322 elegerit
1889 4254 2069 4311 Domi-

494 4339 600 4379 nus
660 4324 802 4383 Deus
851 4336 980 4384 tuus
1033 4333 1137 4387 sibi
1161 4335 1227 4388 ".
1261 4355 1279 4386 ι
1309 4336 1374 4391 Ει
1431 4354 1622 4395 rursus
1673 4359 1685 4394 :
1734 4361 1752 4393 ι
1793 4341 2063 4402 Decimam

491 4415 788 4475 decimabis
819 4422 1058 4479 universi
1094 4423 1236 4482 fetus
1264 4428 1490 4483 seminis
1514 4431 1620 4498 tui;
1652 4431 1818 4488 fetum
1848 4437 1962 4507 agri
1987 4438 2062 4492 tui

491 4511 784 4576 quotannis
807 4514 1058 4570 comedas
1099 4517 1277 4586 ipsum
1308 4519 1362 4574 in
1390 4531 1688 4592 conspectu
1723 4524 1937 4582 Domini
1967 4527 2060 4584 Dei

492 4599 594 4662 tui,
625 4615 692 4655 eo
728 4602 781 4655 in
807 4603 927 4659 loco
954 4623 1114 4676 quem
1147 4610 1370 4680 elegerit
1402 4612 1664 4672 Dominus
1691 4616 1830 4674 Deus
1847 4623 2061 4677 tuusad

490 4691 851 4748 invocandum
882 4697 933 4766 2
967 4714 1164 4756 nomen
1221 4719 1379 4757 suum
1425 4706 1499 4760 ibi
1532 4710 1598 4763 ἰ.
1649 4729 1667 4761 ›
1717 4709 1919 4767 Deinde
1968 4715 2062 4769 ubi

487 4785 756 4852 reputavit
786 4789 913 4856 quid
953 4789 1131 4845 facere
1163 4805 1432 4863 oporteat,
1469 4799 1516 4853 si
1571 4801 1618 4855 is
1669 4802 1822 4859 locus
1853 4805 1922 4861 de
1949 4824 2061 4876 quo

485 4875 664 4944 agitur
716 4882 980 4936 remotior
1032 4882 1214 4948 fuerit,
1263 4877 1479 4960 frugum
1539 4903 1719 4949 autem
1760 4875 2059 4966 proventus

485 4965 709 5032 multus,
743 4977 804 5022 ut
852 4971 1108 5028 videlicet
1157 4975 1319 5032 domo
1363 4979 1432 5034 ad
1481 4982 1658 5038 locum
1713 4965 1807 5041 Dei
1861 4987 2058 5044 aﬂ‘errc

483 5065 729 5124 oporteat
761 5075 974 5118 annuos
1000 5065 1212 5124 fructus
1243 5074 1681 5141 sacrificationis,
1701 5079 1768 5133 de
1803 5079 1906 5134 hoc
1929 5081 2057 5136 item

484 5147 625 5202 hanc
654 5156 939 5209 constituit
970 5158 1140 5229 legem
1174 5180 1186 5215 :
1219 5180 1239 5213 ι
1278 5163 1334 5217 Si
1375 5181 1504 5221 vero
1553 5169 1712 5240 longe
1741 5187 1771 5224 a
1807 5179 1859 5227 te
1889 5172 2056 5228 fuerit

480 5240 587 5304 via,
620 5256 794 5312 neque
837 5250 1015 5315 possis
1041 5266 1104 5305 ea
1135 5267 1550 5324 repraesentare,
1586 5273 1874 5332 propterea
1905 5266 2050 5327 quod

483 5331 640 5421 longe
682 5349 713 5387 a
758 5343 812 5390 te
863 5337 1026 5394 fuerit
1083 5343 1259 5410 locus,
1285 5362 1447 5417 quem
1507 5331 1731 5421 elegerit
1789 5353 2050 5410 Dominus

482 5419 624 5475 Deus
651 5431 778 5479 tuus
817 5427 885 5481 ad
928 5429 1290 5489 invocandum
1323 5450 1521 5490 nomen
1572 5419 1728 5493 suum
1766 5440 1840 5493 ibi
1879 5460 1890 5493 :
1925 5441 2053 5494 tibi-

479 5528 583 5581 que
612 5513 949 5573 benedixerit
981 5520 1243 5580 Dominus
1265 5527 1406 5584 Deus
1445 5536 1594 5593 tuus,
1626 5532 1828 5587 vendes
1857 5548 1920 5587 ea
1960 5549 2050 5586 ar-

479 5618 660 5678 gento,
690 5617 744 5666 et
773 5613 955 5684 capies
989 5629 1272 5703 argentum
1307 5624 1362 5678 in
1389 5639 1584 5681 manus
1609 5634 1748 5692 tuas,
1771 5634 1825 5682 et
1858 5627 2044 5682 venies

584 5726 825 5811 “mitium;
869 5736 980 5802 xix,
1018 5737 1071 5791 2.
1189 5719 1244 5773 ἶτ
1286 5741 1440 5800 Deut.
1483 5760 1579 5811 ιιι,
1625 5743 1710 5801 ll.

480 5812 591 5860 χιι,
627 5797 719 5858 22.
757 5800 847 5855 25.

1823 5747 1865 5779 ³⁸
1904 5746 2039 5803 Ibid.
2084 5747 2167 5812 l3,
2213 5746 2296 5800 Η.

2196 1935 2251 1987 δὲ
2282 1935 2376 2006 τὴν
2408 1938 2464 1988 ἐν
2501 1937 2644 2007 λέχει
2679 1939 3011 2010 προσφέρειν
3057 1943 3154 2005 τὰς
3205 1942 3416 2009 θυσίας,
3471 1945 3574 1998 ποῦ
3608 1947 3665 1999 δέ
3711 1949 3778 2000 τὰ

2195 2025 2356 2079 λοιπά
2381 2030 2586 2097 νόμιμα
2639 2029 2928 2090 συντελεῖν,
2957 2031 3038 2083 ὅτι
3066 2030 3138 2102 μὴ
3178 2033 3482 2106 ἀδιαφόρως
3519 2038 3576 2088 ἐν
3618 2055 3780 2091 παντι

2192 2119 2364 2190 τόπῳ,
2391 2119 2504 2172 ἀλλ’
2531 2122 2587 2172 ἐν
2623 2120 2768 2191 μόνῳ
2802 2122 2901 2182 ἐνὶ,
2936 2115 2980 2189 ᾧ
3007 2124 3167 2187 αὐτὸς
3195 2125 3461 2195 ἀφορίζει,
3499 2128 3653 2199 δῆλον
3685 2132 3774 2199 ἀφ’
3801 2165 3806 2172 -

2191 2201 2266 2261 ὧν
2312 2207 2592 2278 νομοθετεῖ
2635 2209 2840 2277 λέγων’
2884 2230 2901 2262 ι
2941 2213 3050 2265 Kal
3106 2213 3257 2267 ἔσται
3309 2219 3336 2268 6
3378 2217 3539 2278 τὸπος
3581 2219 3638 2271 ὃν
3683 2221 3775 2273 ἐὰν

2189 2300 2476 2367 ἐκλέξηται
2513 2300 2716 2371 Κύριος
2735 2305 2762 2354 6
2783 2303 2913 2366 Θεὸς
2942 2304 3116 2374 ὑμῶν,
3149 2308 3205 2358 ἐν
3233 2306 3379 2377 αὖτῴ
3414 2309 3772 2380 ἐπικληθῆναι

2186 2392 2248 2444 τὸ
2274 2392 2446 2462 ὄνομα
2469 2392 2656 2451 αὐτοῦ,
2691 2395 2809 2446 ἐκεῖ
2845 2394 3016 2446 οἴσετε
3053 2396 3229 2450 πάντα
3262 2398 3363 2451 ὅσα
3394 2398 3501 2466 ἐγὼ
3534 2401 3771 2453 ἐντέλλοε-

2190 2501 2289 2554 μαι
2315 2485 2444 2553 ὑμῖν
2476 2485 2734 2556 σήμερον.
2765 2505 2781 2536 ι
2821 2486 2930 2538 Kal.
2954 2485 3324 2541 διαστέλλεται
3349 2490 3476 2558 ἑξῆς
3507 2493 3770 2563 ἀκριϐῶς,

2187 2577 2489 2646 ἐπιλέγων
2526 2597 2543 2628 ι
2585 2579 2824 2650 Προσεχε
2866 2580 3096 2650 σεαυτῷ.
3143 2584 3350 2652 μήποτε
3385 2586 3681 2658 άνενέγκης
3706 2589 3772 2641 τὰ

2185 2654 2615 2741 ὁλοκαυτώματα
2649 2689 2765 2734 σου,
2807 2665 2867 2724 οὗ
2901 2673 2965 2725 ἂν
2999 2675 3134 2744 ἴδῃς,
3167 2674 3280 2728 ἀλλ’
3308 2677 3340 2746 ἢ
3384 2680 3462 2741 εἰς
3490 2679 3578 2731 τὸν
3607 2684 3769 2732 τόπον

2184 2761 2242 2815 δν
2269 2762 2361 2815 ἐὰν
2389 2763 2673 2832 ἐκλέξηται
2724 2763 2925 2834 Κύριος
2964 2766 2992 2816 6
3041 2765 3172 2829 Θεὸς
3221 2783 3311 2819 σου
3360 2770 3541 2834 αὑτὸν,
3580 2772 3635 2823 ἐν
3673 2775 3768 2843 μιᾷ

2183 2853 2294 2907 τῶν
2324 2853 2530 2906 πόλεών
2560 2871 2674 2918 σου,
2707 2856 2822 2906 ἐκεῖ
2843 2855 3074 2920 ἀνοίσεις
3105 2857 3172 2911 τὰ
3200 2859 3624 2931 ὁλοκαυτώματα
3651 2880 3764 2928 σου,

2185 2947 2278 3000 καὶ
2312 2950 2426 3000 ἐκεῖ
2461 2950 2704 3018 ποιήσεις
2744 2950 2919 3003 πάντα
2964 2951 3062 3004 ὅσα
3092 2951 3408 3022 ἐντέλλομαι
3441 2956 3567 3022 ὑμῖν
3599 2957 3766 3025 σήμε⁹

2187 3056 2298 3110 ρον.
2332 3058 2348 3089 ι
2381 3041 2489 3093 Kal.
2542 3040 2860 3110 προστίθησι
2913 3041 3116 3109 λέγων·
3151 3061 3170 3094 ι
3203 3044 3276 3096 Οὺ
3335 3043 3536 3115 δυνήσῃ
3573 3049 3765 3114 φαγεῖν

2183 3133 2241 3185 ἐν
2271 3133 2471 3194 πάσαις
2499 3134 2622 3196 ταῖς
2658 3132 2844 3186 πόλεσι
2875 3134 2935 3186 τὸ
2963 3134 3285 3188 ἐπιδέκατον
3320 3135 3414 3188 τοῦ
3464 3136 3611 3190 σίτου
3648 3155 3761 3201 σου,

2105 3225 2147 3280 C
2181 3224 2274 3277 καὶ
2303 3225 2394 3277 τοῦ
2413 3224 2556 3277 οἴνου
2593 3242 2707 3288 σου,
2737 3226 2832 3278 κα)⁵
2859 3225 2952 3279 τοῦ
2989 3226 3166 3280 ἐλαίου
3200 3244 3316 3289 σου,
3349 3226 3418 3280 τά
3444 3228 3764 3297 πρωτότοκα

2177 3315 2285 3371 τῶν
2345 3317 2483 3387 βοῶν
2533 3333 2645 3381 σου,
2693 3321 2786 3372 καὶ
2823 3320 2930 3373 τῶν
2981 3320 3270 3390 προϐάτων
3310 3337 3425 3384 σου,
3451 3323 3546 3374 καὶ
3584 3323 3763 3384 πάσας

2177 3411 2275 3474 τὰς
2295 3412 2456 3482 εὐχάς
2491 3428 2583 3463 σου
2611 3413 2740 3475 ὅσας
2789 3412 2853 3465 ἃν
2911 3411 3162 3484 εῦξησθε,
3202 3414 3296 3466 καὶ
3332 3413 3431 3478 τάς
3469 3414 3762 3485 ὁμολογίας

2179 3503 2353 3573 ὑμῶν,
2411 3504 2505 3556 καὶ
2551 3504 2649 3567 τὰς
2682 3504 2935 3574 ἀπαρχάς
2981 3505 3087 3557 τῶν
3118 3505 3318 3576 χειρῶν
3355 3507 3508 3576 ὑμῶν
3534 3525 3545 3536 ·
3577 3508 3691 3560 ἀλλ’
3726 3510 3758 3578 ἢ

2178 3596 2413 3647 ἐναντίον
2428 3596 2629 3667 Κυρίου
2650 3595 2742 3648 τοῦ
2761 3597 2895 3648 Θεοῦ
2920 3613 3013 3649 σου
3037 3600 3184 3668 φαγῇ
3203 3599 3360 3662 αὐτὰ,
3378 3601 3434 3652 ἐν
3459 3593 3502 3666 ᾧ
3523 3600 3587 3652 ἂν
3611 3601 3762 3670 τόπῳ

2177 3686 2460 3756 ἐκλέξηται
2488 3688 2688 3759 Κύριος
2708 3690 2735 3746 ὁ
2758 3688 2890 3750 Θεός
2915 3705 3006 3740 σου
3026 3687 3223 3757 ἐαυτῷ,
3250 3689 3312 3741 σὺ
3342 3689 3435 3741 καὶ
3454 3691 3500 3742 oi
3522 3691 3622 3743 υἱοί
3642 3707 3758 3752 σου,

2177 3780 2268 3831 καὶ
2303 3781 2334 3849 ή
2379 3779 2622 3850 θυγάτηρ
2649 3797 2764 3842 σου,
2797 3781 2826 3831 6
2858 3783 2986 3842 παῖς
3019 3796 3132 3842 σου,
3166 3782 3258 3834 καί¹
3292 3781 3324 3852 ή
3353 3781 3612 3851 παιδίσκη
3642 3799 3757 3846 σου,

2176 3872 2268 3923 καὶ
2295 3875 2322 3924 6
2360 3871 2693 3942 προσήλυτος
2738 3874 2766 3925 6
2813 3874 2871 3925 ἐν
2902 3876 3019 3935 ταῖς
3066 3873 3254 3925 πὸλεσί
3305 3890 3415 3926 σου.
3464 3892 3482 3925 ι
3530 3875 3637 3927 Καὶ
3680 3875 3760 3928 ἐτι

2176 3961 2487 4033 προσελθὼν
2532 3963 2957 4031 ἐπασιραλίζεται
3002 3962 3092 4015 τὸν
3143 3962 3319 4032 λόγον,
3371 3965 3430 4016 ἐν
3472 3957 3517 4031 ᾧ
3556 3981 3753 4034 φησιν·

2179 4072 2197 4104 ι
2240 4053 2383 4124 Πλὴν
2417 4053 2484 4106 τά
2523 4053 2656 4121 άγιά
2688 4069 2780 4105 σου
2823 4053 2858 4106 ἃ
2889 4053 2953 4106 ἂν
2980 4053 3244 4122 γένωνται
3280 4071 3380 4117 σοι,
3421 4056 3515 4109 καὶ
3543 4058 3640 4119 τάς
3663 4057 3756 4109 εὐ-

2172 4147 2272 4217 χάς
2304 4163 2394 4198 σου
2426 4135 2628 4206 λαϐὼν,
2662 4144 2808 4215 ἥξεις
2841 4146 2919 4208 είς
2951 4145 3042 4197 τὸν
3075 4146 3258 4209 τόπον,
3291 4147 3350 4200 ὃν
3381 4146 3446 4200 ἂν
3472 4148 3756 4219 ἐκλέξηται

2172 4239 2412 4309 Κύριοςὸ
2431 4237 2564 4299 Θεός
2591 4253 2684 4288 σου
2713 4236 2907 4305 ἐαυτῷ.
2932 4258 2949 4287 ι
2972 4238 3080 4289 Kal.
3098 4237 3261 4290 πάλιν
3277 4255 3288 4267 ·
3323 4258 3342 4290 ι
3365 4242 3608 4312 Δεκάτην
3624 4243 3759 4296 ἁπο-

2167 4330 2491 4394 δεκατώσεις
2523 4331 2721 4393 παντὸς
2761 4332 3096 4402 γεννήματος
3135 4332 3230 4384 τοῦ
3273 4334 3587 4405 σπέρματός
3622 4352 3714 4388 σου
3736 4353 3749 4367 ·

2167 4425 2226 4477 τὸ
2259 4424 2504 4493 γέννημα
2531 4421 2626 4475 τοῦ
2659 4421 2828 4494 ἀγροῦ
2874 4439 2966 4475 σου
3008 4421 3300 4496 [ἐνιαυτὸν]
3332 4429 3449 4478 κατ’
3477 4429 3717 4482 ἐνιαυτόν
3736 4469 3750 4483 .

2167 4515 2279 4569 Kal
2312 4517 2460 4584 φαγῇ
2489 4513 2620 4566 αὐτὸ
2652 4513 2891 4566 ἐναντίον
2922 4514 3127 4586 Κυρίου
3162 4515 3256 4568 τοῦ
3300 4517 3434 4570 Θεοῦ
3477 4535 3590 4582 σου,
3620 4521 3678 4572 ἐν
3709 4513 3754 4588 ᾧ

2098 4579 2141 4634 D
2165 4605 2230 4658 ἂν
2265 4579 2730 4675 τόπωέκλέξηται
2767 4604 2970 4676 Κύριος
3079 4606 3210 4669 Θεὸς
3243 4623 3356 4670 σου,
3392 4579 3752 4680 ἐπικληθῆναί

2164 4697 2224 4750 τὸ
2257 4697 2426 4766 ὄνομα
2469 4696 2632 4749 αὑτοῦ
2684 4698 2817 4750 ἐκεῖ.
2854 4717 2873 4747 ι
2905 4694 3017 4750 Εἶτ’
3060 4699 3532 4768 ἐπιλογισάμενος,
3559 4703 3611 4754 τί
3643 4703 3752 4757 δέοι

2164 4788 2443 4860 πράττειν,
2470 4790 2516 4840 εί
2541 4788 2757 4858 μακράν
2777 4787 3027 4856 ἀφεστὼς
3053 4789 3138 4859 εἴη
3159 4790 3188 4840 6
3217 4791 3347 4860 πρὸς
3377 4791 3538 4844 αὑτοῦ
3568 4791 3750 4864 δηλούο

2164 4897 2322 4950 μενος
2342 4881 2570 4944 τόπος,ὁ
2599 4879 2655 4932 δὲ
2680 4880 2889 4951 καρπὸς
2917 4879 3024 4933 τῶν
3043 4882 3397 4950 γεννημάτων
3419 4883 3602 4948 πολὺς,
3630 4887 3745 4950 πῶς

2160 4973 2268 5026 δέοι
2299 4972 2699 5044 παρακομίζειν
2726 4971 2936 5025 οἴκοθεν
2963 4973 3042 5035 εἰς
3062 4971 3153 5025 τὸν
3177 4972 3270 5024 τοῦ
3291 4973 3424 5026 Θεοῦ
3444 4975 3605 5029 τόπον
3621 4980 3746 5042 τοὺς

2162 5063 2441 5127 ἐπετείους
2474 5062 2719 5135 καρποὺς
2749 5063 2845 5133 τῆς
2874 5060 3313 5130 ὁλοκαυτώσεως,
3339 5069 3432 5120 καὶ
3470 5071 3597 5141 περὶ
3625 5070 3745 5124 τού-

2159 5175 2251 5210 του
2291 5158 2436 5210 τόνδε
2469 5157 2648 5227 τίθησι
2681 5157 2770 5209 τὸν
2797 5156 2960 5226 νόμον
2982 5173 2995 5185 ·
3032 5176 3049 5206 ι
3101 5157 3226 5210 Ἐὰν
3253 5159 3308 5212 δὲ
3336 5160 3552 5232 μακρὰν
3584 5162 3746 5233 γένη-

2157 5268 2245 5304 ται
2280 5251 2386 5304 ἀπὸ
2422 5251 2514 5303 σοῦ
2545 5251 2577 5318 ἡ
2610 5249 2749 5312 ὁδὸς,
2793 5250 2888 5300 καὶ
2923 5247 2998 5318 μὴ
3029 5248 3232 5320 δυνήσῃ
3262 5252 3554 5322 ἀναφέρειν
3582 5255 3740 5318 αὑτά,

2155 5344 2232 5396 ὅτι
2269 5345 2482 5414 μακρὰν
2509 5343 2616 5395 ἀπὸ
2641 5341 2734 5395 σοῦ
2767 5342 2795 5393 6
2828 5343 3011 5406 τόπος,
3045 5341 3102 5393 ὃν
3134 5340 3200 5395 ἂν
3225 5342 3511 5413 ἐκλέξηται
3539 5347 3741 5418 Κύριος

2153 5438 2182 5488 6
2202 5437 2331 5498 Θεὸς
2355 5453 2446 5488 σου
2464 5475 2477 5497 ,
2500 5433 2858 5504 ἐπικληθῆναι
2880 5436 2939 5487 τὸ
2961 5434 3130 5506 ὄνομα
3149 5436 3313 5489 αὑτοῦ
3340 5437 3474 5502 ἐκεῖ,
3497 5438 3577 5490 ὃτι
3599 5439 3743 5491 εὐλο-

2155 5532 2314 5600 γήσει
2337 5547 2393 5582 σε
2413 5528 2607 5598 Κύριος
2632 5527 2659 5577 6
2678 5527 2807 5590 Θεός
2831 5544 2942 5591 σου,
2963 5527 3060 5580 καὶ⁵
3083 5526 3383 5590 ἀποδώσεις
3407 5528 3545 5581 αὐτὰ
3565 5530 3738 5602 ἀργυ-

2157 5625 2291 5694 ρίου,
2325 5623 2418 5676 καὶ
2443 5622 2584 5692 λήψῃ
2610 5621 2666 5674 τὸ
2698 5622 2955 5692 ἀργύριον
2976 5623 3034 5674 ἐν
3059 5624 3178 5684 ταῖς
3199 5621 3353 5691 χερσί
3384 5639 3497 5688 σου,
3522 5626 3615 5676 καὶ
3644 5640 3739 5677 πο-

2409 5745 2449 5775 n-
2495 5741 2628 5797 lbid.
2683 5743 2767 5807 Π,
2814 5743 2900 5798 18.
3011 5742 3057 5773 ιο
3097 5739 3235 5796 Ibid.
3269 5740 3359 5796 26.
3491 5745 3531 5773 τι
3581 5741 3733 5798 Deut.
