4106 6428
555 395 629 452 55
1189 389 1460 450 ευδΕΒιι
1496 385 1978 446 (ΞᾸΞΞΔΚΙΕΝΞΙΒ
2008 384 2111 443 0P1

2214 381 2385 437 PARS
2421 381 2489 437 ιι.
2530 412 2600 424 -
2635 380 3142 439 APOLOGETICA.
3730 387 3797 443 36

555 526 665 584 que
691 525 801 567 non
827 494 1045 569 steterit
1068 508 1325 566 omnibus
1353 523 1476 580 qua
1503 509 1559 563 in
1599 507 1706 562 bac
1753 507 1872 578 lege
1921 506 2111 576 script:

2226 500 2335 555 τῶν
2378 500 2807 572 ἁμαρτημάτων,
2851 499 2948 554 καὶ
2984 504 3256 573 τιμωρίας
3295 499 3536 574 περιθεὶς
3586 502 3797 574 ἑκάστῳ

556 610 707 668 sunt,
763 611 827 661 ut
883 602 1050 660 faciat
1100 616 1186 658 ea.
1226 618 1251 653 ι
1301 598 1683 670 Contemplare
1726 597 1922 654 deinde
1962 611 2128 668 quam

558 709 754 749 omnes
782 695 925 748 vires
950 693 1218 747 bumsnas
1247 700 1528 762 superent,
1565 690 1793 760 iterique
1849 687 1999 743 nulla
2048 701 2131 741 ra-

559 787 711 841 tione
733 786 963 856 possint,
994 799 1116 854 qua:
1136 783 1194 838 in
1223 784 1344 854 lege
1366 782 1531 839 Hosis
1563 783 1742 853 posita
1763 789 1914 838 sunt.
1944 779 2128 850 Siqui-

557 876 680 931 dem
705 877 794 932 ubi
824 877 1074 932 distinxit
1097 891 1219 947 quae
1246 875 1558 931 voluntaria
1605 883 1852 946 peccata,
1900 886 2129 944 quaque

555 968 788 1022 difﬁcilia
818 975 948 1023 sunt
992 978 1048 1024 et
1078 983 1273 1038 poenas
1305 966 1600 1037 unicuique
1633 980 1824 1020 eorum
1854 965 2123 1035 adiunxit,

553 1071 675 1125 quae
696 1057 933 1111 maxime
961 1057 1232 1128 supplicio
1263 1056 1427 1127 digna
1459 1062 1609 1120 sunt,
1652 1062 1766 1110 tum
1796 1069 1925 1110 vero
1978 1054 2126 1125 leges

552 1144 728 1213 ponit,
756 1146 963 1215 quibus
991 1146 1097 1200 alia
1144 1145 1383 1216 quadam
1438 1145 1651 1199 ratione
1697 1158 1794 1200 eos
1848 1143 1977 1199 item
2029 1142 2125 1213 qui

553 1235 707 1291 inviti
740 1237 1109 1306 peccaverint,
1126 1243 1438 1303 convertat;
1490 1249 1721 1305 quarum
1774 1248 1881 1288 una
1905 1232 2127 1303 quidem

552 1329 633 1386 sic
656 1345 718 1386 se
741 1329 907 1386 habet
931 1349 944 1384 :
982 1348 1001 1382 ι
1043 1329 1102 1385 Si
1131 1332 1312 1386 anima
1337 1345 1443 1385 una
1470 1330 1781 1399 peccaverit
1822 1330 2015 1385 nolens
2053 1344 2120 1385 ex

552 1422 760 1494 popqu
779 1430 964 1489 terrae,
1003 1423 1133 1478 dum
1161 1423 1294 1478 facit
1334 1438 1504 1478 unum
1527 1438 1594 1478 ex
1622 1423 1877 1479 omnibus
1917 1412 2123 1494 praece-

550 1513 663 1582 ptis
693 1511 933 1577 Domini,
966 1512 1053 1567 vel
1080 1514 1211 1568 dum
1245 1529 1353 1569 non
1383 1512 1533 1577 facit,
1567 1521 1622 1569 et
1669 1522 1878 1585 peccat,
1930 1516 2123 1587 cogni-

550 1612 778 1675 tumque
806 1604 909 1673 ipsi
944 1602 1109 1660 fuerit
1136 1614 1440 1676 peccatum,
1462 1605 1605 1677 quod
1647 1607 1913 1677 peccavit,
1957 1616 2012 1663 et
2039 1607 2124 1664 of-

550 1691 691 1748 feret
709 1709 908 1749 munus
926 1708 1087 1749 suum
1113 1710 1332 1767 capram
1360 1697 1672 1752 anniculam
1693 1698 2119 1763 immaculatam,

550 1781 605 1835 id
635 1781 826 1839 oﬂ'eret
854 1799 955 1854 pro
984 1794 1210 1855 peccato
1240 1800 1342 1841 suo
1377 1785 1524 1857 quod
1578 1788 1845 1856 peccavit,
1899 1788 1954 1844 in
2001 1789 2122 1845 loco

2231 590 2339 647 τῶν
2373 592 2637 663 μεγίστης
2681 590 2952 655 κολάσεως
2995 591 3184 657 ἀξίων,
3209 593 3403 663 νόμους
3429 593 3633 666 τίθησι,
3677 593 3796 647 καθ’

2229 682 2322 748 οὓς
2359 684 2529 755 ἑτέρῳ
2557 684 2742 755 τρόπῳ
2769 683 2863 737 καὶ
2892 683 3018 748 τοὺς
3051 684 3319 749 ἀκουσίως
3350 683 3798 756 πλημμελοῦντας

2228 773 2577 842 ἐπιστρέφει⁵
2613 765 2687 826 ὧν
2718 774 2748 825 ό
2782 772 2880 843 μὲν
2910 771 3082 836 οὕτως
3112 773 3225 843 ἔχει
3251 789 3262 802 ·
3307 791 3326 824 ι
3370 774 3493 827 Ἐάν
3523 773 3668 845 ψυχὴ
3700 774 3796 846 μία

2228 863 2448 935 ἁμάρτῃ
2477 864 2744 926 ἀκουσίως
2770 865 2836 916 ὲκ
2863 863 2957 917 τοῦ
2990 863 3120 917 λαοῦ
3150 864 3247 934 τῆς
3272 863 3396 934 γῆς,
3439 866 3497 919 ἐν
3525 866 3603 937 τῷ
3636 866 3794 936 ποιῆ-

2228 969 2316 1007 σαι
2375 954 2505 1024 μίαν
2552 953 2660 1008 ἀπὸ
2711 954 2900 1008 πασῶν
2947 953 3057 1007 τῶν
3106 954 3333 1009 ιντολῶν
3367 956 3593 1026 Κυρίου,
3644 958 3676 1028 ἢ
3732 959 3795 1013 οὐ

2227 1042 2599 1115 ποιηθήσεται,
2635 1045 2729 1099 καὶ⁵
2765 1044 3150 1117 πλημμελήσῃ,
3188 1045 3281 1099 καὶ
3323 1048 3539 1119 γνωσθῇ
3585 1047 3793 1121 αύτῷή

2223 1134 2469 1207 ἁμαρτία
2500 1136 2566 1206 ἢν
2589 1136 2852 1205 ἥμαρτεν,
2874 1135 2968 1188 καὶ
2987 1137 3121 1187 οῐσει
3149 1135 3320 1207 δῶρον
3341 1134 3504 1189 αὐτοῦ
3528 1136 3791 1209 χίμαιραν

2224 1227 2285 1294 ἐξ
2332 1228 2502 1297 αἰγῶν
2533 1229 2784 1301 ἀμωμον,
2813 1228 3036 1301 θήλειαν
3063 1228 3195 1283 οίσει
3226 1231 3352 1301 περὶ
3378 1231 3477 1301 τῆς
3517 1231 3792 1303 ἁμαρτίας

2224 1321 2387 1376 αὐτοῦ
2423 1318 2490 1394 ἧς
2521 1324 2787 1395 ἥμαρτεν,
2818 1325 2877 1376 tv
2908 1324 2984 1395 τῷ
3010 1324 3161 1395 τόπῳ
3197 1318 3257 1379 οὗ
3285 1324 3549 1393 σφάζουσι
3578 1325 3646 1379 τὰ
3677 1325 3793 1380 όλο·

2223 1412 2579 1485 καυτώματα,
2604 1417 2697 1469 καὶ
2725 1415 2949 1487 λήψεται
2983 1416 3013 1468 ό
3048 1416 3224 1487 ίερεὺς
3246 1414 3355 1469 ἀπὸ
3376 1415 3468 1470 τοῦ
3491 1417 3741 1489 αἳματος.
3767 1438 3785 1470 ο

2225 1503 2327 1558 Καὶ
2348 1506 2451 1578 ὅρα
2485 1523 2549 1577 γε
2581 1506 2656 1571 ὡς
2682 1508 2774 1561 καὶ
2802 1506 3038 1562 ἐνταῦθα
3073 1509 3163 1561 τὸν
3198 1507 3503 1562 πταίσαντά
3543 1525 3595 1561 τι
3640 1508 3793 1582 παρά

2222 1595 2447 1668 γνώμην
2479 1599 2537 1652 tv
2562 1598 2640 1669 τῷ
2677 1598 2828 1670 τόπῳ
2872 1599 2982 1653 δεῖν
3009 1600 3275 1671 ἀπαντᾷν,
3308 1592 3369 1653 οὗ
3424 1598 3688 1669 σφάζουσι
3722 1600 3791 1654 τά

2223 1686 2663 1759 ὁλοκαυτώματα.
2704 1682 2871 1754 Οὗτος
2918 1689 2975 1744 δὶ
3012 1684 3101 1762 ἦν,
3137 1685 3198 1746 οὗ
3236 1690 3322 1744 διὰ
3374 1692 3640 1746 πλείστων
3686 1691 3786 1763 ήδη

2226 1777 2487 1850 πρότερον
2518 1777 2782 1851 ἐμνήσθη,
2823 1779 3014 1847 λέγων·
3053 1797 3072 1831 ι
3117 1781 3213 1834 Ὃν
3260 1780 3327 1834 ἂν
3366 1781 3650 1853 ἐκλέξηται
3680 1782 3790 1836 liti—

550 1872 646 1927 ubi
672 1880 915 1928 mactant
945 1874 1240 1940 sacrificia,
1278 1884 1335 1931 et
1362 1877 1597 1948 accipiet
1621 1879 1880 1935 sacerdos
1910 1878 1978 1935 de
1994 1895 2111 1935 saw

2225 1888 2338 1944 ριος
2366 1874 2395 1925 ὁ
2422 1871 2553 1937 Θεός
2601 1890 2714 1927 σου.
2762 1894 2782 1926 ο
2830 1873 3000 1927 Τοῦτο
3045 1872 3091 1928 δ’
3131 1873 3215 1927 δτι
3260 1875 3336 1945 μή
3382 1874 3607 1929 δυνατὸν
3649 1875 3789 1946 πρὸς

547 1964 712 2033 guine
743 1964 809 2019 ⁸⁸.
833 1984 851 2018 ι
868 1964 935 2021 Et
950 1979 1084 2022 sane
1098 1966 1385 2022 considera
1404 1968 1859 2038 quemadmodum
1880 1969 1967 2024 bic
1986 1984 2124 2041 quo-

547 2071 658 2127 que
687 2070 809 2112 eum
832 2055 929 2128 qui
958 2056 1277 2128 imprudens
1292 2058 1622 2129 peccaverit,
1657 2059 1725 2114 ad
1762 2059 1939 2115 locum
1971 2062 2123 2116 veni-

546 2163 610 2203 re
635 2157 904 2219 Oporteat,
944 2149 1039 2205 ubi
1072 2156 1312 2205 mactant
1370 2151 1660 2207 sacriﬁcia.
1702 2150 1754 2208 ls
1780 2159 1962 2209 autem
2011 2161 2118 2220 est,

544 2237 614 2294 de
638 2253 750 2310 quo
775 2238 965 2296 multis
998 2239 1181 2295 verbis
1204 2239 1533 2311 jampridem
1593 2242 1841 2298 meminit
1885 2243 2072 2300 dicens
2100 2259 2117 2296 :

549 2349 570 2382 s
600 2330 989 2403 Quemcunque
1036 2332 1263 2404 elegerit
1312 2330 1579 2390 Dominus
1630 2329 1774 2391 Deus
1820 2343 1951 2392 tuus
1995 2337 2059 2390 ”.
2095 2354 2115 2388 ι

540 2418 698 2491 Quod
740 2424 959 2495 quidem
1010 2440 1137 2480 cum
1189 2426 1259 2481 ab
1300 2428 1581 2494 omnibus,
1624 2429 1936 2500 quicunque
1991 2438 2121 2486 sunt

538 2515 598 2570 in
631 2523 778 2569 terra
827 2515 1144 2571 hominibus
1176 2516 1338 2586 plane
1386 2517 1524 2573 effici
1578 2535 1689 2574 non
1743 2536 1938 2591 posse,
2001 2522 2120 2593 ipse

540 2623 761 2677 quoque
824 2617 1015 2662 auctor
1067 2609 1202 2679 legis
1255 2609 1493 2676 videret;
1549 2621 1665 2667 tum
1717 2613 2003 2682 perspicue
2044 2614 2121 2670 si-

541 2697 818 2768 gnificavit
877 2700 1046 2769 legem
1109 2699 1374 2757 inducens
1430 2718 1538 2758 nou
1600 2703 1810 2759 inﬁnite
1857 2704 2119 2760 adversus

541 2803 757 2854 onuies,
791 2789 885 2844 sed
913 2790 1180 2860 adjicieus
1204 2812 1218 2848 :
1241 2790 1299 2847 Si
1331 2794 1513 2849 anima
1541 2796 1850 2864 peccaverit
1902 2796 2115 2859 nolens,

539 2894 606 2933 ex
643 2882 842 2950 populo
888 2889 1046 2936 terrae
1073 2882 1139 2936 '°.
1180 2902 1199 2934 ι
1250 2884 1490 2938 Alteram
1544 2900 1670 2940 vero
1724 2886 1894 2956 legem
1938 2886 2112 2957 ponit.

537 2986 660 3040 qua!
694 2972 775 3026 sic
805 2973 1009 3028 habet:
1042 2993 1061 3026 ι
1104 2973 1337 3047 ‘Quod
1370 2978 1414 3030 si
1446 2978 1629 3032 anima
1668 2978 1902 3033 audierit
1925 2995 2114 3036 vocem

533 3061 921 3132 jurisjurandi,
975 3072 1140 3134 atque
1176 3066 1266 3121 hic
1293 3068 1453 3122 testis
1492 3063 1587 3124 alit
1610 3069 1804 3124 viderit
1842 3079 1936 3125 aut
1976 3087 2112 3127 con-

537 3155 688 3208 scius
719 3155 917 3220 fuerit;
966 3156 1013 3210 si
1066 3172 1175 3212 non
1213 3159 1554 3225 iudicaverit,
1610 3170 1891 3232 peccatum
1930 3165 2111 3219 susci-

2221 1962 2475 2017 άπάντων
2506 1962 2612 2016 τῶν
2660 1964 2752 2017 ἐπὶ
2795 1962 2900 2034 γῆς
2948 1962 3250 2035 ἀνθρώπων
3287 1963 3645 2027 ἐκτελεῖσθαι,
3697 1966 3790 2018 καὶ

2221 2054 2383 2120 αὐτὸς
2410 2055 2440 2108 ό
2472 2054 2769 2127 νομοθέτης
2816 2054 3062 2121 συνιδὼν,
3106 2055 3349 2128 ἀκριδῶς
3391 2059 3788 2130 ιπισημήνατο,

2219 2145 2321 2199 οὐκ
2350 2145 2619 2217 ἀορίστως
2663 2145 2806 2200 κατά
2837 2146 3053 2201 πάντων
3097 2144 3427 2219 προαγαγὼν
3465 2146 3559 2200 τὸν
3601 2149 3787 2218 νόμον,

2218 2236 2336 2293 ἀλλ’
2373 2237 2636 2291 επειπών-
2678 2257 2697 2290 ι
2723 2238 2847 2292 ἐὰν
2875 2237 3019 2310 ψυχή
3046 2237 3267 2311 ἁμάρτῃ
3290 2237 3559 2303 ἀκουσίως
3586 2238 3651 2292 ἐκ
3694 2237 3787 2293 τοῦ

2217 2328 2347 2385 λαοῦ
2379 2331 2479 2401 τῆς
2510 2331 2636 2402 γῆς.
2675 2351 2695 2383 ι
2733 2333 2844 2386 Καὶ
2873 2331 3124 2402 δεύτερον
3159 2331 3217 2386 δι
3248 2332 3411 2404 νόμον
3436 2332 3668 2404 τίθησιν,
3698 2332 3789 2388 οὔ·

2216 2440 2324 2489 τως
2349 2424 2543 2496 ἕχοντα
2562 2441 2574 2453 ·
2612 2444 2631 2477 ι
2672 2425 2799 2479 Ἐάν
2816 2425 2874 2479 6t
2893 2425 3038 2496 ψυχή
3057 2426 3267 2498 ἀκούσῃ
3291 2424 3472 2496 φωνήν
3499 2424 3786 2497 ὀρκισμοῦ,

2219 2515 2312 2569 καὶ
2359 2511 2511 2581 οὗτος
2562 2517 2835 2589 μάρτυςῆ
2876 2517 3140 2589 ἑώρακεν,
3189 2517 3223 2589 ἢ
3271 2517 3529 2581 σύνοιδεν,
3580 2517 3676 2571 εάν
3710 2518 3788 2590 μή

2217 2607 2545 2682 ἀπαγγείλῃ,
2574 2609 2805 2680 λήψεται
2827 2610 2927 2679 τὴν
2953 2608 3250 2681 ἁμαρτίαν.
3281 2626 3301 2661 ι
3325 2609 3391 2663 Τί
3415 2604 3508 2664 οὖν
3540 2609 3644 2681 χρὴ
3665 2607 3789 2663 τοῦ-

2217 2715 2309 2754 τον
2359 2703 2552 2764 ποιεῖν,
2582 2701 2695 2755 ἀλλ’
2727 2703 2760 2773 ἦ
2790 2700 3022 2756 λαϐόντα
3064 2702 3201 2772 μετά
3240 2704 3428 2773 χεῖρας
3462 2701 3521 2754 τὸ
3569 2701 3789 2770 ίερεῑον,

2219 2793 2469 2846 σπεύδειν
2501 2795 2593 2847 ἐπὶ
2619 2793 2687 2847 τά
2721 2793 3024 2866 καθάρσιας
3060 2793 3168 2848 Ποῦ
3196 2795 3378 2857 πάλιν,
3415 2792 3528 2846 ἀλλ’
3559 2790 3593 2863 ή
3626 2795 3682 2845 tv
3709 2789 3786 2861 τῷ

2216 2885 2384 2956 τᾶπῳ,
2417 2878 2477 2938 οὗ
2529 2884 2791 2954 σφάζουσι
2831 2886 2900 2940 τά
2939 2885 3401 2958 ὁλοκαυτώματα;
3456 2884 3565 2938 Καὶ
3606 2883 3784 2955 τρίτον

2220 2974 2410 3029 πάλιν
2450 2993 2469 3026 ι
2524 2977 2682 3047 Ψυχὴ
2709 3017 2723 3041 ,
2787 2978 2990 3048 φησιν,
3051 2978 3173 3048 ἥτις
3218 2979 3283 3031 ἂν
3329 2977 3531 3047 ἅψηται
3583 2972 3784 3038 παντὸς

2215 3064 2535 3135 πράγματος
2557 3066 2887 3138 ἀκαθάρτου,
2931 3067 2963 3138 ή
3003 3068 3109 3120 τῶν
3140 3068 3475 3138 θνησιμαίων
3512 3067 3620 3119 τῶν
3650 3082 3783 3138 κτη-

2213 3156 2319 3209 νῶν
2344 3156 2449 3210 τῶν
2478 3157 2821 3230 ἀκαθάρτων,
2861 3160 2955 3212 καί
2984 3158 3123 3232 λάϐῃ
3151 3160 3245 3213 ἀπ’
3276 3158 3462 3223 αὑτοῦ,
3498 3159 3592 3213 καὶ
3624 3158 3785 3221 αὐτὸς

536 3244 651 3315 piet
674 3245 740 3301 “.
783 3264 804 3298 ι
834 3245 1106 3314 Quidnam
1136 3249 1301 3320 igitur
1327 3252 1474 3306 aliud
1524 3252 1671 3307 hunc
1726 3252 1905 3309 facere
1955 3269 2111 3325 opor-

2218 3249 2537 3320 μεμίανται,
2571 3251 2666 3302 καὶ
2706 3249 3071 3322 πλημμελήσῃ
3110 3250 3142 3321 ἢ
3188 3250 3390 3320 ἅψηται
3441 3248 3784 3318 ἀκαθαρσίας

533 3343 670 3399 teat,
699 3353 864 3408 quam
895 3347 1110 3409 sumpta
1145 3341 1201 3395 in
1233 3357 1430 3398 manus
1460 3343 1661 3408 hostia,
1702 3359 1932 3415 propere
1957 3345 2112 3402 abire

537 3427 607 3482 ad
638 3431 1004 3499 expiandum?
1039 3432 1128 3486 ubi
1160 3448 1325 3504 porro
1378 3435 1642 3506 expiabit,
1678 3438 1781 3493 nisi
1804 3438 1857 3491 in
1885 3437 2005 3494 loco
2054 3440 2108 3494 iu

537 3536 647 3591 quo
683 3530 925 3577 mactant
953 3526 1262 3581 sacriﬁcia?
1289 3528 1506 3583 tertiam
1531 3544 1748 3600 quoque
1785 3529 1912 3584 dum
1971 3531 2110 3587 scri-

532 3613 636 3677 bit,
672 3632 692 3666 ι
726 3614 942 3681 Anima,
976 3617 1174 3688 inquit,
1206 3636 1329 3690 quas
1358 3623 1597 3691 tetigerit
1624 3622 1841 3691 quidvis
1873 3624 2110 3680 immun-

532 3700 684 3764 dum,
716 3704 833 3759 sive
861 3720 981 3775 qua:
1009 3709 1192 3763 occisa
1221 3709 1423 3764 fuerint
1447 3711 1516 3766 de
1551 3714 1844 3782 pecoribus
1869 3715 2109 3771 immun-

532 3794 639 3859 dis,
682 3805 738 3852 et
777 3800 1073 3870 sumpserit
1105 3817 1171 3856 ex
1200 3818 1288 3867 eo,
1321 3804 1438 3874 ipse
1465 3806 1707 3875 pollutus
1744 3816 1851 3871 est,
1884 3816 1937 3861 et
1980 3823 2109 3877 pec-

528 3887 699 3951 cabit,
727 3892 774 3945 si
815 3892 1057 3959 attigerit
1103 3893 1508 3949 immunditiam
1568 3895 1807 3952 hominis
1849 3914 1914 3952 ex
1956 3899 2105 3953 omni

530 3978 875 4034 itnmuuditia
909 3982 1049 4050 ejus,
1108 3998 1271 4052 quam
1298 3984 1425 4054 quis
1456 3987 1727 4055 attingens
1751 3988 1917 4057 pollui
1945 3990 2104 4056 solet,

529 4079 583 4123 et
604 4070 805 4125 oblitus
834 4070 1018 4135 fuerit,
1058 4081 1111 4127 et
1145 4082 1333 4141 postea
1357 4076 1672 4143 cognoverit
1728 4086 1782 4131 et
1845 4092 2099 4146 peccave-

530 4161 605 4215 rit
638 4163 704 4218 “.
737 4182 756 4214 ε
798 4162 940 4234 Ergo
972 4164 1103 4233 quid
1133 4164 1353 4219 tandem
1391 4166 1537 4220 hunc
1560 4168 1722 4223 etiam
1756 4169 1848 4240 qui
1882 4172 1953 4225 sit
1980 4172 2103 4241 pol-

531 4252 683 4307 lutus
714 4252 893 4309 facere
922 4257 1232 4319 conveniet,
1263 4257 1369 4312 nisi
1405 4273 1600 4313 rursus
1644 4260 1712 4314 ad
1779 4260 1958 4317 locum
2013 4278 2098 4318 ve-

530 4342 652 4399 nire
674 4351 728 4399 et
756 4343 951 4400 offerre
980 4363 1078 4417 pro
1110 4356 1334 4418 peccato
1362 4364 1463 4404 suo
1507 4352 1652 4421 quod
1694 4353 1958 4421 peccavit,
2009 4362 2104 4409 aut

530 4449 708 4500 ovem,
740 4445 833 4490 aut
861 4453 1077 4508 agnam,
1106 4449 1202 4494 aut
1228 4455 1448 4512 capram
1484 4444 1794 4497 anniculam
1822 4444 1964 4499 rite?
1999 4444 2104 4499 Ea-

529 4525 653 4579 dem
695 4541 824 4581 vero
856 4530 939 4583 les
970 4537 1055 4584 est
1080 4530 1246 4585 etiam
1293 4531 1361 4588 de
1406 4533 1586 4587 anima
1641 4548 1762 4603 quae
1811 4534 2098 4603 juraverit,

528 4616 658 4672 dum
686 4618 820 4688 ipsis
868 4619 1025 4675 labiis
1055 4622 1346 4693 distinguit
1383 4624 1468 4679 vel
1515 4625 1658 4679 male
1692 4641 1752 4681 se
1804 4624 2098 4694 facturam,

528 4709 613 4762 vel
645 4708 802 4774 bene,
835 4711 1133 4766 secundum
1182 4715 1365 4769 omnia
1417 4706 1757 4786 quaecunque
1813 4718 2101 4774 enuntiare

529 4800 666 4855 solet
698 4800 860 4857 homo
879 4817 1007 4856 cum
1032 4803 1410 4873 jurejurando,
1465 4814 1520 4860 et
1564 4805 1768 4861 oblitus
1821 4807 2005 4872 fuerit,
2043 4815 2099 4862 et

529 4887 671 4944 idem
701 4899 826 4959 post
853 4894 1189 4962 cognoverit,
1238 4902 1291 4948 et
1324 4897 1632 4965 peccaverit
1681 4913 1848 4951 unum
1890 4898 2097 4969 aliquid

526 4993 594 5033 es
642 4979 733 5045 iis,
774 4988 829 5035 et
879 4982 1182 5051 prodiderit
1243 4994 1524 5054 peccatum
1585 4985 1729 5055 quod
1786 4987 2032 5056 peccavit
2079 5005 2094 5042 :

533 5088 554 5121 ι
593 5072 756 5125 etiam
790 5073 902 5139 hic,
928 5073 1125 5144 inquit,
1155 5076 1343 5130 eadem
1367 5085 1584 5148 sumpta
1635 5077 1834 5142 hostia,
1882 5077 2101 5134 festinet

527 5160 595 5214 ad
627 5160 827 5228 locum,
853 5171 907 5218 et
932 5165 1111 5218 orabit
1138 5179 1236 5234 pro
1265 5166 1383 5235 ipso
1428 5165 1708 5231 sacerdos,
1759 5176 1812 5221 et
1871 5175 2098 5237 peccato

529 5244 725 5314 ipsius,
761 5256 814 5301 et
836 5249 1142 5305 dimittetur
1179 5250 1228 5304 ei
1259 5262 1543 5322 peccatum
1569 5254 1635 5309 ⁸³.
1670 5273 1689 5305 ι
1726 5253 1842 5308 Alia
1874 5263 2097 5325 prmter—

525 5352 591 5391 ea
622 5347 707 5394 est
735 5338 819 5393 lex
842 5355 1086 5396 seorsum
1123 5343 1193 5398 ab
1226 5346 1326 5407 eis,
1358 5359 1480 5413 qua:
1507 5346 1765 5415 exposita
1793 5357 1941 5410 sunt,
1977 5363 2097 5417 qua:

528 5428 584 5482 in
609 5431 750 5485 hunc
775 5430 887 5486 mre
916 5433 1137 5487 modum
1170 5435 1474 5502 pnescribit
1511 5454 1523 5489 :
1553 5454 1571 5485 ι
1598 5438 1791 5491 Anima
1821 5454 1941 5507 qua:
1959 5438 2098 5492 obli-

527 5520 687 5576 vione
710 5521 877 5577 oblita
916 5521 1100 5589 fuerit,
1127 5533 1184 5580 et
1207 5523 1525 5596 imprudens
1559 5529 1864 5599 peccaverit
1922 5529 1977 5583 in
2030 5529 2096 5585 iis

526 5625 648 5681 quae
668 5621 856 5668 sancta
907 5624 1035 5671 sunt
1084 5616 1317 5683 Domini,
1367 5618 1557 5676 oﬂ'eret
1605 5619 1834 5676 Domino
1871 5626 2095 5677 arietem

596 5792 643 5825 “
679 5792 848 5851 Levii.
892 5814 962 5863 Iv,
1003 5798 1191 5853 εσσε).

2211 3339 2519 3412 ἀνθρώπου,
2553 3342 2661 3394 ἀπὸ
2690 3342 2870 3412 πάσης
2894 3341 3230 3413 ἀκαθαρσίας
3264 3339 3430 3413 αὑτοῦ
3455 3337 3522 3412 ἧς
3547 3339 3613 3394 ἀν
3643 3339 3784 3409 ἀψά-

2213 3449 2370 3503 μενος
2402 3432 2621 3503 μιανθῇ,
2661 3432 2754 3486 καὶ⁵
2788 3411 2973 3487 ελαθεν
3002 3411 3182 3497 αὑτὸν,
3221 3411 3545 3504 μετίτοῦτο
3567 3432 3613 3486 δ’
3644 3433 3784 3502 ἔγνω

2209 3526 2305 3579 καὶ
2345 3526 2737 3598 πλημμελήσῃ.
2782 3546 2800 3578 ι
2859 3527 2924 3580 Τί
2969 3526 3032 3598 δή
3076 3523 3169 3581 οὖν
3208 3529 3300 3581 καὶ
3344 3524 3434 3580 τὸν
3489 3526 3781 3597 μιανθέντα

2209 3619 2484 3691 προσῆκον
2516 3617 2583 3691 ἦν
2624 3622 2817 3681 ποιεῖν,
2864 3620 2977 3674 ἀλλ’
3027 3621 3059 3692 ἢ
3096 3622 3355 3692 ἀπαντᾷν.
3394 3622 3555 3675 πάλιν
3596 3624 3654 3675 tv
3703 3619 3781 3691 τῷ

2207 3704 2376 3773 τόπῳ,
2407 3706 2500 3758 καὶ
2541 3705 2872 3776 προσφέρειν
2901 3705 3028 3777 περὶ
3068 3706 3167 3775 τῆς
3215 3707 3487 3778 ἁμαρτίας
3519 3705 3681 3760 αὐτοῦ
3714 3701 3782 3777 ἦε

2206 3794 2440 3865 ἥμαρτε,
2467 3795 2599 3868 θῆλυ
2625 3797 2732 3850 ἀπὸ
2758 3795 2863 3849 τῶν
2884 3796 3188 3869 προϐάτων,
3219 3798 3251 3869 ἢ
3280 3797 3513 3868 ἀμνάδα,
3544 3798 3576 3870 ἢ
3603 3798 3781 3868 χίμαι-

2208 3903 2305 3958 ραν
2349 3888 2406 3954 ὲξ
2432 3888 2620 3956 αἰγῶν,
2652 3890 2778 3960 περὶ
2811 3890 3120 3962 άμαρτίας;
3163 3888 3221 3942 '0
3251 3889 3295 3942 δ’
3326 3890 3486 3953 αὐτὸς
3522 3885 3589 3961 ἦν
3618 3890 3780 3960 νόμος

2207 3980 2300 4033 καὶ
2323 3980 2414 4033 ἐπὶ
2443 3980 2620 4052 ψυχῆς
2645 3982 2679 4052 ή
2710 3981 2773 4035 ἂν
2803 3983 2977 4055 ὀμόσῃ
3004 3981 3385 4037 διαστέλλουσα
3414 3986 3524 4046 τοῖς
3552 3982 3776 4053 χείλεσι,

2207 4072 2591 4142 κακοποιῆσαι,
2632 4073 2665 4143 ἢ
2702 4073 2882 4137 καλῶς
2912 4073 3135 4145 ποιῆσαι
3178 4073 3319 4128 κατά
3352 4075 3529 4128 πάντα
3572 4075 3672 4127 ὅσα
3711 4072 3779 4125 ἀν

2204 4160 2475 4234 διαστείλῃ
2506 4162 2790 4234 ἄνθρωπος
2827 4164 2945 4234 μεθ’
2976 4165 3271 4235 ὃρκου,καὶ
3303 4163 3440 4235 λάθῃ
3476 4164 3659 4230 αὑτὸν,
3688 4165 3780 4218 καὶ

2205 4246 2357 4317 οὗτος
2387 4253 2500 4324 γνῷ
2523 4256 2616 4307 καὶ
2636 4256 2858 4328 ἁμάρτῃ
2881 4254 2936 4307 ἓν
2955 4272 3061 4309 τινι
3083 4256 3309 4319 τούτων,
3335 4258 3427 4310 καὶ
3443 4256 3780 4330 ἐξαγορεύσῃ

2204 4345 2303 4415 τὴν
2355 4344 2631 4418 ἁμαρτίαν
2681 4346 2807 4416 περὶ¹
2838 4343 2905 4418 ἦς
2942 4348 3177 4417 ἥμαρτε,
3228 4366 3247 4400 ι
3285 4349 3378 4402 καὶ
3425 4343 3578 4411 οὗτος
3624 4346 3778 4419 δῆτα,

2205 4437 2388 4507 φησὶν,
2450 4437 2511 4490 τὸ
2554 4436 2688 4491 αὐτὸ
2737 4436 2914 4490 λαϐὼν
2966 4439 3160 4511 ἱερεῖον
3186 4478 3201 4501 ,
3277 4438 3553 4493 σπευδέτω
3598 4439 3658 4492 tv
3703 4435 3781 4508 τῷ

2204 4528 2373 4600 τόπῳ,
2409 4530 2499 4583 καὶ
2533 4528 2836 4594 ἑξιλάοτται
2870 4531 3001 4602 περὶ
3029 4531 3194 4585 αὑτοῦ
3235 4533 3265 4584 ὁ
3311 4533 3488 4604 ἱερεὺς
3521 4531 3650 4604 περὶ
3681 4531 3780 4601 τῆς

2207 4619 2482 4690 ἁμαρτίας
2512 4620 2698 4685 αὑτοῦ,
2733 4620 2827 4675 καὶ
2859 4622 3192 4693 ἀφεθήσεται
3213 4623 3359 4695 αύτῷ
3386 4625 3419 4693 ή
3454 4622 3717 4694 ἀμαρτία.
3755 4643 3775 4674 ι

2207 4712 2316 4765 Καὶ
2340 4712 2497 4777 ἄλλος
2524 4714 2673 4785 παρά
2696 4715 2820 4778 τοὺς
2845 4716 3166 4786 εἰρημένους
3192 4715 3354 4786 νόμος
3383 4709 3487 4767 ὧδέ
3514 4732 3585 4785 πη
3613 4713 3751 4788 διορί
3766 4741 3780 4755 ο

2206 4802 2307 4868 ζει·
2364 4822 2381 4856 ι
2437 4804 2600 4876 Ψυχὴ
2641 4806 2676 4877 ἢ
2712 4806 2778 4860 ἂν
2818 4806 2956 4880 λάθῃ
3005 4807 3166 4860 αὑτὸν
3214 4805 3376 4880 λήθῃ,
3422 4806 3515 4861 καὶ
3558 4807 3780 4881 ἁμάρτῃ

2204 4895 2473 4960 ἀκουσίως
2504 4896 2613 4951 ἁπδ
2645 4897 2751 4951 τῶν
2781 4899 2951 4967 ἀγίων
2985 4898 3210 4970 Κυρίου,
3245 4900 3339 4952 καὶ
3371 4899 3587 4953 εἰσοίσει
3626 4900 3779 4971 κριὸν

2203 4986 2304 5056 τῆς
2338 4986 2715 5058 πλημμελείας
2754 4989 2917 5043 αὐτοῦ
2963 4988 3040 5059 τῷ
3087 4990 3305 5061 Κυρίῳ·
3349 4991 3482 5044 οἴσει
3529 4990 3586 5044 ἃ
3617 4990 3778 5044 πάλιν

2204 5077 2353 5149 παρὰ.
2382 5078 2474 5132 τὸν
2522 5080 2804 5151 ἀρχιερέα,
2838 5082 2895 5134 ὲν
2922 5079 3000 5150 τῷ
3041 5080 3191 5151 τόπῳ
3236 5082 3436 5153 δηλαδὴ
3474 5082 3551 5153 τῷ
3581 5083 3778 5149 ὶξειλε-

2200 5169 2405 5240 γμένῳ.
2447 5189 2465 5222 ι
2515 5171 2626 5223 Καὶ
2681 5171 2838 5224 ἕκτον
2883 5170 2940 5223 δὲ
2981 5172 3143 5242 νόμον
3185 5171 3388 5239 τούτοις
3434 5175 3777 5246 προστίθησι,

2203 5258 2392 5328 λέγων·
2453 5279 2473 5312 ι
2526 5261 2685 5333 Ψυχή
2720 5262 2786 5315 ἂν
2833 5262 3074 5337 ἁμάρτῃ,
3124 5266 3217 5318 καὶ
3259 5268 3462 5337 ποιήσῃ
3513 5266 3641 5336 μίαν
3670 5267 3779 5320 ἀπὸ

2206 5350 2395 5404 πασῶν
2421 5351 2530 5405 τῶν
2561 5352 2813 5421 ἐντολῶν,
2848 5347 2921 5406 ὧν
2952 5355 3011 5407 ού
3040 5356 3121 5408 δεῖ
3148 5360 3341 5421 ποιεῖν,
3372 5357 3466 5410 καὶ
3492 5358 3591 5410 οὐκ
3613 5357 3775 5426 ἔγνω,

2203 5442 2296 5495 καὶ
2327 5444 2717 5515 πλημμελήσῃ,
2751 5447 2844 5500 καὶ
2870 5445 3008 5519 λάϐῃ
3036 5448 3132 5519 τὴν
3153 5450 3432 5523 ἁμαρτίαν
3463 5451 3650 5517 αὐτοῦ,
3683 5452 3774 5506 καὶ

2202 5535 2336 5588 οἴσει
2377 5534 2538 5589 πάλιν
2570 5536 2723 5606 κριὸν
2748 5536 2825 5608 τῷ
2865 5539 3132 5613 ἀρχιερεῖ,
3165 5543 3260 5595 καὶ
3299 5541 3605 5606 ὲξιλάσεται
3647 5544 3773 5616 περὶ

2203 5625 2369 5678 αὑτοῦ
2402 5629 2432 5679 ό
2465 5625 2661 5696 ἱερεὺς,
2696 5629 2823 5699 περὶ
2853 5630 2951 5701 τῆς
2975 5633 3203 5700 ἀγνοίας
3227 5632 3392 5686 αὑτοῦ
3424 5627 3490 5705 ἦς
3517 5637 3772 5706 ηγνόησε,

1294 5807 1337 5837 ’³
1376 5803 1534 5860 Nam.
1581 5823 1688 5861 xvi.
1736 5807 1781 5864 7.
1859 5807 1906 5842 ⁸⁸
1945 5807 2111 5864 Levit.

2221 5850 2235 5870 .
2275 5809 2364 5866 27.
2445 5811 2483 5845 ³⁸
2529 5811 2698 5868 chit.
2740 5829 2791 5878 τ,
2838 5815 2886 5869 1.
2964 5816 3010 5846 ⁸⁸
3050 5813 3183 5869 ibid.
3228 5814 3282 5877 2,
3321 5814 3373 5869 3.
3451 5813 3497 5847 ⁸³
3536 5813 3653 5871 Ibid
3717 5820 3771 5875 6.
