4106 6446
318 401 387 472 ετ
989 375 998 389 Χ
1212 405 1874 467 nsnoxsrnartoms

1995 407 2381 466 ’ANGELICAE
2420 411 2552 467 LIB.
2591 413 2642 471 Ι.
3519 419 3587 475 58

320 533 414 589 καὶ
439 526 594 595 οὗτος
620 531 720 584 οὐκ
751 529 886 602 ᾔδει,
928 531 1022 585 καὶ
1054 528 1385 601 ἀφεθήσεται
1418 529 1588 600 αὐτῷ.
1621 549 1639 582 ι
1680 530 1821 603 Ἤδη
1849 530 1894 584 δέ

2011 543 2111 598 pro
2134 541 2358 600 peccato
2385 547 2487 588 suo
2515 534 2559 566 “
2585 551 2600 601 ;
2644 555 2662 586 ι
2705 533 2893 589 oﬁeret
2923 541 3106 590 autem
3127 549 3323 593 rursus
3356 535 3424 592 ad
3441 534 3584 591 Pon-

321 625 548 698 ἕϐδομόν
577 640 729 696 φησιο
770 642 788 675 ι
823 621 983 693 Ψυχὴ
1014 622 1079 676 ἂν
1107 623 1350 695 ἁμάρτῃ,
1381 623 1476 677 καὶ
1498 621 1739 695 παριδὼν
1759 639 1905 696 παρ-

328 718 412 792 ίδῃ
462 716 561 780 τὰς
603 713 820 778 ἐντολὰς
862 714 1090 786 Κυρίου,
1148 714 1244 767 καὶ
1286 713 1554 786 ψεύσηται
1615 715 1752 786 πρὸς
1814 714 1906 768 τὸν

325 807 551 878 πλησίον
581 805 752 859 αὐτοῦ
781 808 838 858 ἐν
879 805 1343 877 παρακαταθήκῃ,
1377 805 1508 874 περὶ
1549 806 1837 869 κοινωνίας
1870 806 1903 878 ἢ

326 900 599 973 ἁρπαγῆς,
641 896 674 968 ἢ
709 895 934 968 ἠδίκησέ
977 914 1029 949 τι
1064 897 1156 950 τὸν
1192 897 1442 967 πλησίον,
1485 897 1517 969 ἢ
1551 893 1709 967 εὗρεν
1751 898 1903 951 ἀπώ-

323 993 490 1057 λειαν,
533 993 627 1046 καὶ
658 992 929 1064 ψεύσηται
967 993 1097 1064 περὶ
1126 993 1317 1064 αὐτῆς,
1358 994 1452 1046 καὶ¹
1495 994 1668 1065 ὀμόσῃ
1704 993 1904 1058 ἀδίκως

324 1085 452 1156 περὶ
493 1084 612 1147 ἐνὸς
649 1082 758 1137 ἀπὸ
805 1083 1023 1137 πάντων
1071 1077 1146 1136 ὧν
1194 1083 1290 1137 ἐὰν
1342 1085 1547 1156 ποιήσῃ
1593 1085 1900 1156 ἄνθρωπος,

321 1174 460 1230 ὥστε
513 1175 781 1246 ἁμαρτεῖν
830 1177 888 1229 ἐν
935 1175 1167 1240 τούτοις,
1210 1174 1306 1228 καὶ
1354 1176 1521 1246 ἡνίκα
1567 1174 1633 1229 ἂν
1680 1176 1902 1248 ἁμάρτῃ

320 1269 415 1324 καὶ
472 1268 843 1342 πλημμελήσῃ
890 1268 986 1321 καὶ
1037 1267 1223 1338 ἀποδῷ
1288 1267 1350 1320 τὸ
1406 1269 1678 1340 ἆρπαγμα
1728 1269 1756 1321 ὃ
1804 1269 1905 1340 ἥρ-

319 1379 514 1429 πασεν,
573 1362 608 1433 ἢ
671 1361 730 1415 τὸ
790 1361 1032 1433 ἀδίκημα
1099 1360 1128 1414 6
1180 1361 1458 1434 ἠδίκησεν,
1504 1364 1537 1432 ἢ
1572 1363 1672 1434 τὴν
1727 1380 1905 1434 παρα-

319 1453 655 1527 καταθήκην,
697 1455 817 1525 ἥτις
862 1452 1134 1526 παρετέθη
1198 1452 1367 1524 αὐτῷ,
1416 1455 1449 1524 ἢ
1487 1453 1585 1524 τὴν
1628 1451 1902 1507 ἀπώλειαν

319 1547 387 1619 ήν
423 1541 600 1620 εὗρεν,
667 1547 774 1600 ἀπὸ
811 1546 1012 1609 παντὸς
1072 1545 1396 1617 πράγματος
1459 1541 1520 1600 οὗ
1559 1545 1740 1616 ὤμοσε
1775 1547 1902 1620 περὶ

319 1640 486 1694 αὐτοῦ
545 1639 782 1704 ἀδίκως,
837 1640 930 1692 καὶ
976 1639 1223 1693 ἀποτίσει
1285 1638 1417 1693 αὐτὸ
1483 1638 1544 1691 τὸ
1609 1638 1902 1708 κεφάλαιον

317 1733 412 1785 καὶ
454 1731 518 1785 τὸ
569 1731 930 1802 ἐπίπεμπτον.
973 1749 992 1784 ι
1030 1730 1227 1802 Ἐχρῆν
1266 1731 1311 1784 δ’
1356 1729 1422 1784 ἂν
1451 1730 1588 1801 μετά
1619 1730 1679 1783 τὸ
1713 1730 1903 1798 ἐξαγοο

316 1823 594 1896 ρεῦσαιτδ
639 1823 964 1896 ἁμάρτημα,
1004 1823 1099 1876 καὶ
1142 1823 1281 1893 μετὰ
1315 1821 1378 1876 τὸ
1421 1823 1697 1887 ἀποτῖσαι,
1733 1823 1898 1875 σπεύ-

2005 619 2232 685 tiﬁcem,
2262 623 2316 677 in
2343 625 2462 679 loco
2488 624 2742 680 videlicet
2769 625 2838 680 de
2864 625 3192 695 quodictum
3221 635 3325 683 est.
3363 626 3581 683 Sextam

2007 727 2224 782 quoque
2259 713 2430 783 legem
2473 716 2751 786 prioribus
2775 717 3026 787 adiungit
3048 717 3137 774 bis
3167 719 3341 775 verbis
3368 739 3379 772 :
3408 737 3428 770 ι
3453 717 3586 771 Ani-

2007 818 2096 856 ma
2128 804 2172 858 si
2208 808 2517 874 peccaverit
2542 815 2596 862 et
2627 807 2818 863 fecerit
2836 807 3101 864 adversus
3125 825 3294 863 unum
3313 825 3378 864 ex
3407 811 3584 863 omni-

2004 894 2107 950 bus
2137 897 2444 966 prazcepIis,
2484 899 2690 968 aliquid
2739 915 2950 965 eorum,
2973 916 3094 971 quae
3116 915 3226 954 non
3253 909 3468 972 oportet
3503 899 3585 954 fa-

2004 1001 2147 1051 cere,
2181 996 2370 1042 etnon
2400 990 2738 1061 cognoverit,
2794 1000 2848 1046 et
2897 992 3209 1064 deliquerit,
3262 1003 3317 1050 et
3355 1009 3582 1066 accepe—

2003 1077 2076 1131 rit
2106 1087 2389 1148 peccatum
2421 1096 2605 1146 suum,
2637 1097 2833 1139 rursus
2850 1083 3037 1142 oﬂ‘eret
3072 1084 3323 1141 Pontiﬁci
3354 1087 3579 1142 arietem

2002 1179 2056 1226 et
2088 1172 2266 1227 orabit
2300 1189 2399 1242 pro
2444 1175 2564 1245 ipso
2619 1177 2905 1245 sacerdos,
2956 1193 3058 1248 pro
3106 1178 3415 1249 ignorantia
3458 1179 3582 1248 ejus

2001 1283 2167 1337 quam
2202 1268 2496 1339 ignoravit,
2527 1281 2581 1326 et
2605 1273 2698 1326 hic
2731 1273 2848 1342 ipse
2880 1288 2989 1327 non
3024 1275 3196 1342 novit,
3257 1281 3312 1330 et
3338 1273 3582 1330 dimitte-

2003 1364 2095 1411 tur
2130 1359 2180 1413 ei
2213 1360 2279 1415 ³⁸.
2317 1379 2334 1412 ι
2373 1359 2673 1432 Septimam
2712 1362 2843 1419 item
2884 1364 3080 1420 scribit
3105 1365 3275 1435 legem
3315 1364 3420 1420 hoc
3468 1379 3582 1420 mo-

2001 1449 2338 1506 doztAnima
2367 1452 2413 1508 si
2445 1455 2776 1524 peccaverit,
2793 1461 2849 1510 et
2864 1465 3220 1512 contemnens
3244 1463 3583 1526 contempse-

2000 1545 2074 1599 rit
2103 1553 2370 1616 praecepta
2401 1542 2690 1602 Domini’et
2707 1548 2933 1602 mentita
2963 1548 3128 1604 fuerit
3177 1548 3424 1620 proximo
3477 1561 3578 1603 suo

1968 1640 2056 1696 .in
2089 1639 2360 1711 deposito,
2390 1641 2904 1697 communicationis
2932 1655 3028 1697 aut
3055 1643 3260 1714 rapinae
3283 1657 3470 1708 causa,
3490 1642 3577 1698 vel

2002 1733 2204 1804 injuria
2236 1733 2419 1804 aliqua
2448 1733 2689 1790 aﬂ'ecerit
2719 1735 3030 1806 proximum
3060 1736 3266 1802 suum,’
3288 1735 3370 1792 vel
3421 1737 3576 1791 inve-

2001 1824 2145 1880 nerit
2177 1841 2290 1879 rem
2329 1825 2618 1894 perditam,
2650 1841 2715 1881 ac
2745 1826 2812 1881 de
2857 1842 2921 1882 ea
2954 1827 3070 1897 ipse
3117 1827 3341 1883 mentita
3389 1826 3575 1890 fuerit,

314 1915 424 1970 δειν
460 1915 641 1981 πάλιν,
675 1915 856 1969 πάντα
888 1913 1280 1985 ὑπερθέμενον,
1310 1915 1391 1978 είς
1418 1913 1510 1966 τὸν
1546 1914 1709 1968 τόπον
1745 1913 1804 1967 ὃν
1837 1912 1894 1966 ἂι

2005 1925 2058 1972 et
2119 1917 2386 1987 juraverit
2451 1918 2639 1989 inique
2697 1933 2798 1988 pro
2848 1934 2959 1973 uno
2996 1935 3062 1975 ex
3123 1920 3378 1975 omnibus
3429 1934 3580 1991 quae-

311 2006 596 2078 ἐκλέξηται
630 2007 832 2078 Κύριος
876 2009 905 2061 6
949 2006 1100 2073 Θεὸς,
1150 2007 1244 2059 καὶ
1291 2004 1620 2077 προσφέρειν
1659 2021 1723 2074 γε
1764 2003 1893 2075 περὶ

311 2098 411 2169 τῆς
436 2097 814 2169 πλημμελείας
846 2098 997 2170 κριὸν
1021 2097 1250 2169 ἄμωμον
1269 2113 1283 2128 ο
1313 2096 1408 2150 καὶ
1437 2095 1744 2161 ἐξιλάσεται
1767 2096 1894 2168 περὶ

312 2191 478 2247 αὐτοῦ
506 2195 535 2246 6
569 2194 745 2266 ίερεὺς
773 2193 952 2247 ἔναντι
979 2193 1205 2266 Κυρίου,
1237 2191 1331 2245 καὶ
1356 2190 1694 2261 ἀφηθήσεται
1719 2187 1888 2260 αὐτῷ.

313 2282 498 2337 Ταῦτα
531 2287 624 2338 καὶ
659 2285 786 2355 περὶ
818 2284 986 2338 τῶνδε
1031 2286 1060 2338 ὁ
1108 2283 1409 2355 θαυμάσιος
1451 2280 1710 2351 Μωῦσῆς,
1765 2278 1893 2350 περί

311 2393 371 2429 τε
409 2375 519 2430 τῶν
561 2377 829 2440 ἀκουσίως
864 2375 1283 2447 ἡμαρτηκότων,
1325 2373 1420 2427 καὶ
1454 2373 1583 2445 περὶ
1619 2373 1726 2426 τῶν
1769 2372 1892 2426 κατ’

311 2468 555 2537 ἀγνοιαν,
589 2467 1013 2540 ἐξηκριὸώσατο,
1057 2465 1338 2539 πόρρωθεν
1394 2465 1501 2518 τῶν
1556 2463 1700 2518 κατὰ
1757 2482 1892 2536 προ-

313 2559 522 2630 αίρεσιν
555 2558 1058 2631 πλημμελημάτων,
1107 2559 1193 2628 ἐφ’
1221 2552 1300 2621 οἷς
1352 2559 1446 2611 καί
1489 2557 1893 2629 ἀπαραιτήτους

309 2652 480 2724 ὁρίζει
524 2653 796 2723 τιμωρίας
834 2652 960 2714 τοὺς
999 2652 1232 2714 οἰκείους
1273 2650 1632 2706 ἀναστέλλων.
1670 2651 1730 2703 Ὁ
1784 2650 1892 2721 γὰρ

309 2743 404 2798 ἐπὶ
435 2745 547 2807 τοῖς
581 2741 857 2806 ἀκουσίοις
892 2741 967 2813 μὴ
1017 2742 1280 2813 πρότερον
1309 2741 1500 2813 νείμας
1541 2742 1888 2815 συγγνώμην,

308 2833 343 2906 ἢ
375 2832 731 2905 ἐξαγορεῦσαι
754 2833 816 2886 τὸ
845 2834 1165 2905 ἁμάρτημα,
1195 2832 1430 2886 κᾶπειτα
1463 2833 1652 2903 ὥσπερ
1690 2835 1890 2905 μικράν

307 2925 576 2998 τιμωρίαν
607 2925 696 2979 διὰ
727 2925 828 2995 τῆς
853 2926 1332 2998 προστεταγμένης
1372 2925 1562 2989 θυσίας
1596 2925 1892 2998 εἰσπραξά-

313 3033 472 3088 μενος
503 3016 593 3070 τὸν
623 3017 1002 3088 ἡμαρτηκότα,
1030 3017 1118 3070 διά
1140 3034 1200 3070 τε
1244 3017 1346 3086 τῆς
1369 3017 1461 3069 ἐπὶ
1479 3017 1578 3070 τὸν
1611 3017 1772 3084 ἁγνὸν
1799 3019 1890 3070 τό-

309 3127 410 3164 πον
441 3109 744 3181 ἀμελλήτου
778 3110 1003 3180 πορείας
1032 3110 1129 3182 τὴν
1162 3109 1395 3179 σπουδὴν
1428 3107 1562 3179 ὁμοῦ
1593 3109 1686 3162 καὶ
1716 3109 1775 3162 τὸ
1803 3109 1893 3162 εύ-

308 3203 470 3267 λαϐὲς
495 3203 765 3267 ἐπιτείνας
786 3203 893 3256 τῶν
925 3204 1042 3256 κατ’
1078 3203 1239 3256 αὑτὸν
1273 3201 1544 3256 θεοσεϐεῖν
1572 3202 1890 3276 προῃρημέ-

2001 2023 2220 2080 cunque
2275 2007 2408 2064 facit
2459 2009 2624 2065 homo
2655 2051 2670 2074 ,
2737 2019 2790 2065 et
2830 2021 3022 2081 peccat
3061 2030 3072 2066 :
3130 2019 3184 2067 et
3218 2011 3579 2082 quandocun-

2000 2115 2108 2169 que
2157 2102 2468 2170 peccaverit
2518 2119 2582 2158 ac
2634 2103 2949 2175 deliquerit,
3012 2113 3068 2161 et
3109 2106 3418 2162 restituerit
3460 2119 3579 2160 rem

1999 2205 2162 2260 quam
2199 2191 2444 2259 abstulit,
2481 2199 2576 2246 aut
2609 2193 2824 2263 injuria:
2853 2210 2883 2249 a
2909 2211 2969 2250 se
2991 2196 3172 2260 illatae,
3225 2195 3576 2263 satisfecerit,

2002 2280 2053 2351 5
2071 2289 2165 2335 aut
2193 2280 2505 2352 depositum
2532 2283 2680 2354 quod
2709 2300 2822 2340 suae
2852 2285 3348 2343 ﬁdeicommissum
3376 2287 3577 2356 fuerat,

2000 2373 2320 2441 reddiderit,
2358 2383 2452 2428 aut
2483 2390 2598 2431 rem
2629 2376 2896 2444 perditam
2927 2393 3090 2448 quam
3117 2378 3343 2442 invenit,
3362 2394 3431 2433 ex
3460 2394 3574 2434 om-

1999 2466 2057 2522 ni
2080 2482 2140 2521 re
2172 2481 2271 2536 pro
2293 2480 2400 2537 qua
2432 2467 2619 2538 inique
2646 2469 2852 2537 juravit
2879 2469 3053 2525 solvet
3102 2470 3278 2540 ipsum
3301 2477 3495 2535 totum,
3522 2478 3578 2526 et

1998 2557 2118 2627 ejus
2150 2561 2378 2630 insuper
2403 2561 2650 2632 quintam
2695 2570 2907 2632 partem
2935 2562 3317 2618 ".tCaeterum
3354 2571 3576 2634 oporte-

1998 2648 2093 2703 bat
2143 2659 2434 2721 postquam
2480 2650 2798 2721 prodiderat
2863 2661 3151 2722 peccatum
3199 2669 3264 2709 ac
3315 2657 3574 2722 solverat,

1998 2747 2255 2796 omnibus
2289 2741 2522 2813 negotiis
2553 2743 2882 2813 posthabitis
2913 2759 3162 2814 propere,
3214 2747 3365 2801 abire
3396 2748 3464 2802 ad
3491 2749 3576 2803 lo-

1998 2844 2146 2896 cum,
2194 2847 2354 2902 quem
2408 2833 2648 2904 elegerat
2689 2833 2956 2890 Dominus
2983 2836 3149 2901 Deus,
3177 2845 3231 2892 et
3255 2838 3449 2894 oﬁ‘erre
3478 2853 3578 2910 pro

1997 2923 2199 2978 delicto
2230 2925 2457 2980 arietem
2507 2925 2939 2988 immaculatum.
2985 2937 3036 2981 et
3071 2927 3150 2983 sic
3196 2943 3354 2984 orare
3386 2945 3485 2999 pro
3509 2945 3578 2988 co

1998 3017 2336 3071 sacerdotem
2369 3017 2510 3088 apud
2541 3016 2852 3079 Dominum,
2878 3026 2932 3072 et
2960 3020 3153 3074 dimitti
3181 3021 3252 3076 ei.
3291 3021 3414 3076 Haac
3441 3039 3575 3080 sane

1999 3104 2176 3162 Moses
2205 3107 2292 3162 ille
2326 3109 2682 3163 admirandus
2707 3118 2814 3163 tam
2844 3111 2911 3165 de
2943 3110 3009 3166 iis
3035 3112 3127 3181 qui
3168 3113 3322 3167 inviti
3383 3130 3577 3184 pecca-

1997 3203 2195 3263 verint,
2228 3216 2388 3269 quam
2416 3201 2482 3256 de
2516 3202 2582 3256 iis
2603 3202 2696 3271 qui
2724 3218 2820 3272 per
2849 3202 3234 3272 ignorantiam,
3263 3207 3573 3277 diligentis-

307 3313 434 3360 νων,
469 3295 586 3359 πῶς
622 3297 740 3366 οὐχ).
770 3295 878 3348 τῶν
910 3295 1171 3359 ἑκουσίως
1207 3295 1498 3366 δρωμένων
1527 3296 1663 3349 πολὺ
1694 3295 1890 3368 πρότε-

1995 3295 2134 3349 sime
2181 3296 2436 3349 tractavit
2476 3312 2721 3351 seorsum
2768 3297 2836 3351 ab
2866 3297 2932 3352 iis
2960 3313 3080 3366 quae
3121 3299 3425 3354 voluntarie
3450 3315 3575 3370 pec-

310 3405 403 3460 ρον
443 3389 656 3459 ἐπίσχοι
702 3389 768 3442 ἂν
818 3388 916 3452 τάς
963 3390 1175 3459 ὀρμάς;
1217 3389 1283 3442 Τί
1321 3389 1385 3460 δὴ
1416 3385 1508 3443 οὖν
1547 3389 1684 3461 πρὸς
1719 3389 1892 3443 ταῦτα

311 3481 716 3548 συλλογίζεσθαι
747 3480 906 3552 χρῆν,
942 3481 1029 3534 ὅτε
1078 3480 1164 3552 δὴ,
1203 3481 1280 3544 ὼς
1335 3482 1568 3553 εἴρηται,
1612 3498 1890 3550 συγκεφα-

307 3571 626 3644 λαιούμενος
661 3573 729 3627 τά
757 3574 934 3627 πάντα
960 3577 988 3628 6
1021 3575 1258 3645 Μωῡσῆς
1300 3577 1646 3647 ἐπισκήπτει,
1681 3574 1886 3642 λέγων’

313 3683 334 3717 ο
385 3666 814 3737 Ἐπικατάρατος
847 3668 954 3730 πᾶς
991 3666 1050 3729 ὃς
1091 3667 1190 3720 οὐκ
1230 3669 1458 3737 ἐμμενεῖ
1506 3670 1562 3721 ἐν
1603 3669 1738 3720 πᾶσι
1779 3669 1890 3731 τοῖς

309 3759 779 3830 ἐγγεγραμμένοις
836 3758 928 3812 τοῦ
985 3759 1182 3830 νόμου,
1232 3757 1327 3811 τοῦ
1387 3758 1610 3828 ποιῆσαι
1665 3759 1824 3822 adre;
1865 3776 1884 3809 ι

305 3845 451 3920 Ἀρα
475 3849 580 3923 γάρ
610 3851 736 3914 τοὺς
761 3852 824 3903 ἐκ
852 3851 1100 3922 περάτων
1123 3851 1224 3920 γῆς
1251 3850 1542 3921 μέλλοντας
1568 3849 1708 3903 κατά
1737 3850 1890 3902 Marii-

309 3942 406 3994 σέα
441 3940 732 4005 θεοσεϐεῖν,
759 3941 834 4005 ὡς
865 3941 931 3994 ἂν
959 3941 1181 4009 φύγοιεν
1218 3941 1314 4012 μὲν
1350 3939 1448 4012 τὴν
1497 3939 1760 4012 κατάραν,
1799 3938 1892 3992 τύ-

305 4050 452 4105 χοιεν
478 4033 535 4085 δὲ
566 4033 665 4103 τῆς
701 4033 1116 4104 ἐπηγγελμένης
1153 4033 1291 4104 πρὸς
1322 4032 1412 4086 τὸν
1457 4032 1706 4104 Ἀϐρααμ
1742 4031 1891 4083 εὐλο-

304 4125 448 4194 γίας,
484 4123 659 4177 ταῦτα
706 4124 884 4177 πάντα
926 4125 1062 4194 χρῆν
1100 4123 1382 4195 πράττειν,
1431 4124 1524 4176 καὶ⁸
1571 4123 1752 4195 τρίτον
1794 4122 1888 4176 τοῦ

305 4217 460 4278 ἐτους
485 4215 732 4285 ἀπαντᾷν
760 4215 840 4277 είς
871 4213 938 4266 τὰ
984 4213 1360 4284 Ἰεροσόλυμα;
1397 4213 1490 4267 καὶ
1528 4212 1628 4275 τάς
1661 4214 1726 4266 ἐκ
1757 4214 1891 4267 πάν-

304 4324 412 4360 των
435 4306 490 4360 δέ
517 4305 626 4358 τῶν
655 4305 822 4360 ἐθνῶν
853 4303 1126 4358 θεοσεϐεῖν
1151 4303 1586 4377 προκεκριμένας
1605 4307 1886 4373 γυναῖκας,

306 4400 430 4472 ἄρτι
453 4398 628 4452 τόκων
656 4398 752 4452 καὶ
789 4397 992 4452 ὠδίνων
1021 4397 1396 4468 παυσαμένας,
1428 4396 1695 4468 τοσαύτην
1734 4398 1887 4451 στέλ-

305 4492 492 4546 λεσθαι
546 4491 792 4563 πορείαν,
850 4489 926 4553 ὡς
979 4490 1045 4542 ἂν
1102 4488 1200 4560 τὴν
1254 4487 1731 4560 προστεταγμένην
1786 4488 1890 4541 ὑπὸ

306 4585 581 4649 Μωῦσέως
617 4584 809 4638 θυσίαν
850 4583 935 4652 ἐφ’
981 4583 1198 4652 ἐκάστῳ
1245 4581 1354 4635 τῶν
1400 4581 1753 4653 γεννωμένων
1791 4582 1888 4635 άν-

1993 3399 2208 3452 cantur,
2231 3387 2431 3458 quibus
2454 3389 2616 3443 etiam
2645 3389 3006 3445 inexorabiles
3037 3391 3240 3459 irrogat
3271 3404 3484 3458 pmnas,
3513 3396 3576 3445 ut

1992 3497 2124 3538 suos
2167 3482 2243 3536 ita
2283 3480 2579 3544 cohibeat,
2639 3495 2701 3534 ac
2763 3481 3021 3536 refrenet.
3085 3480 3189 3548 Qui
3240 3483 3387 3536 enim
3450 3482 3520 3538 iis
3552 3522 3569 3547 ,

1991 3575 2262 3646 qui‘inviti
2308 3574 2657 3645 peccaverint
2717 3591 2826 3630 non
2877 3576 3029 3646 prius
3085 3576 3298 3630 veniam
3355 3575 3569 3642 tribuit,

1991 3681 2155 3737 quam
2191 3675 2474 3736 peccatum
2524 3665 2989 3726 annuntiaverint.
3040 3679 3104 3717 ac
3136 3649 3331 3719 deinde
3380 3665 3432 3719 ei
3476 3665 3572 3735 qui

1991 3761 2236 3830 peccavit
2267 3761 2426 3829 quasi
2456 3759 2626 3815 levem
2652 3773 2866 3827 ptenam
2903 3773 3001 3826 per
3030 3759 3294 3812 indictum
3323 3757 3455 3812 illud
3480 3772 3574 3813 sa-

1991 3852 2256 3904 criﬁcium
2290 3851 2512 3919 irrogat,
2541 3860 2593 3904 et
2625 3865 2720 3920 per
2749 3852 3118 3903 accessionem
3155 3851 3274 3904 sine
3314 3865 3465 3904 mora
3499 3847 3571 3906 ad

1990 3940 2170 3995 locum
2199 3951 2468 4004 sanctum,
2499 3941 2740 3994 studium
2772 3941 2932 3995 simul
2963 3952 3016 3994 et
3041 3939 3354 4008 religionem
3378 3955 3568 3996 eorum

1991 4032 2246 4094 intendit,
2278 4033 2370 4102 qui
2401 4050 2460 4087 se
2489 4044 2714 4087 auctore
2737 4034 2793 4086 in
2827 4012 3012 4088 divino
3059 4034 3208 4087 cultu
3261 4034 3338 4086 uti
3375 4033 3565 4097 velint,

1990 4124 2084 4194 qui
2111 4125 2225 4179 ﬁeri
2261 4133 2439 4194 potest
2477 4135 2534 4177 ut
2577 4139 2688 4178 non
2731 4125 2904 4177 multo
2938 4125 3088 4193 prius
3128 4125 3194 4178 ab
3223 4125 3290 4179 iis
3312 4141 3434 4194 quae
3479 4139 3568 4178 vo-

1993 4217 2228 4272 luntarie
2256 4218 2691 4280 committuntur,
2726 4217 3031 4271 cohibuerit
3058 4216 3328 4287 appetitus
3361 4218 3385 4270 ’ἔ
3423 4214 3566 4283 Quid

1991 4309 2058 4362 ad
2078 4310 2198 4364 inec
2230 4309 2394 4380 igitur
2415 4309 2789 4379 argumentari
2819 4317 3056 4378 oportet,
3076 4309 3316 4378 quando,
3355 4316 3416 4363 ut
3442 4310 3565 4363 dic-

1990 4406 2105 4452 tum
2133 4408 2237 4463 est,
2272 4405 2466 4453 cuncta
2497 4399 2748 4468 redigens
2774 4397 2829 4452 in
2852 4413 3118 4452 summam
3145 4397 3344 4463 Moses,
3361 4399 3441 4454 sic
3464 4399 3566 4454 im‘

1993 4489 2293 4558 precatur?
2321 4508 2338 4540 ι
2374 4487 2741 4543 Exsccrabilis
2771 4489 2951 4544 omnis
2989 4490 3301 4559 quicunque
3320 4505 3428 4544 non
3461 4497 3569 4546 ste-

1992 4583 2117 4637 terit
2149 4581 2427 4645 omnibus,
2462 4596 2583 4652 qum
2613 4581 2666 4634 in
2700 4581 2816 4651 lege
2875 4580 3077 4651 scripta
3130 4589 3279 4644 sunt,
3311 4590 3371 4635 ut
3405 4581 3565 4639 faciat

309 4676 623 4744 ενέγκαιενς
663 4676 696 4747 ἢ
741 4677 865 4738 τοὺς
901 4672 1280 4744 ἐφαψαμένους
1325 4672 1517 4744 νεκροῦ
1556 4672 1826 4744 σώματος,
1857 4672 1890 4744 ἢ

1995 4690 2060 4729 ea
2127 4673 2170 4705 ⁸⁷
2250 4693 2295 4730 ι.
2338 4671 2481 4744 Ergo
2530 4671 2693 4727 etiam
2739 4672 2793 4726 in
2846 4673 3104 4728 extremis
3152 4682 3311 4728 terra:
3364 4673 3564 4731 ﬁnibus

305 4770 429 4831 τοὺς
455 4769 706 4840 ἐπίορκον
734 4767 1116 4838 ὀμωμοκότας,
1143 4765 1176 4836 ἢ
1206 4765 1332 4827 τοὺς
1353 4764 1606 4818 ἀκούσιόν
1625 4782 1677 4818 τι
1705 4765 1888 4835 δεδρα-

305 4862 470 4923 κότας
497 4861 561 4913 ἐκ
593 4861 842 4929 περάτων
862 4860 964 4929 γῆς
991 4858 1167 4928 ήκειν,
1192 4856 1402 4928 τρέχειν
1426 4873 1486 4909 τε
1514 4857 1609 4910 καὶ
1634 4855 1884 4909 σπεύδειν

307 4957 400 5009 ἐπὶ
442 4953 535 5008 τὸν
575 4953 1062 5024 νενομοθετημένον
1107 4949 1467 5021 καθαρισμὸν,
1506 4949 1582 5013 ὡς
1616 4949 1681 5003 ἂν
1715 4948 1884 5017 ἐκφύ-

306 5062 454 5117 γοιεν
500 5044 600 5116 τὴν
636 5044 732 5114 τῆς
767 5045 1008 5113 κατάρας
1053 5041 1382 5112 ἐπίσκηψιν;
1432 5041 1594 5095 Ἀλλά
1635 5042 1884 5112 συνορᾷς,

304 5139 380 5202 ὡς
410 5137 503 5192 καὶ¹
532 5137 713 5198 αὐτοῖς
745 5139 855 5200 τοῖς
885 5137 1028 5207 ἀμφὶ
1059 5135 1129 5190 τά
1173 5133 1516 5207 Ἱεροσόλυμα
1547 5132 1880 5198 κατοικοῦσι,

305 5229 400 5282 καὶ
432 5229 524 5281 ἐπὶ
543 5227 712 5298 μόνης
725 5227 824 5297 τῆς
852 5225 1108 5290 Ἰουδαίας
1123 5226 1221 5289 τάς
1242 5223 1520 5296 διατριϐὰς
1543 5222 1884 5292 ποιουμένοις

303 5321 334 5372 6
365 5319 502 5373 κατά
535 5317 772 5372 Μωῦσέα
809 5314 921 5387 βίος
946 5315 1384 5389 δυσκατόρθωτος
1410 5310 1499 5386 ἦν’
1534 5316 1662 5387 μήτι
1698 5332 1762 5384 γε
1790 5314 1882 5367 δυ-

301 5411 462 5474 νατὸς
490 5407 851 5464 ἐπιτελεῖσθαι
870 5407 1096 5472 καὶτοῖς
1121 5409 1324 5473 λοιποῖς
1345 5407 1555 5462 ἔθνεσιν
1573 5407 1669 5477 (5).
1692 5407 1884 5461 Ἔνθεν

375 5557 421 5589 ³⁸
459 5554 632 5612 Levii.
659 5572 713 5621 v,
759 5553 848 5609 55.
924 5554 970 5585 ³⁵
1008 5551 1142 5608 ibid.
1185 5553 1272 5614 Π.
1317 5553 1405 5610 18.
1480 5553 1526 5586 ³⁸
1563 5553 1700 5609 Ibid.
1742 5572 1818 5619 vt,
1859 5554 1977 5614 2-7.

372 5671 448 5742 (ὅ)
483 5670 638 5739 Μήτι
681 5688 747 5742 γε
783 5668 1040 5742 ῥίυνατὸς
1060 5669 1457 5742 ἐπιτελεῖσθαι
1480 5672 1577 5726 καὶ
1611 5671 1737 5738 τοῖς
1755 5677 1877 5726 λοι-

304 5739 440 5824 ,τρῖς
468 5739 699 5824 ἔρνεα-ιζ
729 5759 748 5824 ς
781 5739 990 5824 Nedum
1025 5741 1134 5824 tale
1157 5749 1217 5824 ut
1240 5751 1478 5824 posset_a
1500 5743 1726 5812 reliquis
1751 5759 1878 5824 gen.

1987 4766 2317 4830 habitantes,
2361 4766 2406 4822 si
2452 4765 2591 4820 ritus
2629 4763 2895 4821 Masaicos
2943 4781 3163 4820 servare
3192 4766 3461 4830 volebant,
3503 4773 3564 4821 ut

1988 4858 2149 4911 talem
2164 4857 2595 4912 exsecrationem
2611 4857 2866 4921 vitarent,
2885 4857 3321 4928 promissamque
3332 4857 3562 4913 Abrahae

1988 4949 2423 5005 benedictionem
2482 4950 2905 5021 contingerent,
2964 4951 3076 5004 haec
3132 4951 3313 5005 omnia
3379 4952 3558 5006 facere

1987 5043 2273 5110 oportebat
2306 5042 2328 5095 ?
2357 5056 2422 5096 ac
2459 5048 2543 5096 ter
2573 5043 2802 5111 singulis
2858 5043 3015 5096 annis
3045 5040 3416 5112 Hierosolyma
3465 5058 3559 5112 pe-

1990 5142 2105 5188 tere
2133 5134 2156 5187 ?
2189 5151 2253 5189 ex
2278 5136 2423 5189 omni
2458 5143 2717 5204 praeterea
2753 5134 2992 5195 natione,
3033 5151 3153 5204 qua:
3183 5135 3318 5189 tales
3352 5134 3454 5189 sibi
3483 5137 3560 5189 ri-

1989 5232 2081 5278 tus
2109 5225 2406 5280 servandos
2439 5225 2848 5295 proposuisset,
2890 5224 3118 5278 feminas
3178 5235 3334 5294 partu
3398 5227 3560 5280 modo

1990 5332 2055 5370 ac
2109 5317 2389 5372 doloribus
2425 5317 2632 5371 levatas
2685 5324 2793 5369 tam
2829 5318 3047 5386 longum
3078 5319 3180 5369 iter
3207 5316 3415 5386 ingredi
3448 5357 3462 5379 ,
3499 5326 3560 5372 ut

1990 5405 2138 5477 quod
2188 5407 2508 5478 imperasset
2558 5403 2735 5460 Moses
2774 5402 3102 5459 sacriﬁcium
3128 5443 3144 5469 ,
3179 5418 3279 5473 pro
3327 5403 3560 5475 singulis

2088 5554 2130 5586 ³⁷
2171 5553 2330 5609 Deut.
2370 5569 2534 5615 xxvu,
2560 5553 2652 5607 26.

1980 5669 2183 5742 Judaais
2209 5669 2364 5742 apud
2377 5670 2514 5742 alias
2543 5677 2715 5742 gentes
2743 5664 3067 5742 degentibus
3094 5664 3338 5736 potuisse
3353 5666 3561 5742 obser-

1980 5743 2122 5797 vari.
2154 5735 2462 5810 Legendum
2492 5735 2653 5810 igitur
2674 5740 2732 5790 ἐν
2751 5741 2862 5801 τοῖς
2892 5735 3116 5810 λοιποῖς,
3136 5746 3186 5790 et
3204 5748 3337 5810 post
3351 5735 3560 5792 ἔθνεσιν

307 5805 451 5868 tibus
469 5812 802 5868 observari.»
835 5813 998 5867 vertit
1032 5805 1296 5874 Donatus.
1331 5813 1505 5878 male;
1542 5805 1699 5869 me'ns
1725 5805 1870 5868 enim
1980 5805 2286 5866 addendum
2303 5811 2442 5864 forte
2457 5805 2749 5873 Ἰᾱυδαίοις,
2766 5805 3555 5878 vertendumqueinedumt.n.

307 5882 528 5939 Eusebii
552 5889 637 5939 est
665 5882 839 5938 multo
888 5883 1069 5937 minus
1111 5882 1214 5938 hoc
1241 5882 1460 5939 vivendi
1494 5876 1812 5940 institutum
1841 5899 1871 5937 a
1977 5898 2028 5951 p.
2060 5900 2090 5936 α
2112 5881 2316 5936 Judaei:
2350 5880 2490 5950 apud
2536 5879 2675 5935 alias
2711 5890 2885 5951 gentes
2934 5876 3234 5950 degeniibus
3267 5876 3552 5934 obseruari.
