4106 6500
555 391 622 446 39
1185 392 1451 448 EUSEBII
1485 391 1969 448 CESARIENSIS
2006 391 2159 450 OPP.
2201 391 2382 449 PARS
2419 392 2484 449 ll.
2525 423 2594 435 —
2631 395 3132 455 APOLOGETICA.
3722 413 3792 464 ιο

555 509 856 581 puerperiis
885 509 1140 564 offerrent
1169 511 1193 563 ?
1222 511 1347 563 item
1372 509 1463 578 qui
1493 516 1587 563 aut
1619 516 1894 563 mortuum
1912 524 2081 580 corpu

2183 559 2188 572 _
2217 508 2439 573 εἰκότως
2462 513 2490 562 6
2525 511 2709 581 Σωτὴρ
2737 512 2828 566 καὶ
2855 513 3058 584 Κύριος
3084 517 3114 586 ή
3124 515 3239 586 μῶν
3271 519 3471 590 Ἰησοῦς
3495 523 3524 575 6
3548 522 3671 587 Υίὺς
3695 525 3789 577 τοῦ

551 604 881 673 attigissent,
914 611 1006 657 aut
1036 603 1369 672 pejerassent
1400 641 1416 665 ,
1451 609 1546 656 aut
1579 601 1733 654 inviti
1780 600 1982 672 aliquid
2033 601 2112 656 fe-

550 697 776 757 cissent,
811 711 904 750 eos
938 695 1006 748 ab
1047 692 1306 749 extremis
1355 701 1515 750 terra:
1557 695 1756 749 finibus
1816 695 2017 757 venire,
2046 708 2112 748 ac

549 794 904 857 properantes
924 800 1212 840 excurrere
1253 785 1321 840 ad
1343 801 1463 842 eam
1490 803 1610 857 quae
1641 789 1755 857 lege
1778 789 1988 842 sancita
2020 804 2110 842 es-

551 883 653 936 set,
686 876 1075 944 purgationem,
1105 882 1163 928 ut
1200 877 1598 931 exsecrationis
1639 892 1854 947 pmnam
1906 877 2107 949 etl'uge-

548 968 709 1021 rent?
739 964 842 1019 Sed
874 965 1032 1034 plane
1074 967 1339 1036 perspicis
1383 977 1442 1022 ut
1472 969 1556 1022 vel
1589 969 1703 1038 ipsa
1734 967 2106 1040 Hierosolyma

544 1055 902 1110 incolentibus
931 1098 944 1121 ,
993 1057 1242 1126 atquein
1280 1073 1386 1112 una
1435 1055 1618 1111 Iudaea
1665 1059 2009 1115 versantibus
2041 1075 2105 1113 ac

541 1145 860 1216 degentibus
900 1147 1195 1202 Mosaicum
1233 1149 1365 1202 illud
1394 1149 1606 1203 vivendi
1642 1151 1952 1204 institutum
1983 1167 2103 1206 ser-

538 1245 664 1292 vatu
731 1237 947 1294 diﬂicile
1016 1247 1201 1303 esset,
1265 1240 1464 1294 nedum
1531 1241 1638 1296 tale
1707 1253 1765 1295 ut
1825 1252 2009 1311 posset
2072 1258 2102 1296 a

538 1328 764 1398 reliquis
801 1328 1054 1398 gentibus
1105 1329 1402 1384 observari.
1451 1328 1686 1385 Proinde
1740 1329 1989 1386 Salvator
2038 1347 2104 1386 ac

538 1419 800 1474 Dominus
843 1430 1028 1476 noster
1062 1419 1222 1476 Jesus
1265 1419 1434 1477 Filius
1487 1420 1579 1476 Dei
1619 1428 1743 1492 post
1791 1422 2024 1477 reditum
2067 1437 2099 1477 a

535 1519 709 1566 morte
742 1511 808 1565 ad
830 1513 1014 1576 vitam,
1043 1512 1102 1582 6
1134 1527 1256 1566 cum
1311 1511 1376 1566 ad
1411 1512 1710 1582 discipulos
1743 1527 1872 1568 suos
1928 1512 2101 1568 dixis-

535 1611 663 1656 set:
703 1618 722 1651 ι
765 1599 838 1655 Ite
885 1615 949 1656 ac
980 1601 1170 1656 docete
1201 1617 1390 1656 omnes
1420 1610 1607 1672 gentes
1640 1603 1703 1667 ³⁸,
1748 1621 1766 1653 ι
1821 1611 1934 1656 tum
1983 1618 2096 1658 me-

534 1692 643 1744 rito
667 1691 914 1760 adjunxit
937 1710 950 1743 ε
1008 1709 1028 1743 ι
1055 1691 1312 1747 docentes
1336 1706 1430 1746 eos
1465 1707 1681 1747 scrvare
1708 1692 1912 1756 omnia,
1947 1707 2094 1762 qua:-

2212 600 2346 654 Θεοῦ
2381 602 2516 672 μετὰ
2546 603 2645 674 τὴν
2677 605 2742 657 ὲκ
2780 607 2986 678 νεκρῶν
3013 609 3309 665 ἀνάστασιν
3336 616 3448 676 τοῖς
3480 614 3643 667 αὑτοῦ
3680 633 3788 684 μα-

2213 692 2402 762 θηταῖς
2453 693 2654 745 είπών·
2709 715 2725 745 ι
2774 697 3132 768 Πορευθέντες
3193 701 3565 772 μαθητεύσατε
3611 706 3786 760 πάντα

2211 783 2278 836 τὰ
2329 783 2476 854 ἔθνη,
2519 804 2536 834 ι
2577 785 2855 855 ἐπιλέγει,
2903 806 2925 838 4
2959 789 3295 856 διδάσκοντες
3346 795 3542 859 αὐτοὺς
3600 799 3786 868 τηρεῖν

2210 874 2386 927 πάντα
2413 877 2511 928 ὅσα
2546 877 2895 948 ἐνετειλάμην
2927 880 3073 949 ὑμῖν.
3119 901 3137 932 ι
3167 884 3240 934 Ού
3275 884 3380 954 γὰρ
3408 886 3477 939 τά
3507 888 3784 954 Μωῦσέως

2205 967 2722 1047 νόμιμαδιδάσκειν
2784 971 2958 1024 πάντα
3015 971 3082 1024 τὰ
3136 973 3260 1045 ἔθνη
3312 977 3778 1047 παρεκελεύσατο,

2203 1058 2316 1111 ἀλλ’
2341 1046 2450 1112 ὂσέ
2472 1059 2632 1122 αὐτὸς
2665 1061 2979 1114 ἐνετείλατο.
3007 1061 3190 1115 Ταῦτα
3237 1065 3279 1117 δ’
3327 1061 3415 1136 ἦν,
3460 1067 3527 1120 τὰ
3569 1070 3622 1122 ἐι
3668 1046 3780 1135 τοῖς

2203 1149 2550 1218 Εὑαγγελίοις
2601 1150 2764 1204 αὑτοῦ
2821 1152 3110 1222 φερόμενα.
3161 1155 3397 1221 Εἰκότως
3440 1154 3534 1212 οὖν
3585 1162 3680 1215 καὶ
3727 1163 3778 1216 οι

2201 1239 2365 1292 αὑτοῦ
2421 1240 2656 1311 μαθηταὶ
2706 1242 2799 1296 καὶ
2843 1243 2892 1294 οἰ
2940 1243 3225 1297 ἀπόστολοι
3274 1247 3331 1298 ὲν
3373 1248 3438 1317 τῇ
3490 1249 3616 1320 περὶ
3669 1252 3776 1308 τῶν

2201 1327 2369 1380 ἐθνῶν
2404 1329 2590 1398 σκέψει
2630 1329 2947 1400 ὁμολογοῦσι
2994 1332 3068 1402 μὴ
3101 1332 3357 1386 δύνασθαι
3390 1335 3458 1387 τά
3490 1337 3776 1402 ,Μωῦσέως

2199 1420 2402 1490 νόμιμα
2453 1422 2563 1483 τοῖς
2615 1420 2824 1474 ἔθνεσιν
2873 1421 3228 1494 ἐφαρμόζεινο
3283 1425 3369 1477 ὅτε
3415 1427 3550 1497 μήτε
3594 1427 3774 1490 αὐτοῖς

2203 1510 2338 1579 μήτε
2362 1511 2473 1571 τοῖς
2501 1510 2766 1579 πατράσιν
2795 1511 2968 1563 αὐτῶν
3010 1512 3392 1582 εὐκατόρθωτα
3422 1515 3633 1582 γέγονε.
3671 1517 3772 1570 Λέ-

2199 1617 2284 1668 γει
2309 1600 2354 1653 δ’
2386 1596 2477 1653 οὖν
2513 1601 2571 1652 ὲν
2618 1604 2737 1664 ταῖς
2769 1603 3034 1673 Πράξεσιν
3057 1605 3085 1656 6
3118 1603 3345 1674 Πέτρος·
3379 1623 3396 1655 ‹
3435 1605 3546 1658 Νῦν
3589 1603 3681 1660 οὖν
3719 1609 3772 1660 τί

2196 1690 2481 1762 πειράζετε
2501 1691 2590 1744 τὸν
2617 1688 2772 1757 Θεὸν,
2803 1691 3067 1747 ἐπιθεῖναι
3092 1692 3252 1761 ζυγὸν
3274 1694 3364 1747 ἐπὶ
3392 1693 3482 1747 τὸν
3506 1695 3771 1766 τράχηλον

534 1794 747 1850 cunque
777 1782 1002 1852 praecepi
1026 1782 1180 1836 vobis
1209 1782 1276 1836 ³⁸.
1314 1801 1333 1834 ι
1379 1780 1494 1836 Non
1523 1783 1667 1837 enim
1697 1797 1818 1852 qua:
1845 1782 1900 1836 in
1929 1781 2081 1837 Mosi:

2193 1783 2300 1837 τῶν
2332 1782 2611 1855 μαθητῶν,
2639 1782 2698 1836 ὃν
2727 1783 2851 1837 οὔτε
2893 1785 2941 1837 οἱ
2983 1785 3215 1855 πατέρες
3251 1785 3410 1854 ἡμῶν
3447 1785 3570 1839 οὔτε
3608 1789 3769 1856 ἡμεῖς

532 1870 742 1941 legibus
772 1879 918 1938 sunt,
947 1873 1142 1927 docere
1192 1888 1381 1928 omnes
1403 1880 1588 1942 gentes
1621 1874 1923 1943 imperabat
1949 1893 1964 1928 :
1997 1873 2081 1929 sed

2196 1877 2493 1948 ἰσχύσαμεν
2538 1875 2838 1947 pandant;
2906 1895 2922 1927 ι
2977 1877 3213 1940 Εἰκότως
3267 1877 3323 1930 δὲ
3381 1877 3475 1930 καὶ
3531 1877 3693 1940 αὐτὸς
3737 1878 3770 1930 6

529 1980 868 2036 quaecunque
898 1981 1012 2036 Ipse
1042 1979 1385 2037 praeceperat.
1422 1966 1548 2022 Haec
1585 1984 1749 2039 porro
1789 1976 1936 2031 sunt,
1973 1983 2092 2037 qua:

529 2059 586 2113 in
609 2059 754 2114 illius
783 2057 1088 2128 Evangeliis
1110 2061 1458 2114 continentur
1501 2059 1875 2131 Meritoigitur
1902 2070 1955 2116 et
1979 2061 2090 2117 dis-

527 2152 694 2222 cipuli
746 2152 1009 2221 ejusdem,
1043 2163 1097 2208 et
1125 2155 1376 2224 apostoli,
1435 2170 1557 2210 cum
1611 2155 1812 2212 habere
1846 2157 2087 2226 gentium

525 2243 791 2298 rationem
831 2243 1048 2308 vellent,
1085 2245 1140 2298 in
1172 2245 1273 2300 hoc
1303 2247 1446 2301 inter
1474 2263 1534 2302 se
1564 2255 1937 2303 convenerunt
1969 2267 1981 2302 :
2027 2255 2088 2302 ut

521 2350 642 2405 qua:
674 2334 729 2388 in
764 2335 927 2391 Mosis
957 2337 1164 2406 legibus
1194 2339 1560 2402 continentur,
1584 2354 1924 2410 nequaquam
1956 2355 2085 2410 gen-

520 2427 666 2481 tibus
702 2438 926 2498 possent
961 2430 1384 2493 accommodari,
1431 2431 1628 2501 quippe
1655 2447 1775 2502 quae
1809 2447 1986 2502 neque
2016 2432 2085 2486 ab

519 2515 678 2586 ipsis,
709 2533 928 2588 nequeo
953 2521 1195 2589 patribus
1227 2521 1468 2591 ipsorum
1504 2523 1707 2576 servari
1739 2523 1921 2593 potius
1959 2538 2086 2580 con-

519 2616 711 2665 staret.
748 2608 884 2679 Ergo
917 2611 970 2664 in
999 2612 1148 2665 Actis
1180 2609 1374 2666 Petrus
1407 2612 1684 2682 loquitur:
1723 2633 1740 2665 ι
1775 2613 1931 2668 Nunc
1953 2628 2083 2680 ergo

517 2703 649 2773 quid
683 2704 898 2758 tentatis
929 2702 1119 2768 Deum,
1179 2704 1458 2774 imponere
1497 2707 1687 2775 jugum
1723 2722 1886 2775 super
1909 2707 2084 2761 cervi-

519 2809 611 2850 ces
631 2795 1043 2863 discipulorum,
1081 2796 1224 2863 quod
1268 2812 1446 2866 neque
1472 2807 1654 2866 patres
1681 2795 1878 2857 nostri,
1907 2809 2082 2865 neque

516 2899 618 2940 nos
646 2893 861 2954 portare
915 2885 1188 2955 potuimus
1219 2886 1263 2917 ⁸ο
1295 2886 1319 2939 7
1353 2905 1373 2937 ι
1420 2886 1513 2941 sed
1541 2885 1705 2941 etiam
1758 2886 1872 2954 ipse
1905 2883 2082 2938 Moses

513 2987 732 3047 propter
776 2978 890 3032 hac
921 2977 1038 3047 ipsa
1071 2993 1191 3046 qua:
1236 2977 1498 3042 diximus,
1528 2978 1722 3031 merito
1749 2985 1803 3032 et
1849 2976 2079 3031 alterum

513 3077 710 3136 praeter
739 3081 797 3122 se
829 3075 1202 3121 surrecturum
1230 3065 1306 3118 ait
1337 3062 1661 3134 PrOphetam
1693 3103 1708 3126 ,
1745 3070 1797 3116 et
1824 3062 1968 3115 hunc
2001 3061 2081 3128 ip-

511 3173 633 3215 sum
684 3156 863 3226 legum
923 3161 1198 3208 auctorem
1263 3152 1504 3208 futurum
1555 3151 1768 3206 cunctis
1827 3149 2080 3221 gentibus

2191 1969 2429 2039 Μωῦσῆς
2476 1969 2678 2021 τούτων
2722 1968 2898 2022 αὐτῶν
2947 1968 3152 2034 ἔνεκεν,
3195 1971 3382 2040 ἔτερον
3419 1972 3546 2041 παρ’
3579 1968 3768 2023 ἑαυτὸν

2189 2059 2585 2130 ἀναστήσεσθαι
2618 2058 2720 2130 ἔφη
2756 2059 3060 2130 προφήτην,
3105 2061 3197 2112 καὶ
3241 2058 3430 2112 τοῦτον
3465 2058 3765 2130 νομοθέτην

2188 2145 2404 2200 ἔσεσθαι
2434 2146 2541 2199 τῶν
2576 2146 2742 2199 ἐθνῶν
2774 2146 3480 2214 ἀπάντωνεύαγγελίζεται,
3509 2147 3599 2200 τὸν
3631 2149 3765 2219 Χρι-

2187 2237 2311 2290 στὸν
2341 2237 2726 2306 αἰνιττόμενος,
2770 2236 2917 2307 αῦτῷ
2957 2253 3015 2289 τε
3065 2236 3342 2290 πείθεσθαι
3391 2241 3502 2301 τοῖς
3545 2239 3764 2304 οίκείοες

2186 2333 2459 2401 παραινεῖ,
2492 2325 2597 2384 ὧδέ
2635 2347 2712 2400 πη
2747 2330 2840 2382 καὶ
2886 2329 3044 2383 τοῦτο
3075 2329 3344 2395 θεσπίζων
3366 2349 3379 2361 ·
3416 2350 3434 2382 ι
3472 2332 3763 2403 Προφήτην

2186 2421 2314 2490 ὑμῖν
2341 2421 2634 2491 ἀναστήσει
2665 2419 2867 2492 Κύριος
2893 2423 2921 2474 6
2945 2421 3077 2484 Θεὸς
3107 2423 3170 2474 ἔκ
3199 2421 3308 2474 τῶν
3337 2422 3580 2490 ἀδελφῶν
3607 2423 3760 2492 ὑμῶν

2183 2508 2258 2572 ὡς
2289 2509 2415 2579 ἐμέ·
2443 2509 2605 2562 αὑτοῦ
2635 2508 2929 2563 ἀκούσεσθε
2954 2509 3095 2562 κατά
3124 2511 3300 2564 πάντα
3322 2511 3420 2564 ὅσα
3453 2511 3519 2564 ἂν
3551 2512 3758 2584 λαλήσῃ

2186 2601 2334 2670 ὑμῖν.
2374 2601 2564 2653 Ἔσται
2594 2600 2671 2663 δὲ,
2709 2603 2858 2654 πᾶσα
2888 2599 3054 2670 ψυχὴ,
3081 2601 3200 2669 ἥτις
3231 2601 3297 2654 ἂν
3330 2603 3403 2673 μὴ
3431 2602 3637 2675 ἀκούσῃ
3665 2604 3758 2656 τοῦ

2185 2688 2461 2759 προφήτου
2515 2689 2742 2751 ἐκείνου,
2787 2688 3289 2760 ἔξολοθρευθήσεται
3333 2692 3397 2742 ἔκ
3436 2690 3530 2743 τοῦ
3570 2692 3758 2759 γένους

2183 2777 2373 2846 αὐτῆς.
2421 2796 2439 2828 ι
2480 2778 2590 2830 Καὶ
2619 2777 2804 2831 τοῦτον
2839 2778 2897 2832 δὲ
2937 2779 3027 2833 τὸν
3061 2781 3364 2850 προφήτην,
3397 2780 3634 2851 δηλονότι
3665 2783 3756 2838 τὸν

2181 2865 2436 2935 Χριστὸν,
2464 2867 2522 2934 ἔξ
2563 2867 2831 2921 Ἰουδαίων
2858 2869 3205 2942 προελθόντα,
3229 2872 3442 2924 πάντων
3461 2872 3567 2924 τῶν
3585 2872 3756 2926 ἐθνῶν

2180 2961 2615 3030 κατακρατήσειν
2649 2961 2808 3014 πάλιν
2841 2963 3129 3032 ἀναφωνεῖ,
3179 2963 3348 3031 λέγων
3369 2981 3381 2993 ο
3417 2984 3435 3014 ι
3482 2965 3568 3028 Ὡς
3600 2965 3754 3018 καλοὶ

2179 3051 2227 3102 oi
2266 3045 2403 3102 οἶκοί
2437 3066 2550 3114 σου,
2598 3052 2810 3116 Ἰακὼϐ,
2850 3055 2903 3107 αἱ
2930 3055 3147 3122 λσκηναί
3197 3071 3311 3118 σου,
3348 3055 3580 3126 Ἰσραήλ,
3618 3056 3752 3110 ὡσεὶ

2179 3139 2347 3194 νάπαι
2377 3143 2712 3208 σκιάζουσαι,
2739 3145 2832 3197 καὶ
2856 3146 2986 3200 ὡσεὶ
3011 3147 3334 3216 παράδεισος
3363 3147 3455 3199 ἐπὶ
3483 3149 3747 3218 ποταμὸν,

511 3217 1051 3308 nuntiat:Christum
1081 3259 1146 3298 eo
1171 3243 1330 3298 modo
1369 3241 1706 3312 signiﬁcans,
1741 3250 1795 3296 et
1815 3217 1987 3295 eidem
2016 3247 2075 3292 ut

2183 3231 2253 3295 ὡς
2278 3234 2474 3302 σκηναὶ
2505 3233 2570 3297 ἃς
2596 3235 2791 3306 ἔπηξεν
2814 3236 3030 3308 Κύριος.
3070 3235 3438 3303 Ἐξελεύσεται
3465 3217 3748 3309 ἄνθρωπος

510 3341 759 3405 pareant,
811 3335 929 3388 suis
987 3334 1244 3388 omnibus
1297 3333 1573 3402 imperat:
1635 3346 1798 3401 quam
1837 3346 1949 3384 rem
1989 3329 2072 3384 his

508 3425 682 3482 ferme
708 3426 888 3481 verbis
913 3425 1120 3480 divinat
1150 3443 1163 3479 :
1201 3444 1217 3474 ι
1239 3423 1568 3494 Prophetam
1602 3422 1758 3476 vobis
1781 3420 2072 3477 suscitabit

509 3517 769 3572 Dominus
802 3517 941 3573 Deus
968 3533 1034 3572 ex
1066 3516 1330 3571 fratribus
1354 3516 1551 3570 vestris
1590 3523 1845 3584 tanquam
1871 3517 1976 3575 me,
2003 3513 2071 3566 ilo

508 3607 622 3662 lum
650 3607 881 3661 audietis
907 3607 958 3660 in
995 3606 1249 3661 omnibus
1275 3621 1396 3674 quae
1429 3605 1682 3674 loquetur
1713 3604 1886 3658 vobis.
1916 3603 2071 3669 Qua:-

507 3712 725 3766 cunque
751 3711 880 3750 vero
912 3695 1093 3748 anima
1131 3710 1236 3748 non
1276 3693 1505 3748 audierit
1542 3693 1867 3764 Prophetam
1894 3695 2066 3757 illum,

505 3789 774 3844 delebitur
806 3787 873 3842 de
904 3803 1098 3858 genere
1129 3803 1227 3841 suo
1253 3787 1292 3818 ’δι
1327 3806 1370 3840 ι.
1410 3785 1578 3840 Porro
1617 3794 1795 3840 autem
1836 3786 2068 3856 prophe-

505 3891 613 3936 tam
646 3881 789 3935 hunc
833 3879 1110 3936 Christum
1161 3880 1335 3949 ipsum
1367 3879 1616 3933 videlicet
1648 3894 1676 3932 a
1709 3876 1914 3932 Judzeis
1956 3878 2068 3932 ori-

502 3973 746 4036 undum,
806 3972 932 4025 alibi
987 3972 1123 4024 item-
1171 3969 1427 4024 omnibus
1485 3968 1738 4038 gentibus
1772 3969 2068 4037 imperatu-

501 4078 644 4122 rum,
676 4063 924 4116 enuntiat
945 4060 1029 4113 his
1057 4057 1462 4122 verbisuQuam
1483 4057 1720 4125 pulchrm
1749 4057 1940 4110 domus
1961 4067 2066 4111 tua:

502 4152 687 4214 Iacob,
734 4152 968 4206 tentoria
1002 4159 1115 4215 tua,
1149 4148 1348 4214 Israel;
1377 4155 1436 4202 ut
1465 4151 1636 4203 saltus
1693 4150 1955 4210 umbrosi,
2006 4159 2066 4203 ut

503 4245 692 4297 hortus
721 4245 876 4311 juxta
930 4243 1151 4294 liuvium
1179 4280 1194 4303 ,
1233 4248 1292 4294 ut
1345 4240 1696 4295 tabernacula
1724 4283 1737 4302 ,
1771 4257 1891 4311 qua:
1952 4241 2064 4297 fixit

505 4335 784 4404 Dominus.
843 4333 1090 4386 Prodibit
1142 4333 1306 4386 homo
1347 4349 1412 4387 ex
1444 4334 1650 4388 semine
1703 4333 1842 4402 ejus,
1873 4341 1925 4386 et
1961 4335 2063 4387 do-

500 4405 793 4476 minabitur
857 4422 1107 4493 gentibus
1166 4421 1464 4485 multis,et
1494 4421 1784 4475 extolletur
1833 4437 2059 4492 regnum

498 4516 618 4584 ejus
645 4517 742 4569 ι’.»
778 4515 917 4581 Quin
949 4516 1135 4576 etiam,
1178 4529 1302 4568 cum
1331 4513 1616 4568 duodecim
1667 4513 1889 4568 omnino
1915 4514 2056 4584 apud

500 4607 752 4661 llebrzeos
784 4614 968 4660 essent
997 4606 1193 4667 tribus,
1224 4621 1289 4660 ex
1322 4620 1425 4675 qua
1462 4605 1674 4657 illarum
1695 4605 1936 4659 oriturus
1969 4605 2058 4658 hic

499 4697 636 4768 apud
668 4705 853 4764 gentes
893 4697 1068 4765 legum
1095 4705 1284 4749 auctor
1303 4735 1317 4756 ,
1346 4694 1436 4764 qui
1469 4694 1684 4746 canitur
1707 4708 1735 4746 a
1768 4694 2052 4764 propheta,

493 4798 548 4845 et
577 4790 776 4860 quibus
804 4788 1134 4858 temporibus
1167 4787 1382 4842 futurus
1410 4797 1590 4848 esset,
1637 4786 1779 4856 quod
1811 4786 1880 4842 de
1907 4788 2054 4842 tribu

491 4880 627 4935 Juda
661 4883 931 4943 videlicet,
964 4881 1214 4950 quodque
1248 4887 1396 4942 tunc,
1423 4895 1545 4934 cum
1583 4879 1878 4934 defecerint
1905 4880 1996 4948 qui
2025 4894 2055 4932 a

492 4967 792 5036 majoribus
824 4968 925 5021 sibi
958 4966 1213 5021 traditum
1261 4966 1500 5022 Judaicm
1541 4969 1718 5037 gentis
1764 4968 2053 5037 imperium

2174 3325 2239 3377 ἐκ
2270 3325 2363 3378 τοῦ
2399 3326 2708 3397 σπέρματος
2733 3328 2916 3392 αὑτοῦ,
2957 3329 3050 3382 καὶ
3096 3330 3372 3399 κυριεύσει
3418 3328 3588 3382 ἐθνῶν
3615 3333 3736 3384 ⁸ιιςολ-

2173 3415 2297 3479 λῶν,
2325 3418 2419 3470 καὶ
2444 3418 2787 3488 ὑψωθήσεται
2829 3423 2863 3490 ἡ
2897 3419 3140 3488 βασιλεία
3178 3421 3360 3474 αὑτοῦ.
3403 3441 3422 3473 ι
3468 3422 3624 3475 Ἀλλὰ
3653 3422 3751 3475 καὶ

2173 3509 2231 3576 ἐξ
2256 3511 2442 3573 ὁποίας
2466 3511 2652 3581 φυλῆς,
2675 3510 2879 3563 δώδεκα
2904 3510 3011 3563 τῶν
3037 3510 3172 3564 ὅλων
3198 3513 3324 3583 παρ’
3359 3512 3628 3583 Ἑϐραίοις
3655 3514 3748 3566 ού-

2173 3604 2300 3667 σῶν,
2322 3605 2402 3656 ὅτι
2429 3603 2491 3674 δὴ
2518 3603 2624 3656 ἀπὸ
2643 3603 2744 3672 τῆς
2784 3603 2949 3656 Ἰούδα
2981 3605 3010 3656 6
3034 3603 3418 3674 θεσπιζόμενος
3448 3605 3553 3658 τῶν
3575 3605 3746 3658 ἐθνῶν

2170 3692 2465 3762 νομοθέτης
2511 3694 2742 3765 Χριστὸς
2781 3692 3198 3764 προελεύσεται·
3236 3695 3329 3747 καὶ
3374 3695 3513 3747 κατά
3558 3695 3743 3756 ποίους

2169 3785 2408 3854 χρόνους,
2437 3785 2516 3837 ὅτι
2549 3785 2682 3854 μετά
2716 3785 2813 3855 τὴν
2841 3784 3080 3853 ἔκλειψιν
3108 3785 3214 3836 τῶν
3240 3786 3303 3837 ἐκ
3329 3785 3604 3854 προγόνων
3628 3785 3746 3838 δια-

2167 3877 2325 3947 δοχῆς
2348 3877 2440 3930 τοῦ
2488 3878 2751 3932 Ἰουδαίων
2797 3877 2980 3940 ἔθνους
3014 3877 3308 3949 ἀρξάντων,
3343 3879 3491 3948 δηλοί
3528 3880 3699 3947 λέγων
3723 3897 3737 3909 ·

2175 3986 2192 4018 ι
2234 3969 2346 4021 Ούκ
2376 3969 2611 4037 ἐκλείψει
2649 3969 2829 4041 ἄρχων
2877 3968 2937 4032 ἐξ
2970 3968 3156 4033 Ἰούδα,
3192 3970 3285 4021 καὶ
3333 3969 3628 4039 ἡγούμενος
3677 3974 3742 4024 ἐκ

2167 4056 2273 4110 τῶν
2311 4059 2496 4130 μηρῶν
2523 4059 2708 4121 αὑτοῦ,
2742 4059 2844 4122 ἓως
2877 4058 2941 4110 ἂν
2971 4058 3098 4132 ἔλθῃ
3121 4060 3188 4113 τὰ
3211 4059 3544 4129 ἀποκείμενα
3571 4061 3738 4130 αύτῷ,

2165 4148 2257 4200 καὶ
2290 4149 2448 4211 αὐτὸς
2475 4149 2763 4220 προσδοκία
2796 4148 2982 4201 ἐθνῶν.
3019 4168 3038 4200 ι
3067 4150 3203 4202 Ποία
3236 4150 3292 4203 δὲ
3326 4149 3616 4220 προσδοκία
3647 4146 3736 4219 ἦν,

2165 4241 2276 4293 ἀλλ’
2310 4242 2342 4312 ἢ
2376 4245 2408 4311 ή
2441 4241 2518 4310 τῶ
2557 4240 2801 4312 Ἀϐραὰμ
2827 4241 3202 4312 ὲπηγγελμένη
3235 4242 3358 4312 περὶ
3387 4241 3480 4295 τοῦ
3506 4241 3616 4294 δεῖν
3645 4242 3737 4294 εύ-

2162 4330 2552 4403 λογηθήσεσθαι
2587 4331 2644 4382 ὲν
2676 4330 2822 4400 αὐτῷ
2851 4331 3027 4384 πάντα
3065 4331 3134 4383 τὰ
3183 4333 3308 4403 ἔθνη
3346 4334 3444 4402 τῆς
3471 4334 3603 4404 γῆς;
3633 4334 3740 4387 Πέ-

2162 4441 2296 4493 φηνε
2324 4421 2608 4492 τοιγαροῦν
2632 4421 2722 4474 καὶ
2740 4422 2900 4485 αὐτὸς
2928 4423 2956 4474 6
2988 4424 3224 4493 Μωῦσῆς
3246 4424 3486 4495 ἀκριϐῶς
3511 4426 3737 4478 ἐπιστά-

2165 4531 2321 4585 μενος
2340 4515 2436 4584 τὴν
2460 4514 2557 4584 μὲν
2587 4513 2722 4584 πρὸς
2750 4512 2912 4566 αὑτοῦ
2941 4513 3281 4582 διαταγείσαν
3301 4515 3621 4586 νομοθεσίαν
3643 4515 3733 4579 ἐξ·

2165 4604 2430 4667 ασθενεῖν,
2465 4606 2544 4668 είς
2584 4605 2646 4657 τὸ
2680 4606 2843 4658 πᾶσιν
2879 4606 3184 4676 ἐφαρμόσαι
3226 4610 3335 4668 τοῖς
3369 4607 3606 4660 ἔθνεσιν·
3654 4609 3736 4671 εἰς

2164 4697 2506 4768 ἐκπλήρωσιν
2532 4697 2589 4750 δὲ
2610 4696 2716 4749 τῶν
2742 4697 2871 4768 πρὸς
2899 4697 2988 4749 τὸν
3029 4697 3276 4768 Ἀϐραὰμ
3307 4697 3586 4768 χρησμῶν,
3619 4698 3736 4752 ἑτέ-

2166 4806 2258 4857 ρου
2289 4788 2491 4842 δεῖσθαι
2523 4791 2816 4859 προφήτου.
2842 4783 3008 4852 Οὗτος
3035 4789 3092 4841 δὲ
3117 4790 3223 4860 ἄρα
3255 4785 3342 4858 ἦν,
3376 4790 3433 4841 ὃν
3465 4791 3520 4855 ἐξ
3568 4791 3735 4845 Ἰούδα

2157 4879 2324 4950 φυλῆς
2356 4880 2800 4949 προελεύσεσθαι,
2835 4881 2928 4934 καὶ
2962 4880 3169 4933 πολλῶν
3212 4879 3381 4932 ἐθνῶν
3425 4883 3734 4952 κυριεύσειν

2155 4969 2678 5041 προμαρτυρόμενος
2710 4971 3110 5040 εὐηγγελίζετο.

491 5074 674 5120 tenere
721 5063 1152 5127 consuevissent,
1188 5064 1504 5133 planissime
1547 5063 1751 5118 indicat
1782 5064 1868 5117 his
1912 5064 2126 5121 verbis:
2164 5083 2183 5116 ι
2213 5082 2321 5120 non
2345 5066 2580 5129 deficiet,
2616 5068 2813 5136 inquit,
2845 5068 3098 5136 princeps
3132 5066 3198 5122 de
3226 5065 3384 5131 Juda,
3410 5085 3586 5138 neque
3616 5069 3724 5127 dux

491 5161 558 5216 de
587 5160 881 5216 femoribus
909 5159 1048 5228 ejus,
1081 5158 1252 5213 donec
1282 5161 1500 5214 veniant
1521 5174 1642 5228 quae
1666 5159 1905 5228 reposita
1964 5168 2094 5214 sunt
2132 5161 2258 5231 ipsi,
2289 5170 2344 5216 et
2372 5163 2488 5232 ipse
2511 5163 2849 5231 exspectatio
2884 5165 3124 5232 gentium
3159 5162 3238 5216 "z
3287 5181 3303 5213 ι
3345 5164 3438 5219 sed
3481 5180 3729 5234 quaenam

488 5251 602 5306 lucc
627 5251 958 5321 exspectatio
984 5259 1103 5305 erat
1144 5261 1338 5322 praeter
1368 5267 1486 5306 eam
1520 5265 1642 5320 qua:
1672 5251 1905 5304 Abrahze
1960 5252 2232 5322 quondam
2287 5255 2558 5324 promissa
2593 5255 2788 5308 'l‘nerat
2807 5255 2831 5307 ν
2851 5253 2994 5324 quod
3033 5254 3282 5309 videlicet
3315 5257 3367 5333 ip
3394 5256 3514 5326 ipso
3541 5272 3730 5312 omnes

487 5352 673 5412 gentes
706 5352 863 5398 terra:
893 5353 1075 5400 essent
1107 5345 1508 5400 benedicendaa.
1547 5343 1733 5414 Itaque
1771 5357 1934 5401 etiam
1963 5347 2077 5416 ipse
2126 5348 2302 5403 Moses
2360 5351 2514 5404 visus
2561 5356 2646 5404 est
2707 5349 2908 5418 optime
2969 5349 3268 5408 iutell’eere
3309 5350 3553 5406 futurum
3605 5368 3731 5408 esse

486 5437 778 5506 aliquando
811 5477 826 5501 ,
872 5449 932 5491 ut
957 5440 1102 5509 leges
1136 5440 1186 5508 ’1
1219 5455 1356 5508 quas
1392 5440 1508 5508 ipse
1536 5446 1772 5503 tunsset,
1825 5445 2080 5498 omnibus
2112 5444 2367 5514 gentibus
2413 5444 2816 5498 accommodari
2846 5459 2954 5498 non
2974 5445 3314 5514 possentJtd
3337 5460 3400 5498 ea
3430 5460 3559 5500 vero
3607 5462 3732 5501 ora-

487 5536 609 5585 cula
648 5533 1049 5601 comprobanda
1073 5541 1127 5588 et
1152 5533 1493 5588 conﬁcienda
1551 5549 1673 5602 quae
1723 5535 1954 5590 Abrahae
2012 5537 2225 5592 reddita
2255 5547 2404 5601 sunt,
2439 5539 2614 5593 altero
2663 5555 2798 5610 opus
2849 5556 2970 5596 esse
3024 5541 3313 5606 propheta,
3357 5541 3450 5594 sed
3485 5541 3573 5596 hic
3613 5549 3732 5596 erat

491 5639 646 5692 quem
675 5623 743 5681 de
773 5627 915 5681 tribu
939 5627 1079 5683 .luda
1113 5628 1478 5698 proditurum,
1527 5629 1823 5703 multisque
1858 5634 2111 5703 gentibus
2140 5633 2541 5690 dominaturum
2595 5637 2862 5706 superiori
2922 5637 3236 5691 testimonio
3289 5636 3727 5692 coniirmaverat.

559 5737 604 5769 ἰ’
634 5736 826 5794 Matth.
876 5754 1084 5805 xxvin,
1128 5740 1215 5795 l9.
1293 5743 1340 5774 "
1394 5741 1530 5799 Ibid.
1571 5743 1662 5798 20.
1739 5745 1784 5778 ⁸⁸
1822 5744 1943 5801 Act.
1990 5762 2080 5816 xv,

497 5805 538 5837 “
575 5805 710 5864 Gen.
743 5824 890 5873 xux,
934 5810 1018 5865 l0.

2183 5752 2225 5812 ι,
2304 5748 2345 5780 ⁸³
2391 5747 2547 5805 Deut.
2589 5766 2747 5817 xvtn,
2793 5751 2895 5818 l5,
2938 5751 3022 5805 l9.
3103 5751 3144 5782 “
3185 5749 3343 5806 Nu'n.
3384 5767 3528 5820 xxiv,
3576 5753 3629 5820 5,
3673 5753 3718 5808 7.
