4106 6462
391 381 456 438 ιι
1265 378 1916 440 DEMONSTRATIONIS
1954 380 2422 438 EVANGELICAS
2463 383 2591 449 LIB.
2636 376 2697 442 1..
3558 388 3628 439 ἐτι

928 497 1321 553 ΚΕΦΑΛΑΙΟΝ
1351 500 1424 552 Δ’.

397 607 462 665 Τί
488 606 732 680 δήποτε,
760 607 832 662 τὰ
868 608 1028 677 παρὰ
1065 608 1367 680 Ἰουδαίοις
1408 609 1835 680 ἀποδεχόμενοι
1860 610 1962 665 λό-

512 694 630 750 για,
661 677 767 732 τὸν
790 680 926 747 παρ’
957 679 1159 746 αὐτοῖς
1176 680 1324 745 ,βίον
1354 677 1841 751 παητηᾶάμεθα.

465 829 563 884 Διὰ
587 830 650 902 δὴ
680 826 773 885 οὖν
814 831 986 887 ταῦτα
1016 832 1166 888 ὡσὰν
1195 833 1265 888 τὰ
1307 835 1433 905 περὶ
1459 834 1617 905 ἡμῶν
1654 834 1761 889 τῶν
1793 835 1962 891 ἐθνῶν

262 962 279 976 .
394 921 736 993 θεσπίσματα
778 924 1134 997 περιεχούσας
1184 927 1284 990 τὰς
1325 928 1455 997 παρ’
1497 925 1764 999 Ἑϐραίοις
1813 928 1991 1000 ἱερὰςς

396 1018 628 1090 βίϐλους,
667 1019 764 1074 ἆτε
806 1021 899 1075 καὶ
951 1020 1106 1093 ἡμῶν
1151 1022 1355 1086 οἰκείας
1394 1022 1558 1086 οὔσας
1597 1021 1858 1094 εἱλάμεθά
1900 1040 1961 1077 τε

394 1111 484 1165 καὶ
505 1110 856 1184 ἐστέρξαμεν,
891 1114 979 1166 ὅτε
1041 1114 1273 1185 μάλιστα
1303 1114 1563 1185 ούμὸνον
1593 1111 1798 1186 Μωσῆς
1833 1117 1960 1187 περὶ

388 1203 481 1257 τού
513 1206 630 1274 μετ’
658 1204 819 1258 αὐτὸν
839 1204 1057 1274 ἥξοντος
1080 1204 1364 1276 νομοθέτου
1393 1204 1501 1258 τῶν
1532 1204 1699 1258 ἐθνῶν
1729 1220 1958 1277 προανε-

391 1295 575 1366 (ptime,
601 1298 735 1352 ἀλλὰ
780 1299 875 1353 καὶ
922 1300 971 1352 0i
1020 1301 1135 1369 μετ’
1158 1299 1318 1352 αὑτὸν
1354 1298 1627 1371 προφῆται
1665 1294 1957 1371 συλλήϐδην

386 1390 558 1443 εἰπεῖν
620 1388 859 1455 ἅπαντες
897 1390 968 1445 τὰ
1005 1391 1165 1461 ὃμοια
1207 1391 1627 1463 προεκήρυττον.
1665 1389 1959 1463 Ὠσπεροῦν

382 1478 414 1533 ὁ
454 1478 620 1533 Δαϐὶδ
667 1479 916 1549 φάσκωνο
948 1501 967 1533 ι
1002 1482 1378 1555 Κατάστησον,
1425 1479 1616 1553 Κύριε,
1666 1482 1958 1555 νομοθέτην

382 1568 470 1623 ἐπ’
498 1572 713 1636 αὐτοὺς,
755 1572 1044 1641 γνώτωσαν
1087 1570 1235 1645 ἔθνη,
1288 1574 1370 1627 ὅτι
1416 1572 1691 1647 ἄνθρωποί
1742 1577 1896 1630 εἰσιν.
1932 1595 1951 1628 ι

385 1662 528 1734 Ὅρα
572 1664 647 1728 ὼς
692 1665 939 1737 δευτέρου
996 1666 1267 1738 μέμνηται
1319 1669 1413 1721 καὶ⁹
1464 1659 1619 1730 οὗτος
1667 1668 1954 1739 νομοθέτου

381 1754 567 1812 ἐθνῶν.
593 1757 684 1811 Διὸ
716 1758 810 1811 καὶ
831 1759 889 1838 ἐν
918 1758 1090 1830 ἐτέρῳ
1126 1758 1324 1831 ψαλμῷ
1351 1760 1464 1824 τοῖς
1495 1760 1671 1815 ἔθνεσι
1709 1778 1957 1833 προσφω-

2661 500 2890 557 CAPUT
2936 501 3027 571 ιγ.

2070 608 2313 677 Quanam
2340 611 2405 666 de
2435 628 2618 677 causa,
2648 630 2766 673 cum
2796 616 3029 668 omnium
3071 614 3380 672 Juda’orum
3409 617 3630 672 oracula

2136 683 2505 763 acceperimus,
2533 684 2833 739 earumdem
2862 685 3060 740 vivendi
3091 687 3391 741 institutum
3419 703 3630 743 recusa-

2136 762 2181 803 rt
2190 768 2324 807 mus.

2142 842 2241 902 His
2276 845 2442 916 igitur
2468 846 2536 901 de
2582 846 2766 901 causis
2802 860 2987 903 sacros
3032 845 3382 903 Hebraeorum
3431 848 3626 913 libros,

2062 944 2252 1010 utpote
2277 938 2371 1007 qui
2400 935 2469 992 de
2510 937 2667 992 nobis
2719 938 2972 1008 gentibus
3022 938 3245 992 oracula
3286 939 3623 1004 contineant,

2062 1031 2221 1104 quasi
2261 1030 2510 1102 pr0prios
2567 1034 2805 1093 nostros,
2859 1040 2914 1088 et
2970 1033 3280 1101 accepimus
3312 1039 3365 1087 et
3393 1036 3627 1105 amplexi

2063 1135 2254 1178 sumus
2278 1139 2291 1175 :
2313 1135 2486 1191 eoque
2517 1121 2690 1191 magis
2724 1123 2869 1191 quod
2922 1138 3031 1177 non
3071 1138 3213 1178 unus
3247 1122 3425 1180 Moses
3452 1125 3521 1180 de
3546 1124 3626 1180 le-

2062 1229 2189 1284 gum
2248 1220 2472 1267 auctore
2506 1213 2646 1282 apud
2679 1222 2867 1282 gentes
2896 1222 3018 1285 post
3052 1214 3292 1285 scipsum
3325 1213 3509 1270 futuro
3541 1222 3626 1270 est

2062 1308 2409 1368 vaticinatus,
2475 1306 2570 1361 sed
2623 1307 2786 1362 etiam
2826 1307 2946 1377 ipso
2979 1306 3126 1362 Mose
3144 1309 3471 1378 posteriores
3497 1322 3627 1379 pro-

2060 1400 2255 1470 phetae,
2285 1407 2344 1455 ut
2365 1398 2603 1454 breviter
2625 1399 2825 1463 dicam,
2850 1398 3090 1455 universi
3116 1399 3291 1455 eidem
3317 1400 3395 1455 illi
3424 1399 3626 1456 similia

2059 1490 2396 1554 cecinerunt,
2432 1498 2489 1544 ut
2514 1488 2706 1553 David,
2737 1491 2829 1559 qui
2868 1492 2943 1544 ait
2974 1510 2987 1544 :
3028 1508 3047 1541 ι
3087 1489 3402 1554 Constitue,
3437 1485 3626 1544 Domi-

2058 1596 2148 1646 ne,
2176 1579 2587 1647 legumlatorem
2612 1596 2778 1650 super
2796 1596 2912 1647 eos,
2932 1593 3230 1652 agnoscant
3251 1586 3459 1653 gentes,
3477 1580 3624 1651 quod

2057 1669 2305 1724 homines
2344 1677 2471 1724 sunt
2497 1669 2562 1724 ⁸⁵.
2607 1689 2626 1723 ι
2655 1668 2819 1736 Vide,
2850 1686 3056 1741 quaeso,
3093 1679 3152 1726 ut
3185 1671 3274 1726 hic
3301 1686 3517 1742 quoque
3544 1673 3624 1726 al-

2057 1758 2227 1815 terius
2267 1758 2639 1829 legumlatoris
2680 1761 2943 1817 meminit.
2995 1760 3261 1827 Quocirca
3300 1762 3428 1817 alibi
3479 1761 3622 1818 idem

378 1850 462 1902 νεῖ
489 1849 635 1921 ᾄδειν
676 1850 737 1904 οὐ
788 1850 850 1906 τὺ
885 1848 1109 1905 παλαιὸν
1156 1853 1251 1906 καὶ
1295 1852 1585 1908 Μωσαῖκὸν
1623 1850 1794 1927 ᾆσμα,
1836 1852 1942 1908 ἀλλ’

2052 1848 2140 1902 hic
2167 1848 2420 1919 gentibus
2438 1849 2668 1918 imperat
2696 1864 2897 1905 canere
2924 1864 3035 1904 non
3064 1851 3351 1921 antiquum
3383 1852 3621 1922 amplius

379 1939 563 2013 ἕτερον
613 1940 828 2007 καινὸν,
882 1942 1084 2013 λέγων’
1119 1962 1138 1995 ι
1180 1944 1382 2017 ’ᾼσατε
1431 1944 1509 2017 τῷ
1555 1946 1744 2018 Κυρίῳ
1797 1941 1948 2017 ᾆσμα

378 2032 582 2097 καινὸν,
634 2032 802 2104 ᾄσατε
851 2032 929 2104 τῷ
986 2033 1176 2107 Κυρίῳ
1234 2035 1383 2089 πᾶσα
1429 2037 1462 2107 ή
1514 2032 1608 2107 γῆ.
1666 2035 1946 2104 Ἀναγγεί-

376 2122 501 2176 λατε
530 2125 588 2176 ἐν
624 2127 737 2188 τοῖς
785 2124 960 2179 ἔθνεσι
1009 2125 1107 2198 τὴν
1166 2125 1321 2191 δόξαν
1360 2127 1522 2181 αὑτοῦ
1548 2169 1562 2193 ,
1595 2128 1652 2180 ἐν
1682 2128 1815 2180 πᾶσι
1837 2128 1948 2190 τοῖς

374 2213 522 2278 λαοῖς
564 2213 632 2268 τὰ
676 2214 951 2287 θαυμάσια
1004 2214 1186 2271 αὐτοῦ.
1240 2219 1361 2271 Ὅτι
1415 2214 1590 2289 μέγας
1626 2216 1830 2289 Κύριος
1855 2217 1948 2269 καὶ

374 2306 584 2369 αίνετὺς
643 2306 884 2380 σφόδραο
944 2306 1170 2378 φοϐερός
1225 2309 1373 2362 ἐστιν
1432 2307 1524 2361 ἐπὶ
1564 2306 1770 2371 πάντας
1823 2308 1949 2370 τοὺς

376 2396 550 2462 θεούς.
590 2399 708 2453 ’Ότι
750 2401 950 2463 πάντες
987 2401 1037 2453 οἱ
1086 2400 1197 2453 θεοὶ
1222 2399 1328 2453 τῶν
1365 2398 1553 2465 ἐθνῶν,
1595 2399 1870 2470 δαιμόνια“
1920 2403 1949 2454 ὁ

373 2489 430 2541 δὲ
469 2488 670 2560 Κύριος
725 2491 850 2553 τοὺς
908 2491 1169 2562 οὐρανοὺς
1213 2490 1484 2561 ἐποίησεν.
1549 2489 1835 2559 Ἐνέγκατε
1870 2490 1948 2562 τῷ

375 2581 568 2652 Κυρίῳ
600 2582 657 2634 αἱ
692 2580 918 2652 πατριαὶ
963 2581 1068 2635 τῶν
1113 2581 1298 2645 ἐθνῶν,
1341 2580 1597 2650 ἐνέγκατε
1643 2580 1720 2651 τῷ
1760 2583 1949 2654 Κυρίῳ

374 2670 531 2736 δόξαν
562 2673 782 2743 ὀνόματι
814 2672 998 2727 αὐτοῦ.
1041 2692 1059 2725 ι
1096 2673 1207 2726 Καὶ
1238 2673 1395 2728 πάλιν
1414 2690 1426 2704 ·
1465 2693 1483 2724 ι
1518 2672 1721 2727 Είπατε
1748 2669 1809 2727 ἐν
1837 2675 1947 2738 τοῖς

371 2761 601 2828 ἔθνεσιν,
632 2762 713 2818 ὅτι
743 2766 948 2838 Κύριος
978 2765 1294 2820 ἐϐασίλευσε
1314 2784 1327 2798 ο
1363 2766 1588 2838 καὶγὰρ
1620 2764 1947 2836 κατώρθωσε

370 2850 472 2923 τὴν
506 2854 847 2927 οἰκουμένην,
881 2856 1001 2926 ἥτις
1031 2856 1093 2909 οὐ
1134 2854 1538 2928 σαλευθήσεται.
1570 2873 1589 2906 ι
1612 2856 1721 2909 Καὶ
1749 2854 1909 2909 πάλιν
1929 2872 1942 2885 ·

376 2959 399 2995 ε
427 2943 627 3015 ’ᾼσατε
646 2945 723 3017 τῷ
739 2946 925 3018 Κυρίῳ
946 2943 1096 3019 ᾆσμα
1125 2948 1328 3014 καινὸν,
1349 2948 1433 3002 ὅτι
1459 2945 1947 3018 θαυμαστὰέποίη-

372 3050 480 3088 σεν.
513 3036 804 3109 Ἑγνώρισε
842 3038 1044 3111 Κύριος
1074 3038 1134 3092 τὸ
1166 3040 1432 3111 σωτήριον
1480 3038 1645 3092 αὐτοῦ
1667 3054 1681 3069 ·
1704 3039 1946 3093 ἐναντίον

368 3125 479 3181 τῶν
503 3127 669 3182 ἐθνῶν
696 3128 1010 3201 ἀπεκάλυψε
1044 3131 1143 3201 τὴν
1182 3131 1523 3203 δικαιοσύνην
1561 3130 1744 3186 αὐτοῦ.
1792 3130 1943 3183 Εἶδο-

2050 1942 2205 2007 illud,
2246 1950 2301 1997 et
2355 1940 2651 1996 Mosaicum
2690 1942 2987 2008 canticum,
3017 1942 3111 1997 sed
3159 1942 3308 1998 aliud
3345 1943 3621 2013 quoddam

2052 2048 2274 2099 novum,
2311 2033 2367 2087 in
2405 2034 2551 2088 hunc
2581 2033 2805 2088 modum
2840 2052 2853 2087 :
2893 2053 2912 2085 ι
2949 2034 3180 2091 Cantate
3223 2035 3454 2091 Domino
3486 2050 3621 2090 cana

2051 2125 2219 2179 ticum
2251 2140 2472 2190 novum,
2500 2132 2717 2180 cantate
2741 2125 2972 2181 Domino
2999 2127 3178 2182 omnis
3198 2133 3366 2183 terra.
3389 2126 3621 2183 Annuu-

2050 2216 2182 2270 tiate
2209 2216 2266 2269 in
2295 2216 2545 2286 gentibus
2574 2216 2803 2287 gloriam
2837 2218 2958 2288 ejus
2988 2236 3002 2271 :
3028 2218 3081 2272 in
3113 2219 3370 2274 omnibus
3401 2220 3618 2292 populis

2050 2306 2317 2361 mirabilia
2348 2307 2489 2377 ejus.
2531 2307 2800 2374 Quoniam
2857 2323 3088 2381 magnus
3118 2310 3383 2368 Dominus
3404 2318 3459 2367 et
3497 2312 3618 2366 lau-

2050 2395 2246 2452 dabilis
2277 2397 2434 2454 valde
2480 2415 2493 2451 :
2540 2399 2799 2455 terribilis
2855 2409 2940 2456 est
2993 2416 3160 2471 supra
3216 2416 3408 2459 omnes
3462 2403 3615 2459 deos.

2051 2486 2317 2554 Quoniam
2343 2502 2532 2545 omnes
2575 2489 2651 2544 dii
2705 2491 2968 2559 gentium,
3009 2492 3275 2546 daemonia
3308 2511 3321 2548 :
3354 2491 3618 2550 Dominus

2050 2588 2231 2635 autem
2257 2582 2426 2637 caelos
2473 2579 2622 2636 iecit.
2656 2581 2857 2637 All‘erte
2889 2581 3115 2638 Domino
3142 2585 3318 2640 tribus
3351 2586 3614 2655 gentium,

2049 2672 2234 2727 aﬂ‘erte
2260 2671 2487 2727 Domino
2502 2673 2728 2744 gloriam
2757 2672 2963 2727 nomini
2994 2674 3196 2745 ejus".
3235 2694 3254 2727 ι
3288 2674 3355 2728 Et
3380 2690 3573 2732 rursus
3597 2695 3612 2732 :

2053 2780 2073 2814 ι
2112 2759 2283 2815 Dicite
2327 2763 2383 2814 in
2428 2761 2683 2832 gentibus
2713 2761 2859 2831 quod
2910 2758 3173 2819 Dominus
3209 2763 3457 2836 regnavit
3524 2763 3618 2818 Et-

2051 2853 2199 2909 enim
2230 2856 2467 2908 correxit
2512 2854 2700 2910 orbem
2748 2862 2927 2919 terrae,
2957 2854 3051 2923 qui
3087 2869 3197 2910 non
3248 2857 3621 2912 commovebi-

2047 2953 2138 3000 tur
2169 2944 2236 2998 “.
2283 2964 2302 2996 ι
2336 2942 2402 2999 Ει
2430 2944 2598 3001 alibi:
2641 2964 2660 2996 ι
2695 2944 2923 3001 Cantate
2966 2945 3192 3001 Domino
3226 2946 3496 3002 canticum
3524 2962 3617 3001 uo-

2045 3039 2194 3100 vum,
2232 3036 2361 3106 quia
2410 3036 2682 3092 mirabilia
2724 3035 2871 3092 fecit.
2927 3035 3126 3092 Notum
3179 3036 3307 3093 fecit
3351 3036 3616 3097 Dominus

2046 3128 2285 3183 salutare
2343 3143 2524 3193 suum,
2573 3129 2628 3182 in
2694 3136 2992 3199 conspectu
3058 3130 3300 3200 gentium
3356 3130 3615 3186 revelavit
3708 3188 3720 3195 ,

371 3233 470 3273 σαν
498 3220 673 3274 πάντα
697 3221 763 3275 τὰ
793 3222 1003 3294 πέρατα
1030 3223 1131 3293 τῆς
1161 3222 1266 3294 γῆς
1295 3223 1357 3276 τὸ
1401 3225 1663 3295 σωτήριον
1689 3222 1781 3276 τοῦ
1808 3222 1942 3277 Θεοῦ

2046 3220 2311 3291 justitiam
2340 3236 2519 3277 suam.
2556 3219 2822 3278 Viderunt
2845 3237 3035 3278 omnes
3069 3221 3202 3279 ﬁnes
3224 3229 3383 3279 terrae
3409 3223 3617 3279 saluta-

368 3312 544 3382 ἡμῶν.
589 3332 609 3365 ι
644 3314 754 3367 Καὶ
779 3314 879 3386 ὅρα
913 3314 1032 3369 τίνα
1064 3314 1262 3387 τρόπον
1305 3315 1363 3369 ἐν
1403 3314 1611 3379 τούτοις
1652 3314 1713 3368 τὸ
1759 3314 1942 3369 καινὸν

369 3399 521 3475 ᾆσμα
547 3406 607 3459 οὐ
633 3406 710 3478 τῷ
751 3406 1019 3462 Ἰουδαίων
1053 3407 1213 3473 ἔθνει,
1259 3407 1395 3463 ἀλλὰ
1425 3410 1538 3473 τοῖς
1574 3409 1738 3463 πᾶσιν
1767 3408 1941 3462 ἔθνεσι

369 3497 743 3565 καταγγέλλει,
802 3498 896 3552 τού
929 3500 1017 3553 διὰ
1045 3501 1288 3564 Μωσέως
1329 3499 1556 3554 παλαιοῦ
1598 3500 1776 3570 μόνοις
1816 3501 1944 3553 Ἰου-

367 3585 537 3650 δαίοις
560 3591 945 3661 προσήκοντος.
969 3590 1136 3645 Τοῦτό
1158 3610 1239 3645 τοι
1254 3592 1314 3646 τὸ
1341 3592 1523 3646 καινὸν
1545 3589 1716 3664 ᾆσμα,
1737 3593 1931 3662 καινὴν

366 3678 640 3752 Διαθήκην
655 3682 941 3754 Ἱερεμίας,
975 3685 1158 3756 ἐτερος
1183 3685 1313 3755 παρ’
1344 3685 1612 3756 Ἑϐραίοις
1637 3686 1940 3758 προφήτης,

367 3769 648 3840 ἀποκαλεῖ,
673 3773 843 3844 λέγων
862 3793 875 3806 °
906 3797 923 3827 ι
965 3777 1094 3831 Ἰδοὺ
1128 3777 1328 3848 ἡμέραι
1357 3776 1624 3848 ἔρχονται,
1657 3775 1803 3845 λέγει
1829 3773 1941 3829 Κύ-

371 3882 504 3939 ριος,
533 3868 627 3921 καὶ
657 3868 980 3940 διαθήσομαι
1009 3869 1090 3940 τῷ
1123 3869 1257 3938 οἴκῳ
1296 3868 1529 3940 Ἰσραὴλ,
1560 3868 1654 3921 ναὶ
1688 3867 1767 3938 τῷ
1805 3866 1940 3935 οἴκῳ

380 3954 551 4011 Ἰούδα
581 3958 855 4033 Διαθήκην
882 3961 1103 4033 καινήν·
1152 3958 1213 4014 οὐ
1239 3958 1381 4015 κατὰ
1418 3958 1516 4030 τὴν
1556 3957 1828 4030 Διαθήκην
1873 3958 1939 4029 ἣν

366 4046 622 4123 διεθέμην
650 4053 762 4115 τοῖς
790 4052 1058 4124 πατράσιν
1098 4048 1297 4115 αὐτῶν,
1325 4052 1382 4103 ἐν
1404 4048 1586 4121 ἡμέρᾳ
1607 4049 1665 4101 ἐν
1746 4045 1938 4099 ἐπελαα

366 4137 541 4214 δόμην
573 4143 672 4214 τῆς
705 4143 883 4216 χειρὸς
927 4143 1124 4208 αὐτῶν,
1174 4142 1456 4211 ἐξαγαγεῖν
1503 4136 1697 4204 αὐτοὺς
1734 4140 1798 4193 ἐκ
1836 4139 1937 4210 γῆς

365 4236 661 4304 Αἰγύπτου·
683 4236 763 4289 ὅτι
780 4236 931 4289 αὐτοὶ
956 4236 1054 4288 οὐκ
1083 4233 1360 4304 ἐνέμειναν
1385 4233 1443 4287 ἐν
1468 4235 1533 4304 τῇ
1558 4231 1792 4303 Διαθήκῃ
1815 4230 1941 4302 μου,

367 4327 522 4399 κάγὼ
570 4324 817 4399 ἠμέλησα
861 4325 1067 4391 αὐτῶν,
1106 4325 1250 4395 λέγει
1304 4320 1673 4397 Κύριος.”οτι
1720 4324 1859 4395 αὕτη
1902 4327 1936 4397 ἡ

366 4421 606 4493 Διαθήκη
653 4420 720 4491 ἢν
770 4418 1093 4491 διαθήσομαι
1143 4417 1222 4488 τῷ
1255 4416 1488 4489 Ἰσραὴλ,
1517 4414 1666 4486 λέγει
1711 4417 1934 4489 Κύριος,

364 4513 537 4579 διδοὺς
575 4512 772 4586 νόμους
820 4530 941 4584 μου,
974 4513 1067 4566 ἐπὶ
1094 4512 1191 4585 τὴν
1219 4508 1453 4566 διάνοιαν
1483 4509 1661 4564 αὐτῶν
1705 4509 1798 4563 καὶ
1842 4509 1934 4563 ἐπὶ

367 4606 463 4668 τὰς
495 4606 720 4678 καρδίας
752 4602 929 4659 αὐτῶν
956 4604 1170 4677 γράψω,
1199 4605 1294 4658 καὶ
1319 4603 1510 4675 ἔσομαι
1560 4601 1739 4655 αὐτῶν
1777 4601 1928 4666 Θεὸς,

366 4696 461 4749 καὶ
522 4695 672 4750 αὐτοὶ
731 4696 943 4749 ἔσονταί
981 4713 1081 4767 μου
1126 4693 1272 4758 λαός.
1321 4713 1341 4746 ι
1383 4694 1545 4764 Ὁρᾷς
1585 4689 1680 4747 καὶ
1724 4689 1933 4756 τοῦτον,

367 4786 442 4850 ὠς
474 4786 908 4859 διαστελλόμενος
945 4784 1036 4841 δύο
1077 4786 1369 4858 Διαθήκας,
1411 4785 1507 4856 τὴν
1556 4784 1654 4855 μὲν
1696 4782 1932 4836 παλαιὰν

366 4876 638 4948 ὀνομάζει,
678 4879 774 4951 τὴν
812 4878 868 4935 δὲ
914 4881 1135 4952 καινήν;
1180 4877 1273 4933 καί
1327 4896 1457 4948 φησι
1498 4877 1595 4948 τὴν
1648 4875 1836 4947 καινὴν
1870 4876 1930 4929 ού

365 4970 506 5023 κατὰ
546 4970 642 5040 τὴν
692 4970 922 5025 παλαιὰν
971 4968 1207 5035 ἔσεσθαι,
1247 4969 1313 5041 ἢν
1362 4965 1566 5023 διέθετο
1592 4970 1704 5032 τοῖς
1729 4967 1934 5039 πατρά-

366 5077 479 5127 σιν;
518 5060 583 5113 Ἠ
620 5060 716 5131 μὲν
747 5060 855 5133 γὰρ
883 5064 993 5127 τοῖς
1023 5059 1353 5116 ἁποπεσοῦσι
1391 5056 1488 5130 τῆς
1513 5057 1620 5112 τῶν
1654 5057 1930 5129 προγόνων

365 5149 643 5213 εὐσεϐείας
689 5150 977 5216 Ἰουδαίοις,
1022 5151 1113 5206 τὸν
1155 5149 1527 5219 Αίγυπτιακὸν
1578 5147 1633 5202 δέ
1676 5147 1788 5218 βίον
1834 5145 1929 5200 καὶ

362 5243 561 5314 τρόπον
586 5240 913 5313 ζηλώσασιν.
948 5245 1040 5296 ἐπί
1071 5258 1130 5296 τε
1166 5243 1262 5315 τὴν
1289 5238 1544 5295 πολύθεον
1582 5240 1807 5311 πλάνην,
1832 5237 1927 5292 καὶ

361 5332 460 5405 τὴν
490 5334 633 5403 ἀμφὶ
664 5332 734 5385 τά
764 5330 955 5384 εἴδωλα
1000 5332 1108 5385 τῶν
1148 5330 1314 5387 ἐθνῶν
1358 5326 1769 5401 δεισιδαιμονίαν
1813 5328 1926 5382 ὀλι-

366 5422 624 5494 σθήσασιν
655 5423 1057 5493 νενομοθέτητα
1107 5422 1254 5477 ὡσὰν
1291 5423 1553 5485 πεσόντας
1575 5419 1923 5492 ἀνεγείρουσα

363 5515 458 5569 καὶ
488 5515 789 5588 ἀνορθοῦσα
819 5515 941 5578 τοὺς
974 5517 1195 5586 πρηνεῖς
1250 5516 1529 5587 κειμένους
1578 5513 1926 5586 καταλλήλοις

363 5607 752 5673 διδασκαλίαις·
796 5626 815 5659 ι
862 5608 1099 5671 Δικαίοις
1142 5606 1273 5677 γὰρ,
1323 5627 1342 5660 ι
1389 5608 1541 5680 φησὶ,
1582 5625 1602 5661 ι
1654 5607 1814 5679 νόμος
1863 5608 1926 5661 οὐ

2043 3329 2102 3369 re
2133 3312 2228 3370 Dei
2258 3314 2430 3370 nostri
2461 3313 2529 3368 ⁸⁷.
2571 3333 2590 3367 ι
2617 3313 2735 3370 Hoc
2766 3313 2932 3370 etiam
2959 3315 3079 3370 loco
3113 3316 3399 3372 considera
3422 3332 3616 3386 quem-

2044 3405 2336 3461 admodum
2362 3418 2564 3461 novum
2601 3396 2872 3462 canticum
2908 3421 3018 3462 non
3046 3406 3138 3461 uni
3166 3406 3405 3463 Judaicae
3439 3408 3607 3478 genti,

2043 3497 2136 3554 sed
2174 3498 2428 3555 omnibus
2459 3498 2685 3554 omnino
2730 3498 2985 3569 gentibus
3031 3500 3245 3567 indicit,
3290 3499 3510 3570 quando
3543 3499 3612 3553 il-

2043 3588 2136 3643 iud
2159 3589 2443 3660 antiquum
2470 3589 2770 3647 Mosaicum
2801 3591 2934 3647 solis
2986 3593 3345 3649 conveniebat
3384 3589 3607 3648 Judmis.

2042 3677 2160 3734 Hoc
2200 3695 2332 3737 sane
2357 3697 2562 3738 novum
2587 3683 2863 3738 canticum
2890 3684 2948 3754 8
2991 3683 3255 3742 Jeremias
3292 3685 3432 3741 alius
3463 3686 3608 3754 apud

2042 3766 2298 3826 Hebraeos
2342 3771 2605 3842 propheta
2658 3771 2868 3827 Novum
2916 3772 3324 3830 Testamentum
3375 3776 3611 3846 appellat

2043 3859 2129 3915 bis
2156 3859 2340 3916 verbis
2369 3877 2385 3914 :
2430 3877 2451 3911 ι
2486 3859 2628 3916 Ecce
2657 3860 2776 3916 dles
2794 3861 3041 3929 veniunt,
3069 3862 3203 3917 dicit
3236 3862 3520 3932 Dominus,
3554 3875 3611 3922 et

2042 3950 2328 4021 disponam
2348 3951 2534 4007 domui
2570 3952 2754 4017 Israel,
2790 3960 2845 4008 et
2873 3951 3060 4007 domui
3108 3953 3248 4008 Juda
3288 3951 3609 4017 Testamen-

2041 4052 2158 4097 tum
2205 4041 2439 4108 Novum,
2474 4058 2585 4099 non
2638 4043 2938 4100 secundum
2996 4043 3427 4112 Testamentum,
3461 4047 3610 4117 quod

2042 4134 2289 4206 disposui
2312 4136 2562 4207 patribus
2592 4151 2782 4193 eorum
2831 4152 2845 4192 :
2877 4151 2986 4206 quo
3017 4137 3106 4203 die
3134 4137 3461 4209 apprehendi
3488 4154 3608 4193 ma-

2041 4243 2173 4283 num
2198 4242 2410 4294 eorum,
2441 4237 2500 4284 ut
2536 4229 2824 4284 educerem
2853 4243 2948 4284 eos
2979 4228 3046 4284 de
3077 4209 3222 4285 terra
3246 4228 3463 4302 Egypti
3496 4251 3510 4285 :
3539 4232 3607 4288 eo

2040 4322 2186 4394 quod
2210 4320 2315 4394 ipsi
2342 4337 2453 4378 non
2492 4330 2812 4378 manserunt
2862 4322 2916 4376 in
2959 4321 3027 4377 iis
3076 4337 3197 4393 quae
3234 4332 3389 4377 erant
3419 4322 3609 4379 Testa-

2039 4415 2209 4469 menti
2241 4415 2368 4481 mei,
2397 4428 2499 4485 ego
2529 4413 2659 4469 item
2714 4414 2923 4485 neglexi
2977 4428 3094 4480 eos,
3134 4413 3268 4468 dicit
3317 4413 3603 4471 Dominus.

2040 4506 2308 4574 Quoniam
2341 4506 2446 4562 hoc
2474 4505 2883 4562 Testamentum
2913 4506 3059 4577 quod
3093 4506 3380 4577 disponam
3410 4507 3599 4571 Israel,

2034 4595 2168 4650 dicit
2198 4594 2482 4659 Dominus,
2511 4595 2650 4651 dans
2683 4595 2829 4666 leges
2865 4611 3014 4650 meas
3050 4595 3104 4650 in
3131 4596 3447 4675 interiorem
3474 4613 3603 4654 seu-

2032 4701 2156 4742 sum
2176 4700 2384 4749 eorum,
2414 4696 2468 4741 et
2496 4686 2552 4740 in
2575 4685 2834 4742 cordibus
2861 4701 3050 4743 eorum
3077 4687 3403 4754 describam,
3428 4696 3484 4743 et
3508 4701 3603 4745 ero

2029 4781 2276 4851 ipsorum
2300 4777 2465 4845 Deus,
2491 4786 2545 4834 et
2563 4779 2672 4851 ipsi
2701 4789 2862 4836 erunt
2892 4780 3025 4835 mihi
3055 4782 3292 4851 populus
3318 4781 3385 4833 ⁸³.
3425 4799 3444 4832 ι
3471 4780 3603 4836 Cer-

2031 4874 2120 4930 nis
2149 4874 2275 4928 item
2304 4872 2469 4935 hunc,
2499 4873 2628 4927 dum
2660 4871 2769 4928 duo
2806 4871 3153 4928 Testamenta
3201 4873 3504 4944 distinguit,
3542 4882 3602 4929 ut

2033 4967 2138 5022 hoc
2171 4963 2389 5035 quidem
2420 4970 2599 5026 vetus,
2648 4962 2780 5017 illud
2834 4977 2964 5018 vero
3007 4978 3208 5018 novum
3257 4963 3521 5033 appellet?
3544 4970 3601 5018 et

2036 5073 2237 5114 novum
2267 5057 2416 5112 dicat
2447 5071 2559 5111 non
2591 5054 2760 5110 veteri
2800 5054 2877 5109 illi
2909 5054 3054 5124 quod
3085 5055 3330 5125 patribus
3355 5054 3602 5114 condidit

2037 5151 2213 5206 simile
2244 5148 2528 5203 futurum?
2565 5147 2699 5202 illud
2727 5144 2873 5201 enim
2910 5147 3077 5217 lapsis
3102 5162 3132 5201 a
3176 5146 3444 5216 majorum
3481 5148 3599 5219 pie-

2036 5252 2146 5300 tate
2167 5241 2370 5299 Judaeis
2400 5243 2675 5312 vitamque
2712 5237 3087 5309 Egyptiacam
3118 5251 3181 5291 ac
3219 5252 3399 5294 mores
3427 5253 3600 5294 aemu-

2033 5337 2295 5402 lantibus,
2326 5343 2379 5390 et
2407 5334 2475 5389 ad
2501 5347 2743 5389 errorem
2765 5331 2976 5387 colendi
2994 5330 3194 5385 multos
3217 5329 3370 5394 deos,
3405 5345 3599 5401 super.

2033 5429 2419 5497 stitionemque
2462 5427 2726 5495 gentium,
2774 5437 2896 5493 quae
2934 5420 3228 5481 simulacra
3259 5421 3598 5477 veneraban-

2032 5530 2144 5583 tur,
2179 5516 2580 5573 declinantibus
2629 5516 2765 5585 legis
2812 5513 2931 5568 loco
2960 5511 3271 5581 impositum
3321 5518 3426 5578 est,
3457 5518 3596 5568 utet

2034 5621 2130 5664 eos
2161 5604 2259 5677 qui
2288 5603 2601 5661 ceciderant
2637 5602 2932 5667 excitaret,
2960 5609 3011 5656 et
3037 5602 3242 5657 mutuis
3274 5600 3415 5658 inter
3444 5603 3597 5674 ipsos

439 5784 483 5816 “
516 5785 661 5844 Psal.
705 5802 780 5850 Ix,
820 5785 912 5840 2i.
990 5786 1036 5818 "
1090 5785 1233 5842 Psal.
1276 5802 1397 5853 xcv,
1445 5787 1542 5846 1-7
1573 5832 1586 5845 .
1664 5790 1710 5823 ⁸⁸
1748 5788 1880 5847 ibid.
1927 5788 1942 5845 Ι

2090 5790 2133 5823 ⁸⁷
2169 5787 2311 5845 Psal.
2358 5801 2518 5857 xcvu,
2564 5784 2677 5840 1-5.
2754 5783 2799 5816 ⁸⁸
2837 5781 2946 5838 Jcr.
2989 5800 3137 5848 uxr,
3180 5785 3374 5841 51-33.

682 5883 951 5946 ΡΑτιιοι..
990 5881 1107 5945 Gn.
1141 5881 1354 5944 XXII.

3279 5875 3321 5935 2
