4106 6436
544 387 612 444 63
1177 386 1446 446 EUSEBII
1487 385 1965 441 CESARIENSIS
2007 383 2160 442 OPP.
2201 383 2384 438 PARS
2422 383 2483 438 ll.
2524 416 2591 425 —
2631 383 3131 443 APOLOGE’I‘ICA.
3717 389 3792 448 ιι

463 528 474 542 κ
541 507 809 564 doctrinis
864 506 1196 568 confossos’.
1255 515 1415 574 atque
1476 515 1778 574 prostratos
1855 505 2100 574 erigeret.

2215 505 2422 567 κεῖται,
2468 504 2686 574 ἀνόμοις
2737 505 2794 557 δὲ
2842 506 2933 557 καὶ
2982 506 3386 568 ἀνυποτάκτοις,
3429 507 3645 562 ἀσεϐέσι
3697 515 3794 566 καὶ

549 618 569 651 ι
599 598 770 654 Justis
795 598 973 660 enim,
1009 595 1200 664 inquit,
1244 595 1326 650 lex
1367 596 1541 665 posita
1587 612 1696 650 non
1735 603 1841 658 est,
1878 596 1970 651 sed
2004 595 2113 649 ini-

473 706 483 719 ·
541 695 668 763 quis
697 699 751 746 et
789 687 1180 760 pervicacibus,
1211 694 1264 741 et
1289 687 1492 757 impiis,
1527 698 1580 744 et
1609 690 2009 758 peccatoribus,
2059 698 2114 744 et

543 783 736 840 horum
765 781 1033 836 similibus
1063 780 1130 834 δ’.
1164 798 1182 830 ι
1223 779 1432 834 Novum
1475 791 1660 836 autem
1711 799 1831 847 eos,
1874 783 1967 853 qui
2016 798 2113 853 per

542 876 876 933 Salvatorem
909 883 1156 926 nostrum
1202 872 1294 926 Dei
1336 873 1602 928 beneficio
1632 889 1693 928 ac
1725 890 1950 930 munere
1979 889 2112 928 con-

541 969 894 1032 surrcxerint,
926 967 992 1020 ad
1031 968 1365 1036 promissum
1399 966 1494 1021 Dei
1525 983 1750 1037 regnum
1786 975 1843 1021 ut
1884 979 2011 1023 eant
2057 976 2110 1022 et

537 1068 851 1134 pmperent,
877 1061 1036 1130 quasi
1069 1059 1412 1125 manuducit,
1453 1068 1618 1130 atque
1643 1061 1886 1123 instruit,
1919 1075 2108 1115 omnes

536 1169 688 1224 teque
714 1153 966 1206 homines
993 1166 1196 1206 vocans
1231 1153 1286 1206 in
1327 1167 1490 1206 unam
1539 1161 1702 1222 atque
1731 1153 1976 1207 eamdem
2010 1153 2108 1207 bo-

537 1261 732 1301 norum
785 1247 1254 1300 communitatem.
1295 1243 1408 1298 Hoc
1449 1243 1613 1314 igitur
1669 1241 1878 1297 Novum
1919 1239 2109 1296 Testa—

539 1337 986 1406 mezitum,legem
1002 1352 1196 1391 novam
1215 1341 1370 1390 vocat
1383 1335 1522 1389 alius
1552 1333 1834 1403 itemiapud
1856 1332 2108 1388 Hebraeos

535 1428 800 1497 propheta
828 1426 1001 1482 lsaias
1023 1427 1215 1484 dicens
1251 1445 1263 1480 :
1298 1444 1316 1478 ι
1348 1425 1483 1480 Nam
1512 1425 1580 1480 de
1627 1426 1761 1478 Sion
1797 1425 1965 1479 exibit
2001 1425 2104 1487 lex,

536 1527 591 1572 et
619 1517 846 1572 verbum
883 1516 1096 1572 Domini
1127 1517 1195 1573 de
1225 1515 1526 1572 Jerusalem
1584 1534 1596 1570 :
1645 1523 1698 1568 et
1730 1515 2000 1585 iudicabit
2025 1518 2109 1569 in-

535 1624 620 1668 ter
667 1621 878 1681 gentes,
905 1622 959 1668 et
991 1612 1207 1668 venient
1231 1625 1422 1664 omnes
1458 1617 1666 1679 gentes,
1710 1615 1763 1662 et
1812 1620 2110 1677 congrega-

537 1707 747 1761 buntur
772 1721 960 1761 omnes
1001 1705 1207 1774 populi,
1240 1711 1294 1757 et
1329 1704 1510 1758 dicent
1545 1720 1558 1755 :
1595 1700 1809 1764 Venite,
1845 1699 2109 1754 ascenda-

538 1813 662 1853 mns
690 1799 745 1852 in
776 1808 1011 1853 montem
1034 1796 1247 1850 Domini
1271 1804 1324 1852 et
1352 1795 1408 1849 in
1437 1795 1657 1849 domum
1685 1792 1779 1847 Dei
1807 1792 2054 1849 Jacob".
2083 1814 2101 1846 ι

541 1888 647 1944 Sed
693 1905 813 1959 qua:
857 1888 1072 1943 tandem
1111 1890 1193 1943 lex
1228 1889 1295 1942 dc
1328 1887 1456 1941 Sion
1483 1887 1858 1955 proliciscens,
1891 1885 2103 1942 diversa

536 1982 802 2037 duntaxat
832 1983 900 2036 ab
921 1997 984 2035 ea
1010 1997 1130 2052 quae
1155 1981 1207 2035 in
1245 1989 1427 2035 monte
1457 1979 1586 2034 Sina
1619 1997 1716 2049 per
1745 1979 1948 2034 Mosl‘m
1979 1981 2104 2035 data

534 2082 620 2129 est
673 2073 973 2143 reperietur
1015 2093 1028 2128 :
1067 2075 1170 2129 nisi
1196 2074 1372 2140 ipsum
1423 2072 1804 2141 Evangelicum
1854 2075 2104 2139 verbum,

533 2164 676 2234 quod
705 2179 800 2234 per
815 2162 1151 2217 Salvatorcm
1181 2170 1426 2215 nostrum
1451 2159 1637 2215 Jesuni
1663 2159 1962 2222 christum,
1982 2175 2104 2229 per-

534 2272 640 2326 que
671 2257 912 2324 ejusdem
948 2255 1226 2325 apostolos
1254 2255 1320 2309 de
1355 2252 1484 2308 Sion
1521 2252 1827 2323 profectum
1858 2259 1962 2315 est,
1982 2267 2107 2322 per-

529 2363 636 2417 que
664 2361 853 2403 omnes
879 2354 1068 2416 gentes
1099 2344 1551 2401 disseminatum?
1579 2353 1794 2400 constat
1843 2343 1988 2398 enim
2035 2343 2104 2398 de

531 2439 833 2496 Jerusalem
885 2455 950 2495 ac
980 2440 1048 2495 de
1081 2454 1146 2494 co
1174 2437 1266 2508 qui
1321 2437 1397 2491 illi
1442 2435 1770 2506 conjunctus
1792 2445 1895 2500 est,
1920 2445 2106 2490 monte

531 2534 689 2598 Sion,
723 2534 814 2588 ubi
843 2533 1096 2588 Salvator
1125 2547 1187 2586 ac
1209 2529 1544 2600 Dominus9
1567 2537 1772 2594 noster,
1799 2536 1852 2583 et
1875 2529 2102 2582 multum

530 2632 784 2679 versatus
804 2631 910 2688 est,
926 2631 980 2679 et
1010 2622 1303 2694 plurimum
1329 2618 1595 2673 doctrina:
1619 2631 1730 2672 sum
1756 2615 1947 2679 edidit,
1971 2615 2104 2670 Novi

533 2713 869 2771 Testamenti
902 2717 1072 2784 legem
1106 2713 1176 2768 ab
1220 2713 1377 2768 initio
1409 2710 1713 2782 profectam
1762 2710 1814 2763 in
1875 2717 2104 2762 cunctos

515 2808 777 2863 homines
812 2823 964 2864 suam
1007 2808 1184 2862 lucem
1232 2806 1510 2871 cﬂ‘udisse,
1571 2821 1692 2875 qua:
1740 2803 1961 2875 quidem
2017 2819 2105 2858 rrs

527 2906 890 2956 consentanea
925 2899 992 2953 iis
1022 2900 1248 2954 vocibus
1284 2898 1406 2961 fuit,
1437 2896 1639 2968 quibus
1666 2896 1753 2950 ille
1777 2895 1842 2948 ad
1869 2910 2000 2949 suos
2021 2903 2106 2948 est

526 3007 662 3050 usus
689 2993 1014 3063 discipulos,
1052 2992 1182 3046 dum
1209 2992 1341 3046 dicit
1371 3010 1383 3044 :
1425 3006 1444 3043 ι
1476 2990 1550 3045 Ιιο
1581 3003 1645 3044 ac
1677 2987 1868 3042 docete
1912 3003 2103 3044 omnes

433 3092 442 3098 ’
523 3093 736 3158 gentes,
783 3084 1043 3140 docentes
1083 3099 1179 3140 eos
1239 3097 1460 3139 servare
1519 3081 1705 3138 omnia
1763 3096 2102 3152 quaecunque

525 3179 757 3253 pracepi
783 3179 828 3210 δι
863 3177 1038 3232 vobis.
1075 3197 1094 3229 ι
1133 3175 1390 3242 Quaenam
1424 3189 1589 3246 porro
1621 3175 1732 3228 haec
1783 3180 1960 3238 erant,
1995 3173 2098 3227 nisi
2127 3211 2170 3273 ϐ

525 3268 663 3325 Novi
691 3266 1024 3323 Testamenti
1057 3265 1308 3322 instituta
1330 3281 1394 3320 ac
1415 3265 1722 3335 praecepta?
1745 3264 1966 3335 quando
1991 3263 2094 3336 igi-

523 3373 613 3415 tur
646 3361 759 3415 hazc
787 3359 867 3414 sic
897 3373 956 3414 se
991 3358 1189 3413 habere
1217 3367 1494 3414 ostensum
1526 3368 1630 3424 est,
1657 3371 1804 3412 nunc
1823 3357 1933 3426 jam
1956 3365 2096 3411 tem-

521 3468 625 3523 pus
661 3453 822 3508 fuerit
854 3451 1120 3522 inspicere
1147 3451 1374 3522 hujusce
1410 3451 1543 3505 Novi
1571 3449 1925 3512 Testamenti,
1957 3449 2098 3518 ejus-

2214 595 2574 668 ἁμαρτωλοῖς,
2606 597 2825 661 καὶτοῖς
2842 598 3258 669 παραπλησίοις.
3276 617 3292 650 ι
3329 598 3390 650 Ἦ
3404 598 3459 652 δὲ
3485 600 3642 672 καινὴ
3664 604 3792 669 τοὺς

2213 686 2298 740 διὰ
2326 686 2419 740 τοῦ
2447 687 2698 760 Σωτῆρος
2730 687 2887 759 ἡμῶν
2922 688 3102 760 χάριτι
3169 690 3262 743 καῖ¹
3302 689 3479 762 δωρεᾷ
3517 691 3650 745 Θεοῦ
3692 693 3790 748 ἁν-

2214 779 2602 850 εγηγερμένοις
2637 781 2728 832 ἐπὶ
2777 781 2838 832 τὸ
2891 781 3123 850 βαδίζειν
3169 783 3262 836 καὶ
3298 783 3546 838 σπεύδειν
3584 787 3664 849 είς
3690 785 3790 858 τὴν

2214 870 2628 942 ἐπηγγελμένην
2660 871 2752 924 τοῦ
2787 872 2920 925 Θεοῦ
2953 873 3227 943 βασιλείαν
3273 879 3620 946 χειραγωγεῖ,
3651 879 3788 933 πάν·
3864 939 3882 954 .

2213 978 2308 1025 τας
2341 962 2535 1033 ἐπίσης
2564 962 2881 1035 ἀνθρώπους
2917 967 2996 1028 εἰς
3035 967 3161 1035 μίαν
3207 968 3300 1020 καὶ
3344 968 3441 1039 τὴν
3487 969 3654 1041 αύτὴν
3681 970 3792 1026 τῶν

2213 1054 2428 1121 ἀγαθῶν
2483 1054 2770 1124 μετουσίαν
2803 1055 3240 1128 προκαλουμένη.
3286 1060 3498 1132 Ταύτην
3537 1061 3636 1132 τῆν
3677 1080 3793 1118 καιρ

2212 1144 2306 1214 νῆν
2345 1142 2616 1214 Διαθήκην
2649 1139 2802 1206 αὖθις
2824 1144 2986 1214 νόμον
3028 1146 3280 1216 ὀνομάζει
3317 1148 3496 1202 καινὸν
3540 1150 3790 1219 Ἡσαΐας,

2211 1234 2366 1297 ἄλλος
2392 1235 2546 1288 πάλιν
2584 1237 2710 1308 παρ’
2755 1237 3028 1308 Ἑϐραίοις
3061 1242 3364 1311 προσήτης,
3388 1240 3588 1310 λέγων·
3627 1261 3646 1295 ι
3692 1244 3788 1298 Ἐκ

2211 1327 2316 1399 γὰρ
2349 1329 2487 1380 Σιὼν
2533 1327 2869 1393 ἐξελεύσεται
2921 1332 3102 1402 νόμος,
3143 1334 3238 1386 καὶ
3290 1333 3442 1402 λόγος
3485 1336 3688 1407 Κυρίου
3727 1336 3785 1404 ἐξ

2221 1420 2594 1492 Ἰερουσαλὴμ,
2630 1422 2724 1474 καὶ
2753 1425 2928 1494 κρινεῖ
2959 1423 3061 1477 ἀνά
3111 1423 3274 1492 μέσον
3321 1425 3427 1479 τῶν
3474 1403 3664 1491 ἐθνῶν,
3693 1428 3790 1483 καὶ

2209 1511 2394 1581 ῆξουσι
2428 1514 2604 1567 πάντα
2637 1515 2704 1568 τά
2741 1515 2889 1586 ἔθνη,
2929 1516 3022 1569 καὶ
3054 1517 3480 1588 συναχθήσονται
3513 1519 3711 1584 πάντες
3737 1519 3787 1574 ot

2210 1603 2346 1667 λαοὶ,
2379 1605 2472 1658 καὶ
2506 1605 2724 1676 ἐροῦσι·
2756 1608 2941 1672 Δεῦτε,
2988 1609 3082 1662 καὶ
3111 1610 3397 1678 ἀναδῶμεν
3445 1613 3524 1674 εἰς
3565 1612 3626 1665 τὸ
3659 1612 3784 1684 δρος

2210 1696 2438 1764 Κυρίου,
2469 1699 2561 1752 καὶ
2593 1700 2672 1761 εἰς
2695 1697 2784 1752 τὸν
2801 1693 2946 1752 οἶκον
2969 1700 3062 1754 τοῦ
3091 1701 3225 1754 Θεοῦ
3267 1702 3478 1756 Ἰακὼὁ.
3509 1704 3604 1767 Τίς
3640 1704 3687 1759 δ’
3717 1703 3786 1760 ἂν

2213 1788 2298 1858 εἴη
2325 1791 2352 1841 ὁ
2379 1792 2441 1841 ἐκ
2471 1789 2606 1842 Σιὼν
2633 1791 3014 1864 προεληλυθὼς
3040 1793 3221 1864 νόμος,
3252 1795 3437 1866 ἔτερος
3466 1795 3540 1850 ὢν
3566 1795 3660 1850 τοῦ
3693 1798 3788 1854 ἐπὶ

2139 1856 2178 1910 Β
2207 1856 2306 1949 τῆς
2330 1879 2536 1950 ἐρήμου
2558 1881 2646 1934 διὰ
2677 1856 2928 1946 ’Μωσέως
2961 1885 3018 1936 ἐν
3044 1856 3123 1954 et};
3148 1856 3276 1938 Σινὰ
3298 1856 3788 1964 ὄρει-νενομοθετη-

2211 1969 2394 2038 μένου,
2422 1970 2533 2022 ἀλλ’
2562 1971 2594 2042 ἦ
2621 1974 2649 2025 6
2674 1973 3038 2042 Εὖαγγελικδς
3062 1973 3239 2044 λόγος,
3260 1978 3288 2030 6
3307 1977 3394 2032 διὰ
3419 1978 3510 2032 τοῦ
3540 1981 3788 2054 Σωτῆρος

2205 2064 2362 2134 ἡμῶν
2397 2064 2566 2134 Ἰησοῦ
2593 2065 2684 2118 τοῦ
2709 2067 2942 2137 Χριστοῦ
2969 2069 3182 2122 καὶτῶν
3203 2070 3510 2126 ἀποστόλων
3535 2073 3699 2126 αὐτοῦ
3723 2076 3786 2129 ἐκ

2207 2158 2303 2227 τῆς
2337 2157 2475 2210 Σιὼν
2510 2159 2910 2230 προεληλυθὼς,
2943 2162 3035 2214 καὶ
3071 2159 3290 2214 διελθὼν
3316 2165 3491 2217 πάντα
3516 2166 3584 2218 τά
3617 2165 3782 2234 ἑθνης

2207 2250 2470 2321 πρόδηλον
2491 2252 2559 2319 γα
2569 2268 2599 2323 ρ
2616 2252 2690 2315 ὡς
2716 2252 2823 2305 ἀπὸ
2839 2253 2937 2339 τῆς
2974 2253 3346 2324 Ἰερουσαλὴμ,
3373 2257 3468 2309 καὶ
3497 2255 3590 2308 τοῦ
3613 2256 3786 2330 ταύτῃ

2205 2343 2752 2414 προσπαρακειμένου
2799 2344 2934 2396 Σιὼν
2983 2343 3174 2416 ὅρους,
3220 2345 3346 2398 ἔνθα
3393 2345 3488 2409 τὰς
3531 2345 3787 2412 πλείστας

2203 2437 2480 2509 διατριϐάς
2528 2454 2587 2490 τε
2642 2437 2734 2491 καὶ
2783 2438 3129 2503 διδασκαλίας
3168 2439 3196 2491 6
3227 2440 3412 2512 Σωτὴρ
3438 2440 3532 2493 καὶ
3584 2441 3786 2513 Κύριος

2206 2529 2360 2600 ἡμῶν
2391 2532 2673 2600 πεποίητο,
2706 2530 2734 2582 6
2774 2531 2873 2602 τῆς
2900 2533 3105 2604 Καινῆς
3134 2533 3407 2605 Διαθηκης
3433 2532 3596 2588 αὑτοῦ
3620 2534 3788 2605 ἀρξά-

2209 2641 2380 2693 μενος-
2394 2625 2577 2694 νόμος,
2613 2624 2865 2678 κάκεῖθεν
2897 2625 3193 2696 προελθὼν,
3221 2629 3300 2690 εἰς
3327 2629 3532 2692 πάντας
3557 2627 3786 2697 ἐξέλαμ-

2205 2712 2305 2782 ψεν
2343 2713 2662 2785 ἀνθρώπους
2709 2714 3015 2779 ἀκολούθως
3056 2719 3174 2780 ταῖς
3224 2716 3387 2770 αὑτοῦ
3430 2719 3670 2785 φωναῖς,
3717 2716 3786 2782 ἃς

2207 2803 2344 2874 πρὸς
2365 2805 2488 2868 τοὺς
2518 2803 2681 2858 αὑτοῦ
2713 2805 2958 2876 μαθητὰς
2985 2807 3266 2878 πεποίητο,
3304 2809 3478 2878 φήσας
3496 2825 3508 2837 ·
3535 2827 3552 2858 ι
3585 2809 3789 2880 Πορευ-

2207 2895 2387 2959 θέντες
2419 2895 2793 2968 μαθητεύσατε
2831 2898 3004 2951 πάντα
3033 2898 3101 2951 τά
3139 2899 3286 2969 ἔθνη,
3312 2899 3649 2964 διδάσκοντες
3681 2899 3784 2953 αύ-

2204 2988 2328 3050 τους
2354 2991 2538 3058 τηρεῖν
2581 2988 2754 3042 πάντα
2794 2991 2893 3043 ὅσα
2928 2991 3278 3064 ἐνετειλάμην
3323 2993 3470 3063 ὑμῖν.
3506 3012 3524 3044 ι
3564 2993 3696 3046 Τίνα
3725 2992 3781 3046 δὲ

2201 3079 2368 3133 ταῦτα
2393 3075 2480 3152 ἦν,
2511 3079 2623 3134 ἀλλ’
2659 3080 2692 3153 ἢ
2725 3079 2794 3135 τὰ
2820 3081 2918 3152 τῆς
2952 3082 3158 3154 Καινῆς
3184 3083 3458 3156 Διαθήκης
3486 3083 3783 3157 μαθήματά

2202 3189 2261 3227 τε
2329 3173 2423 3226 καὶ
2472 3173 2852 3245 παιδεύματα;
2893 3174 3111 3246 Ἐπειδὴ
3166 3177 3343 3230 τοίνυν
3397 3176 3548 3230 ταῦθ’
3608 3175 3782 3244 οὕτως

2203 3266 2344 3337 ἔχειν
2367 3266 2758 3332 ἀποδέδεικται,
2783 3267 2902 3340 ὥρα
2928 3267 3020 3322 νῦν
3044 3269 3172 3322 ἰδεῖν
3201 3271 3291 3323 τὸν
3317 3271 3516 3342 τρόπον
3531 3273 3627 3343 τῆς
3651 3273 3789 3326 Και-

2204 3359 2300 3429 νῆς
2352 3357 2660 3430 Διαθήκης,
2715 3359 2810 3413 καὶ
2861 3359 2953 3414 τοῦ
3015 3365 3534 3436 προκεκηρυγμένον
3594 3363 3782 3423 καινοῦ

2205 3449 2448 3520 ᾁσματός
2480 3465 2537 3502 τε
2568 3449 2660 3502 καὶ⁸
2684 3450 2869 3522 νόμου.

519 3565 627 3621 que
658 3548 800 3619 quod
823 3547 1138 3618 przedictum
1167 3547 1344 3604 fuerat
1369 3547 1569 3603 cantici
1588 3547 1736 3613 novi,
1771 3561 2032 3616 novaeque
2055 3545 2189 3616 legis
2219 3545 2483 3600 rationem
2520 3559 2584 3600 ac
2613 3546 2852 3601 modum.

1147 3643 1374 3702 CAPUT
1403 3643 1466 3698 ν.

521 3737 781 3805 Quisnam
807 3739 992 3794 modus
1013 3736 1150 3792 Novi
1183 3737 1526 3804 Testamentt',
1557 3736 1708 3808 cujus
1742 3735 1987 3792 Christus
2015 3744 2094 3788 est

1189 3819 1393 3863 auctor.

590 3899 668 3956 l'ta
713 3901 932 3972 quidem
982 3912 1269 3959 ostensum
1315 3901 1430 3971 jam
1481 3908 1586 3963 est,
1631 3899 2092 3970 quemadmodum

517 3987 685 4047 Vetus
715 3992 846 4048 illud
889 3990 1318 4057 Testamentum,
1355 3992 1551 4062 lexque
1597 3989 1834 4046 Mosaica
1865 3992 1958 4045 uni
1991 3990 2091 4046 Ju-

517 4082 686 4138 daica:
723 4084 906 4154 genti,
953 4093 1008 4140 et
1044 4084 1174 4138 huic
1217 4084 1323 4154 ipsi
1366 4082 1642 4154 propriam
1691 4091 1894 4136 terram
1940 4084 2090 4137 inco-

515 4175 649 4229 lenti
684 4174 1085 4228 accommodari
1142 4180 1352 4244 posset,
1383 4188 1447 4227 ac
1478 4187 1653 4244 neque
1694 4171 1921 4242 reliquis
1965 4188 2097 4244 gen—

515 4268 688 4330 tibus,
741 4282 864 4336 quaa
903 4273 1020 4320 toto
1056 4275 1325 4320 terrarum
1361 4266 1495 4322 orbe
1539 4272 1879 4330 tenerentur,
1919 4279 2098 4336 neque

517 4361 720 4416 alienas
743 4366 920 4414 terras
946 4358 1305 4414 incolentibus
1325 4352 1527 4414 Iudaeis
1548 4355 1862 4412 conveniret
1887 4373 1898 4407 :
1919 4356 2097 4429 quod-

2730 3643 3122 3700 ΚΕΦΑΔΑῙΟΝ
3170 3648 3245 3702 Ε’.

2207 3737 2302 3801 Τίς
2345 3737 2377 3789 ό
2422 3734 2528 3789 τοῦ
2582 3734 2840 3804 Χριστοῦ
2894 3735 3004 3803 τῆς
3028 3738 3254 3807 Καινῆς
3298 3741 3594 3810 Διαθήκης
3641 3744 3775 3811 τρό·

2911 3823 3045 3874 πος.

2283 3895 2346 3950 Ἦ
2409 3896 2507 3967 μέν
2553 3896 2616 3966 δὴ
2665 3896 2863 3950 παλαιὰ
2894 3900 3134 3970 Διαθήκη
3192 3900 3284 3953 καὶ
3327 3901 3356 3953 6
3398 3900 3484 3954 διά
3531 3900 3773 3967 Μωσέως

2202 3989 2362 4060 νόμος
2410 3989 2554 4060 μόνῳ
2579 3987 2656 4058 τῷ
2705 3990 2972 4044 Ἰουδαίων
3014 3991 3178 4055 ἔθνει,
3213 3993 3305 4046 καὶ
3350 3994 3524 4066 τούτῳ
3548 3993 3638 4047 ἐπὶ
3675 3995 3776 4064 τῆς

2199 4081 2403 4144 οἰκείας
2425 4080 2526 4151 γῆς
2555 4081 2811 4146 οἰκοῦντι,
2847 4082 3180 4154 κατάλληλος
3211 4083 3614 4150 ἀποδέδεικται,
3651 4083 3772 4140 οὗτε

2201 4173 2256 4226 δὲ
2284 4175 2394 4235 τοῖς
2423 4170 2623 4236 λοιποῖς
2654 4171 2830 4225 ἔθνεσι
2858 4176 2968 4237 τοῖς
2999 4174 3119 4228 καθ’
3145 4174 3272 4246 ὅλης
3296 4175 3396 4246 τῆς
3425 4179 3772 4250 οἰκουμένης,

2201 4265 2322 4319 οῦτε
2350 4268 2458 4330 τοῖς
2479 4266 2568 4318 ἐπὶ
2593 4267 2692 4336 γῆς
2718 4265 3019 4338 ἀλλοδαπῆς
3037 4268 3438 4339 ἀπῳκισμένοις
3469 4271 3736 4335 Ἰουδαίοις
3753 4287 3770 4304 ο

2201 4355 2292 4409 τὸν
2311 4356 2367 4409 δὲ
2386 4357 2491 4428 τῆς·
2509 4357 2716 4426 Καινῆς
2734 4356 3006 4428 Διαθήκης
3021 4359 3218 4429 τρόπον
3240 4361 3401 4414 πᾶσιν
3417 4362 3624 4415 ἔθνεσιν
3642 4367 3771 4432 βιω-

515 4465 621 4522 que
652 4449 789 4505 Novi
839 4447 1172 4505 Testamenti
1213 4450 1482 4505 rationem
1512 4450 1587 4504 ita
1629 4456 1905 4518 oporteret
1934 4449 2091 4503 iusti-

2201 4448 2330 4520 εξελῆ
2363 4451 2496 4520 χρῆν
2517 4449 2685 4520 δήπου
2713 4451 3064 4521 καταστῆναι,
3091 4451 3166 4515 ὡς
3184 4452 3442 4524 μηδαμῶς
3465 4455 3771 4526 μηδαμόθεν

515 4544 618 4609 tui,
648 4553 709 4598 ut
735 4542 994 4598 omnibus
1024 4544 1280 4614 gentibus
1301 4543 1367 4598 ad
1399 4544 1562 4598 vitam
1604 4541 1862 4612 prodesse
1885 4550 2090 4614 posset,

517 4645 676 4692 utne
713 4651 942 4706 prorsus
975 4637 1086 4690 ullo
1126 4634 1311 4700 modo,
1363 4635 1542 4692 ullave
1590 4635 1817 4700 ratione,
1849 4637 1941 4707 qui
1991 4636 2092 4692 hoc

516 4731 641 4786 vitae
668 4729 978 4786 institutum
1010 4727 1221 4798 ingredi
1260 4728 1480 4792 vellent,
1521 4727 1915 4798 impedirentur
1948 4749 1960 4782 :
1996 4745 2092 4786 ne.

513 4837 623 4893 que
647 4829 743 4876 aut
773 4821 1034 4892 regionis,
1066 4829 1160 4874 aut
1191 4822 1430 4891 generis,
1464 4829 1560 4874 aut
1585 4821 1714 4886 loci,
1746 4831 1839 4876 aut
1867 4822 2093 4876 alterius

515 4913 822 4984 cujuspiam
870 4913 950 4968 rei
1003 4915 1226 4968 omnino
1286 4928 1490 4979 causa,
1547 4921 1770 4985 possent
1815 4916 2088 4972 excusari.

514 5008 665 5067 Talis
695 5023 861 5081 porro
891 5014 946 5062 et
993 5007 1100 5070 lex,
1122 5014 1176 5062 et
1207 5005 1314 5061 vita
1367 5008 1525 5078 plane
1556 5008 1763 5063 exstitit
1793 5023 1877 5072 ea,
1909 5025 2030 5080 qua:
2059 5024 2089 5064 a

515 5101 800 5157 Salvatore
862 5107 1054 5154 nostro
1094 5096 1224 5154 Jesu
1285 5098 1509 5154 Christo
1559 5099 1807 5155 instituta
1839 5109 1944 5167 est,
1981 5114 2090 5172 qua

513 5193 694 5264 prisca
725 5193 838 5258 illa,
872 5201 926 5249 et
969 5193 1088 5262 ipso
1122 5190 1269 5246 Mose
1315 5191 1594 5262 antiquior
1642 5191 1982 5248 instauratur
2005 5207 2090 5246 re-

515 5286 665 5357 ligio,
698 5286 764 5340 ad
789 5287 948 5355 cujus
979 5300 1228 5340 normam
1253 5292 1309 5339 et
1345 5283 1643 5352 Abraham,
1675 5292 1729 5339 et
1760 5283 1881 5354 ejus
1912 5284 2087 5352 majo-

513 5396 604 5438 res
653 5380 855 5436 vixisse
913 5380 1071 5435 facile
1113 5379 1585 5434 demonstrantur.
1639 5376 1796 5443 Quod
1853 5375 1897 5432 si
1953 5376 2088 5431 velis

511 5471 946 5528 Christianorum
989 5468 1204 5525 vivendi
1248 5470 1537 5532 rationem,
1577 5478 1742 5538 atque
1771 5481 1890 5522 eam
1925 5482 2087 5536 quam

509 5563 764 5620 Christus
794 5579 889 5633 per
914 5577 1104 5618 omnes
1121 5569 1309 5634 gentes
1342 5557 1721 5618 disseminavit
1743 5557 2084 5628 religionem,

509 5672 633 5710 cum
664 5671 730 5711 eo
755 5663 808 5711 et
839 5655 1116 5725 religionis
1137 5663 1191 5710 et
1208 5654 1438 5723 justitiae
1459 5652 1718 5711 instituto
1745 5665 2084 5721 comparare,

507 5757 562 5804 οι
601 5747 955 5813 contendere,
990 5762 1100 5815 quo
1131 5759 1184 5802 et
1206 5747 1478 5801 Abraham
1511 5753 1566 5800 et
1615 5742 1846 5799 Abrahae
1877 5742 2084 5798 similes

581 5867 628 5902 δ’
668 5867 690 5923 1
730 5865 871 5922 Tim.
918 5885 954 5932 l,
999 5867 1051 5922 9.

2197 4541 2654 4613 παραποδίζεσθαι
2685 4543 2808 4606 τοὺς
2847 4544 2985 4596 κατὰ
3019 4543 3204 4599 τοῦτον
3235 4546 3608 4600 πολιτεύεσθαι
3641 4547 3770 4618 μέλ-

2194 4636 2402 4700 λοντας,
2441 4637 2564 4707 μήτ’
2589 4635 2696 4689 ἀπὸ
2735 4634 2936 4706 χώρας,
2968 4637 3096 4708 μήτ’
3127 4638 3233 4691 ἀπὸ
3275 4637 3486 4708 γένους,
3518 4639 3642 4710 μήτ’
3663 4638 3772 4694 ἀπὸ

2192 4728 2380 4793 τόπου,
2403 4728 2539 4798 μήτε
2573 4726 2636 4779 ἐκ
2667 4743 2812 4791 τινος
2842 4728 3029 4799 ἐτέρου
3070 4728 3130 4782 τὸ
3161 4729 3396 4784 σύνολον.
3429 4729 3678 4795 Τοιοῦτος
3713 4730 3770 4786 δδ

2193 4819 2430 4891 «sgmx/av
2455 4822 2483 4873 6
2500 4818 2634 4892 πρὸς
2661 4817 2755 4872 τοῦ
2777 4819 3026 4892 Σωτῆρος
3046 4821 3202 4892 ἡμῶν
3234 4820 3407 4892 Ἰησοῦ
3434 4821 3667 4894 Χριστοῦ
3685 4840 3771 4878 νε-

2192 4913 2448 4984 νομοθετη
2457 4913 2617 4983 μένος
2643 4913 2806 4984 νόμος
2838 4931 2896 4966 τε
2914 4915 3006 4968 καὶ
3031 4913 3164 4983 βίος,
3183 4915 3280 4986 τὴν
3299 4915 3658 4989 παλαιοτάτην
3675 4915 3769 4970 καὶ

2193 5005 2458 5079 πρεσϐυτέ
2469 5025 2566 5078 ραν
2624 5007 2867 5070 Μωσέως
2898 5006 3178 5060 εὐσέϐειαν
3204 5008 3610 5078 ἀνανεούμενος,
3643 5009 3766 5062 καθ’

2191 5097 2256 5168 ἣν
2283 5100 2310 5150 ό
2351 5097 2602 5170 θεοφιλὴς
2645 5098 2926 5170 Ἀϐρααμ,
2969 5098 3065 5152 καὶ
3089 5099 3139 5150 οἱ
3184 5098 3369 5152 τούτου
3421 5100 3764 5173 προπάτορες

2190 5185 2490 5242 δείκνυνται
2517 5188 2982 5260 πεπολιτευμένοι.
3015 5189 3077 5243 Ei
3100 5188 3226 5258 γοῦν
3255 5190 3564 5261 ἐθελήσειας
3587 5188 3677 5242 τόν
3704 5206 3766 5245 τι

2191 5277 2528 5351 Χριστιανῶν
2578 5279 2714 5350 βίον,
2759 5281 2852 5334 καὶ
2890 5282 2989 5353 τὴν
3027 5282 3132 5334 ὑπὸ
3181 5281 3273 5336 τοῦ
3315 5280 3550 5353 Χριστοῦ
3599 5283 3764 5335 πᾶσιν

2191 5367 2366 5422 ἔθνεσι.
2419 5368 2900 5442 καταθεὸλημένην
2939 5369 3245 5424 θεοσέϐειαν
3293 5368 3642 5434 συνεξετασαι
3684 5368 3764 5440 τῷ

2188 5460 2376 5532 τρόπῳ
2401 5461 2508 5514 τῶν
2537 5461 2677 5532 ἀμφὶ
2719 5461 2810 5514 τὸν
2844 5463 3089 5534 ’Ᾱϐραὰμ
3132 5464 3218 5515 ἐπ’
3248 5446 3498 5534 εύσεδείᾲ
3541 5461 3634 5515 καὶ
3678 5460 3766 5514 δια

2190 5552 2450 5627 καιοσύνῃ
2479 5556 3003 5626 μεμαρτυρημένων,
3038 5556 3133 5608 ’ένα
3160 5555 3253 5607 καὶ
3289 5553 3381 5607 τὸν
3405 5552 3566 5606 αύτὺν
3598 5549 3763 5624 εὕρή-

2192 5661 2323 5708 σεις.
2363 5647 2592 5700 Ἐκεῖνοί
2627 5664 2683 5700 τε
2708 5648 2836 5720 γὰρ,
2869 5649 2970 5719 τῆς
3007 5646 3273 5702 πολυθέου
3303 5645 3508 5716 πλάνης
3538 5645 3761 5716 ἀποχω-

2191 5743 2472 5814 ρήσαντες,
2498 5743 2590 5799 καὶ
2621 5743 2718 5816 τὴν
2749 5743 2877 5815 περὶ
2914 5743 2982 5799 τὰ
3020 5742 3308 5813 ἀγάλματα
3346 5735 3766 5810 δεισιδαιμονίαν

1122 5867 1178 5928 ,⁸ο
1215 5863 1318 5922 lsa.
1363 5881 1423 5935 tt,
1467 5863 1583 5918 5-4.
1663 5863 1702 5940 ’ξ
1749 5861 1936 5918 Matth.
1979 5876 2170 5928 xxvm,
2213 5860 2302 5928 l9,
2343 5861 2431 5919 20.
