4106 6430
342 380 413 437 ,5
1193 373 1841 431 DEMONSTRATIONIS
1876 371 2331 429 summum
2370 373 2500 429 LlB.
2542 371 2583 429 ι.
3494 371 3566 435 te

338 492 799 566 ἀποστραφέντες,
832 488 1242 562 ὑπερκύψαντες
1272 491 1329 544 δὲ
1369 492 1463 545 καὶ
1490 490 1586 563 τὴν
1623 490 1904 562 ὁρωμένην

2008 505 2137 546 usos
2172 489 2367 544 divina:
2414 489 2608 542 litterae
2633 486 2950 558 praedicant,
2988 488 3147 546 facile
3196 504 3362 548 unum
3409 499 3570 565 atque

338 584 558 641 ἃπασαν
587 582 780 645 κτίσιν,
818 580 910 634 καὶ
944 578 1070 650 μήθ’
1103 574 1272 649 ἥλιον,
1313 579 1448 649 μήτε
1480 577 1726 648 σελήνην,
1766 578 1902 647 μήτε

338 694 391 730 τι
437 675 545 729 τῶν
587 670 766 744 μερῶν
816 670 909 724 τοῦ
955 669 1156 732 παντὸς
1196 668 1639 739 θεοποιήσαντες,
1679 668 1763 735 ἐφ’
1808 665 1904 719 ἕνα

338 767 432 821 τὸν
455 764 714 819 ἀνωτάτω
729 761 899 827 .Θεὸν,
925 760 1087 815 αὑτὸν
1105 758 1168 831 δὴ
1188 758 1278 812 τὸν
1307 758 1525 828 ὕψιστον
1553 759 1646 812 τοῦ
1676 757 1903 829 ούρανοῦ

340 860 435 913 καὶ
460 857 559 928 γῆς
596 852 946 927 δημιουργὸν,
970 852 1195 915 έαυτοὺς
1242 851 1542 921 ἀνήγαγον·
1574 849 1603 903 ὂ
1643 848 1738 903 καὶ
1784 866 1906 903 συν-

346 950 550 1021 ίστησιν
590 947 749 1009 αὑτὸς
792 947 820 999 6
857 944 1062 1014 Μωσῆς
1127 944 1186 995 ὲν
1226 945 1345 1005 ταῖς
1383 942 1480 1014 τῆς
1524 940 1905 1013 ἀρχαιολογίας

343 1038 618 1111 ἱστορίαις,
644 1036 736 1090 τὸν
778 1034 1035 1107 Ἀϐραὰμ,
1064 1033 1393 1105 ἀναγράφων
1420 1032 1709 1102 φάσκοντα·
1741 1046 1759 1083 ι
1793 1032 1907 1085 Ἐκὲ

338 1131 475 1186 τενῶ
500 1132 597 1201 τὴν
628 1130 783 1202 χεῖρά
819 1147 919 1200 μου
949 1127 1083 1201 πρὸς
1106 1129 1195 1181 τὸν
1217 1127 1349 1180 Θεὸν
1378 1125 1617 1195 ὕψιστον,
1642 1122 1702 1188 ὃς
1725 1124 1903 1177 ἔκτισε

338 1225 429 1279 τὸν
466 1222 691 1295 οὑρανὸν
733 1222 827 1275 καὶ
862 1220 959 1292 τὴν
990 1221 1093 1290 γῆν
1113 1238 1125 1249 ·
1150 1239 1169 1272 ι
1212 1220 1306 1273 καὶ
1339 1218 1531 1294 πρό-γε
1574 1216 1763 1271 τούτου
1797 1217 1908 1269 είσ-

342 1314 487 1384 ἀγων
517 1314 608 1367 τὸν
647 1313 994 1384 Μελχισεδὲκ,
1028 1313 1085 1365 ὃν
1128 1311 1192 1383 δή
1240 1328 1401 1382 φησιν
1447 1310 1594 1384 ἱερέα
1626 1308 1905 1381 γεγονέναι

339 1407 432 1462 τοῦ
465 1406 597 1460 Θεοῦ
623 1406 716 1460 τοῦ
753 1405 975 1474 ὑψίστου
996 1444 1011 1469 ,
1051 1405 1141 1457 τὸν
1175 1403 1426 1475 Ἀϐραὰμ
1469 1397 1571 1457 ὧδέ
1604 1422 1720 1468 πως
1758 1403 1906 1457 εὑλο-

337 1496 535 1567 γοῦντα
554 1513 567 1526 ·
598 1516 616 1547 ι
648 1496 1023 1567 Εὐλογημένος
1057 1493 1306 1566 Ἀϐραὰμ
1326 1494 1403 1565 τῷ
1425 1495 1542 1566 Θεῷ
1570 1495 1648 1566 τῷ
1675 1496 1902 1570 ὑψίστῳ,

337 1588 398 1652 ὃς
435 1586 613 1641 ἔκτισε
644 1585 732 1640 τὸν
761 1587 986 1658 οὐρανὸν
1030 1586 1125 1640 καὶ
1168 1587 1267 1658 τὴν
1292 1587 1415 1656 γῆν.
1453 1606 1472 1639 ι
1525 1586 1717 1660 Εὑροις
1753 1588 1798 1641 δ’
1839 1589 1905 1643 ἂν

336 1678 434 1733 καὶ
457 1678 545 1730 τὸν
582 1675 772 1748 Ἑνὼχ,
806 1679 899 1730 καὶ
922 1677 1011 1730 τὸν
1041 1677 1164 1730 Νῶε
1180 1676 1565 1742 δικαιωθέντας
1595 1680 1689 1732 καὶ
1715 1681 1906 1752 εὐαρε-

340 1772 642 1843 στήσαντας
666 1769 744 1841 τῷ
778 1768 896 1840 Θεῷ
925 1770 1068 1824 κατά
1094 1766 1185 1822 τὸν
1213 1770 1373 1823 αὑτὸν
1403 1769 1481 1842 τῷ
1519 1771 1765 1843 ’Λϐραάμ
1784 1772 1906 1846 τρό-

2002 578 2144 634 idem
2193 594 2479 649 agnosces.
2514 566 2795 649 Siquidem
2842 580 2922 635 illi
2949 595 2979 635 a
3011 583 3303 639 multorum
3344 582 3570 642 deorum

2003 671 2174 734 cultu,
2205 678 2365 740 atque
2396 685 2581 726 errore
2609 669 2941 738 recedentes,
2963 680 3018 728 et
3049 675 3119 730 ab
3140 690 3224 740 ea,
3254 691 3377 746 quae
3401 676 3573 733 simu-

2002 762 2169 817 lacris
2212 761 2426 816 addicta
2465 771 2602 824 erat.

2004 869 2096 909 sos
2129 848 2228 925 (2),
2265 853 2465 909 mentis
2519 854 2708 911 oculos
2741 871 2907 925 supra
2941 870 3156 912 omnem
3185 897 3202 923 ,
3237 868 3537 930 quaecunqu

2003 945 2179 999 oculis
2224 944 2374 999 cerni
2428 944 2624 1015 possit,
2674 952 2921 1000 naturam
2969 947 3312 1003 sustulerunt
3349 968 3363 1003 :
3394 964 3537 1023 nequ

2003 1051 2134 1092 vero
2166 1036 2242 1091 illi
2273 1038 2701 1119 autﬂso'lemﬂut
2722 1038 2927 1125 lunam,
2955 1048 3048 1093 aut
3072 1040 3230 1094 aliam
3259 1034 3613 1127 quampiam};

2005 1112 2507 1199 univeéa'p‘di‘t‘éhi
2530 1112 2627 1200 pro
2656 1112 3052 1199 ’Βὲὄῖιῖιῖῃυιιηι
3085 1131 3338 1187 coluere:
3378 1132 3473 1187 sed
3502 1132 3573 1187 ad

2006 1235 2173 1273 unum
2200 1234 2536 1290 supremum.
2570 1221 2747 1291 ipsum
2782 1221 2971 1291 utique
3016 1223 3340 1279 altissimum
3369 1224 3496 1280 coeli
3518 1233 3575 1280 et

2005 1308 2163 1368 terra:
2186 1308 2456 1383 opiﬁcem,
2491 1306 2594 1384 10
2616 1314 2827 1383 scipsos
2844 1314 3088 1371 attollere
3109 1332 3217 1372 non
3234 1316 3572 1375 ditbitarunt.

1968 1404 2180 1471 “Quam
2205 1402 2337 1462 Sane
2360 1422 2471 1461 rem
2500 1408 2616 1477 ipse
2638 1411 2800 1462 etiam
2815 1405 2992 1465 Moses
3019 1407 3072 1462 in
3096 1407 3215 1465 suis
3234 1409 3575 1480 antiquitatis

2007 1495 2249 1563 historiis
2276 1499 2639 1559 commendat.
2675 1499 2803 1553 dum
2832 1499 3010 1568 ipsum
3049 1499 3321 1555 Abraham
3363 1503 3443 1558 sic
3490 1503 3576 1560 in-

2006 1584 2158 1641 ducit
2179 1587 2447 1644 dicentem
2470 1609 2481 1643 :
2503 1607 2527 1652 ι
2552 1588 2847 1647 Extendam
2878 1605 3099 1646 manum
3120 1606 3295 1647 meam
3315 1593 3382 1647 ad
3404 1594 3575 1653 Deum

2006 1678 2349 1744 altissimum,
2369 1682 2459 1751 qui
2482 1682 2724 1736 condidit
2744 1683 2945 1738 coelum
2958 1698 3020 1738 ac
3041 1691 3242 1739 terram
3261 1680 3309 1716 "
3336 1705 3355 1738 ι
3378 1696 3391 1737 :
3411 1687 3576 1742 dum-

2008 1782 2114 1837 que
2142 1775 2267 1824 ante
2300 1768 2468 1831 liunc,
2508 1768 2892 1837 Melchisedec,
2924 1786 3086 1842 quem
3126 1772 3202 1826 ait
3237 1775 3576 1832 sacerdotem

341 1879 458 1918 πον.
499 1862 655 1916 Ἀλλά
684 1864 775 1917 καὶ
807 1863 835 1916 6
871 1861 1011 1930 Ἰὼϐ,
1044 1863 1326 1936 ἄνθρωπος
1344 1864 1576 1935 δίκαιος,
1600 1865 1903 1937 ἀληθινὸς,

2008 1857 2101 1914 Dei
2142 1860 2392 1916 altissimi
2431 1859 2621 1924 fuisse,
2650 1861 2755 1932 ipsi
2791 1862 3026 1918 Abrahae
3068 1863 3152 1920 his
3186 1863 3358 1920 ferme
3395 1866 3577 1921 verbis

340 1951 642 2022 ἄμεμπτος,
666 1952 942 2026 θεοσεϐὴς,
959 1953 1293 2025 ἀπεχόμενος
1316 1951 1423 2006 ἀπὸ
1448 1955 1648 2019 παντὸς
1670 1955 1906 2028 πονηροῦ

342 2044 682 2116 πράγματος,
728 2045 835 2117 πρὸ
854 2046 961 2101 τῶν
976 2045 1218 2110 Μωσέως
1238 2047 1442 2120 χρόνων
1467 2066 1531 2120 με
1540 2047 1714 2119 μαρτύ
1723 2066 1904 2121 ρηται⁶

337 2135 395 2200 ὃς
428 2137 491 2208 δὴ
540 2136 632 2191 καὶ
660 2141 850 2211 πεῖραν
863 2137 1068 2207 τῆςείς
1085 2137 1175 2191 τὸν
1193 2138 1299 2192 τῶν
1327 2138 1460 2193 ὅλων
1471 2138 1601 2193 Θεὸν
1631 2139 1908 2204 εὐσεϐείας

337 2227 404 2281 δι’
435 2226 635 2300 ἀθρόας
669 2230 765 2300 τῆς
801 2228 909 2284 τῶν
955 2229 1306 2301 ὑπαρχόντων
1335 2231 1602 2301 ἀποϐολῆς
1638 2230 1906 2302 ὑποσχὼν,

341 2318 880 2389 μέγιστον·εὑσεϐοὖς
924 2318 1224 2390 ὑπόδειγμα
1269 2320 1468 2392 τρόπου
1506 2322 1598 2374 καὶ
1643 2323 1755 2387 τοῖς
1792 2323 1907 2392 μετ’

338 2407 499 2461 αὑτὸν
521 2408 863 2471 ἀπολέλοιπε,
888 2407 977 2461 τὸν
1003 2408 1287 2477 φιλόσοφον
1322 2404 1529 2462 ἐκεῖνον
1561 2411 1909 2483 ἐπιφωνήσας

338 2499 528 2567 λόγον·
562 2516 580 2550 ι
616 2498 826 2569 Γυμνὸς
874 2497 1092 2569 ἐξῆλθον
1149 2500 1213 2552 ὲκ
1270 2499 1476 2564 κοιλίας
1520 2502 1722 2573 μητρός
1769 2518 1906 2573 μου,

337 2588 541 2660 γυμνὸς
563 2592 657 2643 καὶ
684 2589 1073 2661 ἀπελεύσομαι.
1109 2589 1165 2643 '0
1186 2590 1391 2663 Κύριος
1417 2591 1634 2657 ἔδωκεν,
1658 2594 1685 2645 6
1706 2592 1909 2665 Κύριος

338 2681 589 2750 ἀφείλετο
609 2698 622 2712 ·
652 2681 725 2746 ὡς
762 2681 839 2753 τῷ
872 2683 1061 2754 Κυρίῳ
1107 2681 1281 2749 ἔδοξεν
1301 2723 1317 2747 ,
1351 2682 1493 2737 οὑτω
1527 2684 1621 2737 καὶ
1663 2684 1903 2752 ἐγένετο·

337 2775 423 2847 εἴη
446 2775 505 2829 τὸ
535 2775 705 2847 ὄνομα
734 2776 938 2847 Κυρίου
964 2777 1344 2848 εὐλογημένοι).
1368 2798 1386 2830 ο
1409 2777 1519 2831 Καὶ
1539 2778 1629 2830 τὸν
1654 2777 1908 2832 ἁπάντων

334 2866 540 2941 Κύριον
578 2867 771 2934 σέϐων,
807 2868 1006 2932 ταύτας
1052 2867 1200 2938 ὴφίει
1225 2868 1323 2932 τάς
1354 2866 1537 2937 φωνὰς
1558 2907 1573 2931 ,
1607 2867 1674 2931 ἃς
1704 2867 1907 2940 προῖὼν

336 2958 366 3012 6
385 2960 545 3024 αὐτὸς
572 2960 838 3029 διασαφεῖ,
872 2960 939 3014 δι’
964 2953 1039 3014 ὧν
1072 2977 1203 3033 φησι
1226 2978 1239 2990 ’
1270 2979 1289 3012 ι
1321 2958 1482 3029 σοφὸς
1511 2960 1620 3033 γάρ
1652 2962 1766 3015 ἐστι
1789 2962 1907 3029 δια-

336 3050 474 3124 νοίᾳ,
496 3052 750 3124 κραταιός
771 3070 829 3107 τε
861 3051 955 3106 καὶ
989 3051 1179 3124 μέγας,
1201 3053 1230 3105 6
1263 3050 1418 3106 σείων
1444 3052 1541 3122 τὴν
1573 3053 1663 3105 ὑπ’
1682 3053 1907 3125 οὐρανὸν

335 3142 402 3199 ὲκ
429 3143 692 3216 θεμελίων
709 3184 724 3211 ,
753 3146 800 3198 οἱ
824 3145 881 3199 δὲ
907 3143 1086 3199 στῦλοι
1109 3144 1278 3216 αὑτῆς
1303 3143 1642 3198 σαλεύονται·
1686 3146 1713 3197 6
1733 3144 1906 3214 λέγων

337 3230 414 3305 τῷ
450 3233 604 3305 ἡλίῳ,
639 3235 734 3290 καὶ
757 3235 855 3288 οὑκ
881 3233 1180 3297 ἀνατέλλει,
1226 3233 1368 3288 κατά
1392 3234 1447 3288 δὲ
1482 3234 1696 3305 ἄστρων
1734 3252 1904 3289 κατα-

338 3325 648 3398 σφραγίζεν
685 3327 713 3380 6
746 3324 981 3391 τανύσας
1007 3324 1096 3380 τὸν
1117 3325 1341 3396 οὐρανὸν
1371 3325 1548 3396 μόνος.
1580 3345 1598 3377 ι
1641 3327 1702 3380 Εἰ
1726 3326 1789 3398 δὴ
1814 3322 1907 3381 οὖν

334 3416 525 3470 τοῦτον
556 3416 719 3470 αὑτὸν
783 3418 988 3470 ἐκεῖνον
1024 3415 1113 3470 τὸν
1156 3417 1357 3480 πάλαι,
1389 3418 1482 3470 καὶ
1523 3414 1628 3489 πρὸ
1667 3418 1906 3484 Μωσέως

337 3505 595 3576 θεοφιλῶν
630 3504 780 3573 Θεὸν,
816 3506 1041 3579 ἔναγχος
1076 3509 1209 3561 πᾶσι
1246 3510 1357 3572 τοῖς
1383 3507 1590 3562 ἔθνεσιν
1614 3510 1643 3562 6
1670 3509 1904 3581 Χριστοῦ

336 3593 492 3666 λόγος
539 3599 738 3670 ὁμοίως
791 3599 1018 3664 ἐκείνοις
1076 3598 1251 3677 μόνον¹
1297 3599 1541 3653 εὐσεϐεῖν
1592 3599 1902 3665 διετάξατο,

337 3690 575 3761 πέφηνεν
606 3690 754 3754 ὅπως
793 3688 1038 3744 κοινωνοὶ
1066 3689 1409 3763 γεγενήμεθα
1440 3690 1538 3761 τῆς
1573 3691 1693 3761 ῐσης
1730 3689 1907 3744 αὑτῶν

338 3782 559 3836 ἐκείνων
590 3780 901 3846 εὐσεϐείαςο
950 3783 1049 3853 τῆς
1080 3782 1138 3835 δὲ
1183 3782 1465 3846 εὐσεϐείας
1521 3781 1904 3854 μετασχόντες,

333 3870 493 3945 δῆλον
516 3916 532 3939 ,
567 3874 641 3938 ὼς
674 3876 768 3928 καὶ
812 3874 911 3945 τῆς
953 3874 1203 3943 εὐλογίας
1258 3875 1693 3948 μεταληψόμεθα.
1750 3875 1907 3931 Ἀλλά

337 3966 433 4020 καὶ
462 3966 554 4020 τὸν
588 3965 680 4019 τοῦ
715 3964 849 4020 Θεοῦ
896 3965 1088 4034 Λόγον,
1118 3966 1176 4020 ὃν
1205 3966 1270 4038 δὴ
1298 3966 1532 4039 Χριστὸν
1572 3969 1705 4040 ἡμῖν
1741 3982 1906 4041 προσ-

336 4056 618 4127 ἀγορεύειν
641 4056 814 4126 φίλον,
844 4054 1042 4127 ὁμοίως
1072 4057 1204 4128 ἡμῖν
1224 4057 1464 4111 κάκεῖνοι
1494 4058 1711 4127 γνόντες
1740 4061 1908 4131 ἐμαρ-

334 4147 674 4221 τυρήθησαν·
701 4147 816 4217 οἶγε
846 4149 935 4202 καὶ
970 4147 1101 4201 πολὺ
1127 4147 1491 4221 διαφερόντως
1517 4148 1615 4223 τῆς
1634 4152 1909 4223 ἐμφανοῦς

338 4239 504 4295 αὑτοῦ
534 4241 832 4313 παρουσίας
871 4259 929 4295 τε
954 4242 1048 4296 καὶ
1073 4241 1387 4311 θεοφανείας
1422 4241 1748 4317 ⁴ιγξιώθησαν.
1779 4247 1907 4300 Ἐπ-

339 4332 568 4387 ἀκουσον
627 4330 776 4401 γοῦν,
812 4332 888 4397 ὼς
918 4334 1079 4388 πάλιν
1112 4334 1276 4399 αὑτὸς
1311 4336 1340 4388 6
1370 4336 1573 4408 Μωσῆς
1601 4336 1691 4390 τὸν
1711 4339 1909 4411 ἐπιφα-

340 4422 496 4478 νέντα
532 4426 642 4487 τοῖς
699 4423 1003 4494 θεοφιλέσι,
1050 4424 1143 4479 καὶ
1191 4425 1446 4490 πολλάκις
1496 4429 1910 4503 χρηματίσαντα

2007 1950 2446 2009 benedicentem:
2473 1972 2492 2005 ‹
2518 1952 2842 2009 Benedictus
2857 1954 3131 2010 Abraham
3152 1956 3260 2013 Deo
3282 1958 3573 2023 altissime,

2007 2042 2099 2109 qui
2130 2042 2373 2096 condidit
2393 2044 2590 2097 coelum
2606 2050 2660 2098 et
2690 2050 2888 2100 terram
2924 2045 2991 2099 ⁸³.
3043 2065 3062 2098 ι
3101 2044 3348 2103 Invenies
3393 2058 3574 2106 autem

2009 2140 2062 2188 et
2092 2131 2278 2189 Enoéh
2331 2142 2385 2189 et
2424 2133 2536 2191 Noe
2576 2136 2765 2192 eadem
2797 2137 3009 2194 ratione
3050 2154 3158 2209 qua
3201 2140 3496 2205 Abraham,
3522 2149 3580 2198 et

2008 2225 2251 2281 evasisse
2285 2226 2487 2296 justus.
2524 2236 2577 2282 et
2612 2227 2721 2284 Deo
2756 2230 3049 2299 placuisse.
3081 2232 3225 2298 Quin
3255 2234 3418 2289 etiam
3448 2231 3576 2299 Job,

2011 2312 2095 2367 vir
2125 2324 2179 2369 et
2222 2314 2425 2383 justus,
2459 2325 2513 2372 et
2543 2333 2723 2382 verus,
2754 2327 2809 2374 et
2854 2320 3219 2391 inculpabilis,
3252 2323 3401 2379 etab
3428 2324 3579 2381 omni

2008 2403 2151 2457 mala
2183 2419 2243 2459 re
2271 2405 2574 2470 abstinens,
2619 2415 2745 2464 ante
2777 2408 2943 2466 MOSiS
2985 2417 3200 2468 aetatem
3246 2400 3576 2479 celebratur,

2008 2500 2102 2568 qui
2132 2508 2257 2555 etim
2296 2500 2515 2571 pietatis
2561 2518 2690 2572 erga
2749 2501 2919 2559 Deum
2964 2506 3203 2560 universi
3242 2506 3437 2576 gratia,
3482 2520 3581 2577 per

2009 2591 2252 2646 omnium
2297 2591 2568 2648 bonorum
2606 2593 2842 2647 subitam
2881 2593 3282 2664 ademptionem
3328 2606 3582 2663 vexatus,

2008 2684 2326 2735 constanter
2347 2681 2530 2734 omnia
2560 2680 2904 2746 sustinuerit,
2939 2682 3236 2737 maximum
3286 2699 3427 2740 vera!
3456 2685 3581 2741 reli-

2008 2771 2187 2843 gionis
2232 2772 2543 2841 exemplum
2600 2773 2747 2827 omni
2797 2786 2910 2829 sua:
2945 2775 3273 2844 posteritati
3316 2777 3577 2848 reliquit,

2007 2864 2209 2934 quippe
2250 2863 2344 2935 qui
2382 2878 2505 2919 vere
2544 2863 2979 2934 philosophicum
3016 2865 3150 2921 illud
3193 2866 3416 2924 verbum
3448 2870 3579 2925 olim

2009 2956 2420 3012 acclamaverit:
2454 2975 2473 3008 ι
2509 2955 2699 3012 Nudus
2726 2962 2981 3028 egressus
3005 2964 3124 3013 eum
3160 2958 3227 3015 de
3248 2967 3436 3015 ventre
3458 2976 3579 3015 ma.-

2007 3047 2110 3103 tris
2132 3062 2285 3114 meae,
2317 3056 2371 3105 et
2402 3047 2582 3105 nudus
2607 3049 2789 3104 abibo.
2823 3047 3086 3107 Dominus
3115 3050 3285 3116 dedit,
3318 3044 3579 3108 Dominus

2010 3138 2268 3193 abstulit:
2296 3140 2439 3196 sicut
2480 3141 2710 3196 Domino
2743 3142 2966 3214 placuit,
3000 3142 3075 3197 ita
3114 3142 3317 3199 factum
3348 3152 3433 3201 est
3468 3147 3581 3201 :sit

2008 3248 2209 3290 nomen
2245 3232 2456 3289 Domini
2487 3235 2831 3291 benedictum
2854 3236 2921 3290 ⁸⁸.
2953 3250 2972 3289 ι
3007 3236 3149 3292 ldem
3178 3253 3308 3293 vero
3332 3253 3581 3294 commu-

2007 3339 2130 3379 nem
2161 3324 2404 3380 omnium
2432 3324 2598 3381 Deum
2625 3326 2833 3394 colens,
2857 3342 3019 3384 voces
3049 3328 3211 3383 etiam
3253 3328 3375 3384 illas
3404 3328 3578 3398 pictae

2010 3415 2082 3470 tis
2129 3416 2334 3483 emisit,
2369 3432 2504 3488 quas
2556 3419 2673 3489 ipse
2698 3418 2914 3491 longius
2951 3436 3275 3492 progressus
3301 3423 3572 3492 explanat.

2008 3507 2137 3563 dum
2169 3510 2285 3563 ait:
2328 3529 2347 3563 ι
2390 3509 2620 3581 Sapiens
2659 3512 2804 3567 enim
2857 3522 2942 3569 est
2977 3523 3176 3580 mente,
3222 3514 3490 3589 fortisque
3521 3525 3579 3574 et

2006 3613 2259 3670 magnus,
2289 3601 2383 3672 qui
2416 3603 2659 3658 concutit
2691 3614 2892 3659 terram
2921 3620 2953 3660 a
2984 3605 3370 3674 fundamentis,
3402 3619 3458 3667 et
3482 3627 3578 3668 co-

2007 3685 2212 3742 lumna:
2244 3688 2366 3758 ejus
2411 3690 2841 3746 contremiscunt
2871 3709 2885 3744 :
2914 3695 3009 3764 qui
3042 3696 3173 3752 dicit
3206 3699 3329 3765 soli,
3361 3707 3416 3756 et
3459 3718 3573 3759 non

2008 3776 2205 3842 oritur,
2237 3783 2291 3831 et
2316 3777 2501 3834 stellas
2531 3781 2682 3849 quasi
2719 3785 2876 3852 signo
2906 3783 3173 3858 impresso
3206 3788 3408 3846 claudit
3435 3810 3449 3847 :
3484 3794 3579 3864 qui

2010 3869 2207 3923 cmlum
2240 3869 2481 3925 extendit
2512 3870 2662 3926 solus
2694 3868 2760 3924 ⁸⁸.
2802 3891 2821 3924 ι
2855 3872 2912 3927 Si
2948 3875 3112 3944 igitur
3131 3879 3379 3934 eumdem
3422 3881 3575 3937 illum

2008 3974 2170 4033 quem
2200 3961 2387 4033 prisci,
2432 3975 2496 4018 ac
2538 3964 2660 4035 ipso
2694 3964 2841 4021 Mose
2890 3966 3253 4038 antiquiores,
3290 3969 3381 4026 Dei
3412 3974 3576 4028 amici

2008 4055 2114 4108 viri
2146 4055 2435 4110 coluerunt
2464 4055 2657 4124 Deum,
2696 4074 2871 4128 nuper
2910 4059 3098 4115 itidem
3130 4068 3189 4115 ut
3239 4062 3347 4120 illis
3395 4063 3576 4119 solum

2011 4144 2098 4215 pie
2128 4145 2420 4200 colendum
2448 4161 2592 4212 esse,
2636 4145 2842 4205 Christi
2879 4147 3129 4204 doctrina
3165 4151 3419 4222 gentibus
3453 4153 3579 4209 uni-

2009 4236 2185 4293 versis
2213 4238 2627 4319 demonstravit,
2669 4240 2812 4296 haud
2851 4241 3074 4297 dubium
3110 4254 3215 4310 est,
3249 4244 3384 4315 quin
3430 4245 3579 4315 ejus-

1978 4320 2135 4383 “dem
2166 4345 2289 4383 cum
2320 4331 2429 4387 illis
2468 4331 2640 4387 divini
2666 4333 2848 4390 cultus
2870 4331 2999 4388 facti
3030 4335 3202 4393 simus
3233 4338 3530 4409 participes
3558 4354 3577 4395 :

2012 4434 2354 4476 communem
2379 4436 2544 4492 porro
2573 4422 2835 4480 habentes
2867 4424 3206 4497 religionem,
3233 4442 3576 4485 communem

340 4514 523 4579 αὑτοῖς
561 4514 627 4568 τὰ
664 4514 1130 4587 ἀναγεγραμμένα
1166 4515 1317 4585 ποτὲ,
1364 4516 1463 4587 μὲν
1502 4516 1633 4571 Θεὸν
1676 4519 1769 4572 καὶ
1792 4520 1905 4574 Κύ-

2013 4526 2230 4581 quoque
2267 4512 2704 4569 benedictionem
2758 4517 3051 4573 sortituros
3090 4532 3235 4584 esse,
3270 4518 3449 4588 palam
3472 4528 3579 4576 est.

348 4622 479 4678 ριον,
509 4604 639 4660 ποτὲ
681 4607 739 4659 δὲ
784 4608 878 4661 καὶ
919 4607 1147 4677 ἄγγελον
1194 4607 1329 4662 Θεοῦ
1374 4600 1769 4682 προσαγορεύει
1794 4612 1902 4683 (5)·

344 4693 475 4759 Θεὸς
515 4694 614 4767 μὲν
655 4696 748 4751 καὶ
781 4697 985 4768 Κύριος
1013 4695 1121 4750 τῶν
1151 4696 1411 4765 θεοφιλῶν
1456 4698 1666 4771 ἀνδρῶν
1707 4701 1905 4773 ἀνηγο-

345 4786 603 4857 ρευμένος
622 4828 636 4852 ,
705 4787 967 4857 Ἀγγελος
1035 4776 1093 4842 δὲ
1159 4788 1252 4841 τοῦ
1336 4789 1610 4843 ἀνωτάτου
1666 4791 1899 4864 Πατρός.

341 4880 501 4947 Λέγει
533 4880 576 4934 δ’
612 4875 703 4935 οὑν
736 4882 917 4945 αὑτοῖς
966 4878 1210 4953 ῥήμασιο
1268 4899 1288 4932 ι
1339 4882 1450 4935 Καὶ
1489 4882 1760 4957 ἐπορεύθη
1803 4887 1906 4939 Ἰα-

342 4968 455 5023 κὼϐ
485 4972 565 5034 εἰς
594 4971 801 5043 Χαρὰν,
850 4972 943 5026 καὶ
980 4972 1262 5044 ἀπήντησε
1301 4970 1471 5042 τόπῳ,
1510 4972 1606 5027 καὶ
1637 4973 1902 5045 ἐκοιμήθη

339 5056 456 5113 ἐκεῖ
472 5076 485 5089 ·
517 5060 606 5112 ἔδυ
632 5058 739 5131 γὰρ
764 5061 792 5113 6
818 5060 966 5130 ἥλιος
983 5076 996 5091 ’
1028 5060 1123 5113 καὶ
1150 5059 1339 5115 ἐλαϐεν
1368 5058 1476 5114 ἀπὸ
1498 5061 1605 5115 τῶν
1629 5062 1789 5116 λίθων
1812 5061 1907 5116 τοῦ

338 5152 526 5215 τόπου,
556 5152 649 5206 καλ⁸
677 5152 867 5222 έθηκεν
885 5151 1020 5224 πρὸς
1047 5152 1290 5223 κεφαλῆς
1315 5151 1501 5217 αὑτοῦ,
1524 5156 1617 5207 καὶ
1643 5153 1907 5227 ἐκοιμήθη

2010 4600 2116 4689 Sed
2146 4619 2245 4659 nec
2267 4596 2449 4660 minus
2480 4603 2575 4661 Dei
2601 4603 2863 4671 Verbum,
2890 4623 3048 4681 quem
3078 4606 3356 4664 Christum
3380 4596 3612 4689 appeal-'1,

2006 4688 2259 4750 laré‘itos
2290 4694 2697 4771 consuevimus,
2739 4698 2848 4769 illis
2870 4699 3145 4772 cognitum
3194 4699 3365 4757 fuisse
3413 4688 3645 4783 quamjg’

1982 4774 2187 4852 “nobis,
2208 4802 2487 4842 sacrarum
2502 4781 2807 4846 litterarum
2832 4784 3142 4847 testimonio
3158 4788 3437 4847 ostensum
3454 4800 3538 4846 est
3557 4774 3599 4852 :
3626 4774 3629 4779 ’
3716 4780 3727 4788 ’

2006 4840 2527 4949 ειυίρρέιιέιιιοηεὲ
2550 4840 3219 4937 ὲῖέέιῐῶιέἶιζᾶιῇἷιῖἑ
3227 4840 3599 4934 ’ἐῖιῖιέὶιὲῐῌ

2009 4974 2152 5024 stum
2181 4967 2494 5035 adventum,
2522 4975 2576 5025 et
2596 4968 2836 5025 divinam
2852 4970 3196 5042 praesentiam
3219 4968 3575 5035 cernendam,

2011 5059 2193 5115 idonei
2226 5059 2397 5116 habiti
2426 5064 2577 5119 sunt.
2606 5060 2746 5116 Audi
2787 5062 2971 5135 igitur,
2999 5069 3060 5116 ut
3090 5076 3284 5118 rursus
3314 5060 3429 5132 ipse
3460 5057 3580 5116 llo.

2013 5166 2122 5217 ses,
2145 5168 2268 5208 eum
2300 5154 2393 5225 qui
2424 5153 2615 5210 amicis
2640 5153 2737 5211 Dei
2767 5155 3006 5226 seipsum
3029 5153 3351 5221 ostenderit,
3375 5153 3579 5225 quique

338 5244 399 5296 έν
428 5242 506 5314 τῷ
534 5243 683 5315 τόπῳ
712 5242 924 5314 ἐκείνῳ,
955 5246 1051 5298 καὶ
1094 5244 1424 5318 ἔνυωιάώη
1446 5261 1459 5277 ο
1501 5247 1595 5299 καὶ
1643 5245 1750 5299 1δοὺ
1797 5244 1905 5300 κλί-

2012 5244 2210 5301 iisdem
2251 5246 2474 5302 oracula
2511 5248 2747 5318 publicis
2790 5246 3158 5305 monumentis
3199 5246 3576 5303 commendata

413 5400 459 5432 "
497 5398 633 5457 Gen.
670 5416 781 5465 xxv,
821 5398 911 5455 22.
985 5398 1032 5432 ³³
1069 5398 1206 5457 Ibid.
1267 5402 1356 5458 19.
1434 5392 1608 5458 “Job
1646 5418 1687 5470 ι,
1728 5401 1818 5457 21.
1896 5405 1905 5436 ¹

2006 5401 2082 5460 ’ob
2123 5421 2200 5485 ιιι,
2236 5405 2355 5463 5-9.

410 5552 489 5626 (2)
517 5555 725 5614 Forsan
762 5556 817 5612 in
853 5555 1099 5612 eamdem
1147 5572 1271 5613 cum
1302 5559 1596 5621 Clemente,
1645 5556 1899 5624 Iustino,

338 5621 749 5700 Cliry'sostomo,
791 5627 1115 5700 sententiam
1157 5629 1406 5700 concedit
1439 5638 1648 5700 auctor,
1680 5631 1774 5700 qui
1799 5621 1905 5685 ista

338 5696 469 5750 olim
504 5698 782 5753 sull'ecisse
818 5698 1113 5752 credebant
1141 5698 1207 5752 ad
1254 5699 1504 5764 salutem,
1554 5696 1761 5756 Christi
1812 5714 1901 5755 co-

341 5768 603 5839 gnitione,
627 5768 718 5838 qui
743 5769 983 5824 nondum
1024 5769 1332 5839 advenerat,
1357 5769 1581 5839 minime
1618 5769 1903 5839 requisita.

415 5836 491 5909 (ὃ)
518 5836 660 5893 Post
677 5839 1065 5910 προσαγορεύει
1111 5838 1225 5893 ιιωο
1269 5853 1369 5894 ms.
1411 5837 1563 5892 addit
1600 5857 1614 5894 :
1657 5836 1910 5907 ἄντικρυς

2006 5563 2270 5649 rerum:
2307 5566 2396 5649 ira
2418 5566 2550 5649 ιιὴρ
2590 5565 2684 5619 ἐπὶ
2703 5561 3094 5649 ,πίὲνῖωνθεδς
3124 5553 3277 5649 sines
3316 5552 3574 5649 ἦγιέἒέιξ

2009 5630 2273 5719 δεύτερος.
2306 5630 2438 5716 βεδε
2470 5630 2569 5719 μὲν
2623 5634 2736 5719 καίζ
2788 5635 3058 5717 Interpres
3088 5633 3301 5719 videtur
3343 5630 3570 5719 :ali‘qu-i‘d

2011 5702 2276 5773 ejusmodi
2317 5705 2371 5759 in
2400 5702 2515 5763 suis
2543 5705 2825 5762 codicibus
2852 5702 3147 5762 invenisse.
3172 5703 3449 5759 Arianisat
3472 5711 3569 5754 suo

2012 5782 2120 5829 tem
2155 5771 2434 5829 Eusebius.
3452 5819 3456 5823 -

2037 5790 2120 5829 em
2156 5790 2434 5830 ιιυερυιιιε.

2651 764 3038 834 superstitione
3083 773 3388 823 avertentes
3428 764 3616 839 seip-H
3666 818 3679 832 ,

3673 878 3743 921 ius?
