4106 6440
529 368 601 424 ιτ
1120 328 1131 345 ’
1167 367 1253 423 nu
1266 365 1433 422 ssnn
1469 364 1954 423 CASSARIENSIS
2003 364 2091 422 or

2200 364 2378 422 PARS
2415 365 2477 422 11.
2519 394 2590 409 -
2628 363 3129 426 APOLOGETICA.
3696 370 3769 428 48

528 488 853 555 reddiderit,
901 486 1061 543 modo
1110 489 1299 551 Deum,
1352 504 1415 542 ac
1454 487 1762 554 Dominum,
1807 488 1971 542 modo
2004 488 2095 542 Dei

2207 488 2313 557 μαξ
2350 487 2713 559 ἐστηριγμένη
2747 490 2803 540 ἐν
2830 492 2894 558 τῇ
2943 492 3036 559 γῇ,
3068 484 3136 561 ἧς
3168 489 3201 559 ἡ
3248 485 3455 559 κεφαλὴ
3502 491 3778 557 ἀφικνεῖτο

533 582 787 652 angelum
834 582 1061 655 appellet
1100 599 1113 635 :
1158 583 1237 636 sic
1274 581 1507 651 quidem
1560 582 1721 651 plane
1775 581 2096 643 declarans,

533 656 657 728 ubi;
678 662 829 728 hunc
861 674 1027 729 fuisse
1077 674 1251 744 ipsum
1292 671 1532 740 Patrem,
1575 673 1671 730 sed
1717 673 1837 741 ejus
1880 671 2097 738 Filium,

534 766 629 836 qni
681 766 822 822 idem
877 776 931 821 et
975 766 1116 822 Deus
1177 783 1241 822 ac
1297 766 1560 821 Dominus
1613 765 1915 820 amicorum
1972 763 2095 830 Dei,

535 865 587 910 ct
659 856 895 926 supremi
975 855 1152 912 Patris
1224 857 1463 927 Angelus
1540 856 1645 910 dici
1717 856 2095 913 consueverit.

538 949 634 1017 ιι
670 949 806 1004 Dicit
829 950 995 1020 igitur
1028 948 1114 1005 his
1141 949 1253 1004 fere
1286 950 1465 1004 verbis
1494 968 1507 1004 :
1546 968 1565 1001 ι
1606 949 1669 1004 Ει
1695 949 1972 1020 profectus
2008 956 2100 1005 est

529 1037 698 1094 Jacob
723 1041 776 1093 in
801 1040 1042 1105 Cbaran,
1066 1040 1325 1111 venitque
1351 1040 1405 1094 in
1440 1041 1638 1105 locum,
1671 1051 1725 1096 et
1764 1042 2019 1096 dormivit
2044 1043 2098 1096 in

529 1144 595 1182 eo
624 1148 637 1183 :
669 1131 946 1185 occiderat
975 1132 1117 1186 enim
1153 1132 1266 1195 sol,
1299 1140 1351 1186 et
1384 1133 1592 1202 accepit
1627 1133 1833 1203 lapides
1863 1134 1931 1187 de
1954 1134 2094 1197 loco,

527 1228 581 1274 et
613 1223 899 1292 supposuit
923 1221 1089 1292 capiti
1123 1236 1255 1283 suo,
1299 1230 1353 1274 ct
1390 1221 1642 1276 dormivit
1671 1224 1725 1276 in
1757 1223 1875 1277 loco
1908 1223 2019 1287 illo,
2044 1232 2098 1279 et

528 1314 858 1368 somniavit:
891 1323 946 1369 et
973 1330 1101 1369 ecce
1132 1315 1276 1370 scala
1314 1316 1416 1369 fixa
1440 1316 1611 1377 humi,
1645 1315 1801 1385 cujus
1828 1325 1992 1386 caput
2015 1325 2098 1370 at-

527 1404 769 1474 tingebat
811 1404 1031 1469 coelum,
1059 1415 1113 1460 et
1157 1408 1331 1478 angeli
1366 1406 1459 1461 Dei
1494 1408 1859 1463 ascendebant
1903 1423 1967 1461 ac
2005 1407 2098 1464 de-

526 1498 860 1555 scendebant
897 1514 994 1568 per
1038 1500 1207 1565 illam,
1235 1508 1291 1556 et
1325 1501 1587 1556 Dominus
1616 1501 1835 1557 innixus
1862 1509 1983 1556 erat
2006 1502 2054 1557 ei
2079 1543 2093 1568 ,

523 1598 580 1646 et
607 1590 745 1645 dixit
774 1611 786 1646 :
822 1592 932 1664 Ego
954 1593 1215 1649 Dominus
1247 1593 1386 1649 Deus
1416 1595 1687 1650 Abraham
1716 1596 1884 1665 patris
1912 1595 2012 1658 tui,
2043 1602 2096 1649 et

527 1682 669 1740 Deus
700 1684 869 1748 Isaac,
915 1688 1024 1742 noli
1063 1689 1252 1744 timere
1278 1729 1293 1753 ,
1347 1698 1549 1744 terram
1604 1690 1745 1744 hanc
1799 1689 1854 1743 in
1898 1703 2005 1759 qua
2037 1698 2094 1742 tu

525 1774 767 1840 dormis,
830 1778 926 1833 tibi
980 1778 1121 1834 dabo
1171 1787 1226 1835 et
1278 1779 1471 1835 semini
1530 1790 1661 1835 tuo:
1694 1787 1747 1835 et
1777 1780 1879 1834 erit
1908 1795 2094 1835 semen

524 1877 701 1933 tutan,
729 1878 788 1924 ut
815 1885 979 1925 arena
1004 1882 1167 1927 terrze
1193 1872 1260 1929 ⁸⁸.
1302 1891 1321 1925 ι
1352 1871 1561 1939 Quibus
1608 1873 1869 1944 deinceps
1900 1874 2095 1944 adjun-

525 1961 602 2029 git
629 1977 642 2012 :
682 1978 700 2011 ι
744 1959 810 2014 Et
845 1962 1082 2016 surrexit
1111 1960 1280 2016 Jacob
1311 1976 1487 2025 mane,
1517 1970 1572 2016 et
1604 1962 1808 2031 accepit
1842 1962 2095 2031 lapidem,

525 2067 686 2121 quem
719 2061 1078 2123 supposuerat
1111 2053 1271 2124 capiti
1303 2068 1424 2117 suo,
1460 2061 1514 2108 et
1548 2054 1720 2109 erexit
1754 2053 1904 2107 illum
1941 2053 1995 2107 in
2028 2053 2098 2107 ti-

524 2143 784 2200 tulum".
815 2163 833 2196 ι
864 2146 1121 2201 Oratione
1149 2145 1342 2202 deinde
1363 2161 1703 2217 progressus,
1724 2145 1869 2200 hunc
1895 2146 2094 2215 ipsum.

524 2234 616 2305 qui
651 2235 725 2290 illi
759 2250 819 2291 se
841 2236 1171 2304 ostenderat,
1202 2235 1369 2292 Deum
1400 2251 1463 2290 ac
1500 2235 1820 2299 Dominum,
1856 2220 1969 2291 Dei'
1996 2252 2096 2290 an-

524 2328 703 2398 gelum
757 2330 1020 2385 nominat.
1070 2329 1338 2401 Loquitur
1363 2346 1495 2402 ergo
1547 2329 1744 2398 Jacob;
1799 2349 1817 2382 ι
1873 2339 1930 2385 et
1960 2331 2098 2387 dixit

523 2422 656 2476 mihi
687 2421 922 2493 Angelus
976 2421 1069 2477 Dei
1106 2423 1161 2477 in
1212 2424 1455 2479 somnis:
1490 2422 1702 2479 Jacob:
1753 2422 1862 2493 Ego
1917 2433 2097 2480 autem

523 2514 660 2578 dixi,
690 2512 828 2580 Quid
861 2522 947 2570 est
977 2514 1061 2568 '3?
1098 2534 1118 2566 ι
1155 2514 1231 2569 Ac
1288 2514 1591 2583 deinceps:
1633 2533 1652 2565 ι
1700 2512 1860 2577 Vidi,
1896 2515 2094 2585 inquit,

524 2607 705 2661 omnia
739 2621 1080 2678 quacunque
1109 2605 1234 2661 fecit
1262 2605 1468 2661 Laban.
1517 2606 1629 2677 Ego
1654 2622 1775 2661 sum
1815 2608 1976 2669 Deus,
2004 2608 2097 2678 qui

522 2698 678 2755 visus
702 2714 821 2754 sum
844 2699 939 2753 tibi
974 2700 1027 2753 in
1058 2699 1178 2753 loco
1198 2697 1314 2759 Dei,
1336 2698 1426 2752 uhi
1458 2700 1662 2755 unxisti
1690 2698 1821 2753 mihi
1843 2701 2097 2771 lapidem,

521 2802 817 2862 votumque
851 2791 1045 2847 vovisti
1094 2785 1160 2843 ⁸⁸.
1196 2810 1216 2841 ι
1260 2789 1359 2845 Hic
1393 2806 1525 2846 sane
1574 2792 1749 2855 idem,
1790 2795 1884 2863 qui
1934 2795 2095 2849 etiam

521 2883 750 2939 Abrahae
778 2885 928 2940 visus
956 2892 1061 2946 est,
1100 2882 1242 2940 Deus
1271 2898 1334 2939 ac
1366 2883 1629 2938 Dominus
1664 2886 1987 2955 appellatur,
2005 2888 2098 2957 qui

519 2992 619 3048 per
654 2978 931 3049 mysteria,
964 2976 1239 3031 hominem
1268 2975 1360 3031 Dei
1391 2977 1645 3043 amicum,
1681 2977 1766 3033 sui
1809 2979 1978 3049 patris
2006 2979 2098 3049 jus

518 3077 576 3125 et
609 3076 931 3140 potestatem
955 3067 1112 3123 docet
1133 3112 1147 3133 ,
1193 3083 1255 3122 ac
1287 3069 1544 3123 nonnulla
1576 3069 1790 3124 interim
1822 3073 1980 3141 quasi
2032 3069 2099 3126 de

2205 584 2283 645 είς
2315 582 2406 634 τὸν
2434 582 2679 652 οὐρανὸν,
2715 583 2809 633 καὶ
2839 582 2888 633 οἱ
2918 582 3136 649 ἄγγελοι
3180 580 3276 634 τοῦ
3306 580 3442 634 Θεοῦ
3494 581 3777 635 άνέὸαινον

2203 674 2295 727 καὶ
2327 674 2644 727 κατέϐαινον
2677 674 2763 725 ἐπ’
2789 674 2977 745 αὑτήν.
3017 674 3074 727 '0
3103 673 3161 727 δὲ
3188 672 3392 745 Κύριος
3414 674 3779 745 ὲπεστήρικτο

2203 765 2287 818 ἐπ’
2331 765 2519 835 αὐτῆς,
2549 765 2644 818 καὶ
2676 761 2825 818 εἶπεν
2844 782 2858 795 ο
2900 763 3041 834 Ἐγὼ
3065 765 3268 836 Κύριος
3302 767 3331 819 6
3354 765 3487 830 Θεὸς
3531 755 3780 837 ’Ᾱδραὰμ

2202 855 2294 910 τοῦ
2326 857 2528 929 πατρός
2559 873 2674 921 σου,
2715 857 2807 910 καὶ
2851 858 2880 909 6
2922 857 3054 920 Θεὸς
3097 858 3282 912 Ἰσαάκ
3307 875 3322 891 ο
3377 860 3453 932 μὴ
3503 859 3692 928 φοϐοῦ,
3742 863 3777 933 ἡ

2201 948 2271 1018 γῆ
2332 949 2415 1017 ἐφ’
2443 943 2511 1019 ἧς
2543 950 2605 1002 σὺ
2631 948 2909 1013 καθεύδεις
2941 949 3028 1002 ἐπ’
3068 950 3260 1022 αὐτῆς,
3300 952 3381 1005 σοὶ
3418 950 3572 1005 δώσω
3609 950 3779 1025 αὐτὴν

2201 1041 2295 1093 καὶ
2320 1039 2397 1110 τῷ
2430 1040 2702 1112 σπέρματί
2736 1058 2859 1093 σου·
2887 1043 2981 1096 καὶ
3016 1041 3168 1096 ἔσται
3192 1044 3253 1096 τὸ
3290 1042 3509 1115 σπέρμα
3564 1061 3657 1096 σου
3701 1043 3778 1107 ὡς

2198 1137 2232 1205 ἡ
2270 1134 2450 1205 ἄμμος
2474 1135 2571 1205 τῆς
2599 1135 2700 1205 γῆς
2726 1152 2741 1165 ’
2778 1153 2796 1186 ι
2823 1128 2905 1198 οἷς
2938 1134 3065 1204 ἑξῆς
3095 1135 3337 1204 ἐπιλέγει
3359 1152 3374 1167 ο
3410 1154 3427 1186 ι
3460 1135 3555 1189 καὶ
3577 1132 3776 1206 ἀνέστη

2213 1225 2403 1279 Ἰακὼὸ
2448 1226 2510 1279 τὸ
2557 1226 2722 1296 πρωῒ,
2769 1227 2862 1279 καὶ
2904 1225 3061 1279 ἔλαθε
3108 1225 3200 1278 τὸν
3237 1225 3383 1278 λίθον
3427 1224 3486 1277 δν
3534 1224 3775 1297 ὑπέθηκε

2201 1318 2334 1390 πρὸς
2368 1317 2609 1387 κεφαλῆς
2655 1317 2842 1379 αὑτοῦ,
2875 1316 2968 1369 καὶ
3014 1313 3240 1385 ἔστησεν
3292 1315 3454 1367 αὑτὸν
3500 1315 3719 1386 στήλην.
3748 1335 3769 1370 ο

2201 1407 2330 1463 Εἶτα
2379 1410 2522 1480 πρωῒ
2572 1409 2734 1462 αὐτὸν
2778 1409 2842 1478 δὴ
2897 1407 3082 1460 τοῦτον
3126 1407 3217 1460 τὸν
3256 1406 3586 1476 ἐπιφανέντα
3628 1406 3776 1479 αὐτῷ

2198 1501 2329 1555 Θεὸν
2357 1501 2451 1553 καὶ
2499 1499 2722 1570 Κύριον,
2752 1499 2979 1567 ἄγγελον
3007 1498 3259 1569 ὀνομάζει
3294 1498 3450 1553 Θεοῦ.
3487 1499 3625 1570 Φησὶ
3647 1498 3776 1567 γοῦν

2198 1596 2226 1648 6
2267 1593 2459 1647 Ἰακώϐ
2481 1611 2494 1623 ο
2530 1611 2551 1645 ι
2592 1594 2699 1647 Καὶ
2728 1591 2849 1646 εἶπέ
2897 1611 2984 1663 μοι
3016 1595 3043 1646 6
3074 1593 3299 1660 ἄγγελος
3343 1592 3434 1644 τοῦ
3490 1591 3626 1643 Θεοῦ
3654 1591 3774 1644 καθ’

2200 1683 2392 1737 ὕπνον⁸
2441 1684 2654 1737 Ἰακὼϐ.
2696 1683 2835 1751 Ἐγὼ
2866 1680 3064 1736 δὲέἷπα
3088 1699 3102 1712 ·
3135 1683 3198 1735 Τί
3229 1684 3376 1734 ἐστιν
3400 1698 3414 1745 ;
3441 1701 3458 1731 ι
3492 1682 3602 1735 Καὶ
3629 1681 3774 1752 ἑξῆς,

2205 1796 2223 1827 ι
2265 1776 2532 1849 Ἑώρακα,
2569 1777 2723 1846 φησὶ,
2764 1776 2940 1829 πάντα
2964 1776 3062 1828 ὅσα
3098 1774 3280 1827 Δάθαν
3322 1776 3466 1826 ποιεῖ
3498 1789 3599 1825 σοι.
3635 1771 3776 1840 Ἐγώ

2199 1870 2315 1940 εἰμι
2338 1871 2367 1922 6
2390 1870 2520 1933 Θεὸς
2541 1873 2569 1923 6
2589 1870 2772 1939 ὀφθείς
2801 1885 2882 1922 σοι
2900 1870 2957 1921 ὲν
2988 1869 3140 1939 τόπῳ
3168 1866 3329 1931 Θεοῦ,
3352 1862 3412 1921 οῦ
3435 1867 3659 1939 ῆλειψάς
3686 1884 3774 1937 μοι

2201 1963 2317 2014 ἐκεῖ
2350 1963 2569 2033 στήλην,
2599 1964 2694 2016 καὶ
2728 1962 2877 2033 ηῦξω
2909 1979 2997 2033 μοι
3044 1963 3159 2013 ἐκεῖ
3187 1962 3374 2031 εὐχήν.
3405 1980 3423 2011 ι
3467 1962 3526 2012 '0
3546 1959 3589 2012 δ’
3615 1959 3773 2021 αὐτὸς

2198 2047 2373 2117 οὗτος,
2416 2053 2620 2125 καὶτῷ
2663 2054 2913 2126 Ἀϐραάμ
2954 2054 3315 2125 παραφανεὶς,
3350 2050 3483 2115 Θεὸς
3528 2052 3620 2105 καὶ
3664 2051 3776 2104 Κύ-

2202 2165 2315 2219 ριος
2347 2148 2726 2220 ἀνηγόρευται,
2767 2147 3141 2219 μυσταγωγῶν
3164 2147 3254 2199 τὸν
3285 2145 3504 2215 θεοφιλῆ
3531 2145 3623 2208 τὰς
3648 2145 3776 2216 περὶ

2199 2240 2291 2293 τοῦ
2327 2239 2530 2310 πατρὸς
2561 2240 2865 2305 αὐθεντίας,
2892 2240 2984 2294 καί
3006 2256 3127 2293 τινα
3155 2240 3230 2303 ὡς
3270 2240 3396 2311 περὶ
3429 2238 3612 2310 ἐτέρου
3639 2238 3775 2291 Θεοῦ

2197 2333 2483 2395 διδάσκων,
2518 2333 2554 2387 ἃ
2589 2333 2685 2386 καὶ
2730 2333 2871 2387 κατὰ
2914 2332 3103 2404 καιρὸν
3147 2330 3576 2402 ἐπισκεψόμεθα.
3618 2330 3779 2384 Ἀλλά

2200 2428 2292 2480 καὶ
2320 2427 2395 2497 τῷ
2433 2425 2550 2479 ’1ὼὸ
2575 2426 2762 2479 οὐδένα
2791 2426 2823 2498 ἢ
2857 2425 3043 2479 τοῦτον
3075 2421 3214 2478 εἶναι
3244 2425 3335 2477 τὸν
3360 2421 3778 2495 χρηματίσαντα

2203 2519 2341 2590 μετὰ
2366 2520 2463 2589 τὴν
2510 2518 2759 2590 αὐτάρκη
2788 2517 3202 2589 διαγυμνασίαν,
3229 2519 3290 2570 οὐ
3335 2517 3552 2587 θεμιτὸν
3583 2517 3773 2570 εἰπεῖν.

2200 2612 2472 2683 Πρότερον
2501 2611 2598 2682 μὲν
2632 2611 2740 2683 γὰρ
2771 2611 2858 2665 διὰ
2888 2611 3146 2675 λαίλαπος
3174 2612 3267 2664 καὶ
3295 2611 3470 2679 νεφῶν
3494 2609 3777 2679 ἐπιφανεὶς

2201 2703 2374 2775 αὐτῷ,
2401 2704 2491 2757 τὸν
2534 2703 2670 2757 ὅλων
2698 2704 2831 2756 Θεὸν
2862 2704 3051 2757 ἑαυτὸν
3091 2703 3219 2757 ὄντα
3250 2704 3490 2775 παρίστη
3513 2719 3529 2733 ·
3576 2700 3777 2771 προῖυν

2199 2795 2255 2850 δὲ
2298 2795 2426 2865 ἑξῆς
2469 2795 2659 2849 ἑαυτὸν
2707 2793 3060 2857 ἐπιδείκνυσι,
3103 2794 3242 2847 ὥστε
3284 2794 3447 2862 φάναι
3482 2793 3571 2846 τὸν
3612 2791 3731 2845 Ίὼϐ
3759 2810 3772 2820 ·

2206 2907 2223 2939 σ
2265 2889 2529 2941 ’Ἄκουσον
2559 2887 2617 2941 δέ
2641 2904 2765 2958 μου,
2794 2886 2988 2958 Κύριε,
3022 2887 3108 2940 ἵνα
3137 2885 3292 2954 κάγὼ
3316 2885 3549 2957 λαλήσω.
3587 2884 3777 2956 Ἀκοὴν

2204 2981 2300 3051 μὲν
2325 2980 2508 3050 φωνῆς
2541 2979 2737 3049 ἤκουόν
2767 2996 2858 3032 σου
2888 2982 2951 3032 τὸ
2986 2980 3265 3050 πρότερον,
3293 2980 3408 3032 νυνὶ
3439 2979 3494 3033 δὲ
3523 2979 3551 3031 6
3581 2977 3780 3047 ὀφθαλ-

2204 3073 2303 3142 μός
2336 3089 2437 3142 μου
2472 3070 2682 3141 ἑώρακέ
2719 3087 2796 3124 σε.
2831 3090 2848 3121 ι
2880 3072 2941 3124 Et
2974 3071 3029 3124 δὲ
3064 3071 3138 3141 μὴ
3166 3068 3276 3124 οἶόν
3306 3088 3364 3124 τε
3401 3069 3492 3123 τὸν
3523 3070 3781 3125 ἐπέκεινα

522 3163 630 3217 alio
655 3163 889 3233 quodam
919 3161 1107 3229 refert,
1125 3176 1245 3233 qua:
1276 3178 1408 3219 sane
1437 3179 1539 3220 nos
1568 3179 1669 3219 suo
1698 3163 1821 3218 loco
1844 3163 2095 3220 conside-

2200 3165 2351 3230 Θεὸν,
2394 3166 2486 3218 τὸν
2535 3163 2766 3234 ἀόρατον
2796 3162 2889 3216 καὶ
2931 3162 3240 3232 ἀγέννητον,
3292 3163 3385 3215 κα)⁸
3434 3159 3781 3232 παμϐασιλὲα

520 3254 789 3309 rabimus.
844 3253 987 3321 Quin
1032 3257 1194 3310 etiam
1232 3271 1392 3320 eum,
1445 3256 1538 3326 qui
1584 3263 1705 3310 tum
1736 3256 1956 3311 demum
1992 3255 2096 3326 ipsi

519 3344 643 3411 Iob,
672 3355 798 3417 post
849 3347 985 3402 satis
1033 3346 1245 3416 longam
1286 3348 1732 3403 exercitationem
1775 3348 2092 3418 respondit,

520 3440 688 3494 alium
720 3448 915 3510 praeter
940 3440 1085 3495 hunc
1115 3440 1299 3497 dicere
1320 3440 1496 3498 nefas.
1521 3441 1658 3496 Nam
1690 3442 1781 3511 qui
1817 3449 1996 3504 antea,
2029 3441 2097 3497 de

518 3532 761 3597 turbine,
788 3541 843 3587 et
887 3531 1124 3587 nubibus
1170 3532 1248 3586 illi
1293 3547 1352 3587 se
1385 3531 1729 3593 ostenderat,
1768 3531 1935 3587 Deum
1971 3532 2096 3586 uni-

520 3622 666 3679 versi
694 3638 751 3679 se
793 3637 914 3678 esse
956 3621 1250 3678 indicabat.
1305 3621 1481 3677 Porro
1513 3629 1694 3677 autem
1730 3637 2052 3699 progressus
2075 3659 2093 3685 ,

520 3717 594 3771 ita
624 3716 862 3789 seipsum
895 3718 1098 3788 prmbet
1139 3716 1451 3783 videndum,
1481 3726 1540 3771 ut
1591 3715 1706 3787 ipse
1734 3712 1837 3770 Job
1868 3724 1978 3769 tum
2011 3712 2096 3767 di-

519 3820 608 3865 cat
639 3830 654 3866 :
695 3832 712 3864 ι
759 3811 898 3867 Audi
929 3828 1036 3877 me,
1068 3810 1317 3876 Domine,
1347 3820 1409 3866 ut
1440 3812 1600 3866 etiam
1616 3825 1716 3881 ego
1745 3808 1957 3879 loquar.
1992 3805 2097 3861 So-

517 3904 693 3959 nitum
723 3905 941 3975 quidem
976 3906 1126 3960 vocis
1168 3913 1277 3960 tua:
1309 3904 1490 3958 audivi
1521 3904 1695 3974 prius,
1731 3918 1877 3956 nunc
1912 3911 2093 3956 autem

516 3995 710 4053 oculus
738 4011 893 4053 meus
922 3996 1059 4052 vidit
1112 4004 1167 4051 te
1184 3997 1259 4051 ".
1317 4014 1337 4048 ι
1376 3994 1533 4063 Quod
1578 3996 1624 4052 si
1676 3994 1789 4050 fieri
1829 4010 1937 4049 non
1997 4010 2095 4065 po-

515 4088 655 4154 test,
678 4097 740 4143 ut
772 4089 1073 4146 altissimus
1119 4087 1263 4145 Deus
1304 4089 1595 4144 invisibilis
1628 4095 1682 4142 et
1714 4087 2009 4157 ingenitus,
2042 4096 2096 4142 et

516 4196 616 4238 rex
645 4181 891 4238 universi
916 4197 947 4237 a
977 4182 1193 4237 mortali
1228 4190 1424 4237 natura
1469 4190 1728 4238 cernatur
1748 4221 1764 4247 ,
1821 4181 1943 4251 quis
1975 4187 2096 4234 tan-

519 4273 641 4329 dem
669 4273 779 4342 hic,
820 4274 913 4344 qui
940 4274 1021 4331 sic
1054 4275 1204 4331 visus
1236 4284 1340 4340 est,
1374 4275 1514 4330 alius
1538 4274 1701 4330 fuerit
1726 4314 1741 4337 ,
1779 4283 1974 4344 ιιι-αξιοι·
1999 4271 2093 4328 Dei

518 4362 782 4431 Verbum,
814 4363 959 4434 quod
994 4364 1234 4435 seipsum
1268 4363 1337 4419 ad
1382 4372 1597 4433 tempus
1630 4361 1698 4418 de
1725 4361 1944 4433 propria
1974 4374 2092 4415 ma-

518 4454 803 4527 gnitudine
834 4455 1136 4521 demiserit,
1170 4463 1231 4510 ut
1258 4455 1386 4510 alibi
1414 4469 1631 4526 quoque
1662 4454 1955 4510 dicendum
1975 4455 2090 4510 est?

2198 3256 2307 3311 τῶν
2337 3258 2498 3321 ὅλων,
2524 3256 2691 3327 θνητῇ
2730 3256 2893 3325 φάναι
2936 3255 3257 3328 θεωρεῖσθαι
3292 3255 3473 3324 φύσει,
3518 3255 3601 3318 τίς
3644 3253 3711 3307 ἂν
3751 3256 3780 3307 6

2197 3350 2523 3423 δηλούμενος
2567 3350 2652 3419 εἴη
2684 3350 2822 3419 πλὴν
2854 3348 2949 3402 τοῦ
2983 3349 3117 3421 πρὸς
3163 3348 3320 3419 ἡμῶν
3363 3347 3507 3401 κατὰ
3552 3346 3642 3399 τὸν
3677 3362 3782 3399 πα⁹

2197 3444 2331 3514 τέρα
2402 3443 2888 3515 κυριολογουμένου
2950 3442 3086 3495 Θεοῦ
3137 3443 3350 3510 Λόγους
3413 3440 3524 3493 Καὶ
3575 3439 3629 3493 τί
3698 3439 3782 3492 δεῖ

2201 3537 2420 3591 πλείονα
2464 3538 2590 3609 περὶ
2634 3538 2821 3590 τούτου
2857 3539 3201 3604 συναγαγεῖν,
3234 3533 3409 3604 παρὸν
3456 3534 3519 3584 ἐκ
3549 3530 3657 3583 τῶν
3701 3531 3778 3581 ls-

2202 3630 2311 3700 ρῶν
2346 3628 2542 3699 βίϐλων
2589 3629 2687 3692 τὰς
2730 3628 2934 3681 τούτων
2977 3627 3264 3689 συστάσεις
3304 3624 3636 3695 λαμϐάνεινς
3681 3620 3780 3685 “At;

2199 3722 2293 3776 καὶ
2327 3723 2479 3774 αὐτοὶ
2519 3721 2657 3775 κατὰ
2687 3721 2784 3793 τὴν
2830 3721 3196 3792 προκειμένην
3229 3716 3481 3771 ὑπόθεσιν
3526 3714 3619 3768 ἐπὶ
3654 3730 3781 3786 σχο-

2197 3814 2295 3886 λῆς
2320 3814 2709 3886 ἀναλεξὸμεθα,
2743 3817 2823 3879 είς
2852 3812 3122 3877 ἀπόδειξιν
3152 3810 3246 3864 τοῦ
3276 3810 3407 3880 μηδὲ
3435 3809 3590 3862 ἄλλον
3621 3807 3654 3879 ἢ
3688 3807 3783 3861 τὸν

2197 3906 2289 3959 τοῦ
2312 3906 2447 3960 Θεοῦ
2474 3908 2643 3976 Λόγον
2670 3903 2805 3959 εἶναι
2839 3907 2929 3959 τὸν
2952 3907 3065 3969 τοῖς
3094 3903 3362 3973 θεοφιλὲσι
3405 3900 3782 3972 προπάτορσιν

2198 3997 2523 4070 ἑωραμένον.
2562 3997 2772 4053 Οὐκοῦν
2801 3997 2940 4070 μετὰ
2965 3997 3063 4068 τὴν
3104 3997 3231 4068 περὶ
3256 3993 3350 4048 τοῦ
3381 3994 3487 4046 τῶν
3519 3993 3653 4045 ὅλων
3684 3989 3783 4062 δη-

2200 4091 2461 4163 μιουργοῦ
2491 4091 2762 4163 διάληψιν,
2805 4090 2991 4144 καὶτὰ
3026 4090 3151 4161 περὶ
3183 4086 3275 4141 τοῦ
3310 4084 3548 4158 Χριστοῦ
3585 4081 3780 4148 κοινῶς

2194 4185 2325 4254 ἡμῖν
2356 4202 2417 4239 τε
2449 4184 2720 4247 κάκείνοις
2748 4182 3125 4254 παραδέδοται.
3160 4179 3351 4232 Ἔνθεν
3378 4179 3473 4231 καὶ
3510 4174 3780 4247 Χριστοίδς

2195 4275 2393 4339 αὐτοὺς
2442 4274 2508 4345 δὴ
2584 4273 2829 4335 ἐκείνους
2873 4272 2997 4334 τοὺς
3045 4269 3152 4342 πρὸ
3197 4266 3437 4331 Μωσέως
3490 4264 3775 4334 θεοφιλεῖς,

2195 4363 2479 4438 ὡσπεροῦν
2539 4365 2688 4435 ἡμᾶς
2728 4362 3107 4434 Χριστιανοὺς,
3157 4360 3338 4431 εῦροις
3398 4358 3463 4412 ἂν
3503 4353 3779 4425 κεκλημέ-

2195 4475 2341 4521 νους.
2374 4456 2484 4509 Καὶ
2510 4455 2669 4509 τοῦτο
2708 4454 2763 4507 δὲ
2806 4453 3132 4517 ἐπάκουσον,
3170 4450 3245 4515 ὣς
3279 4465 3410 4519 φησι
3440 4447 3567 4518 περὶ
3598 4442 3781 4499 αὐτῶν

517 4545 784 4602 Ceterum
810 4546 943 4618 quid
984 4547 1139 4617 plura
1183 4547 1250 4601 de
1280 4546 1468 4601 eadem
1511 4561 1570 4602 re
1614 4544 1669 4600 in
1718 4544 1864 4599 hunc
1912 4544 2092 4599 locum

2200 4549 2254 4603 ὲν
2277 4546 2524 4618 Ψαλμοῖς
2550 4545 2609 4598 τὸ
2630 4545 2811 4613 λόγιον
2837 4561 2849 4573 ·
2884 4563 2903 4595 ι
2948 4544 3036 4597 Ἐν
3065 4543 3141 4615 τῷ
3173 4537 3311 4596 εῖναι
3338 4540 3530 4601 αὐτοὺς
3556 4533 3779 4610 ἀριθμῷ

517 4650 812 4708 congerere
837 4652 975 4708 opus
1001 4646 1103 4702 est,
1127 4651 1250 4691 cum
1283 4635 1475 4691 barum
1520 4650 1699 4692 rerum
1727 4634 2099 4691 confirmatio-

517 4743 619 4785 nes
651 4743 683 4784 e
712 4729 885 4785 sacris
910 4729 1066 4785 libris
1097 4729 1345 4800 accipere
1373 4727 1515 4782 haud
1541 4726 1756 4785 difﬁcile
1806 4728 1921 4783 sit?
1948 4726 2097 4794 Quas

519 4820 709 4890 utique
739 4819 906 4877 etiam
950 4835 1051 4877 nos
1100 4822 1156 4875 in
1186 4820 1733 4891 materiaproposita
1780 4835 1880 4892 per
1925 4819 2095 4874 otium

518 4912 801 4968 collecturi
857 4929 1089 4978 sumus,
1148 4921 1210 4969 ut
1267 4913 1615 4970 ostendamus
1666 4914 1875 4968 nullum
1932 4912 2098 4966 alium

520 5002 691 5059 fuisse
721 5003 829 5062 nisi
855 5005 951 5061 Dei
972 5003 1237 5074 Verbum,
1266 5008 1356 5078 qui
1389 5008 1456 5063 ab
1500 5006 1738 5077 antiquis
1769 5004 1862 5060 Dei
1899 5003 2093 5058 amicis

523 5095 774 5162 patribus
802 5105 887 5151 est
915 5096 1088 5152 visus.
1116 5095 1300 5169 Itaque
1322 5105 1444 5180 pqst
1490 5110 1673 5153 rerqu
1704 5095 1949 5149 omnium
1973 5092 2093 5161 opi-

525 5184 642 5239 ficis
672 5201 889 5252 nomen,
928 5187 1032 5259 12
1065 5187 1226 5242 etiam
1260 5204 1321 5244 ea
1354 5203 1476 5259 quae
1505 5186 1573 5241 ad
1597 5184 1875 5242 Christum
1925 5183 2099 5253 perti-

522 5286 674 5343 nent,
697 5294 849 5350 aeque
872 5282 1051 5348 nobis,
1076 5289 1238 5353 atque
1283 5281 1392 5338 illis
1413 5323 1427 5348 ,
1469 5278 1855 5348 communique
1880 5277 2095 5331 ratione

524 5372 739 5443 prodita
777 5381 925 5430 sunt.
981 5373 1150 5442 Quam
1182 5375 1254 5432 ob
1282 5391 1396 5431 rem
1440 5372 1678 5428 christos
1735 5385 1950 5442 quoque
2002 5385 2096 5426 eos

2202 4638 2441 4712 βραχεῖς,
2475 4637 2783 4706 ὁλιγοστοῦς
2806 4635 2900 4690 καὶ
2928 4635 3223 4707 παροίκους
3248 4636 3306 4687 ὲν
3329 4632 3488 4701 αὐτῇ,
3516 4629 3609 4682 καὶ
3638 4626 3779 4695 διῆλο

2201 4725 2294 4778 θον
2324 4724 2383 4791 ἐξ
2428 4723 2612 4788 ἔθνους
2639 4725 2718 4788 είς
2760 4723 2932 4788 ἔθνος,
2969 4725 3064 4777 καὶ
3116 4724 3181 4775 ὲκ
3215 4719 3489 4791 βασιλείας
3538 4719 3616 4779 εἰς
3648 4715 3777 4770 λαὸν

2200 4815 2406 4888 ἕτερον,
2440 4815 2540 4869 οὐκ
2569 4815 2779 4887 ἀφῆκεν
2809 4815 3094 4887 ἄνθρωπον
3138 4811 3394 4881 ἀδικῆσαι
3427 4810 3642 4873 αὐτοὺς,
3682 4806 3776 4862 καὶ

2201 4906 2423 4978 ἡλεγξεν
2465 4907 2606 4980 ὑπὲρ
2637 4906 2818 4962 αὐτῶν
2863 4906 3121 4977 βασιλεῖς,
3150 4904 3325 4972 λέγων
3348 4918 3362 4931 ·
3404 4901 3494 4974 Μὴ
3538 4899 3774 4955 ἅπτεσθε

2200 4997 2307 5051 τῶν
2333 4999 2581 5070 Χριστῶν
2611 5016 2732 5072 μου,
2764 4999 2859 5052 καὶ
2884 5000 2941 5051 ὲν
2973 5000 3085 5061 τοῖς
3112 4998 3412 5068 προφήταις
3446 5012 3545 5066 μου
3581 4993 3654 5064 μὴ
3681 5009 3778 5045 πο-

2200 5091 2512 5164 νηρεύεσθε.
2565 5111 2584 5144 ι
2630 5092 2816 5145 Ταῦτα
2844 5090 2951 5162 γάρ
2992 5090 3083 5142 ἐπὶ
3109 5087 3203 5141 τοῦ
3246 5087 3513 5159 Ἀϐραὰμ,
3558 5081 3774 5138 καὶτοῦ

2204 5184 2410 5248 Ἰσαὰκ,
2435 5187 2529 5241 καὶ
2557 5185 2649 5239 τοῦ
2682 5184 2879 5239 Ἰακὼὸ
2907 5183 3249 5257 άνειρῆσθαι,
3274 5184 3307 5254 ἡ
3328 5183 3475 5236 πᾶσα
3502 5179 3776 5249 σύμφασις

2199 5275 2294 5331 τοῦ
2327 5278 2485 5347 λόγου
2513 5279 2861 5350 παρίστησιν.
2896 5277 3056 5330 Ὥστε
3101 5277 3194 5330 καὶ
3243 5276 3343 5346 τῆς
3392 5270 3485 5326 τοῦ
3536 5266 3777 5342 Χριστοῦ

2198 5370 2568 5442 προσηγορίας
2588 5372 2722 5440 ἡμῖν
2749 5369 2949 5441 ὁμοίως
2980 5368 3314 5424 ἐκοινώνουν.

527 5466 675 5535 ipsos
717 5469 810 5538 qui
868 5479 994 5526 ante
1043 5471 1246 5529 Mosem
1303 5469 1465 5523 amici
1515 5467 1917 5538 familiaresque
1984 5465 2078 5522 Dei
2128 5465 2370 5532 fuerunt,
2426 5466 2570 5521 sicut
2593 5481 2692 5523 nos
2737 5466 3099 5529 Christianos,
3144 5464 3444 5536 appellatos
3492 5459 3771 5519 invenies,

525 5564 635 5623 sed
657 5567 805 5634 audi,
840 5585 1042 5640 quaso,
1073 5570 1203 5641 quid
1235 5568 1304 5622 de
1352 5568 1459 5621 illis
1488 5565 1769 5623 oraculum
1798 5565 1854 5620 in
1881 5562 2113 5620 Psalmis
2140 5563 2281 5619 dicit
2310 5583 2321 5617 :
2364 5579 2383 5613 ι
2423 5562 2559 5618 Cum
2612 5573 2794 5617 essent
2848 5577 3077 5618 numero
3125 5561 3337 5624 breves,
3367 5551 3679 5627 paucissimi
3721 5559 3775 5603 et

526 5664 721 5720 incolae
756 5663 806 5718 in
840 5680 922 5731 ea,
951 5676 1003 5719 et
1037 5661 1374 5717 transierunt
1406 5658 1472 5714 de
1502 5665 1659 5731 gente
1701 5658 1756 5711 in
1784 5664 2020 5728 gentem,
2049 5661 2103 5708 et
2136 5654 2203 5708 de
2252 5668 2415 5725 regno
2464 5653 2518 5708 in
2577 5653 2836 5724 populum
2871 5653 3139 5716 alterum,
3183 5664 3294 5703 non
3346 5644 3555 5701 dimisit
3601 5642 3776 5698 homi-

601 5846 648 5880 ⁸⁸
689 5814 823 5903 Cen.
868 5858 1062 5911 xxvm,
1110 5844 1293 5899 10-14.
1375 5844 1419 5878 δ’
1462 5843 1596 5902 ibid.
1640 5842 1727 5899 i8.
1756 5842 1850 5927 ﬂ“
1890 5840 2003 5899 Gen
2063 5858 2095 5897 x

2217 5883 2231 5908 ,
2277 5843 2360 5897 Η.
2440 5847 2484 5879 ³³
2525 5843 2657 5900 ibid.
2706 5839 2906 5908 12,13.
2986 5837 3030 5869 ⁸⁸
3062 5834 3165 5890 Job
3225 5847 3358 5897 xtn,
3395 5828 3449 5893 ι,
3492 5828 3545 5884 ε.

3494 5828 3527 5853 ρ
