4106 6458
370 444 443 503 49
1286 440 1942 499 DEMONSTRATIONIS
1980 440 2438 498 EVANGELleE
2473 443 2599 500 LIB.
2642 443 2683 498 1.
3530 445 3602 502 50

358 574 483 620 nem
512 574 706 617 nocere
725 558 823 624 eis,
841 565 895 615 et
920 558 1299 631 increpuitpro
1317 560 1425 615 illis
1452 574 1607 633 reges
1628 557 1821 614 dicens
1846 555 2055 612 :Nolite
2080 566 2298 630 tangere
2319 559 2557 616 christos
2585 575 2761 624 meos,
2798 562 2922 615 etin
2955 561 3239 631 prophetis
3264 562 3399 616 meis
3433 561 3601 618 nolite

355 655 645 724 malignari
662 654 727 708 ⁸¹.
761 673 780 705 ι
818 652 943 709 Haec
967 670 1098 710 sane
1120 654 1188 711 de
1210 654 1505 719 Abraham,
1544 661 1600 711 et
1622 652 1791 718 isaac,
1834 660 1888 709 ct
1917 650 2084 707 Iacob
2108 651 2254 708 edita
2285 668 2406 709 esse
2439 654 2679 720 oracula,
2704 660 2814 709 tota
2840 653 3161 725 compositio
3183 662 3237 710 et
3260 655 3601 712 continuatio

354 746 619 803 orationis
641 744 897 802 ostendit.
918 746 1185 813 Quocirca
1208 747 1414 803 Christi
1443 763 1661 820 quoque
1688 744 2106 818 appellationem
2125 743 2409 800 nobiscum
2438 760 2779 801 communem
2809 745 3021 815 pariter
3045 745 3310 802 habuere.

843 860 1244 916 ΚΕΦΑΛΑΙΟΝ
1280 863 1369 929 εῖν.

359 952 453 1018 Τίς
477 954 511 1005 ὁ
552 952 702 1023 κατὰ
722 953 842 1023 τὴν
872 952 1101 1021 Καινὴν
1122 954 1418 1020 Διαθήκην
1448 951 1925 1023 κατηγγελμένος

488 1021 608 1075 ὑπὸ
638 1022 746 1075 τοῦ
770 1023 1027 1092 Χριστοῦ
1054 1023 1244 1079 πᾶσιν
1265 1021 1596 1093 ἀνθρώποις
1612 1021 1780 1089 βίος.

435 1111 590 1166 Ἀλλά
623 1114 717 1166 καὶ
763 1115 792 1167 6
837 1114 958 1167 κατ’
989 1113 1187 1185 ἀρετὴν
1218 1112 1351 1182 βίος,
1397 1115 1431 1185 ἥ
1476 1131 1537 1168 τε
1583 1115 1723 1169 κατά
1771 1114 1923 1167 εὐσέ-

350 1203 500 1259 ϐειαν
538 1205 801 1272 πολιτεία,
837 1206 1023 1281 ὥσπερ
1062 1209 1175 1270 τοῖς
1217 1206 1425 1262 ἔθνεσιν
1469 1208 1640 1262 ἀπασι
1683 1207 1772 1262 διὰ
1821 1207 1921 1277 τῆς

346 1296 440 1350 τοῦ
485 1296 726 1370 Χριστοῦ
768 1298 1050 1363 νουθεσίας
1087 1300 1427 1372 κεκήρυκται
1474 1299 1598 1369 δίχα
1640 1300 1738 1369 τῆς
1781 1297 1921 1352 κατὰ

344 1391 547 1446 Μωσέα
607 1392 888 1464 διαταγῆς,
919 1391 1093 1456 οὕτως
1116 1392 1208 1445 καὶ
1228 1394 1338 1456 τοῖς
1365 1392 1612 1456 παλαιοῖς
1640 1391 1864 1455 ἐκείνοις
1890 1392 1919 1443 6

344 1481 506 1546 αὐτὸς
548 1482 647 1554 τῆς
681 1482 961 1547 εὐσεϐείας
1005 1482 1350 1554 κατωρθοῦτο
1394 1483 1613 1555 τρόπος.
1660 1482 1784 1536 Οὓτ’
1826 1477 1918 1535 οὖν

346 1573 596 1646 σώματος
638 1576 819 1639 αὐτοῖς
860 1576 1159 1647 περιτομῆς
1206 1574 1418 1646 ἔμελεν,
1467 1577 1549 1629 ὅτι
1594 1576 1714 1646 μηδ’
1763 1577 1913 1647 ἡμῖν,

341 1663 465 1717 οὔτε
494 1664 706 1736 ἀποχῆς
740 1665 848 1719 τῶν
892 1665 1109 1720 τοιῶνδε
1143 1664 1296 1731 ζώων
1343 1665 1617 1738 βρώσεως,
1660 1667 1741 1720 ὅτι
1778 1666 1915 1736 μηδὲ

341 1756 493 1827 ἡμῖν.
534 1757 741 1810 Αὐτίκα
771 1756 861 1810 τὸν
889 1756 1219 1833 Μελχισεδὲκ
1251 1760 1279 1812 6
1317 1759 1515 1829 Μωσῆς
1584 1759 1791 1828 εἰσάγει
1837 1760 1919 1812 ιε·-

343 1848 442 1919 psa.
465 1846 560 1901 τοῦ
594 1847 728 1902 Θεοῦ
759 1848 1005 1919 ὑψίστου,
1034 1850 1094 1903 οὐ
1121 1851 1182 1904 τὸ
1228 1850 1386 1922 σῶμα
1430 1850 1911 1922 περιτετμημένον,

339 1941 401 1993 οὐ
439 1940 595 2014 μύρῳ
624 1941 919 2013 ξσκευαστῷ
965 1943 1105 1997 κατά
1147 1944 1349 1997 Μωσέα
1400 1945 1781 2016 κεχρισμένον,
1850 1945 1910 1997 οὐ

340 2031 610 2086 σάϐϐατον
665 2033 723 2086 τί
752 2036 868 2088 ποτ’
918 2035 1063 2088 ἐστὶν
1113 2035 1310 2101 εἰδότα,
1357 2037 1466 2090 οὐδ’
1506 2037 1643 2099 ὅλως
1697 2054 1750 2089 τι
1806 2035 1927 2090 τῶν·

338 2123 476 2196 μετά
513 2124 686 2179 ταῦτα
726 2125 804 2197 τῷ
838 2128 1002 2181 παντὶ
1046 2127 1315 2182 Ἰουδαίων
1346 2128 1487 2182 ἔθνει
1545 2129 1635 2182 διὰ
1665 2127 1909 2194 Μωσέως

1949 864 1996 918 A

2620 854 2849 912 CAPUT
2900 856 2990 914 Vl.

2029 945 2285 1020 Quwnam
2317 958 2493 1020 mea,
2519 963 2645 1020 quis
2679 949 2734 1003 in
2768 947 2914 1004 Novo
2969 950 3299 1005 Testamento
3355 952 3596 1008 omnibus

2190 1018 2486 1074 hominibus
2520 1017 2553 1073 ἐι
2583 1017 2792 1075 Christo
2824 1022 3132 1074 denuntiata
3164 1031 3265 1085 est,
3296 1022 3422 1078 vita.

2096 1109 2202 1168 Sed
2224 1119 2278 1167 et
2309 1127 2372 1167 ea
2409 1127 2531 1183 quae
2573 1113 2831 1168 virtutem
2873 1120 3114 1169 sectatur
3141 1115 3263 1168 vitae
3313 1115 3483 1179 ratio,
3539 1123 3595 1171 et

2022 1217 2145 1272 quae
2173 1203 2425 1273 pietatem
2456 1204 2703 1275 amplexa
2741 1211 2826 1260 est
2862 1204 3046 1260 civilis
3084 1204 3357 1261 institutio
3379 1245 3394 1270 ,
3450 1206 3594 1261 sicut

2022 1290 2227 1361 absque
2285 1291 2450 1348 Mosis
2508 1294 2938 1357 constitutione,
3002 1294 3254 1351 omnibus
3302 1295 3589 1365 gentibus,

2020 1380 2240 1437 Christo
2270 1385 2538 1440 monitore
2590 1385 2859 1456 patefacta
2913 1394 3032 1451 est,
3089 1389 3163 1441 ita
3212 1388 3370 1458 plane
3401 1388 3591 1443 eadem

2018 1473 2235 1544 pietatis
2269 1490 2333 1531 ac
2355 1478 2633 1551 religionis
2662 1476 2805 1548 apud
2834 1478 3043 1547 priscos
3074 1478 3194 1534 illos
3218 1480 3590 1549 complebatur

2020 1566 2176 1621 ratio.
2197 1565 2379 1638 Neque
2410 1569 2575 1640 igitur
2604 1578 2664 1623 ut
2684 1570 3389 1641 corpuscircumciderent,
3414 1587 3592 1641 neque.

2019 1668 2079 1715 ut
2108 1661 2176 1714 ab
2204 1661 2420 1727 borum,
2455 1670 2549 1718 aut
2594 1663 2810 1719 illorum
2832 1664 3147 1721 animalium
3177 1665 3434 1723 carnibus
3462 1667 3589 1723 abs-

2018 1755 2285 1819 tinerent,
2330 1756 2408 1809 illi
2453 1757 2761 1812 curabant:
2797 1759 3053 1829 quoniam
3097 1774 3167 1814 ne
3207 1775 3307 1815 nos
3346 1760 3585 1831 quidem.

2016 1844 2228 1901 Etenim
2286 1847 2537 1916 protinus
2593 1847 2953 1906 Melchisedec
3000 1850 3208 1906 inducit
3251 1850 3461 1917 Moses,
3499 1867 3590 1908 sa-

2015 1938 2289 1994 cerdotem
2313 1938 2405 1994 Dei
2434 1939 2708 2005 altissimi,
2738 1941 2833 2012 qui
2866 1958 3039 2013 neque
3080 1958 3307 2013 corpore
3340 1954 3455 2000 erat
3485 1944 3590 1998 cir-

2014 2031 2330 2095 cumcisus,
2396 2047 2574 2101 neque
2647 2041 2924 2102 unguento
2988 2042 3311 2105 comparato
3355 2050 3422 2090 ex
3472 2036 3591 2106 lege

2015 2120 2181 2176 Mosis
2224 2121 2518 2188 delibutus,
2553 2138 2728 2193 neque
2765 2124 2895 2194 quid
2942 2125 3230 2180 sabbatum
3276 2135 3444 2189 esset,
3476 2127 3588 2181 ullo

335 2218 801 2293 παρηγγελμένων
830 2219 1106 2285 ἐπαΐοντα,
1134 2219 1391 2292 ἄντικρυς
1420 2221 1476 2274 δὲ
1517 2221 1657 2273 κατά
1682 2222 1744 2273 τὸ
1776 2223 1899 2294 Χρι-

2013 2214 2177 2269 modo
2228 2214 2478 2279 edoctus,
2512 2231 2688 2285 neque
2735 2225 2993 2287 praeterea
3026 2219 3324 2289 quidquam
3361 2219 3546 2274 omnin

336 2309 462 2363 στοῦ
494 2311 823 2380 Εὐαγγέλιον
858 2311 1094 2382 βιοῦντα.
1126 2312 1272 2383 Πλὴν
1300 2312 1413 2365 ἀλλ’
1444 2314 1593 2384 ὅμως
1623 2313 1771 2384 ἱερέα
1816 2312 1907 2366 τοῦ

333 2395 468 2453 Θεοῦ
520 2400 613 2453 τοῦ
661 2402 883 2470 ὑψίστου
932 2402 1097 2473 φησὶν
1140 2402 1303 2455 αὐτὸν
1349 2403 1379 2454 6
1442 2404 1648 2474 Μωσῆς
1692 2406 1909 2474 γεγονέ-

332 2504 442 2551 ναι,
483 2490 577 2541 καὶ
612 2488 702 2542 τοῦ
748 2490 997 2561 Ἀϐραὰμ
1033 2490 1336 2561 κρείττονα.
1368 2493 1630 2563 Εξσῆκται
1653 2494 1784 2563 γοῦν
1818 2495 1908 2549 τὸν

345 2579 594 2653 Ἀϐραὰμ
634 2580 889 2650 εὐλογῶν.
937 2583 1189 2648 Τοιοῦτός
1229 2602 1313 2648 τις
1356 2580 1425 2655 ἦν
1474 2587 1567 2639 καὶ
1617 2586 1761 2650 Νῶε,
1811 2588 1906 2642 ἀνι

333 2670 549 2746 θρώπος
575 2672 783 2735 δίκαιος
813 2675 869 2727 ὲν
912 2677 978 2745 τῇ
1012 2677 1176 2746 γενεᾷ
1208 2675 1395 2739 αὐτοῦ,
1433 2676 1491 2729 ὃν
1522 2678 1613 2730 κα)⁵
1654 2676 1907 2750 ζὼπυρον

332 2762 552 2834 σπέρμα
586 2762 666 2835 τῷ
691 2766 834 2833 γένει
870 2765 979 2821 τῶν
1009 2765 1313 2839 ἀνθρώπων
1335 2768 1392 2820 ὲν
1418 2771 1482 2841 τῇ
1510 2769 1602 2823 τοῦ
1630 2771 1906 2824 κατακλυ-

331 2853 467 2923 σμοῦ
497 2853 690 2926 φθορᾷ,
714 2855 929 2909 πάντων
952 2856 1061 2909 τῶν
1083 2857 1175 2910 ἐπὶ
1187 2858 1288 2929 γῆς
1309 2859 1713 2930 ἀπολλυμένων,
1745 2863 1774 2915 6
1797 2863 1904 2916 τῶν

326 2945 463 2999 ὅλων
495 2946 627 3012 Θεὸς
666 2947 1002 3016 διεφύλαξεν.
1049 2950 1215 3003 Οὐδὲν
1258 2950 1390 3018 γοῦν
1433 2952 1553 3006 οὐδὲ
1597 2947 1753 3019 οὗτος
1792 2954 1902 3008 τῶν

340 3035 644 3091 Ἰουδαϊκῶν
673 3038 810 3091 ὲθῶν
845 3040 1228 3112 ἐπιστάμενος,
1250 3040 1373 3096 οὔτε
1407 3044 1465 3098 ὲν
1504 3048 1771 3118 περιτομῇ
1800 3046 1904 3099 σώ-

331 3143 523 3196 ματος,
583 3127 701 3184 οὔτ’
727 3131 783 3183 ἐν
815 3133 928 3195 τοῖς
966 3131 1147 3197 ἄλλοις
1175 3134 1288 3197 τοῖς
1313 3133 1420 3192 ὑπὸ
1452 3136 1695 3201 Μωσέως
1723 3137 1900 3192 διατε-

322 3221 634 3293 ταγμένοις,
666 3223 816 3294 ὅμως
843 3224 1070 3291 δίκαιος,
1100 3227 1149 3280 εἰ
1174 3226 1266 3280 καί
1284 3245 1367 3291 τις
1396 3227 1576 3296 ἄλλος,
1605 3230 1904 3302 ἀνηγόρευ-

320 3328 431 3366 ται.
475 3315 586 3368 Kal
628 3316 734 3388 πρό
785 3334 849 3385 γε
896 3316 1087 3371 τούτου
1134 3321 1163 3372 6
1225 3319 1413 3390 Ἑνὼχ,
1458 3321 1516 3386 ὂς
1564 3323 1658 3376 καὶ
1682 3323 1901 3393 λέγεται

322 3406 746 3478 εὔηρεστηκέναι
776 3408 853 3481 τῷ
899 3409 1054 3481 Θεῷ,
1103 3412 1199 3465 καὶ
1242 3414 1672 3484 μετατεθεῖσθαι,
1704 3416 1780 3480 ὡς
1823 3417 1899 3489 μὴ

320 3498 671 3571 εὑρίσκεσθαι
718 3500 882 3555 αὐτοῦ
932 3502 1179 3558 θάνατον.
1216 3504 1468 3570 Τοιοῦτος
1514 3507 1570 3559 δὲ
1612 3508 1706 3561 καὶ
1747 3502 1901 3572 οὗτος

318 3590 576 3659 γεγονὼς,
590 3592 711 3647 οὔτε
726 3595 884 3666 σῶμα
908 3595 1293 3668 περιτέτμητο,
1317 3597 1629 3671 οὔτ’ἔτιτῆς
1644 3600 1744 3671 (5⁸)
1771 3602 1901 3656 Μω-

319 3680 458 3745 σέως
485 3683 674 3755 μετῄει
708 3686 1050 3758 νομοθεσίας,
1077 3687 1336 3761 ἄντικρυς
1375 3690 1433 3743 δὲ
1476 3692 1897 3762 Χριστιανικῶς,

314 3773 430 3827 ἀλλ’
476 3775 599 3847 οὐχ).
648 3768 958 3842 Ἰουδαϊκῶς
996 3778 1106 3844 ζῶν
1140 3781 1474 3853 ἀναπέφηνε.
1514 3783 1625 3836 Kal
1656 3782 1820 3846 αὐτὸς
1853 3782 1905 3836 6’

312 3864 343 3917 6
399 3865 678 3937 Ἀϐραὰμ,
723 3869 862 3939 μετά
898 3872 1024 3934 τοὺς
1067 3872 1595 3944 προωνομασμένους
1636 3872 1895 3943 γεγονὼς,

313 3957 409 4011 καὶ
447 3956 711 4031 νεώτερος
743 3962 874 4033 παρ’
926 3963 1126 4026 αὐτοὺς
1162 3968 1275 4028 τοῖς
1318 3966 1554 4036 χρόνοις,
1586 3967 1897 4038 πρεσϐύτης

310 4047 368 4102 δὲ
388 4048 478 4103 διὰ
506 4049 605 4121 τὴν
638 4051 877 4124 ἡλικίαν,
907 4054 996 4108 διὰ
1026 4058 1153 4120 τοὺς
1181 4056 1474 4127 μέλλοντας
1506 4058 1564 4124 ἐξ
1593 4059 1758 4112 αὐτοῦ
1791 4059 1894 4130 φῦ-

309 4157 421 4204 ναι,
470 4139 655 4216 ὥσπερ
702 4143 823 4197 τινὰ
868 4146 1139 4217 σφραγῖδα
1179 4147 1280 4219 τὴν
1322 4149 1624 4222 περιτομὴν
1678 4150 1894 4221 πρῶτος

309 4231 570 4303 ὑπέμεινε
589 4231 685 4286 τοῦ
710 4232 983 4306 σώματος,
1013 4235 1302 4309 γνώρισμα
1328 4239 1427 4310 τῆς
1455 4240 1621 4294 αὐτοῦ
1643 4241 1893 4312 διαδοχῆς

306 4325 418 4387 τοῖς
467 4323 525 4390 ἐξ
575 4324 740 4379 αὐτοῦ
783 4326 926 4380 κατά
978 4329 1157 4399 σάρκα
1195 4330 1581 4401 γενησομένοις
1629 4334 1783 4386 τουτὶ
1833 4333 1893 4385 τὸ

309 4417 535 4486 σημεῖον
570 4416 900 4488 παραδιδοὺς
948 4419 1164 4492 φέρειν·
1199 4421 1304 4493 πρὸ
1351 4421 1408 4475 δέ
1454 4439 1517 4491 γε
1563 4424 1663 4495 τῆς
1708 4424 1892 4478 παιδο-

306 4505 510 4569 ποτνίας,
533 4506 627 4560 καὶ
644 4508 748 4577 πρὸ
773 4508 871 4580 τῆς
894 4512 1214 4583 περιτομῆς,
1247 4514 1342 4566 καὶ
1366 4514 1528 4579 αὐτὸς
1545 4515 1632 4568 διὰ
1644 4515 1744 4587 τῆς
1762 4516 1888 4588 (3“)

306 4594 415 4648 ⁴τῶν
453 4596 685 4652 εἰδώλων
729 4601 1153 4674 ἀναχωρήσεως,
1204 4606 1309 4673 καὶ⁸
1349 4606 1450 4676 τῆς
1500 4607 1621 4671 ἐνὸς
1654 4608 1747 4662 τοῦ
1793 4612 1887 4663 ἐπὶ

305 4686 524 4745 πάντων
551 4690 685 4746 Θεοῦ
718 4694 1025 4765 ὁμολογίας,
1060 4696 1154 4749 καὶ
1175 4696 1262 4750 διά
1292 4699 1454 4769 μόνου
1479 4699 1575 4753 τοῦ
1605 4702 1724 4755 κατ’
1758 4703 1887 4774 ἀρε-

303 4780 406 4853 τὴν
433 4781 548 4852 βίου
586 4786 861 4843 δείκνυται
900 4790 1324 4861 Χριστιανικῶς,
1359 4791 1473 4846 ἀλλ’
1501 4793 1621 4864 οὐχὶ
1662 4794 1882 4849 Ἰουδαῖ-

2013 2237 2177 2269 ιιιυαυ
2228 2237 2478 2279 cuuuus,
2512 2237 2688 2285 neque
2735 2237 2993 2287 praetcrea
3026 2237 3324 2289 qumquam
3361 2237 3546 2274 omnm

2010 2322 2237 2370 eorum,
2288 2323 2408 2379 quae
2455 2307 2722 2363 universa:
2771 2307 3081 2364 Iudaeorum
3132 2311 3278 2380 genti
3318 2326 3413 2381 per
3470 2237 3586 2379 M02

2009 2413 2123 2454 sem
2151 2398 2426 2470 descripta
2490 2401 2863 2472 imperataque
2917 2410 3067 2467 sunt,
3125 2402 3430 2474 intelligens
3488 2382 3591 2481 adu

2008 2490 2190 2546 sciens
2221 2531 2235 2555 ,
2308 2492 2405 2546 sed
2464 2493 2622 2563 plane
2665 2500 2725 2547 ut
2780 2492 2984 2548 Christi
3037 2493 3387 2565 Evangelium
3445 2478 3586 2611 prae-1

2008 2581 2135 2611 ηἶηῖο
2232 2584 2420 2611 εοῖινηηη
2505 2583 2746 2611 Δίρκη-Α..
2798 2584 2974 2611 ἕπει-...ει
3035 2584 3179 2611 In“...
3239 2586 3576 2611 ΑΑΛΑ-Ᾰηιη...

2007 2581 2184 2651 cipit,
2232 2584 2443 2638 vivens.
2495 2583 2749 2639 Attamen
2798 2584 2975 2654 ipsum
3035 2584 3181 2639 hunc
3238 2581 3591 2661 sacerdotem‘;

2008 2669 2104 2726 Dei
2153 2672 2406 2727 altissimi
2453 2671 2659 2738 fuisse,
2717 2673 2859 2728 idem
2920 2672 3099 2730 Moses
3159 2674 3390 2730 allirmat
3425 2716 3441 2741 ,
3499 2662 3593 2748 ipJ

2008 2777 2179 2832 soque
2239 2762 2516 2818 Abraham
2583 2766 3036 2835 praestantiorem.
3122 2764 3357 2822 Proinde
3419 2768 3591 2823 indu--

2006 2855 2152 2909 citur
2219 2860 2311 2925 qui
2363 2855 2636 2911 Abraham
2693 2856 3000 2912 bencdicat.
3065 2855 3213 2913 Talis
3270 2858 3417 2914 enim
3468 2857 3585 2917 Noe

2004 2946 2138 3015 fuit,
2198 2946 2361 3002 homo
2401 2948 2580 3003 aetatis
2632 2963 2745 3003 sua:
2777 2949 3120 3018 justissimus
3145 2988 3160 3014 ,
3217 2964 3379 3020 quem
3420 2950 3579 3020 quasi

2008 3030 2302 3095 scintillam
2352 3039 2609 3095 exstincti
2648 3041 2821 3112 ignis,
2861 3049 2915 3098 et
2966 3042 3121 3113 quasi
3168 3057 3355 3099 semen
3404 3041 3583 3112 quod~

2004 3127 2129 3183 dam
2175 3128 2397 3184 humani
2428 3130 2642 3200 generis
2666 3170 2681 3194 ,
2738 3131 2791 3185 in
2823 3132 2938 3202 ipsa
2975 3132 3166 3187 diluvii
3210 3133 3575 3204 grassatione,

2007 3220 2109 3291 13
2132 3220 2200 3276 iis
2227 3221 2484 3278 omnibus
2514 3224 2854 3294 reparandis,
2890 3226 2982 3295 qui
3013 3225 3065 3279 in
3099 3233 3243 3280 terra
3274 3225 3577 3296 perierant,

2003 3313 2148 3371 Deus
2184 3316 2427 3371 universi
2461 3319 2829 3374 conservavit.
2872 3317 2973 3373 llic
3002 3320 3168 3390 igitur
3195 3320 3448 3390 quamvis
3476 3336 3575 3377 eo-

2000 3419 2147 3469 rum,
2180 3420 2302 3476 qure
2326 3406 2395 3461 ad
2428 3405 2689 3463 Iudaicos
2718 3424 2900 3466 mores
2925 3419 3194 3480 spectant,
3224 3412 3359 3465 nihil
3385 3412 3574 3478 sciret,

2003 3510 2182 3566 neque
2216 3496 2273 3552 in
2297 3498 2545 3568 corporis
2577 3498 3016 3565 circumcisione,
3047 3508 3141 3556 aut
3167 3501 3312 3569 aliis,
3344 3518 3463 3571 quae
3486 3517 3577 3557 au-

2005 3595 2159 3643 ctore
2190 3588 2339 3645 Mose
2362 3590 2659 3646 constituta
2690 3599 2836 3656 sunt,
2869 3590 3119 3664 degeret:
3153 3599 3335 3648 tamen
3365 3595 3572 3664 justus,

2004 3675 2052 3730 si
2081 3676 2206 3745 quis
2240 3693 2480 3749 unquam
2509 3680 2671 3747 alius,
2703 3688 2788 3737 est
2818 3683 3139 3763 appellatus.
3178 3682 3242 3737 Et
3270 3694 3396 3742 ante
3428 3686 3575 3742 hunc

2001 3775 2264 3837 prmterea
2301 3770 2520 3836 Enoch,
2564 3773 2658 3842 qui
2690 3770 2745 3828 et
2778 3772 2889 3828 Deo
2931 3775 3133 3830 dicitur
3176 3776 3479 3845 placuisse,
3521 3784 3576 3837 ct

2002 3862 2305 3918 translatus
2338 3879 2493 3939 esse,
2528 3873 2588 3919 ut
2619 3880 2891 3937 nusquam
2926 3881 3075 3921 mors
3107 3867 3255 3924 illius
3288 3875 3582 3939 appareat..

1999 3958 2169 4029 Igitur
2213 3959 2301 4012 hic
2340 3970 2556 4027 quoque
2593 3972 2718 4011 cum
2761 3957 2886 4011 talis
2937 3966 3113 4021 esset,
3160 3964 3348 4013 tamen
3394 3972 3590 4028 neque

1997 4071 2199 4128 corpus
2241 4051 2624 4126 circumcisum
2673 4050 2942 4116 habebat,
2989 4066 3166 4122 neque
3209 4052 3263 4106 in
3294 4052 3505 4123 legibus
3537 4066 3581 4112 δη

1998 4153 2147 4209 Mose
2191 4150 2383 4221 positis
2418 4147 2530 4203 ullo
2570 4146 2733 4203 modo
2765 4156 3012 4215 versatus
3044 4146 3252 4216 fuerat,
3289 4147 3385 4204 sed
3411 4147 3569 4204 Chri:

1998 4245 2182 4299 stiano
2216 4255 2444 4313 prorsus
2478 4254 2632 4296 more
2651 4280 2668 4306 ,
2694 4255 2803 4295 non
2830 4238 3059 4296 Iudaico
3081 4238 3284 4297 vixisse
3313 4239 3568 4311 perbib‘e-

1995 4343 2108 4391 tur.
2159 4336 2306 4402 Quin
2344 4338 2509 4390 etiam
2543 4333 2661 4402 ipse
2689 4333 2965 4391 Abraham
2993 4341 3119 4404 post
3146 4348 3276 4398 eos,
3309 4332 3402 4405 qui
3432 4331 3567 4387 dicti

1995 4437 2160 4493 sunt,
2208 4436 2407 4494 natus,
2455 4437 2510 4483 et
2555 4427 2663 4483 illis
2713 4428 2859 4498 ipsis.
2888 4430 3101 4484 ratione
3129 4437 3434 4499 temporum
3476 4427 3567 4499 ju-.-

1992 4521 2136 4585 nior;
2169 4534 2336 4575 senex
2362 4533 2493 4574 vero
2513 4559 2527 4584 ,
2574 4526 2737 4590 atque
2780 4526 2939 4575 aetate
2982 4527 3313 4590 provectus,
3343 4528 3566 4591 propter

1991 4627 2086 4668 eos
2115 4611 2209 4681 qui
2238 4611 2434 4666 orituri
2465 4612 2535 4666 ab
2570 4611 2690 4681 ipso
2716 4618 2909 4676 erant,
2940 4612 3098 4682 quasi
3126 4613 3342 4685 signum
3389 4614 3563 4684 quod-

1992 4704 2116 4759 dam
2152 4704 2364 4775 primus
2396 4702 2873 4759 circumcisionem
2901 4704 3154 4773 corporis
3180 4705 3329 4769 tulit,
3351 4685 3561 4775 hocque

1990 4797 2170 4868 ipsum
2204 4812 2318 4852 suae
2351 4795 2737 4867 dignoscendte
2773 4795 2978 4855 sobolis
3016 4797 3230 4868 signum
3251 4838 3267 4865 ,
3301 4796 3373 4852 iis
3405 4796 3498 4867 qui
3528 4810 3562 4851 a

304 4872 418 4939 κῶς
447 4873 740 4945 βεϐιωκώς.
769 4882 1205 4956 Μεμαρτύρηται
1230 4885 1361 4955 γοῦν
1385 4885 1456 4939 τὰ
1478 4888 1881 4959 προστάγματα

2003 4905 2048 4946 se
2091 4889 2303 4944 ratione
2352 4888 2637 4959 sanguinis
2679 4903 2852 4959 genus
2896 4888 3116 4945 ducturi
3159 4895 3348 4952 erant,
3381 4884 3561 4942 feren-

303 4966 399 5019 καὶ
434 4967 535 5032 τὰς
572 4970 808 5038 ὲντολάς,
839 4975 908 5030 τά
938 4993 997 5029 τε
1041 4976 1385 5049 δικαιώματα
1420 4980 1522 5033 καὶ
1558 4979 1626 5033 τὰ
1670 4981 1876 5052 νόμιμα

298 5056 395 5111 τοῦ
435 5056 591 5125 Θεοῦ,
634 5063 740 5135 πρὸ
768 5066 867 5138 τῆς
903 5069 1150 5135 Μωσέως
1186 5070 1450 5142 διαταγῆς
1520 5072 1875 5145 πεφυλαγμέ-

298 5168 407 5240 νος.
455 5152 618 5223 Λέγει
654 5155 701 5209 6’
751 5152 844 5213 οὖν
900 5161 1035 5232 πρὸς
1088 5164 1179 5217 τὸν
1233 5165 1417 5219 Ἰσαὰκ
1453 5167 1482 5220 6
1522 5167 1877 5240 χρηματίζων

299 5239 461 5305 Θεόςο
503 5261 523 5295 ι
566 5244 679 5299 Kal
704 5245 863 5301 δώσω
885 5249 964 5320 τῷ
993 5254 1271 5326 σπέρματί
1303 5272 1396 5309 σου
1436 5258 1615 5311 πᾶσαν
1637 5257 1735 5329 τὴν
1762 5260 1876 5331 ,γῆν

298 5331 522 5406 ταύτην,
566 5336 658 5390 καὶ
700 5338 1213 5415 ἐνευλογηθὴσονται
1259 5347 1316 5400 ἐν
1351 5346 1429 5419 τῷ
1471 5349 1746 5423 σπέρματί
1780 5369 1874 5405 σου

298 5424 477 5481 πάντα
503 5427 571 5482 τὰ
592 5428 719 5503 ἔθνη
748 5430 848 5502 τῆς
873 5432 998 5504 γῆς,
1021 5435 1139 5488 ἀνθ’
1166 5428 1243 5491 ὧν
1279 5438 1585 5512 ὑπήκουσεν
1624 5443 1872 5518 Ἀϐραὰμ

296 5519 325 5577 ὀ
350 5521 537 5593 πατήρ.
563 5539 655 5577 σου
699 5525 797 5597 τῆς
827 5525 969 5597 ἐμῆς
992 5529 1196 5599 φωνῆς,
1223 5534 1313 5586 καὶ
1339 5534 1570 5604 ἐφύλαξε
1599 5536 1698 5603 τὰς
1723 5542 1869 5593 ἐντο-

297 5609 397 5680 λάς
427 5629 550 5683 μου,
585 5615 680 5670 καὶ
720 5617 789 5671 τὰ
825 5621 1224 5691 προστάγματά
1257 5641 1379 5694 μου,
1413 5628 1505 5680 καὶ
1545 5629 1611 5684 τὲ
1651 5631 1869 5686 δικαιώ-

372 5727 437 5757 ⁶¹·
454 5726 603 5784 Psal.
632 5744 744 5797 etv,
785 5731 853 5785 i2
867 5734 989 5790 45.

336 5818 465 5904 ‘(5’)
492 5821 624 5905 Τῆς.
650 5821 816 5905 _Forte
844 5826 1098 5905 ra;_;_nisi
1134 5838 1313 5905 tamen
1344 5832 1858 5905 guisimalitlegere,

295 5897 394 5961 τὴν
411 5897 576 5963 νομοθ
610 5898 676 5953 σί,
698 5910 756 5957 v;
793 5897 875 5950 vel
898 5898 1114 5966 addere,
1133 5900 1302 5965 οὐδέν,
1324 5897 1381 5956 ιιί
1397 5918 1447 5972 p.
1467 5903 1615 5977 52.0.
1637 5897 1795 5963 Ευῖτ.

1987 4982 2118 5037 dum
2164 4982 2389 5038 tradidit
2416 5001 2446 5035 τι
2477 4988 2604 5035 ante
2657 4996 2787 5036 vero
2815 4994 2981 5052 quam
3022 4980 3321 5050 susciperet
3352 4978 3557 5036 liberos

1988 5083 2156 5147 atque
2202 5084 2329 5131 ante
2382 5089 2560 5145 quam
2600 5072 3110 5138 circumcideretur,
3160 5073 3266 5144 ipsi
3298 5088 3554 5144 quoque,

1986 5175 2288 5239 propterea
2326 5167 2472 5237 quod
2508 5181 2539 5221 a
2570 5166 3012 5222 simulacrorum.
3036 5165 3186 5221 cultu
3220 5174 3555 5232 secesserat,

1986 5275 2267 5331 unumque
2298 5274 2464 5330 super
2490 5258 2674 5314 omnia
2712 5256 2883 5313 Deum
2918 5256 3211 5312 conlcssus
3250 5253 3468 5322 fuerat,
3501 5264 3555 5312 et

1986 5367 2153 5408 unam
2185 5366 2305 5406 eam
2326 5389 2344 5415 ,
2378 5366 2503 5422 quae
2524 5364 2650 5404 cum
2682 5349 2887 5405 virtute
2921 5356 3040 5412 est,
3088 5348 3256 5404 vitam
3303 5347 3555 5405 sectabaa-

1983 5453 2094 5511 tur,
2126 5444 2627 5500 Ghristianmmore
2653 5442 2892 5506 vixisse,
2923 5454 3033 5497 non
3065 5438 3295 5497 Judaico
3322 5432 3551 5496 demon-

1981 5546 2210 5595 stratur.
2258 5535 2471 5593 idcirco
2501 5536 2580 5591 illi
2625 5533 2997 5590 testimonium
3050 5532 3358 5601 exhibetur,
3401 5535 3548 5606 quod

1977 5642 2247 5704 pracepta
2275 5628 2612 5689 et'tnandata
2641 5635 2698 5684 et
2714 5626 3106 5693 caeremonias,
3142 5635 3198 5685 et
3225 5627 3436 5699 quzein
3462 5627 3545 5689 le»,-

2042 5838 2176 5912 (.'?")_
2199 5836 2548 5912 Desideratur
2568 5839 2704 5912 ἀπό,
2739 5840 2823 5896 vel
2851 5843 2934 5905 ἐκ,
2977 5853 3034 5898 ιιι
3062 5853 3115 5899 et
3144 5843 3282 5898 infra
3330 5844 3349 5909 (
3367 5858 3417 5912 p.
3470 5843 3542 5897 63

1972 5906 2048 5971 D)
2075 5906 2291 5975 legitur,
2320 5910 2445 5973 τοὺς
2471 5910 2535 5975 ἐξ
2565 5910 2832 5974 Ἑλλήνων
2853 5914 3288 5979 ἀναχωροῦντας.
3324 5906 3480 5967 E'm.
