4106 6498
531 408 596 468 II
1166 410 1434 468 EUSEBII
1464 407 1950 467 CJESARIENSIS
1987 410 2069 467 ΟΡ

2169 410 2351 467 PARS
2377 411 2443 469 ιι.
2480 443 2549 454 -
2576 407 3088 474 ΔΡΟΙΩΟΕΤΙΙᾺξ
3682 404 3761 472 ΒΞ

531 527 691 599 gibus
724 528 902 597 posita
933 530 1057 580 sunt
1089 521 1223 590 Dei,
1251 531 1378 581 ante
1408 522 1575 580 Mosis
1603 525 2055 581 constitutionem

2195 528 2340 599 ματά
2366 545 2489 598 μου,
2523 529 2616 583 καὶ
2639 529 2708 584 τὰ
2749 530 2957 601 νόμιμά
3004 547 3129 600 μου.
3179 548 3200 581 ι
3231 523 3339 583 Ἦν
3371 529 3480 601 γάρ
3520 531 3613 584 καὶ
3655 532 3760 603 πρὸ

531 618 849 676 servaverit.
880 616 1022 671 Dicit
1050 616 1213 686 igitur
1244 615 1313 670 ad
1340 616 1513 679 Isaac,
1545 616 1592 672 is
1621 615 1715 686 qui
1745 618 1967 671 oracula
2000 616 2069 672 ill:

2195 618 2286 672 τοῦ
2324 619 2567 683 Μωσέως
2611 620 2776 691 νόμου
2821 620 3217 691 προστάγματα
3274 620 3411 677 Θεοῦ
3452 621 3636 693 ἔτερα,
3665 623 3761 676 καὶ

527 710 793 767 reddebat
824 708 966 763 Deus
993 726 1005 763 :
1039 726 1058 759 ι
1088 705 1152 759 Et
1191 706 1334 762 dabo
1374 707 1568 765 semini
1608 716 1704 762 tuo
1731 722 1951 763 omnem
1983 715 2069 764 ter.

2192 709 2555 782 δικαιώματα,
2622 713 2720 782 οὐχ
2759 713 2920 782 ὅμοια
2954 715 3066 776 τοῖς
3110 711 3260 783 παρὰ
3299 713 3508 778 Μωσεῖ,
3553 714 3762 785 νόμιμά

526 816 647 861 ram
689 802 863 865 hanc,
892 807 947 855 et
975 798 1370 855 benedicentur
1410 801 1465 857 in
1512 800 1732 877 semine.
1758 808 1855 856 tuo
1900 815 2069 858 omne:

2192 821 2250 859 τε
2295 803 2428 859 ἄλλα
2474 805 2567 859 καὶ
2603 805 2812 859 ἐντολαὶ
2838 804 3095 876 Χριστοῦ,
3124 805 3191 858 δι’
3222 799 3297 859 ὧν
3342 804 3756 876 ὲδικαιώθησαν.

524 901 716 967 gentes
762 899 937 957 terra,
984 905 1052 946 eo
1099 888 1247 960 quod
1298 888 1565 945 obedierit
1610 890 1884 946 Abraham
1937 899 2069 961 pate}

2195 894 2316 947 Ὅτι
2343 893 2388 947 δ’
2415 894 2475 947 οὐ
2509 893 2577 947 τά
2614 894 2753 948 αὐτὰ
2806 889 2877 965 ἦν
2911 898 3025 958 τοῖς
3069 894 3156 949 διά
3186 896 3429 961 Μωσέως
3469 898 3761 969 νομοθετη-

526 991 656 1039 tuus
685 981 803 1037 voci
841 994 1003 1047 mea,
1036 986 1092 1035 et
1118 979 1443 1035 custodierit
1466 988 1736 1050 pra'cepIa
1759 987 1814 1034 et
1835 980 2069 1035 mandat:

2190 985 2345 1049 θεῖσι,
2407 986 2592 1056 σαφῶς
2635 986 2664 1039 ὁ
2716 987 2919 1057 Μωσῆς
2971 985 3319 1059 παρίστησιν.
3363 989 3420 1041 ὲν
3469 983 3549 1052 οἷς
3595 1006 3758 1060 φησιν

522 1088 675 1137 mea,
705 1079 760 1128 et
784 1071 1138 1127 caeremonias
1159 1085 1331 1135 meas,
1356 1078 1410 1127 et
1433 1085 1554 1140 quae
1584 1071 1638 1125 in
1668 1071 1880 1142 legibus
1908 1072 2069 1143 posit:

2189 1077 2322 1148 πρὸς
2344 1077 2434 1131 τὸν
2448 1078 2573 1132 λαόν
2591 1095 2604 1108 σ
2630 1098 2650 1130 ι
2690 1079 2910 1143 Ἀκουε,
2946 1080 3264 1152 Ἰσραὴλ,τὰ
3293 1081 3634 1153 δικαιώματα
3664 1083 3758 1136 καὶ

520 1173 652 1226 sunt
672 1166 737 1221 ⁸³.
770 1163 978 1222 »ΕΙ-ειη
1008 1164 1153 1220 enim
1183 1164 1347 1218 etiam
1376 1171 1504 1218 ante
1531 1162 1695 1223 Hosis
1730 1163 1902 1237 legem
1933 1179 2088 1223 man-

522 1258 648 1316 data
676 1255 773 1315 Dei
803 1258 909 1312 alia
935 1264 990 1313 et
1018 1256 1386 1320 caeremonias,
1416 1270 1523 1310 non
1554 1256 1753 1311 similia
1802 1256 1871 1311 iis
1908 1272 2028 1327 quae
2054 1271 2086 1312 a

518 1348 672 1407 Mose
702 1348 907 1406 tradita
935 1354 1086 1411 sunt,
1121 1348 1375 1418 legesque
1400 1347 1539 1409 aliae,
1570 1362 1636 1400 ac
1669 1355 1941 1417 przecepta
1975 1347 2085 1405 Do-

516 1442 691 1508 mini,
725 1456 822 1512 per
851 1454 971 1511 qua:
1002 1440 1079 1493 illi
1103 1438 1373 1509 justitiam
1400 1437 1577 1507 adepti
1614 1447 1761 1494 sunt.
1795 1436 1966 1494 Porro
1994 1453 2086 1491 au-

515 1544 625 1589 tem
654 1533 801 1605 quod
830 1518 941 1611 non
969 1531 1157 1611 eadem
1187 1538 1373 1586 essent
1398 1544 1523 1583 cum
1561 1529 1628 1584 iis
1647 1569 1661 1591 ,
1693 1544 1814 1599 qua:
1843 1544 1939 1599 per
1968 1527 2091 1583 Mo-‘

517 1640 636 1684 sem
683 1626 740 1681 in
787 1610 1205 1695 legibusposita
1233 1628 1394 1689 sunt,
1427 1621 1606 1677 Moses
1643 1622 1757 1691 ipse
1792 1622 2082 1692 perspicue

518 1718 896 1785 demonstrat,
929 1716 1020 1772 ubi
1051 1715 1129 1770 ait
1172 1716 1241 1792 ad
1285 1715 1543 1786 populum
1573 1734 1586 1769 :
1616 1734 1636 1765 ι
1667 1716 1846 1781 Audi,
1882 1714 2078 1778 Israel,

509 1811 936 1882 iustiﬁcationes
958 1851 972 1875 ,
1003 1817 1056 1865 et
1081 1800 1323 1880 judicia,
1360 1822 1702 1879 quacunque
1746 1824 1846 1880 ego
1885 1810 2081 1879 loquor

512 1901 572 1956 in
604 1900 829 1956 auribus
857 1900 1059 1956 vestris
1094 1900 1149 1955 in
1178 1898 1266 1953 die
1290 1898 1415 1963 hac,
1446 1905 1500 1953 et
1527 1897 1755 1954 discetis
1778 1915 1864 1964 ea,
1890 1907 1945 1953 ct
1971 1916 2083 1956 ser-

512 1994 743 2059 vabitis,
779 2000 841 2047 ut
871 2008 935 2048 ea
965 1992 1205 2047 faciatis.
1248 1989 1510 2055 Dominus
1542 1988 1688 2047 Deus
1734 1998 1912 2047 Vester
1953 2007 2082 2047 con-

512 2084 652 2140 didit
679 2084 837 2140 vobis
869 2085 922 2138 in
956 2083 1173 2139 Cboreb
1201 2091 1607 2149 testamentum,
1642 2083 1961 2154 neutiquam
1991 2099 2082 2153 pa-

509 2176 688 2232 tribus
717 2177 918 2243 vestris
946 2175 1192 2231 condidit
1223 2173 1488 2230 Dominus
1519 2182 1908 2255 testamentum
1937 2176 2040 2232 hoe
2059 2216 2075 2240 ,

510 2265 617 2340 ιε,
645 2268 740 2323 sed
773 2267 931 2325 vobis
956 2268 1024 2323 “..
1059 2286 1078 2320 ι
1106 2267 1172 2321 Et
1200 2283 1333 2325 sane
1371 2275 1558 2339 specta
1585 2309 1600 2332 ,
1641 2276 1702 2322 ut
1741 2270 1900 2339 plane
1942 2269 2077 2324 dicit

504 2356 915 2441 Testamentum
943 2358 1050 2414 hoc
1074 2398 1088 2424 ,
1120 2367 1407 2429 propterea
1443 2359 1589 2430 quod
1623 2374 1731 2414 non
1768 2360 1910 2414 idem
1941 2361 2075 2416 illud

502 2453 753 2523 patribus
803 2468 997 2515 eorum
1046 2454 1355 2527 constituit.
1402 2454 1561 2521 Quod
1599 2456 1645 2510 si
1680 2455 1928 2513 absolute
1963 2471 2075 2512 non

502 2545 692 2602 datum
724 2560 848 2601 esse
874 2545 1125 2616 patrihus
1152 2560 1341 2602 eorum
1380 2532 1777 2603 testamentum
1804 2549 2071 2612 dixisset,

502 2638 560 2692 in
592 2637 937 2695 mendacium
973 2652 1105 2694 sane
1132 2638 1208 2693 illi
1234 2639 1519 2704 recidisset
1540 2642 1739 2695 oratio.
1771 2640 1967 2696 Datum
1990 2650 2074 2698 est

501 2730 671 2801 igitur
698 2728 932 2786 Abrahae
962 2737 1352 2789 testamentum
1373 2771 1389 2797 ,
1418 2731 1606 2787 datum
1633 2742 1719 2790 est
1744 2735 1904 2789 etiam
1938 2733 2071 2802 Noe,

501 2823 646 2879 sicut
685 2837 842 2880 sacra
886 2830 1165 2880 testantur
1212 2825 1457 2881 oracula.
1498 2826 1678 2899 Atque
1708 2829 1916 2885 idcirco
1946 2846 2071 2885 cum

502 2905 853 2986 adjunctione
877 2917 1017 2973 dixit
1060 2916 1263 2985 Moses,
1296 2934 1408 2974 non
1441 2919 1548 2976 hoc
1587 2921 1772 2976 datum
1812 2938 1937 2978 esse
1977 2939 2073 2994 pa-

498 3006 675 3085 tribus
701 3021 922 3071 eorum,
951 3007 1032 3063 sic
1057 3021 1188 3063 sane
1207 3008 1438 3063 alterum
1466 3008 1779 3081 signiﬁcans
1809 3024 2073 3082 praestan-

497 3098 610 3159 tius
642 3109 807 3170 atque
834 3099 1210 3181 excellentius,
1243 3114 1342 3170 per
1371 3100 1517 3171 quod
1548 3103 1743 3167 amici,
1778 3104 2069 3175 dilectique

2185 1168 2254 1222 τά
2281 1170 2542 1240 κρίματα,
2570 1170 2671 1224 ὅσα
2706 1169 2816 1239 ἐγὼ
2846 1170 2993 1225 λαλῶ
3029 1173 3087 1225 ὲν
3115 1176 3229 1237 τοῖς
3253 1174 3387 1227 ὠσὶν
3420 1174 3449 1226 ὐ
3459 1173 3574 1245 μῶν
3606 1175 3664 1225 ὲν
3689 1177 3755 1246 τῇ

2184 1257 2366 1330 ἡμέρᾳ
2395 1260 2584 1331 ταύτῃ,
2628 1262 2722 1315 καὶ
2765 1260 3073 1332 μαθήσεσθε
3118 1263 3276 1327 αὐτὰ,
3317 1265 3412 1319 καὶ
3458 1262 3757 1333 φυλάξεσθε

2187 1354 2358 1404 ποιεῖν
2387 1352 2545 1406 αὐτά.
2579 1352 2784 1427 Κύριος
2815 1356 2843 1406 ὁ
2864 1354 2995 1418 Θεὸς
3024 1354 3176 1425 ὐμῶν
3209 1354 3414 1408 διέθετο
3448 1357 3583 1427 πρὸς
3611 1356 3758 1426 ὑμᾶς

2184 1445 2243 1495 ὲν
2273 1443 2473 1515 Χωρὴϐ
2530 1445 2802 1517 Διαθήκην
2822 1462 2836 1476 ·
2868 1447 2988 1518 οὐχὶ
3017 1449 3129 1510 τοῖς
3177 1447 3447 1517 πατράσιν
3493 1448 3645 1518 ὐμῶν
3678 1448 3756 1502 δι-

2184 1532 2335 1586 έθετο
2358 1534 2558 1604 Κύριος
2572 1537 2669 1607 τὴν
2684 1535 2957 1607 Διαθήκην
2978 1536 3198 1607 ταύτην,
3222 1536 3355 1590 am
3381 1537 3517 1606 πρὸς
3542 1537 3703 1606 ὑμᾶς.
3731 1554 3749 1587 ι

2183 1628 2292 1681 Καὶ
2314 1629 2415 1701 δρα
2445 1645 2508 1696 γε
2535 1630 2681 1691 ὅπως
2725 1630 2968 1701 ἀκριϐῶς
3016 1648 3146 1701 φησι
3176 1629 3273 1701 τὴν
3309 1630 3587 1701 Διαθήκην
3626 1631 3756 1685 ταύ-

2182 1736 2301 1789 την,
2333 1720 2456 1773 ἐπεὶ
2488 1720 2560 1791 μὴ
2591 1722 2688 1791 τὴν
2718 1722 2887 1791 αὐτὴν
2931 1725 3044 1786 τοῖς
3070 1723 3342 1793 πατράσιν
3383 1722 3560 1777 αὐτῶν
3587 1722 3755 1776 διετέο

2186 1812 2349 1867 θειτο.
2384 1814 2446 1867 Εἰ
2478 1813 2520 1867 δ’
2545 1809 2637 1867 οὖν
2664 1813 2942 1877 ἀπολύτως
2976 1815 3050 1886 μὴ
3078 1815 3322 1871 δεδόσθαι
3346 1818 3458 1879 τοῖς
3486 1817 3756 1888 πατράσιν

2121 1881 2158 1937 Β
2184 1903 2362 1959 αὐτῶν
2383 1904 2655 1976 Διαθήκην
2681 1907 2911 1975 εἰρήκει,
2938 1881 3139 1977 ψευδὴς
3171 1907 3236 1960 ἂν
3263 1902 3331 1977 ἦν
3352 1910 3381 1961 ό
3406 1907 3561 1975 λόγος
3584 1881 3751 1977 αὐτῷ.

2182 1996 2398 2050 Δέδοται
2424 1997 2554 2065 γοῦν
2582 1996 2657 2066 τῷ
2701 1996 2948 2068 ’Λϐραὰμ
2989 1998 3241 2068 διαθήκη,
3270 1999 3364 2052 καὶ
3392 1998 3468 2069 τῷ
3498 1997 3642 2061 Νῶε,
3676 1998 3754 2064 ὡς

2179 2085 2248 2140 τὰ
2284 2086 2404 2158 ἱερὰ
2442 2090 2708 2159 μαρτυρεῖ
2733 2086 2904 2155 λόγαα.
2942 2087 3040 2141 Διά
3065 2086 3224 2141 τοῦτο
3268 2087 3405 2158 μετὰ
3432 2086 3752 2159 προσθήκης

2177 2177 2206 2229 ὸ
2256 2176 2457 2245 Μωσῆς
2490 2178 2550 2230 οὐ
2609 2175 2813 2247 ταύτην
2865 2177 2998 2247 φησὶ
3048 2176 3288 2231 δεδόσθαι
3329 2181 3440 2241 τοῖς
3482 2177 3751 2249 πατράσιν

2176 2267 2377 2331 αὐτῶν,
2407 2269 2595 2339 ἑτέραν
2625 2270 2991 2340 αἰνιττόμενος
3031 2270 3130 2339 τὴν
3174 2271 3404 2340 κρείττω
3435 2271 3527 2323 καὶ
3566 2269 3752 2339 διαφέ-

2179 2377 2397 2432 ρουσαν,
2438 2361 2504 2413 δι’
2531 2358 2598 2433 ἧς
2640 2363 2733 2415 καὶ
2781 2361 3047 2432 θεοφιλεῖς
3087 2362 3495 2432 άπεφάνθησαν.
3543 2361 3752 2417 Αὐτίκα

2173 2453 2250 2523 τῷ
2291 2453 2538 2526 Ἀϐραὰμ
2560 2453 2648 2511 διὰ
2672 2454 2769 2525 τῆς
2803 2457 2882 2519 εἰς
2911 2454 3004 2507 τὸν
3032 2455 3139 2507 τῶν
3169 2455 3305 2508 ὅλων
3337 2454 3468 2508 Θεὸν
3515 2453 3752 2518 πίστεως

2173 2544 2240 2598 τὰ
2263 2545 2363 2615 τῆς
2388 2545 2731 2615 δικαιοσύνης
2752 2545 3162 2617 κατωρθῶσθαι,
3212 2545 3628 2617 μεμαρτύρηται
3656 2545 3749 2599 ὐπ’

2174 2637 2337 2692 αὐτοῦ
2370 2639 2609 2700 Μωσέως
2640 2637 2891 2705 λέγοντος
2933 2655 2945 2668 ·
2983 2656 3002 2689 ι
3051 2638 3371 2691 Ἐπίστευσε
3399 2636 3455 2689 δὲ
3499 2635 3750 2709 Ἀϐρσυὰμ

2172 2732 2251 2802 τῷ
2289 2730 2426 2801 Θεῷ,
2460 2732 2552 2784 καὶ
2582 2729 2831 2801 ἐλογίσθη
2872 2728 3020 2799 αὐτῷ
3053 2729 3132 2792 είς
3166 2728 3536 2800 δικαιοσύνην.
3577 2747 3596 2779 ι
3628 2729 3749 2782 Ὅτι

2172 2824 2228 2877 δὲ
2263 2822 2400 2895 μετὰ
2429 2821 2526 2892 τὴν
2561 2822 2659 2893 τῆς
2697 2821 3043 2891 δικαιοσύνης
3085 2820 3439 2893 κατόρθωσιν,
3471 2820 3562 2873 καὶ
3612 2819 3749 2891 μετὰ

2171 2918 2269 2989 τὴν
2293 2917 2386 2969 ὐπ’
2414 2916 2663 2987 εὐσεϐείᾳ
2695 2915 2998 2987 μαρτυρίαν
3024 2914 3085 2968 τὸ
3108 2915 3205 2984 τῆς
3236 2913 3534 2985 περιτομῆς
3558 2913 3748 2984 εἴληφε

2174 3011 2418 3081 σημεῖον,
2453 3009 2546 3061 καὶ
2589 3008 2753 3078 μηδὲν
2781 3007 2916 3078 πρὸς
2961 3006 3243 3069 εὐσεϐείας
3284 3007 3565 3059 δικαίωσιν
3598 3004 3748 3076 αὐτῷ

2170 3102 2319 3155 τουτὶ⁸
2362 3099 2733 3163 συνεϐάλλετο,
2770 3099 2955 3169 σαφῶς
2993 3101 3021 3153 ό
3058 3099 3213 3167 λόγος
3246 3099 3593 3170 παρίστησιν.
3634 3096 3745 3151 Εὖ-

496 3191 612 3248 Deo
643 3190 847 3262 agniti,
871 3191 1115 3264 dictique
1145 3200 1291 3248 sunt.
1319 3192 1458 3250 Nam
1490 3196 1741 3267 protinus
1767 3196 1867 3268 ipsi
1898 3197 2069 3252 Abra-

2176 3211 2290 3265 ροις
2314 3193 2358 3246 δ’
2388 3192 2454 3247 ἂν
2492 3192 2695 3245 καὶτὸν
2737 3191 2933 3263 Ἰωσὴφ
2965 3192 3071 3264 πρὸ
3095 3192 3202 3246 τῶν
3236 3192 3479 3256 Μωσέως
3535 3193 3748 3264 χρόνων

498 3285 614 3350 hae,
645 3300 711 3342 eo
743 3284 889 3367 quod
924 3300 1138 3365 summo
1168 3285 1279 3342 Deo
1310 3288 1600 3345 crediderit
1631 3291 1786 3361 plene
1816 3306 2069 3346 servasse

492 3365 796 3450 justitiam,
825 3378 1129 3435 exhibitum
1160 3388 1246 3437 est
1274 3380 1650 3436 testimonium
1677 3382 1746 3436 ab
1776 3383 1899 3452 ipso
1922 3381 2070 3437 Mose

495 3470 579 3531 sic
605 3468 853 3525 dicente:
884 3488 903 3521 ι
932 3460 1179 3537 credidit
1204 3454 1477 3543 Abraham
1512 3470 1643 3536 Deo,
1668 3481 1724 3528 et
1757 3480 2067 3543 reputatum

493 3566 582 3617 est
609 3559 687 3614 illi
713 3545 781 3615 ad
800 3559 1075 3627 justitiam
1108 3561 1174 3618 “.
1208 3581 1227 3616 ι
1255 3560 1411 3645 Quod
1444 3571 1627 3629 autem
1657 3571 1779 3632 post
1813 3564 1956 3616 illam
1977 3563 2067 3636 ju-

497 3650 664 3706 stitiae
696 3652 913 3722 plenam
947 3652 1383 3711 observationem
1402 3694 1417 3718 ,
1449 3662 1502 3721 et
1533 3664 1655 3725 post
1684 3656 1762 3710 illi
1791 3655 2065 3711 redditum

497 3741 566 3798 de
594 3743 797 3827 pietate
828 3744 1201 3801 testimonium
1222 3786 1237 3810 ,
1272 3747 1450 3816 ipsum
1492 3732 1939 3807 IcircumCisionis
1987 3750 2065 3803 si-

501 3850 667 3906 gnum
698 3838 1007 3908 acceperit,
1039 3846 1094 3894 et
1126 3840 1266 3894 nihil
1293 3840 1397 3896 hoc
1427 3841 1581 3895 illum
1617 3842 1684 3897 ad
1718 3830 1973 3912 pietatem
2000 3858 2065 3901 ac

494 3927 765 3996 justitiam
794 3924 1232 4001 censequendam
1257 3932 1555 4003 adiuverit,
1586 3935 1869 4006 perSpicue
1899 3936 2062 3989 verba

494 4020 613 4092 ipsa
641 4021 1039 4077 demonstrant.
1069 4023 1315 4080 invenies
1339 4039 1503 4094 porro
1523 4026 1687 4078 etiam
1707 4024 1907 4097 Joscph
1936 4040 2063 4084 ante

494 4110 664 4183 Hosis
694 4120 939 4189 tempora
969 4112 1025 4189 in
1055 4112 1222 4182 regiis
1250 4114 1458 4171 aedibus
1496 4112 1874 4185 Egyptioruin
1893 4156 1908 4180 ,
1942 4116 2061 4172 sine

492 4188 846 4276 Iudaicarum
880 4188 1327 4283 Observationum
1374 4205 1745 4279 sollicitudine
1786 4207 2061 4267 incuriose

492 4300 795 4349 versatum.
831 4293 1153 4361 Postremo,
1182 4296 1229 4351 si
1265 4296 1383 4363 vis,
1429 4307 1583 4367 potes
1621 4298 1799 4367 ipsum
1843 4314 2062 4370 quoque

492 4374 768 4441 summum
817 4384 1129 4465 Iudaeorum
1178 4387 1539 4463 legislatprem
1572 4386 1807 4452 Mosam,
1842 4402 1871 4441 a
1907 4398 2058 4443 lene-

489 4477 625 4563 riori
653 4477 832 4563 adhuc
859 4487 1018 4563 aetate
1047 4477 1190 4549 apud
1220 4478 1365 4549 regis
1393 4477 1635 4550 Egyptii
1669 4479 1834 4540 tiliam
1860 4480 2062 4549 degen-

2170 3288 2227 3339 ὲν
2256 3288 2367 3349 τοῖς
2412 3285 2723 3353 Αἰγυπτίων
2756 3286 3045 3361 βασιλείοις
3091 3286 3592 3357 ἀπαραφυλάκτως,
3629 3284 3746 3339 ἀλλ’

2167 3379 2266 3433 οὐκ
2300 3378 2604 3441 Ἰουδαϊκῶς
2639 3378 2889 3448 ἀχθέντα.
2924 3378 2987 3431 El
3018 3377 3075 3430 δὲ
3117 3377 3310 3441 θέλεις,
3340 3378 3432 3431 καὶ
3459 3377 3550 3430 τὸν
3584 3394 3750 3451 κορυ-

2168 3475 2321 3542 φαῖον
2344 3471 2506 3525 αὐτὸν
2535 3471 2629 3525 κα)⁸
2651 3470 2947 3542 νομοθέτην
2968 3469 3062 3523 τοῦ
3095 3469 3365 3523 Ἰουδαίων
3417 3468 3600 3534 ἔθνους
3621 3469 3750 3524 Μω-

2170 3562 2286 3628 σέα,
2317 3561 2509 3631 γνοίης
2531 3560 2597 3614 ἂν
2628 3559 2769 3623 ἐξέτι
2798 3560 2995 3631 νηπίας
3026 3558 3245 3630 ἡλικίας
3262 3557 3413 3630 παρὰ
3440 3561 3505 3628 τῇ
3529 3557 3622 3610 τοῦ
3646 3558 3744 3610 Ai-

2166 3654 2393 3723 γυπτίου
2424 3650 2684 3722 βασιλέως
2713 3649 2944 3722 θυγατρὶ
2976 3651 3074 3713 τὰς
3112 3650 3399 3721 διατριϐὰς
3435 3649 3743 3720 πεποιημέ-

2166 3763 2274 3810 νον,
2301 3744 2508 3815 τροφῆς
2535 3760 2596 3796 τε
2628 3743 2727 3813 τῆς
2752 3742 3054 3810 Αἰγυπτίας
3079 3741 3519 3812 ἀπαρατηρήτως
3561 3757 3743 3811 μετει-

2163 3836 2382 3907 ληχότα.
2416 3836 2481 3888 Τί
2529 3834 2610 3889 δεῖ
2651 3833 2826 3903 λέγειν
2873 3833 2963 3888 τὸν
3009 3831 3408 3905 τρισμακάριον
3467 3830 3606 3895 Ἰὼϐ,
3649 3831 3744 3883 τδν

2164 3918 2337 4000 άληθῆ
2369 3927 2654 3997 ἄνθρωπον
2682 3928 2911 3993 ἐκεῖνον,
2942 3925 3033 3980 τὸν
3063 3926 3369 3995 ἄμεμπτον,
3399 3923 3491 3976 τὸν
3512 3924 3741 3989 δίκαιον,

2160 4022 2251 4076 τὸν
2295 4019 2524 4091 θεοσεϐῆ
2549 4036 2564 4085 ;
2592 4020 2691 4090 τῆς
2722 4022 2802 4084 εἰς
2845 4018 3013 4089 ἄκρον
3056 4015 3336 4082 εὐσεϐείας
3367 4014 3514 4087 αὐτῷ
3545 4015 3637 4071 καὶ
3664 4013 3747 4067 δι-

2163 4113 2527 4185 καιοπραγίας
2560 4113 2642 4186 τίς
2674 4110 2784 4184 ἆρα
2844 4111 2992 4165 αἰτία
3013 4106 3116 4180 ἦνς
3178 4111 3374 4181 μήτιγε
3405 4106 3475 4162 τὰ
3499 4107 3744 4173 Μωσέως

2165 4201 2635 4275 παραγγέλματα;
2670 4200 2954 4271 Οὐδαμῶς.
3010 4198 3170 4252 Ἀλλὰ
3208 4197 3485 4251 Σαϐϐάτου
3529 4197 3741 4269 ἡμέρας

2162 4294 2485 4363 ὲπιτήρησις
2514 4287 2602 4363 ἦν,
2637 4291 2672 4363 ἦ
2701 4307 2845 4354 τινος
2884 4289 3050 4361 ἄλλης
3108 4287 3405 4359 Ἰουδαϊκῆς
3457 4286 3741 4358 ἐθελοθρη-

2164 4384 2350 4448 σκείας
2401 4382 2655 4455 φυλακή;
2710 4382 2871 4437 πόθεν
2899 4423 2913 4446 ,
2963 4380 3318 4454 πρεσϐυτέρῳ
3366 4383 3478 4444 τοῖς
3527 4381 3742 4451 χρόνοις

2161 4477 2423 4540 Μωσέως,
2456 4478 2552 4530 καὶ
2602 4476 2702 4548 τῆς
2734 4477 2854 4529 κατ’
2888 4475 3049 4529 αὐτὸν
3079 4472 3396 4545 νομοθεσίας
3427 4472 3738 4543 γενομένῳς

489 4558 968 4642 ιοιηάἀηοεοθτθ,
998 4574 1096 4642 qui
1139 4572 1358 4643 quidem
1405 4571 1663 4649 Egyptio
1707 4574 1869 4646 plane
1906 4588 2058 4628 more

2174 4569 2231 4621 Ὀ
2256 4568 2353 4639 μὲν
2384 4567 2493 4639 γάρ
2514 4568 2717 4638 Μωσῆς
2768 4566 2995 4637 ἕϐδομος
3022 4565 3083 4631 ἐξ
3123 4565 3372 4637 Ἀϐραάμ
3410 4564 3743 4635 γενεαλογεῖ-

486 4661 696 4732 absque
718 4659 961 4724 Judaicis
990 4656 1465 4734 observationibus
1518 4664 1661 4734 apud
1699 4665 1945 4719 eamdem
1989 4665 2061 4721 sit
2104 4660 2107 4667 ’

488 4752 776 4810 educatus.
813 4752 920 4810 Sed
950 4753 1210 4821 quidnam
1234 4742 1305 4811 de
1334 4755 1654 4811 beatissimo
1682 4753 1815 4821 Job,
1847 4753 1916 4810 de
1943 4755 2057 4821 illo,

485 4846 709 4919 inquam
730 4890 746 4912 ,
777 4862 906 4903 vero
938 4848 1193 4925 homine,
1221 4849 1314 4904 illo
1344 4848 1695 4918 inculpabili,
1725 4848 1879 4918 justo
1898 4887 1914 4913 ,
1941 4848 2056 4920 pio,

486 4937 771 5000 dicemus?
810 4938 942 5005 Quae
967 4939 1183 4995 tandem
1212 4938 1358 4995 illius
1396 4952 1623 4993 summae
1659 4937 1878 5007 pietatis
1903 4944 1959 4991 et
1979 4935 2060 5006 ju-

487 5032 651 5088 stitizc
693 5046 863 5088 causa
908 5032 1166 5087 exstitit?
1197 5030 1442 5102 nunquid
1474 5038 1742 5101 praecepta
1779 5028 2059 5085 Mosaica?

488 5125 732 5181 minime.
760 5124 900 5180 Num
928 5125 1036 5181 diei
1067 5124 1290 5180 Sabbati
1310 5164 1329 5190 ,
1358 5132 1453 5179 aut
1486 5122 1714 5179 alterius
1745 5118 2055 5191 cujuspiam

484 5215 696 5273 Iudaici
727 5216 866 5274 ritus
891 5218 1206 5274 observatio
1225 5217 1248 5273 i
1269 5215 1411 5271 unde
1435 5215 1512 5270 illi
1538 5215 1671 5279 hoc,
1700 5215 1792 5285 qui
1822 5222 1876 5269 et
1898 5220 2057 5269 aztate

487 5307 667 5380 ipsum
691 5306 892 5363 Mosem
918 5308 1217 5373 antecedit,
1237 5315 1294 5361 et
1314 5313 1441 5361 ante
1463 5304 1610 5376 leges
1636 5305 1706 5360 ab
1727 5304 1821 5360 illo
1847 5304 2056 5375 positas

486 5411 571 5455 est
601 5401 805 5457 natus?
850 5398 1065 5457 Etenim
1105 5398 1287 5457 Moses
1328 5398 1593 5469 septimus
1640 5405 1959 5455 numeratur
1989 5396 2057 5451 ab

487 5492 793 5561 Abraham,
839 5494 932 5549 hic
979 5500 1160 5548 autem
1216 5492 1474 5563 quintus,
1517 5497 1578 5545 ut
1623 5491 1703 5546 sic
1748 5489 1895 5545 Mose
1939 5490 2056 5559 ipso

486 5587 761 5658 antiquior
787 5586 1002 5643 duabus
1035 5585 1341 5642 inveniatur
1368 5584 1639 5641 aetatibus.
1672 5582 2055 5654 Contemplare

486 5680 648 5753 igitur
676 5680 908 5751 hujusce
941 5680 1141 5745 vitam,
1175 5696 1294 5751 quae
1337 5678 1403 5734 de
1446 5679 1655 5749 legibus
1701 5693 1729 5731 a
1776 5676 1921 5732 Mose
1957 5691 2054 5746 po-

2160 4677 2270 4726 ται,
2304 4662 2485 4714 οὐτοσὶ
2523 4659 2580 4714 δὲ
2614 4656 2879 4731 πέμιέττος,
2913 4659 3033 4713 δυσὶ
3071 4658 3364 4732 προτέραις
3414 4656 3504 4709 τὸν
3535 4655 3740 4710 Μωσέα

2163 4755 2375 4821 γενεαῖς
2414 4752 2687 4825 προάγων.
2723 4750 2833 4805 Θέα
2859 4750 2903 4804 δ’
2948 4745 3042 4804 οὖν
3088 4750 3184 4803 καὶ
3232 4746 3427 4801 τούτου
3463 4747 3553 4799 τὸν
3601 4746 3734 4818 βίον,

2168 4843 2413 4908 Μωσέως
2468 4844 2567 4915 μὲν
2594 4843 2691 4914 τῆς
2726 4842 3044 4914 νομοθεσίας
3075 4842 3228 4895 οὐδὲν
3254 4840 3610 4909 ἐπαγόμενον,
3638 4838 3738 4908 τῆς

2163 4932 2219 4988 δὲ
2248 4932 2341 4988 τοῦ
2371 4932 2621 5003 Σωτῆρος
2648 4932 2801 5004 ἡμῶν
2850 4931 3210 5001 εὐαγγελικῆς
3248 4929 3591 4993 διδασκαλίας
3637 4928 3741 4985 οὐκ

2165 5024 2460 5099 ἀλλότριον.
2500 5025 2660 5093 Λέγει
2695 5025 2739 5079 δ’
2790 5020 2883 5078 οὖν
2925 5024 3107 5087 αὐτὸς,
3147 5023 3238 5075 τὸν
3285 5022 3476 5076 ἑαυτοῦ
3523 5019 3739 5085 διεξιὼν

2163 5118 2294 5189 βίον,
2325 5119 2383 5173 ὲν
2416 5121 2483 5191 τῇ
2515 5118 2653 5191 πρὸς
2681 5118 2807 5181 τοὺς
2834 5116 3083 5188 ἑταίρους
3111 5116 3394 5188 ἀπολογίασ
3435 5135 3454 5167 r
3492 5115 3740 5169 Διέσωσα

2161 5211 2269 5285 γὰρ
2312 5211 2523 5283 πτωχὸν
2569 5213 2633 5265 ὲκ
2662 5209 2842 5281 χειρὸς
2869 5209 3149 5271 δυνάστου,
3184 5209 3277 5263 καὶ
3301 5206 3538 5280 ὀρφανῷ,
3564 5199 3608 5274 ᾧ
3635 5205 3739 5259 οὐκ

2159 5300 2227 5379 ἦν
2270 5292 2499 5377 βοηθὸς,
2551 5301 2844 5375 ἐϐοήθησα.
2893 5301 3074 5371 Στόμα
3123 5299 3180 5359 δὲ
3230 5300 3406 5372 χήρας
3462 5314 3529 5369 με
3582 5295 3735 5349 εὐλόο

2161 5414 2336 5470 γησε,
2398 5394 2744 5466 δικαιοσύνην
2806 5393 2864 5446 δὲ
2925 5391 3271 5446 ἐνεδεδύκειν.
3347 5387 3735 5459 Ἦμφιεσάμην

2162 5488 2218 5543 δὲ
2273 5488 2447 5559 κρίμα
2504 5487 2592 5540 ῐσα
2653 5484 2921 5551 διπλοῒδι,
2970 5484 3246 5555 ὀφθαλμὸς
3301 5482 3447 5552 ἢμην
3496 5477 3734 5547 τυφλῶν,

2164 5581 2299 5644 ποῦς
2364 5579 2419 5632 δὲ
2479 5578 2687 5650 χωλῶν
2751 5578 2859 5647 ἐγὼ
2894 5579 3040 5650 ήμην
3104 5576 3290 5647 πατὴρ
3348 5572 3641 5627 ἀδυνάτων.
3706 5586 3731 5623 ι

2160 5672 2306 5727 Αὐτά
2335 5672 2398 5745 δὴ
2428 5671 2617 5736 ταῦτα,
2640 5671 2893 5743 ἄντικρυς
2913 5670 2979 5725 τὰ
3012 5671 3173 5723 πᾶσιν
3197 5669 3326 5739 ἡμῖν
3351 5665 3438 5720 διά
3453 5663 3550 5737 τῆς
3569 5662 3732 5733 εὐαγ-

441 5890 449 5902 -
555 5859 601 5893 “
639 5856 776 5913 Gen.
815 5873 963 5926 sxw,
1004 5858 1118 5915 3-5.
1195 5860 1239 5892 ”
1281 5859 1417 5918 Deut
1481 5877 1533 5930 ν,
1577 5859 1689 5915 1-5.
1769 5860 1810 5891 ⁸⁵
1847 5860 1980 5915 Gen.
2023 5873 2124 5925 xv,
2165 5856 2217 5912 6.
