4106 6436
344 416 415 472 53
1182 490 1185 495 _
1266 407 1921 464 DEMONSTRATIONIS
1961 406 2420 469 EVANGELICIE
2457 408 2586 469 LIB.
2628 408 2669 468 Ι.
3510 417 3579 474 5.5

338 532 565 605 γελικῆς
601 529 940 592 διδασκαλίας
973 527 1269 601 μαθήματα
1303 530 1700 602 κηρυττόμενα.
1752 530 1897 582 Ἀλλᾶ

2013 529 2133 583 sitis
2166 529 2302 585 nihil
2338 530 2587 594 inducit,
2617 530 2687 584 ab
2714 530 3031 603 evangelica
3060 543 3239 589 autem
3282 534 3579 590 Salvatoris

340 626 435 680 καὶ
456 625 532 689 ὼς
562 621 714 686 εἰδὼς
738 617 795 676 εὖ
830 621 972 693 μάλα
998 621 1059 674 τὸ
1089 641 1107 673 ι
1142 621 1348 676 κλαίειν
1377 621 1520 693 μετὰ
1545 621 1856 675 κλαιόντων·
1885 640 1903 672 ι

340 717 434 772 καὶ
463 715 542 780 τὸ,
585 734 602 765 ε
640 713 913 786 Μακάριοι
954 714 1002 767 οί
1050 712 1346 778 κλαίοντες,
1387 714 1468 767 ὅτι
1502 713 1839 782 γελάσονται,
1884 729 1903 763 ι

341 809 433 863 καὶ
475 806 553 873 τὸ,
601 825 619 858 ι
668 807 730 858 Εἰ
756 806 952 875 πάσχει
982 804 1039 858 ἓν
1076 805 1254 876 μέλος,
1293 806 1604 877 συμπάσχει
1638 804 1813 858 πάντα
1842 803 1910 856 τὰ

345 899 499 972 μέλη,
548 917 565 949 ι
609 898 667 951 ἐν
705 900 817 961 τοῖς
852 897 952 968 τῆς
983 897 1346 968 εὐαγγελικῆς
1369 897 1714 960 διδασκαλίας
1738 895 1911 967 μαθή-

344 1006 472 1059 μασι
500 989 880 1061 περιεχόμενα,
910 988 972 1041 τὸ
997 989 1133 1060 πρὸς
1169 991 1296 1052 τοὺς
1320 991 1377 1042 ἐν
1402 989 1479 1060 τῷ
1513 988 1612 1060 βίῳ
1632 988 1909 1041 ταλαιπω⁴

344 1081 631 1152 ρουμένους
678 1080 1055 1153 φιλάνθρωπον
1128 1081 1460 1145 ἐπεδείκνυε,
1505 1081 1697 1150 λέγων·
1771 1080 1909 1149 Ἐγὼ

334 1174 391 1229 δὲ
433 1174 525 1227 ἐπὶ
558 1175 719 1227 παντὶ¹
753 1174 998 1246 ἀδυνάτῳ
1028 1174 1284 1229 ἔκλαυσα·
1324 1194 1343 1225 ι
1383 1174 1642 1241 ἐστέναξα
1684 1174 1740 1228 δὲ
1786 1173 1909 1228 ίδὼν

335 1266 500 1336 ἄνδρα
548 1268 606 1318 ἐν
656 1266 939 1336 ἀνάγκαις.
981 1285 999 1318 ι
1037 1264 1169 1322 Εἶτα
1209 1268 1389 1333 πάλιν,
1422 1266 1522 1337 τῆς
1552 1268 1910 1340 εύαγγελικῆς

332 1359 678 1423 διδασκαλίας
703 1359 830 1423 τοὺς
863 1359 1129 1430 ἁσέμνους
1166 1348 1617 1432 ἀπαγορευούσης
1646 1360 1907 1430 γέλωτας,

332 1448 620 1524 προλαϐὼν
654 1450 682 1502 0
728 1450 992 1523 μακάριος
1017 1453 1221 1517 οὑτοσὶ,
1262 1456 1444 1524 φησίν·
1497 1472 1515 1504 ι
1570 1454 1632 1507 El
1663 1453 1719 1507 δὲ
1762 1455 1908 1527 ήμην

332 1543 739 1614 πεπορευμένος
768 1542 904 1615 μετά
953 1542 1301 1612 γελοιαστῶν·
1335 1546 1383 1597 εἰ
1415 1546 1472 1597 δέ
1511 1546 1605 1599 καὶ
1644 1546 1907 1599 ἐσπούδα-

333 1649 423 1687 σεν
451 1635 480 1687 0
508 1635 643 1699 ποῦς
668 1653 766 1706 μου
790 1637 869 1699 είς
888 1635 1055 1700 δόλον,
1079 1637 1315 1709 ’ἐσταμαι
1344 1638 1401 1691 δὲ
1426 1639 1483 1691 ἐν
1518 1637 1665 1709 ζυγῷ
1694 1638 1904 1711 δικαίῳ,

329 1722 436 1779 οἶδε
461 1725 517 1779 δέ
544 1728 572 1780 ό
596 1727 799 1797 Κύριος
822 1727 918 1799 τὴν
947 1729 1182 1783 ἀκακίαν
1209 1747 1331 1800 μου.
1377 1730 1593 1802 Ἐπειδὴ
1616 1731 1672 1783 δέ
1702 1733 1730 1783 ό
1757 1731 1906 1804 παρὰ

329 1820 518 1872 Μωσεί
542 1818 695 1888 λόγος
744 1803 1037 1890 νομοθετεῖ,
1061 1820 1251 1890 λέγων,
1274 1839 1291 1872 ι
1318 1823 1392 1874 Ού
1416 1821 1737 1892 μοιχεύσεις,
1766 1842 1783 1873 ι
1810 1803 1904 1875 θά-

2017 618 2191 673 nostri
2239 619 2489 673 doctrina
2548 634 2659 673 non
2709 619 2986 676 abhorret.
3032 619 3173 676 Dicit
3221 623 3384 693 igitur
3427 623 3579 693 ipse,

2014 709 2107 763 ubi
2141 725 2293 764 suam
2326 709 2499 779 ipsius
2528 710 2693 767 vitam
2724 712 2980 782 exponit,
3032 721 3086 769 et
3133 714 3488 785 arguentibus
3520 726 3581 771 so

2013 801 2203 859 amicis
2234 801 2562 871 respondet:
2598 821 2615 851 ι
2647 800 2868 858 Servavi
2899 805 3042 859 enim
3075 805 3291 876 inopem
3319 806 3385 860 de
3412 821 3578 860 manu

2012 880 2291 962 potentis}
2332 902 2386 947 et
2437 891 2679 962 pupillo,
2710 895 2798 949 cui
2851 911 2959 949 non
3010 904 3125 950 erat.
3172 896 3409 965 adjutor,
3451 898 3581 952 sub-

2011 984 2153 1039 veni.
2182 983 2256 1040 Os
2283 993 2465 1038 autem
2499 985 2678 1040 vidua:
2708 986 2841 1039 mihi
2873 987 3146 1041 benedixit
3173 1029 3187 1051 ,
3214 999 3267 1042 et
3307 988 3577 1058 justitiam

2012 1075 2316 1130 indumenti
2366 1075 2487 1130 loco
2536 1077 2742 1146 accepi.
2793 1075 3068 1131 Adornavi
3126 1088 3307 1132 autem
3362 1095 3447 1134 me
3487 1068 3585 1151 Ῑιι-Δ
3648 1088 3656 1107 ⁸

2011 1165 2184 1230 dicio,
2237 1168 2394 1237 quasi
2426 1166 2631 1236 duplici
2693 1168 3055 1238 vestimento;
3110 1171 3302 1227 oculus
3349 1171 3425 1226 fui
3474 1187 3579 1229 cte-

2010 1272 2199 1313 corum
2220 1298 2234 1321 ,
2262 1273 2357 1327 pes
2389 1257 2707 1313 claudorum
2735 1278 2746 1312 :
2778 1275 2879 1330 ego
2909 1258 2985 1314 fui
3016 1269 3170 1331 pater
3200 1263 3420 1333 inopum
3456 1266 3521 1318 ⁶⁸.
3554 1285 3573 1319 ο

2016 1349 2116 1421 15
2148 1348 2267 1419 ipsa
2312 1351 2425 1405 haec
2463 1350 2628 1421 igitur
2669 1351 2995 1407 documenta
3042 1353 3199 1423 plane
3226 1356 3411 1410 eadem
3452 1364 3579 1413 sunt

2010 1458 2132 1496 cum
2161 1441 2248 1509 iis,
2291 1458 2412 1513 qua:
2439 1443 2694 1499 omnibus
2740 1444 2898 1500 nobis
2940 1460 3038 1514 per
3081 1447 3450 1516 evangelicum
3480 1448 3580 1503 do-

2010 1534 2243 1587 ctrinam
2294 1535 2439 1590 tradi
2477 1537 2829 1608 nuntiarique
2871 1538 3031 1593 solita
3074 1548 3202 1597 sunt
3238 1559 3248 1592 :
3282 1542 3578 1611 quinetiam

2008 1627 2170 1681 veluti
2203 1627 2248 1683 is
2280 1630 2370 1698 qui
2404 1630 2538 1684 bene
2563 1628 2693 1684 illud
2726 1640 2948 1687 nosset:
2986 1650 3004 1683 ι
3036 1631 3189 1689 Flere
3234 1649 3357 1689 cum
3404 1632 3580 1690 (lenti—

2007 1719 2110 1774 bus
2132 1721 2215 1772 “z
2259 1740 2277 1772 ι
2311 1729 2364 1777 et
2412 1722 2566 1785 illud,
2597 1742 2616 1771 ι
2653 1722 2805 1778 Beati
2846 1725 2938 1795 qui
2987 1726 3189 1797 lugent,
3223 1729 3478 1798 quoniam
3503 1728 3581 1784 ri-

2008 1808 2288 1878 debunt",
2321 1831 2340 1865 ι
2378 1819 2433 1866 et
2463 1812 2632 1867 illud:
2671 1833 2689 1864 ι
2731 1812 2786 1867 Si
2820 1831 2985 1870 unum
3024 1819 3322 1873 membrum
3354 1821 3576 1891 patitur,

328 1908 484 1962 νατόν
512 1926 570 1962 τε
600 1909 741 1964 κατά
771 1909 973 1981 μοιχῶν
1016 1909 1422 1984 ἐπιψηφίξεται·
1455 1912 1483 1965 ό
1515 1913 1571 1966 δέ
1607 1914 1705 1985 τῆς
1737 1915 1897 1981 εὐαγ-

2006 1916 2128 1955 cum
2156 1917 2220 1957 eo
2266 1904 2429 1959 simul
2463 1905 2646 1960 omnia
2691 1908 2936 1961 membra
2982 1910 3350 1979 patiuntur“.
3389 1932 3407 1962 )
3446 1914 3577 1979 Qua:

327 2001 551 2073 γελικῆς
599 2002 947 2067 διδασκαλίας
998 2005 1089 2058 τὸν
1145 2005 1305 2077 νόμον
1358 2006 1658 2072 ἐπιτείνων,
1722 2008 1903 2079 φησίν·

333 2112 354 2146 ι
420 2094 647 2168 Ἐρρέθη
680 2099 795 2157 τοῖς
850 2098 1122 2168 ἀρχαίοις·
1165 2099 1240 2153 Ού
1301 2100 1626 2170 μοιχεύσεις·
1691 2099 1801 2169 ἐγὼ
1850 2100 1907 2154 δέ

325 2185 469 2255 λέγω
497 2189 645 2258 ὑμῖν,
671 2189 802 2260 μηδέ
823 2188 919 2261 τὴν
931 2189 1106 2262 ἀρχὴν
1132 2190 1437 2262 ἐπιθυμεῖν·
1467 2210 1485 2243 ι
1508 2191 1777 2261 σκέψασθε
1805 2209 1906 2245 κα-

324 2278 434 2344 λῶς
471 2280 561 2333 τὸν
611 2282 739 2352 περὶ
779 2278 841 2334 οὗ
882 2281 976 2336 νῦν
1021 2285 1050 2337 0
1080 2283 1255 2352 λόγος,
1285 2285 1365 2347 ὃς,
1400 2284 1543 2338 κατὰ
1572 2284 1632 2337 τὸ
1668 2286 1903 2356 Χριστοῦ

326 2368 475 2440 βιοὺς
494 2370 840 2439 Εὑαγγέλιον,
871 2372 1052 2426 καὶτὸ
1082 2374 1199 2443 μετ’
1231 2372 1521 2443 ἐπιθυμίας
1553 2373 1906 2428 ἀκολαστότε-

326 2479 418 2534 ρον
448 2448 743 2535 ἐμϐλέπειν
772 2464 1234 2535 παρεφυλάττετο,
1258 2465 1341 2535 ἐφ’
1366 2459 1410 2534 ᾧ
1437 2468 1530 2519 καὶ
1558 2465 1900 2537 ἐσεμνύνετο,

322 2555 513 2625 λέγων·
545 2576 564 2609 ι
596 2558 659 2610 El
679 2558 734 2612 δέ
755 2557 848 2611 καὶ
869 2556 950 2629 τῷ
969 2557 1230 2630 ὀφθαλμῷ
1257 2559 1690 2631 ἐπηκολούθησεν
1714 2561 1747 2632 ἡ
1768 2578 1903 2632 καρ⁴

320 2647 412 2703 δία
447 2666 548 2719 μου
589 2650 808 2718 γυναικὶ
853 2649 1047 2721 ἀνδρὸς
1087 2649 1296 2721 ἐτέρου·
1341 2670 1360 2702 ι
1404 2652 1616 2705 καὶτὸν
1646 2652 1900 2723 λογισμὸν

320 2733 642 2789 ἀποδίδωσιν
670 2734 798 2805 ἑξῆς
827 2737 1067 2805 ἐπάγων·
1114 2756 1132 2788 ί
1169 2738 1352 2809 eum;
1397 2739 1505 2812 γὰρ
1543 2739 1735 2812 ἀνδρὸς
1763 2741 1900 2795 ἀκα-

320 2825 579 2898 τάσχετος
619 2826 681 2880 τὸ
739 2828 924 2907 μιᾶναι
975 2829 1166 2901 ἀνδρὸς
1211 2834 1465 2899 γυναῖκα·
1502 2830 1613 2904 πῦρ
1646 2833 1754 2903 γάρ
1785 2834 1899 2887 ἐστι

319 2920 606 2991 καιόμενον
635 2920 727 2973 ἐπὶ
760 2921 975 2975 πάντων
1014 2921 1121 2974 τῶν
1167 2922 1367 2993 μερῶν·
1398 2916 1458 2977 οὗ
1486 2924 1531 2977 δ’
1558 2923 1624 2978 ἂν
1662 2925 1895 2999 εἰσέλθῃ,

320 3016 385 3069 ἐκ
415 3013 578 3086 ῥιζῶν
604 3012 902 3068 ἀπώλεσεν.
941 3032 960 3066 ι
1007 3014 1164 3067 Ἀλλά
1195 3016 1290 3068 καὶ
1318 3017 1378 3071 τὸ
1408 3016 1501 3070 τοῦ
1532 3018 1733 3090 τρόπου
1763 3020 1899 3075 ἀδω-

323 3106 606 3177 ροδόκητον
636 3105 962 3179 παρίστησιν
988 3099 1109 3160 ὧδε·
1143 3125 1161 3158 ι
1190 3108 1323 3162 Είδέ
1352 3110 1442 3163 καὶ
1461 3112 1580 3173 ταῖς
1607 3111 1761 3182 χερσί
1795 3131 1897 3183 μου

320 3196 543 3271 ἡψάμην
589 3194 797 3270 δώρων,
852 3198 1138 3271 σπείραιμι
1175 3198 1302 3270 ἄρα,
1339 3200 1433 3254 καὶ
1462 3200 1612 3255 ἄλλοι
1653 3202 1893 3272 φάγοιενο

318 3289 540 3363 ἄρριζος
567 3289 624 3344 δὲ
650 3291 905 3362 γενοίμην
936 3291 1029 3344 ἐπὶ
1049 3292 1170 3361 γῆς.
1204 3311 1222 3344 ι
1265 3292 1450 3355 Ὅπως
1470 3292 1526 3345 δὲ
1563 3293 1655 3347 καὶ
1685 3297 1798 3357 τοῖς
1820 3296 1897 3347 οί-

318 3381 487 3445 κείοις
518 3383 904 3454 προσεφέρετο,
950 3382 1139 3454 μαθεῖν
1173 3383 1339 3447 ἔστιν,
1384 3384 1477 3453 ἀφ’
1517 3377 1593 3440 ὧν
1635 3384 1895 3451 διδάσκει,

319 3474 561 3543 φάσκων·
600 3493 618 3525 ι
660 3474 723 3527 Εἰ
745 3474 801 3527 δὲ
834 3475 928 3528 καὶ
952 3474 1217 3544 ἐφαύλισα
1236 3475 1411 3548 κρίμα
1440 3476 1772 3547 θεράποντός
1796 3494 1896 3547 μου

316 3561 353 3634 ἢ
377 3562 726 3637 θεραπαίνης,
756 3564 1087 3637 κρινομένων
1107 3565 1285 3619 αὐτῶν
1314 3566 1449 3637 πρὸς
1472 3566 1590 3637 ἐμέ·
1622 3585 1641 3618 ι
1668 3568 1761 3620 καὶ
1795 3567 1899 3622 πά-

318 3655 399 3710 λιν
416 3655 506 3710 τδν
522 3655 779 3728 λογισμὸν
800 3657 1110 3711 ἀποδίδωσι·
1134 3677 1152 3709 ι
1186 3658 1250 3711 Τί
1269 3657 1377 3729 γὰρ
1407 3659 1634 3730 ποιήσω,
1659 3659 1751 3712 ἐὰν
1771 3659 1895 3714 ἕτα-

320 3747 402 3802 σίν
430 3764 531 3820 μου
548 3748 761 3818 ποιῆται
783 3750 812 3801 ό
834 3747 994 3813 Θεός;
1031 3749 1255 3822 πότερον
1285 3751 1382 3820 οὐχ
1402 3750 1477 3813 ὡς
1501 3748 1610 3818 ἐγὼ
1631 3749 1897 3821 ἐγενόμην

315 3841 375 3894 ὲν
392 3842 575 3912 σαρκὶ,
597 3839 771 3896 οὕτως
783 3841 1022 3894 κάκεῖνοι
1044 3839 1331 3909 γεγόνασις
1353 3841 1654 3911 γεγόναμεν
1674 3842 1730 3894 δὲ
1752 3843 1808 3893 ἐν
1827 3843 1893 3912 τῇ

316 3930 454 4002 αὐτῇ
483 3929 679 4002 κοιλίᾳ.
715 3950 734 3982 ι
769 3930 990 3992 Τούτοις
1016 3928 1275 3998 ἐπιλέγει·
1319 3948 1337 3980 ι
1373 3931 1564 4001 Χήρας
1590 3928 1682 3981 τὸν
1706 3930 1899 3999 ὀφθαλ-

318 4023 417 4093 μδν
443 4024 543 4077 οὐκ
572 4021 817 4093 ἐξέτηξα·
867 4023 916 4074 εί
966 4020 1023 4075 δέ
1056 4021 1148 4075 καὶ
1191 4022 1280 4074 τὸν
1315 4021 1506 4093 ψωμόν
1548 4038 1649 4092 μου
1694 4022 1895 4091 ἔφαγον

317 4114 495 4187 μόνος,
527 4115 619 4169 καὶ
638 4115 759 4185 οὐχὶ
781 4113 1004 4186 ὀρφανῷ
1038 4114 1315 4184 μετέδωκα
1341 4113 1400 4181 ἐξ
1428 4114 1612 4167 αὑτοῦ·
1647 4117 1695 4168 εἱ
1722 4114 1778 4168 δὲ
1801 4116 1894 4168 καὶ

312 4206 450 4262 εἶδον
489 4206 695 4279 γυμνὸν
728 4206 1115 4278 ἀπολλύμενον,
1164 4206 1259 4259 καὶ
1307 4206 1407 4259 οὐκ
1434 4204 1695 4276 ἡμφίεσα.
1732 4225 1750 4256 ι
1783 4206 1894 4257 Καὶ

312 4299 473 4356 πάλιν
504 4298 710 4364 ὑποϐὰς
741 4299 889 4369 λέγει
914 4316 926 4330 ·
960 4317 981 4351 ο
1024 4300 1087 4352 El
1118 4298 1175 4351 δέ
1208 4299 1301 4352 καὶ
1331 4297 1462 4369 λίθῳ
1485 4297 1765 4351 πολυτελεῖ
1793 4300 1891 4351 ἐπ-

311 4391 596 4463 εποίθησα·
629 4392 677 4444 εί
719 4391 776 4444 δέ
812 4391 904 4443 καὶ
938 4388 1256 4462 ηὐφράνθην
1306 4388 1498 4444 πολλοῦ
1534 4374 1762 4443 πλούτου
1802 4405 1891 4459 μοι

310 4483 619 4555 γενομένου·
648 4482 777 4537 εἰδὲ
801 4484 893 4536 καὶ
936 4483 1022 4535 ἐπ’
1060 4481 1447 4554 ἀναριθμήτοις
1494 4480 1696 4553 ἐθέμην
1733 4481 1891 4553 χεῖρά

2008 1990 2063 2045 in
2099 1990 2400 2063 disciplina:
2450 1995 2775 2064 evangelica:
2818 1996 3163 2054 documentis
3208 2002 3575 2072 continemur,

2006 2080 2302 2138 humanum
2352 2092 2407 2139 et
2453 2085 2862 2142 misericordem
2914 2104 3039 2159 erga
3085 2091 3314 2147 miseros
3370 2093 3424 2147 in
3467 2095 3576 2148 vita

2007 2173 2249 2227 animum
2284 2175 2680 2231 demonstravit
2718 2178 2907 2236 dicens
2936 2202 2947 2235 :
2990 2200 3007 2232 ι
3041 2181 3153 2253 Ego
3202 2192 3379 2239 autem
3412 2201 3575 2255 super

2005 2265 2155 2319 omni
2190 2266 2354 2337 inope
2396 2265 2539 2331 ﬂevi,
2579 2276 2635 2323 et
2674 2271 2946 2339 suspiravi
2986 2287 3109 2326 eum
3150 2275 3326 2329 virum
3369 2276 3479 2330 vidi
3521 2277 3577 2331 in

2003 2357 2428 2415 necessitatibus
2450 2359 2516 2414 ⁸⁸.
2553 2381 2572 2413 ι
2610 2359 2811 2418 Deinde
2838 2378 3033 2420 rursus
3063 2381 3186 2420 cum
3219 2367 3576 2424 immodestos

2002 2448 2149 2504 risus
2206 2447 2456 2504 doctrina
2512 2453 2820 2523 evangelica
2858 2464 3099 2527 respuat,
3132 2459 3323 2515 beatus
3372 2460 3459 2514 hic
3489 2462 3575 2516 vir

2001 2546 2155 2596 tanto
2188 2549 2313 2597 ante
2346 2545 2703 2612 pronuntiat:
2737 2564 2756 2597 ι
2789 2545 2845 2600 Si
2877 2564 3006 2603 vero
3035 2551 3305 2606 ambulavi
3334 2567 3456 2607 cum
3479 2554 3574 2609 de-

2002 2631 2289 2696 risoribus,
2320 2641 2375 2687 et
2408 2634 2453 2689 si
2484 2633 2758 2691 festinavit
2784 2653 2879 2707 pes
2920 2654 3073 2694 meus
3100 2640 3166 2694 ad
3198 2640 3403 2705 dolum,
3440 2658 3575 2697 con-

2001 2723 2115 2778 stiti
2144 2724 2198 2777 in
2231 2731 2434 2780 statera
2469 2725 2638 2796 justa,
2670 2737 2724 2784 et
2756 2730 2907 2784 novit
2943 2729 3205 2789 Dominus
3251 2734 3575 2803 simplicita-

2000 2819 2107 2866 tem
2134 2829 2309 2869 meam
2331 2815 2397 2869 "°.
2438 2835 2456 2867 ι
2493 2815 2758 2883 Quoniam
2797 2834 2925 2874 vero
2958 2819 3121 2876 Mosis
3145 2823 3305 2877 verba
3332 2823 3422 2879 illa
3444 2824 3577 2896 legis

2000 2904 2119 2959 loco
2138 2916 2484 2976 proponunt:
2520 2928 2538 2959 ‹
2573 2907 2690 2964 Νοη
2718 2910 3039 2968 adulterium
3066 2915 3371 2971 committes
3392 2914 3489 2981 ⁷¹,›
3522 2923 3576 2972 et

1999 3004 2229 3052 mortem
2266 3006 2453 3053 contra
2490 3001 2766 3059 adulteros
2806 3019 3022 3074 pmnam
3075 3006 3449 3060 constituunt:
3480 3008 3574 3078 qui

2001 3096 2179 3145 autem
2210 3090 2475 3148 doctrinae
2521 3096 2849 3166 evangelicae
2873 3098 3043 3167 legem
3062 3096 3435 3175 describit,jta
3458 3100 3569 3153 ait:

2007 3197 2026 3229 ι
2065 3177 2275 3235 Dictum
2296 3188 2378 3236 est
2401 3182 2642 3254 antiquis
2671 3204 2683 3238 :
2720 3182 2838 3239 Non
2879 3186 3279 3252 mmehaberis;
3315 3202 3415 3255 ego
3446 3203 3573 3243 vero

2005 3268 2129 3325 dico
2158 3272 2334 3335 vobis,
2378 3288 2447 3328 ne
2480 3275 2549 3330 ab
2596 3275 2750 3330 initio
2795 3276 3014 3347 quidem
3054 3281 3313 3349 cupere"
3346 3296 3359 3331 :
3403 3300 3421 3331 ι
3451 3295 3574 3350 spe-

2005 3373 2213 3421 ctemus
2253 3367 2421 3437 probe
2445 3367 2608 3433 hunc,
2642 3368 2709 3423 de
2740 3385 2850 3440 quo
2878 3384 3059 3425 sermo
3085 3379 3188 3434 est,
3217 3371 3573 3443 quemadmoo

2001 3455 2130 3510 dum
2171 3458 2470 3513 secundum
2501 3459 2707 3517 Christi
2736 3460 3085 3533 Evangelium
3118 3464 3325 3525 vivens,
3350 3479 3417 3519 ne
3449 3480 3574 3519 cum

2002 3548 2300 3618 cupiditate
2346 3551 2601 3606 licentius
2654 3554 2944 3622 aspiceret,
2980 3555 3142 3620 cavit,
3179 3556 3234 3609 in
3264 3572 3373 3626 quo
3408 3557 3574 3611 etiam

1999 3638 2358 3706 gloriabatur,
2395 3640 2587 3696 dicens
2618 3661 2630 3696 :
2663 3660 2681 3692 ι
2719 3641 2775 3696 Si
2797 3659 2930 3700 vero
2956 3646 3174 3700 oculum
3211 3655 3458 3701 secutum
3489 3657 3573 3703 est

1998 3744 2095 3784 cor
2123 3746 2301 3785 meum
2336 3733 2390 3786 in
2423 3734 2649 3789 muliere
2674 3734 2899 3791 alterius
2932 3738 3130 3791 viri":
3169 3758 3187 3789 ι
3225 3748 3279 3794 et
3305 3740 3569 3796 rationem

2000 3822 2243 3892 assignat
2277 3822 2534 3895 deinceps
2582 3824 2883 3897 adjungens
2916 3847 2928 3881 :
2967 3846 2987 3879 ι
3024 3828 3251 3885 Animus
3292 3831 3435 3885 enim
3470 3833 3572 3887 viri

1998 3914 2298 3973 dissolutus
2353 3917 2421 3973 ad
2470 3919 2859 3988 inquinandam
2909 3919 3012 3974 viri
3063 3920 3385 3985 mulierem,
3429 3923 3571 3992 ignis

1997 4009 2142 4065 enim
2181 4016 2265 4065 est
2296 4010 2495 4071 ardens
2535 4011 2591 4065 in
2640 4011 2894 4067 omnibus
2951 4012 3201 4083 partibus
3256 4014 3346 4068 7‘:
3405 4015 3571 4084 quod-

2000 4116 2217 4180 cunque
2256 4108 2437 4157 autem
2476 4102 2756 4167 invaserit,
2786 4102 3050 4160 radicitus
3082 4104 3307 4176 perdere
3338 4120 3572 4163 consue-

1991 4195 2103 4259 yit;
2135 4215 2152 4246 ι
2174 4193 2266 4249 sed
2285 4194 2446 4249 etiam
2463 4194 2808 4267 incorruptos
2826 4195 2880 4250 in
2889 4197 3111 4268 judiciis
3134 4214 3313 4254 mores
3337 4200 3566 4266 inducit,

1993 4291 2074 4346 sic
2098 4312 2111 4347 :
2137 4312 2155 4344 ι
2196 4293 2253 4349 Si
2286 4303 2464 4351 autem
2490 4294 2740 4350 manibus
2769 4296 2901 4351 meis
2931 4295 3082 4365 attigi
3113 4308 3357 4356 munera,
3391 4308 3569 4349 seram

1994 4384 2145 4454 ipse,
2188 4396 2241 4443 et
2284 4387 2375 4441 alii
2414 4385 2725 4450 comedant,
2749 4393 2803 4442 et
2838 4386 2957 4442 sine
3002 4388 3173 4457 stirpe
3219 4386 3479 4441 exsistam
3512 4386 3569 4439 in

1995 4480 2139 4528 terra
2164 4474 2231 4529 ⁷⁸.
2268 4494 2286 4526 ›
2312 4474 2594 4541 Quomodo
2618 4484 2798 4531 autem
2824 4491 2882 4531 se
2901 4492 3026 4547 erga
3056 4475 3386 4531 domesticos
3414 4491 3568 4545 gere-

315 4590 437 4643 μου.
472 4594 491 4626 ι
541 4574 783 4642 Καὶιτὸν
828 4573 1086 4645 λογισμὸν
1122 4569 1278 4636 αὖθις
1311 4572 1569 4641 ἐπιλέγει·
1611 4590 1629 4624 ι
1676 4572 1747 4624 Ἢ
1788 4572 1888 4640 οὺχ

2001 4575 2075 4620 ret
2098 4582 2162 4621 ex
2187 4567 2254 4621 iis
2274 4568 2400 4623 licet
2423 4567 2620 4622 intueri
2644 4583 2765 4638 qua:
2788 4567 2967 4631 docet,
2998 4582 3121 4621 cum
3150 4567 3227 4620 ait
3260 4581 3273 4616 :
3301 4584 3320 4617 ι
3354 4564 3411 4619 Si
3433 4581 3566 4620 con-

309 4665 524 4739 ὀρῶμεν
560 4666 711 4737 ἥλιον
739 4665 1146 4736 ἐπιφαύσκοντα
1173 4664 1266 4717 καὶ
1296 4662 1634 4725 ἐκλείποντα,
1673 4663 1767 4715 καὶ
1806 4679 1889 4715 σε-

309 4752 477 4825 λήνην
518 4753 574 4806 δέ
607 4753 935 4824 φθίνουσαν;
978 4772 996 4804 ι
1035 4748 1167 4806 Εἶτα
1200 4752 1363 4807 πάλιν
1396 4754 1494 4826 τῆς
1528 4751 1886 4823 εύαγγελικῆς

309 4844 655 4909 διδασκαλίας
728 4846 1002 4917 φησάσης,
1059 4864 1078 4897 t
1151 4844 1378 4917 Ἐρρέθη
1429 4847 1542 4909 τοῖς
1597 4844 1883 4916 ἀρχαίοις·

322 4937 652 5008 Ἀγαπήσεις
671 4937 762 4991 τὸν
786 4938 1011 5009 πλησίον
1039 4955 1153 5002 σου,
1184 4938 1278 4991 καὶ
1304 4937 1555 5008 μισήσεις
1575 4936 1665 4989 τὸν
1695 4934 1886 5006 ἐχθρόν

309 5046 426 5085 σου.
468 5026 611 5096 Ἐγὼ
650 5027 709 5081 δέ
757 5029 897 5100 λέγω
946 5032 1092 5102 ὑμῖν·
1152 5031 1425 5099 Ἀγαπᾶτε
1488 5029 1614 5092 τοὺς
1660 5026 1888 5098 ἐχθροὺς

308 5116 485 5191 ὑμῶν,
523 5138 542 5169 ι
575 5118 836 5187 αὐτοφυεϊ
868 5120 1185 5192 διδασκαλίᾳ
1209 5118 1493 5192 προλαϐὼν
1521 5120 1550 5171 ὁ
1583 5117 1883 5188 θαυμάσιος

306 5207 535 5284 τοῦργον
564 5210 902 5283 άπεπλήρου.
928 5214 1017 5267 Διό
1045 5231 1227 5287 φησιν·
1268 5232 1287 5264 ι
1326 5212 1462 5266 Εἰδέ
1497 5212 1589 5265 καὶ
1611 5211 1882 5282 ἐπιχαρὴς

306 5303 574 5377 ἐγενόμην
602 5304 696 5357 ἐπὶ
725 5302 978 5375 πτώματι
1004 5305 1197 5378 ἐχθροῦ
1226 5322 1347 5377 μου,
1384 5304 1479 5358 καὶ
1508 5301 1659 5358 εἶπεν
1686 5304 1719 5373 ἡ
1742 5318 1879 5372 καρ-

304 5398 392 5451 δία
416 5415 540 5469 μου,
574 5392 738 5466 Εὖγε,
777 5397 1007 5467 ἤκουσεν
1038 5396 1146 5468 ἄρα
1170 5397 1231 5449 τὸ
1263 5393 1355 5460 οὖς
1382 5414 1482 5468 μου
1510 5396 1610 5467 τὴν
1634 5394 1879 5465 κατάραν

307 5506 428 5559 μου.
444 5508 463 5542 ι
490 5490 599 5546 Καὶ
624 5488 912 5557 ἐπιλέγει·‹
940 5486 1085 5554 Ἐξω
1099 5487 1155 5540 δέ
1178 5488 1276 5540 οὐκ
1299 5485 1548 5559 ηὐλίζετο
1578 5486 1745 5552 ξένος,
1770 5487 1803 5555 ἡ
1821 5485 1879 5538 δὲ

302 5581 441 5654 θύρα
470 5600 568 5654 μου
599 5583 761 5637 παντὶ
786 5580 988 5635 ἐλθόντι
1015 5580 1275 5650 ἀνέῳκτο,
1305 5599 1323 5632 ι
1360 5580 1482 5633 ἐπεὶ
1501 5580 1574 5651 μὴ
1595 5578 1873 5649 ἀλλότριος

1989 4659 2184 4728 tempsi
2222 4658 2406 4714 subire
2430 4659 2698 4730 judicium
2731 4674 2855 4713 cum
2900 4674 3056 4715 servo
3102 4673 3245 4721 meo,
3285 4665 3338 4713 et
3372 4657 3567 4712 ancilla

1993 4764 2135 4814 mea,
2169 4763 2292 4805 cum
2324 4750 2693 4820 disceptarent
2717 4749 3005 4805 adversum
3027 4766 3113 4806 me
3129 4751 3207 4802 ’σε
3230 4770 3249 4802 ι
3286 4757 3339 4803 et
3372 4746 3567 4802 deinde

1991 4843 2258 4898 rationem
2287 4843 2529 4914 assignat
2555 4862 2567 4897 :
2606 4863 2625 4894 ‹
2655 4844 2794 4910 Quid
2817 4844 2961 4898 enim
2980 4843 3197 4907 faciam,
3231 4842 3275 4898 si
3296 4840 3562 4910 judicium

1992 4944 2184 4993 contra
2218 4953 2305 4992 me
2336 4937 2642 4993 exercuerit
2666 4937 2847 4994 Deus?
2876 4937 3123 5008 nunquid
3158 4952 3268 4990 non
3302 4936 3566 5004 quemad-

1992 5028 2213 5083 modum
2249 5043 2349 5099 ego
2392 5029 2569 5084 factus
2604 5044 2725 5086 sum
2775 5029 2830 5083 in
2877 5043 3063 5093 carne,
3097 5034 3150 5082 et
3195 5027 3273 5081 sic
3321 5025 3397 5079 illi
3437 5023 3565 5079 facti

1993 5119 2160 5175 sunt?
2192 5117 2319 5173 facti
2355 5135 2520 5190 porro
2565 5135 2753 5176 sumus
2798 5120 2856 5175 in
2893 5118 3083 5175 eodem
3126 5127 3283 5173 utero
3308 5117 3377 5173 ".
3409 5137 3429 5171 ι
3468 5116 3565 5174 His

1988 5210 2236 5281 adiungit
2268 5226 2281 5261 :
2319 5230 2338 5263 ί
2376 5205 2566 5267 Vidua:
2607 5212 2823 5268 oculum
2867 5225 2977 5265 non
3007 5210 3309 5278 liquescere
3339 5207 3442 5264 feci
3470 5228 3484 5264 :
3516 5209 3565 5264 si

1988 5309 2167 5357 autem
2192 5309 2245 5356 et
2268 5301 2570 5371 buccellam
2599 5318 2773 5357 meam
2790 5302 3002 5358 comedi
3033 5299 3205 5365 solus,
3223 5309 3277 5355 et
3302 5314 3409 5354 non
3438 5313 3564 5353 cum

1986 5392 2193 5463 pupillo
2221 5393 2621 5449 communicavi
2646 5410 2658 5444 :
2688 5401 2741 5448 et
2773 5394 2820 5449 si
2849 5392 2959 5447 vidi
2989 5394 3192 5447 nudum
3223 5396 3562 5462 pereuntem,

1987 5492 2041 5539 et
2071 5500 2179 5539 non
2206 5485 2483 5540 vestivi".
2528 5505 2546 5537 ι
2584 5484 2650 5539 Et
2690 5485 2948 5555 deinceps
2984 5498 3312 5554 progressus
3362 5483 3441 5537 sic
3475 5481 3562 5535 di-

1983 5574 2058 5630 cit
2086 5596 2099 5629 :
2135 5593 2154 5627 ι
2193 5574 2252 5649 Si
2283 5591 2412 5633 vero
2444 5584 2497 5633 et
2538 5578 2593 5632 in
2616 5577 2794 5647 lapide
2821 5576 3062 5648 pretioso
3093 5574 3344 5630 ﬁduciam
3370 5573 3562 5655 habui,
3640 5556 3653 5573 ³

392 5741 437 5773 ⁸⁸
495 5738 600 5798 Job
652 5758 821 5807 xxix,
878 5740 1066 5794 11-16.
1144 5739 1189 5769 “
1253 5735 1410 5792 Rom.
1457 5753 1558 5799 xtl,
1623 5738 1713 5791 l5.
1791 5736 2077 5793 "Matth.
2122 5756 2177 5804 v,
2246 5740 2313 5807 5;
2379 5738 2514 5795 Luc.
2558 5757 2636 5803 vt,
2690 5738 2786 5794 2|.
2864 5739 2909 5772 “
2946 5737 2969 5792 Ι
3006 5737 3132 5792 Cor.
3177 5753 3288 5802 xu,
3347 5735 3471 5807 26."
3512 5736 3562 5807 ξ’

827 5811 871 5842 ⁷⁸
909 5809 1011 5865 Job
1089 5824 1238 5865 xxxi.
1279 5809 1332 5872 6,
1392 5808 1449 5861 7.

298 5809 400 5863 Job
444 5827 571 5867 xxx.
621 5812 711 5868 25.

1549 5809 1593 5840 τι
1640 5807 1676 5840 It‘

298 5809 400 5863 Job
444 5827 571 5867 xxx.
621 5812 711 5868 25.
827 5811 871 5842 ⁷⁸
909 5809 1011 5865 Job
1089 5824 1238 5865 xxxi.
1279 5809 1332 5872 6,
1392 5808 1449 5861 7.
1549 5809 1593 5840 τι
1639 5807 1808 5888 [tl-19d.
1874 5824 1897 5861 ι

298 5881 344 5912 ’⁵
379 5881 511 5961 Ibid.
549 5881 634 5962 12.
711 5883 755 5966 τέ
790 5880 921 5968 ibid.
967 5881 1083 5937 7-8.
1128 5881 1205 5962 λ’
1244 5879 1375 5962 Ibid.
1418 5879 1498 5934 l3.
1593 5877 1897 5962 "rtbidf'ﬁ

2016 5809 2102 5879 1},
2208 5809 2254 5841 τ’
2310 5810 2496 5865 Matth.
2536 5828 2568 5855 ν

2001 5874 2032 5933 ἶ.
2142 5880 2187 5911 ⁷⁸
2226 5881 2354 5935 ibid.
2400 5880 2578 5935 16-19.

2208 5809 2255 5882 τι
2288 5804 2496 5882 ίΜειιιιι.
2533 5828 2568 5882 γ
2626 5810 2718 5877 27,
2755 5811 2864 5882 es.
2957 5811 3019 5877 τι,
3062 5807 3165 5864 Job
3220 5823 3370 5872 lit“,
3405 5804 3558 5877 _7-9.
