4106 6434
514 419 582 477 55
1144 430 1410 489 EUSEBll
1446 434 1926 493 CESARIENSIS
1959 434 2111 494 OPP.
2135 436 2333 525 ‘PARS
2372 437 2435 493 ll.
2478 468 2547 480 —
2578 435 3080 494 APOLUGETICA.
3672 434 3744 491 56

513 556 566 605 et
588 548 800 605 laetatus
830 565 973 613 sum,
1002 565 1121 604 cum
1153 550 1334 604 multae
1350 552 1479 606 mihi
1502 551 1703 609 divitia:
1725 564 1929 619 essent,
1956 563 2011 612 et
2033 557 2080 610 si

2190 555 2277 610 τοῦ
2313 558 2636 627 φήσαντος-ι
2663 556 3001 627 Ξένοςῆμην,
3020 554 3113 608 καὶ
3138 550 3467 625 συνηγάγετέ
3486 570 3608 624 με.»
3640 552 3740 607 Οἴα

517 640 586 693 ad
623 641 1035 696 innumerabilia
1058 642 1209 710 posui
1234 658 1454 697 manum
1486 661 1662 701 meam
1684 648 1749 703 τ’.
1783 667 1802 700 ι
1842 650 1949 721 16
1972 649 2077 704 Ra-

514 734 826 804 tionemque
852 734 975 787 item
1005 732 1250 804 adjungit
1277 750 1291 786 :
1331 735 1467 804 cAn
1499 752 1609 793 non
1637 738 1884 796 videmus
1909 742 2078 796 solem

514 823 649 877 oriri
688 802 754 877 ac
789 822 1038 887 deiicere,
1078 802 1376 894 lunamque
1421 824 1673 883 desinere
1688 829 1771 883 ⁸⁸2
1807 847 1826 880 ι
1864 828 2078 888 Rursus

515 927 643 967 cum
675 913 919 968 doctrina
955 915 1269 984 evangelica
1309 916 1456 970 dicat
1483 936 1498 972 :
1529 935 1548 968 ι
1585 918 1795 974 Dictum
1825 928 1908 976 est
1936 922 2075 977 anti-

514 1007 639 1077 quis
666 1024 679 1062 :
712 1004 911 1076 Diliges
937 997 1243 1076 proximum
1277 1014 1451 1074 tuum,
1482 1016 1535 1064 et
1569 1010 1693 1067 odio
1720 1012 1946 1070 habebis
1976 1015 2080 1069 ini-

513 1100 712 1155 micum
737 1107 911 1153 tuum.
942 1097 1051 1169 Ego
1086 1108 1264 1154 autem
1298 1101 1423 1156 dico
1456 1102 1631 1169 vobis,
1664 1104 1868 1176 diligite
1898 1106 2080 1161 inimi-

515 1203 610 1246 cos
637 1198 850 1246 vestros
868 1190 909 1221 ⁸⁸
935 1210 946 1243 :
982 1211 1001 1243 ι
1026 1190 1362 1249 admirabilis
1386 1192 1475 1248 hic
1509 1194 1591 1250 vir
1619 1196 1803 1251 innata
1827 1197 2077 1254 doctrina

513 1283 874 1354 praeveniens,
905 1287 1079 1352 ipsum
1109 1300 1246 1355 opus
1293 1286 1603 1356 complevit.
1636 1287 1779 1359 Ergo
1801 1290 1882 1346 sic
1909 1291 2081 1362 loqui-

513 1383 642 1428 tur:
682 1393 704 1426 ε
735 1374 788 1429 Si
825 1374 1044 1445 gavisus
1082 1390 1204 1431 sum
1239 1392 1405 1448 super
1448 1379 1603 1433 ruina
1633 1380 1838 1437 inimici
1866 1384 1993 1448 mei,
2025 1391 2080 1440 et

515 1466 653 1522 dixit
683 1482 779 1521 cur
804 1483 1011 1536 meum,
1036 1466 1202 1538 Euge,
1228 1468 1413 1523 audiat
1437 1484 1570 1527 sane
1597 1472 1747 1529 auris
1776 1489 1893 1529 mea
1922 1491 2079 1531 exse-

515 1561 815 1618 crationem
862 1577 1031 1615 meam
1048 1564 1116 1618 ".
1157 1581 1175 1615 ›
1211 1562 1350 1619 Tum
1390 1566 1639 1638 adjungit
1677 1583 1690 1619 :
1733 1586 1754 1620 ε
1784 1567 1941 1625 Foris
1982 1585 2080 1625 au-

518 1661 629 1710 tem
661 1668 769 1708 non
799 1654 999 1710 mansit
1025 1654 1374 1727 Peregrinus,
1413 1668 1467 1715 et
1488 1658 1691 1715 ostium
1719 1676 1901 1716 meum
1932 1662 2081 1718 omni

516 1745 755 1801 venienti
788 1748 961 1817 patuit
982 1747 1048 1807 ⁸³,
1090 1766 1109 1800 ο
1140 1762 1206 1804 eo
1238 1749 1382 1819 quod
1422 1766 1530 1807 non
1570 1751 1783 1809 alienus
1823 1762 1969 1810 esset
2013 1756 2085 1811 ab

518 1851 586 1893 co
608 1837 697 1907 qui
715 1837 852 1892 dixit
876 1858 889 1893 :
926 1856 946 1891 ι
976 1838 1300 1911 Peregrinus
1323 1857 1464 1910 sum,
1486 1850 1541 1897 et
1556 1844 1849 1914 collegistis
1871 1860 1958 1901 me
1977 1845 2075 1901 ⁸⁵.»

2182 648 2239 715 δὲ
2268 647 2429 703 αὑτοῦ
2454 647 2545 700 καὶ
2573 646 2641 701 τὰ
2663 646 2915 717 περὶτῶν
2941 645 3207 698 ἀκουσίων
3240 643 3739 715 πλημμελημάτων,

2184 741 2482 796 ἐπάκουσον
2518 739 2780 809 λέγοντος·
2820 758 2838 790 ε
2891 738 2953 790 Et
2991 736 3045 790 δέ
3070 735 3164 789 καὶ
3192 734 3449 807 ἁμαρτὼν
3479 732 3745 799 ἀκουσίως

2184 832 2392 906 ἔκρυψα
2415 833 2512 903 τὴν
2563 832 2833 904 ἁμαρτίαν
2866 847 2987 901 μου,
3030 830 3089 882 ού
3132 828 3239 901 γὰρ
3260 827 3554 899 διετράπην
3578 826 3742 879 πολυ-

2182 926 2365 996 οχλίαν
2393 923 2753 996 πλήθους,τοῦ
2787 923 2861 995 μὴ
2896 921 3247 994 ἐξαγορεῦσαι
3288 919 3512 973 ἐνώπιον
3546 917 3742 972 αὐτῶν.

2182 1016 2247 1070 ΕΞ
2278 1016 2335 1070 δὲ
2359 1016 2453 1069 καὶ
2475 1018 2629 1070 εῐασα
2649 1015 2905 1068 ἀδύνατον
2926 1013 3158 1081 ἐξελθεῖν
3184 1012 3280 1084 τὴν
3300 1012 3468 1083 θύραν
3495 1028 3592 1082 μου
3622 1009 3743 1063 κόλ-

2185 1127 2272 1179 πῳ
2308 1108 2465 1180 κενῷ,
2496 1110 2653 1179 χεῖρα
2674 1107 2731 1160 δὲ
2764 1106 2966 1177 Κυρίου
2991 1107 3038 1159 εί
3067 1104 3141 1176 μὴ
3172 1103 3474 1167 ἐδεδοίκειν,
3510 1117 3747 1172 συγγρα-

2184 1198 2290 1270 φὴν
2321 1197 2375 1250 δὲ
2397 1200 2463 1268 ἢν
2498 1192 2641 1267 εἶχον
2683 1196 2826 1250 κατά
2843 1213 3006 1261 τινος,
3041 1197 3089 1249 εί
3139 1195 3212 1266 μὴ
3248 1192 3413 1265 ῥήξας
3445 1191 3612 1261 αὐτὴν
3641 1191 3745 1243 ἀπ-

2185 1291 2380 1353 έδωκα,
2400 1291 2550 1344 οὐδὲν
2587 1291 2764 1345 λαϐὼν
2797 1290 2943 1363 παρά
2985 1286 3389 1360 χρεωφειλέτου.
3422 1304 3441 1337 ι
3468 1284 3652 1338 Ταῦτα
3680 1278 3746 1354 ἦν

2184 1384 2278 1436 καὶ
2300 1381 2367 1435 τὰ
2395 1383 2616 1436 τοιαῦτα
2642 1382 2752 1435 τῶν
2783 1382 2888 1452 πρὸ
2932 1381 3175 1443 Μωσέως
3239 1377 3497 1447 θεοφιλῶν
3541 1376 3747 1446 ἀνδρῶν

2187 1471 2266 1542 (ἐξ
2296 1473 2413 1535 ἐνὸς
2435 1472 2543 1544 γὰρ
2579 1475 2672 1527 καὶ
2695 1474 2786 1526 τὸν
2816 1472 2923 1525 τῶν
2943 1472 3144 1525 λοιπῶν
3167 1467 3559 1541 τεκμαίρεσθαι
3589 1482 3749 1538 προσ·

2185 1566 2309 1636 ήκει
2340 1564 2495 1635 βίον),
2529 1564 2597 1619 τά
2630 1565 2972 1637 περιύμνητα
3009 1563 3106 1634 τῆς
3146 1561 3453 1625 θεοσεϐείας
3482 1556 3639 1622 ἆθλα,
3680 1558 3745 1612 δι’

2183 1653 2220 1708 ἀ
2244 1655 2385 1725 φίλοι
2408 1655 2543 1709 Θεοῦ
2586 1655 2681 1710 καὶ
2718 1656 2994 1727 προφῆται
3018 1652 3447 1724 κατηξιώθησαν.
3480 1649 3751 1710 Τοιούτοις

2185 1749 2229 1803 δ’
2249 1745 2388 1814 οῦσι,
2414 1749 2499 1813 τίς
2525 1748 2606 1802 ἐτι
2628 1748 2783 1821 χρεία
2805 1742 2873 1819 ἦν
2894 1746 3002 1799 τῶν
3049 1745 3199 1817 παρὰ
3224 1745 3413 1798 Μωσεϊ
3441 1741 3747 1813 παραγγελ-

2191 1841 2376 1912 μάτων
2421 1840 2642 1910 φαύλοις
2682 1839 2904 1910 ἀνδράσι
2940 1838 3031 1890 καὶ
3065 1836 3353 1907 μοχθηροῖς
3396 1834 3752 1906 παραδεδομέ-

520 1930 711 1998 Qualia
745 1946 909 2002 porro
951 1933 1080 1996 sint,
1119 1948 1240 2002 qua:
1278 1933 1419 1991 idem
1461 1936 1663 1991 sentiat
1701 1936 1770 1993 de
1819 1939 2078 2008 peccatis,

2190 1944 2315 1993 νωνς
2353 1927 2561 1980 οὐκοῦν
2602 1925 2689 1979 διὰ
2718 1927 2921 1979 τούτων
2960 1926 3214 1980 ἁπάντων
3242 1924 3340 1977 ’τὸν
3373 1924 3747 1995 ἀρχαιότατον.

519 2020 643 2094 quae
682 2034 876 2095 praeter
923 2026 1256 2081 voluntatem
1310 2027 1746 2096 committuntur,
1778 2030 1907 2086 audi
1947 2046 2085 2087 eun-

522 2117 643 2172 dem
668 2115 936 2173 dicentem
963 2134 978 2173 :
1005 2137 1024 2169 ί
1064 2116 1219 2183 Quod
1248 2118 1298 2173 si
1340 2119 1532 2176 nolens
1566 2121 1683 2192 ipse
1726 2122 2083 2192 peccaverim,

520 2214 573 2262 et
598 2213 878 2276 peccatum
922 2221 1100 2261 meum
1143 2207 1554 2274 oceultaverim,
1584 2225 1692 2265 non
1721 2211 1866 2266 enim
1895 2211 2083 2267 horrui

518 2297 901 2352 turbulentiam
946 2297 1331 2361 multitudinis,
1378 2314 1448 2355 ne
1481 2300 1825 2357 enuntiarem
1868 2302 1924 2358 in
1947 2317 2083 2359 con-

521 2400 706 2458 Spectu
753 2404 941 2445 eorum
973 2409 986 2444 :
1030 2392 1074 2445 si
1112 2405 1239 2446 vero
1274 2390 1497 2461 permisi
1529 2391 1743 2464 inopem
1777 2393 1928 2449 abire
1960 2394 2084 2449 sinu

518 2493 714 2547 vacuo,
745 2488 799 2534 et
824 2494 1045 2533 manum
1088 2478 1301 2533 Domini
1341 2480 1389 2535 si
1431 2493 1543 2534 non
1582 2481 1828 2547 extimui,
1858 2497 2086 2554 syngra-

518 2567 681 2641 pham
727 2577 930 2633 autem,
962 2584 1126 2640 quam
1156 2568 1322 2624 habui
1356 2569 1618 2628 adversus
1654 2573 1999 2643 quempiam,
2039 2573 2088 2629 si

520 2672 631 2713 non
661 2657 892 2713 scissam
939 2673 1058 2714 eam
1100 2657 1333 2723 reddidi,
1385 2660 1523 2717 nihil
1569 2663 1844 2734 accipiens
1875 2677 1905 2715 a
1932 2662 2085 2718 debi-

521 2757 641 2806 tore
655 2749 723 2808 ⁶⁸.
757 2767 776 2802 ι
808 2748 930 2805 Haec
970 2751 1132 2822 igitur
1161 2762 1323 2822 atque
1354 2751 1662 2824 hujusmodi
1698 2761 1855 2810 erant
1884 2754 1938 2809 in
1984 2753 2085 2819 iis,

524 2842 619 2916 qui
681 2848 807 2899 ante
859 2841 1062 2899 Mosem
1111 2842 1355 2910 fuerunt,
1401 2846 1536 2902 viris
1590 2846 1796 2901 sanctis
1841 2846 1930 2918 (de
1978 2848 2088 2901 vita

523 2934 667 2990 enim
694 2933 857 2989 unius
890 2932 1223 3003 reliquorum
1253 2933 1379 2987 item
1413 2936 1689 3005 conjicere
1713 2936 1879 2991 vitam
1914 2937 2089 3010 licet),

522 3040 622 3096 pro
651 3025 909 3095 religione
933 3026 1185 3083 videlicet
1231 3026 1431 3082 divinis
1465 3027 1717 3084 laudibus
1762 3030 2085 3087 celebranda

523 3105 848 3178 certamina,
882 3131 981 3186 per
1019 3132 1140 3187 qua:
1183 3125 1239 3173 et
1289 3118 1446 3174 amici
1474 3118 1589 3182 Dei,
1629 3126 1691 3175 et
1721 3120 1995 3190 propheta:
2026 3128 2087 3175 ut

2182 2016 2284 2087 τῆς
2308 2015 2417 2069 τῶν
2449 2016 2806 2088 προπατόρων
2830 2014 3134 2077 θεοσεϐείας
3177 2014 3395 2086 τρόπον,
3433 2015 3460 2065 ό
3512 2013 3747 2084 Χριστοῦ

2183 2110 2353 2179 Λόγος
2375 2110 2508 2162 πᾶσι
2544 2107 2904 2177 καταγγείλας
2934 2110 3043 2171 τοῖς
3080 2106 3256 2159 ἔθνεσι
3293 2105 3583 2177 προφανῶς
3613 2107 3748 2159 ἀπο·-

2182 2197 2463 2262 δέδεικται,
2477 2197 2552 2261 ib;
2561 2194 2697 2251 εἶναι
2711 2198 2812 2268 τὴν
2826 2196 3306 2268 ΚαινὴνΔιαθήκην
3317 2195 3571 2263 οὐδ’(ὄω)
3589 2195 3753 2265 ἀλλην

2184 2291 2396 2361 ἐκείνης
2414 2290 2512 2361 τῆς
2541 2288 2900 2360 ἀρχαιοτάτης
2930 2288 3038 2341 τῶν
3066 2289 3307 2351 Μωσέως
3341 2287 3544 2358 χρόνων
3598 2287 3754 2341 εὐσε-

2182 2381 2312 2445 ϐοῦς
2352 2381 2646 2445 πολιτείας,
2680 2381 2821 2435 ὥστε
2860 2380 2997 2453 ὁμοῦ
3032 2382 3125 2434 καὶ
3155 2379 3390 2434 παλαιὰν
3411 2380 3578 2451 αὐτὴν
3613 2376 3750 2433 εἶναι

2185 2474 2278 2526 καὶ
2327 2474 2467 2527 νέαν·
2514 2472 2878 2544 παλαιοτάτήν
2921 2474 3018 2544 μὲν
3055 2471 3143 2526 διὰ
3191 2471 3259 2524 τὰ
3305 2471 3750 2541 ἀποδεδειγμένα,

2186 2565 2310 2617 νέαν
2344 2564 2402 2617 δέ
2446 2560 2600 2629 αὖθις
2634 2565 2722 2618 διά
2765 2566 2846 2631 τὸ,
2887 2568 3115 2637 μακροῖς
3160 2568 3273 2628 τοῖς
3318 2564 3518 2635 μεταξὺ
3543 2565 3751 2635 χρόνοις

2186 2656 2374 2731 ῶσπερ
2400 2659 2799 2731 ἀποκρυδεῖσαν
2827 2658 2886 2723 ἐξ
2918 2658 3235 2730 ἀνθρώπων,
3269 2655 3422 2722 αὖθις
3450 2657 3751 2711 ἀναεεϐιω·

2189 2750 2340 2805 κέναι
2370 2749 2457 2804 διά
2482 2751 2582 2821 τῆς
2611 2751 2705 2804 τοῦ
2726 2751 2976 2821 Σωτῆρος
2995 2750 3147 2820 ἡμῶν
3164 2749 3525 2812 διδασκαλίας.
3550 2747 3752 2802 Τοῦτόν

2187 2844 2253 2912 γέ
2278 2860 2359 2897 τοι
2388 2844 2480 2897 τὸν
2515 2842 2715 2915 μεταξὺ
2741 2842 3063 2914 δηλούμενον
3103 2841 3290 2913 χρόνον
3326 2839 3430 2903 ἕως
3477 2839 3752 2893 συνέϐαινε

2186 2934 2464 2989 λανθάνειν
2479 2933 2815 3006 ἀνθρώπους,
2839 2933 2930 2986 καὶ
2946 2932 3132 3003 ῶσπερ
3160 2931 3464 3002 ὲφησυχάζε
3474 2949 3519 2983 ιν
3541 2932 3631 2984 τὸν
3655 2931 3753 3001 τῆς

2186 3025 2394 3095 Καινῆς
2433 3024 2702 3095 Διαθήκης
2732 3024 2949 3096 τρόπον,
2995 3024 3023 3075 ὁ
3054 3024 3293 3087 Μωσέως
3319 3025 3377 3076 ἐν
3424 3022 3501 3094 τῷ
3552 3022 3754 3093 μεταξὺ

2188 3114 2557 3186 παρεισελθὼν
2584 3117 2767 3187 νόμος,
2795 3112 2885 3169 old
2903 3133 2985 3179 τις
3007 3116 3217 3187 νηπίων
3236 3116 3330 3169 καὶ
3349 3114 3553 3168 ἀτελῶν
3567 3114 3756 3184 ψυχῶν

524 3207 872 3271 exsisterent,
918 3206 1067 3279 digni
1096 3208 1269 3265 etl‘ecti
1327 3219 1475 3265 sunt.
1525 3208 1684 3267 Tales
1741 3221 1922 3268 autem
1961 3227 2085 3267 cura

2190 3207 2476 3278 ἐπίτροπος
2496 3208 2589 3261 καὶ
2607 3208 2907 3279 οἰκονόμος,
2932 3207 2965 3277 ἢ
2986 3207 3079 3261 καὶ
3098 3206 3299 3278 ἰατρὸς,
3317 3207 3462 3276 δεινῇ
3488 3206 3580 3258 καὶ
3594 3207 3753 3273 Αἰγυ-

524 3308 728 3363 cssent,
758 3299 888 3371 quid
918 3298 1023 3353 illis
1053 3309 1320 3372 praecepta
1356 3301 1520 3357 Musis
1545 3304 1804 3374 prodesse
1817 3312 2086 3373 poterant,

525 3403 648 3461 quae
679 3390 991 3463 vulgaribus
1036 3401 1198 3465 atque
1247 3394 1609 3450 insolentibus
1648 3394 1784 3450 viris
1817 3395 2090 3465 descripta

525 3491 581 3538 et
612 3480 811 3538 tradita
841 3484 1005 3541 sunt?
1031 3484 1107 3540 Ex
1142 3486 1225 3544 his
1263 3487 1427 3557 igitur
1468 3487 1723 3543 omnibus
1750 3487 1895 3557 quod
1938 3496 2094 3543 vetu-

528 3571 829 3630 stissimum
885 3574 1183 3645 primorum
1234 3573 1454 3631 Patrum
1504 3576 1783 3648 religionis
1848 3591 2087 3640 morem,

528 3666 743 3719 cunctis
765 3666 1017 3737 gentibus
1044 3667 1245 3726 Christi
1274 3667 1496 3724 verbum
1524 3667 1950 3733 denuntiaverit,
1971 3683 2090 3722 ma-

526 3757 877 3814 nifestissime
908 3766 1149 3829 apparet,
1174 3774 1243 3816 ne
1271 3757 1673 3816 Testamentum
1704 3758 1913 3816 Novum
1946 3759 2093 3816 aliud

527 3864 649 3905 esse
669 3856 941 3919 putemus.
974 3865 1137 3922 quam
1166 3850 1605 3921 antiquissimam
1639 3851 1786 3906 illam
1818 3850 2088 3907 Mosaica-

525 3957 646 3997 rum
670 3949 975 4014 temporum
1005 3942 1256 4015 religioni
1285 3943 1630 4013 conjunch
1658 3942 1873 3999 civilem
1894 3943 2092 3998 oratio-

526 4049 673 4098 nem,
697 4040 758 4089 ut
784 4043 837 4090 et
867 4042 1023 4089 vetus
1073 4034 1297 4104 pariter,
1326 4041 1382 4088 et
1413 4033 1558 4088 idem
1587 4047 1788 4087 novum
1819 4032 2093 4103 possimus

526 4126 713 4182 dicere
737 4141 754 4177 :
786 4134 944 4182 vetus
973 4125 1194 4196 quidem
1236 4132 1459 4195 propter
1484 4138 1551 4180 ea
1573 4140 1698 4196 quae
1719 4124 2093 4181 demonstrata

525 4222 658 4271 sunt
684 4231 699 4267 :
727 4230 926 4270 novum
955 4222 1134 4271 autem
1166 4222 1470 4286 propterea,
1504 4213 1651 4285 quod
1673 4214 1833 4286 longo
1858 4224 1983 4286 post
2014 4214 2105 4270 in-'

526 4306 757 4364 tervallo
785 4307 944 4378 quasi
986 4305 1300 4361 hominibus
1339 4303 1743 4370 absconditum,
1775 4320 1968 4361 rursus
1996 4319 2094 4377 per

532 4398 828 4455 Salvatoris
848 4399 1021 4454 nostri
1050 4397 1353 4454 doctrinam
1381 4396 1637 4453 revixerit
1661 4412 1674 4449 :
1700 4406 1813 4451 toto
1844 4412 1973 4453 vero
1991 4395 2095 4451 hoc

530 4491 712 4548 medio
741 4491 810 4548 de
836 4507 950 4563 quo
997 4491 1203 4549 dictum
1237 4497 1323 4548 est
1369 4498 1631 4560 tempore,
1676 4489 1918 4562 quandiu
1957 4489 2091 4545 Novi

530 4583 860 4641 Testamenti
882 4599 1019 4649 mos,
1044 4593 1104 4640 ut
1133 4584 1381 4640 homines
1405 4584 1619 4645 lateret.
1647 4594 1701 4639 et
1730 4582 1889 4654 quasi
1911 4582 2094 4653 quiete

2114 3259 2162 3321 C

2193 3302 2395 3377 πτιακῇ
2418 3299 2557 3369 νόσῳ
2578 3299 2975 3371 τετρυχωμένῳ
3000 3299 3077 3370 τῷ
3105 3299 3264 3352 παντὶ
3296 3298 3565 3351 Ἰουδαίων
3593 3296 3753 3360 ῖθνει,

2191 3392 2375 3455 αὐτοῖς
2406 3391 2470 3462 δὴ
2502 3394 2614 3455 τοῖς
2646 3390 2742 3445 τοῦ
2801 3390 3049 3464 Ἀϐραὰμ
3086 3390 3372 3459 ἀπογόνοις
3406 3389 3481 3461 μὴ
3518 3389 3651 3453 οῐοις
3697 3405 3758 3441 τε

2188 3477 2337 3537 οὖσιν
2366 3482 2565 3555 ὁμοίως
2595 3484 2706 3546 τοῖς
2744 3482 3087 3555 προπάτορσι
3129 3480 3445 3553 κατορθοῦν,
3489 3480 3583 3534 τὸν
3622 3480 3757 3533 ὕπο-

2191 3577 2462 3649 σεδηκότα
2484 3575 2579 3630 καὶ
2611 3575 2774 3647 ἀτελῆ
2808 3574 2923 3645 βίον
2964 3573 3269 3645 παρεδίδου.
3322 3571 3540 3642 Ἐπειδὴ
3565 3571 3672 3643 γὰρ
3697 3573 3759 3625 ἐν

2189 3673 2255 3742 τῇ
2288 3669 2417 3741 παρ’
2445 3667 2761 3737 Αἰγυπτίοις
2784 3666 3030 3739 διατριϐῇ
3048 3660 3193 3721 οῦτοι
3227 3665 3364 3737 μετά
3391 3664 3489 3737 τὴν
3504 3662 3613 3718 τῶν
3635 3663 3757 3716 θεο-

2192 3760 2363 3832 φιλῶν
2427 3758 2782 3831 προπατόρων
2842 3758 3118 3828 τελευτὴν,
3162 3759 3283 3821 ταῖς
3362 3757 3759 3826 Δίγυπτιακαῖς

2191 3850 2591 3924 όμοιοτροπίαις
2610 3848 2965 3920 ἀπαχθέντες,
2982 3849 3074 3903 ἐπὶ
3085 3848 3184 3922 τὴν
3204 3847 3481 3912 πολύθεον,
3500 3845 3576 3911 ώς
3600 3846 3759 3917 ἐφην,

2190 3943 2609 4014 δεισιδαιμονίαν
2640 3941 3128 4006 ἀποπεπτώκεσαν,
3156 3943 3231 4007 ὡς
3262 3940 3428 4013 μηδὲν
3461 3940 3569 3993 τῶν
3596 3942 3761 4010 Δίγυ-

2193 4036 2363 4090 πτίων
2390 4036 2551 4089 πλέον
2580 4034 2724 4107 ῐχειν
2765 4035 2962 4098 δοκεῖν,
3004 4035 3285 4104 γεγονεναι
3321 4034 3378 4088 δέ
3416 4034 3556 4089 κατά
3582 4032 3762 4089 πάντα

2193 4129 2411 4200 ὁμοίους
2436 4127 2639 4195 αὐτοῖς,
2669 4127 2811 4182 κατά
2835 4144 2895 4181 τε
2928 4128 3027 4199 τὴν
3053 4126 3163 4180 τῶν
3191 4125 3422 4180 εἰδώλων
3443 4126 3672 4196 πλάνην,
3702 4123 3762 4178 ἐν

2194 4236 2252 4272 τε
2276 4221 2389 4284 τοῖς
2416 4218 2596 4283 ἀλλοις
2630 4220 3053 4291 ἐγχειρήμασιν·
3082 4216 3327 4283 εἰκότως,
3352 4216 3543 4289 ὥσπερ
3570 4217 3633 4270 ἐκ
3664 4214 3760 4287 βυ·

2197 4308 2292 4363 θοῦ
2328 4308 2512 4363 κακῶν
2544 4306 2886 4380 ἀνιμώμενος
2913 4307 3108 4371 αὐτοὺς
3130 4308 3160 4361 ό
3177 4307 3404 4379 Μωσῆς,
3433 4307 3637 4377 ἀφίστη
3663 4306 3765 4376 μὲν

2195 4401 2297 4471 τῆς
2328 4400 2487 4455 ἀθέου
2531 4398 2837 4462 πολυθεῖας,
2873 4397 3044 4469 ἀνῆγε
3073 4398 3131 4451 δὲ
3174 4398 3268 4453 ἐπὶ
3298 4398 3391 4451 τὸν
3423 4396 3640 4451 πάντων
3669 4394 3765 4466 δη-

2201 4489 2459 4562 μιουργὸν
2506 4489 2660 4555 Θεὸν,
2706 4489 2919 4562 πρῶτον
2956 4490 3163 4543 ἐκεῖνον
3205 4488 3413 4561 βαθμὸν
3462 4488 3762 4552 εύσεόείας,

2198 4583 2273 4646 ὡς
2314 4582 2373 4635 ἐν
2416 4582 2744 4650 εἰσαγωγαῖς
2787 4581 2879 4636 καὶ
2912 4579 3236 4652 προθύροις,
3279 4578 3389 4634 τῶν
3419 4577 3765 4649 τελεωτέρων

529 4690 594 4732 ac
649 4677 869 4734 silentio
917 4684 1213 4743 teneretur,
1254 4678 1478 4734 evenit:
1522 4674 1690 4732 Hosis
1750 4676 1957 4732 interea
2001 4676 2087 4731 lex

2198 4671 2654 4745 προϐεὸλημένος.
2692 4673 2921 4726 Ἔπειτα
2962 4673 3023 4725 ού
3076 4672 3342 4743 φονεύειν,
3372 4671 3435 4726 ού
3470 4669 3763 4742 μοιχεύειν,

528 4768 775 4840 ingressa
816 4771 972 4841 quasi
1018 4770 1306 4843 puerilium
1360 4767 1909 4839 impertectorumque
1972 4767 2093 4823 ani-

528 4873 744 4915 marum
798 4862 1040 4919 curatrix
1090 4860 1375 4931 quaedam,
1427 4868 1483 4916 et
1542 4859 1938 4931 gubernatrix,
1997 4866 2095 4915 aut

529 4953 694 5006 etiam
726 4952 922 5007 medici
964 4951 1254 5020 cujusdam
1288 4952 1487 5015 instar,
1530 4952 1680 5022 gravi
1736 4950 2096 5023 Egyptiaco-

527 5058 636 5113 que
662 5042 777 5115 17
819 5044 1010 5099 morbo
1036 5043 1303 5099 laboranti
1330 5043 1599 5099 universa
1638 5040 1950 5098 Iudaeorum
1992 5057 2095 5098 na-

528 5136 689 5200 tioni,
737 5136 871 5208 ipsis
913 5136 1163 5193 videlicet
1201 5136 1432 5192 Abrahae
1471 5136 1791 5207 nepotibus.
1836 5144 1894 5194 et
1936 5136 2005 5192 ah
2031 5150 2096 5191 eo

529 5242 702 5298 genus
747 5228 1107 5293 trahentibus,
1152 5228 1244 5298 qui
1299 5241 1405 5281 non
1447 5228 1901 5297 quemadmodum
1932 5228 2094 5297 primi

531 5326 735 5386 patres,
762 5318 834 5372 ita
875 5318 977 5390 ipsi
1016 5335 1195 5386 suam,
1221 5332 1342 5387 qua:
1374 5316 1670 5375 subsecuta
1697 5324 1803 5382 est,
1834 5317 2094 5387 imperfe-

530 5411 756 5465 etiorem
785 5410 953 5466 vitam
986 5410 1221 5483 dirigere
1260 5420 1531 5485 poterant.
1576 5406 1778 5467 tradita
1821 5413 1927 5463 est.
1961 5404 2095 5461 Nam

531 5502 659 5571 quia
692 5517 819 5559 cum
851 5501 1121 5575 Aigyptiis
1164 5515 1447 5563 versantes
1490 5512 1612 5577 post
1653 5509 1967 5557 sanctorum
1996 5497 2099 5554 Pa-

528 5598 676 5648 trum
710 5603 962 5661 mortem,
997 5594 1440 5669 Egyptiacorum
1486 5608 1699 5652 morum
1747 5591 2101 5648 similitudine

2196 4766 2257 4819 ού
2304 4764 2585 4832 κλέπτειν,
2634 4765 2734 4819 οὐκ
2780 4766 3079 4838 ἐπιορκεῖν,
3133 4764 3236 4818 οὐκ
3270 4763 3506 4835 ἄρρενας
3542 4762 3769 4834 ἀρῥεσιν

2198 4856 2598 4928 ἐπιμαίνεσθαι,
2630 4857 2690 4910 οὐ
2730 4856 3021 4930 μητράσιν,
3048 4855 3150 4909 οὐκ
3188 4854 3473 4924 ἀδελφαῖς,
3504 4853 3567 4908 ού
3597 4853 3767 4921 θυγα-

2200 4949 2393 5021 τράσιν
2444 4948 2852 5021 ἐπιμίγνυσθαι,
2912 4947 3021 5003 οὐδ’
3060 4949 3162 5002 ὅσα
3204 4945 3429 5001 τοιαῦτα
3477 4946 3590 5009 τοῖς
3643 4944 3766 4997 τότε

2198 5041 2461 5114 πράττειν
2510 5041 2659 5110 ἐξῆν,
2707 5039 2925 5109 ἀφόϐως
2973 5034 3286 5108 συνεχώρει.
3324 5032 3658 5110 Παραλαϐὼν
3706 5033 3777 5087 δὲ

2197 5131 2259 5198 ἐξ
2285 5132 2559 5205 ἀνημέρου
2590 5131 2686 5185 καὶ
2716 5129 3015 5203 θηριώδους
3035 5129 3149 5201 βίου
3165 5127 3529 5200 λογικωτέραν
3552 5125 3646 5180 καὶ
3677 5123 3758 5179 εῦ-

2197 5243 2361 5297 νομον
2394 5227 2452 5278 ἐν
2490 5226 2601 5287 τοῖς
2648 5222 2768 5276 τότε
2809 5222 3022 5293 χρόνοις
3064 5219 3358 5284 πολιτείαν,
3401 5216 3617 5288 πρῶτος
3673 5216 3771 5270 ἐπὶ

2198 5318 2301 5389 γῆς
2334 5317 2422 5371 διὰ
2448 5314 2669 5388 γραφῆς
2703 5314 3098 5383 συνεστήσατο,
3132 5310 3282 5365 οὔπω
3316 5310 3436 5365 τότε
3468 5308 3633 5362 πᾶσιν
3672 5306 3769 5363 ἀν-

2201 5407 2441 5480 θρώποις
2489 5404 2755 5473 ἐκφανοῦς
2802 5403 2953 5467 ὄντος
3008 5402 3128 5457 οὺδέ
3164 5401 3261 5457 τοῦ
3302 5399 3503 5454 τοιονδὶ
3541 5397 3769 5470 τρόπον.

2204 5496 2335 5552 Εἶτα
2365 5497 2422 5551 δὲ
2445 5495 2594 5550 ώσάν
2620 5495 2862 5549 ἀτελέσιν
2903 5493 3148 5549 ἀπειπὼν
3178 5492 3277 5564 τὴν
3307 5489 3773 5561 είδωλολατρείαν,

2207 5589 2417 5652 θυσίαις
2463 5586 2555 5641 καί
2596 5603 2703 5640 τισι
2757 5584 3228 5656 σωματικωτέροις
3269 5582 3363 5635 τόν
3399 5580 3496 5636 Eva.
3541 5578 3637 5634 καὶ
3675 5577 3772 5632 ἐπὶ

602 5686 649 5719 ’⁸
691 5684 797 5742 Job
838 5702 992 5745 xxxr.
1019 5688 1207 5745 2835.
1282 5690 1330 5723 ⁸ο
1364 5692 1495 5745 ibid.
1535 5688 1626 5743 26.
1702 5685 1744 5716 ⁸⁸
1780 5682 1969 5739 Matth.
2024 5702 2076 5754 ν,

2190 5684 2322 5742 ill.
2399 5680 2571 5737 "Job
2667 5678 3025 5745 xxx1.‘29,'50.
3100 5674 3291 5730 "Ibid
3344 5675 3432 5730 32.
3506 5670 3766 5728 “Matth.

533 5770 661 5819 xxv,
683 5756 772 5811 35.
847 5757 894 5790 ⁸⁸
920 5757 1022 5817 Job
1052 5774 1201 5826 xxxx,
1233 5761 1428 5817 53-35.
1766 5818 1769 5827 ,

606 5845 752 5918 (5“)
787 5846 943 5902 οὐδ’.
972 5846 1132 5904 Forte
1163 5848 1448 5919 legendum
1477 5851 1592 5905 οὐκ.
1634 5849 1790 5907 Enn.
