4106 6468
444 394 513 453 59
1080 388 1350 447 EUSEBI'I
1387 387 1863 445 (IASSARIENSIS
1897 387 1998 445 0P1

2097 383 2268 442 PARS
2300 384 2364 440 u.
2406 368 2474 426 '—
2503 379 2999 438 APOLOGE‘I’ICA.
3574 379 3644 439 eo

442 510 578 569 riter
611 509 680 566 ad
727 523 915 566 omnes
963 516 1147 579 gentes
1187 505 1324 564 Novi
1372 504 1703 562 Testamenti
1746 505 1995 560 doctrina

2101 501 2441 576 προσάγουσα
2466 499 2590 561 τοὺς
2625 495 2938 568 προσιόντας
2965 495 3098 566 αὐτῇ
3123 495 3254 565 βίον.
3283 494 3483 548 Αύτίκα
3519 496 3650 564 γοῦν

440 600 797 676 perferretur,
832 610 945 654 tum
974 600 1222 670 protinus
1252 597 1501 664 Romani,
1530 612 1656 653 cum
1689 598 1877 650 urbem
1902 595 1998 651 ob-

442 692 657 751 sidione
699 691 1017 755 cinxissent,
1046 689 1418 762 Hierosolyma
1462 690 1599 762 ipsa,
1647 696 1700 743 et
1739 686 1884 757 quod
1923 686 1997 740 ili

440 791 561 838 erat
594 781 851 850 templum
888 786 1222 844 everterunt,
1265 779 1549 847 solutaque
1593 785 1677 831 est
1708 774 1997 830 confestim

439 872 622 928 omnis
651 870 816 929 Mosis
859 870 1201 935 constitutio,
1241 876 1295 924 et
1328 882 1665 938 quaecumque
1696 866 1764 922 de
1806 864 1996 921 Vetere

441 961 788 1019 Testamento
827 964 1208 1026 servabantur,
1242 962 1452 1016 sublata
1493 968 1638 1031 sunt.
1680 957 1995 1014 Exsecratio

441 1062 621 1110 autem
643 1054 707 1109 ad
732 1056 854 1111 illos
885 1056 1053 1122 venit,
1087 1054 1211 1124 quia
1244 1068 1368 1107 cum
1393 1066 1456 1106 ea
1479 1066 1599 1121 quae
1625 1066 1655 1104 a
1682 1049 1829 1106 Mose
1859 1065 1996 1121 prte-

443 1153 599 1216 cepta
639 1154 767 1201 sunt
796 1155 992 1215 praeter
1025 1146 1195 1214 legem
1231 1143 1409 1198 facere
1438 1144 1657 1208 vellent,
1683 1143 1738 1196 in
1770 1157 1887 1196 eam
1915 1143 1996 1211 ip-

443 1251 557 1292 sam
583 1236 1010 1309 exsecrationem
1039 1236 1091 1290 vi
1114 1233 1345 1305 quadam
1367 1234 1540 1289 coacti
1574 1241 1702 1289 sunt
1734 1234 1993 1289 recidere.

442 1325 485 1381 E
517 1328 796 1383 contrario
839 1335 1017 1382 autem
1061 1326 1224 1382 simul
1255 1333 1309 1380 et
1345 1326 1533 1381 codem
1581 1333 1820 1395 tempore
1855 1326 1994 1394 ejus,

443 1435 563 1490 qua
592 1419 649 1474 in
667 1418 818 1473 Novo
838 1418 1185 1490 perfectoque
1209 1417 1559 1473 Testamento
1581 1417 1887 1471 continetur
1907 1416 2000 1470 do-

446 1513 652 1575 ctrinae,
704 1521 759 1565 et
802 1511 968 1580 leges,
1017 1518 1072 1565 et
1107 1510 1247 1564 ritus
1285 1508 1581 1564 introducti
1630 1516 1775 1564 sunt.
1819 1506 1997 1575 Quare

445 1601 641 1655 merito
672 1584 922 1669 Salvator
952 1607 1007 1656 et
1035 1599 1319 1664 Dominus,
1354 1600 1420 1655 ad
1465 1614 1561 1655 eos
1599 1599 1691 1669 qui
1737 1598 1997 1669 putabant

443 1690 502 1747 in
540 1692 658 1745 sola
695 1690 1021 1768 Jerusalem,
1088 1701 1183 1746 aut
1229 1691 1285 1746 in
1323 1692 1598 1747 montibus
1644 1691 1995 1760 quibusdam,

444 1781 561 1837 sive
585 1783 750 1837 certis
771 1780 1253 1853 determinatisque
1267 1784 1397 1839 locis
1414 1783 1579 1839 Deum
1602 1782 1814 1836 adorari
1836 1796 1997 1850 opor-

2095 594 2202 647 τῶν
2230 590 2510 663 μακαρίων
2553 587 2771 641 ἐκείνων
2817 587 2910 639 καὶ
2954 584 3230 655 θεοφιλῶν,
3261 585 3365 639 τῶν
3390 586 3530 658 ἀμφὶ
3557 586 3649 640 τὸν

2108 681 2354 753 Ἀϐραάμ
2375 680 2532 747 λέγω,
2558 678 2657 730 ούκ
2678 677 3067 749 ἀφωρισμένως
3096 674 3150 727 ἔν
3176 692 3281 729 τινι
3314 675 3461 746 τόπῳ
3485 691 3652 748 προσ-

2096 777 2427 843 κυνούντων,
2485 775 2603 828 οὐδὲ
2656 774 2743 827 διὰ
2787 772 3064 843 συμϐόλων
3106 771 3198 823 καὶ
3235 771 3440 836 τύπων,
3470 764 3649 845 ἀλλ“ᾔ

2097 887 2259 940 φησιν
2310 870 2338 922 ὁ
2368 867 2551 939 Σωτὴρ
2599 866 2691 919 καὶ
2729 865 2931 935 Κύριος
2962 862 3137 935 ἡμῶν,
3170 864 3227 914 ὲν
3261 862 3525 932 πνεύματι
3556 862 3650 914 καὶ

2095 960 2342 1032 ἀληθεία,
2368 960 2403 1029 ἢ
2435 957 2524 1011 διὰ
2570 957 2669 1026 τῆς
2710 955 2803 1007 τοῦ
2853 955 3099 1025 Σωτῆρος
3136 952 3291 1023 ἡμῶν
3333 953 3650 1022 ὲπιςανείας

2096 1052 2265 1105 ἅπασι
2293 1054 2402 1113 τοῖς
2434 1050 2638 1103 ἔθνεσιν
2672 1047 2899 1118 ὑπῆρξε,
2928 1047 3034 1099 τῶν
3066 1045 3225 1100 πάλαι
3245 1046 3529 1117 προφητῶν
3554 1046 3650 1099 καὶ

2094 1142 2249 1196 τοῦτο
2271 1142 2696 1213 τεθεωρηκότων.
2714 1140 2870 1206 Λέγει
2898 1137 2940 1189 δ’
2969 1134 3060 1191 οὖν
3086 1137 3338 1209 ἄντικρυς
3361 1137 3643 1205 Σοοονίας·
3686 1190 3691 1195 λ

2101 1251 2119 1284 ι
2144 1234 2556 1303 Ἐπιερανήσεται
2580 1231 2778 1302 Κύριος
2800 1231 2887 1282 ἐπ’
2921 1230 3133 1293 αὐτοὺς,
3162 1230 3254 1282 καὶ
3287 1228 3646 1299 ἐξολοθρεύσει

2098 1326 2299 1388 πάντας
2330 1326 2452 1388 τοὺς
2477 1323 2628 1387 θεοὺς
2654 1322 2763 1375 τῶν
2797 1320 2962 1374 ὲθνῶν
2996 1321 3094 1390 τῆς
3134 1321 3256 1389 γῆς,
3287 1322 3379 1372 καὶ
3416 1337 3648 1391 προσκυ-

2095 1420 2344 1489 νήσουσιν
2377 1416 2553 1486 αύτῷ,
2587 1416 2813 1479 ἕκαστος
2861 1415 2925 1467 ὲκ
2956 1413 3049 1467 τού
3079 1413 3239 1465 τόπου
3288 1412 3483 1466 αὐτῶν.
3517 1429 3537 1465 ι
3587 1412 3646 1464 '0

2096 1509 2151 1562 δὲ
2188 1509 2467 1579 Μαλαχίας
2502 1509 2633 1579 ὁμοῦ
2679 1508 2815 1579 πρὸς
2853 1507 2976 1569 τοὺς
3012 1510 3073 1560 ὲκ
3108 1506 3398 1577 περιτομῆς
3433 1504 3647 1557 ἀποτείιο

2096 1618 2261 1666 νεται,
2283 1601 2376 1653 καὶ
2423 1601 2551 1670 περὶ
2583 1598 2691 1651 τῶν
2722 1598 2887 1651 ἐθνῶν
2917 1598 3086 1651 ταῦτα
3122 1598 3511 1668 προαναιρωνεῖ,
3546 1595 3652 1663 φά-

2099 1693 2416 1747 σκωνειούκ
2438 1691 2550 1744 ἔστι
2577 1707 2675 1762 μου
2701 1689 2929 1759 θέλημα,
2954 1689 3103 1756 λέγει
3125 1688 3322 1758 Κύριος
3351 1685 3647 1757 παντοκρά·

2097 1803 2230 1856 τωρ,
2283 1785 2375 1838 καὶ
2422 1783 2609 1846 θυσίας
2663 1783 2722 1835 ού
2768 1779 3122 1853 προσδέξομαι
3175 1782 3237 1832 ὲκ
3301 1779 3407 1830 τῶν
3453 1777 3646 1848 χειρῶν

445 1880 581 1937 tere,
619 1874 699 1929 sic
730 1874 847 1928 ait:
886 1892 906 1926 ι
951 1872 1112 1929 Venit
1149 1875 1305 1937 hora,
1355 1883 1409 1930 et
1443 1888 1591 1953 nunc
1634 1883 1750 1937 est,
1781 1872 1998 1943 quando

2101 1877 2272 1947 ὑμῶν,
2301 1876 2432 1928 διότι
2480 1877 2575 1929 ἀπ’
2616 1873 2898 1942 ἀνατολῆς,
2961 1874 3053 1925 καὶ
3096 1872 3256 1942 μέχρι
3288 1869 3543 1940 δυσμῶν,
3585 1868 3647 1921 τὸ

442 1962 556 2019 veri
583 1962 903 2039 adoratores
934 1963 1237 2019 adorabunt
1266 1963 1502 2028 Patrem,
1534 1979 1705 2034 neque
1733 1963 1789 2017 in
1817 1970 1998 2017 monte

446 2055 585 2119 hoc,
622 2072 794 2127 neque
827 2057 882 2110 in
912 2054 1232 2113 Jerusalem.
1267 2055 1501 2127 Spiritus
1541 2055 1687 2111 enim
1725 2053 1886 2119 Deus,
1943 2060 1999 2110 et

443 2147 621 2217 ipsum
651 2148 963 2215 adorantes,
992 2148 1048 2202 in
1078 2149 1272 2219 spiritu
1299 2155 1355 2204 et
1387 2150 1613 2205 veritate
1631 2156 1846 2219 oportet
1867 2147 1997 2202 ado-

439 2254 565 2293 rare
580 2239 648 2295 ⁸⁷.
688 2258 707 2291 ι
735 2238 945 2305 Quibus
979 2243 1141 2297 rebus
1174 2242 1246 2295 ita
1273 2242 1344 2297 ab
1379 2243 1472 2297 illo
1502 2241 1794 2311 praedictis,
1821 2242 1997 2295 conti-

439 2342 552 2381 nuo
576 2341 675 2382 nec
694 2327 854 2399 longo
882 2337 1001 2399 post
1023 2337 1281 2401 tempore,
1302 2329 1690 2402 Hierosolymis
1715 2331 1997 2387 obsidione

440 2420 742 2491 oppressis,
770 2430 825 2477 et
855 2424 976 2492 ejus
1003 2424 1105 2479 loci
1154 2423 1541 2489 sanctiﬁcatio,
1568 2431 1623 2479 et
1645 2423 1713 2478 ad
1745 2424 1993 2480 eumdem

439 2528 597 2567 usum
631 2521 1000 2570 constructum
1036 2517 1223 2580 altare,
1245 2524 1300 2572 et
1335 2515 1601 2579 adoratio,
1627 2531 1745 2585 qua:
1793 2531 1822 2569 a
1851 2515 1997 2572 Mose

438 2603 639 2659 tradita
681 2604 875 2670 fuerat,
921 2606 1135 2662 sublata
1170 2621 1465 2677 eversaque
1508 2615 1654 2662 sunt.
1692 2607 1997 2678 Eodemque

437 2702 682 2768 tempore
706 2699 759 2752 in
783 2714 972 2754 omnes
998 2699 1246 2754 homines
1266 2699 1534 2769 patefacta
1561 2706 1666 2763 est,
1702 2706 1756 2754 et
1778 2700 1999 2754 emicuit

437 2801 525 2855 ea,
558 2803 681 2859 qua:
703 2797 829 2845 ante
869 2789 1072 2847 Mosem
1108 2791 1243 2846 viris
1281 2790 1488 2846 sanctis
1523 2805 1553 2843 a
1589 2792 1855 2861 principio
1876 2792 1996 2844 data

440 2878 639 2946 fuerat,
675 2881 849 2951 pietas
891 2890 946 2936 et
990 2883 1199 2953 religio,
1241 2889 1297 2937 et
1341 2899 1460 2953 quae
1500 2898 1596 2952 per
1637 2883 1782 2935 illam
1819 2884 1996 2936 omni-

436 2969 544 3026 bus
587 2972 839 3043 gentibus
885 2974 1153 3043 promissa
1200 2973 1375 3029 fuerat
1418 2973 1741 3040 benedictio,
1785 2991 1903 3044 qure
1963 2988 1994 3027 a

438 3062 618 3135 primo
649 3078 912 3119 ascensus
937 3063 1132 3135 gradu,
1161 3073 1214 3121 et
1238 3080 1268 3118 a
1305 3064 1493 3135 piimis
1527 3065 1635 3120 illis
1663 3065 1995 3119 adorationis

443 3155 550 3225 19
580 3154 828 3210 Mosaicae
873 3155 1174 3223 elementis,
1211 3172 1327 3219 eos.
1382 3156 1475 3226 qui
1506 3157 1571 3212 ad
1597 3172 1656 3211 se
1702 3156 1990 3223 accedunt,
2021 3186 2062 3243 ο

439 3244 509 3301 ad
542 3246 820 3301 meliorem
844 3246 1331 3318 perfectioremque
1371 3251 1534 3304 vitam
1575 3248 1815 3303 adducit.
1885 3248 1993 3303 Ita-

439 3350 546 3417 que
570 3338 819 3409 protinus
847 3339 1066 3410 quando
1099 3341 1285 3395 beatas
1331 3340 1475 3405 illos,
1539 3339 1755 3410 Deoque
1790 3341 1996 3395 amicos

439 3430 610 3506 y‘iros,
640 3445 735 3487 eos
759 3430 881 3511 dico
905 3432 998 3503 qui
1045 3431 1353 3487 Abrahamo
1404 3432 1609 3489 similes
1650 3433 1995 3499 exstiterunt,

437 3536 551 3596 non
575 3523 632 3577 in
664 3522 845 3597 aliquo
869 3531 1019 3578 certo
1055 3523 1521 3594 dcterminatoque
1576 3525 1695 3579 loco
1739 3525 1997 3581 adorasse

437 3607 679 3678 constat,
721 3631 896 3695 neque
938 3616 1041 3672 sub
1087 3616 1213 3672 ullis
1273 3616 1445 3686 signis
1495 3624 1589 3671 aut
1645 3616 1851 3687 ﬁguris,
1901 3616 1996 3672 sed

440 3692 989 3776 quomodo‘Salvator
1008 3716 1194 3763 noster
1227 3714 1281 3761 et
1300 3707 1562 3763 Dominus
1588 3716 1767 3771 uocet,
1797 3707 1850 3761 in
1885 3707 1998 3777 spio

439 3801 552 3856 ritu
579 3806 634 3855 et
671 3800 920 3872 veritate,
950 3800 1136 3856 eadem
1166 3799 1431 3856 adorandi
1457 3799 1599 3854 ratio
1631 3815 1728 3870 per
1751 3799 1995 3870 ejusdem

438 3880 739 3950 Salvatoris
760 3894 934 3953 nostri
971 3893 1258 3948 adventum
1290 3892 1543 3949 omnibus
1584 3894 1834 3963 gentibus
1864 3893 1998 3948 insi-

438 3993 604 4053 nuata
636 3993 738 4043 est.
766 3972 921 4053 Quod
945 3970 1164 4057 quidem
1197 3985 1459 4047 futurum,
1504 3984 1667 4041 etiam
1721 3984 1999 4055 prophetae

435 4086 647 4149 veteres
679 4086 832 4134 tanto
856 4085 984 4133 ante
1010 4085 1393 4148 cognoverant.
1431 4076 1566 4133 Dicit
1630 4077 1813 4147 itaque
1843 4078 2000 4146 plane

440 4167 747 4240 Sophoniss
778 4184 792 4220 :
829 4186 848 4220 ι
880 4167 1174 4238 Apparebit
1190 4166 1451 4223 Dominus
1477 4182 1639 4239 super
1661 4182 1776 4232 eos,
1801 4173 1854 4222 et
1878 4182 2002 4236 per-

438 4247 533 4312 det
555 4272 748 4313 omnes
773 4257 906 4313 deos
935 4258 1179 4327 gentium
1214 4266 1394 4323 terrae,
1426 4268 1481 4327 et
1510 4260 1817 4315 adorabunt
1874 4273 1998 4313 eum

438 4346 820 4419 unusquisque
837 4348 904 4403 de
939 4350 1058 4404 loco
1083 4364 1183 4405 suo
1210 4349 1277 4404 ⁸⁸.
1326 4370 1345 4403 ι
1378 4351 1676 4406 Malachias
1707 4360 1887 4406 autem
1927 4350 1999 4405 si-

439 4439 580 4504 mul,
609 4448 664 4494 et
681 4440 750 4495 ad
773 4456 868 4516 eos
896 4442 990 4511 qui
1036 4457 1103 4499 ex
1136 4444 1553 4499 circumcisione
1584 4454 1728 4510 sunt,
1794 4457 1999 4498 sermo-

2098 1968 2269 2039 ὅνομά
2321 1986 2419 2039 μου
2463 1966 2765 2030 δεδόξασται
2791 1967 2847 2018 ὲν
2871 1968 2981 2028 τοῖς
3027 1964 3220 2027 ἔθνεσι,
3266 1963 3357 2016 καλ⁵
3393 1964 3449 2014 ὲν
3488 1961 3646 2015 παντὶ

2096 2060 2247 2129 τόπῳ
2273 2058 2520 2129 θυμίαμα
2552 2057 2879 2128 προσάγεται
2903 2055 2977 2126 τῷ
3023 2054 3241 2125 ὀνόματί
3270 2070 3390 2123 μου,
3438 2054 3528 2105 καί
3555 2052 3646 2105 θυ-

2099 2154 2189 2213 σία
2221 2151 2452 2224 καθαρά.
2494 2169 2512 2202 ι
2557 2150 2628 2203 Τὸ
2659 2150 2766 2221 γὰρ
2791 2151 2846 2201 ὲν
2873 2150 3028 2201 παντὶ
3070 2147 3219 2217 τόπῳ
3269 2146 3515 2216 θυμίαμα
3556 2145 3647 2199 καὶ

2096 2245 2282 2298 θυσίαν
2321 2241 2680 2313 ἀναφέρεσθαι
2730 2240 2865 2311 Θεῷ,
2902 2240 2954 2293 τί
3005 2240 3186 2309 ἕτερον
3226 2239 3566 2309 παρίστησιν,
3609 2235 3644 2308 ἢ

2094 2338 2174 2391 ὅτι
2204 2338 2277 2408 μὴ
2319 2339 2374 2390 ὲν
2428 2334 2834 2406 Ἰεροσολύμοις,
2866 2333 2985 2403 μηδ’
3014 2334 3402 2401 ἀςωρισμένως
3455 2332 3511 2382 ὲν
3543 2328 3649 2400 τῷ·

2093 2429 2150 2482 δε
2201 2427 2279 2499 τῷ
2318 2428 2485 2498 τόπῳ,
2521 2427 2578 2478 ἐν
2633 2426 2782 2497 πάσῃ
2812 2425 2867 2477 δὲ
2920 2424 3090 2495 χώρα,
3147 2425 3236 2476 καὶ
3277 2426 3333 2475 ἐν
3372 2424 3502 2475 πᾶσι
3533 2424 3645 2485 τοῖς

2097 2522 2290 2582 ἔθνεσι,
2318 2520 2562 2592 μέλλουσι
2592 2518 2653 2571 τὸ
2679 2519 2745 2572 δι’
2779 2516 2951 2587 εύχῶν
2970 2516 3234 2587 θυμίαμα,
3259 2516 3350 2568 καὶ
3370 2514 3462 2585 τὴν
3495 2516 3554 2567 ού
3578 2514 3643 2568 δι’

2096 2614 2358 2685 αἱμάτων,
2395 2613 2529 2667 ἀλλὰ
2564 2613 2630 2666 δι’
2667 2611 2837 2681 ἔργων
2876 2608 3111 2661 εὐσεϐῶν
3146 2607 3388 2679 καθαρὰν
3435 2608 3646 2677 ὠνομα-

2098 2705 2297 2775 σμένην
2341 2703 2527 2756 θυσίαν
2577 2702 2654 2772 τῷ
2688 2702 2778 2754 ἐπὶ
2812 2702 2973 2753 πᾶσιν
3016 2701 3301 2771 ἀναᾳέρειν
3350 2698 3500 2768 Sed);
3540 2699 3646 2769 Βοᾷ

2095 2796 2149 2849 δὲ
2191 2796 2502 2868 διαρρήδην,
2550 2797 2643 2849 καὶ
2683 2795 2950 2865 κέκραγεν
3003 2795 3032 2846 ὁ
3086 2793 3329 2855 Ἡσαΐας,
3378 2791 3644 2856 θεσπίζων

2096 2889 2210 2958 ἅμα
2240 2889 2331 2941 καὶ
2354 2887 2553 2954 λέγων·
2590 2905 2608 2937 ι
2651 2888 2840 2938 Ἔσται
2875 2884 3246 2954 θυσιαστήριον
3267 2882 3342 2952 τῷ
3372 2881 3557 2953 Κυρίῳ
3586 2884 3643 2934 ὲν

2096 2978 2246 3052 χώρα
2276 2978 2569 3048 Αἰγύπτου,
2599 2979 2692 3031 καὶ
2734 2976 2968 3046 γνωστὸς
3002 2976 3151 3030 ἔσται
3185 2976 3381 3047 Κύριος
3402 2978 3511 3037 τοῖς
3542 2975 3641 3028 Δί-

2094 3070 2359 3139 γυπτίοις,
2392 3069 2484 3122 καὶ
2538 3067 2821 3121 ἀποστελεῖ
2852 3068 3028 3129 αὐτοῖς
3079 3065 3356 3136 ἄνθρωπον
3392 3065 3449 3126 ὃς
3484 3063 3645 3119 σώσει

2094 3161 2307 3223 αὐτοὺς,
2355 3161 2448 3214 καὶ
2496 3158 2790 3227 γνώσονται
2836 3159 2884 3210 οἱ
2931 3155 3208 3225 Αἰγύπτιοι
3235 3155 3326 3209 τὸν
3358 3156 3558 3226 Κύριον
3589 3159 3646 3209 ὲν

2094 3256 2160 3325 τῇ
2189 3254 2367 3325 ἡμέρᾳ
2395 3253 2596 3324 ἐκείνῃ,
2631 3250 2723 3303 καὶ
2752 3250 3026 3320 ποιήσουσι
3063 3248 3268 3313 θυσίας,
3290 3247 3382 3300 καὶ
3405 3246 3646 3311 εὔξονται

2096 3360 2258 3431 εὐχὰς
2280 3358 2356 3429 τῷ
2397 3359 2604 3429 Κυρίῳ,
2661 3357 2755 3409 καὶ
2799 3354 3153 3409 ἀποδώσουσι.
3183 3352 3273 3406 καὶ
3318 3351 3648 3420 ἐπιστραφή-

2095 3470 2275 3506 σονται
2322 3452 2455 3523 πρὸς
2497 3449 2717 3521 Κύριον,
2770 3448 2865 3502 καὶΙ
2919 3446 3292 3501 είσακούσεται
3330 3443 3527 3503 αὐτῶν,
3558 3444 3650 3494 καὶ

2099 3545 2302 3599 ἰάσεται
2363 3541 2575 3603 αύτούς.
2616 3559 2633 3591 ι
2662 3536 2805 3610 Ἀρά
2845 3555 2924 3591 σοι
2956 3536 3215 3606 δοκοῦμεν
3259 3534 3428 3603 άληθῆ
3474 3533 3649 3599 λέγειν

2099 3633 2383 3705 μετάθεσιν
2411 3630 2503 3684 τοῦ
2527 3630 2764 3692 Μωσέως
2789 3628 2971 3699 νόμου,
3030 3626 3225 3696 μᾶλλον
3246 3624 3299 3676 δὲ
3332 3620 3536 3675 παῦλαν
3559 3621 3650 3673 καὶ

2094 3725 2244 3778 λύσιν
2268 3724 2558 3793 φάσκοντες
2589 3722 2676 3775 διὰ
2714 3719 2822 3773 τῶν
2852 3717 3198 3789 προφητικῶν
3244 3715 3432 3785 φωνῶν
3463 3711 3650 3765 θεσπί-

2097 3818 2309 3883 ζεσθαις
2339 3818 2395 3869 '0
2429 3816 2523 3886 μέν
2538 3833 2600 3884 γε
2614 3813 2812 3883 Μωσῆς
2829 3811 3205 3880 θυσιαστήριον
3222 3808 3313 3859 καὶ
3332 3804 3519 3867 θυσίας
3539 3801 3645 3855 οὐδ’

2101 3911 2264 3980 (ὄψ’)
2309 3908 2566 3978 ἀλλαχόσε
2584 3906 2684 3976 γῆς
2714 3904 2746 3974 ἥ
2773 3906 2829 3956 ὲν
2850 3904 2984 3976 μόνῃ
2995 3904 3059 3972 τῇ
3076 3898 3322 3969 Ἰουδαίᾳ,
3344 3897 3435 3949 καὶ
3450 3895 3651 3964 ταύτης

2098 4002 2153 4053 ἐν
2176 4002 2275 4071 μιᾷ
2306 4000 2454 4053 πόλει
2480 3996 2845 4067 συστήσασθαι
2874 3994 3150 4063 νομοθετεῖ
3169 4008 3181 4021 δ
3212 3993 3245 4061 η
3270 3990 3325 4043 δὲ
3350 3985 3653 4059 προφητεία

2099 4094 2155 4144 ἐν
2190 4092 2342 4163 χώρᾳ
2393 4091 2555 4160 φησιν
2601 4089 2872 4155 Αἰγύπτου
2916 4085 2993 4155 τῷ
3044 4083 3231 4154 Κυρίῳ
3276 4080 3651 4151 θυσιαστήριον

2100 4180 2492 4256 ἱδρυθήσεσθαι,
2521 4179 2613 4234 καὶ
2636 4180 2759 4238 τοὺς
2786 4175 3112 4243 Αἰγυπτίους
3137 4174 3331 4236 αὐτοὺς
3361 4173 3438 4242 τῷ
3468 4169 3655 4241 Κυρίῳ

2098 4283 2204 4336 τῶν
2234 4282 2543 4355 προφητῶν,
2574 4277 2687 4332 ἀλλ’
2710 4276 2888 4330 οὐκέτι
2920 4277 3031 4337 τοῖς
3057 4272 3325 4344 πατρῴοις
3356 4272 3495 4335 θεοῖς
3526 4270 3656 4324 καλ-

2096 4382 2362 4452 λιερήσειν
2384 4379 2479 4440 τὰς
2511 4375 2721 4436 θυσίας,
2752 4372 2845 4426 καὶ
2871 4370 2968 4440 τῆς
2997 4367 3316 4437 θεογνωσίας
3347 4366 3407 4418 ού
3453 4364 3655 4420 Μωσέα

2100 4473 2287 4536 αἴτιον,
2317 4470 2423 4523 οὐδ’
2449 4470 2633 4537 ἕτερον
2655 4464 2761 4518 τῶν
2783 4460 3072 4534 προφητῶν
3100 4462 3279 4522 αὐτοῖς
3313 4454 3652 4528 γενήσεσθαι,

440 4547 565 4589 nem
592 4532 794 4604 dirigit,
814 4543 867 4589 et
891 4536 956 4590 de
976 4535 1229 4606 gentibus
1254 4536 1381 4590 talia
1414 4536 1652 4603 praadicit
1677 4554 1690 4589 :
1715 4552 1734 4586 ι
1770 4532 1888 4589 Νοη
1918 4547 1998 4591 est

2259 4524 2382 4615 τινα
2412 4524 2592 4613 καινόν
2616 4558 2709 4611 καὶ
2730 4524 2847 4611 νέον
2876 4524 3155 4626 ἀνθρωπον
3185 4524 3365 4603 θεόθεν
3389 4524 3492 4602 ἀπε
3502 4546 3655 4600 σταλ-

438 4626 693 4682 voluntas
730 4639 871 4693 mea,
923 4625 1053 4681 dicit
1105 4626 1366 4682 Dominus
1419 4629 1779 4699 omnipotens,
1809 4637 1862 4683 et
1910 4645 1999 4697 sa-

441 4716 707 4789 criﬁcium
728 4732 837 4772 non
866 4719 1160 4788 suscipiam
1190 4720 1257 4774 de
1288 4720 1537 4775 manibus
1594 4722 1812 4785 vestris,
1863 4737 1999 4791 quo-

441 4808 589 4891 niam
621 4810 691 4865 ab
717 4816 841 4864 ortu
866 4826 1039 4881 usque
1067 4811 1135 4866 ad
1162 4826 1414 4867 occasum
1445 4827 1641 4869 nomen
1672 4828 1851 4868 meum
1880 4815 1997 4885 glo-

439 4902 713 4970 rilicatum
762 4910 849 4958 est
904 4902 965 4974 in
1021 4904 1293 4977 gentibus,
1345 4912 1400 4959 et
1453 4905 1507 4959 in
1548 4904 1695 4959 omni
1743 4905 1862 4964 low
1915 4906 2001 4960 in-

441 5007 666 5051 censum
694 4994 918 5051 oﬂ'ertur
939 4996 1144 5069 nomini
1169 5013 1308 5064 meo,
1366 5006 1417 5053 et
1461 4998 1790 5053 sacriﬁcium
1838 5012 1998 5068 mun-

442 5086 572 5141 dum
589 5087 654 5142 ”.
689 5107 708 5140 ι
741 5088 897 5154 Quod
931 5091 1074 5144 enim
1107 5089 1161 5143 in
1183 5089 1330 5144 omni
1355 5090 1473 5143 loco
1507 5089 1660 5151 dicit,
1713 5090 1997 5143 incensum

443 5182 500 5232 et
547 5177 872 5234 sacriﬁcium
918 5180 1098 5236 oﬂ‘erri
1154 5180 1284 5246 Deo,
1335 5182 1467 5251 quid
1509 5181 1657 5235 aliud
1706 5180 1995 5250 signiﬁcat,

441 5268 552 5325 nisi
587 5288 607 5321 ί
647 5286 757 5325 non
784 5270 1169 5346 Hierosolymis
1191 5276 1258 5341 '°,
1292 5294 1309 5325 ι
1346 5288 1520 5342 neque
1563 5273 1783 5329 deﬁnite
1813 5273 1866 5327 in
1896 5274 1999 5329 hoc

441 5370 539 5416 aut
568 5362 622 5417 in
646 5363 741 5420 illo
772 5365 890 5421 loco
915 5368 965 5421 id
998 5364 1279 5422 futurum?
1311 5364 1409 5421 sed
1441 5366 1493 5419 in
1518 5366 1665 5421 omni
1700 5365 1916 5434 regione
1946 5372 2002 5419 et

443 5454 502 5510 in
538 5457 787 5514 omnibus
814 5460 1091 5529 gentibus,
1130 5473 1253 5531 quae
1281 5457 1496 5528 quidem
1527 5464 1580 5512 et
1618 5457 1879 5513 orationis
1920 5459 2003 5512 in-

444 5560 663 5601 censum
691 5556 744 5603 et
773 5551 1124 5613 sacriﬁcium,
1159 5550 1306 5620 quod
1352 5549 1611 5604 mundum
1656 5549 1861 5603 dictum
1894 5556 1998 5614 est,

443 5653 550 5693 non
591 5655 685 5709 per
716 5656 962 5701 cruores,
1018 5643 1115 5696 sed
1162 5656 1258 5710 per
1324 5641 1441 5711 pias
1486 5642 1747 5703 actiones,
1789 5656 2000 5695 summo

508 5730 551 5763 ⁸⁷
582 5730 741 5787 Joan.
782 5746 858 5794 iv,
888 5732 1079 5786 ἐδ-24.
1143 5732 1189 5763 ⁸³⁸
1224 5731 1465 5802 Sophon.
1505 5750 1563 5795 Il.
1602 5735 1684 5787 il.

513 5821 681 5893 (3"")
712 5824 867 5879 Οὐδ’.
896 5824 1055 5881 Forte
1088 5825 1205 5883 οὐκ.
1236 5824 1390 5881 Enn.

1763 5734 1806 5765 ⁸⁹
1833 5732 2060 5787 Mal-aen.
2097 5746 2133 5796 ι,
2168 5728 2350 5795 10,ΙΙ.

2105 4662 2282 4735 μένον.
2334 4657 2838 4728 Μετατιθεμένουδὲ
2867 4655 2958 4709 τοῦ
2993 4652 3371 4721 θυσιαστηρίου
3404 4648 3552 4719 παρὰ
3584 4647 3652 4699 τά

2101 4752 2185 4822 τῷ
2215 4752 2399 4804 Μωσεῖ
2419 4747 2702 4813 δοκοῦντα,
2749 4746 2960 4813 ἀνάγκη
3008 4745 3154 4796 πᾶσα
3179 4743 3271 4793 καὶ
3294 4739 3387 4792 τοῦ
3413 4737 3651 4799 Μωσέως

2101 4846 2266 4915 νόμου
2298 4840 2591 4911 μεταῦολὴν
2612 4838 2878 4908 γενέσθαι.
2900 4834 3031 4890 Εἶτα
3056 4834 3109 4887 δὲ
3129 4833 3345 4894 θύοντες
3373 4828 3653 4897 Αἰγύπτιοι

2102 4936 2178 5006 τῷ
2218 4936 2309 4988 ἐπὶ
2360 4934 2575 4988 πάντων
2619 4931 2770 5002 Θεῷ,
2807 4930 3020 4989 πάντως
3061 4942 3160 4979 που
3207 4925 3300 4976 καὶ
3364 4919 3655 4992 ἱερωσύνης

2092 5026 2501 5096 ἀξιωθήσονται.
2537 5024 2864 5095 Ίερωμένων
2913 5020 3049 5088 δῆτα
3084 5016 3391 5084 Αἰγυπτίων
3425 5014 3491 5066 τὰ
3529 5012 3655 5082 περὶ

2092 5128 2329 5181 Λευῖτῶν
2360 5128 2453 5181 καὶ⁵
2502 5125 2610 5178 τῶν
2665 5128 2729 5177 ὲκ
2764 5121 3011 5191 διαδοχῆς
3059 5117 3259 5187 ’Δαρὼν
3297 5118 3518 5171 Μωῦσεῖ
3542 5113 3657 5167 διαο

2093 5229 2414 5298 τεταγμένα,
2432 5227 2606 5281 οὐκέτ’
2622 5225 2685 5279 ἂν
2703 5224 2911 5291 γένοιτο
2925 5223 3036 5283 τοῖς
3055 5219 3368 5286 Αἰγυπτίοις
3390 5218 3650 5286 χρήσιμα.

2097 5338 2237 5410 Ὥρα
2275 5336 2337 5407 δὴ
2373 5332 2463 5388 οὖν
2492 5331 2682 5401 καινῆς
2708 5328 3023 5401 νομοθεσίας
3048 5328 3155 5381 δεῖν
3181 5330 3257 5390 εἰς
3286 5328 3380 5397 τὴν
3416 5324 3523 5376 τῶν
3563 5322 3657 5393 δη-

2100 5429 2370 5498 λουμένων
2419 5425 2692 5477 σύστασιν.
2730 5423 2794 5475 Τί
2822 5422 2877 5474 δὲ
2928 5417 3065 5493 ἆρα;
3112 5421 3229 5490 εἰκῇ
3276 5417 3425 5470 ταῦτ’
3455 5417 3657 5470 ἀναπε-

2102 5531 2377 5602 φώνηται;
2408 5528 2556 5598 ἥκαι
2588 5526 2734 5590 τέλος
2769 5527 3121 5598 ἐπενήνεκται
3148 5527 3259 5587 τοῖς
3292 5523 3495 5590 λόγοιςς
3523 5520 3656 5575 Σκέ-

2100 5638 2196 5708 ψαι
2224 5637 2268 5690 δ’
2291 5631 2381 5689 οὖν
2413 5636 2462 5686 εί
2493 5632 2566 5704 μὴ
2596 5632 2850 5703 σήμερον,
2876 5632 3016 5701 λέγω
3038 5630 3102 5701 δὴ
3124 5628 3243 5683 καθ’
3270 5629 3412 5698 ἡμᾶς
3436 5626 3654 5692 αὐτοὺς,

2429 5725 2474 5759 ’⁸
2502 5724 2663 5782 Joan.
2694 5741 2768 5791 iv,
2799 5725 2889 5780 2i.
