4106 6430
317 386 385 447 Gl

1240 369 1894 441 DEMONSTRATIONIS
1921 382 2380 463 nuncnum
2421 381 2549 439 LIB.
2588 364 2631 439 ι.
2721 444 2729 453 ,

3480 383 3552 439 62

316 507 618 581 ὀφθαλμοῖς
652 505 725 577 (4)
766 503 993 577 ὁρῶνται
1020 503 1079 557 ού
1108 502 1266 575 μόνον
1298 506 1602 574 Αἰγύπτιοι,
1625 504 1761 559 ἀλλά
1792 504 1886 557 καὶ

2010 501 2099 558 )eo
2133 512 2316 559 essent
2336 501 2638 559 oblatum?
2666 498 2901 556 Clamat'
2925 506 3106 558 autem
3153 500 3331 571 palam
3370 505 3425 554 et
3454 515 3544 554 vo-

322 601 431 654 πᾶν
451 598 605 667 γένος
629 594 737 649 τῶν
765 595 907 665 πρὶν,
935 592 1329 667 εἰδωλολατρῶν
1385 592 1702 667 ἀνθρώπων,
1728 591 1821 657 οὒς
1850 593 1885 663 ή

244 750 249 759 ,
322 692 627 763 πρόρρησις
656 686 743 741 διὰ
764 686 871 741 τῶν
892 686 1203 753 Αἰγυπτίων
1232 687 1494 760 ᾐνίττετο,
1528 686 1627 756 τῆς
1658 684 1756 757 μὲν
1789 701 1887 738 πο-

322 781 513 837 λυθέου
539 781 631 835 καὶ
649 780 967 851 δαιμονικῆς
995 780 1411 854 ἀπηλλαγμένον
1446 778 1673 850 πλάνης,
1703 778 1795 831 τὸν
1832 777 1889 832 δὲ

323 874 435 931 τῶν
461 871 747 946 προφητῶν
775 871 906 926 Θεδν
938 871 1390 943 ἀνακαλούμενον.
1428 870 1536 925 Καὶ
1569 868 1812 942 εὔχονται
1834 868 1891 924 δέ

325 968 503 1024 οὐκέτι
526 966 734 1019 πλείοσι
771 964 1000 1037 κυρίοις,
1051 965 1129 1018 ἐνί
1151 964 1208 1018 δὲ
1238 963 1315 1035 τῷ
1349 963 1495 1035 μόνῳ
1532 962 1721 1034 Κυρίῳ
1751 961 1892 1015 κατά

325 1058 386 1114 τδ
444 1059 587 1130 ἰερὺν
633 1056 833 1124 λόγιον,
874 1055 965 1109 καὶ
1017 1054 1189 1126 τούτῳ
1227 1053 1609 1125 θυσιαστήριον
1649 1052 1891 1123 άναίμων

325 1152 419 1205 καὶ
453 1147 684 1218 λογικῶν
736 1146 955 1213 θυσιῶν,
986 1147 1126 1201 κατὰ
1178 1147 1246 1201 τὰ
1291 1145 1451 1201 καινά
1488 1146 1758 1217 μυστήρια
1794 1146 1892 1216 τῆς

323 1240 448 1303 νέας
481 1238 575 1293 καὶ
604 1236 798 1307 καινῆς
820 1236 1112 1308 Διαθήκης,
1143 1235 1266 1289 καθ’
1291 1236 1419 1307 ὃλης
1448 1236 1547 1306 τῆς
1594 1232 1892 1306 ἀνθρώπων

322 1330 645 1403 οἰκουμένης
692 1330 1073 1402 ἀνεγήγερται,
1103 1330 1161 1381 ὲν
1210 1327 1347 1400 αὐτῇ
1384 1345 1445 1382 τε
1477 1326 1758 1398 Αἰγύπτῳ,
1801 1326 1895 1379 καὶ

300 1424 436 1491 ,τοῖς
452 1420 657 1484 λοιποῖς
684 1419 857 1474 ἔθνεσι
900 1417 991 1472 τὸν
1041 1418 1242 1490 τρόπον
1288 1413 1716 1487 Αίγυπτιάζουσι
1754 1416 1895 1471 κατά

321 1513 423 1585 τὴν
454 1510 821 1583 δεισιδαίμονα
859 1509 1097 1580 πλάνην·
1128 1509 1223 1563 νῦν
1267 1509 1388 1563 καθ’
1422 1510 1569 1580 ἡμᾶς
1597 1507 1746 1579 ήτοῦ
1789 1507 1896 1561 τῶν

322 1606 459 1660 ὅλων
481 1604 617 1659 Θεοῦ
650 1603 847 1674 γνῶσις
866 1602 1263 1674 διαλάμπουσα,
1305 1602 1404 1675 τὴν
1435 1602 1619 1667 πίστιν
1663 1599 1899 1672 ἀναμφί-

323 1698 515 1752 λεκτον
558 1696 665 1753 τῶν
691 1695 1198 1769 προθεσπισθέντων
1218 1691 1689 1765 ἐπισφραγίζεται.
1716 1690 1899 1744 Ταῦτα

324 1790 383 1844 δὲ
412 1789 591 1861 ἔργοις
624 1785 1010 1858 ἐπιτελούμενα
1038 1786 1198 1858 ὁρῶν,
1228 1785 1342 1839 ἀλλ’
1368 1784 1547 1839 οὐκέτ’
1570 1785 1707 1855 ἀκοῇ
1733 1800 1899 1855 προσ-

324 1866 748 1955 δοκῶμενα,’τδν
790 1881 995 1954 καιρὸν,
1034 1879 1227 1935 ὁπόθεν
1264 1879 1363 1953 τὴν
1395 1880 1568 1953 ἀρχὴν
1606 1879 1715 1935 τῶν
1762 1896 1902 1951 πρα-

327 1973 552 2045 γμάτωιΙ
574 1972 808 2045 εἴληχεν,
829 1972 936 2026 οὐδ’
956 1970 1054 2043 (4⁵)
1074 1970 1229 2026 ἄλλον
1244 1971 1587 2043 ἀναζητήσας
1599 1967 1899 2041 εὑρήσειςῆ

326 2064 417 2118 τὸν
461 2065 560 2136 τῆς
602 2062 865 2135 σωτηρίου
906 2062 1244 2133 ἐπιφανείας.
1278 2063 1450 2142 ᾼύτδς
1488 2062 1596 2133 ἄρα
1632 2053 1789 2124 οὗτος
1834 2054 1903 2130 ἦν

329 2157 555 2219 ἐκεῖνος,
591 2154 649 2209 ὃν
693 2156 722 2209 ὁ
744 2151 985 2226 χρησμὸς
1028 2151 1237 2224 ἐδήλου,
1266 2151 1444 2221 φήσας
1465 2147 1784 2203 ἀποστελεῖν
1814 2144 1905 2199 τὸν

328 2248 437 2302 τῶν
486 2248 621 2302 ὅλων
651 2246 805 2310 Θεὸν,
837 2246 931 2300 καί
964 2244 1167 2316 Κύριον
1200 2245 1316 2306 τοῖς
1346 2240 1665 2310 Αἰγυπτίοις
1699 2236 1907 2308 ἀνθρω-

331 2354 453 2402 πον,
478 2338 537 2401 ὃς
562 2336 723 2409 σώσει
757 2334 974 2400 αὐτούς·
1008 2335 1067 2387 ὃν
1092 2334 1185 2387 καὶ
1212 2332 1280 2386 τά
1305 2330 1551 2394 Μωσέως
1600 2328 1790 2401 ἐδήλου
1821 2328 1908 2382 λό-

329 2446 447 2498 για,
472 2429 538 2483 δι’
563 2422 637 2482 ὧν
664 2427 861 2499 ἔφησεν
881 2444 895 2457 ⁸
937 2445 954 2477 ι
1009 2422 1381 2492 Ἐξελεύσεται
1413 2420 1695 2492 ἄνθρωπος
1722 2422 1785 2473 ἐκ
1811 2418 1905 2473 τοῦ

335 2519 646 2591 σπέρματος
700 2515 898 2581 αὐτοῦ,
940 2515 1034 2569 καὶ
1076 2512 1351 2585 κυριεύσει
1421 2510 1590 2564 ἐθνῶν
1630 2510 1901 2563 πολλῶνοι

332 2613 392 2664 ἐν
419 2606 500 2673 οἷς
532 2609 706 2662 ἔθνεσι
740 2608 834 2662 καὶ
865 2604 1149 2675 Αἰγύπτιοι
1195 2603 1459 2677 δήπουθεν
1498 2601 1906 2675 καταριθμοϊντ’

333 2700 419 2756 ἄν.
461 2699 620 2754 Ἀλλά
651 2698 778 2771 περὶ
810 2699 909 2769 μὲν
941 2696 1144 2750 τούτων
1173 2695 1382 2767 μακρὸς
1416 2694 1481 2750 ἂν
1503 2694 1586 2767 εἴη
1609 2693 1787 2763 λόγος,
1819 2693 1905 2746 ἐπ’

332 2791 537 2854 οἰκείας
551 2789 744 2860 σχολῆς
760 2787 1029 2841 ἐντελέστε
1038 2803 1129 2859 ρον
1144 2785 1626 2856 ἀποδοθησόμενος·
1647 2783 1707 2836 τό
1722 2800 1784 2852 γε
1802 2781 1906 2854 μὴν

333 2883 504 2952 παρὸν
535 2881 964 2957 ἐπιτετηρήσθω,
1003 2882 1085 2934 ὅτι
1118 2878 1188 2932 τὰ
1215 2876 1603 2949 προηγούμενα
1649 2874 1759 2928 οὐδ’
1782 2873 1909 2944 (4“)

336 2973 572 3046 ἄλλοτεῆ
592 2973 730 3046 μετά
752 2973 850 3045 τὴν
868 2972 1189 3042 ἐπιφάνειαν
1204 2967 1378 3042 Ἰησοῦ
1393 2966 1640 3039 τοῦΣωτῆ
1648 2984 1737 3040 ρος
1752 2964 1910 3038 ἡμῶν

336 3066 656 3140 ἐπληροῦτο.
689 3065 779 3131 Ἐξ
794 3064 998 3120 ἐκείνου
1016 3064 1125 3135 γάρ
1140 3081 1221 3116 τοι
1238 3063 1331 3117 καὶ
1353 3064 1432 3126 εἰς
1448 3060 1608 3133 δεῦρο
1623 3059 1773 3130 παρά
1801 3061 1911 3123 τοῖς

1930 1849 1976 1905 Β

1989 592 2249 649 ciferatur
2278 593 2446 651 lsaias
2460 593 2765 649 vaticinans
2786 593 2971 659 simul,
3018 608 3082 648 ac
3111 591 3301 649 dicens
3338 611 3351 647 :
3381 610 3399 643 ‹
3435 590 3554 646 Erit

1989 685 2159 743 altare
2183 683 2410 741 Domino
2437 684 2491 739 in
2522 694 2664 740 terra
2693 683 2930 755 Egypti,
2960 691 3014 740 et
3058 689 3420 753 cognoscetur
3447 680 3551 736 Do—

1989 774 2170 830 minus
2204 774 2272 828 ab
2300 773 2591 845 Egyptiis,
2622 781 2675 829 et
2696 773 2871 828 mittet
2899 775 2979 829 eis
3012 773 3281 827 hominem
3320 773 3413 843 qui
3442 772 3555 827 sal-

1989 879 2087 921 vos
2116 863 2277 919 faciet
2303 878 2418 928 eos,
2458 870 2510 918 et
2538 870 2865 933 cognoscent
2909 860 3147 934 Egyptii
3178 861 3464 915 Dominum
3498 860 3555 914 in

1990 957 2077 1014 die
2109 956 2218 1022 illa,
2251 965 2306 1011 et
2333 955 2532 1011 facient
2551 955 2839 1021 sacriﬁcia,
2872 962 2925 1010 et
2948 955 3219 1010 vovebunt
3272 962 3397 1007 vota
3453 952 3558 1007 Do—

1991 1051 2160 1114 mino.
2185 1059 2239 1106 et
2270 1050 2517 1115 reddent,
2550 1056 2604 1106 et
2629 1057 3014 1107 convertentur
3041 1048 3108 1102 ad
3141 1046 3454 1104 Dominum.
3499 1052 3557 1100 et

1992 1140 2243 1197 exaudiet
2271 1156 2387 1205 eos,
2413 1148 2466 1197 et
2495 1141 2708 1197 sanabit
2732 1156 2827 1198 eos
2855 1140 2921 1195 ἰ.
2959 1159 2978 1192 ι
3017 1138 3223 1217 Ecquid
3247 1138 3349 1192 tibi
3398 1135 3557 1191 vide-

1993 1250 2115 1289 mur
2138 1233 2467 1304 veramlegis
2497 1232 2633 1288 Mosi
2662 1233 3076 1289 conversionem
3108 1230 3329 1285 dicere?
3358 1244 3426 1282 an
3456 1244 3556 1298 po-

1993 1328 2104 1383 tius
2135 1326 2296 1382 ﬁnem
2320 1333 2373 1383 et
2409 1327 2732 1384 solutionem
2762 1327 3081 1392 enuntiare,
3122 1332 3177 1379 et
3223 1322 3558 1393 prOpheticis

1995 1420 2221 1476 vocibus
2258 1420 2542 1475 vaticinari
2571 1421 2594 1475 ’ἰ
2629 1419 2839 1475 Etenim
2857 1419 3034 1474 Moses
3077 1418 3247 1472 altare
3269 1423 3321 1471 et
3351 1413 3561 1471 sacriﬁ»

1997 1512 2081 1567 cia
2111 1527 2379 1583 nusquam
2397 1520 2663 1567 terrarum
2699 1512 2755 1566 in
2794 1512 2910 1566 sola
2961 1508 3146 1565 .l'udzea
3176 1517 3231 1564 et
3288 1510 3343 1564 in
3397 1510 3561 1581 hujus

1998 1617 2107 1658 una
2128 1600 2393 1658 duntaxat
2417 1602 2636 1658 civitate
2665 1601 2947 1667 constitui,
2984 1601 3103 1673 lege
3123 1617 3154 1655 a
3185 1617 3243 1657 se
3270 1602 3446 1672 posita
3471 1602 3566 1671 ju-

1997 1694 2126 1765 bet:
2160 1693 2441 1766 pr0phetia
2472 1704 2652 1749 autem
2708 1695 2763 1749 in
2797 1702 2945 1751 terra
2993 1692 3211 1766 Egypti
3263 1692 3341 1746 ait
3393 1693 3564 1749 altare

2003 1787 2230 1843 Domino
2258 1787 2578 1844 struendum
2616 1786 3016 1858 dieandumque
3036 1802 3177 1853 esse,
3199 1794 3252 1843 et
3281 1785 3566 1857 Egyptios

2004 1881 2155 1952 ipsos
2176 1897 2286 1936 non
2315 1881 2549 1951 amplius
2579 1880 2686 1936 diis
2720 1880 2911 1951 patriis
2941 1896 3055 1936 rem
3085 1894 3319 1943 sacram,
3347 1880 3440 1934 sed
3462 1878 3568 1949 ipsi

2003 1973 2387 2044 praphetarum
2417 1972 2527 2028 Deo
2557 1970 2796 2026 facturos
2822 1988 2835 2022 :
2867 1979 2921 2027 et
2977 1971 3122 2043 quod
3177 1986 3366 2027 verum
3398 1970 3568 2025 Deum

2005 2066 2113 2119 sint
2142 2064 2399 2136 agnituri,
2449 2079 2558 2118 non
2587 2062 2770 2118 Mosen
2800 2064 2906 2118 illis
2929 2078 3104 2134 neque
3154 2063 3320 2117 alium
3343 2077 3410 2116 ex
3440 2076 3571 2132 pro-

2004 2158 2184 2228 phetis
2214 2157 2521 2228 quempiam
2548 2163 2821 2222 auctorem
2855 2157 2989 2219 fore,
3023 2156 3116 2211 sed
3151 2170 3351 2210 novum
3381 2168 3571 2225 quem-

2005 2247 2129 2301 dam
2163 2247 2422 2301 divinitus
2453 2245 2681 2302 missum
2709 2245 3005 2301 hominem.
3042 2246 3149 2315 20
3178 2244 3349 2299 Porro
3387 2249 3571 2298 autem

2008 2337 2273 2393 translato
2321 2344 2761 2406 commutataque
2802 2334 2958 2389 altari
2994 2345 3188 2405 praeter
3238 2333 3405 2388 Mosis
3434 2348 3571 2389 con-

2008 2427 2320 2483 stitutiones
2347 2435 2504 2497 alque
2531 2426 2768 2501 decreta,
2804 2440 3027 2481 necesse
3050 2433 3132 2481 est
3163 2425 3379 2495 penitus
3407 2426 3574 2479 etiam

2007 2519 2143 2589 legis
2174 2517 2339 2573 Mosis
2370 2517 2484 2571 ﬁeri
2517 2516 2889 2571 mutationem.
2918 2514 3074 2580 Quod
3109 2516 3153 2569 si
3194 2530 3408 2569 summo
3462 2512 3576 2568 Deo

2009 2609 2366 2667 sacriﬁcaturi
2397 2617 2526 2664 sunt
2551 2606 2810 2679 ngyptii,
2848 2621 3072 2677 prorsus
3110 2607 3275 2662 etiam
3320 2606 3578 2661 sacerdo-

2009 2702 2071 2757 tii
2102 2717 2300 2757 munus
2329 2709 2454 2755 sunt
2483 2699 2750 2770 adepturi.
2777 2699 2844 2754 At
2875 2697 3145 2771 Egyptiis
3192 2698 3259 2752 ad
3294 2698 3402 2753 tale
3453 2712 3576 2751 mu-

2009 2809 2133 2861 nus,
2160 2792 2455 2862 assumptis
2485 2806 2606 2865 quae
2620 2789 2687 2846 de
2715 2789 2917 2848 Levitis
2938 2800 2992 2846 et
3032 2791 3213 2845 Aaron
3245 2788 3581 2845 successori-

2009 2887 2114 2942 bus
2140 2901 2170 2939 a
2193 2884 2341 2939 Moss
2374 2891 2500 2942 sunt
2528 2883 2845 2955 constituta,
2878 2884 3011 2937 nulli
3039 2884 3200 2953 plane
3247 2881 3370 2935 usui
3412 2878 3579 2952 Egyo

2012 2976 2141 3047 ptiis
2163 2974 2395 3047 amplius
2436 2991 2558 3031 esse
2594 2990 2754 3046 posse
2797 2974 3144 3045 perspicuum
3202 2980 3306 3028 est.
3340 2969 3581 3040 Tempus

2014 3070 2302 3141 igiturjam
2330 3077 2445 3124 tum
2475 3068 2659 3133 fuerit,
2699 3070 2868 3140 legem
2893 3084 3088 3124 novam
3117 3066 3184 3137 ad
3236 3080 3300 3122 ea
3350 3079 3470 3136 quae
3496 3063 3584 3118 di-

332 3154 765 3225 Δίγυπτίοις,καὶ
781 3172 855 3208 πα
863 3153 929 3235 ρά
944 3151 1277 3225 Πέρσαις,Σύ
1285 3169 1397 3225 ροις
1408 3168 1467 3204 τε
1480 3152 1572 3205 καὶ
1587 3150 1910 3224 Ἀρμενίοις,

2015 3164 2104 3211 eta
2128 3166 2255 3213 sunt
2277 3156 2671 3222 conﬁrmanda,
2703 3172 2906 3227 ponere
2943 3173 3082 3227 opus
3104 3172 3247 3212 esse.
3304 3155 3444 3222 Quid
3479 3153 3583 3225 igi—

337 3248 435 3303 καὶ
456 3265 531 3301 πα
538 3247 606 3321 ρὰ
618 3249 727 3310 τοῖς
742 3246 840 3311 τάς
856 3244 1112 3317 ἐσχατιὰς
1130 3245 1229 3316 τῆς
1245 3244 1350 3315 γῆς
1364 3241 1570 3298 οἰκοῦσι
1590 3241 1909 3314 βαρϐάροις,

336 3342 518 3407 αὐτοῖς
547 3359 606 3395 τε
634 3343 746 3405 τοῖς
781 3341 841 3396 τὺ
874 3341 1003 3413 πρὶν
1039 3338 1483 3411 ἀνημερωτάτοις
1528 3336 1621 3390 καὶ
1656 3335 1914 3408 θηριωδε-

340 3434 551 3499 στάτοις
595 3433 805 3497 ἔθνεσι,
847 3432 937 3486 ναὶ
965 3431 1069 3504 μὴν
1110 3431 1205 3485 καὶ
1250 3429 1401 3502 παρά
1433 3431 1545 3492 τοῖς
1577 3427 1674 3491 τάς
1719 3427 1913 3500 νήσους

335 3526 573 3583 οἰκοῦσιν
608 3524 717 3598 (ὅτι
742 3525 807 3597 δὴ
838 3512 1177 3578 καὶτούτων·
1226 3522 1427 3593 ¹ήίῖζίωσε
1468 3522 1745 3593 μνήμηνή
1785 3537 1916 3592 προ-

340 3620 537 3690 φητεία
568 3616 937 3691 ποιήσασθαι),
958 3617 1094 3688 αὐτὴ
1116 3616 1298 3686 ἐκείνη
1322 3617 1354 3687 ή
1382 3615 1523 3669 κατά
1553 3614 1641 3667 τὸν
1669 3611 1918 3686 Ἀϐραὰμ

340 3714 604 3779 πολιτεία,
634 3714 729 3769 καὶ
758 3715 787 3767 ὁ
813 3712 1169 3773 παλαιότατος
1202 3710 1298 3763 καὶ
1321 3708 1536 3761 πάντων
1559 3706 1917 3780 ἀρχαιότατος

339 3808 441 3878 τῆς
470 3806 777 3870 θεοσεϐείας
805 3806 1004 3877 τρόπος
1043 3802 1422 3866 σπουδάζεται.
1452 3801 1563 3855 Καὶ
1603 3800 1686 3863 τίς
1724 3798 1824 3851 οὐκ
1852 3796 1918 3851 ἂν

343 3896 645 3968 ἐκπλαγείη
686 3895 748 3949 τὸ
787 3894 1091 3967 παράδοξον
1136 3892 1228 3947 τοῦ
1267 3892 1616 3963 πράγματος,
1669 3889 1717 3941 εἰ
1760 3887 1824 3959 δὴ
1870 3886 1920 3938 οἱ

342 3990 403 4059 ἐξ
435 3990 631 4053 αἰῶνος
662 3988 849 4052 λίθοις,
872 3988 966 4042 καὶ
995 3986 1189 4052 ξύλοις,
1224 3985 1319 4038 καί.
1350 3984 1588 4055 δαίμοσι,
1621 3979 1828 4053 θηρίοις
1859 3995 1919 4032 τε

345 4081 804 4155 ἀνθρωποϐόροις,
829 4080 922 4134 καὶ
968 4080 1216 4151 ἑρπετοῖς
1246 4076 1490 4139 ἰοϐόλοις,
1522 4075 1678 4140 ζώοις
1701 4091 1762 4126 τε
1790 4089 1925 4125 παν-

344 4174 531 4240 τοίοις,
566 4173 660 4228 καὶ
692 4171 952 4243 εἰδεχθέσι
986 4170 1297 4233 κνωδάλοις,
1324 4168 1457 4242 πυρί
1490 4185 1548 4221 τε
1584 4166 1679 4221 καὶ
1710 4167 1802 4237 γῇ,
1829 4163 1924 4230 καὶ

346 4268 459 4331 τοῖς
503 4263 597 4339 τοῦ
644 4264 842 4328 παντὸς
883 4262 1111 4332 ἀψύχοις
1158 4259 1442 4333 στοιχείοις
1493 4257 1592 4331 τὴν
1635 4255 1925 4326 σεϐάσμιον

349 4362 515 4436 τιμὴν
543 4360 941 4436 περιτιθέντες,
975 4358 1065 4412 τὸν
1126 4356 1348 4428 ὕψιστον
1380 4354 1533 4418 Θεὸν,
1570 4353 1660 4406 τὸν
1694 4348 1924 4423 ούρανοῦ

351 4458 447 4512 καὶ
480 4456 585 4528 γῆς
632 4453 959 4527 δημιουργὸν
983 4491 997 4516 ,
1028 4450 1189 4506 αὐτὸν
1234 4449 1299 4521 δὴ
1352 4447 1443 4502 τὸν
1490 4445 1598 4499 τῶν
1632 4442 1926 4517 προφητῶν

2010 3250 2134 3307 tur?
2162 3257 2365 3305 temere
2397 3250 2510 3305 haec
2542 3251 2824 3305 enuntiata
2856 3250 3023 3305 sunt?
3049 3265 3115 3303 an
3136 3249 3343 3305 exitum
3379 3247 3585 3303 invenit

2012 3343 2229 3397 oratio?
2261 3342 2468 3415 inspice
2493 3342 2656 3413 igitur
2684 3342 2730 3397 si
2755 3342 3075 3406 non‘hodie,
3113 3342 3217 3396 hoc
3255 3348 3339 3396 est
3379 3340 3585 3397 nostris

2013 3433 2231 3488 interim
2271 3433 2511 3504 ipsorum
2545 3433 2904 3504 temporibus,
2931 3433 3065 3503 ipsis
3088 3432 3261 3487 oculis
3288 3439 3587 3487 cernuntur

2014 3539 2125 3579 non
2156 3525 2330 3578 solum
2354 3523 2616 3595 Aﬁgyptii,
2645 3538 2833 3577 verum
2861 3523 3025 3578 etiam
3064 3538 3226 3578 omne
3282 3538 3454 3593 genus
3489 3522 3588 3576 lio-

2015 3615 2222 3670 niinum
2261 3615 2351 3685 qui
2388 3615 2618 3669 antehac
2639 3614 2951 3670 simulacris
2976 3613 3176 3668 addicti
3201 3622 3376 3677 erant,
3422 3628 3588 3681 quos-

2016 3720 2123 3775 que
2149 3703 2525 3775 Aﬁgyptiorum
2548 3704 2907 3774 appellatione
2939 3703 3257 3774 prophetica
3303 3702 3583 3774 praedictio

2020 3795 2308 3865 signiﬁcat,
2344 3808 2374 3847 a
2398 3795 2693 3849 multorum
2727 3794 2956 3849 deorum
2974 3809 3038 3848 ac
3079 3794 3388 3848 daemonum
3422 3794 3589 3863 impio

2021 3887 2172 3939 cultu
2198 3884 2507 3949 liberatum,
2538 3892 2593 3939 et
2622 3899 2810 3939 verum
2842 3885 3235 3954 prophetarum
3279 3881 3448 3938 Deum
3498 3888 3588 3937 in-

2022 3990 2223 4031 vocans
2253 3983 2306 4029 et
2330 3975 2588 4030 adorans.
2626 3971 2765 4029 Vota
2789 3983 2969 4030 autem
3010 3973 3240 4038 faciunt,
3268 3989 3379 4030 non
3421 3973 3590 4044 pluri—

2022 4067 2126 4122 bus
2160 4065 2394 4137 amplius
2437 4065 2698 4133 dominis,
2733 4066 2825 4122 sed
2859 4066 2954 4120 uni
2989 4067 3091 4122 soli
3121 4065 3369 4130 Domino,
3402 4079 3592 4136 quem-

2023 4157 2313 4212 admodum
2336 4171 2552 4213 sacrum
2574 4158 2825 4228 praedixit
2855 4158 3160 4213 oraculum.
3216 4155 3281 4211 Et
3310 4157 3436 4213 huic
3472 4154 3595 4226 qui-

2024 4248 2146 4304 dem
2183 4248 2353 4303 altare
2379 4249 2787 4305 incruentarum
2812 4255 2865 4304 et
2887 4248 3233 4303 rationalium
3257 4247 3589 4311 hostiarum,

2026 4345 2087 4395 ut
2126 4354 2266 4395 nova
2291 4337 2430 4394 Novi
2470 4338 2804 4395 Testamenti
2854 4341 3112 4412 mysteria
3155 4338 3451 4410 postulant,
3498 4351 3596 4407 per

1988 4496 1994 4504 .
2029 4438 2200 4486 totum
2230 4437 2501 4486 terrarum
2521 4431 2709 4486 orbem
2739 4439 2983 4486 erectum
3005 4439 3089 4485 est
3124 4445 3137 4480 :
3169 4437 3365 4485 etcum
3399 4429 3455 4483 in
3504 4425 3597 4482 ΑΞ-

353 4518 579 4620 sapia},
611 4518 717 4601 ab;
739 4518 888 4599 Geo-vv
915 4542 1164 4614 Ἀϐραὰμ
1200 4518 1297 4595 καί
1340 4537 1448 4593 τῶν
1474 4535 1661 4590 τούτου
1713 4551 1910 4605 προπα-

2028 4530 2212 4596 gyplo,
2243 4533 2358 4579 tum
2387 4525 2445 4581 in
2474 4523 2700 4595 reliquis
2725 4524 2998 4594 gentibus,
3033 4538 3155 4593 quze
3187 4538 3369 4577 mores
3425 4518 3624 4599 Ᾱίεγη

349 4639 546 4711 τύρων,
583 4637 719 4710 μετά
745 4636 844 4708 τὴν
876 4635 968 4690 τοῦ
994 4632 1245 4704 Σωτῆρος
1276 4628 1432 4703 ἡμῶν
1464 4627 1765 4700 παρουσίαν
1790 4625 1924 4679 ἀνα-

356 4730 678 4795 καλοῦνται;
712 4728 807 4784 καὶ
832 4728 882 4781 οἱ
914 4725 1094 4798 μικρῷ
1119 4722 1355 4799 πρόσθεν
1394 4716 1798 4792 μητρογαμίαις
1831 4716 1926 4770 καὶ

358 4810 801 4891 θυγατρομιξίαις
828 4859 843 4883 ,
894 4814 1338 4888 ἀλληλοφθορίαις
1390 4829 1451 4865 τε
1503 4811 1597 4866 καὶ
1644 4808 1928 4872 παντοίαις

364 4912 690 4986 μιαιφονίαις
717 4909 1208 4982 ὲγκαλινδούμενοι,
1236 4907 1284 4960 οἱ
1339 4904 1503 4978 μηδέν
1543 4921 1596 4957 τι
1638 4900 1927 4973 ἀνημέρων

362 5006 566 5081 θηρίων
599 5004 691 5059 τὸν
747 5005 941 5077 τρόπον
986 5002 1361 5074 διαφέροντες,
1407 4995 1527 5051 νυνὶ
1566 4994 1654 5048 διὰ
1696 4995 1794 5066 τῆς
1832 4993 1925 5047 τοῦ

361 5098 612 5171 Σωτῆρος
639 5096 796 5169 ήμῶν
822 5096 1002 5150 ἐνθέου
1040 5095 1320 5165 δυνάμεως
1357 5088 1799 5162 μεταϐληθέντες,
1833 5087 1928 5142 καὶ

362 5191 551 5263 ὥσπερ
583 5188 642 5256 ἐξ
675 5188 873 5262 ἐτέρων
913 5186 1093 5265 ἕτεροι
1131 5184 1435 5255 γεγονότες,
1463 5180 1655 5249 λόγους
1699 5177 1926 5250 ἀρετῆς,

367 5285 457 5340 καὶ
480 5281 831 5356 σωφροσύνης
863 5278 1223 5350 παιδεύματα,
1271 5275 1542 5338 συνιόντες
1566 5273 1646 5338 εἰς
1682 5271 1750 5325 τά
1777 5270 1931 5325 κοινά
1980 5293 1985 5297 ·

401 5375 730 5436 .δασκαλεία,
769 5370 1126 5445 μανθάνουσιν
1147 5387 1161 5401 ο
1190 5369 1267 5433 ὡς
1294 5369 1395 5441 τὴν
1429 5365 1687 5422 ἀνωτάτω
1715 5364 1932 5433 φιλοσο-

410 5467 492 5520 ίαν
517 5505 532 5529 ,
584 5465 682 5537 τὴν
732 5462 856 5535 μηδ’
898 5459 1187 5532 ἐμϐλέπειν
1236 5458 1550 5521 ἀκολάστοις
1602 5454 1929 5525 ὀφθαλμοῖς,

437 5605 487 5640 *ί
521 5606 624 5661 lsa.
658 5620 772 5671 nx,
812 5603 1012 5670 19,20.

440 5745 517 5818 (si
548 5744 709 5818 Forte
739 5745 867 5818 leg”
898 5743 1015 5818 καθ’
1044 5743 1209 5818 ἡμᾶς.
1247 5745 1427 5806 αὐτοῖς
1466 5744 1572 5804 τοῖς
1597 5740 1717 5812 όφθ.
1758 5755 1904 5801 ιεωτ.

284 5840 350 5891 ,τ’
444 5812 542 5890 (4⁸)
579 5815 732 5871 Οὐδ’.
761 5812 917 5872 Forte
944 5812 1073 5869 οὐκ.
1095 5812 1248 5870 Enn.

2028 4618 2264 4688 ptiorum
2290 4615 2588 4678 imitantes,
2605 4614 3013 4686 superstitionis
3026 4629 3212 4668 errore
3243 4614 3592 4668 tenebantur:

2028 4708 2131 4762 hac
2156 4707 2276 4778 ipsa
2303 4714 2464 4761 aetate
2491 4712 2680 4761 nostra
2711 4705 2955 4777 cognitio
2992 4705 3108 4760 veri
3167 4703 3262 4758 Dei
3321 4703 3595 4766 relucens,

2029 4800 2188 4856 ﬁdem
2221 4801 2289 4854 iis
2338 4814 2458 4869 qua:
2485 4812 2517 4851 a
2548 4797 2828 4868 prophetis
2857 4796 3115 4868 praedicta
3145 4802 3293 4859 sunt,
3326 4793 3600 4848 indubita-

2029 4904 2142 4949 tam
2180 4892 2447 4964 adjungit.
2481 4889 2607 4945 Haec
2641 4898 2822 4945 autem
2854 4906 2978 4945 cum
3008 4891 3189 4960 reipsa
3221 4887 3435 4942 interim
3474 4900 3600 4955 per-

2034 4985 2120 5040 ﬁci
2149 4984 2356 5047 videas,
2390 4997 2491 5038 nec
2548 4983 2800 5053 amplius,
2859 4990 2918 5036 ut
2965 4980 3238 5052 quondam
3295 4977 3471 5033 audita
3505 4993 3623 5057 εχιτ

2036 5075 2291 5145 spectari,
2320 5073 2368 5130 si
2393 5064 2610 5145 tempus
2647 5089 2858 5145 qumras
2892 5073 3037 5128 unde
3084 5069 3410 5144 principium
3453 5071 3601 5138 ejus-

2036 5168 2181 5224 modi
2210 5183 2299 5224 res
2331 5169 2622 5239 acceperit,
2656 5183 2764 5222 non
2797 5167 2943 5222 aliud
2974 5165 3235 5228 invenies,
3273 5178 3436 5234 quam
3477 5180 3601 5219 cum

2041 5262 2291 5318 Salvator
2324 5268 2512 5318 noster
2536 5260 2777 5314 advenit.
2800 5260 2921 5329 Ipse
2950 5258 3115 5328 igitur
3143 5255 3232 5311 ille
3263 5256 3385 5324 fuit,
3440 5271 3601 5325 quem

2035 5355 2318 5411 oraculum
2349 5351 2713 5425 signiﬁcabat,
2741 5365 2865 5404 cum
2892 5349 3099 5403 diceret
3124 5346 3295 5401 Deum
3325 5355 3379 5402 et
3420 5344 3605 5399 Domi-

2038 5464 2169 5505 num
2194 5446 2457 5511 universi,
2506 5446 2803 5501 missurum
2860 5439 3131 5513 Egyptiis
3184 5439 3456 5496 hominem
3509 5439 3627 5511 qui.

2107 5736 2226 5810 (Γ)
2261 5734 2414 5791 Οὐδ’.
2442 5733 2604 5791 Forte
2633 5732 2747 5787 οὐκ.
2784 5728 2939 5788 Eois.
