4106 6432
483 393 555 451 63
1137 392 1404 449 EUSEBII
1442 391 1554 449 (LE
1563 390 1921 450 SARIENSIS
1949 392 2101 452 OPP.

2144 390 2323 449 rans
2355 391 2416 450 ιι.
2464 422 2531 433 -
2570 389 3073 448 Αρυιοιιιῑτιω.
3186 352 3191 357 ’
3654 390 3723 449 ει

484 515 666 573 salvos
697 513 859 570 faciat
883 530 998 580 eos,
1029 530 1190 586 quem
1212 524 1266 571 et
1290 513 1455 574 Mosis
1477 518 1734 573 vaticinia
1790 518 2044 588 perhibe-
2072 525 2105 581 Α

2101 539 2119 580 ι
2149 517 2282 588 μηδὲ
2310 515 2470 588 μέχρι
2493 516 2668 586 λόγων
2689 517 3020 588 ἀδιαφορεῖν,
3044 515 3175 586 μηδὲ
3206 506 3446 568 τάικοινά
3476 512 3572 566 καὶ
3609 514 3722 576 τοῖς

482 605 635 669 bant,
656 606 749 661 ubi
775 606 850 660 ait
868 620 881 657 :
900 605 1218 676 Egredietur
1236 605 1399 662 homo
1415 607 1483 664 de
1501 609 1710 665 semine
1740 609 1859 678 ejus
1888 616 1943 664 et
1957 608 2053 663 do-

2154 606 2287 658 πᾶσι
2326 604 2528 676 συνήθη
2573 604 2996 677 διαπράττεσθαι
3030 604 3429 675 παραινοῦσαν,
3468 603 3526 655 οὐ
3565 603 3722 672 μόνον

482 695 781 752 minabitur
800 698 1048 768 gentibus
1072 698 1259 755 multis
1286 700 1368 767 ";
1402 700 1458 754 in
1484 701 1687 770 quibus
1707 715 1839 756 sane
1871 702 2051 772 genti-

2153 696 2373 767 ᾶνδρας,
2397 696 2530 750 ἀλλὰ
2551 696 2643 749 καὶ
2665 700 2946 765 γυναῖκας,
2965 697 3203 765 πένητάς
3224 714 3279 750 τε
3309 695 3400 749 καὶ
3418 695 3719 759 πλουσίους,

482 784 590 841 bus
606 794 659 841 ct
676 785 958 858 Egyptios
974 790 1248 844 numerari
1275 805 1373 860 par
1393 798 1497 846 est.
1517 791 1716 847 Verum
1735 791 1801 847 de
1820 791 1904 847 his
1929 793 2055 864 qui-

2151 788 2365 857 λογίους
2388 804 2445 839 τε
2468 787 2562 840 καὶ
2589 786 2820 851 ἰδιώτας,
2852 788 3011 858 μέχρι
3035 788 3129 840 καὶ
3158 787 3383 849 παίδων,
3409 787 3502 840 καὶ
3524 787 3720 858 ἀνδρα-

480 878 604 933 dem
632 878 839 950 longior
862 889 1008 936 esset
1038 881 1237 945 oratio,
1261 888 1316 936 et
1351 897 1448 953 per
1474 882 1647 937 otium
1676 883 1805 938 huic
1836 883 1940 954 ipsi
1970 884 2051 941 rei

2152 878 2348 943 πόδων,
2373 879 2432 931 ἐν
2456 880 2577 942 ταῖς
2604 878 2745 932 κατά
2772 878 2925 930 πόλιν
2944 878 3036 931 καὶ
3065 879 3185 930 κατ’
3207 877 3410 948 ἀγροὺς
3424 875 3723 948 διατριϐαῖς

480 972 738 1037 dicatum,
788 974 1092 1031 absolutius
1129 976 1404 1032 reddenda
1492 975 1647 1044 Quod
1690 987 1871 1034 autem
1911 994 2051 1050 pra:-

2152 969 2521 1035 παιδεύεσθαι,
2553 970 2841 1041 μανθάνειν
2865 986 2924 1022 τε
2954 969 3129 1040 ἀληθῆ
3154 969 3372 1040 τρόπον,
3404 968 3526 1021 καθ’
3555 969 3612 1020 δν
3630 967 3722 1021 τὸν

480 1066 647 1122 sentis
675 1066 779 1121 loci
809 1070 879 1123 sit
915 1069 1219 1139 proprium,
1262 1068 1393 1122 illud
1437 1077 1690 1125 teneatur
1742 1087 1755 1122 :
1805 1087 1869 1129 ea
1928 1090 2051 1144 qua:

2152 1063 2243 1115 ἐπὶ
2280 1062 2496 1116 πάντων
2538 1064 2803 1135 προσήκει
2849 1062 2980 1116 Θεὸν
3013 1062 3223 1125 σέϐειν,
3258 1060 3353 1115 καὶ
3399 1059 3724 1131 θεραπεύειν

477 1157 734 1227 praedicta
762 1166 912 1223 sunt,
946 1175 1053 1214 non
1090 1160 1226 1215 alias
1249 1175 1411 1230 quam
1450 1168 1573 1231 post
1600 1161 1891 1218 adventum
1917 1163 2047 1220 Jesu

2150 1156 2210 1208 ἐν
2241 1156 2400 1209 παντὶ
2424 1155 2591 1226 τόπῳ,
2611 1155 2750 1209 κατὰ
2779 1155 2879 1228 τὴν
2908 1157 3154 1227 φήσασαν
3185 1153 3547 1226 προφητείαν·
3571 1172 3588 1204 ι
3613 1153 3722 1208 Καὶ

477 1246 776 1303 Salvatoris
829 1250 1003 1303 nostri
1034 1264 1154 1305 esse
1179 1250 1469 1319 completa.
1501 1251 1583 1306 Ab
1634 1253 1725 1307 illo
1780 1255 1925 1308 enim
1977 1255 2047 1310 ad

2152 1250 2615 1320 προσκυνήσουσιν
2644 1248 2810 1318 αὐτῷ,
2834 1249 3062 1312 ἕκαστος
3094 1251 3159 1302 ἐκ
3178 1248 3269 1301 τοῦ
3291 1249 3457 1300 τόπου
3485 1246 3669 1300 αὑτοῦ.
3698 1267 3714 1298 ι

474 1337 619 1393 hunc
650 1354 823 1407 usque
859 1339 1002 1394 diem
1048 1340 1189 1410 apud
1239 1340 1545 1414 Egyptios,
1604 1344 1746 1414 apud
1807 1344 2044 1413 Persas,

2149 1339 2451 1409 Προσκυνεί
2490 1338 2625 1408 δῆτα
2657 1335 2751 1392 οὖν
2783 1341 2891 1403 πᾶς
2922 1338 2999 1410 τῷ
3046 1339 3137 1391 ἐπὶ
3172 1338 3388 1392 πάντων
3417 1338 3533 1408 Θεῷ
3585 1337 3719 1409 βάρ-

476 1428 664 1500 Syros,
718 1431 1029 1499 Armenios,
1086 1432 1231 1503 apud
1278 1442 1551 1490 extremas
1595 1446 1863 1492 terrarum
1918 1454 2045 1495 oras

2148 1430 2311 1502 δαρος
2351 1432 2444 1484 καὶ
2487 1431 2707 1502 Ἕλλην,
2758 1432 2817 1485 οὐ
2869 1431 3080 1503 τρέχων
3117 1431 3209 1485 ἐπὶ
3245 1430 3311 1485 τά
3354 1429 3716 1501 Ἰεροσόλυμα,

471 1520 773 1579 incolentes
825 1523 1123 1590 barbaros,
1172 1532 1225 1580 et
1282 1540 1406 1580 eum
1437 1527 1539 1597 21
1573 1529 1715 1600 apud
1753 1529 1851 1585 has
1897 1531 2045 1601 ipsas

2147 1523 2253 1577 οὐδ’
2288 1525 2478 1595 αἵμασι
2511 1525 2604 1579 καὶ
2628 1524 2839 1588 θυσίαις
2868 1526 3277 1596 ἀφοσιούμενος,
3300 1525 3507 1578 οἴκοθεν
3538 1525 3595 1579 δὲ
3625 1524 3720 1578 καὶ

471 1611 624 1682 prius
683 1612 1110 1669 immanissimas
1153 1621 1208 1670 et
1253 1613 1555 1672 ferissimas
1611 1619 1881 1685 nationes,
1929 1629 2044 1675 tum

2145 1618 2230 1686 ἐφ’
2281 1617 2456 1687 ἐαυτῷ
2498 1618 2707 1688 μένων,
2758 1618 2852 1670 καὶ
2895 1616 3166 1687 πνεύματι
3204 1618 3297 1670 καὶ
3349 1615 3576 1687 ἀληθεία
3620 1614 3720 1686 τήν

470 1716 599 1757 vero
630 1705 792 1759 ctiam
840 1704 985 1776 apud
1031 1720 1126 1761 eos
1178 1707 1271 1777 qui
1314 1708 1523 1763 insulas
1579 1713 1769 1765 colunt
1802 1711 2044 1783 (quando

2144 1707 2370 1778 ἄναιμον
2408 1710 2500 1761 καὶ
2538 1707 2786 1779 καθαράν
2818 1708 3102 1771 ἀποδιδοὺς
3130 1707 3275 1778 αὐτῷ
3305 1707 3577 1779 λατρείαν.
3611 1708 3720 1761 Καὶ

469 1803 527 1851 et
574 1796 641 1851 de
687 1796 773 1853 his
823 1798 1111 1868 prophetia
1159 1814 1269 1853 non
1311 1800 1594 1871 indignum
1629 1803 1838 1873 putavit
1866 1803 2043 1860 facere
2075 1868 2090 1873 _

2097 1870 2108 1873 μ
2145 1800 2281 1870 αὐτή
2318 1817 2381 1869 γε
2410 1796 2477 1872 ἦν
2508 1800 2542 1870 ή
2576 1802 2755 1872 Καινὴ
2782 1799 3044 1872 Διαθήκη,
3088 1800 3149 1853 οὗ
3179 1799 3320 1853 κατά
3350 1799 3447 1870 τὴν
3486 1799 3718 1855 παλαιὰν

469 1886 835 1956 mentionem)
904 1888 1023 1957 ipsa
1081 1887 1169 1941 illa
1204 1927 1220 1951 ,
1286 1904 1407 1957 qua:
1436 1868 1703 1946 'auctore
1765 1892 2037 1948 Abraham
2075 1868 2090 1927 Ι

2098 1870 2115 1926 ι
2144 1868 2502 1961 τυγγάνουσα.
2533 1868 2782 1945 ΫΠαλαιάν
2805 1892 2861 1946 δὲ
2899 1868 3057 1963 μήτοι
3089 1892 3316 1964 νομίσῃς
3345 1868 3594 1960 λέγεσθαι
3620 1892 3719 1964 τὴν

470 1979 863 2051 comprobatur
914 1979 1091 2035 civilis
1134 1982 1323 2047 ratio,
1377 1990 1429 2037 et
1476 1984 1720 2038 omnium
1770 1986 2039 2057 antiquis-

2143 1982 2254 2036 τῶν
2314 1983 2420 2054 πρὸ
2455 1984 2695 2048 Μωσέως
2736 1983 2997 2052 θεοφιλῶν
3039 1983 3267 2054 ἀνδρῶν,
3302 1985 3439 2038 ἀλλά
3484 1986 3580 2056 τήν
3614 1986 3718 2039 ὑπὸ

469 2071 643 2127 simus
676 2071 886 2126 colendi
922 2070 1091 2126 Deum
1120 2088 1259 2141 mos,
1310 2074 1638 2132 celebratur.
1669 2075 1736 2131 Et
1768 2084 1893 2148 quis
1926 2093 2036 2134 non

2142 2075 2387 2139 Μωσέως
2446 2076 2609 2129 αὑτοῦ
2634 2076 2709 2146 τῷ
2744 2076 3009 2131 Ἰουδαίων
3038 2076 3176 2129 ἔθνει
3199 2076 3713 2148 νενομοθετημένην.

469 2160 587 2232 ipsa
638 2161 717 2216 rei
746 2162 1095 2219 mirabilitate
1143 2164 1546 2235 Obstupescat?
1583 2183 1707 2223 cum
1738 2184 1833 2225 eos
1876 2172 1969 2242 qui
2003 2188 2035 2225 τι

2156 2165 2434 2235 Ἐπιφέρει
2468 2166 2598 2231 γοῦν
2623 2169 2651 2220 ὁ
2686 2166 2839 2234 λόγος
2872 2165 3171 2237 διασαφῶν,
3201 2170 3322 2220 τίνα
3342 2168 3540 2237 ἔφησεν
3579 2164 3716 2222 εἶναι

465 2255 689 2310 condito
723 2270 870 2322 aevo,
907 2256 1207 2327 lapidibus,
1240 2265 1293 2313 et
1320 2259 1501 2331 lignis,
1566 2269 1621 2317 et
1670 2262 2031 2334 daemonibus,

2140 2255 2243 2328 τὴν
2274 2258 2529 2323 παλαιὰν,
2651 2259 2814 2330 μηδὲν
2858 2260 3042 2331 ὅμοιον
3075 2260 3295 2331 σχήσειν
3338 2260 3576 2314 διδάσκει
3618 2261 3717 2335 τὴν

464 2347 769 2417 helluisque
793 2346 1028 2403 humana
1058 2365 1221 2405 carne
1248 2351 1629 2409 victitantibus
1660 2361 1713 2409 et
1748 2356 2034 2427 reptilihus

2140 2350 2352 2423 καινὴν,
2394 2351 2597 2419 λέγων·
2643 2370 2661 2402 ι
2695 2350 3029 2423 Διαθήσομαι
3077 2353 3349 2425 Διαθήκην
3387 2355 3619 2426 Καινὴν,
3652 2356 3713 2410 οὐ

464 2445 764 2509 venenatis,
820 2445 1255 2517 animalibusque
1308 2447 1490 2504 omnis
1532 2450 1768 2520 generis,
1803 2459 1857 2506 et
1903 2450 2033 2508 feris

2141 2442 2284 2494 κατὰ
2312 2443 2411 2514 τὴν
2444 2441 2739 2513 Διαθήκην,
2766 2445 2832 2515 ἦν
2872 2443 3129 2515 διεθέμην
3158 2449 3268 2510 τοῖς
3315 2448 3613 2518 πατράσιν,
3657 2450 3713 2501 ὲν

464 2532 812 2602 informibus,
864 2536 1105 2608 ignique,
1140 2548 1195 2593 et
1228 2547 1417 2604 terraz,
1474 2547 1530 2596 et
1576 2541 1748 2611 ipsius
1793 2543 2035 2599 universi

2140 2533 2324 2605 ἡμέρᾳ
2364 2534 2755 2606 ἐπιλαϐομένου
2791 2554 2891 2606 μου
2925 2536 3025 2606 τῆς
3058 2539 3239 2608 χειρὸς
3282 2539 3493 2604 αὐτῶν,
3521 2540 3714 2608 ἐξαγα-

462 2622 780 2681 inanimatis
828 2627 1134 2694 elementis,
1167 2630 1411 2685 divinum
1459 2631 1723 2689 honorem
1746 2644 1799 2690 et
1828 2635 2033 2690 cultum

2141 2628 2256 2692 γεῖν
2302 2625 2495 2689 αὐτοὺς
2545 2628 2608 2679 ἐκ
2657 2628 2759 2698 γῆς
2808 2628 3100 2697 Αἰγύπτου.
3130 2648 3148 2680 ι
3203 2631 3277 2683 Οὐ
3325 2631 3462 2684 κατά
3511 2631 3714 2703 ταύτην

459 2716 777 2773 tribuebant
814 2738 827 2773 :
870 2721 1196 2775 altissimum
1240 2720 1408 2778 Deum
1437 2764 1451 2790 ,
1507 2732 1562 2779 et
1613 2726 1736 2780 coeli
1784 2741 1847 2781 ac
1878 2736 2035 2782 terra:

2141 2715 2271 2785 γοῦν
2302 2734 2431 2789 φησι
2464 2717 2558 2788 τήν
2592 2719 2696 2771 ὑπὸ
2722 2721 2966 2784 Μωσέως
3026 2721 3538 2795 νενομοθετημένην.
3567 2724 3716 2797 Αὕτη

460 2807 730 2877 opiﬁcem,
789 2809 967 2879 ipsum
1020 2814 1208 2884 utique
1259 2815 1647 2885 prephetarum
1705 2817 2029 2884 Dominum,

2140 2809 2250 2880 γάρ
2275 2805 2342 2881 ἦν
2369 2811 2507 2863 κατά
2537 2810 2635 2881 τὴν
2667 2811 2844 2878 {ﬁt/Iov
2881 2813 2978 2882 τὴν
3011 2813 3104 2866 ἀπ’
3133 2813 3406 2881 Αἰγύπτου
3435 2819 3546 2880 τοῖς
3584 2817 3712 2870 Ἰου-

463 2895 740 2971 Deumque
783 2902 1080 2968 Abraham,
1115 2914 1415 2961 etavorum
1454 2907 1721 2977 ejusdem,
1753 2919 1875 2981 post
1912 2910 2032 2966 Sal-

2138 2899 2310 2965 δαίοις
2342 2905 2724 2974 παραδοθεῖσα.
2754 2904 2968 2971 Ἐδοξεν
2996 2903 3061 2958 ἂν
3087 2900 3179 2957 οὖν
3198 2906 3443 2958 ἐναντίαν
3469 2908 3714 2976 εἰσάγειν

461 2989 666 3045 vatoris
695 2993 870 3047 nostri
902 2992 1215 3056 adventum,
1245 2997 1426 3052 videat
1460 2999 1780 3054 invocantes
1816 3018 1829 3053 :
1861 3008 1915 3054 et
1936 3015 2031 3055 eos

2137 2991 2237 3061 τὴν
2263 2992 2471 3064 Καινήν
2504 2994 2775 3066 Διαθήκην
2800 2993 2891 3048 τοῦ
2920 2995 3119 3067 τρόπου
3145 2997 3240 3067 τῆς
3270 2996 3575 3061 θεοσεϐείας
3604 2998 3713 3054 τῶν

458 3080 555 3149 qui
589 3081 750 3150 paulo
784 3090 910 3137 ante
931 3097 960 3135 a
992 3085 1254 3143 matribus
1304 3096 1357 3143 et
1390 3088 1603 3145 ﬁliabus
1630 3089 1904 3144 libidinem
1921 3105 2031 3145 non

2138 3083 2283 3154 ἀμφὶ
2309 3083 2399 3137 τὸν
2434 3085 2683 3156 Ἀϐραὰμ
2719 3085 2999 3153 θεοφιλῶν,
3031 3088 3080 3138 εἰ
3123 3086 3194 3158 μὴ
3227 3089 3469 3156 ἀκριϐῶς
3509 3091 3709 3163 ἐπεση-

460 3173 847 3240 abstinebant,
879 3192 1045 3248 seque
1079 3189 1268 3234 mutuo
1310 3182 1463 3256 inter
1500 3178 1559 3239 se
1584 3186 2028 3256 corrumpebant,
2061 3238 2081 3256 ι

2090 3240 2099 3256 _
2143 3178 2368 3249 μήνατο,
2400 3180 2606 3249 φήσας·
2660 3198 2678 3231 ι
2721 3180 2793 3233 Οὐ
2827 3180 2963 3233 κατά
3003 3180 3101 3252 τήν
3136 3182 3409 3253 Διαθήκην
3449 3184 3514 3253 ήν
3541 3184 3711 3240 διεθέ-

457 3273 514 3321 et
538 3268 718 3323 omnis
745 3269 962 3339 generis
993 3255 1464 3330 cruentationibus
1493 3283 1547 3329 et
1580 3255 1822 3331 caedibus
1845 3276 2027 3347 inqni-
2057 3255 2078 3293 ι

2089 3255 2098 3293 ⁵
2134 3285 2242 3340 μην
2270 3271 2383 3333 τοῖς
2413 3271 2685 3341 πατράσιν
2710 3270 2888 3324 αὐτῶν
2919 3271 3038 3324 κατ’
3060 3273 3235 3325 ἐκεῖνο
3267 3272 3482 3345 καιροῦ,
3513 3273 3632 3328 καθ’
3652 3275 3710 3327 δν

460 3358 686 3423 nabant,
722 3361 814 3429 qui
869 3361 1002 3415 nihil
1036 3363 1106 3418 ab
1135 3363 1465 3420 immanibus
1528 3364 1677 3431 feris,
1717 3367 1859 3421 victu
1908 3368 2027 3438 ipso

2129 3362 2395 3433 ἐξήγαγον
2425 3365 2619 3428 αὐτοὺς
2651 3366 2715 3418 ἐκ
2746 3366 2848 3436 γῆς
2874 3366 3166 3434 Αἰγύπτου.
3200 3385 3219 3419 ι
3250 3368 3323 3419 Οὐ
3342 3366 3481 3422 κατὰ
3494 3368 3591 3438 τήν
3608 3367 3711 3420 ὑπὸ

457 3449 796 3519 diﬂ'erehant,
826 3468 972 3508 nunc
1004 3470 1099 3525 per
1123 3454 1421 3511 Salvatoris
1454 3459 1626 3513 nostri
1654 3457 1895 3513 divinam
1924 3462 2030 3513 vir-

2132 3456 2374 3521 Μωσέως
2411 3457 2520 3527 ἄρα
2567 3456 2658 3509 ἐπὶ
2714 3458 2812 3526 τῆς
2853 3455 3055 3522 ἐξόδου,
3087 3458 3178 3512 καὶ
3202 3459 3293 3510 ἐπὶ
3315 3459 3413 3527 τῆς
3444 3457 3583 3511 κατά
3613 3461 3709 3528 τήν

456 3548 633 3597 tutem
663 3551 924 3609 mutatos,
959 3554 1011 3601 et
1057 3547 1217 3618 quasi
1248 3564 1317 3603 ex
1356 3548 1482 3605 aliis
1505 3549 1644 3605 alios
1678 3549 1876 3616 factos,
1910 3567 2027 3608 ser-

2128 3546 2334 3619 ἔρημον
2398 3546 2676 3619 διατριὸἧς
2735 3548 3269 3620 νενομοθετημένην,
3332 3549 3545 3602 ἔσεσθαι
3610 3552 3709 3619 τήν

456 3649 650 3691 mones
698 3636 766 3691 de
811 3638 1028 3703 virtute,
1084 3641 1471 3712 modestiaeque
1501 3644 1787 3715 praecepta
1818 3653 1876 3699 ut
1914 3645 2026 3701 dis-

2128 3639 2334 3711 Καινὴν
2358 3638 2662 3704 ἐθέσπιζεν,
2680 3637 2815 3693 ἀλλὰ
2848 3641 2966 3693 κατ’
2988 3641 3202 3711 ἐκείνην
3232 3640 3432 3711 δηλαδὴ
3462 3642 3560 3712 τὴν
3587 3641 3711 3714 πρό-

454 3737 605 3791 cant,
634 3728 690 3783 in
720 3744 1038 3788 communes
1067 3732 1289 3790 scholas
1338 3736 1558 3791 assidue
1596 3740 1981 3796 convenientes
2003 3742 2028 3793 ?

2128 3730 2297 3783 παλαι
2342 3730 2823 3803 πολιτευσαμένην,
2857 3731 2924 3785 δι’
2947 3726 3015 3803 ἧς
3038 3732 3481 3803 κατορθώσαντες
3505 3733 3710 3803 ἀνεφάη

454 3826 620 3888 atque
666 3820 799 3877 adeo
830 3822 1071 3893 quidem,
1108 3836 1167 3879 ut
1193 3833 1301 3881 tam
1328 3826 1542 3883 femina:
1571 3845 1733 3899 quam
1761 3831 1882 3896 viri,
1913 3839 2023 3886 tam

2126 3840 2295 3895 νησαν
2325 3824 2374 3876 oi
2404 3824 2507 3896 πρὸ
2539 3824 2796 3888 Μωσέως.
2838 3825 2916 3876 Δι’
2940 3823 2977 3878 ά
3009 3823 3072 3895 δὴ
3103 3823 3290 3877 λοιπὸν
3332 3824 3434 3895 ήδη
3468 3823 3708 3897 θαρρῶν,

453 3926 719 3983 pauperes
748 3930 910 3986 quam
923 3917 1143 3982 divites,
1176 3926 1286 3973 tam
1312 3921 1562 3992 vulgares
1591 3933 1645 3978 et
1674 3924 2025 3995 ignariquam

2125 3917 2224 3980 τάς
2241 3917 2349 3970 τῶν
2364 3916 2632 3969 θεοσεϐεἰν
2648 3917 3129 3988 ἐπαγγελλομένων
3151 3917 3493 3989 προαιρέσεις
3517 3920 3591 3989 μή
3617 3919 3708 3972 ἐπὶ

452 4000 598 4059 docti
628 4006 788 4060 etiam
821 4008 997 4077 pueri,
1019 4016 1074 4064 et
1102 4011 1393 4081 mancipia,
1444 4029 1553 4067 non
1578 4015 1758 4071 minus
1783 4016 1836 4069 in
1854 4016 2023 4087 agris,

2126 4008 2236 4073 δύο,
2265 4007 2399 4062 ἀλλά
2425 4008 2549 4080 τρία
2575 4009 2783 4081 διαιροῖ)
2814 4010 3089 4080 τάγματαο
3119 4011 3179 4063 τό
3210 4027 3267 4063 τε
3290 4011 3397 4063 τῶν
3433 4011 3708 4075 παντελῶς

452 4108 617 4167 quam
640 4097 693 4149 in
724 4097 974 4162 urbibus.
1005 4098 1063 4152 in
1114 4099 1232 4153 loca
1279 4108 1429 4155 certa
1463 4105 1808 4170 conveniant,
1843 4114 1901 4159 ut
1931 4122 2027 4162 su-

2126 4099 2542 4171 εἰδωλολατρῶν,
2571 4100 2679 4153 τῶν
2709 4101 2773 4172 δὴ
2810 4101 2902 4153 ἐπὶ
2924 4103 3024 4172 τήν
3056 4101 3314 4155 πολύθεον
3342 4103 3547 4174 πλάνην
3572 4106 3708 4158 ἀπο-

452 4200 694 4255 premam
718 4186 861 4241 illam
879 4188 1277 4259 philosophiam
1300 4190 1569 4257 ediscant,
1596 4210 1715 4264 qua:
1744 4185 2021 4262 admonet,

2126 4191 2508 4255 πεπτωκότων,
2545 4193 2639 4245 καὶ
2664 4191 2724 4244 τὸ
2760 4190 2869 4244 τῶν
2898 4193 2961 4247 ὲκ
2989 4193 3288 4263 περιτομῆς
3335 4193 3424 4247 διά
3458 4195 3701 4259 Μωσέως

452 4288 524 4329 ne
553 4274 752 4330 intueri
781 4277 998 4345 quidem
1032 4278 1403 4348 petulantibus
1431 4283 1607 4339 oculis
1639 4284 1721 4349 [as
1751 4302 1896 4349 esse,
1930 4304 2024 4344 ne.

2124 4281 2215 4334 ὲπὶ
2245 4281 2337 4334 τὸν
2363 4281 2577 4354 πρῶτον
2601 4280 3005 4353 ἁνεληλυθότων
3038 4281 3137 4352 τῆς
3159 4283 3218 4335 εὑ
3230 4284 3437 4347 σεὸείας
3468 4285 3700 4354 βαθμὸν·

452 4380 561 4438 que
585 4365 808 4422 verbum
841 4370 1090 4425 emittere
1128 4372 1382 4439 Otiosum,
1426 4390 1600 4446 neque
1628 4392 1690 4431 ea
1718 4393 1839 4449 qua:
1866 4394 2021 4433 com.

2124 4373 2219 4427 καὶ
2247 4374 2430 4445 τρίτον
2458 4374 2518 4427 τὸ
2546 4372 2655 4427 τῶν
2684 4372 3172 4445 ἐπαναϐεϐηκότων
3210 4375 3297 4431 δξά
3329 4373 3430 4445 τῆς
3461 4372 3702 4441 εὐαγγε-

449 4457 639 4513 munia
669 4465 817 4527 sunt,
856 4466 908 4514 et
949 4462 1204 4518 omnibus
1263 4474 1525 4521 consueta
1572 4479 1807 4538 patrare.
1836 4478 1889 4524 et
1918 4469 2018 4526 do-

2121 4465 2280 4537 λικῆς
2311 4466 2681 4529 διδασκαλίας,
2720 4466 2749 4520 ὃ
2782 4466 3009 4520 καὶτῶν
3043 4466 3186 4519 δυεῖν
3215 4467 3380 4537 μέσον
3414 4468 3703 4539 παρεμῦα-

449 4557 681 4605 ceantur
706 4566 887 4607 verum
924 4552 1075 4607 illum
1094 4570 1320 4622 morem,
1353 4574 1513 4628 quem
1541 4559 1742 4630 ubique
1778 4562 2017 4617 locorum
2050 4583 2070 4637 ι

2083 4588 2095 4633 ι
2123 4556 2260 4622 λὼν,
2300 4557 2491 4628 μηκέθ’
2526 4556 2661 4628 ἡγοῦ
2694 4560 2815 4621 τοὺς
2853 4558 2960 4611 ἀπὸ
3005 4558 3273 4611 Ἰουδαίων
3307 4557 3704 4629 ἀφισταμένους

448 4638 508 4694 in
540 4640 689 4694 cultu
712 4650 765 4694 et
796 4640 1059 4713 obsequio
1082 4647 1279 4699 summi
1308 4645 1401 4702 Dei
1450 4665 1668 4708 servare
1708 4654 2017 4718 conveniat,

2128 4651 2345 4714 πάντως
2370 4650 2479 4703 δεῖν
2521 4652 2607 4721 ἐφ’
2650 4650 3001 4722 Ἐλληνισμδν
3042 4650 3361 4715 ἐκπίπτειν,
3400 4650 3534 4722 μηδὲ
3578 4649 3704 4712 τους

447 4731 593 4787 sicut
623 4730 760 4786 dixit
803 4733 1085 4803 prophetia
1127 4755 1138 4790 :
1184 4754 1203 4788 ι
1244 4735 1307 4790 Ει
1334 4737 1640 4796 adorabunt
1687 4758 1810 4798 eum
1849 4761 2019 4802 unus-

2128 4741 2188 4806 ἐξ
2216 4741 2482 4812 Ἐλλήνων
2516 4741 2928 4814 ἀναχωροῦντας
2955 4741 3015 4806 ἐξ
3041 4742 3288 4812 ἀνάγκης
3329 4741 3525 4813 χρῆναι
3569 4737 3700 4794 Ἰου-

446 4822 679 4894 quisque
704 4823 771 4878 de
804 4824 924 4881 loco
974 4841 1075 4881 suo
1118 4826 1182 4883 ⁵³.
1230 4846 1249 4879 ι
1282 4828 1524 4887 Aderant
1547 4834 1711 4906 igitur
1743 4853 2017 4893 summum

2126 4832 2313 4895 δαίους
2362 4832 2608 4887 ἔσεσθαι·
2657 4834 2766 4888 τῶν
2807 4834 2864 4887 δὲ
2920 4835 3100 4905 μέσων
3149 4832 3283 4885 ἑλὼν
3334 4833 3425 4885 τὸν
3476 4831 3698 4903 τρόπον,

444 4911 617 4969 Deum
661 4930 851 4972 omnes
906 4917 1125 4973 barbari
1171 4930 1223 4975 et
1276 4921 1470 4991 ϐπερὶ,
1502 4942 1608 4981 non
1641 4926 2018 5001 Hierosolyma

2125 4923 2377 4994 εὑρήσεις
2402 4924 2513 4978 ἀνω
2539 4942 2639 4979 που
2666 4925 2897 4988 ἑστῶτα,
2923 4926 3017 4979 καὶ
3036 4924 3224 4995 ὥσπερ
3250 4925 3335 4994 ἐφ’
3363 4923 3714 4995 ὑψηλοτάτής

445 5016 937 5081 currentes,neque
959 5013 1247 5070 cruoribus
1279 5025 1372 5070 aut
1402 5018 1688 5075 sacriﬁciis
1710 5021 2013 5091 placantes,

2123 5015 2434 5087 ἀκρωρείας
2476 5016 2884 5089 ἀναϐεϐηκότα,
2920 5015 3261 5088 ἑκατέρωθεν
3300 5016 3357 5069 δὲ
3389 5016 3538 5070 κάτω
3574 5017 3704 5081 τοὺς

442 5100 542 5158 sed
571 5101 715 5157 domi
755 5118 868 5158 suae
902 5104 1045 5175 apud
1090 5106 1299 5177 seipsos
1331 5112 1382 5164 in
1428 5110 1623 5181 spiritu
1676 5121 1729 5168 et
1762 5126 2010 5180 veritate,

2120 5107 2339 5172 λοιποὺς
2366 5109 2776 5164 ἀπολελοιπότα.
2810 5109 3078 5180 Ἐλλήνων
3110 5107 3209 5179 μὲν
3255 5108 3362 5180 γὰρ
3392 5108 3697 5177 ἐκπέφευγε

443 5191 732 5249 incruento
777 5209 1021 5265 puroque
1048 5199 1309 5270 obsequio
1342 5201 1492 5255 illum
1532 5192 1792 5257 colentes.
1835 5203 2013 5259 lithoe

2122 5203 2219 5272 τὴν
2255 5201 2410 5256 ἄθεον
2461 5202 2556 5256 καὶ
2600 5201 2915 5272 πολυπλανῆ
2963 5201 3421 5272 δεισιδαιμονίαν,
3474 5202 3698 5265 καὶτὰς

388 5324 391 5333 .
442 5283 625 5342 fuerat
652 5282 830 5355 ipsum
854 5283 1059 5343 Novum
1081 5287 1677 5362 Testamentum,quod
1706 5309 1813 5347 non
1840 5295 2009 5348 instar

2121 5294 2408 5363 ἀνειμένας
2444 5294 2701 5366 πορνείας
2746 5311 2805 5347 τε
2850 5296 2946 5348 καὶ
2991 5294 3293 5365 ἀκοσμίας’
3334 5294 3599 5347 Ἰουδαίων
3641 5293 3697 5346 δὲ

386 5380 393 5415 ἲ
441 5379 640 5448 prioris
667 5378 831 5446 illius,
863 5386 917 5435 ct
941 5383 1139 5438 veteris
1173 5384 1378 5438 factum
1400 5393 1504 5438 est.
1524 5381 1694 5441 Vetus
1727 5398 1907 5441 autem
1930 5387 2007 5441 in-

2120 5384 2382 5447 ὠσαύτως
2413 5384 2510 5457 τὴν
2572 5385 2679 5439 ὑπὸ
2720 5386 2961 5450 Μωσέως
3002 5385 3169 5456 ἀτελῆ
3217 5387 3313 5438 καὶ
3359 5380 3446 5437 οἷα
3485 5385 3696 5454 νηπίοις

384 5456 389 5463 ί
442 5473 691 5544 Ielligito,
723 5489 831 5529 non
864 5483 1180 5531 sanctorum
1219 5475 1501 5530 hominum
1526 5478 1617 5547 qui
1654 5486 1781 5534 ante
1806 5477 2005 5535 Mosem

2122 5478 2214 5531 καὶ
2237 5456 2483 5532 ἀσθενέσι
2512 5479 2842 5551 κατάλληλον
2864 5479 3333 5551 ἐθελοθρησκείαν.
3360 5476 3462 5531 Τὸν
3499 5479 3697 5530 οἰκεῖον

440 5563 614 5630 fuere,
655 5563 754 5621 sed
777 5566 924 5636 quod
953 5568 1089 5639 legis
1112 5569 1232 5625 loco
1251 5570 1521 5625 universae
1546 5568 1859 5626 Iudaeorum
1904 5587 2008 5627 na-~

2113 5567 2169 5620 δὲ
2205 5568 2408 5622 ἀνωθεν
2437 5570 2496 5623 οὐ
2550 5571 2709 5641 μόνον
2776 5572 3085 5635 Ἰουδαίοις,
3136 5570 3272 5625 ἀλλὰ
3325 5569 3419 5624 καὶ
3468 5568 3694 5638 Ἕλλησι

442 5657 578 5715 tioni
599 5659 668 5713 ab
690 5657 808 5728 ipso
839 5657 987 5714 Mose
1014 5660 1251 5729 positum
1275 5670 1379 5718 est.
1414 5661 1683 5728 Quocirca
1717 5663 2004 5720 oraculum

2114 5660 2205 5712 καὶ
2242 5658 2569 5734 βαρϐάροις,
2628 5666 2718 5718 καὶ
2776 5666 2884 5729 τοῖς
2934 5665 3022 5733 ὑφ’
3074 5662 3213 5733 map
3268 5662 3429 5716 πᾶσιν
3485 5659 3696 5715 ἐθνεσιν

514 5815 563 5851 ⁹⁹
594 5817 754 5872 Deut.
792 5828 948 5885 xvm,
984 5816 1051 5872 15
1141 5818 1185 5851 ’³
1224 5820 1327 5874 lsa.
1365 5835 1485 5890 va,
1525 5819 1604 5878 Η.
