4106 6430
364 373 435 429 65

1262 359 1916 431 ὉΕΜΟΝΞΤΒΑΤΙῘΟΝΙΒ
1953 362 2414 419 ΕΝΑΝΕΕῙᾸΕᾸΕ
2456 364 2584 419 LIB.
2625 364 2667 421 1.

3444 354 3594 439 ’06

363 454 727 556 ἐπιϐοώμενος
775 481 937 552 νόμον
964 521 977 543 ,
1031 480 1131 552 ὅρα
1175 480 1227 531 τί
1286 496 1477 551 φησιν·
1514 476 1584 532 Ὦ
1636 480 1922 552 ἄνθρωπε,

2027 478 2199 547 ipsum
2226 479 2330 548 22
2360 479 2604 549 adjungit
2628 493 2715 541 ea,
2740 475 2937 549 quibus
2958 479 3178 551 planum
3204 478 3387 545 faciat,
3408 466 3596 551 quod‘

362 581 467 635 καὶ
490 577 706 648 σύμπαν
750 575 810 627 τὸ
857 572 1064 643 Θνητῶν
1101 572 1290 641 γένος,
1346 571 1374 621 ὁ
1426 571 1524 641 μὲν
1555 571 1619 641 δὴ
1677 570 1925 633 Μωσέως

364 673 527 744 νόμος
550 711 564 735 ,
634 669 725 737 ἀφ’
779 666 895 729 ἐνὸς
964 666 1151 735 γένους
1219 661 1516 734 ἀνθρώπων
1581 662 1882 733 ἀρξάμενος
1906 700 1923 725 ,

366 765 575 836 πρῶτον
625 759 878 815 ἀπάντων
931 757 992 810 τὸ
1056 754 1322 809 Ἰουδαίων
1388 754 1541 823 γένος
1568 792 1583 817 ,
1637 752 1737 823 τῆς
1790 752 1926 825 πρὸς

364 858 488 919 τοὺς
531 851 792 921 Θεοφιλεῖς
837 848 1184 922 προπάτορας
1228 847 1404 905 αὐτῶν
1449 844 1777 913 ἐπαγγελίας
1811 847 1927 900 Eva-

366 965 477 1009 κεν,
505 945 596 998 ἐπὶ
633 943 729 1014 τὴν
760 942 853 995 τοῦ
896 941 1015 1005 ἐνὸς
1052 939 1187 992 Θεοῦ
1224 938 1425 1007 γνῶσιν
1470 938 1797 1001 ἀνεκαλεῖτο,
1828 939 1926 1009 τῆς

365 1037 565 1106 πικρᾶς
608 1033 716 1086 τῶν
768 1032 1033 1101 δαιμόνων
1086 1027 1327 1090 δουλείας
1376 1028 1500 1090 τοὺς
1559 1026 1927 1090 ὑπακούοντας

364 1126 720 1181 ἀπαλλάττων
742 1141 755 1153 ⁸
786 1123 896 1191 ἐγὼ
921 1121 978 1174 δὲ
1009 1121 1172 1173 πᾶσιν
1197 1117 1520 1190 ἀνθρώποις,
1550 1118 1642 1171 καὶ
1671 1120 1780 1182 τοῖς
1804 1117 1924 1171 καθ’

361 1219 487 1289 ὅλης
519 1219 617 1288 τῆς
654 1213 977 1283 οἰκουμένης
1002 1210 1177 1264 ἔθνεσι
1200 1210 1298 1280 τὴν
1336 1208 1805 1280 ἐπαναϐεϐηκυῖαν
1833 1207 1925 1261 τοῦ

362 1309 497 1363 Θεοῦ
528 1308 727 1378 γνῶσιν
765 1305 858 1359 καὶ
898 1303 1177 1356 εὐσέϐειαν
1205 1299 1608 1373 προαγγέλλων,
1639 1301 1777 1353 κατά
1805 1299 1928 1363 τοὺς

364 1399 505 1469 ἀμφὶ
548 1398 640 1450 τὸν
684 1394 950 1468 Ἀϐραὰμ,
984 1393 1077 1446 καὶ
1107 1392 1230 1454 τοὺς
1276 1388 1355 1442 ἔτι
1402 1387 1786 1459 παλαιοτέρους
1822 1385 1927 1458 πρὸ

366 1490 609 1552 Μωσέως
648 1486 852 1559 χρόνων
889 1482 1034 1555 βιοῦν
1067 1479 1335 1552 παραινῶ,
1378 1481 1435 1532 ἐν
1498 1474 1578 1542 οἷς
1609 1476 1666 1544 ἐξ
1702 1477 1927 1531 ἀλλοδα-

361 1580 479 1635 πῶν
510 1578 675 1633 ἐθνῶν
708 1578 921 1640 πλείους
957 1576 1042 1627 ἐπ’
1078 1573 1327 1644 εὐσεϐείᾳ.
1362 1569 1784 1642 μνημονεύονται
1817 1570 1928 1622 δια-

360 1671 692 1743 λάμψαντες.
728 1669 836 1722 Kal
870 1667 1062 1720 πάλινσ
1100 1667 1156 1718 ὐ
1192 1665 1289 1735 μὲν
1337 1662 1580 1726 Μωσέως
1611 1664 1791 1734 νόμος,
1833 1663 1916 1732 ἐφ’

2026 586 2152 625 nam
2175 571 2341 626 Vetus
2371 572 2502 626 illud
2530 571 2728 627 dixerit
2773 586 2895 628 esse
2925 591 2937 626 :
2980 573 3068 627 cui
3111 572 3332 642 quidem
3378 568 3594 629 novum.

3644 638 3654 669 i

2027 664 2163 718 nihil
2185 663 2360 719 simile
2375 663 2689 718 habiturum
2723 663 2983 730 ostendit,
3013 664 3106 718 ubi
3133 664 3305 719 dicit:
3341 664 3585 720 Condam

2030 756 2434 812 Testamentum
2458 755 2687 819 Novum,
2719 772 2828 812 non
2861 757 3163 812 secundum
3178 755 3587 812 Testamentum
3640 748 3649 809 Ϊ

2024 847 2172 920 quod
2219 847 2440 901 condidi
2468 848 2711 917 patribus
2740 849 2797 901 in
2817 847 2925 912 die,
2965 862 3088 902 cum
3119 861 3221 917 ego
3256 845 3590 916 apprehendi
3637 892 3647 905 .

2028 940 2152 995 illos
2172 954 2361 1005 manu,
2385 945 2446 993 ut
2469 939 2756 994 educerem
2789 953 2885 994 eos
2928 939 2996 994 de
3044 946 3191 994 terra
3217 937 3437 1008 IEgypti
3458 937 3525 991 ⁸⁵.
3565 957 3585 990 ι

2026 1031 2216 1103 itaque
2243 1047 2366 1087 cum
2393 1030 2693 1086 secundum
2722 1030 2827 1084 hoc
2847 1030 3000 1093 dicit,
3036 1030 3336 1085 secundum
3365 1028 3420 1083 id
3442 1027 3588 1099 quod

2024 1125 2161 1195 legis
2211 1124 2331 1179 loco
2354 1139 2386 1178 a
2412 1122 2558 1179 Mose
2589 1122 2960 1192 positum-est,
2994 1121 3263 1193 intelligit.
3294 1120 3408 1176 Hoc
3443 1120 3591 1176 enim

2025 1214 2161 1271 illud
2191 1223 2297 1281 est,
2352 1214 2498 1285 quod
2536 1212 2738 1269 Iudaeis
2758 1252 2773 1279 ,
2822 1229 2932 1284 quo
2991 1220 3234 1284 tempore
3262 1213 3329 1270 de
3356 1212 3590 1285 Egypto

2022 1307 2235 1379 egressi
2266 1315 2415 1372 sunt,
2468 1305 2727 1360 traditum
2751 1312 2858 1361 est.
2896 1303 3063 1361 Visus
3095 1305 3263 1376 igitur
3314 1312 3459 1362 esset
3481 1304 3590 1360 No-
3628 1300 3637 1359 Ϊ

2025 1415 2154 1455 vum
2183 1399 2590 1456 Testamentum
2621 1397 2988 1462 introducere,
3021 1407 3280 1467 tanquam
3313 1397 3430 1467 ejus
3446 1397 3589 1453 ritus
3622 1460 3623 1469 χ

2023 1494 2382 1559 contrarium,
2412 1507 2570 1563 quem
2600 1494 2772 1547 sancti
2797 1493 2874 1547 illi
2899 1491 3134 1546 'Abrahae
3163 1490 3366 1546 similes
3398 1490 3503 1544 viri
3531 1491 3589 1546 in

2028 1586 2212 1641 divino
2245 1588 2393 1640 cultu
2451 1586 2836 1655 sequebantur,
2867 1584 2973 1637 nisi
3024 1584 3184 1652 plane
3227 1580 3360 1651 ipsis
3406 1580 3590 1637 verbis
3630 1570 3633 1577 ’

2024 1678 2410 1750 signiﬁcasset,
2464 1678 2556 1731 ubi
2600 1678 2772 1731 dixit:
2811 1695 2831 1727 ‹
2868 1674 2985 1728 Non
3036 1672 3333 1731 secundum
3396 1670 3590 1727 Testa-

360 1763 457 1820 ενα
495 1764 616 1817 τινὰ
658 1761 757 1830 τῆς
782 1761 883 1830 γῆς
927 1757 1308 1830 ἀφωρισμένον
1337 1755 1499 1810 τόπον
1530 1756 1654 1820 τοὺς
1687 1755 1927 1809 εὐσεϐεῖν

2027 1780 2267 1826 mentum
2298 1768 2442 1840 quod
2469 1767 2686 1824 condidi
2711 1768 2956 1839 patrihus
2976 1781 3185 1829 eorum,
3215 1780 3323 1834 quo
3351 1773 3594 1834 tempore

362 1853 774 1928 προῃρημένους
826 1849 1072 1904 σπεύδειν
1120 1846 1452 1918 πανταχόθεν
1496 1845 1887 1919 παρεκελεύετο
1910 1863 1923 1877 ο

360 1945 471 2015 ἐγὼ
494 1946 549 1998 δὲ
580 1946 692 2007 τοῖς
713 1944 877 1996 πᾶσιν
919 1939 983 1994 ἂν
1015 1941 1095 2003 είς
1120 1939 1217 2009 τὴν
1256 1937 1585 2010 ἐλευθερίαν,
1612 1938 1710 1991 οὐκ
1738 1938 1795 1989 ἐν
1820 1954 1929 2006 γω-

360 2039 449 2111 νίᾳ.
480 2038 600 2109 γῆς,
640 2037 746 2090 οὐδ’
786 2037 844 2089 ἐν
885 2034 1087 2107 ὄρεσιν,
1131 2033 1165 2104 ἦ
1207 2049 1317 2085 τισι
1353 2032 1744 2104 χειροποιήτοις
1783 2033 1929 2093 ναοῖς

360 2128 541 2202 ζητεῖν
567 2130 658 2183 τὸν
689 2130 781 2182 ἐπὶ
805 2128 1020 2183 πάντων
1065 2125 1217 2190 Θεὸν,
1259 2123 1467 2178 οἴκοθεν
1500 2123 1558 2176 δέ
1587 2123 1813 2176 ἕκαστον
1844 2122 1929 2175 σέ-

360 2222 473 2276 ϐειν
511 2221 673 2275 αὐτὸν
697 2222 790 2274 καὶ
825 2221 1148 2292 προσκυνεῖν
1193 2216 1450 2272 παιδεύω.
1483 2218 1593 2270 Kal
1632 2216 1791 2269 πάλιν
1815 2233 1828 2246 ·
1870 2217 1927 2269 '0

363 2313 462 2384 μὲν
492 2311 719 2375 παλαιὸς
765 2311 927 2381 νόμος
959 2309 1169 2371 θυσίαις
1207 2310 1327 2370 ταῖς
1358 2306 1445 2359 διά
1476 2304 1629 2369 ζώων
1674 2308 1925 2375 σφαγαῖς,

356 2404 653 2458 λιϐανωτοῦ
683 2420 743 2455 τε
782 2402 877 2455 καὶ
917 2400 1107 2470 πυρὸς,
1133 2398 1225 2452 καί
1262 2414 1423 2451 τινων
1456 2397 1627 2450 ἄλλων
1652 2397 1928 2469 ὁμοιοτρό-

359 2504 477 2541 πων
499 2488 592 2541 τοῦ
619 2486 867 2557 σώματος
893 2484 1189 2557 καθαρμῶν
1217 2484 1535 2556 θρησκεύειν
1560 2486 1649 2539 τὸν
1679 2486 1769 2539 ἐπὶ
1795 2487 1929 2540 πάνα

359 2595 468 2632 των
500 2578 630 2631 Θεὸν
662 2575 1056 2651 παρεκελεύετο
1080 2593 1093 2606 ·
1136 2574 1247 2643 ἐγὼ
1281 2575 1338 2629 δὲ
1379 2576 1446 2629 τὰ
1482 2576 1657 2647 ψυχῆς
1700 2577 1929 2648 παραδι-

357 2670 482 2733 δοὺς
524 2669 685 2741 ὄργια
716 2667 921 2738 διανοίᾳ
966 2664 1324 2738 καθαρωτάτη
1358 2668 1452 2719 καὶ
1499 2666 1574 2735 νῷ
1602 2667 1830 2735 διαυγεῖ,
1870 2669 1927 2720 ἐν

359 2759 684 2832 σωφροσύνῃ
727 2759 820 2812 καὶ
847 2758 925 2828 τῷ
958 2759 1079 2809 κατ’
1117 2755 1318 2828 ἀρετὴν
1350 2754 1469 2825 βίῳ,
1496 2756 1726 2824 δόγμασι
1751 2774 1808 2810 τε
1836 2757 1928 2828 ὀρ..

356 2850 471 2915 θοῖς
492 2851 586 2905 καὶ
618 2849 862 2903 εὐσεϐέσι
883 2848 944 2901 τὸ
975 2848 1115 2902 θεῖον
1148 2846 1423 2918 γεραίρειν
1450 2847 1790 2918 προστάττω.
1818 2848 1928 2900 Καὶ

357 2945 518 3000 πάλιν
540 2961 554 2975 ⁸
586 2944 787 3015 Μωσῆς
829 2942 926 3014 μὲν
964 2941 1109 2995 ὼσάν
1140 2940 1440 3011 μιαιφόνοις
1468 2936 1586 2993 οὖσι
1640 2942 1754 3001 τοῖς
1805 2938 1927 2992 τότε

352 3039 437 3109 ,μὴ
464 3035 711 3106 φονεύειν
739 3036 976 3106 παρῄνει
1001 3051 1014 3063 ο
1041 3032 1153 3096 ἐγὼ
1183 3033 1239 3086 δὲ
1277 3035 1389 3096 τοῖς
1421 3034 1477 3086 ἐν
1505 3032 1678 3102 τούτῳ
1703 3047 1930 3103 προπαι-

2031 1860 2192 1916 eduxi
2221 1875 2315 1915 eos
2336 1860 2402 1914 de
2431 1866 2576 1913 terra
2608 1857 2824 1929 [Egypti
2856 1857 2959 1913 ⁸⁵».
2983 1854 3125 1925 Ergo
3158 1866 3264 1909 non
3291 1852 3594 1909 secundum

2028 1953 2161 2008 illud
2210 1954 2354 2022 quod
2405 1950 2535 2021 legis
2588 1950 2710 2003 loco
2746 1964 2775 2002 a
2812 1947 2962 2003 Mose
3019 1947 3254 2017 positum
3302 1955 3428 2011 est,
3465 1957 3633 2017 cum!

2027 2044 2230 2116 egressi
2287 2048 2435 2106 sunt,
2480 2047 2534 2095 et
2566 2055 2689 2094 cum
2724 2039 2777 2092 in
2805 2039 3022 2094 deserto
3072 2037 3447 2096 morabantur.
3478 2033 3594 2089 No-
3628 2068 3633 2085 ι

2028 2153 2155 2193 vum
2187 2137 2289 2192 hoc
2322 2134 2563 2188 futurum
2615 2132 2915 2202 respondit,
2966 2129 3062 2187 sed
3106 2128 3405 2185 secundum
3456 2126 3594 2182 illud

2029 2226 2299 2290 videlicet,
2324 2225 2469 2294 quod
2502 2224 2693 2293 primis
2716 2221 3053 2290 temporibus
3084 2221 3139 2273 in
3173 2220 3284 2271 vita
3313 2217 3461 2271 civili
3486 2231 3592 2271 se-

2030 2326 2258 2385 ctantes,
2288 2318 2380 2388 qui
2400 2325 2526 2371 ante
2558 2314 2762 2370 Mosem
2800 2313 3120 2376 ﬂoruerunt,
3153 2321 3412 2380 tanquam
3439 2308 3477 2363 ii
3497 2307 3593 2378 qui

2028 2414 2187 2484 plene
2219 2397 2394 2467 officio
2419 2469 2425 2479 ι
2448 2424 2548 2465 suo
2578 2407 2749 2463 functi
2793 2411 3009 2469 essent,
3067 2400 3405 2471 comprobati
3441 2408 3590 2456 sunt.

2026 2501 2177 2568 Quas
2205 2500 2423 2572 quidem
2457 2500 2526 2555 ob
2558 2513 2674 2559 res,
2704 2497 2816 2567 jam
2844 2506 2901 2549 tu
2938 2496 3097 2565 plane
3126 2492 3408 2547 conﬁdens
3438 2497 3593 2561 post-

2029 2595 2151 2659 hac,
2179 2608 2304 2649 cum
2356 2593 2655 2647 sententias
2682 2598 2736 2643 et
2765 2587 3040 2658 pr0posita
3072 2600 3284 2648 eorum,
3332 2583 3425 2655 qui
3450 2582 3592 2639 divi-

2028 2702 2158 2742 num
2190 2686 2422 2755 aliquem
2456 2685 2660 2739 cultum
2689 2680 3029 2752 proﬁtentur,
3078 2693 3189 2733 non
3218 2677 3272 2731 in
3302 2678 3463 2742 duos,
3495 2676 3593 2732 sed

2028 2781 2083 2833 in
2123 2786 2234 2835 tres
2272 2776 2526 2833 diviseris
2556 2768 2798 2838 ordines,
2828 2786 2998 2826 unum
3029 2784 3217 2825 eorum
3240 2769 3334 2840 qui
3360 2782 3594 2839 prorsus

2029 2870 2338 2927 simulacris
2380 2867 2603 2932 addicti,
2656 2867 2713 2920 in
2757 2864 3051 2919 multorum
3081 2862 3307 2918 deorum
3349 2876 3591 2917 errorem

2028 2962 2349 3030 deciderunt
2380 2977 2394 3014 :
2424 2959 2652 3013 alterum
2705 2970 2919 3020 eorum,
2944 2953 3039 3024 qui
3069 2943 3142 3007 de
3168 2950 3589 3007 circumcisione

2028 3069 2124 3124 per
2156 3051 2357 3107 Mosem
2378 3049 2432 3104 in
2462 3047 2696 3118 primum
2714 3045 2930 3117 pietatis
2945 3042 3169 3115 gradum
3189 3042 3550 3097 ascenderunt
3570 3057 3588 3096 :

356 3126 743 3199 δαγωγηθεῖσι,
777 3126 871 3179 καὶ
893 3125 990 3195 τὴν
1016 3123 1237 3196 πρώτην
1271 3123 1485 3194 ἐντολὴν
1520 3122 1924 3195 κατωρθωκόσι,

2028 3147 2247 3202 tertium
2279 3157 2468 3199 eorum
2490 3181 2505 3205 ,
2539 3144 2630 3211 qui
2667 3153 2979 3210 supremum
3031 3136 3209 3191 locum
3248 3151 3344 3205 per
3380 3134 3591 3190 doctri-

360 3221 634 3293 νομοθετῶ
660 3221 759 3292 τὴν
784 3217 1141 3287 τελειοτέραν,
1178 3217 1297 3288 μηδ’
1323 3216 1490 3287 ὀργῆς
1522 3214 1797 3286 ἐνέχεσθαι
1823 3215 1929 3268 πά·-

360 3313 443 3368 θει
465 3312 832 3385 προστάττων.
862 3309 971 3363 Kal.
1025 3305 1180 3372 αὖθις
1199 3325 1212 3339 ·
1258 3309 1313 3362 Ὁ
1342 3308 1440 3378 μὲν
1466 3307 1669 3378 Μωσῆς
1701 3309 1926 3377 μοιχοῖς,

358 3404 451 3458 καὶ
475 3403 790 3466 ἀκολάστοις
822 3400 1124 3455 διετάττετο
1146 3400 1209 3453 τὸ
1236 3399 1309 3470 μὴ
1338 3397 1627 3469 μοιχεύειν,
1667 3398 1800 3469 μηδέ
1831 3399 1930 3468 ἀρ-

360 3496 698 3560 σενοκοιτεῖν,
737 3492 871 3565 μηδέ
910 3490 1011 3555 τάς
1051 3489 1201 3561 παρά
1253 3488 1412 3559 φύσιν
1461 3486 1652 3560 ἡδονὰς
1691 3485 1925 3550 διώλειν,

360 3583 586 3638 θάνατον
615 3584 714 3654 τὴν
751 3581 1018 3653 τιμωρίαν
1062 3583 1174 3642 τοῖς
1215 3577 1640 3651 παραϐαίνουσιν
1673 3577 1889 3643 ἐπάγων
1910 3592 1925 3606 ·

353 3674 470 3744 ἐγὼ
496 3674 551 3728 δὲ
576 3674 704 3746 μηδ’
739 3671 1028 3743 ἐμϐλέπειν
1061 3668 1290 3740 γυναῖκα
1326 3671 1443 3741 μετ’
1472 3669 1759 3741 ἐπιθυμίας
1802 3668 1930 3721 ἀκο-

357 3764 552 3819 λάστου
592 3765 717 3827 τοὺς
761 3764 925 3835 ἐμοὺς
968 3762 1227 3833 βούλομαι
1275 3760 1539 3831 μαθητάς.
1585 3761 1695 3814 Kal
1728 3760 1924 3814 πάλιν·

370 3856 429 3908 ’0
460 3856 556 3927 μὲν
601 3854 802 3923 ἔλεγεν·
841 3871 859 3904 ι
887 3853 1000 3906 Οὐκ
1032 3852 1401 3924 ἐπιορκήσεις,
1432 3849 1728 3914 ἀποδώσεις
1754 3852 1809 3905 δὲ
1851 3851 1930 3922 τῷ

357 3945 474 4018 Θεῷ
494 3946 619 4010 τοὺς
653 3946 847 4015 ὅρκους
879 3959 990 3997 σου’
1032 3942 1141 4012 ἐγὼ
1168 3943 1225 3995 δέ
1272 3940 1413 4009 λέγω
1440 3942 1585 4012 ὑμῖν,
1627 3941 1700 4013 μὴ
1737 3942 1928 4013 ὀμόσαι

356 4039 514 4103 ὅλως,
543 4038 653 4092 ἀλλ’
680 4036 832 4089 ἔσται
868 4036 897 4089 ὁ
917 4034 1074 4104 λόγος
1096 4032 1248 4105 ὑμῶν
1277 4033 1385 4098 ναὶ,
1406 4031 1493 4086 ναί
1512 4048 1527 4062 ⁸
1553 4030 1639 4097 οὒ,
1668 4032 1728 4087 οὖ
1754 4050 1766 4064 ·
1787 4033 1847 4087 τὸ
1871 4035 1928 4088 δὲ

359 4132 615 4204 περισσὸν
642 4129 842 4183 τούτων
873 4130 938 4181 ἐκ
965 4124 1058 4179 τοῦ
1101 4123 1335 4196 πονηροῦ
1373 4127 1506 4177 ἐστι.
1543 4144 1561 4177 ι
1590 4125 1700 4180 Kal.
1727 4124 1887 4178 πάλιν
1911 4142 1924 4155 ·

368 4225 428 4278 '0
474 4222 571 4294 μὲν
616 4221 741 4284 τοὺς
784 4217 1101 4281 ἀδικοῦντας
1132 4214 1438 4287 ἀμύνασθαι
1486 4217 1579 4270 xal.
1623 4216 1929 4270 ἀνταδικεῖν

358 4311 771 4386 παρεκελεύετο,
785 4309 976 4379 λέγων·
991 4325 1009 4358 t
1050 4305 1355 4378 Ὀφθαλμὸν
1370 4305 1492 4360 ἀντὶ
1514 4302 1811 4377 ὀφθαλμοῦ,
1837 4306 1929 4359 καὶ

357 4405 544 4460 ὀδόντα
578 4404 699 4458 ἀντὶ
768 4402 1010 4464 ὀδόντοςο
1058 4398 1169 4469 ἐγὼ
1194 4399 1251 4453 δὲ
1287 4398 1429 4467 λέγω
1455 4398 1603 4468 ὑμῖν,
1642 4397 1715 4468 μὴ
1778 4398 1927 4451 ἀντι-

362 4498 550 4568 στῆναι
597 4494 674 4566 τῷ
718 4492 959 4565 πονηρῷ,
1003 4491 1116 4546 ἀλλ’
1147 4492 1295 4552 ὅστις
1333 4507 1389 4543 σε
1427 4488 1641 4562 ῥαπίσει
1689 4489 1782 4543 ἐπὶ
1831 4488 1925 4560 τὴν
1957 4485 2002 4540 D

361 4586 539 4655 δεξιὰν
587 4587 811 4656 σιαγόνα
844 4603 958 4650 σου,
1002 4582 1230 4655 στρέψον
1270 4580 1416 4652 αὐτῷ
1455 4582 1548 4635 καὶ
1588 4580 1686 4650 τὴν
1725 4578 1891 4653 ἄλλην
1914 4598 1927 4611 ·

364 4676 457 4731 καὶ
482 4677 559 4748 τῷ
585 4675 787 4730 θέλοντί
817 4692 898 4729 σοι
929 4673 1205 4746 κριθῆναι,
1230 4672 1324 4726 καὶ
1356 4670 1447 4725 τὸν
1487 4668 1689 4742 χιτῶνά
1716 4688 1808 4724 σου
1832 4670 1928 4724 λα-

363 4768 497 4834 ϐεῖν,
526 4769 659 4837 ἄφες
683 4767 831 4838 αὐτῷ
862 4766 956 4821 καὶ
979 4765 1038 4820 τὸ
1069 4765 1333 4835 ἱμάτιον.)
1363 4762 1471 4816 Kal
1497 4762 1657 4816 πάλιν
1679 4779 1691 4792 ’
1732 4760 1791 4815 '0
1828 4761 1926 4831 μὲν

364 4859 593 4933 παρῄνει
641 4861 731 4915 τὸν
794 4861 890 4930 μὲν
949 4856 1099 4927 φίλον
1152 4856 1389 4926 ἀγαπᾷν,
1453 4856 1629 4925 μισεῖν
1688 4853 1745 4906 δὲ
1800 4853 1927 4915 τοὺς

361 4951 588 5024 ἐχθρούς
609 4968 623 4981 ·
667 4950 774 5021 ἐγὼ
799 4951 856 5005 δέ
894 4948 1016 5004 καθ’
1048 4946 1353 5020 ὑπερϐολὴν
1396 4943 1802 5017 φιλανθρωπίας
1833 4943 1925 4999 καὶ

363 5041 729 5112 ἀνεξικακίας,
761 5042 979 5113 ἀγαπᾷν
1027 5040 1155 5104 τοὺς
1195 5036 1421 5109 ἐχθροὺς
1456 5035 1586 5108 ὑμῖν
1635 5035 1928 5108 νομοθετῶ,

363 5136 458 5192 καὶ
486 5132 879 5206 προσεύχεσθαι
915 5132 1054 5203 ὑπὲρ
1096 5128 1206 5184 τῶν
1234 5125 1555 5193 διωκόντων,
1587 5126 1735 5189 ὅπως
1772 5125 1932 5197 γένη-

365 5226 458 5281 σθε
487 5225 593 5279 υἱοὶ
622 5223 716 5277 τοῦ
745 5221 957 5294 Πατρὸς
976 5221 1128 5293 ὑμῶν
1150 5210 1252 5274 ’τοῦ
1283 5222 1339 5272 ὲν
1369 5219 1636 5290 οὐρανοῖς,
1667 5218 1814 5281 ὅστις
1840 5218 1929 5271 τὸν

361 5319 510 5390 ἥλιον
547 5315 831 5370 ἀνατέλλει
864 5315 954 5366 ἐπὶ
984 5312 1250 5384 πονηροὺς
1271 5311 1365 5366 καὶ
1386 5310 1653 5380 ἀγαθοὺς,
1680 5310 1776 5363 καὶ
1809 5308 1930 5381 βρέη

362 5425 446 5479 χει
507 5407 598 5460 ἐπὶ
639 5404 878 5468 δικαίους
920 5404 1013 5457 καὶ
1045 5403 1279 5466 ἀδίκους.
1328 5403 1438 5456 Kal
1476 5402 1568 5456 ἐπὶ
1588 5400 1830 5466 τούτοις·
1868 5403 1925 5456 Ὀ

366 5499 462 5569 μὲν
492 5497 627 5567 πρὸς
665 5496 762 5567 τὴν
799 5496 907 5549 τῶν
953 5493 1162 5547 πολλῶν
1208 5493 1466 5564 σκληρίαν
1503 5491 1790 5564 ἡρμόζετο,
1830 5492 1943 5545 καὶ·

360 5592 471 5654 τοῖς
501 5588 768 5660 ὲμπαθέσι
808 5586 1115 5658 κατάλληλα
1157 5586 1480 5647 διετάττετο,
1525 5584 1920 5656 ἐξηλλαγμένον

431 5772 477 5804 ⁸⁸
503 5770 702 5828 Jcrem.
736 5787 884 5830 xum.
917 5771 1004 5832 3i,
1033 5769 1120 5825 3‘2.
1198 5767 1245 5800 ³⁵
1268 5763 1398 5821 ιω.
1433 5765 1521 5822 32.

2025 3255 2153 3295 nam
2194 3236 2562 3308 evangelicam
2613 3233 2915 3288 obtinuere.
2949 3229 3015 3283 Et
3052 3229 3197 3284 hunc
3242 3227 3484 3299 quidem,
3539 3226 3588 3282 si

2027 3329 2263 3385 medium
2306 3327 2539 3381 duorum
2594 3319 2968 3381 constitueris,
3015 3333 3083 3372 ne
3114 3324 3304 3388 putato
3358 3317 3592 3387 amplius

2027 3436 2142 3486 eos,
2174 3419 2265 3490 qui
2301 3435 2329 3472 a
2357 3416 2556 3471 Judaais
2585 3410 2888 3474 discedant,
2929 3411 2986 3463 in
3009 3408 3228 3464 Graecos
3270 3408 3410 3465 ritus
3440 3423 3594 3478 opor-

2026 3523 2145 3570 tere
2172 3513 2283 3567 ullo
2306 3510 2464 3565 modo
2502 3506 2764 3569 recidere,
2798 3520 2974 3575 neque
2993 3504 3085 3573 qui
3117 3519 3148 3558 a
3178 3501 3381 3556 Graecis
3413 3500 3591 3556 abdu-

2028 3613 2243 3669 cantur,
2288 3603 2506 3659 Judteos
2562 3600 2678 3656 ﬁeri
2720 3595 3068 3660 necessario,
3103 3594 3197 3652 sed
3226 3593 3320 3648 ubi
3367 3592 3591 3647 tertium

2029 3697 2327 3766 acceperis,
2353 3704 2407 3750 et
2435 3693 2616 3748 medio
2649 3692 2771 3745 loco
2831 3688 3203 3764 constitueris,
3261 3685 3592 3740 eminentem

2028 3802 2302 3859 supraque
2333 3787 2474 3840 alios
2494 3789 2799 3839 exstantem
2830 3779 3108 3843 invenies,
3143 3784 3198 3833 et
3236 3775 3392 3845 quasi
3427 3789 3595 3845 super

2029 3881 2331 3939 eelsissima
2360 3874 2592 3948 quadam
2625 3874 2847 3945 specula
2895 3871 3185 3928 sublimem
3241 3866 3588 3925 collocatun,

2027 3970 2438 4056 reliqupidgos
2468 3967 2699 4022 inferius
2730 3966 2987 4034 utrinque
3028 3960 3328 4031 despicere.
3394 3955 3594 4026 Eh‘ugit

2027 4044 2581 4123 enii‘ﬁaﬁQébmm
2612 4057 2852 4127 impiam,
2885 4062 3048 4123 atque
3068 4048 3346 4106 erroribus
3377 4047 3592 4118 plenam

2030 4154 2474 4226 superstitionem
2509 4190 2526 4215 ,
2571 4148 2977 4216 dissolutasque
3039 4141 3453 4202 fornicationes,
3500 4143 3590 4193 at-

2028 4262 2135 4317 que
2159 4244 2516 4302 insolentias:
2563 4248 2618 4296 et
2644 4238 2952 4295 Iudaeorum
2997 4233 3206 4297 itidem,
3242 4246 3363 4302 quae
3387 4245 3418 4285 a
3443 4228 3593 4286 Mose

2028 4337 2270 4410 perfecta
2297 4343 2401 4399 est,
2450 4331 2824 4402 imperfectam
2854 4339 2906 4382 et
2944 4325 3102 4397 quasi
3143 4322 3385 4393 parvulis
3427 4330 3592 4391 atque

2030 4429 2263 4488 inﬁrmis
2285 4425 2744 4482 accommodatam
2777 4418 3200 4477 observantiam.
3228 4413 3591 4469 Domesticam

2032 4540 2214 4598 porro,
2246 4533 2409 4592 atque
2431 4520 2498 4574 ab
2526 4518 2681 4572 initio
2702 4515 2976 4587 propriam
3008 4526 3114 4566 non
3157 4509 3334 4564 solum
3363 4505 3589 4570 Judaeis,

2028 4596 2124 4676 sed
2143 4625 2198 4675 et
2225 4614 2450 4680 Graecis,
2480 4621 2534 4667 et
2560 4608 2832 4672 barbaris,
2884 4613 2938 4661 et
2963 4616 3300 4674 quaecunque
3328 4598 3428 4654 sub
3477 4596 3593 4651 sole

2026 4718 2179 4775 sunt,
2212 4707 2466 4779 gentibus
2517 4703 2819 4758 inclamans
2855 4697 3046 4767 legem,
3081 4692 3206 4749 vide
3242 4690 3373 4762 quid
3399 4688 3584 4779 dicatA:

2027 4803 2071 4859 0
2124 4776 2308 4864 homo,
2365 4807 2420 4854 et
2478 4797 2790 4852 universum
2852 4787 3161 4859 mortalium
3238 4795 3429 4855 genus,
3481 4776 3588 4847 23

2026 4892 2191 4949 Mosis
2237 4889 2455 4961 quidem
2523 4888 2609 4942 lex
2670 4883 2737 4938 ab
2773 4897 2879 4936 uno
2919 4892 3118 4951 genere
3173 4873 3451 4930 hominum
3503 4870 3591 4922 iu-

2026 4957 2529 5052 etpiens,-omnium
2575 4975 2811 5046 primum
2857 4970 3166 5027 Judaeorum
3210 4976 3401 5035 genus,
3441 4957 3590 5013 illius

2029 5071 2408 5142 promissionis
2464 5070 2658 5139 gratia,
2689 5080 2809 5136 quae
2864 5062 2931 5117 ad
2973 5060 3094 5130 pios
3133 5054 3335 5122 Deique
3380 5049 3588 5103 amicos

2026 5139 2266 5234 ipsorum
2299 5169 2512 5232 patres,
2545 5160 2684 5214 facta
2737 5166 2839 5219 est,
2873 5153 2940 5209 ad
2978 5150 3140 5205 unius
3179 5144 3274 5234 Dei
3317 5139 3587 5234 cognitio.-

2025 5227 2147 5312 nem
2193 5227 2506 5322 cultumque
2549 5247 2798 5309 vocabat,
2842 5251 2902 5298 ut
2947 5241 3091 5295 dicto
3146 5232 3460 5322 audientes,
3519 5227 3589 5283 ab

2026 5345 2353 5404 intolerabili
2382 5321 2685 5398 daemonum
2712 5331 2996 5408 tyrannide
3034 5328 3307 5383 liberaret.
3339 5321 3449 5392 Ego
3488 5334 3590 5373 an-

2029 5453 2136 5500 tem
2189 5442 2440 5498 omnibus
2480 5433 2811 5495 hominibus,
2846 5437 2899 5484 et
2927 5440 3046 5497 qua:
3076 5421 3278 5492 ubique
3321 5427 3589 5472 terrarum

2029 5542 2177 5601 sunt,
2210 5533 2461 5606 gentibus
2519 5524 2805 5585 sublimius
2851 5522 3165 5591 provectam
3204 5510 3299 5567 Dei
3333 5503 3591 5581 cognitio-
