4106 6430
549 339 630 413 ετξ
758 326 775 331 ”
1182 352 1449 411 sussnu
1486 348 1960 409 mssarsssns
1997 345 2108 405 OPl

2208 343 2367 402 PARS
2402 343 2470 401 ll.
2508 375 2578 386 —
2624 336 3126 403 APOLOGETICA.
3709 343 3781 401 σε

550 484 697 535 nem,
722 472 778 524 et
816 467 1069 539 pietatem
1103 475 1417 537 apportans,
1452 475 1515 521 ut
1545 466 1611 521 ad
1638 464 1878 537 regulam
1901 477 2108 528 eorum,

2219 459 2313 513 καὶ
2341 456 2715 528 ὑποδεδηκότα
2759 457 2911 528 παρά
2949 456 3041 511 τὸν
3072 457 3298 511 παλαιον
3321 456 3520 530 τρόπον
3550 459 3781 527 παραδι-

550 560 645 629 qui
674 573 797 612 cum
822 556 1090 612 Abraham
1119 556 1387 618 vixerunt,
1413 554 1613 624 quique
1640 561 1767 608 ante
1792 550 1958 607 Musis
1983 559 2113 606 atta-

551 658 660 704 tem
703 649 976 719 degentes,
1024 647 1140 716 ipso
1189 660 1404 716 quoque
1428 645 1735 699 Abrahamo
1778 644 2112 714 antiquiores

549 742 825 802 exstitere,
852 740 973 792 vitae
1006 753 1117 792 sua:
1147 738 1499 791 moderentur
1517 735 1800 799 adhortor,
1832 736 1886 790 in
1912 735 2113 805 quibus

549 833 620 887 ab
648 831 882 887 externis
922 829 1176 899 gentibus
1204 825 1457 898 profecti,
1493 827 1587 897 qui
1615 825 1684 880 de
1712 826 1872 879 laude
1895 824 2112 895 pietatis

549 922 773 991 gloriam
803 919 982 992 adepti
999 926 1148 982 sunt,
1168 918 1353 987 plures
1370 922 1764 971 memorantur.
1794 914 1857 968 Et
1876 918 2069 969 rursus
2095 933 2110 969 :

549 1010 712 1066 Mosis
743 1010 961 1079 quidem
1009 1009 1117 1073 lex,
1162 1008 1217 1061 in
1257 1023 1427 1061 unum
1468 1015 1625 1062 terra:
1649 1015 1856 1060 certum
1887 1019 1952 1059 ac
1979 1003 2116 1059 defl-

546 1103 715 1156 uilum
758 1102 958 1164 locum,
988 1114 1081 1156 eos
1132 1099 1225 1169 qui
1270 1098 1547 1170 religionis
1591 1097 1927 1167 propositum
1961 1109 2113 1150 com-

545 1194 688 1265 plexi
709 1202 910 1257 essent,
932 1208 1000 1247 ex
1021 1191 1144 1246 aliis
1176 1190 1432 1246 omnibus
1462 1190 1597 1245 locis
1624 1188 2105 1260 currerejubebat:

541 1300 644 1356 ego
703 1292 884 1339 autem
926 1282 1232 1339 condonata
1279 1282 1533 1337 omnibus
1580 1280 1851 1346 libertate,
1891 1294 2001 1335 non
2052 1279 2109 1334 in

543 1374 779 1446 quodam
810 1384 964 1429 terra:
992 1372 1209 1443 angulo,
1240 1387 1417 1443 neque
1444 1372 1499 1427 in
1529 1371 1827 1438 montibus,
1858 1377 1953 1425 aut
1988 1372 2110 1441 qui-

542 1466 777 1523 busdam
824 1480 991 1521 manu
1035 1463 1193 1520 factis
1230 1465 1468 1536 templis,
1509 1464 1678 1519 Deum
1722 1480 1983 1535 quazrere,
2014 1465 2110 1520 sed

543 1559 691 1616 domi
711 1573 822 1613 sum
839 1571 1276 1627 unumquemque
1294 1556 1443 1610 illum
1473 1556 1651 1611 colere
1684 1564 1845 1627 atque
1879 1555 2109 1612 adorare

542 1648 821 1722 praecipio.
868 1646 934 1701 Et
971 1664 1165 1703 rursus
1192 1666 1203 1701 :
1230 1646 1399 1702 Vetus
1421 1648 1635 1717 quidem
1677 1647 1784 1713 lex,
1824 1648 2108 1704 sacrificiis

544 1748 601 1797 et
649 1740 962 1794 animalium
1013 1738 1270 1804 caedibus,
1306 1738 1574 1808 thureque
1616 1746 1671 1794 et
1712 1740 1855 1810 igne,
1889 1748 1944 1796 et
1988 1739 2109 1793 aliis

2210 550 2335 613 δοὺς
2378 548 2657 613 εὐσεϐείας
2680 567 2693 579 ·
2729 549 2838 618 ἐγὼ
2871 549 2928 602 δὲ
2968 550 3061 602 ἐπὶ
3090 550 3182 603 τὸν
3211 549 3484 622 πρόπαλαι
3523 548 3784 619 θεοφιλῶν

2212 641 2421 715 ἀνδρῶν
2470 642 2664 712 εὐσεδῆ
2698 642 2791 695 καὶ
2830 641 3050 713 θεοφιλῆ
3094 641 3206 712 βίον
3240 641 3612 712 άνακαλοῦμαι
3657 642 3785 705 τοὺς

2212 735 2439 798 πάντας.
2473 733 2584 786 Kal
2629 733 2713 801 ἐφ’
2747 734 2947 787 ἅπασιν
2970 750 2984 763 ο
3020 735 3050 787 6
3102 734 3201 804 μὲν
3241 734 3345 805 γῆν
3378 734 3607 805 ῥέουσαν
3642 730 3784 802 γάλα

2210 824 2306 878 καὶ
2336 824 2473 895 μέλι,
2495 818 2583 877 οἷα
2609 823 3227 895 νηπίοις,,ὲπηγγέλλετο
3244 841 3258 855 ⁸
3286 824 3397 893 ἐγὼ
3423 824 3478 878 δὲ
3507 823 3784 895 βασιλειαν

2211 916 2454 988 οὐρανῶν
2478 917 2588 979 τοῖς
2632 916 2762 978 οἵοις
2804 932 2863 969 τε
2913 918 3109 986 χωρεῖν
3150 907 3413 987 προξενῶ.
3453 916 3638 971 Ταῦτα
3687 916 3781 970 καὶ

2210 1006 2280 1059 τὰ
2322 1004 2564 1066 τοιαῦτα.
2606 1006 2636 1058 6
2677 1005 2777 1074 τῆς
2803 1006 3008 1077 Καινῆς
3046 1006 3318 1077 Διαθήκης
3351 1005 3506 1075 λόγος
3549 1006 3637 1060 διὰ
3685 1006 3784 1079 τῆς

2213 1098 2450 1171 Χριστοῦ
2493 1098 2837 1163 διδασκαλίας
2886 1101 3020 1151 πᾶσι
3061 1098 3387 1170 κατήγγειλε
3430 1101 3541 1164 τοῖς
3582 1098 3781 1154 ἔθνεσι.

2210 1190 2321 1243 Kal
2347 1189 2514 1242 ταῦτα
2537 1185 2624 1260 ἦν,
2661 1189 2698 1243 ἃ
2725 1194 2839 1254 τοῖς
2877 1190 3042 1244 αὑτοῦ
3074 1191 3340 1262 μαθηταῖς
3371 1192 3401 1244 6
3426 1190 3659 1263 Χριστος
3687 1189 3783 1245 τοῦ

2209 1280 2343 1334 Θεοῦ
2388 1284 2519 1335 πᾶσι
2566 1285 2677 1345 τοῖς
2724 1281 2899 1336 ἔθνεσι
2949 1284 3336 1351 καταγγέλλειν
3380 1283 3630 1355 παρῄνει,
3674 1286 3782 1356 φή-

2210 1390 2344 1438 σας·
2398 1391 2417 1426 ι
2464 1373 2826 1446 Πορευθέντες
2873 1375 3246 1447 μαθητεύσατε
3292 1376 3470 1429 πάντα
3517 1374 3587 1428 τὰ
3616 1374 3771 1447 ἔθνη,

2207 1468 2547 1535 διδάσκοντες
2589 1471 2785 1535 αὐτοὺς
2826 1476 3013 1543 τηρεῖν
3062 1472 3238 1526 πάντα
3283 1473 3385 1527 ὅσα
3426 1472 3784 1544 ἐνετειλάμην

2210 1559 2339 1629 ὑμῖν
2364 1575 2377 1590 σ
2410 1578 2429 1611 ι
2458 1560 2493 1614 ἃ.
2519 1561 2611 1614 ml
2636 1563 2800 1614 πᾶσιν
2823 1560 3150 1633 ἀνθρώποις,
3180 1561 3403 1633 Ἕλλησί
3428 1579 3488 1616 τε
3515 1563 3608 1616 καὶ
3651 1561 3783 1634 βαρ-

2209 1648 2397 1721 ὀάροις
2424 1651 2709 1719 φυλάττειν
2728 1650 3069 1721 παραδιδοὺς,
3100 1652 3310 1721 σαφῶς,
3337 1653 3390 1705 τί
3418 1652 3546 1706 ποτέ
3577 1653 3726 1705 ἐστιν
3750 1654 3781 1706 6

2209 1741 2654 1812 Χριστιανισμὺς,
2685 1729 2931 1814 ἐξέφηνε,
2958 1742 3099 1807 τίνες
3129 1743 3372 1815 θ’ήμετς,
3405 1746 3499 1798 καὶ
3531 1746 3712 1808 ὁποῖος
3748 1744 3784 1799 6

543 1829 865 1901 quibusdam
897 1829 1138 1899 ejusdem
1170 1829 1386 1899 generis
1402 1830 1821 1899 purgationibus
1840 1831 2105 1901 corporis,

2209 1832 2317 1886 τῶν
2355 1834 2575 1887 τοιῶνδε
2616 1834 2786 1902 λόγων
2824 1851 2883 1888 τε
2925 1836 3018 1889 καὶ
3063 1836 3401 1908 μαθημάτων
3444 1835 3780 1903 διδάσκαλος,

543 1941 814 1983 summum
846 1922 1014 1979 Deum
1044 1923 1221 1979 colere
1263 1923 1584 1978 hortabatur
1617 1944 1629 1979 :
1662 1940 1762 1995 ego
1803 1934 1982 1982 autem
2014 1941 2105 1982 sa-

543 2035 637 2074 cra
688 2020 880 2074 animze
918 2017 1160 2082 tradens,
1223 2024 1402 2073 mente
1454 2018 1766 2088 purissima,
1818 2019 2107 2089 animoque

541 2111 889 2177 nitidissima,
929 2125 1052 2165 cum
1093 2108 1359 2164 modestia
1408 2109 1779 2180 virtutumque
1816 2112 2104 2167 sectatrice

539 2205 671 2267 vita,
702 2204 973 2271 rectisque
1004 2200 1312 2263 sententiis,
1334 2206 1388 2255 et
1414 2200 1670 2270 pietatem
1698 2216 1808 2271 prae.
1838 2217 1897 2256 se
1929 2200 2105 2256 feren-

539 2294 706 2357 tibus,
721 2292 1054 2347 divinitatem
1068 2290 1316 2347 venerari
1347 2291 1570 2360 impero.
1588 2287 1654 2343 Et
1675 2305 1866 2346 rursus
1887 2309 1899 2344 :
1925 2289 2102 2347 Moses

538 2384 755 2456 quidem
781 2385 996 2439 illorum
1035 2389 1341 2454 temporum
1371 2382 1705 2446 hominibus,
1735 2384 1891 2453 quasi
1922 2384 1988 2440 iis
2005 2386 2101 2455 qui

536 2476 1067 2548 caedibusinquinari
1087 2476 1233 2530 soliti
1256 2482 1461 2537 essent,
1475 2490 1584 2528 non
1609 2474 1860 2530 occidere
1876 2476 2103 2546 impera-

536 2570 784 2639 batzego
811 2577 991 2623 autem
1032 2568 1120 2631 iis,
1161 2567 1255 2637 qui
1282 2566 1389 2619 hoc
1419 2566 1594 2635 ipsum
1627 2574 1783 2620 antea
1809 2563 2104 2620 didicerint

538 2670 594 2719 et
606 2662 778 2732 primo
791 2661 868 2713 illi
884 2667 1146 2730 praecepto
1159 2656 1547 2723 satisfecerint,
1564 2659 1791 2713 alterum
1808 2657 2108 2728 perfectius

540 2751 790 2823 impono,
822 2761 983 2820 atque
1009 2758 1069 2804 ut
1096 2764 1164 2803 ne
1194 2748 1288 2802 ira:
1318 2747 1535 2818 quidem
1560 2748 1970 2819 perturbatione
1994 2749 2110 2804 vin-

538 2850 753 2905 cantur,
770 2841 1046 2913 praecipio.
1062 2840 1125 2896 Et
1141 2850 1368 2897 rurSus:
1406 2839 1583 2896 Moses
1598 2840 1817 2911 quidem
1848 2840 2109 2896 adulteris

536 2934 924 3004 dissolutisque
953 2932 1266 2987 hominibus
1284 2931 1453 3003 legem
1471 2932 1654 3003 posuit
1680 2947 1790 2987 non
1813 2932 2105 2997 mmchari,

2208 1925 2371 1988 αὐτὸς
2399 1927 2428 1979 6
2460 1925 2648 1997 Σωτὴρ
2673 1928 2767 1979 καὶ
2808 1927 3011 1999 Κύριος
3040 1928 3195 1999 ἡμῶν
3241 1928 3444 2000 Ἰησοῦς
3488 1932 3518 1983 6
3546 1930 3781 2002 Χριστὸς
3832 1982 3839 1991 ,

2206 2015 2300 2069 τοῦ
2340 2016 2496 2079 Θεοῦ,
2519 2021 2548 2071 6
2574 2017 2672 2088 τὴν
2700 2017 2889 2089 καινὴν
2926 2019 3130 2090 ταύτην
3159 2022 3253 2075 xal
3292 2022 3595 2094 πανάρετον
3625 2022 3775 2077 πολι-
3814 2018 3841 2047 ”’

2207 2107 2359 2161 τείαν
2382 2107 2503 2161 καθ’
2526 2107 2647 2162 ὅλου
2671 2110 2764 2163 τοῦ
2791 2113 2996 2183 κόσμου
3034 2114 3468 2185 συστησάμενος
3501 2116 3641 2169 ὦστε
3670 2133 3781 2170 τοι-

2207 2199 2345 2253 αῦτα
2382 2200 2693 2271 μανθάνειν.
2742 2205 2834 2257 καὶ
2876 2205 3181 2274 φιλοσοφεῖν
3232 2205 3307 2278 μὴ
3355 2207 3513 2278 μόνον
3555 2207 3776 2278 ἄνδρας,

2206 2290 2341 2345 ἀλλὰ
2385 2293 2478 2345 καὶ
2524 2296 2806 2361 γυναῖκας,
2843 2296 3132 2361 πλουσίους
3172 2314 3232 2351 τε
3266 2299 3359 2351 καὶ
3399 2300 3656 2369 πένητας,
3683 2300 3782 2353 καὶ

2205 2381 2423 2446 δούλους
2448 2384 2564 2454 ἆμα
2610 2385 2918 2450 δεσπόταις.
2948 2388 3057 2441 Καὶ
3093 2389 3198 2459 μὴν
3228 2390 3257 2443 6
3292 2388 3392 2458 τῆς
3433 2390 3624 2461 καινῆς
3649 2389 3781 2444 ταύ-

2205 2490 2304 2544 της
2336 2475 2656 2545 νομοθεσίας
2681 2476 3042 2545 είσαγωγεὺς,
3076 2477 3145 2532 τά
3175 2479 3350 2533 πάντα
3376 2478 3516 2534 κατά
3543 2479 3634 2533 τὸν
3658 2480 3784 2533 Μω-

2210 2565 2350 2628 σέως
2396 2566 2556 2637 νόμον
2606 2568 2855 2637 εἰσῆκται
2896 2569 3385 2641 πεπολιτευμένος’
3428 2571 3457 2624 6
3506 2570 3601 2625 καὶ
3645 2568 3783 2626 αὐτὸ

2209 2654 2504 2726 θαυμάζειν
2536 2656 2702 2721 ἄξιον,
2745 2658 2827 2711 ὅτι
2870 2659 2956 2730 δὴ,
3002 2660 3127 2725 νέας
3172 2661 3442 2727 πολιτείας
3484 2661 3781 2735 νομοθέτης

2212 2746 2419 2818 μέλλων
2458 2749 2895 2820 καταστήσεσθαι
2932 2751 3032 2821 τῆς
3063 2752 3203 2806 κατὰ
3245 2753 3305 2807 τὸ
3337 2754 3651 2824 εὐαγγέλιον
3680 2755 3779 2809 αὑ-

2208 2837 2301 2891 τοῦ
2348 2840 2554 2910 Καινῆς
2582 2841 2870 2913 Διαθηκης,
2903 2844 3000 2915 οὐχ
3030 2846 3105 2909 ὡς
3137 2847 3303 2919 ἐχθρά
3336 2849 3429 2902 καὶ
3462 2848 3679 2903 ιναντία
3709 2848 3779 2904 τά

2207 2930 2448 2995 Μωσέως
2483 2935 2851 3005 παρῃτήσατο.
2882 2929 2955 2990 Ἦ
2998 2937 3105 3011 γάρ
3147 2939 3214 2993 ἂν
3244 2940 3503 3014 ένομίσθη
3568 2941 3638 2995 τὰ
3683 2958 3780 2996 πο-

535 3027 777 3082 maribus
823 3042 934 3080 non
982 3023 1225 3089 misceri,
1263 3025 1570 3095 voluptates
1630 3032 1827 3096 praeter
1853 3032 2108 3079 naturam

2210 3021 2371 3092 λέμια
2401 3024 2589 3078 Mutat!
2630 3024 3024 3095 διατάττεσθαι,
3071 3029 3213 3085 οὕτω
3274 3049 3333 3085 τε
3372 3031 3438 3087 ἂν
3480 3033 3573 3088 καὶ
3635 3051 3780 3108 trap-

533 3133 647 3173 uou
701 3117 922 3182 sectari,
979 3125 1033 3172 et
1082 3116 1409 3187 supplicium
1465 3115 1661 3172 mortis
1704 3116 1795 3178 iis.
1845 3113 1941 3187 qui
1996 3130 2107 3171 non

2210 3114 2338 3199 ἐσχε
2388 3116 2485 3188 τῆς
2540 3117 2678 3172 κατά
2720 3120 2965 3184 Μωσέως
3015 3114 3109 3176 καῖ
3157 3123 3266 3178 τῶν
3319 3129 3613 3200 προφητῶν
3666 3130 3781 3194 τοῖς

533 3213 1035 3283 obtemperassent,
1070 3181 1317 3280 adj-u—uxit
1344 3226 1357 3262 :
1388 3223 1490 3280 ego
1523 3216 1702 3264 autem
1751 3181 1904 3264 meos
1938 3207 2107 3264 disci-

2212 3181 2392 3271 ἀθέοις
2441 3181 2793 3281 ἀίρεσιώταις
2841 3181 3096 3285 πλείστης
3139 3181 3453 3289 δυσφημίας
3491 3181 3777 3285 ⁵ὑπόθεσιν,

535 3306 694 3377 pulos
735 3305 859 3360 volo
908 3318 976 3359 ne
1023 3300 1223 3356 intueri
1263 3300 1481 3370 quidem
1523 3300 1804 3355 mulierem
1851 3313 1977 3354 cum
2013 3314 2108 3369 pe-

2212 3298 2323 3361 τοῖς
2371 3314 2431 3350 τε
2478 3300 2543 3352 ὲκ
2591 3302 2890 3374 περιτομῆς
2922 3303 3141 3374 εὔλογον
3186 3308 3285 3379 τῆς
3329 3312 3448 3365 κατ’
3480 3314 3642 3368 αὐτοῦ
3686 3333 3780 3371 συ-

540 3395 741 3450 tulanti
790 3392 1103 3464 cupiditate.
1150 3388 1218 3444 Et
1248 3403 1443 3445 rursus
1477 3407 1490 3444 :
1534 3388 1629 3445 llle
1667 3388 1886 3460 quidem
1926 3387 2104 3442 dixit:

2214 3389 2410 3460 σκευῆς
2434 3391 2631 3457 αἰτίαν,
2659 3393 2710 3445 οἳ
2739 3392 2823 3464 δὴ,
2849 3394 2924 3458 ὡς
2954 3396 3242 3473 παραϐάτῃ
3271 3402 3365 3454 uel
3386 3402 3661 3476 ἀποστάτῃ
3683 3405 3777 3460 τοῦ

541 3500 563 3540 ι
601 3486 720 3542 Non
749 3484 1037 3557 pejerabis,
1068 3482 1165 3539 sed
1193 3482 1392 3538 reddes
1425 3479 1535 3537 Deo
1566 3495 1687 3551 quae
1717 3480 1935 3551 juratus
1986 3479 2105 3536 lue-

2212 3481 2398 3553 νόμου,
2445 3482 2542 3554 τὴν
2565 3484 2700 3557 πρὸς
2726 3485 2952 3542 θάνατον
2968 3491 3257 3566 ἐπιϐουλὴν
3284 3496 3432 3569 αὐτῷ
3457 3501 3781 3556 συνεσκευά-

534 3580 614 3637 ris
659 3597 675 3636 :
721 3594 820 3650 ego
849 3586 1027 3633 autem
1055 3576 1180 3631 dico
1208 3574 1384 3639 vobis,
1439 3589 1542 3630 non
1597 3572 1787 3644 jurare
1852 3572 2103 3636 omnino,
2216 3586 2396 3627 σαντο.
2843 3633 2851 3648 ι

535 3674 632 3731 sed
670 3674 775 3728 erit
811 3686 991 3729 sermo
1031 3680 1209 3725 vester
1250 3685 1264 3722 :
1304 3674 1408 3732 est,
1460 3673 1544 3723 est
1574 3685 1587 3722 :
1614 3681 1744 3732 non,
1795 3679 1905 3720 non
1930 3682 1941 3717 :
1971 3665 2115 3735 quod
2151 3674 2331 3721 autem
2372 3666 2459 3724 his
2493 3654 2858 3728 abundantius
2901 3682 3006 3740 est,
3057 3691 3087 3731 a
3118 3679 3259 3735 malo
3289 3691 3371 3737 est
3400 3682 3465 3737 ".
3503 3690 3524 3736 ι
3570 3682 3779 3742 Etrur.

535 3781 632 3823 sus
665 3785 677 3822 :
711 3767 802 3822 llle
854 3764 1072 3837 quidem
1117 3762 1347 3834 injurias
1394 3761 1629 3827 ulcisci,
1683 3768 1738 3817 et
1805 3758 2162 3817 inferentibus
2213 3761 2431 3817 easdem
2480 3762 2685 3822 referre
2744 3768 3069 3825 hortal'atur
3100 3810 3116 3834 ,
3165 3772 3352 3831 dicens
3406 3794 3421 3831 :
3486 3795 3508 3831 ι
3546 3777 3777 3839 Oculum

528 3878 632 3935 pro
656 3863 831 3929 oculo,
854 3870 907 3917 et
942 3861 1155 3917 dentem
1179 3874 1279 3930 pro
1297 3859 1490 3915 dente:
1540 3855 1767 3929 2&ch
1782 3863 1962 3911 autem
1982 3854 2107 3912 dico
2143 3857 2317 3923 vobis,
2379 3872 2485 3913 non
2546 3860 2803 3919 resistere
2865 3865 3027 3931 malo,
3064 3869 3158 3924 sed
3189 3870 3235 3926 si
3265 3873 3387 3942 quis
3409 3877 3462 3928 te
3490 3890 3778 3945 percusse-

534 3953 607 4011 rit
631 3955 687 4009 iu
714 3956 992 4010 dexteram
1025 3951 1300 4007 maxillam
1324 3952 1496 4012 tuam,
1525 3948 1829 4003 convertito
1848 3947 1915 4003 ad
1938 3948 2088 4002 illum
2127 3956 2182 4005 et
2211 3950 2434 4005 alteram
2465 3968 2477 4004 :
2506 3960 2561 4006 et
2607 3953 2701 4022 qui
2757 3955 2884 4010 velit
2924 3967 3100 4013 tecum
3163 3960 3367 4032 judicio
3417 3967 3770 4035 contendere,

532 4060 589 4106 et
621 4052 859 4105 tunicam
898 4056 1055 4118 tuam.
1085 4046 1298 4110 tollere,
1348 4043 1556 4099 dimitte
1611 4042 1660 4098 ei
1690 4049 1745 4098 et
1780 4041 2000 4113 pallium
2024 4042 2067 4074 ³⁷
2113 4061 2131 4094 ι
2177 4041 2242 4098 Et
2287 4057 2485 4098 rursus
2517 4061 2530 4097 :
2563 4043 2657 4101 llle
2698 4047 2916 4118 quidem
2974 4049 3202 4108 docebat
3237 4055 3473 4111 amicum
3522 4059 3772 4131 diligere,

531 4153 587 4202 et
610 4144 858 4199 inimicos
878 4139 1139 4197 insectari
1171 4138 1343 4195 odio:
1402 4152 1502 4208 ego
1560 4143 1738 4191 autem
1797 4150 1864 4191 ex
1916 4135 2245 4192 abundantia
2302 4136 2655 4195 humanitatis
2692 4148 2745 4195 et
2788 4141 3106 4208 clementiae,
3160 4152 3221 4199 ut
3266 4145 3518 4205 inimicos
3559 4160 3776 4208 vestros

534 4239 793 4311 diligatis,
828 4246 882 4293 ει
914 4252 1013 4309 pro
1054 4232 1505 4307 persequentibus
1544 4247 1640 4288 vos
1690 4233 1880 4297 oretis,
1924 4232 2096 4302 legem
2132 4231 2289 4287 vobis
2316 4245 2481 4303 pono,
2518 4249 2537 4284 ι
2574 4240 2635 4288 ιιι
2666 4235 2787 4290 sitis
2818 4235 2910 4290 lilii
2936 4233 3117 4292 Patris
3161 4241 3350 4308 vestri,
3395 4243 3489 4315 qui
3524 4244 3579 4298 in
3613 4245 3773 4299 caelis

535 4333 747 4403 est,qui
772 4332 938 4387 solem
956 4344 1115 4385 suum
1141 4329 1273 4383 oriri
1299 4327 1427 4383 facit
1447 4342 1609 4399 super
1627 4327 1798 4383 bonos
1820 4330 1875 4381 et
1923 4325 2115 4391 malos,
2150 4333 2203 4381 et
2236 4324 2371 4396 pluit
2399 4338 2561 4395 super
2584 4326 2763 4397 justos
2811 4334 2866 4383 et
2913 4327 3147 4400 injustas
3169 4330 3237 4389 ".
3275 4350 3295 4387 ι
3333 4333 3414 4389 Ad
3459 4335 3573 4391 haec
3622 4356 3636 4393 ε
3678 4338 3774 4394 me

502 4425 751 4498 quidem
781 4441 840 4482 se
869 4425 935 4479 ad
968 4426 1261 4479 multorum
1315 4423 1564 4479 duritiam
1621 4421 2082 4486 accommodabat,
2123 4426 2176 4476 et
2223 4421 2289 4477 iis
2336 4426 2482 4491 apta,
2518 4421 2608 4493 qui
2642 4424 3140 4493 perturbationibus
3191 4429 3335 4500 pleni
3373 4437 3577 4499 essent.
3632 4448 3773 4503 Dm-

536 4522 789 4595 cipiebat,
843 4526 1002 4592 atque
1046 4521 1386 4577 immutatum
1414 4519 1699 4589 quemdam
1734 4532 1764 4570 a
1812 4526 1995 4573 vetere
2022 4516 2134 4581 illo,
2175 4516 2595 4587 inferioremque
2624 4517 2901 4589 religionis
2933 4521 3150 4577 modum
3185 4523 3477 4582 tradebat:
3526 4541 3626 4598 ego
3669 4542 3772 4582 au-

535 4621 647 4671 tem
684 4615 749 4671 ad
782 4612 948 4685 pia'm,
1012 4613 1433 4685 religiosamque
1476 4613 1640 4667 vitam
1698 4627 1911 4676 eorum,
1966 4610 2056 4680 qui
2087 4609 2280 4680 priscis
2324 4609 2430 4665 illis
2474 4610 2803 4681 temporibus
2852 4621 3039 4670 sancte
3078 4615 3351 4683 vixerunt,
3401 4632 3596 4674 revoco
3648 4618 3773 4675 uni-

532 4726 741 4769 versos.
771 4710 1032 4781 Denique,
1060 4710 1150 4767 ille
1176 4709 1393 4782 quidem
1429 4717 1627 4765 terram
1650 4704 1906 4763 liuentem
1936 4707 2021 4763 lac
2069 4714 2124 4763 et
2160 4707 2289 4771 mel,
2340 4706 2496 4777 quasi
2550 4708 2787 4777 parvulis
2841 4711 3191 4780 promittebat
3236 4730 3251 4769 :
3309 4729 3412 4785 ego
3464 4720 3644 4771 autem
3699 4715 3770 4771 iis

535 4807 627 4879 qui
656 4818 851 4879 capere
881 4807 1109 4878 possint,
1141 4821 1367 4877 regnum
1409 4808 1630 4863 caeleste
1680 4802 1934 4859 concilio.
1962 4801 2088 4857 Haec
2127 4812 2290 4872 atque
2332 4802 2596 4873 ejusmodi
2629 4804 2754 4870 alia,
2808 4802 2944 4861 Novi
2983 4804 3318 4863 Testamenti
3351 4809 3507 4875 ratio,
3538 4809 3768 4866 docente

534 4901 774 4967 Christo,
809 4900 1061 4957 omnibus
1105 4901 1353 4974 gentibus
1403 4896 1691 4955 nuntiavit.
1728 4894 1795 4952 Et
1830 4898 1945 4952 haec
1976 4896 2093 4967 ipsa
2132 4903 2280 4961 sunt,
2331 4911 2452 4967 quae
2507 4912 2636 4954 suos
2686 4898 2987 4969 discipulos
3020 4899 3270 4957 Christus
3309 4899 3423 4968 Del,
3477 4910 3538 4956 ut
3585 4901 3769 4957 omnis

535 4994 640 5051 bus
666 4995 915 5066 gentibus
941 4997 1270 5061 nuntiarent,
1302 4996 1622 5051 hortabatur
1667 4994 1857 5049 dicens
1911 5011 1923 5047 :
1973 5009 1992 5043 ι
2050 4989 2255 5048 Euntes
2307 4991 2651 5062 disciplinam
2703 5002 2939 5050 vestram
2978 4995 3176 5051 tradite
3214 4996 3464 5053 omnibus
3488 4998 3765 5068 gentibus,

535 5086 795 5143 docentes
846 5100 940 5143 eas
986 5101 1201 5144 scrvare
1240 5088 1453 5153 omnia,
1501 5102 1836 5159 quaecunque
1877 5084 2108 5155 praecepi
2148 5085 2300 5141 vobis
2347 5087 2414 5139 θ’.
2455 5105 2473 5140 ι
2508 5085 2639 5153 Qua:
2665 5087 2828 5143 etiam
2857 5089 3069 5147 cunctis
3101 5087 3432 5155 hominibus,
3471 5097 3579 5144 tam
3632 5089 3764 5146 bar-

536 5180 685 5236 baris
725 5196 883 5252 quam
915 5180 1115 5238 Graecis
1145 5197 1267 5237 cum
1312 5179 1649 5239 observanda
1688 5180 1942 5244 traderet,
1986 5177 2145 5247 plane
2191 5177 2450 5248 quidnam
2491 5177 2565 5233 sit
2606 5177 3059 5235 Christianismus
3114 5182 3368 5248 ostendit,
3426 5193 3477 5239 et
3538 5182 3762 5255 quinam

537 5278 709 5333 simus
747 5292 867 5342 nos,
906 5286 960 5333 et
996 5275 1303 5347 cujusmodi
1353 5275 1539 5329 talium
1591 5287 1900 5329 sermonum
1956 5287 2020 5327 ac
2075 5270 2482 5342 disciplinarum
2528 5273 2810 5344 magister,
2871 5290 2986 5345 ipse
3022 5277 3209 5348 utique
3247 5278 3499 5333 Salvator
3552 5285 3607 5334 et
3653 5277 3760 5332 Do-

535 5368 718 5423 minus
751 5375 934 5424 noster
993 5366 1172 5434 Jesus,
1213 5368 1306 5437 qui
1348 5364 1598 5423 Christus
1654 5375 1737 5423 est
1793 5365 1906 5432 Dei,
1955 5365 2047 5437 qui
2091 5380 2285 5421 novam
2336 5366 2477 5422 hanc
2501 5374 2558 5422 et
2586 5381 2775 5421 omnes
2796 5368 3093 5438 amplexam
3122 5371 3348 5426 virtutes
3367 5371 3758 5443 rempublicam

460 5534 461 5539 η
537 5460 594 5516 in
641 5469 754 5516 toto
794 5461 927 5518 orbe
976 5460 1278 5526 constituit,
1309 5458 1443 5514 adeo
1485 5457 1722 5530 quidem,
1753 5466 1814 5513 ut
1843 5457 1973 5513 talia
2022 5456 2254 5523 discere,
2284 5456 2785 5528 pbilosopharique,
2848 5466 2958 5514 tam
2990 5458 3204 5517 feminae
3254 5477 3417 5533 quam
3468 5464 3593 5530 viri,
3644 5471 3757 5520 tam

539 5567 799 5625 pauperes
841 5568 1005 5624 quam
1049 5552 1265 5619 divites,
1318 5558 1427 5607 tam
1479 5551 1623 5607 Servi
1664 5565 1825 5622 quam
1883 5550 2090 5609 domini
2133 5550 2366 5625 possint.
2408 5547 2473 5603 Et
2511 5558 2693 5605 tamen
2735 5565 2890 5609 nove
2937 5552 3166 5624 hujusce
3202 5555 3336 5626 legis
3390 5554 3754 5625 introductor,

606 5738 654 5769 "
677 5736 969 5809 Exod._xx,
992 5733 1052 5809 7;
1086 5717 1264 5809 Levi}.
1285 5750 1396 5809 xix,
1420 5733 1504 5809 l2;
1539 5708 1781 5809 ρρυῑςν,
1811 5733 1916 5809 ll_;
1941 5732 2429 5809 blatth1v,_55-37.
2491 5735 2535 5765 ³⁷
2565 5733 2737 5809 Exod.
2774 5752 2885 5801 xxi,
2913 5737 3018 5804 24;
3072 5737 3240 5794 chit.
3275 5754 3400 5792 xxiv
3420 5780 3434 5806 ,
3465 5739 3563 5809 20;
3592 5740 3745 5797 Deut.

582 5823 654 5874 rx,
706 5808 815 5873 2t;
858 5805 1042 5861 Matth.
1103 5822 1158 5873 v,
1202 5805 1386 5860 58-40.
1462 5805 1507 5885 _"
1539 5803 1726 5859 Matth.
1755 5822 1808 5871 v,
1846 5804 1935 5860 45.
1988 5804 2057 5873 ,θ’
2098 5801 2286 5858 Matth.
2323 5819 2516 5865 xxvtu.
2558 5805 2733 5861 {9.20.

2894 5906 2977 5919 ,μ’
