4106 6448
258 5824 271 5861 3

265 5860 287 5926 3

374 416 439 473 69
1289 412 1940 472 DEMONSTRATIONIS
1981 412 2441 471 EVANGELICAZ
2482 416 2615 473 LIB.
2659 418 2697 472 Ι.
3547 422 3615 481 70

372 551 631 610 tanquam
667 539 715 594 is
753 536 845 609 qui
894 536 948 591 in
988 537 1134 591 omni
1165 535 1270 591 vita
1304 538 1478 608 legem
1526 535 1691 591 Mosis
1747 535 2066 599 servaverit,
2121 534 2469 593 introductus
2524 545 2608 593 est
2666 557 2678 593 :
2716 539 2863 610 quod
2923 553 3056 596 sane
3115 539 3294 613 ipsum
3354 543 3615 608 admirari
3646 514 3669 607 ί

370 651 549 709 opem
569 635 799 707 pretium
822 634 1036 705 est,qui
1061 630 1308 689 videlicet
1335 631 1448 688 ﬁeri
1477 631 1670 704 possit,
1700 640 1760 685 ut
1783 647 1935 687 nova:
1971 631 2200 687 rationis
2229 638 2282 687 et
2322 633 2456 703 legis
2490 640 2683 688 auctor
2724 632 2961 701 futurus,
3007 633 3142 691 Novi
3188 637 3376 708 utique
3431 624 3651 709 Testa-F

370 731 535 785 menti
569 744 662 806 per
685 728 1058 811 Erangelium,
1084 727 1721 809 uolitanquamﬁinirnica
1745 736 1801 783 et
1828 727 2121 807 contraria
2158 742 2241 793 ea,
2292 744 2415 799 quae
2459 744 2489 782 a
2524 728 2672 785 Mose
2711 731 2910 786 tradita
2954 724 3119 801 sunt,
3146 732 3481 790 recusaverit
3544 702 3641 811 Si?
3698 744 3811 811 ΜΓ.

369 821 513 899 enim
549 822 651 876 hoc
682 810 923 887 nassa:
954 806 1068 892 ipse
1111 822 1354 877 vicissim
1394 814 1530 876 Mos'i
1585 802 2207 878 adversaﬂexis‘timatus
2255 830 2400 877 esset
2440 824 2757 893 praecipere,
2810 808 2907 879 ex"
2944 836 3052 896 quo
3105 827 3286 897 impiis
3322 796 3663 898 impiarumi:J
3740 806 3745 839 δ

370 924 640 972 sectarum
682 918 994 972 auctoribus
1039 924 1231 970 contra
1279 915 1481 973 Mosem
1525 925 1579 972 et
1629 916 1942 987 prophetas,
1993 915 2407 972 obtrectationis
2444 915 2551 986 25
2617 924 2672 972 et
2712 917 3104 974 maledicentia:
3151 920 3438 990 plurimam
3472 933 3611 991 pra-

369 1007 575 1065 buisset
605 1011 909 1074 materiam,
965 1009 1035 1065 iis
1086 1015 1267 1064 autem
1316 1008 1409 1079 qui
1446 1025 1512 1065 ex
1556 1009 1975 1065 circumcisione
2037 1016 2163 1065 sunt
2208 1009 2634 1079 conspirationis
2681 1017 2869 1064 contra
2913 1026 2972 1066 se
3010 1012 3215 1082 justam
3263 1020 3317 1068 et
3358 1012 3611 1083 probabi-

369 1099 472 1156 lem
502 1116 745 1167 causam,
769 1103 862 1172 qui
894 1103 1080 1173 utique
1116 1101 1187 1169 ei,
1218 1103 1376 1173 quasi
1399 1104 1493 1175 qui
1523 1113 1712 1159 contra
1759 1103 1930 1174 legem
1969 1101 2191 1170 faceret,
2231 1110 2395 1174 atque
2432 1102 2501 1157 ab
2553 1118 2616 1159 ea
2651 1102 2929 1171 deﬁceret,
2975 1105 3204 1163 insidias
3244 1107 3313 1161 ad
3364 1105 3605 1163 inferen-

366 1197 489 1252 dam
518 1210 706 1251 necem
734 1202 1177 1252 construxerunt.

889 1315 1282 1370 ΚΕΦΑΔᾹῙΟΝ
1331 1318 1409 1371 Z‘.‘

2624 1305 2854 1363 CAPUT
2884 1305 3000 1362 VII.

362 1406 495 1473 Πῶς
510 1410 543 1461 ὀ
557 1406 827 1475 Χριστὸς,
855 1412 928 1460 τὰ
958 1407 1117 1474 παρὰ
1139 1407 1344 1461 Μωσεῖ
1377 1406 1675 1475 πρότερον,
1696 1401 1902 1458 sum

2032 1400 2307 1471 Quomodo
2329 1397 2594 1475 Christus,
2622 1409 2901 1475 postquam
2934 1414 2997 1452 ea
3024 1415 3141 1475 quis
3173 1418 3206 1475 α
3225 1398 3375 1475 Moss
3404 1406 3606 1461 tradita

430 1469 566 1543 σας,
597 1469 818 1546 καινῆς
846 1477 945 1531 καὶ
973 1469 1116 1545 νέας
1144 1469 1506 1549 εὶσαγωτέὺς
1543 1469 1799 1543 κατέστη
1827 1491 1905 1527 :to

2057 1469 2068 1471 ἡ
2102 1483 2248 1549 sunt,
2284 1470 2435 1539 rlene
2456 1469 2766 1549 observavit,
2818 1486 2966 1523 nocte
3010 1473 3230 1526 rationis
3268 1484 3317 1528 et
3355 1473 3483 1546 legis
3521 1478 3605 1532 in-

428 1540 674 1615 λιτείας.
766 1540 807 1546 ”
1092 1540 1105 1545 ’
1291 1540 1304 1549 ’
1374 1540 1387 1548 ⁷
1480 1540 1496 1544 ⁷
1785 1540 1796 1543 ⁷

2101 1541 2372 1597 traductor
2401 1540 2629 1594 exstitit.

425 1663 562 1716 Νυνὶ
597 1662 655 1717 δὲ
694 1662 872 1716 πάντα
911 1663 1050 1715 κατὰ
1076 1661 1164 1715 τὸν
1226 1659 1466 1726 Μωσέως
1507 1660 1669 1732 νόμον
1704 1657 1897 1713 πεπολι

2097 1653 2254 1709 Nunc
2283 1663 2463 1707 autem
2486 1659 2775 1723 postquam
2807 1652 2865 1707 iu
2898 1654 3050 1708 omni
3088 1655 3199 1709 vita
3232 1653 3399 1711 Mosis
3428 1654 3604 1727 legem

355 1756 637 1826 τευμένος,
669 1757 781 1818 τοῖς
814 1753 1129 1818 ἀποστόλοις
1153 1752 1317 1806 αὐτοῦ
1373 1752 1635 1825 κέχρηται
1663 1752 1905 1807 διακόνοις

2027 1745 2426 1817 comprobavit,
2457 1745 2723 1815 apostolis
2751 1747 2870 1802 suis
2905 1761 3042 1802 usus
3062 1754 3148 1801 est
3182 1756 3337 1803 notae
3382 1764 3494 1804 suae
3522 1750 3604 1806 le-

356 1849 456 1918 τῆς
484 1847 677 1917 καινῆς
705 1847 867 1901 αὑτοῦ
900 1846 1235 1918 νομοθεσίας
1272 1846 1404 1917 ὁμοῦ
1433 1846 1530 1917 μὲν
1558 1846 1652 1900 καὶ
1679 1844 1748 1899 τὰ
1798 1847 1927 1899 Μω-

358 1937 496 2001 σέως
515 1936 615 1989 οὐκ
639 1936 912 2008 ἀλλότρια,
940 1937 1047 1990 οὐδ’
1070 1936 1239 2008 ἐχθρά
1256 1936 1356 2006 τῆς
1387 1937 1593 2001 οἰκείας
1618 1935 1926 2001 θεοσεϐείας

356 2030 602 2101 ἡγεῖσθαι
630 2029 740 2084 δεῖν
767 2030 998 2097 διδάξας·
1034 2030 1167 2101 ὁμοῦ
1189 2030 1245 2083 δὲ
1271 2031 1363 2083 καὶ
1390 2030 1670 2101 αὐθέντης,
1704 2030 1796 2083 καὶ
1814 2032 1924 2083 εἰσ-

352 2123 565 2194 ηγητὴς
601 2122 724 2186 νέας
766 2124 860 2177 καὶ
906 2123 1169 2195 σωτηρίου
1205 2123 1367 2176 πᾶσιν
1411 2121 1715 2193 ἀνθρώποις
1754 2138 1921 2174 κατα-

356 2216 487 2279 στὰς
509 2216 846 2287 νομοθεσίας
862 2217 937 2279 ὡς
961 2214 1222 2286 μηδαμῶς
1243 2217 1322 2278 είς
1344 2214 1412 2267 τὰ
1458 2215 1645 2267 Μωσεῖ
1665 2211 1922 2266 δοκοῦντα

353 2309 735 2379 παρανομῆσαι
767 2306 948 2370 αὐτὸν,
977 2306 1127 2369 τέλος
1156 2307 1199 2359 δ’
1233 2307 1458 2368 ἐκείνοις
1488 2304 1753 2357 ἐπιθεῖναι
1789 2303 1922 2373 πρό-

349 2417 526 2472 τερον,
557 2401 651 2454 καὶ
681 2384 969 2471 πληρωτὴν
991 2399 1169 2451 αὐτῶν
1196 2398 1466 2466 γενέσθαι,
1494 2399 1586 2451 καὶ
1599 2397 1770 2462 οὕτως
1791 2397 1918 2468 περὶ

349 2490 447 2558 τὴν
473 2489 758 2543 αὐθεντίαν
785 2488 880 2541 τοῦ
941 2488 1082 2541 κατά
1122 2489 1181 2542 τὸ
1225 2488 1552 2558 Εὐαγγέλιον
1589 2488 1751 2559 νόμου
1781 2505 1920 2559 παρ-

349 2580 687 2651 εληλυθέναι.
710 2581 819 2634 Καὶ
843 2581 1030 2634 τοῦτον
1041 2582 1327 2636 ἀκουστέον
1355 2581 1516 2635 αὐτοῦ
1543 2582 1788 2651 λέγοντος
1826 2580 1915 2634 τὸν

348 2674 570 2747 τρόπον·
609 2693 628 2725 ι
658 2675 771 2727 Ούκ
799 2670 961 2745 ἦλθον
982 2673 1280 2728 καταλῦσαι
1298 2673 1389 2727 τὸν
1416 2673 1599 2744 νόμον,
1620 2666 1756 2727 ἀλλά
1779 2672 1915 2743 πλη-

2024 1839 2110 1910 gis
2146 1836 2510 1904 administris,
2548 1836 2606 1890 in
2639 1837 2744 1892 hoc
2786 1838 2878 1893 ille
2917 1838 3139 1909 quidem
3199 1840 3363 1896 simul
3400 1840 3605 1900 docens

2024 1945 2087 1985 ea
2120 1945 2242 2000 qua:
2280 1945 2312 1983 a
2342 1928 2490 1985 Mose
2522 1926 2723 1982 tradita
2763 1939 2915 1995 sunt,
2969 1945 3071 1985 nec
3127 1945 3159 1985 a
3206 1946 3306 1986 sua
3344 1928 3605 2005 religione

2024 2021 2397 2086 abhorrentia,
2416 2035 2519 2075 nec
2546 2020 2722 2075 eidem
2748 2020 2970 2075 inimica
2986 2021 3298 2079 existimare
3326 2033 3602 2095 opm-tere,

2023 2120 2077 2169 et
2107 2113 2270 2169 simul
2312 2122 2591 2167 auctorem
2644 2127 2704 2167 se
2762 2120 2927 2184 atque
2982 2110 3414 2173 introductorem
3446 2132 3603 2173 nova:

2022 2214 2076 2262 et
2104 2206 2660 2283 cunctishominibus
2704 2206 2964 2263 salutaris
3012 2207 3168 2281 legis,
3205 2210 3595 2269 constituens:

2021 2304 2083 2354 ut
2110 2300 2258 2354 nullo
2292 2286 2452 2369 pacto
2486 2288 2595 2353 dici
2622 2299 3095 2370 possitquidpiam
3148 2300 3300 2356 illum
3337 2300 3602 2361 adi'ersus

2019 2390 2189 2446 Mosis
2222 2391 2369 2460 leges
2399 2398 2493 2445 aut
2518 2390 2742 2445 decreta
2773 2390 3003 2446 fecisse:
3030 2391 3164 2462 quin
3214 2392 3398 2463 potius
3435 2392 3599 2450 linem

2021 2481 2131 2537 illis
2147 2481 2659 2552 priusimposuisse,
2680 2482 2977 2553 eademque
2993 2482 3231 2553 perfecte
3252 2474 3599 2552 observasse,

2017 2583 2073 2630 et
2100 2575 2180 2629 sic
2211 2574 2280 2628 ad
2323 2574 2726 2630 institutionem
2759 2576 3087 2645 evangelicae
3122 2575 3259 2647 legis
3286 2578 3593 2634 tran'siisse.

2022 2663 2089 2719 Et
2118 2665 2210 2735 qui
2245 2666 2466 2721 modum
2492 2666 2711 2738 quidem
2744 2665 2894 2722 hunc
2940 2669 3009 2723 ab
3068 2667 3190 2739 ipso
3248 2669 3596 2725 obSen-atum

351 2763 543 2836 ρῶσαι.
577 2784 596 2815 ι
620 2764 683 2816 Ei
713 2764 811 2835 μὲν
840 2763 947 2835 γὰρ
976 2762 1297 2833 παραϐάτης
1358 2762 1450 2816 τοῦ
1480 2763 1722 2825 Μωσέως
1753 2762 1905 2833 νόμοι

2021 2758 2191 2823 dicat,
2227 2773 2339 2813 non
2366 2759 2507 2813 alius
2549 2758 2855 2815 audiendus
2900 2768 2984 2816 est
3038 2774 3200 2829 quam
3261 2757 3399 2829 ipse.
3427 2778 3445 2811 ι
3477 2757 3595 2816 Non

348 2854 603 2926 κατέστη,
634 2854 738 2908 κᾶν
767 2854 1000 2922 εὐλόγως
1027 2851 1285 2924 ἐνομίσθη
1323 2851 1469 2905 λύειν
1497 2851 1655 2905 αὑτὸν
1684 2852 1777 2905 καὶ
1807 2869 1913 2905 πα-

348 2951 621 3020 ρανομεῖνο
648 2946 851 3018 φαῦλος
873 2946 931 3000 δέ
954 2963 1038 3010 τις
1063 2946 1157 3000 καὶ
1179 2945 1491 3017 παράνομος
1516 2944 1793 3013 πεφυκὼς,
1815 2945 1914 2999 οὐκ

345 3038 410 3092 ἂν
453 3037 743 3109 ἐπιστεύθη
787 3037 948 3100 αὐτὸς
984 3032 1120 3091 εἶναι
1164 3039 1193 3090 6
1235 3036 1482 3109 Χριστός.
1540 3035 1699 3090 Λύων
1743 3036 1800 3090 δὲ
1844 3036 1915 3091 τά

343 3132 609 3196 Μωσέως,
646 3131 763 3196 πῶς
822 3131 888 3185 ἂν
926 3130 1183 3202 ἐνομίσθη
1212 3130 1371 3193 αὐτὸς
1414 3129 1699 3201 ὑπάρχειν,
1738 3131 1767 3181 ὸ
1808 3129 1912 3184 ὑπὸ

343 3224 584 3287 Μωσέως
600 3223 695 3276 καὶ
724 3221 830 3275 τῶν
860 3221 1149 3293 προφητῶν
1166 3220 1632 3292 κατηγγελμένος;
1652 3221 1770 3286 πῶς
1787 3222 1829 3274 δ’
1845 3222 1911 3278 ἂν

343 3315 500 3387 ἔσχεν
533 3316 593 3370 τὸ
615 3317 922 3383 ἀξιόπιστον
944 3314 1137 3385 καινῆς
1165 3314 1508 3386 νομοθεσίας;
1538 3313 1683 3380 ἔδοξε
1712 3314 1820 3386 γὰρ
1845 3316 1911 3369 ἂν

339 3408 563 3473 είκότως
606 3410 706 3480 τῆς
736 3407 1078 3481 παρανομίας
1113 3407 1271 3479 χάριν
1308 3408 1400 3461 ἐπὶ
1434 3407 1534 3480 τὴν
1564 3408 1909 3479 καινοτομίαν

339 3503 674 3574 ἐληλυθέναι,
706 3501 921 3571 φεύγων
949 3500 1048 3573 τὴν
1079 3502 1172 3555 ἐπὶ
1198 3502 1319 3564 ταῖς
1347 3500 1710 3572 παρανομίαις
1733 3517 1905 3572 τιμω-

343 3593 484 3666 ρίαν.
512 3592 629 3647 Νὗν
648 3593 705 3645 δὲ
732 3593 898 3665 μηδὲν
929 3591 1194 3664 μηδαμῶς
1216 3591 1325 3647 τῶν
1349 3593 1406 3645 ἐν
1432 3591 1512 3663 τῷ
1542 3593 1693 3663 νόμῳ
1718 3591 1903 3655 λύσας,

341 3685 634 3757 πληρωτὴς
675 3685 720 3739 δ’
748 3684 924 3739 αὐτῶν
962 3684 1284 3755 γενόμενος,
1322 3684 1417 3738 καὶ
1452 3683 1689 3747 τέλειος,
1730 3682 1806 3746 ὡς
1841 3681 1908 3736 ἄν

335 3796 422 3843 τις
433 3778 593 3842 εἴποι,
616 3778 752 3832 κατὰ
766 3778 986 3843 Μωσέα,
1015 3779 1135 3833 ἐπεὶ
1163 3776 1358 3848 μηκέτι
1377 3778 1488 3838 τοῖς
1514 3775 1716 3837 λοιποῖς
1732 3773 1906 3829 ἔθνεσι

335 3870 555 3925 δυνατὸν
580 3864 646 3941 ῆν
664 3868 990 3940 ἐφαρμόζειν
1012 3868 1080 3923 τά
1103 3868 1251 3940 παρά
1273 3866 1457 3920 Μωσεῖ
1482 3867 1686 3938 νόμιμα
1701 3865 1787 3920 διὰ
1807 3866 1907 3931 τὰς

338 3960 773 4034 προδηλωθείσας
811 3961 987 4024 αἰτίας
1021 3960 1182 4031 (χρῆν
1232 3958 1288 4011 δὲ
1320 3958 1490 4029 δήπου
1529 3957 1906 4030 φιλανθρωπίᾳ

337 4056 431 4109 τοῦ
472 4054 785 4125 παναγάθου
829 4053 938 4108 τῶν
976 4054 1113 4108 ὅλων
1154 4052 1288 4107 Θεοῦ
1338 4051 1543 4115 πάντας
1588 4050 1904 4122 ἀνθρώπους

2022 2852 2169 2917 veni,
2198 2851 2399 2921 inquit,
2437 2849 2688 2907 scindere
2719 2851 2912 2922 legem,
2940 2849 3035 2906 sed
3065 2850 3338 2919 complere
3380 2851 3419 2905 ¹.
3456 2870 3475 2904 ι
3510 2851 3600 2937 Et—l

2021 2944 2170 2999 enim
2203 2944 2250 2998 si
2275 2951 2623 3014 contemptor
2647 2941 2813 3000 Mosis
2841 2943 2975 3014 legis
3001 2942 3322 3008 exstitisset,
3345 2943 3595 3014 quamVis

2021 3035 2169 3090 illam
2202 3034 2545 3091 existimatus
2577 3043 2723 3091 esset
2757 3035 3110 3106 probabiliter
3154 3034 3425 3101 scindere,
3456 3050 3593 3091 con-

2021 3135 2214 3198 traque
2246 3141 2365 3182 eam
2399 3126 2580 3183 facere
2610 3144 2624 3181 :
2660 3127 2960 3198 improbam
2989 3136 3172 3183 tamen
3204 3127 3516 3203 quamdam,
3538 3137 3594 3183 et

2020 3234 2052 3274 a
2082 3220 2295 3291 legibus
2327 3219 2561 3275 alienam
2594 3230 2846 3276 naturam
2873 3232 2985 3290 prae
3011 3234 3070 3275 se
3108 3219 3311 3285 ferens,
3338 3219 3592 3278 Christus

2018 3325 2142 3366 esse
2176 3310 2419 3366 creditus
2462 3325 2573 3366 non
2608 3325 2774 3367 esset.
2826 3308 2998 3364 Porro
3042 3317 3223 3365 autem
3272 3310 3591 3379 rescindens

2018 3415 2083 3456 ea
2107 3417 2228 3472 quae
2250 3416 2281 3456 a
2316 3400 2467 3459 Mose
2498 3401 2675 3473 posita
2701 3407 2849 3467 sunt,
2880 3399 3153 3473 quomodo
3181 3401 3449 3472 potuiSset
3474 3401 3592 3475 exig'

2018 3494 2229 3551 stimari
2265 3494 2314 3549 is
2340 3509 2486 3559 esse,
2525 3508 2685 3566 quem
2716 3493 2959 3549 futurum
3004 3493 3181 3550 Moses
3229 3501 3282 3548 et
3313 3493 3591 3571 prophetae

2013 3587 2401 3643 nuntiassent?
2424 3586 2699 3658 quomodo
2737 3594 2918 3642 autem
2948 3588 3106 3645 novis
3130 3586 3342 3658 legibus
3379 3598 3592 3687 ponen1

2015 3678 2103 3735 dis
2127 3679 2504 3735 auctoritatem
2532 3678 2852 3735 habuisset?
2885 3680 3084 3736 merito
3121 3680 3266 3736 enim
3297 3678 3465 3735 videri
3488 3678 3587 3750 po-'

2014 3772 2231 3836 tuisset,
2263 3770 2587 3842 derogandte
2616 3770 2752 3842 legis
2783 3772 2981 3842 gratia,
3018 3771 3086 3826 ad
3119 3771 3467 3827 novationem
3493 3785 3589 3828 re-

2014 3880 2139 3921 rum
2186 3864 2423 3931 venisse,
2452 3870 2532 3930 _ut
2590 3864 2937 3928 delictorum,
2988 3877 3110 3933 quae
3161 3868 3354 3917 contra
3408 3861 3583 3932 legem

2014 3956 2411 4024 commisisset,
2477 3956 2802 4026 supplicium
2855 3953 3130 4010 evaderet.
3190 3952 3345 4009 Nunc
3398 3961 3581 4009 autem

2013 4050 2151 4105 nihil
2180 4050 2249 4106 de
2275 4049 2391 4119 lege
2420 4048 2643 4104 omnino
2672 4047 2964 4118 derogans,
3000 4054 3054 4101 et
3086 4036 3251 4116 plene
3283 4060 3405 4116 quae
3437 4045 3492 4099 in
3516 4059 3580 4099 ea

340 4150 599 4221 σωθῆναι,
630 4149 724 4203 καὶ
754 4151 832 4212 είς
867 4148 1157 4217 ἐπίγνωσιν
1181 4145 1437 4218 ἀληθείας
1462 4142 1676 4216 ἐλθεῖν),
1714 4142 1784 4196 τά
1805 4160 1905 4198 κα-

2011 4144 2362 4199 continentur
2400 4156 2647 4204 servans,
2688 4146 2873 4209 atque,
2905 4145 2964 4193 ut
2996 4133 3076 4194 Sic
3095 4137 3296 4202 dicam,
3331 4134 3400 4191 ad
3421 4150 3581 4209 regu-

336 4242 574 4314 τάλληλα
598 4243 690 4295 καὶ
722 4240 954 4313 ἁρμόδια
995 4242 1107 4304 τοῖς
1136 4240 1301 4292 πᾶσιν
1348 4235 1733 4309 ἐνομοθέτησεν
1756 4252 1770 4267 ·
1806 4237 1905 4290 οὐκ

333 4336 400 4392 ἂν
423 4336 694 4406 φθονήσας
719 4335 813 4389 καὶ
865 4332 936 4387 τὰ
960 4331 1207 4395 Μωσέως
1234 4330 1323 4385 διὰ
1347 4330 1457 4384 τῶν
1480 4328 1789 4383 ἀποστόλων
1807 4329 1904 4382 αὐ-

334 4429 428 4484 τοῦ
460 4432 624 4484 πᾶσιν
648 4426 954 4499 ἀνθρώποις
984 4423 1361 4494 καταγγείλαι,
1395 4423 1443 4476 εἰ
1470 4421 1544 4495 μὴ
1564 4422 1625 4481 τὸ
1647 4421 1902 4476 ἀδύνατον

333 4521 582 4594 ἐμποδὼν
608 4518 697 4595 ἦν,
729 4521 803 4584 ὡς
831 4519 1067 4573 διδάσκει
1090 4516 1261 4586 λέγων
1295 4515 1629 4579 Ἀπόστολος’
1655 4531 1674 4565 t
1701 4514 1774 4567 T6
1792 4513 1902 4585 γὰρ

334 4613 589 4667 ἀδύνατον
618 4612 711 4666 τοῦ
738 4612 923 4683 νόμου,
957 4612 1014 4664 ἐν
1039 4603 1083 4677 ᾧ
1112 4607 1344 4678 ἠσθένει,
1378 4607 1407 4660 6
1433 4606 1564 4669 Θεὸς
1590 4605 1679 4659 τὸν
1708 4604 1898 4658 ἑαυτοῦ

306 4752 311 4761 .
335 4703 461 4759 Υῑδν
481 4704 699 4776 πέμψας
723 4707 779 4758 ἐν
800 4701 1104 4774 ὁμοιώματι
1129 4700 1328 4773 σαρκὸς
1348 4697 1639 4770 ἁμαρτίας,
1664 4716 1683 4748 ι
1710 4696 1805 4751 καὶ⁸
1830 4696 1898 4751 τὰ

331 4795 475 4869 ἑξῆς.
522 4796 801 4852 Ἀδύνατον
836 4796 893 4849 δὲ
930 4796 1063 4849 πᾶσι
1095 4794 1263 4866 δήπου
1295 4794 1405 4855 τοῖς
1432 4792 1637 4844 ἔθνεσιν
1665 4789 1897 4862 ὑπάρχει

330 4889 452 4961 τρὶς
497 4887 591 4943 τοῦ
625 4890 774 4954 ἔτους
808 4889 1053 4960 ἁπαντᾷν
1101 4888 1180 4950 είς
1233 4883 1574 4954 Ἱεροσόλυμα
1620 4882 1763 4935 κατά
1805 4882 1897 4935 τὸν

331 4981 575 5044 Μωσέως
594 4982 775 5052 νόμον,
801 4981 895 5035 καὶ
937 4979 1044 5034 ἀπὸ
1068 4977 1176 5032 τῶν
1195 4976 1444 5048 περάτων
1458 4975 1555 5044 τῆς
1577 4974 1896 5044 οἰκουμένης

328 5073 426 5147 τὴν
454 5074 562 5127 ἀπὸ
589 5072 776 5143 λέχους
805 5074 1038 5142 γυναῖκα
1071 5071 1340 5134 σπεύδειν,
1370 5066 1657 5122 αὐτόθι.τά
1689 5065 1895 5138 καθάρο

331 5183 420 5223 σια
449 5161 880 5237 ἀποθησομένηνέ
916 5166 1007 5218 καὶ
1038 5164 1172 5219 ἄλλα
1201 5162 1388 5236 μυρία,
1422 5160 1458 5215 ἃ
1490 5160 1585 5214 καὶ
1615 5158 1789 5230 ἐαυτῷ
1811 5176 1895 5223 τις

327 5260 421 5314 ἐπὶ
442 5258 638 5331 σχολῆς
664 5254 979 5322 ἀναλέξαιτο
1006 5256 1090 5313 ἄν.
1131 5255 1344 5328 Ἐπειδὴ
1369 5253 1547 5308 τοίνυν
1574 5251 1741 5307 ταῦτα
1771 5252 1891 5305 οὐδὲ

331 5353 675 5425 βουλομένοις
710 5348 907 5405 δυνατὰ
937 5345 1005 5422 ῆν
1049 5352 1159 5412 τοῖς
1191 5348 1594 5421 ἀπῳκισμένοις
1618 5346 1717 5418 τῆς
1760 5347 1889 5400 ’1ου-

324 5443 480 5508 δαίας
528 5443 702 5520 ἔθνεσι
749 5441 1054 5513 φυλάττειν,
1095 5440 1317 5504 εἰκότως
1367 5438 1528 5512 μηδὲν
1575 5436 1778 5492 τούτων
1819 5436 1886 5491 δι’

325 5534 518 5591 ἐαυτοῦ
551 5535 716 5599 λύσας
742 5537 769 5588 6
795 5533 983 5604 Σωτὴρ
1024 5532 1118 5587 καὶ
1157 5530 1359 5602 Κύριος
1386 5529 1561 5602 ἡμῶν,
1596 5527 1885 5602 πληρωτὴς

324 5618 383 5687 δέ
408 5633 695 5705 γενόμενος
724 5630 830 5685 τῶν
855 5632 912 5685 ὲν
943 5629 1021 5701 τῷ
1053 5628 1223 5700 νόμῳ,
1259 5629 1351 5681 καὶ
1376 5628 1555 5681 πίστιν
1591 5625 1886 5700 παρασχὼν

326 5730 435 5792 τοῖς
458 5725 677 5801 δρῶσιν,
707 5726 781 5790 ὼς
805 5726 911 5798 ἄρα
942 5724 1102 5787 αὐτὸς
1134 5724 1280 5776 ἐστιν
1301 5724 1329 5774 6
1352 5721 1584 5793 Χριστὸς
1610 5721 1702 5777 τοῦ
1727 5719 1885 5789 Θεοῦ,

449 5880 641 5941 Matth.
674 5899 726 5951 ν,
764 5884 849 5938 17.
891 5887 909 5918 ²
941 5882 1097 5940 Rom.
1153 5896 1285 5950 vui,
1337 5862 1391 5938 3.

2011 4237 2120 4292 lam
2152 4236 2318 4291 Mosis
2363 4233 2661 4305 perfectus,
2709 4239 2999 4302 postquam
3033 4245 3144 4284 non
3199 4228 3434 4300 amplius
3461 4227 3579 4284 ﬁeri

2008 4336 2244 4400 poterat,
2276 4335 2337 4383 ut
2369 4342 2431 4384 ea
2467 4340 2588 4399 quae
2612 4334 2740 4381 sunt
2767 4324 2823 4379 in
2851 4324 2968 4394 lege
3018 4321 3185 4378 Mosis
3226 4321 3454 4392 reliquis
3482 4335 3578 4376 ac-

2007 4421 2489 4479 commodarentur
2516 4418 2792 4491 gentibus,
2831 4422 3052 4487 propter
3078 4430 3174 4471 eas
3215 4426 3413 4470 causas
3453 4429 3574 4484 quae

2007 4520 2169 4575 dieue
2183 4517 2295 4587 jam
2314 4523 2461 4579 sunt,
2484 4512 2558 4585 (et
2576 4510 2861 4583 Oportebat
2879 4510 3134 4565 nimirum
3154 4506 3398 4563 bonitate
3425 4522 3577 4563 sum-

2005 4610 2080 4667 mi
2114 4610 2210 4665 Dei
2238 4622 2428 4664 omnes
2460 4606 2709 4661 homines
2735 4604 2917 4659 salvos
2958 4601 3075 4657 ﬁeri
3108 4609 3162 4655 et
3207 4599 3276 4654 ad
3305 4599 3575 4672 cognitio-

2002 4716 2128 4760 nem
2154 4701 2403 4758 veritatis
2423 4700 2633 4767 venire)
2667 4712 2790 4769 quae
2821 4696 3078 4753 omnibus
3106 4702 3232 4766 apta
3264 4708 3572 4749 accommo—

2003 4797 2240 4866 dataque
2266 4800 2473 4857 essent,
2501 4793 2712 4863 legibus
2768 4791 2884 4847 suis
2939 4788 3211 4856 sancivit;
3248 4803 3313 4843 ac
3376 4803 3445 4843 ne
3478 4787 3569 4842 illa

2002 4889 2223 4959 quidem
2250 4900 2372 4958 quae
2404 4900 2434 4940 a
2466 4884 2613 4940 Mose
2647 4891 2914 4953 pmcepta
2947 4888 3097 4945 sunt,
3131 4894 3261 4937 suos
3291 4878 3572 4949 apostolos

2001 4981 2324 5037 denuntiare
2355 4977 2572 5034 cunctis
2594 4978 2702 5048 26
2721 4974 3037 5031 hominibus
3065 4971 3452 5044 prohibuisset,
3477 4971 3568 5025 ni-

2000 5072 2047 5128 si
2081 5060 2144 5127 ea
2176 5082 2263 5127 res
2288 5069 2677 5139 impedimento
2708 5065 2921 5130 fuisset,
2981 5064 3125 5136 quod
3161 5063 3252 5117 illa
3305 5059 3424 5116 ﬁeri
3453 5077 3563 5117 non

1996 5168 2243 5236 possent,
2270 5158 2728 5232 quemadmodum
2756 5156 3050 5228 Apostolus
3078 5154 3257 5219 docet,
3288 5140 3383 5209 ubi
3441 5154 3515 5208 ait
3539 5167 3563 5207 :

2002 5277 2021 5305 ι
2059 5251 2194 5308 Nam
2228 5251 2373 5323 quod
2404 5249 2741 5321 impossibile
2767 5255 2884 5304 erat
2906 5247 3033 5318 legi,
3065 5246 3120 5300 in
3160 5259 3269 5315 quo
3318 5242 3563 5299 inﬁrma-

1994 5348 2178 5414 hatur,
2209 5345 2353 5402 Deus
2384 5343 2585 5400 Filium
2634 5354 2794 5399 suum
2819 5341 3042 5397 mittens
3065 5339 3120 5394 in
3150 5335 3561 5393 similitudinem
3594 5344 3615 5377 ί

1996 5442 2180 5498 carnis
2234 5438 2446 5512 peccati
2469 5440 2512 5504 ³,
2552 5454 2572 5489 ι
2611 5442 2667 5491 et
2711 5440 2927 5489 caetera.
2983 5427 3325 5501 lmpossibile
3374 5435 3558 5483 autem

1992 5532 2111 5592 erat
2137 5533 2417 5598 nimirum,
2444 5532 2506 5586 ut
2540 5538 2731 5586 omnes
2774 5534 2961 5598 gentes
3013 5531 3098 5579 ter
3137 5520 3371 5592 singulis
3397 5519 3559 5577 annis

1990 5644 2056 5684 ex
2086 5628 2203 5700 lege
2235 5625 2402 5681 Mosis
2431 5621 2804 5692 Hierosolyma
2830 5617 3206 5679 convenirent,
3261 5622 3315 5670 et
3362 5615 3566 5669 mulier

1991 5720 2167 5777 levata
2203 5723 2361 5790 partu
2384 5716 2451 5773 ab
2483 5711 2740 5773 extremis
2762 5719 2918 5769 terra:
2950 5705 3154 5770 ﬁnibus
3185 5706 3315 5764 illuc
3360 5721 3565 5781 propea
