4106 6438
34 1148 41 1197 f

34 1204 41 1275 ξ

34 1284 43 1391 ἱ

34 1396 39 1431 ι

34 1666 37 1699 ι

34 1760 39 1829 l

33 1836 39 1963 ἱ

34 1994 37 2063 ἰ

34 2212 36 2247 ι

34 2254 35 2283 ι

549 329 608 386 7i
1177 318 1444 382 EUSEBII
1479 317 1958 379 CESARIENSIS
1995 315 2110 376 0P!

2210 312 2371 379 ’ARS
2405 313 2471 372 ιι.
2512 346 2581 358 -
2614 294 3135 373 Apoeocsma;
3699 322 3765 379 τε

546 453 718 511 raret,
747 451 806 500 ut
834 460 952 516 qua:
978 460 1074 517 pro
1101 445 1417 516 purgatione
1444 442 1689 500 instituta
1724 450 1874 508 sunt,
1909 442 2108 497 ibidem

2212 439 2241 491 ὸ
2270 438 2404 510 πρὸς
2432 438 2538 492 τῶν
2569 438 2719 510 παρά
2759 438 3027 502 Ἰουδαίοις
3052 423 3539 509 πάλαῖᾯενομένων
3562 456 3770 513 προφη.

545 541 864 610 deponeret.
898 549 949 593 et
975 538 1077 592 alia
1128 534 1570 601 innumerabilia,
1616 549 1737 605 qua:
1792 550 1889 605 per
1937 533 2109 589 otium

548 630 921 700 unusquisque
950 635 1124 699 potest
1146 643 1240 699 per
1270 630 1507 698 seipsum
1542 626 1814 697 colligere.
1843 623 2112 692 Quoniam

549 721 719 791 igitur
751 720 863 774 haec
896 728 1080 788 gentes
1102 733 1131 771 a
1162 716 1349 772 Iudaea
1366 717 1553 789 procul
1598 715 1926 776 habitantes,
1950 712 2110 767 etiam

548 813 593 867 si
624 811 941 875 voluissent,
997 825 1215 866 servare
1246 824 1357 863 non
1392 812 1647 879 poterant
1678 820 1691 855 :
1736 804 1930 859 merito
1977 801 2111 856 nihil

550 901 742 957 borum
775 919 868 974 per
896 904 1134 974 seipsum
1168 901 1487 957 rescindens
1548 899 1818 963 Salvator,
1844 904 1898 951 et
1930 894 2113 949 Domi-

546 1011 653 1052 nus
686 1003 888 1060 noster,
931 995 1028 1051 sed
1057 994 1215 1065 plene
1256 1008 1500 1055 servans,
1525 1000 1581 1047 et
1611 991 1848 1047 efﬁciens
1900 1004 1963 1044 ea
1992 1001 2112 1058 quae

546 1090 604 1143 in
628 1087 743 1156 ipsa
769 1087 885 1158 lege
909 1087 1286 1150 continentur,
1319 1094 1375 1142 et
1418 1083 1787 1156 spectantibus
1839 1080 1996 1135 tidem
2029 1078 2110 1132 fa-

550 1179 715 1244 ciens,
750 1179 897 1250 quod
929 1180 1045 1248 ipse
1063 1186 1209 1234 esset
1236 1177 1490 1234 Christus
1520 1176 1638 1238 Dei,
1689 1175 1757 1229 de
1804 1188 1913 1244 quo
1943 1170 2109 1242 prisci

549 1267 853 1325 Iudaaorum
873 1269 1150 1340 prophetae
1176 1268 1545 1324 testimonium
1582 1263 1936 1336 protulissent
1955 1279 1970 1330 ;
1992 1270 2108 1315 tum

548 1358 687 1414 idem
720 1359 974 1414 omnibus
1000 1359 1253 1430 gentibus
1276 1357 1683 1413 accommodata
1705 1363 1991 1426 praecepta,
2014 1367 2110 1423 per

548 1449 845 1519 discipulos
877 1464 1006 1506 suos
1026 1449 1328 1520 proposuit.
1382 1448 1593 1504 Idcirco
1652 1462 1752 1502 nos
1799 1445 2109 1501 Judaeorum

432 1598 437 1603 ,
543 1541 798 1611 proprios
825 1541 967 1595 ritus
996 1540 1388 1605 recusavimus,
1422 1546 1679 1609 tanquam
1710 1553 1804 1594 eos
1829 1537 1920 1608 qui
1949 1538 2109 1593 nobis

543 1629 662 1701 lege
692 1630 857 1700 positi
884 1647 992 1687 non
1024 1632 1155 1696 sint,
1189 1638 1243 1687 et
1264 1631 1517 1701 gentibus
1562 1630 1960 1686 accommodari
1998 1645 2109 1684 non

543 1720 777 1790 possint.
808 1720 1212 1777 Ateorumdem
1256 1720 1569 1791 prophetias
1624 1721 1854 1776 libentes
1897 1720 2109 1791 accepi-

2210 527 2318 581 τῶν
2344 529 2880 613 ,μεμαρτυρημένοςδ
2929 528 3065 600 μετά
3091 529 3260 582 ταῦτα
3289 531 3422 583 πᾶσι
3455 530 3566 595 τοῖς
3598 531 3769 587 ἔθνεσι

2211 620 2281 673 τὰ
2299 621 2532 691 ἁρμόδια
2557 620 2990 693 παραγγέλματα
3019 620 3105 675 διὰ
3138 621 3246 675 τῶν
3272 622 3489 677 οἰκείων
3519 621 3772 695 μαθητῶν

2212 710 2599 784 προϐέϐληται.
2653 712 2844 766 Ἔνθεν
2884 712 2978 766 καὶ
3014 714 3175 783 ἡμεῖς
3213 713 3274 766 τὺ
3326 714 3426 785 μὲν
3470 713 3772 779 Ἰουδαΐζειν

2211 804 2595 875 παρῃτήμεθα,
2644 803 2719 867 ὡς
2772 806 2902 875 ἡμῖν
2964 802 3039 875 μὴ
3082 805 3583 877 νενομοθετημένον,
3639 805 3773 878 μηδι

2210 896 2537 967 ἐφαρμόζειν
2563 897 2674 957 τοῖς
2698 894 2873 947 ἔθνεσι
2900 895 3215 966 δυνάμενον⁸
3244 896 3343 959 τὰς
3369 896 3427 949 δὲ
3455 897 3605 962 παρά
3641 899 3773 951 Ἰου-

2209 985 2377 1049 δαίοις
2442 986 2774 1057 προφητείας
2829 986 3079 1056 ἀσμένως
3134 986 3529 1058 κατεδεξάμεθα
3563 1030 3578 1055 ,
3625 988 3773 1046 ὼσάν

2210 1075 2568 1147 περιεχούσας
2600 1075 2699 1139 τὰς
2742 1078 3095 1147 προρρήσεις.
3150 1077 3206 1129 '0
3250 1076 3308 1129 δέ
3340 1094 3401 1147 γε
3432 1076 3642 1149 Σωτὴρ,
3680 1079 3775 1134 καὶ

2208 1167 2524 1231 διδάσκαλος
2553 1167 2729 1237 ἡμῶν,
2765 1167 2859 1220 καὶ
2889 1167 3062 1231 ἀλλως
3091 1166 3383 1240 πληρωτὴς
3415 1169 3647 1241 ὑπάρχει
3678 1169 3772 1222 τοῦ

2207 1258 2447 1321 Μωσέως
2463 1258 2649 1328 νόμου,
2673 1259 2766 1310 καὶ
2787 1257 2895 1312 τῶν
2932 1260 3048 1329 μετ’
3064 1260 3225 1312 αὑτὸν
3254 1262 3565 1332 προφητῶν.
3596 1263 3775 1316 Ἐπει-

2207 1348 2271 1418 δὴ
2297 1350 2405 1422 γὰρ
2431 1353 2541 1413 τοῖς
2579 1350 3023 1421 τεθεσπισμένοις
3060 1350 3128 1403 τά
3159 1350 3270 1405 τῶν
3299 1352 3773 1423 συμπερασμάτων

2209 1442 2379 1507 ἔλιπε,
2412 1443 2482 1497 τά
2510 1460 2572 1496 τε
2612 1443 2721 1497 τῶν
2760 1443 2931 1512 λόγων
2960 1444 3392 1515 ἀποτελέσματα,
3434 1448 3571 1517 χρῆν
3601 1447 3772 1518 δήωυ

2207 1537 2301 1589 κα)⁵
2340 1536 2542 1590 τούτων
2584 1536 2765 1591 αὐτῶν
2807 1537 3096 1609 πληρωτὴν
3139 1538 3297 1592 αὐτὸν
3324 1538 3592 1607 γενέσθαι.
3625 1537 3770 1606 Οῐον,

2207 1626 2282 1689 ὡς
2303 1626 2395 1679 ἐπὶ
2420 1625 2877 1698 παραδείγματος,
2906 1629 2939 1697 ή
2964 1628 3063 1698 μὲν
3107 1628 3260 1699 παρά
3278 1629 3465 1682 Μωσεῖ
3484 1647 3616 1701 φησι
3640 1644 3775 1704 προ-

2208 1718 2418 1789 φητεία·
2454 1738 2475 1771 ι
2515 1720 2804 1791 Προφήτην
2841 1721 2968 1791 ὑμῖν
3009 1721 3303 1792 ἀγαπήσει
3346 1722 3547 1795 Κύριος
3582 1725 3611 1777 6
3643 1722 3774 1788 Θεὸς

544 1826 690 1877 mus,
716 1820 972 1882 tanquam
1001 1827 1095 1868 eas
1117 1827 1237 1882 quae
1293 1811 1675 1899 praedictiones
1727 1810 1797 1866 de
1830 1811 1990 1867 nobis
2029 1810 2110 1866 fa-

2210 1810 2384 1881 ύμῶν,
2413 1810 2487 1874 ὡς
2513 1811 2633 1883 ἐμέο
2660 1811 2823 1865 αὐτοῦ
2857 1811 3151 1866 ἀκούσεσθε
3176 1814 3318 1868 κατά
3354 1814 3551 1879 πάντα,
3581 1816 3683 1870 ὅσα
3708 1816 3773 1869 ἂν

498 1962 501 1975 _
544 1913 663 1960 etas
692 1906 1137 1975 complectantur.
1170 1903 1436 1959 Craterum
1468 1904 1585 1974 ipse
1616 1904 1865 1959 Salvator
1887 1911 1942 1959 et
1966 1918 2107 1974 prae-

545 2004 734 2066 ceptor
762 2005 967 2061 noster,
999 1995 1105 2050 alia
1131 2010 1349 2065 quoque
1370 1995 1584 2050 ratione
1628 1995 1986 2064 complevisse
2040 1995 2112 2050 le-

544 2102 664 2158 gem
691 2086 854 2144 Mosis
884 2096 937 2143 et
965 2087 1349 2159 prophetarum
1382 2086 1474 2157 qui
1500 2095 1623 2158 post
1650 2085 1851 2142 Mosem
1871 2086 2107 2155 fuerunt,

488 2176 489 2219 ἰ
545 2180 875 2251 agnoscitur.
916 2177 1181 2244 Quoniam
1212 2177 1353 2232 enim
1382 2176 1451 2232 iis
1480 2192 1601 2247 qua:
1628 2176 1892 2232 divinitus
1917 2176 2110 2245 praedio

540 2282 629 2327 cta
648 2269 1385 2334 fuerant,consummationes
1404 2268 1650 2333 deerant,
1680 2277 1734 2324 et
1755 2269 2107 2324 oraculorum

539 2369 731 2417 eventa
753 2359 1206 2416 desiderabantur
1233 2377 1247 2425 ;
1283 2357 1541 2412 nimirum
1572 2358 1689 2428 ipsa
1711 2372 1931 2427 quoque
1993 2356 2107 2411 haec

541 2454 611 2508 ab
632 2452 820 2510 eodem
849 2452 1111 2522 compleri
1143 2449 1400 2521 oportuit.
1440 2448 1682 2519 Exempli
1713 2449 1886 2519 gratia
1918 2464 1934 2501 :
1964 2448 2107 2518 apud

542 2545 744 2601 Mosem
773 2553 858 2601 est
887 2544 1171 2615 prophetia
1203 2557 1322 2612 qua:
1355 2541 1437 2596 sic
1468 2541 1543 2595 ait
1577 2561 1589 2595 :
1623 2559 1642 2593 ι
1682 2540 2004 2611 Prophetam
2024 2555 2109 2595 vo-

542 2638 629 2692 bis
649 2637 937 2692 suscitabit
960 2635 1220 2691 Dominus
1258 2635 1399 2691 Deus
1434 2642 1637 2698 vester,
1687 2640 1944 2703 tanquam
1999 2648 2107 2697 me,

546 2733 695 2786 illum
719 2730 949 2786 audietis
973 2730 1028 2785 in
1083 2731 1339 2786 omnibus
1388 2743 1728 2800 quxecunque
1769 2727 1964 2783 dixerit
2014 2743 2109 2781 vo-

544 2823 631 2878 bis
661 2822 702 2877 ³.
740 2842 759 2876 ι
793 2819 909 2876 Hoc
943 2822 1111 2891 igitur
1163 2836 1289 2875 cum
1343 2821 1578 2882 deesset,
1642 2819 1732 2875 ille
1796 2819 2106 2889 complevit,

485 2928 493 2935 '
543 2916 678 2970 alter
697 2914 948 2970 videlicet
979 2922 1103 2983 post
1126 2912 1330 2969 Mosem
1365 2913 1542 2984 legum
1563 2920 1775 2980 auctor,
1808 2912 1899 2983 qui
1927 2928 2105 2968 veram

543 3005 797 3075 pietatem
837 3004 893 3058 in
933 3003 1105 3058 Deum
1146 3003 1409 3067 universi,
1462 3004 1775 3059 hominibus
1826 3004 2102 3059 indicavit.

539 3100 697 3168 Quod
744 3100 892 3163 enim
940 3098 1119 3155 Moses
1161 3113 1271 3153 non
1319 3099 1638 3169 simpliciter
1691 3098 1837 3154 dicat
1877 3099 2107 3171 prophe—

2210 1904 2339 1975 εῐπῃ
2365 1904 2492 1974 ύμῖν
2522 1906 2550 1957 ὁ
2576 1907 2859 1976 προφήτης
2891 1907 3112 1969 ἐκεῖνος.
3145 1924 3164 1959 ι
3204 1907 3372 1960 Τοῦτο
3403 1908 3467 1979 δὴ
3500 1908 3560 1961 τὺ
3593 1909 3774 1963 λεῖπον

2210 1993 2544 2066 ἀπεπλήρου,
2567 1995 2815 2067 δεύτερος
2831 1996 2972 2050 κατά
3024 1997 3225 2052 Μωσέα
3246 1998 3541 2070 νομοθέτης
3568 2001 3775 2068 ἀναφα-
3800 1994 3813 2011 ⁸

2210 2085 2321 2147 νεὶς
2347 2085 2647 2158 ἀνθρώπων
2675 2086 2773 2157 τῆς
2805 2086 3035 2157 ἀληθοῦς
3066 2088 3344 2151 εὐσεϐείας
3376 2089 3467 2142 τοῦ
3500 2090 3606 2143 τῶν
3639 2091 3774 2144 ὅλων

2208 2175 2364 2230 Θεοῦ.
2395 2176 2594 2248 Τὸγάρ
2629 2178 2703 2249 μὴ
2760 2178 2944 2242 ἁπλῶς
2982 2180 3209 2248 φάσκειν
3254 2181 3457 2234 Μωσέα
3489 2184 3774 2254 προφήτην

2208 2267 2625 2337 ἀναστήσεσθαι,
2653 2268 2787 2322 ἀλλά
2818 2269 2957 2340 μετά
2986 2270 3303 2341 προσθήκης
3336 2272 3455 2342 τῆς,
3488 2271 3564 2335 ὼς
3614 2272 3777 2331 αὐτὸν

2210 2360 2257 2425 (ι
2293 2359 2578 2429 προφήτην
2623 2357 2732 2430 γάρ
2776 2360 2900 2429 ύμῖν
2942 2362 3256 2432 ἀναστήσει,
3301 2364 3495 2432 φησὶν,
3526 2363 3776 2435 Κύριοςό

2207 2445 2338 2510 Θεὸς
2374 2448 2547 2519 ὑμῶν,
2583 2450 2657 2513 ὡς
2699 2452 2817 2520 ἐμέ’
2860 2451 3024 2505 αὐτοῦ
3075 2453 3369 2506 ἀκούσεσθε
3408 2454 3553 2525 ι),τί
3591 2456 3775 2525 ἕτερον

2208 2539 2394 2611 ἐδήλου
2414 2581 2429 2606 ,
2465 2542 2498 2612 ἦ
2525 2543 2605 2595 ὅτι
2631 2542 2778 2613 αὐτῷ
2829 2545 3016 2597 Μωσεῖ
3046 2546 3423 2616 παρισωμένος
3451 2562 3534 2608 τις
3554 2544 3774 2616 ἔμελλεν

2209 2633 2238 2684 6
2267 2631 2646 2704 θεσπιξόμενος
2659 2634 2803 2705 (ιη’)
2831 2652 2846 2700 ;
2870 2636 3074 2705 Μωσῆς
3106 2637 3161 2689 δὲ
3181 2638 3472 2707 νομοῗέτης
3496 2639 3775 2703 εὐσεϐείας

2207 2720 2277 2795 ἦν
2318 2723 2412 2779 τοῦ
2455 2726 2549 2778 ἐπὶ
2595 2726 2811 2779 πάντων
2858 2727 3014 2779 Θεοῦ.
3058 2727 3265 2781 Οὐκοῦν
3314 2730 3408 2782 καὶ
3446 2731 3534 2783 τὸν
3560 2747 3774 2804 προφη-

2209 2817 2517 2887 τευὸμενον,
2541 2819 2713 2889 ὅσπερ
2732 2817 2953 2888 ἔμελλεν
2977 2820 3160 2888 ὅμοιος
3212 2820 3534 2891 γενήσεσθαι
3563 2824 3771 2887 Μωσεῖ,

2209 2908 2503 2980 νομοθέτην
2565 2910 2756 2981 ἐκείνῳ
2818 2910 3193 2981 παραπλήσιον
3257 2910 3416 2980 φῦναι
3479 2911 3623 2975 είκὸς
3683 2907 3773 2984 ἦν.

2207 3001 2431 3071 Μυρίων
2477 2998 2607 3070 γοῦν
2653 2999 2794 3071 μετά
2839 3000 3009 3054 ταῦτα
3053 3001 3342 3072 προφητῶν
3376 3002 3514 3072 μετά
3570 3003 3777 3058 Μωσέα

2208 3093 2506 3161 γεγονότων
2529 3132 2543 3155 ,
2612 3092 2783 3152 οὐδεὶς
2838 3093 3021 3164 ὅμοιος
3083 3094 3271 3147 Μωσεί
3332 3094 3770 3165 μεμαρτύρηται’

542 3202 650 3247 tam
681 3199 1077 3256 surrecturum,
1113 3188 1208 3246 sed
1259 3205 1382 3244 cum
1427 3189 1721 3252 additione,
1765 3199 2024 3260 tanquam
2052 3204 2110 3245 se

2211 3186 2411 3248 πάντες
2454 3185 2564 3257 γὰρ
2613 3185 2692 3249 είς
2721 3187 2922 3239 ἐκεῖνον
2966 3184 3279 3256 ἀνέπεμπον
3324 3188 3447 3250 τοὺς
3491 3185 3777 3257 ἀκροωμέ-

544 3294 591 3353 (ι
622 3281 939 3353 prophetam
962 3281 1129 3346 enim,
1147 3281 1342 3353 inquit,
1364 3281 1519 3336 vobis
1541 3280 1827 3337 suscitabit
1848 3278 2109 3335 Dominus

543 3376 689 3432 Deus
708 3385 883 3432 vester
897 3383 1154 3445 tanquam
1176 3388 1282 3438 me,
1300 3375 1449 3429 illum
1467 3372 1699 3428 audietis
1723 3372 1792 3441 ι),
1817 3373 1944 3443 quid
1966 3372 2110 3427 aliud

542 3466 772 3537 intelligi
806 3467 940 3529 vult,
970 3465 1077 3520 nisi
1103 3480 1225 3520 eum
1256 3464 1350 3535 qui
1405 3463 1793 3534 praediceretur
1839 3463 1939 3533 ipsi
1974 3462 2109 3518 Mosi

545 3558 883 3631 adaequatum
927 3571 1049 3611 esse
1104 3556 1429 3609 venturum?
1478 3553 1655 3611 Moses
1688 3560 1866 3609 autem
1913 3554 2105 3624 legem,

506 3666 509 3675 ε
545 3658 609 3705 ιιι
645 3664 894 3706 summus
925 3647 1071 3704 Deus
1099 3648 1388 3713 coleretur,
1416 3655 1693 3717 posuerat.
1722 3647 1861 3718 Ergo
1885 3646 2111 3717 prophe-

512 3757 652 3801 :tam
688 3744 835 3800 hunc
882 3742 949 3799 de
997 3758 1107 3814 quo
1143 3742 1401 3796 vaticinia
1463 3740 1733 3804 feruntur,
1776 3739 1918 3812 quod
1972 3739 2107 3795 Mosi

543 3837 737 3893 similis
768 3836 985 3891 futurus
1014 3843 1179 3897 esset,
1198 3833 1336 3905 legis
1365 3840 1642 3890 auctorem
1664 3834 1740 3888 illi
1771 3834 2004 3890 similem
2021 3849 2109 3889 ex-

526 3929 749 3995 :stitisse
776 3941 874 3999 par
895 3933 1001 3982 est.
1025 3925 1097 3978 At
1120 3925 1265 3980 enim
1280 3926 1529 3995 quamvis
1547 3924 1970 3981 innumerabiles
1987 3931 2108 3995 post

538 4019 741 4077 Mosem
757 4017 1031 4089 propheta:
1042 4015 1370 4079 exstiterint,
1384 4014 1450 4069 de
1465 4014 1617 4069 nullo
1635 4024 1812 4069 tamen
1836 4014 1940 4069 tale
1957 4017 2110 4070 testi-

540 4107 784 4163 monium
808 4107 1080 4177 prolatum
1100 4098 1206 4169 est,
1236 4103 1381 4175 quod
1410 4103 1547 4160 Mosi
1582 4104 1777 4160 similis
1813 4104 2099 4161 exstiterit.

543 4198 650 4268 27
667 4196 862 4252 Cuncti
891 4194 1037 4249 enim
1067 4193 1136 4247 ad
1170 4194 1319 4248 illum
1349 4194 1497 4264 ipsos
1521 4194 2107 4253 remittebantaudien-

546 4299 651 4344 tes.
680 4285 748 4342 Et
774 4302 905 4343 sane
938 4286 1115 4357 ipsum
1158 4286 1261 4340 hoc
1299 4285 1623 4341 testiﬁcatur
1658 4285 1957 4357 Scriptura,
1996 4306 2104 4344 non

548 4382 853 4438 surrexisse
881 4379 1198 4451 prophetam
1253 4377 1388 4433 Mosi
1432 4378 1685 4435 similem.
1725 4378 1909 4449 Neque
1944 4382 2107 4451 igitur

546 4471 833 4537 Jeremias,
867 4487 1045 4543 neque
1083 4470 1273 4533 Isaias,
1309 4484 1487 4539 neque
1514 4470 1654 4524 alius
1679 4470 1947 4542 quispiam
1976 4488 2103 4543 pro-

548 4565 833 4637 phetarum
874 4564 953 4617 illi
988 4564 1183 4619 similis
1217 4563 1402 4624 fuerit,
1431 4571 1713 4634 propterea
1744 4564 1887 4633 quod
1927 4580 1995 4619 ne
2026 4566 2100 4620 le-

476 4654 485 4683 τ
547 4671 674 4728 gum
702 4656 917 4727 quidem
948 4664 1139 4711 auctor
1178 4654 1280 4711 fuit
1310 4657 1525 4711 illorum
1575 4657 1791 4727 aliquis.
1820 4656 1955 4713 Cum
1977 4671 2105 4727 ergo

484 4734 495 4818 ἶ
547 4763 615 4803 ex
638 4747 898 4803 vaticinia
928 4745 1116 4809 Mosis,
1148 4746 1408 4817 propheta
1442 4753 1495 4803 et
1524 4746 1801 4818 legislator
1831 4748 2108 4803 suseitan~

481 5002 497 5037 ι

549 4841 653 4895 dus
673 4846 1102 4910 exspectaretur,
1127 4838 1346 4894 advenit
1381 4838 1468 4893 hic
1498 4838 1681 4902 Jesus,
1717 4839 1808 4909 qui
1851 4840 2109 4895 Christus

549 4939 635 4987 est
672 4930 789 4998 Dei,
824 4930 997 4999 legem
1021 4929 1235 4985 cunctis
1250 4936 1501 5004 gentibus
1521 4947 1757 5003 ponens,
1786 4938 1837 4985 et
1867 4946 1988 5001 quae
2016 4947 2112 4986 su-

551 5032 739 5093 perent
766 5022 941 5092 ipsam
965 5022 1133 5092 legem
1165 5031 1526 5091 pertractans.
1574 5021 1712 5077 illud
1739 5023 1883 5078 enim
1915 5043 1929 5076 -.
1969 5040 1987 5073 ι
2019 5020 2112 5075 Di-

553 5121 700 5166 ctum
726 5120 809 5167 est
830 5112 1087 5182 antiquis,
1116 5128 1221 5168 non
1243 5112 1603 5169 moecbaberis
1620 5130 1633 5180 ;
1652 5128 1753 5182 ego
1772 5120 1951 5166 autem
1987 5112 2113 5167 dico

552 5202 711 5257 vobis
752 5216 859 5255 non
906 5204 1297 5273 concupiscere
1337 5202 1377 5269 ⁸;
1424 5225 1441 5257 ι
1496 5210 1559 5255 et
1620 5200 1752 5255 illud
1792 5221 1805 5257 :
1848 5221 1865 5251 ι
1904 5202 2115 5257 Dictum

553 5302 639 5349 est
686 5295 945 5364 antiquis,
1009 5310 1116 5350 non
1178 5295 1432 5359 occides;
1479 5309 1577 5364 ego
1633 5300 1810 5348 autem
1862 5294 1987 5349 dico
2019 5309 2115 5350 vo-

555 5387 660 5449 bis,
714 5402 783 5442 ne
836 5386 994 5442 irasci
1057 5387 1276 5456 quidem
1331 5386 1372 5447 ⁸;
1422 5403 1440 5436 υ
1502 5394 1559 5441 et
1586 5383 1715 5439 illud
1755 5403 1812 5440 ιι
1856 5384 1971 5440 Non
2007 5400 2115 5439 am-

555 5481 696 5549 plius
727 5478 1135 5550 Hierosolymis,
1184 5478 1278 5534 sed
1322 5477 1376 5530 in
1418 5477 1564 5530 omni
1606 5477 1725 5531 loco
1770 5476 1985 5532 adorari
2007 5481 2047 5538 ’ές
2094 5496 2112 5529 ι

566 5578 621 5623 et
655 5570 807 5636 illud,
837 5586 945 5626 non
975 5572 1136 5624 thure
1185 5577 1237 5623 et
1284 5568 1585 5634 saeriliciis,
1626 5586 1643 5618 ι
1682 5569 1775 5624 sed
1808 5569 1861 5624 in
1893 5570 2106 5639 spiritu,

2214 3291 2355 3338 νους.
2396 3275 2677 3347 Μαρτυρεί
2722 3275 2767 3328 δ’
2799 3271 2949 3346 οὗνή
2994 3276 3203 3348 Γραφὴ,
3247 3278 3328 3330 ὅτι
3355 3278 3455 3330 οὐκ
3483 3278 3776 3349 ἐγήγερται

2211 3369 2491 3439 προφήτης
2520 3368 2703 3438 ὅμοιος
2733 3368 2971 3432 Μωσέως
3005 3384 3018 3397 ·
3056 3368 3176 3422 οὕτε
3208 3364 3299 3422 οὖν
3340 3368 3626 3440 Ἱερεμίας,
3653 3368 3778 3421 οὔτε

2223 3453 2465 3522 Ἡσαΐας,
2498 3459 2619 3511 οὕτε
2652 3476 2734 3523 τις
2756 3459 2937 3530 ἕτερος
2965 3459 3073 3514 τῶν
3107 3460 3396 3531 προφητῶν
3428 3461 3610 3531 ὅμοιος
3630 3459 3780 3531 αύτῷ

2210 3550 2276 3604 ἂν
2305 3551 2413 3621 εἴη,
2462 3550 2647 3622 ἐπειδὴ
2695 3551 2825 3622 μηδὲ
2878 3546 2960 3615 εἷς
3008 3551 3209 3605 τούτων
3241 3552 3535 3623 νομοθέτης
3591 3553 3782 3607 ἀναδέ-

2208 3641 2431 3695 δεικται.
2480 3641 2934 3713 Προσδοκωμένου
3014 3642 3189 3695 τοίνυν
3235 3640 3329 3694 τοῦ
3392 3641 3529 3695 κατὰ
3574 3643 3779 3704 Merci;

2212 3733 2491 3804 μέλλοντος
2523 3734 2917 3805 ἀναστήσεσθαι
2950 3735 3225 3804 προφήτου
3257 3750 3313 3786 τε
3338 3733 3431 3787 καὶ¹
3466 3734 3777 3802 νομοθέτου,

2209 3827 2387 3899 παρῆν
2418 3820 2571 3890 οὗτος
2611 3826 2815 3897 Ἰησοῦς
2842 3828 2870 3879 6
2894 3825 3125 3897 Χριστὸς
3156 3824 3249 3878 τοῦ
3278 3824 3434 3890 Θεοῦ,
3477 3827 3778 3897 νομοθετῶν

2210 3920 2341 3972 πᾶσι
2362 3921 2471 3982 τοῖς
2490 3918 2686 3985 ἔθνεσι,
2699 3919 2792 3972 καὶ
2806 3918 2873 3971 τὰ
2888 3918 3025 3990 ὑπὲρ
3037 3918 3198 3989 νόμον
3213 3918 3687 3989 διαπραττόμενος.
3705 3918 3778 3970 Τὸ

2206 4011 2334 4082 γάρ·
2368 4029 2387 4062 ι
2438 4009 2660 4082 Ἐλέχθη
2688 4012 2799 4073 τοῖς
2827 4010 3088 4082 ἀρχαίοιςσ
3120 4009 3192 4063 Ού
3225 4009 3528 4080 μοιχεύσεις
3547 4025 3560 4039 ·
3587 4008 3698 4078 ἐγὼ
3719 4008 3779 4062 δὶ

2205 4104 2345 4173 λέγω
2404 4104 2550 4175 ύμῖν,
2610 4102 2743 4173 μηδὲ
2800 4102 3104 4173 ἐπιθυμεῖν·
3149 4120 3166 4154 ι
3207 4103 3300 4155 καὶ
3351 4101 3484 4154 τόσι
3553 4101 3774 4174 Ἐλέχθη

2205 4199 2315 4260 τοῖς
2347 4196 2611 4268 ἀρχαίοις,
2643 4196 2717 4249 Οὐ
2745 4194 3052 4263 φονεύσεις·
3094 4192 3204 4262 ἐγὼ
3237 4193 3291 4246 δὲ
3322 4192 3462 4260 λέγω
3490 4194 3615 4264 ύμῖν
3643 4194 3777 4264 μηδὲ

2204 4288 2514 4360 ὀργίζεσθαι
2538 4306 2551 4318 ·
2590 4288 2683 4341 καὶ
2713 4285 2772 4339 τὸ
2801 4286 2995 4357 μηκέτι
3036 4287 3093 4339 ἐν
3134 4286 3539 4359 Ἰεροσολύμοις,
3574 4288 3687 4342 ἀλλ’
3718 4290 3776 4341 ὲν

2206 4381 2367 4434 παντὶ
2396 4380 2544 4451 τόπῳ
2571 4379 2892 4450 προσκυνεῖν
2909 4394 2921 4407 ’
2949 4379 3040 4431 καὶ
3069 4379 3129 4431 τὸ
3158 4379 3232 4450 μὴ
3256 4380 3535 4451 λιϐανωτῷ
3562 4382 3654 4434 κα)⁵
3682 4380 3775 4433 θυ-

2208 4474 2371 4537 σίαις,
2398 4492 2415 4523 ι
2439 4473 2495 4524 ὲν
2522 4471 2790 4542 πνεύματι
2814 4470 2873 4523 δὲ
2894 4472 2985 4524 καὶ
3004 4471 3230 4543 ἀληθεία
3264 4492 3282 4524 ι
3304 4471 3622 4545 θρησκεύειν
3639 4492 3652 4505 ο
3685 4476 3779 4529 καὶ

2208 4568 2308 4621 ὅσα
2335 4563 2555 4619 τοιαῦτα
2581 4566 2638 4617 ἐν
2665 4567 2730 4635 τῇ
2766 4564 2927 4617 αὐτοῦ
2961 4563 3180 4635 φέρεται
3214 4564 3549 4637 διδασκαλίᾳ,
3580 4567 3777 4621 πανσό-

2213 4675 2313 4727 φου
2345 4652 2412 4727 ἦν
2440 4654 2695 4727 ἄντικρυς
2723 4658 2815 4710 καὶ
2850 4657 3183 4712 τελειοτάτου
3219 4657 3527 4726 νομοθέτου.
3561 4659 3652 4712 Διὸ
3682 4660 3778 4714 καὶ

2211 4750 2260 4802 οἱ
2286 4746 2620 4820 ἀκροώμενοι
2654 4768 2671 4800 ι
2695 4747 3094 4820 ἐξεπλήττοντο,
3129 4768 3147 4800 ι
3174 4749 3336 4818 φησὶν
3363 4750 3395 4820 ή
3424 4748 3539 4803 θεία
3566 4750 3773 4823 Γραφὴ,

2219 4858 2235 4890 ι
2275 4840 2355 4892 ὅτι
2384 4838 2655 4892 ἐδίδασκεν
2685 4840 2864 4903 αὐτοῖς
2906 4840 2981 4903 ὼς
3011 4838 3257 4906 ἐξουσίαν
3290 4840 3445 4910 ἔχων,
3474 4841 3563 4894 καὶ
3578 4843 3675 4912 οὐχ
3701 4842 3777 4904 ὡς

2214 4931 2261 4981 οἱ
2290 4932 2631 4999 γραμματεῖς
2668 4929 2845 4984 αὐτῶν
2876 4930 2968 4982 καὶ
2995 4932 3043 4983 οἱ
3085 4931 3384 5002 Φαρισαῖοι.
3427 4950 3445 4983 ι
3479 4932 3585 4986 Καὶ
3619 4931 3778 4987 τοῦτο

2212 5020 2385 5071 τοίνυν
2415 5019 2475 5072 τὸ
2500 5020 2707 5086 λεῖπονῖ
2733 5023 2799 5091 τῇ
2853 5021 3095 5085 Μωσέως
3131 5022 3432 5095 προφητείᾳ
3469 5023 3647 5093 λόγιον
3673 5023 3779 5078 ἀπ-

2213 5110 2476 5183 επλήρουο
2507 5111 2763 5176 ὡσαύτως
2789 5112 2844 5164 δὲ
2864 5112 2956 5164 καὶ
2995 5111 3062 5165 τὰ
3095 5111 3254 5167 λοιπά
3285 5114 3390 5167 τῶν
3433 5116 3777 5186 προφητειῶν

2211 5201 2318 5255 τῶν
2347 5203 2471 5274 περὶ
2519 5202 2704 5264 αὐτοῦ,
2747 5203 2840 5256 καὶ
2884 5204 3010 5274 περὶ
3053 5204 3148 5274 τῆς
3172 5204 3275 5257 τῶν
3322 5205 3489 5258 ἐθνῶν
3536 5206 3780 5278 κλήσεως

2213 5294 2575 5366 θεσπίσματα.
2609 5295 2799 5363 Γέγονε
2833 5296 3005 5349 τοίνυν
3036 5297 3318 5369 πληρωτὴς
3353 5298 3444 5351 τοῦ
3492 5297 3652 5369 νόμου
3685 5300 3778 5351 καὶ

2217 5386 2323 5441 τῶν
2356 5387 2669 5460 προφητῶν,
2702 5390 2801 5453 τὰς
2832 5390 2957 5461 περὶ
2989 5391 3177 5445 ἑαυτοῦ
3214 5394 3546 5465 προρρήσεις
3575 5394 3655 5455 είς
3678 5392 3777 5444 πέ-

2220 5497 2317 5551 ρας
2348 5478 2567 5549 ἀγαγών
2586 5496 2599 5509 ·
2644 5482 2735 5535 καὶ
2768 5480 2926 5553 μέχρι
2962 5481 3056 5553 μὲν
3082 5483 3245 5535 αὑτοῦ
3289 5485 3489 5553 στήσας
3519 5482 3609 5536 τὸν
3643 5482 3744 5552 πρέ
3764 5511 3778 5521 -

2216 5588 2369 5644 τερον
2402 5572 2581 5643 νόμον,
2604 5573 2842 5645 ἀρχηγὸς
2871 5574 2925 5627 δὲ
2955 5576 3243 5644 ἀναφανεὶς
3271 5574 3521 5647 δευτέρου
3547 5573 3641 5628 τοῦ
3666 5574 3778 5638 τοῖς

626 5664 645 5694 ³
674 5661 833 5719 Deut.
868 5678 1037 5724 xvm,
1084 5660 1171 5714 {5.
1248 5664 1268 5691 ⁸
1299 5659 1484 5725 Matth,
1518 5678 1568 5725 ν,
1605 5660 1790 5715 27-28.
1869 5663 1889 5693 '
1920 5660 2053 5716 Ibid.
2089 5660 2275 5717 21—22.
2353 5664 2372 5695 '
2401 5662 2558 5720 Joan.
2596 5681 2667 5729 tv,
2695 5666 2784 5720 2i.

623 5755 766 5828 (ιη’)
798 5755 1098 5812 Desiderari
1148 5755 1358 5816 videtur
1383 5753 1538 5824 εἶναι,
1568 5759 1648 5813 vel
1685 5755 2018 5813 ἐλεύσεσθαι.
2048 5755 2231 5816 Eum!
