4106 6440
332 369 400 428 73
1241 376 1899 434 DEMONSTRATIONIS
1935 376 2396 433 EVANGELICJI
2436 378 2566 434 LIB.
2608 379 2650 433 Ι.
3509 390 3571 442 τί

329 472 491 525 πᾶσιν
526 469 701 524 ἔθνεσι
760 473 1196 544 κατηγγελμένου
1249 475 1349 545 τῆς
1379 476 1588 545 Καινῆς
1628 476 1886 547 Διαθήκης

2000 480 2056 529 et
2104 476 2330 530 veritate
2381 474 2549 530 Deum
2607 476 2829 528 colere7
2867 494 2880 528 :
2922 494 2939 525 ι
2978 484 3032 530 et
3081 476 3185 530 alia
3230 492 3577 550 quaecunque

327 562 515 633 νόμου,
542 562 618 625 ὡς
650 563 782 633 ὁμοῦ
824 564 988 635 νόμου
1019 567 1112 618 καὶ
1145 566 1319 637 ἀρχῆς
1348 568 1517 620 αἴτιον
1560 567 1896 635 καταστῆναι

326 653 434 707 τῶν
476 654 615 708 δυεῖν
661 655 986 719 ὑποθέσεων,
1045 657 1376 727 Ἰουδαϊσμοῦ
1428 658 1571 727 λέγω
1619 658 1714 711 καὶ
1766 659 1897 728 Χρι-

328 746 664 819 στιανισμοῦ.
703 751 767 801 Ὃ
798 750 891 802 καὶ
923 749 1054 802 αὐτὸ
1087 750 1385 821 θαυμάζειν
1412 751 1581 817 ἄξιον,
1620 752 1717 822 τὴν
1746 750 1895 804 θείαν

325 840 625 910 πρόρρησιν
651 835 755 895 ὧδέ
794 859 910 905 πως
937 843 1315 912 ἀναφανοῦσαν
1338 862 1350 874 ·
1395 863 1414 896 ι
1464 845 1594 898 Ἰδοὺ
1621 844 1809 915 τίθημι
1838 845 1895 896 ὲν

325 931 464 986 Σιὼν
508 933 652 987 ὶΙθον
697 934 970 999 ἐκλεκτὸν,
1000 936 1412 1007 ἀκρογωνιαῖον,
1459 936 1707 1006 ἔντιμον·
1744 937 1835 988 καὶ
1866 937 1894 988 6

326 1023 591 1078 πιστεύων
620 1026 703 1088 εἰς
728 1025 888 1079 αὐτὸν
913 1029 974 1079 οὐ
1004 1029 1546 1100 καταισχυνθήσεται.
1584 1048 1604 1081 ›
1633 1030 1727 1092 Τίς
1756 1029 1798 1082 δ’
1830 1028 1896 1081 ἀν

324 1118 406 1189 εἴη
447 1121 854 1191 ἀκρογωνιαῖος,
900 1122 933 1192 ἢ
985 1117 1137 1186 οὗτος
1180 1126 1208 1176 6
1243 1123 1349 1188 ζῶν
1396 1125 1489 1179 καὶ
1535 1124 1897 1194 πολυτίμητος

324 1206 466 1273 λίθος
521 1210 647 1280 μίαν
676 1212 740 1264 ἐκ
786 1212 930 1279 δυεῖν
969 1214 1284 1285 οἰκοδομῶν,
1331 1215 1774 1285 ὑποστησάμενος
1809 1213 1895 1268 διὰ

320 1299 422 1369 τῆς
472 1302 636 1354 αὐτοῦ
684 1302 1060 1369 διδασκαλίας;
1091 1305 1188 1375 τὴν
1232 1306 1338 1377 γάρ
1379 1306 1656 1369 Μωῦσέως
1705 1307 1896 1377 μέχρις

321 1393 486 1447 αὐτοῦ
516 1397 917 1468 παραταθεῖσαν
948 1400 1170 1469 στήσας,
1207 1402 1271 1452 ἐκ
1303 1399 1530 1470 θατέρου
1570 1399 1765 1470 μέρους
1799 1400 1894 1469 τὴν

322 1484 593 1553 ἡμετέραν
626 1488 922 1557 ὲπισυνῆψε
956 1490 1054 1561 τὴν
1087 1489 1230 1543 κατὰ
1274 1490 1334 1544 τὸ
1383 1491 1711 1558 Εὐαγγέλιον
1749 1493 1896 1545 οἰκος

320 1572 507 1646 δομήν.
548 1576 707 1630 Ὅθεν
765 1579 988 1643 εἰκότως
1013 1581 1401 1651 ἀκρογωνιαῖος
1417 1580 1751 1651 ὠνόμασται.
1787 1582 1896 1634 Καὶ

320 1670 379 1722 έν
407 1669 656 1741 Ψαλμοῖς
687 1672 744 1725 δὲ
777 1672 989 1743 εἴρηται
1011 1689 1025 1702 ·
1069 1692 1086 1723 ι
1123 1672 1283 1726 Λίθον
1321 1672 1380 1725 ὃν
1405 1672 1813 1742 ἀπεδοκίμασαν
1845 1673 1895 1724 οἱ

320 1759 737 1829 οἰκοδομοῦντες,
755 1758 906 1824 οὗτος
920 1761 1147 1834 ἐγενήθη
1164 1763 1243 1825 είς
1256 1761 1496 1831 κεφαλὴν
1512 1763 1728 1830 γωνίας·
1749 1762 1896 1834 παρὰ

1996 567 2084 621 bis
2116 568 2315 621 similia
2333 568 2388 621 in
2420 568 2568 622 illius
2589 567 2835 621 doctrina
2860 566 3131 631 feruntur,
3173 570 3572 639 sapientissimi

1998 659 2157 729 plane
2185 658 2424 723 fuerunt,
2451 666 2505 713 et
2528 659 2916 729 perfectissimi
2950 661 3124 729 legum
3156 663 3419 717 auctoris.
3451 680 3470 712 ι
3496 661 3574 717 Ex

1996 764 2106 818 quo
2135 747 2336 804 factum
2352 757 2531 814 est,ut
2558 750 2843 805 audientes
2888 760 3288 820 stupescerent,
3324 772 3343 805 ι
3376 769 3573 824 quem-

1998 838 2289 896 admodum
2342 840 2623 910 Scriptura
2654 840 2835 896 divina
2867 854 3258 898 commemorat
3303 844 3347 911 3;
3382 863 3403 898 ι
3447 861 3575 915 pro-

1998 938 2182 1001 pterea
2214 931 2360 1002 quod
2406 930 2638 986 docebat
2672 947 2767 987 eos
2811 942 3065 1003 tanquam
3098 943 3419 1004 potestatem
3475 936 3572 990 ha-

1997 1019 2152 1087 bens,
2174 1028 2228 1076 et
2261 1034 2371 1075 non
2403 1028 2463 1075 ut
2491 1019 2697 1075 Scribae
2731 1022 2944 1075 illorum
2976 1030 3030 1077 et
3070 1021 3354 1080 Pharisaei.
3389 1044 3410 1078 ι
3452 1023 3568 1078 lloc

1997 1109 2165 1180 igitur
2198 1113 2326 1167 item
2370 1114 2663 1181 complevit
2705 1114 3008 1175 oraculum,
3043 1114 3186 1183 quod
3229 1114 3392 1172 Mosis
3439 1132 3565 1186 prov

1996 1202 2196 1272 pbctize
2226 1202 2411 1259 deerat
2441 1222 2453 1256 :
2489 1204 2676 1258 eadem
2728 1217 2893 1274 porro
2939 1204 3152 1259 ratione
3198 1213 3390 1261 ca'tera
3426 1208 3549 1262 item

2001 1293 2573 1365 prephetiarum,qua3
2620 1294 2687 1350 de
2724 1297 2844 1364 ipso
2876 1303 2931 1350 et
2984 1296 3223 1364 gentium
3283 1299 3562 1354 vocatione

1998 1386 2200 1454 scripta
2225 1393 2354 1440 sunt
2377 1386 2653 1440 vaticinia.
2700 1385 2932 1441 Constat
2968 1402 3098 1457 ergo
3142 1388 3293 1442 illum
3326 1394 3565 1460 comple-

1995 1477 2139 1532 visse
2159 1485 2213 1531 et
2245 1478 2417 1548 legem
2448 1485 2502 1532 et
2525 1478 2835 1548 prophetas,
2870 1478 3087 1549 quando
3116 1494 3180 1534 ea
3209 1496 3328 1549 quae
3350 1481 3415 1535 de
3447 1483 3565 1551 ipso

1995 1567 2254 1636 praedicta
2278 1576 2408 1622 sunt
2429 1568 2520 1636 ,ad
2540 1571 2743 1624 exitum
2761 1569 3036 1640 perduxit,
3052 1578 3107 1625 et
3129 1571 3363 1640 priorem
3391 1572 3560 1643 legem

1995 1674 2171 1729 usque
2200 1660 2267 1714 ad
2302 1660 2540 1730 seipsum
2566 1671 2712 1716 stare
2731 1662 2919 1731 jussit,
2942 1662 3055 1719 dux
3083 1677 3212 1717 vero
3227 1672 3281 1718 et
3310 1663 3585 1734 princeps.

1995 1751 2220 1805 alterius
2273 1751 2408 1823 legis
2452 1754 2680 1817 exstitit,
2717 1769 2838 1823 qua:
2897 1756 2953 1808 in
3008 1753 3157 1809 Novo
3216 1753 3567 1810 Testamento

320 1850 521 1921 Κυρίου
548 1851 764 1919 ἐγένετο
787 1850 947 1924 αὕτη,
967 1853 1061 1906 καὶ
1084 1852 1198 1907 ἐστι
1219 1853 1504 1926 θαυμαστὴ
1521 1857 1579 1908 ὲν
1598 1854 1886 1925 ὀφθαλμοῖς

1993 1844 2207 1900 cunctis
2255 1846 2510 1917 gentibus
2556 1845 2877 1901 denuntiata
2938 1854 3042 1915 est,
3098 1856 3160 1903 ut
3221 1849 3386 1903 simul
3434 1848 3568 1918 legis

321 1942 493 2011 ἡμῶν.
525 1962 545 1996 ι
584 1943 749 1998 Ἔνθα
779 1945 966 2013 σαφῶς
992 1945 1052 1998 τὸ
1079 1944 1255 2015 λόγιον
1291 1946 1383 2000 καὶ
1412 1947 1510 2018 τὴν
1538 1948 1603 2001 ἐκ
1631 1947 1724 2001 τοῦ
1764 1949 1896 2001 ’1ου-

319 2032 480 2088 δαίων
517 2035 701 2101 ἔθνους
732 2037 1020 2110 ἐπιϐουλὴν
1045 2039 1112 2109 ἢν
1145 2038 1411 2093 πέπονθεν
1434 2042 1463 2092 6
1488 2039 1894 2111 θεσπιζόμενος,

318 2126 674 2200 διεσάφησεν·
720 2131 1221 2203 ἀποδοκιμασθῆναι
1270 2133 1366 2201 μὲν
1418 2133 1579 2186 αὐτὸν
1613 2133 1746 2204 πρὸς
1790 2132 1894 2184 τῶν

318 2218 407 2269 τὸν
439 2220 665 2273 παλαιὸν
695 2223 873 2291 τοῖχον
899 2221 1320 2293 οίκοδομούντων
1341 2223 1712 2293 γραμματέων
1737 2221 1895 2275 τινῶν

318 2309 411 2362 καὶ
438 2310 765 2381 Φαρισαίων,
792 2313 1095 2384 ἀρχιερέων
1138 2331 1197 2366 τε
1228 2315 1321 2368 καὶ
1361 2313 1579 2367 πάντων
1610 2313 1717 2367 τῶν
1748 2312 1896 2383 παρά

328 2401 599 2469 Ἰουδαίοις
634 2405 907 2474 ἀρχόντων
948 2405 1239 2473 φανέντων·
1272 2404 1409 2475 πλὴν
1450 2404 1588 2457 ἀλλά
1635 2404 1771 2475 μετά
1796 2404 1895 2476 τὴν

317 2490 377 2555 ἐξ
403 2492 623 2545 ἐκείνων
656 2494 877 2564 ἀτιμίαν
906 2494 1001 2547 καὶ
1024 2494 1295 2565 ἀποϐολὴν
1318 2493 1579 2548 θεσπίσαν
1612 2493 1771 2546 αὐτὸν
1804 2510 1893 2561 γε-

315 2582 574 2653 νήσεσθαι
612 2585 693 2648 είς
744 2584 983 2655 κεφαλὴν
1014 2586 1214 2653 γωνίας
1260 2584 1501 2656 ἀρχηγὸν
1556 2586 1895 2638 καταστάντα

315 2674 415 2743 τῆς
469 2675 677 2744 Καινῆς
704 2675 997 2747 Διαθήκης,
1049 2674 1353 2738 ἀκολούθως
1380 2677 1497 2738 ταῖς
1525 2675 1894 2738 ἁποδοθείσαις

310 2764 582 2836 θεωρίαις.
620 2767 731 2819 Οὐκ
785 2764 898 2829 οὖν,
938 2769 1267 2829 ἀποστάντες
1314 2768 1473 2838 ἡμεῖς
1517 2765 1889 2837 Ἑλληνισμοῦ,

312 2856 411 2910 οὐκ
441 2858 532 2909 ἐπὶ
566 2858 887 2929 Ἰουδαϊσμὺν
906 2858 1434 2930 καταπεπτὼκαμεν,
1463 2858 1602 2917 οὐδὲ,
1637 2858 1892 2928 ἀποδεχό-

315 2963 463 3018 μενοι
494 2949 584 3002 τὺν
627 2951 902 3015 Μωύσέως
936 2952 1119 3023 νόμον,
1158 2953 1252 3005 καὶ
1283 2953 1407 3016 τοὺς
1453 2951 1719 3022 Ἐϐραίων
1759 2967 1891 3022 προ-

317 3042 512 3111 φήτας,
568 3045 641 3115 μὴ
687 3043 927 3114 βιοῦντες
956 3044 1012 3098 δὲ
1070 3045 1395 3111 Ἰουδαϊκῶς,
1441 3044 1576 3098 ἀλλά
1626 3045 1765 3100 κατά
1792 3045 1889 3117 τὴν

316 3133 422 3204 πρὸ
451 3135 724 3198 Μωύσέως
742 3134 849 3187 τῶν
869 3134 1127 3202 Θεοφιλῶν
1151 3134 1355 3205 ἀνδρῶν
1376 3134 1668 3198 πολιτείαν,
1688 3135 1889 3190 πταίοι·

319 3240 413 3293 μιν
428 3224 515 3281 ἄν.
533 3227 647 3279 Κάν
663 3225 833 3296 τούτῳ
844 3226 951 3298 γὰρ
962 3226 1196 3280 Μωῦσέα
1211 3228 1441 3291 καὶτοὺς
1456 3228 1571 3297 μετ’
1583 3228 1743 3281 αὐτὸν
1761 3246 1888 3299 προ-

310 3316 484 3386 φήτας
505 3315 863 3388 ἀληθεύοντας
889 3318 1047 3371 ἀποδε
1057 3319 1171 3371 ίκνυ
1180 3336 1301 3389 μεν,
1332 3318 1421 3372 τὸν
1444 3320 1534 3372 ὐπ’
1559 3318 1735 3373 αὐτῶν
1756 3335 1887 3390 προ-

310 3408 716 3478 κεκηρυγμένον
747 3409 979 3481 Χριστὺν
1007 3410 1412 3480 ἀποδεχόμενοι,
1442 3411 1536 3463 καὶ⁵
1557 3410 1744 3464 τούτου
1772 3415 1884 3476 τοῖς

311 3494 491 3565 νόμοις
518 3496 845 3568 πειθόμενοι,
878 3502 997 3552 κατ’
1031 3499 1174 3570 ἴχνος
1199 3517 1257 3553 τε
1300 3500 1400 3571 τῆς
1426 3501 1589 3555 αὐτοῦ
1634 3502 1887 3557 διδασκα-

310 3584 427 3648 λίας
462 3585 663 3654 βαίνειν
696 3589 761 3642 δι’
789 3590 959 3660 εὐχῆς
1009 3590 1299 3660 τιθέμενοι,
1335 3590 1483 3661 αὐτῷ
1525 3593 1749 3646 Μωῡσεῖ
1782 3594 1884 3646 κάν

310 3675 484 3747 τούτῳ
509 3677 578 3730 τὰ
608 3679 734 3746 φίλα
774 3680 1075 3743 ποιοῦντες·
1117 3681 1196 3744 ὃς,
1232 3681 1529 3752 προειπὼν,
1576 3684 1657 3736 ὅτι
1688 3701 1706 3733 ι
1754 3700 1886 3754 προ-

310 3782 345 3832 q.
365 3765 485 3836 ιιτην
514 3768 804 3839 ἀναστήσει
825 3770 1025 3840 Κύριος
1052 3773 1080 3824 6
1100 3769 1229 3834 Θεὸς
1261 3773 1442 3840 ὅμοιον
1467 3770 1634 3842 αὐτῷ,
1657 3791 1674 3820 ι
1705 3773 1886 3825 ἐπιλέ-

306 3876 426 3927 γει·
468 3880 488 3912 ι
522 3864 678 3917 Πᾶσα
726 3864 781 3917 δὲ
807 3864 974 3936 ψυχὴ,
1023 3866 1142 3935 ἥτις
1166 3865 1246 3936 μὴ
1298 3863 1585 3918 ἀκούσεται
1625 3865 1719 3918 τοῦ
1752 3882 1884 3935 προ-

309 3953 481 4023 φήτου
532 3954 777 4019 ἐκείνου,
843 3955 1348 4027 ὲξολοθρευθήσεται
1408 3958 1473 4009 ἐκ
1535 3956 1629 4009 τοῦ
1696 3956 1884 4026 γένους

309 4045 496 4109 αὐτῆῖς.
539 4068 556 4095 ι
594 4046 801 4099 Αὐτίκα
861 4047 1120 4111 Ἰουδαῖοι,
1187 4046 1260 4118 μὴ
1310 4046 1739 4119 παραδεξάμενοι
1793 4049 1883 4103 τὸν

306 4154 451 4208 ·;ερο;ρ
466 4138 612 4208 ῆτην,
648 4138 770 4208 μηδ’
809 4137 1212 4201 ὑπακούσαντες
1254 4137 1416 4192 αὐτοῦ
1445 4142 1557 4200 τοῖς
1592 4140 1767 4207 ἁγίοις
1793 4140 1880 4193 λό-

306 4246 363 4297 γι.
376 4248 442 4295 ις,
477 4230 700 4302 ἔσχατον
725 4231 1020 4304 ὑπέμειναν
1051 4231 1290 4302 ὄλεθρον,
1321 4232 1587 4286 ἀκόλουθα
1618 4235 1683 4304 τῇ
1709 4237 1879 4306 προρ-

310 4323 462 4393 ρήσει
497 4323 841 4388 πεπονθότες.
879 4323 1014 4378 Οὔτε
1047 4323 1155 4395 γὰρ
1192 4324 1284 4378 τὸν
1317 4323 1552 4395 Χριστοῦ
1583 4316 1757 4396 νόμον
1782 4328 1880 4397 τῆς

306 4412 513 4482 Καινῆς
537 4412 807 4485 Διαθήκης
822 4414 1195 4481 κατεδέξαντο,
1220 4414 1342 4467 οὔτε
1368 4414 1435 4469 τὰ
1454 4416 1726 4479 Μωύσέως
1745 4434 1882 4488 παρ-

2000 1933 2446 2005 principatusque
2496 1943 2691 1990 auctor
2736 1936 2967 1993 duorum
3005 1939 3431 2008 propositorum,
3465 1936 3566 1993 Ju-

1994 2022 2190 2079 daismi
2226 2026 2476 2081 videlicet
2505 2025 3020 2099 Christianismique
3044 2030 3226 2086 fuerit.
3251 2030 3404 2097 Quod
3439 2032 3532 2101 qui
3553 2060 3569 2069 -

1995 2115 2118 2171 dem
2143 2119 2318 2187 ipsum
2353 2116 2615 2173 admirari
2659 2134 2837 2189 operte
2877 2122 3109 2190 pretium
3136 2130 3240 2190 est,
3271 2133 3330 2177 ut
3357 2122 3561 2179 divini-

1995 2217 2085 2263 tus
2116 2209 2437 2279 praedictum
2496 2212 2586 2266 sit.
2630 2230 2648 2262 ι
2687 2210 2850 2276 Ecce,
2878 2212 3075 2282 inquit,
3114 2229 3260 2282 pono
3313 2215 3370 2268 in
3431 2214 3560 2270 Sion

1993 2299 2229 2370 lapidem
2284 2301 2540 2367 electum,
2576 2304 2915 2373 angularem,
2975 2303 3296 2372 pretiosum,
3359 2314 3413 2359 et
3470 2309 3563 2375 qui

1994 2391 2168 2447 credit
2196 2393 2252 2447 in
2303 2408 2427 2448 eum
2462 2410 2572 2449 non
2624 2394 2990 2449 confundetur
3019 2395 3063 2450 ’.
3096 2415 3114 2447 ι
3151 2396 3219 2449 At
3247 2398 3391 2451 enim
3422 2399 3547 2467 quis

1994 2484 2211 2539 tandem
2244 2484 2408 2541 fuerit
2442 2487 2739 2557 angularis,
2787 2488 2895 2541 nisi
2934 2487 3025 2542 hic
3073 2490 3230 2545 vivus
3277 2500 3330 2543 et
3364 2493 3565 2559 pretio-

1991 2574 2267 2639 sissimus,
2300 2576 2392 2646 qui
2435 2591 2501 2631 ex
2557 2578 2769 2632 duabus
2800 2579 3097 2634 structuris
3140 2594 3301 2634 unam
3366 2580 3587 2635 factam-

1993 2680 2092 2720 sua
2124 2665 2372 2719 doctrina
2430 2668 2852 2723 sustinendum
2900 2671 3045 2724 enim
3092 2671 3408 2736 Mosaicam,
3442 2688 3563 2743 quae

1993 2770 2170 2825 usque
2199 2757 2265 2810 ad
2301 2757 2479 2827 ipsum
2516 2766 2766 2828 protenta
2794 2770 2897 2823 est,
2923 2768 3068 2816 stare
3093 2762 3267 2830 jubet,
3290 2778 3357 2817 ex
3381 2764 3551 2817 altera

1992 2857 2146 2916 parte
2180 2857 2427 2903 nostram
2471 2866 2567 2920 per
2602 2850 2953 2920 Evangelium
3005 2853 3271 2922 adjunxit.
3332 2853 3409 2907 Ex
3450 2870 3561 2925 quo

1992 2940 2269 3010 angularis
2292 2941 2488 2996 merito
2514 2940 2698 2997 dictus
2728 2951 2847 3009 est;
2880 2944 2973 2999 sed
3016 2944 3072 2998 in
3095 2943 3327 3001 Psalmis
3344 2960 3562 3017 quoque

1991 3032 2241 3103 legitur:
2290 3053 2309 3084 ι
2360 3033 2617 3105 Lapidem
2674 3052 2834 3108 quem
2896 3039 3325 3109 reprobaverunt
3389 3040 3559 3095 aedili-

1992 3135 2200 3190 cantes,
2234 3127 2323 3181 hic
2362 3127 2540 3183 factus
2565 3135 2649 3183 est
2683 3129 2738 3183 in
2766 3138 2930 3200 caput
2979 3132 3160 3202 anguli
3199 3150 3212 3185 :
3254 3148 3284 3186 a
3326 3132 3559 3188 Domino

1988 3216 2192 3273 factum
2242 3228 2327 3274 est
2377 3219 2544 3285 ismd,
2595 3228 2650 3275 et
2692 3229 2776 3277 est
2826 3224 3075 3279 mirabile
3130 3226 3187 3278 in
3232 3226 3405 3280 oculis
3455 3241 3560 3281 no-

1987 3312 2118 3367 stris
2156 3312 2222 3367 “.
2256 3332 2276 3365 ι
2302 3312 2412 3382 28
2437 3311 2592 3379 Quod
2638 3314 2856 3385 quidem
2904 3316 3186 3370 oraculum
3209 3317 3367 3388 plane
3394 3317 3560 3372 etiam

1986 3402 2272 3467 indicavit,
2302 3420 2441 3475 quas
2472 3419 2502 3458 a
2547 3403 2749 3460 Iudaeis
2779 3404 3026 3474 insidias,
3057 3407 3123 3462 de
3164 3423 3272 3477 quo
3294 3408 3561 3462 vaticina-

1986 3501 2097 3557 tur,
2132 3509 2329 3564 passus
2354 3504 2439 3551 est
2476 3516 2490 3550 :
2530 3497 2751 3565 quando
2789 3497 2943 3551 illum
2976 3512 3007 3552 a
3044 3497 3252 3554 Scribis
3287 3508 3340 3554 et
3363 3498 3560 3555 Phari-

1985 3588 2130 3650 saeis,
2165 3596 2217 3642 et
2247 3590 2590 3642 sacerdotum
2618 3588 2980 3658 principibus,
3005 3598 3055 3643 et
3073 3591 3327 3645 omnibus
3344 3588 3561 3647 Iudaeo-

1985 3696 2108 3735 rum
2141 3679 2569 3748 magistratibus,
2598 3679 2691 3747 qui
2718 3686 2953 3733 veterem
2981 3683 3239 3750 parietem
3272 3692 3559 3738 construe-

1985 3774 2137 3837 bant,
2173 3771 2515 3841 repudiatum
2542 3769 2733 3837 fuisse,
2761 3770 3044 3825 divinavit.
3068 3771 3174 3826 Sed
3193 3780 3378 3827 tamen
3406 3784 3559 3843 post-

1984 3874 2147 3930 quam
2178 3840 2377 3912 abillis
2402 3865 2745 3928 contemptus
2785 3860 2856 3911 sit
2889 3865 2944 3912 et
2979 3859 3225 3926 abjectus
3246 3898 3262 3923 ,
3306 3840 3569 3917 futurum:

1985 3950 2138 4004 illum
2163 3951 2215 4002 in
2248 3957 2409 4018 caput
2440 3948 2644 4018 anguli,
2674 3957 2729 4004 et
2757 3949 2948 4003 ducem
2976 3951 3387 4021 principemque
3418 3952 3554 4008 Novi

1980 4038 2317 4095 Testamenti
2351 4040 2792 4095 constituendum
2824 4056 2930 4093 non
2971 4042 3161 4105 tacuit,
3188 4055 3551 4099 consentanea

1984 4129 2054 4185 iis
2084 4126 2387 4200 proferens,
2420 4147 2540 4199 qua:
2568 4147 2597 4185 a
2651 4131 2809 4186 nobis
2872 4136 3124 4203 superius
3182 4134 3553 4190 demonstrata

1984 4232 2132 4277 sunt.
2174 4221 2285 4277 Nos
2325 4223 2489 4294 igitur
2520 4225 2767 4293 quamvis
2800 4240 2829 4278 a
2872 4223 3062 4280 Graeco
3110 4226 3216 4280 ritu
3254 4228 3552 4283 recesseri-

1983 4329 2124 4372 mus.
2160 4329 2267 4368 non
2318 4315 2610 4369 recidimus
2646 4315 2701 4369 in
2740 4313 3049 4378 Judaicum,
3079 4331 3256 4385 neque
3289 4310 3585 4400 delin.qui-’

1983 4419 2127 4471 mus,
2160 4405 2286 4461 licet
2331 4404 2498 4461 Mosis
2553 4407 2724 4477 legem
2756 4417 2811 4463 et
2862 4393 3214 4461 Hebraeorum
3259 4393 3552 4479 prophetas
3612 4438 3619 4479 χ

304 4502 621 4573 ἀγγέλματα
667 4502 789 4573 δίχα
833 4504 1175 4575 παρανομίας
1219 4501 1318 4557 οἷοί
1364 4506 1411 4556 τ’
1443 4502 1509 4556 ἀν
1541 4499 1650 4557 εἶεν
1680 4486 1880 4574 φυλάσ-

1988 4499 2377 4568 acceperimus,
2425 4513 2535 4553 non
2579 4497 2804 4554 Judaice
2829 4506 3032 4564 autem,
3078 4498 3172 4553 sed
3224 4499 3292 4554 ad
3344 4516 3551 4555 morem
3616 4486 3625 4529 ῖ

310 4609 424 4645 σειν
447 4609 461 4623 ·
487 4593 567 4646 διὸ
604 4596 699 4647 καὶ
728 4597 792 4665 τῇ
832 4595 1072 4657 Μωσέως
1108 4595 1502 4666 ὑποϐέϐληνται
1535 4597 1770 4667 κατάρα,
1802 4597 1880 4667 τῷ

309 4683 445 4754 μηδὲ
478 4684 698 4739 δυνατὸν
738 4687 919 4750 αὐτοῖς
948 4682 1087 4739 εἶναι
1118 4686 1185 4739 τά
1228 4686 1379 4757 παρά
1419 4688 1642 4740 Μωῦσεῖ
1664 4706 1882 4759 νενομο-

302 4774 575 4846 θετημένα
598 4779 889 4841 συντελεῖν,
914 4782 1323 4849 περιῃρημὲνης
1348 4778 1529 4830 αὐτῶν
1548 4778 1649 4848 τῆς
1678 4797 1879 4851 μητρο-

302 4868 531 4931 πόλεως.
562 4868 655 4922 καὶ
680 4869 1177 4941 ἀποκεκλεισμένης
1206 4871 1301 4941 τῆς
1344 4871 1504 4942 μόνον
1535 4870 1720 4924 αὐτόθι
1748 4890 1877 4939 συγ-

301 4959 690 5029 κεχωρημένης
743 4962 1101 5015 ἐπιτελεῖσθαι
1159 4964 1493 5034 Μωῦσαῖκῆς
1556 4964 1867 5035 θρησκείας.

312 5046 502 5119 Ἡμεῖς
529 5048 607 5112 δὲ,
664 5048 753 5103 τὸν
785 5052 888 5103 ὑπὸ
929 5050 1171 5113 Μωσέως
1216 5052 1308 5105 καὶ
1342 5050 1451 5104 τῶν
1501 5050 1700 5104 λοιπῶν
1737 5070 1870 5123 προ-

302 5140 488 5211 φητῶν
516 5140 950 5211 κατηγγελμένον
982 5142 1387 5214 ἀποδεξάμενοι,
1419 5142 1510 5196 καί¹
1548 5143 1721 5214 τούτῳ
1749 5144 1869 5196 πεί-

302 5232 488 5285 θεσθαι
507 5231 574 5285 δι’
606 5231 766 5302 εὐχῆς
797 5232 1119 5303 ποιούμενοι,
1150 5234 1432 5313 πληρωταὶ
1466 5233 1530 5287 ἂν
1558 5235 1746 5305 εἴημεν
1774 5235 1871 5305 τῆς

300 5320 578 5383 Μωῦσέως
635 5320 1038 5391 παραγγελίας,
1087 5321 1152 5375 δι’
1203 5319 1270 5394 ἦς
1333 5322 1562 5393 ἔφησεν·
1627 5341 1647 5374 ‹
1698 5323 1870 5375 Αὐτοῦ

298 5410 628 5464 ἀκούσεσθε·
663 5413 809 5465 πᾶσα
855 5411 909 5465 δὲ
935 5410 1100 5483 ψυχὴ,
1148 5413 1268 5483 ἥτις
1310 5413 1376 5467 ἂν
1409 5415 1484 5486 μὴ
1531 5414 1736 5487 ἀκούσῃ
1776 5412 1868 5467 τοῦ

299 5505 579 5574 προφήτου
619 5503 849 5568 ἐκείνου,
898 5502 1402 5574 έξολοθρευθήσεται
1444 5507 1507 5557 ἐκ
1555 5504 1650 5557 τοῦ
1683 5505 1871 5573 γένους

298 5594 488 5665 αὐτῆς.
525 5613 544 5646 ι
577 5593 711 5649 Τίνα
735 5594 791 5648 δὲ
813 5593 1087 5658 διετάξατο
1107 5597 1136 5647 6
1161 5597 1458 5666 προφήτης,
1483 5590 1557 5651 ὧν
1582 5596 1870 5650 ἐπακούειν

370 5714 389 5743 ⁷
425 5711 582 5793 Joan.
608 5727 682 5777 iv,
721 5712 811 5768 25.
886 5712 907 5743 ⁸
938 5711 1127 5765 Matth.
1157 5727 1254 5779 vn,
1277 5712 1464 5777 28,29.
1503 5762 1525 5793 ._
1566 5716 1590 5747 ⁹
1618 5715 1723 5772 lsa.
1749 5728 1941 5780 xxviii,
1976 5713 2075 5781 16;
2133 5712 2151 5766 l
2184 5713 2328 5769 Pctr.
2353 5729 2411 5779 ιι,
2438 5712 2489 5766 6.

304 5798 465 5848 xviii,
502 5784 590 5836 l9.

552 5877 822 5940 Parnm“
856 5877 973 5940 Gn.
1023 5879 1226 5940 XXII.

1982 4597 2145 4658 atque
2175 4590 2483 4644 institutum
2531 4601 2846 4645 sanctorum
2898 4591 2993 4662 qui
3041 4599 3167 4646 ante
3195 4590 3398 4645 Mosem
3432 4590 3551 4646 fue-
3592 4646 3597 4651 ,
3628 4574 3643 4662 Ξ

1981 4689 2109 4735 runt
2160 4682 2424 4747 virorum,
2468 4683 2735 4737 vivamus.
2777 4684 2834 4737 In
2866 4683 2969 4737 hoc
2994 4684 3140 4738 enim
3176 4693 3227 4738 et
3264 4682 3465 4737 Mosem
3498 4693 3551 4736 et
3582 4682 3595 4717 ³

1980 4774 2271 4845 prophetas
2288 4790 2446 4831 veros
2479 4774 2648 4830 fuisse
2676 4784 2827 4829 vates
2856 4776 3218 4836 ostendimus,
3238 4790 3361 4827 cum
3397 4773 3546 4827 illum

1978 4864 2253 4919 Christum
2279 4867 2609 4937 accepimus,
2646 4875 2699 4923 et
2729 4868 2877 4921 illius
2909 4868 3121 4937 legibus
3152 4866 3546 4932 auscultamus,

1978 4963 2033 5011 et
2061 4971 2156 5027 per
2177 4959 2403 5029 vestigia
2432 4958 2695 5013 doctrinae
2714 4959 2957 5029 ejusdem
2988 4958 3240 5012 incedere
3268 4956 3433 5010 etiam
3459 4971 3551 5008 vo-

1978 5049 2050 5104 tis
2066 5050 2388 5120 expetimus,
2412 5066 2572 5120 quem
2605 5051 2681 5105 illi
2710 5058 2997 5105 venturum
3023 5049 3415 5120 pmdixerunt.
3440 5047 3549 5103 Eo-

1978 5135 2100 5190 dem
2131 5139 2315 5207 utique
2354 5140 2634 5210 proposito
2676 5140 2780 5210 ipsi
2820 5155 3039 5209 quoque
3081 5137 3213 5192 Mosi
3271 5152 3384 5193 rem
3421 5153 3547 5209 gra-

1976 5238 2086 5284 tam
2164 5228 2425 5287 facientes
2459 5251 2471 5286 :
2505 5232 2597 5302 qui
2651 5247 2774 5286 cum
2833 5230 3163 5301 prmdixerit,
3225 5230 3542 5301 prophetam

1973 5336 2002 5375 a
2037 5320 2263 5377 Domino
2292 5321 2401 5377 Deo
2417 5330 2606 5378 nostro
2632 5323 2735 5379 sibi
2772 5323 3002 5377 similem
3032 5322 3430 5385 suscitaudum,
3457 5321 3550 5375 ad-

1969 5414 2150 5485 jungit
2184 5433 2195 5468 :
2230 5432 2248 5464 ‹
2279 5412 2469 5469 Omnis
2506 5430 2635 5469 vero
2666 5414 2848 5468 anima
2890 5428 3011 5483 qua:
3049 5429 3159 5468 non
3201 5414 3384 5468 audiet
3410 5428 3569 5484 pro-.

1973 5505 2187 5575 phetam
2220 5506 2393 5568 illum,
2426 5505 2693 5560 delchitur
2721 5518 2786 5558 ex
2828 5520 3027 5574 genere
3068 5520 3169 5559 suo
3190 5505 3253 5556 “.
3295 5523 3313 5553 ι
3350 5504 3541 5559 Conti-

1973 5610 2083 5651 nuo
2111 5596 2253 5651 enim
2295 5593 2488 5659 Judaei,
2521 5603 2811 5663 postquam
2861 5593 3012 5647 illum
3068 5594 3385 5663 prophetam
3432 5607 3543 5647 non

2600 5715 2641 5744 ¹⁰
2666 5711 2808 5767 Psal.
2844 5728 3011 5776 cxvii,
3040 5710 3228 5774 22,23.
3308 5708 3349 5741 ¹¹
3381 5707 3539 5765 Deut.

3300 5874 3338 5932 3
