4106 6440
505 366 573 421 75
1165 364 1430 420 EUSEBII
1469 364 1943 420 Cal-ISARIENSIS
1975 364 2127 422 OPP.
2166 363 2348 419 PARS
2384 363 2450 419 ll.
2491 394 2561 406 —
2597 362 3096 422 APOLOGETICA.
3682 366 3749 425 70

504 489 854 553 acceperunt,
884 496 985 537 nec
1021 483 1226 538 sanctis
1257 483 1402 538 illius
1433 484 1612 539 verbis
1640 494 1959 556 paruerunt,
1977 499 2064 540 ex-

2176 481 2371 553 χρεὼν,
2407 481 2588 553 μικρῷ
2629 481 2863 554 πρόσθεν
2894 483 3230 554 ἀκηκόαμεν,
3271 481 3340 537 τά
3372 483 3623 554 πάνσοφα
3654 485 3750 539 καὶ

436 596 441 605 ’
500 586 735 631 tremum
757 575 1096 643 pertulerunt
1119 573 1396 628 interitum
1424 593 1439 629 :
1464 574 1557 644 qui
1590 575 1808 645 quidem
1847 576 2064 629 illorum

2173 574 2360 645 ἐντελῆ
2393 574 2488 627 καὶ
2515 574 2740 645 οὐράνια
2770 576 3220 646 παραγγέλματα’
3237 573 3272 628 ἀ
3295 574 3359 645 δὴ
3381 577 3479 628 οὑκ
3505 577 3563 628 εν
3591 574 3751 641 πλαξὶ

500 682 665 722 casus
694 667 762 722 iis
789 666 1045 729 oraculis,
1070 682 1189 737 qua:
1207 666 1273 722 de
1296 666 1404 722 illis
1434 668 1578 721 edita
1605 676 1753 732 sunt,
1779 677 2070 725 consenta-

500 771 639 812 neus
689 758 907 812 accidit.
965 756 1098 810 Nam
1151 771 1251 812 nec
1302 755 1508 812 Christi
1562 759 1732 829 legem
1774 775 1894 830 quae
1918 760 2068 817 Novo

500 847 849 903 Testamento
892 850 1224 913 continetur,
1263 861 1650 921 susceperunt,
1674 868 1851 923 neque
1895 853 2067 911 Mosis

498 950 762 1013 praecepta
775 942 892 997 sine
913 943 1047 1013 legis
1062 950 1378 1013 contemptu
1399 960 1617 1000 servare
1642 957 1893 1012 possunt.
1912 947 2065 1014 Quo-

497 1031 643 1086 circa
673 1032 726 1085 in
777 1032 951 1100 ipsius
986 1030 1153 1086 Mosis
1199 1032 1625 1086 exsecrationem
1656 1032 1852 1102 relapsi
1893 1041 2019 1088 sunt
2049 1052 2064 1088 :

496 1121 715 1193 quando
748 1122 861 1177 ﬁeri
902 1123 1050 1177 nullo
1101 1122 1264 1177 modo
1304 1129 1483 1191 potest
1504 1131 1563 1177 nt
1591 1139 1711 1193 qua:
1770 1124 1823 1179 in
1857 1125 2069 1194 legibus

496 1216 642 1270 illius
675 1223 806 1271 sunt
864 1216 1063 1286 posita,
1105 1214 1408 1285 perﬁciant,
1447 1215 1648 1285 quippe
1673 1230 1795 1270 cum
1826 1226 1880 1270 et
1922 1216 2070 1286 ipso-

495 1325 616 1363 rum
649 1309 967 1379 metropolis
998 1308 1213 1362 sublata
1245 1309 1345 1369 sit.
1376 1315 1428 1363 et
1466 1306 1704 1363 Mosaica
1751 1309 1941 1379 religio
1970 1324 2065 1363 ex-

496 1403 669 1463 clusa,
701 1417 821 1473 quae
870 1400 983 1454 illic
1024 1400 1198 1454 solum
1234 1398 1420 1468 perﬁci
1471 1398 1889 1454 concedebatur.
1953 1399 2062 1454 Nos

497 1505 675 1546 autem
715 1491 808 1560 qui
861 1489 1012 1543 illum
1046 1491 1409 1558 suscepimus,
1443 1504 1602 1558 quem
1639 1488 1816 1543 Moses
1852 1496 1906 1542 et
1939 1489 2064 1543 reli-

2172 667 2399 730 λιθίναις
2421 669 2641 721 Μωὺσετ
2657 668 3068 739 παραπλησίως,
3091 667 3211 720 οὑδέ
3225 684 3287 735 γε
3307 668 3495 738 μέλανι
3514 668 3610 721 καὶ
3627 668 3753 738 χάρ-

2170 777 2293 824 ταις
2321 759 2519 830 ἠξίωσε
2562 759 2921 832 παραθέσθαι,
2958 760 3161 831 ψυχαῖς
3198 760 3256 814 δὲ
3289 760 3747 831 κεκαθαρμέναις,

2171 850 2266 904 καὶ
2293 851 2482 922 νοεράν
2512 851 2698 904 οὐσίαν
2721 851 3085 920 κεκτημέναις
3115 850 3225 904 τῶν
3254 850 3418 905 αὑτοῦ
3443 851 3711 921 φοιτητῶν
3727 866 3744 882 ·

2170 944 2230 995 ὲν
2254 937 2341 1006 αἷς
2375 943 2658 1012 ἐγγράψας
2687 943 2813 1005 τοὺς
2861 943 2961 1011 τῆς
2992 943 3199 1013 Καινῆς
3229 942 3501 1014 Διαθήκης
3529 943 3746 1012 νόμους,

2173 1033 2354 1103 ἔργοις
2386 1034 2706 1104 ἀπεπλήρου
2732 1035 2830 1105 τὴν
2857 1035 3101 1104 φήσασαν
3125 1034 3212 1087 διὰ
3251 1035 3512 1107 Ἱερεμίου
3538 1050 3750 1107 προφη-

2172 1124 2353 1177 τείαν·
2389 1143 2410 1177 ι
2447 1126 2782 1197 Διαθήσομαι
2810 1126 3082 1197 Διαθήκην
3125 1127 3351 1199 Καινὴν,
3381 1128 3441 1179 οὐ
3475 1125 3613 1179 κατὰ
3650 1125 3751 1197 τὴν

2174 1214 2451 1286 Διαθήκην
2500 1218 2566 1287 ἢν
2618 1217 2876 1287 διεθέμην
2929 1221 3040 1280 τοῖς
3082 1218 3349 1288 πατράσιν
3409 1216 3620 1269 αὐτῶν
3667 1217 3750 1273 ὅτι

2170 1307 2307 1378 αῦτη
2341 1310 2374 1377 ή
2411 1309 2656 1387 ᾼιαθήκη
2683 1312 2749 1378 ἦν
2775 1310 3097 1381 διαθήσομαι
3124 1308 3201 1379 τῷ
3240 1309 3373 1378 οἴκῳ
3407 1308 3641 1380 Ἰσραὴλ,
3670 1308 3752 1362 δι-

2167 1398 2288 1461 δοὺς
2309 1398 2505 1470 νόμους
2520 1417 2618 1470 μου
2635 1402 2714 1464 εἰς
2726 1401 2960 1455 διάνοιαν
2975 1401 3171 1461 αὐτῶν,
3196 1401 3289 1453 καὶ
3307 1401 3398 1452 ἐπὶ
3414 1399 3510 1470 τὴν
3521 1396 3748 1469 καρδίαν

2167 1490 2348 1544 αὐτῶν
2383 1492 2579 1563 γράψω
2624 1494 2842 1559 αὑτοὺς,
2891 1496 2987 1548 καὶ
3014 1494 3206 1565 ἔσομαι
3242 1494 3421 1548 αὑτῶν
3464 1494 3619 1558 Θεὸς,
3651 1490 3749 1546 καὶ

497 1584 588 1652 qui
630 1583 905 1653 propheta:
954 1580 1363 1641 nuntiaverunt,
1400 1587 1454 1634 et
1482 1580 1530 1634 ei
1562 1594 1751 1649 parere
1775 1580 1935 1634 etiam
1970 1594 2061 1634 vo-

2168 1582 2325 1636 αὑτοὶ⁵
2353 1585 2565 1638 ἔσονταί
2594 1603 2694 1657 μου
2729 1585 2872 1651 λαός.
2908 1605 2928 1639 ι

497 1679 570 1730 tis
615 1677 961 1745 expetimus:
1001 1674 1238 1728 edictum
1286 1672 1451 1727 Musis
1501 1673 1861 1743 complevisse
1887 1674 2220 1744 invenimur,
2257 1692 2367 1747 quo
2405 1678 2605 1741 edixit,
2648 1678 2798 1733 illum
2830 1677 3158 1733 audiendum
3220 1692 3366 1740 esse,
3412 1685 3744 1744 omnemque

498 1772 733 1825 animam
754 1785 873 1840 quae
933 1769 1085 1848 illum
1128 1783 1235 1822 non
1273 1767 1507 1832 audiret,
1542 1767 1825 1823 delendam
1877 1784 1999 1825 esse
2032 1771 2099 1826 de
2139 1787 2336 1843 genere
2374 1789 2494 1829 suo.
2533 1773 2666 1841 Quae
2713 1782 2896 1828 autem
2925 1774 3058 1840 sint,
3085 1787 3205 1843 qua:
3236 1770 3499 1841 propheta
3538 1767 3629 1823 ille
3658 1767 3746 1823 in-

498 1861 758 1925 stituerit,
792 1861 992 1931 quibus
1048 1859 1269 1913 obedire
1316 1874 1542 1913 necesse
1598 1860 1687 1923 sit,
1723 1858 1883 1929 paulo
1942 1872 2066 1918 ante
2104 1865 2435 1931 audivimus,
2500 1866 2650 1920 omni
2683 1864 2934 1920 videlicet
2990 1864 3255 1933 sapientia
3286 1860 3506 1924 referta,
3539 1866 3591 1913 et
3617 1871 3744 1928 per-

499 1959 660 2020 fecta,
696 1967 750 2011 et
775 1957 1015 2011 coelestia
1065 1954 1409 2008 documenta.
1459 1953 1591 2020 Quae
1620 1955 1838 2024 quidem
1879 1972 2055 2027 neque
2095 1960 2296 2017 tabulis
2346 1960 2595 2032 lapideis,
2621 1967 2680 2015 ut
2701 1958 2899 2023 Moses,
2948 1973 3124 2028 neque
3142 1949 3743 2011 atramentoetchartia

500 2050 864 2106 commendari
899 2049 1087 2115 voluit,
1116 2050 1226 2121 29
1246 2050 1340 2104 sed
1362 2050 1607 2120 purgatis
1637 2049 1838 2107 animis
1868 2068 2113 2119 suorum,
2133 2063 2186 2110 et
2211 2057 2597 2128 intelligentem
2630 2067 2881 2111 naturam
2914 2052 3283 2109 obtinentibus
3310 2069 3325 2105 :
3358 2051 3411 2103 in
3439 2046 3639 2119 quibus
3660 2044 3740 2099 le-

497 2164 591 2217 ges
643 2146 778 2202 Novi
822 2145 1152 2201 Testamenti
1183 2145 1523 2211 describens,
1585 2145 1770 2216 reipsa
1814 2150 2110 2219 complerit
2145 2148 2395 2207 Ieremia
2440 2151 2781 2223 prophetiam
2855 2164 2976 2220 qua:
3018 2147 3136 2202 ait:
3173 2164 3194 2198 ι
3231 2146 3515 2201 lnstituam
3544 2140 3743 2196 'l'ests-

498 2250 739 2298 mentum
771 2238 1003 2304 Novum,
1040 2254 1146 2292 non
1176 2237 1349 2293 instar
1376 2236 1711 2293 Testamenti
1774 2239 1918 2309 quod
1960 2240 2118 2310 posui
2157 2243 2404 2312 patribus
2433 2258 2620 2298 eorum
2657 2261 2671 2298 :
2700 2243 2957 2313 quoniam
2987 2241 3091 2295 hoc
3121 2238 3558 2301 Testamentum,
3590 2231 3740 2304 quod

492 2352 688 2409 ponam
718 2335 903 2391 domui
927 2333 1110 2398 Israel,
1133 2333 1270 2389 dans
1296 2333 1444 2404 leges
1472 2348 1623 2390 meas
1656 2334 1712 2389 in
1738 2337 2053 2392 interiorem
2090 2353 2312 2396 sensum
2343 2354 2556 2406 eorum,
2584 2348 2637 2395 et
2679 2338 2735 2394 in
2801 2336 2966 2394 corde
3026 2350 3215 2391 eorum
3260 2333 3497 2390 scribam
3531 2344 3648 2394 eas,
3683 2331 3744 2385 et

490 2448 586 2489 ero
618 2432 834 2485 illorum
864 2428 1028 2493 Deus,
1052 2437 1106 2484 et
1130 2429 1235 2500 ipsi
1269 2437 1433 2484 erunt
1479 2429 1613 2483 mihi
1665 2431 1901 2501 populus
1922 2434 1990 2489 ".
2038 2451 2060 2486 ι

1082 2544 1311 2601 CAPUT
1342 2543 1480 2598 Vill.

2693 2540 3086 2597 ΚΕΦΑΛΑῘΟΝ
3127 2539 3209 2591 R'.

499 2643 652 2709 Quod
680 2660 796 2713 qua
825 2640 1288 2713 Christianismum
1328 2640 1570 2713 amplexa
1600 2648 1678 2695 est
1707 2639 1832 2706 vita,
1858 2641 1913 2694 in
1933 2641 2064 2696 duas

2180 2638 2273 2705 Ὠς
2310 2640 2397 2702 εὶς
2433 2635 2543 2689 δύο
2586 2635 2843 2713 τρόπρυΙς
2874 2634 2906 2684 ό
2940 2628 3087 2713 χιιεά
3126 2628 3233 2681 τὸν
3272 2625 3740 2695 Χριστιανισμὸν

1014 2711 1206 2779 species
1233 2710 1401 2763 divisa
1428 2721 1525 2765 est.

568 2806 832 2861 Cazterum
869 2803 959 2858 ille
985 2802 1204 2873 quidem
1241 2803 1297 2858 in
1344 2797 1549 2857 tabulis
1583 2803 1921 2870 inanimatis,
1976 2804 2065 2860 hic

498 2907 677 2952 autem
722 2897 776 2951 in
830 2895 1107 2951 mentibus
1153 2895 1263 2949 vita
1314 2894 1591 2964 praeditis,
1628 2894 1865 2966 perfecta
1924 2895 2064 2951 Novi

498 2987 832 3044 Testamenti
862 2986 1189 3040 documenta
1223 2985 1515 3056 descripsit
1566 3005 1580 3040 :
1633 2986 1754 3055 ejus
1798 3002 1927 3042 vero
1975 2987 2062 3043 di-

501 3079 694 3151 scipuli
749 3078 815 3132 ad
844 3075 1089 3146 Magistri
1137 3077 1220 3131 sui
1284 3084 1517 3141 nutum,
1579 3077 1805 3133 auribus
1862 3079 2063 3134 multo-

495 3188 618 3226 rum
664 3168 971 3225 doctrinam
1009 3183 1160 3223 suam
1223 3169 1736 3233 accommodantes,
1785 3185 2064 3240 quaecum-

497 3281 603 3335 que
629 3262 845 3334 quidem
902 3261 1065 3314 velnti
1116 3261 1257 3314 ultra
1327 3261 1571 3314 habitum
1624 3263 1971 3332 progressis,
2029 3277 2063 3316 a

495 3356 740 3431 perfecto
768 3356 1006 3426 ipsorum
1047 3351 1304 3422 Magistro
1334 3358 1603 3423 praecepta
1631 3352 1867 3417 fuerant,
1896 3368 1958 3407 ea
1995 3354 2063 3408 iis

492 3450 587 3521 qui
618 3463 809 3519 capere
836 3451 1103 3518 poterant,
1137 3442 1479 3497 tradiderunt
1508 3462 1521 3498 :
1551 3457 1907 3514 quaecumque
1934 3458 2062 3498 vero

492 3540 863 3598 iisconvenire
877 3535 1303 3598 arbitrabantur,
1321 3534 1414 3605 qui
1434 3536 1646 3588 animas
1662 3533 1840 3587 adhuc
1859 3533 2064 3588 affecti-

494 3635 595 3688 bus
641 3629 907 3686 obnoxias
953 3635 1228 3699 gererent,
1269 3623 1681 3693 curationisque
1715 3623 2059 3692 indigentes:

493 3739 557 3779 ea
580 3722 679 3793 ipsi
718 3722 784 3776 ad
817 3718 1244 3774 imbecillitatem
1276 3716 1570 3769 multorum
1602 3729 1661 3769 se
1696 3713 2061 3777 demittentes,

492 3815 687 3886 partim
705 3813 923 3875 litteris,
938 3812 1133 3882 partim
1153 3810 1271 3865 sine
1292 3809 1505 3872 litteris,
1524 3807 1678 3878 quasi
1692 3807 1814 3877 jure
1828 3806 2062 3876 quodam

494 3924 602 3963 non
633 3908 837 3976 scripto
868 3901 1157 3967 servanda,
1183 3898 1656 3956 commendarunt.
1685 3898 1955 3964 Quocirca
2007 3899 2061 3951 in

495 3998 736 4054 Ecclesia
764 3997 856 4051 Dei
886 3995 997 4049 duo
1027 3993 1192 4049 etiam
1217 3991 1433 4047 vivendi
1465 3988 1611 4043 modi
1636 3990 1870 4044 instituti
1894 3997 2059 4045 sunt:
2090 3977 2132 4036 C

494 4090 630 4144 alter
655 4085 876 4157 quidem
909 4095 1159 4138 naturam
1191 4089 1460 4144 nostram,
1499 4087 1555 4134 et
1582 4095 1928 4135 communem
1963 4080 2061 4133 ho-

492 4182 697 4235 minum
720 4178 846 4234 vita:
876 4175 1145 4231 rationem
1169 4173 1460 4238 excedens,
1498 4187 1611 4227 non
1671 4171 1913 4242 nuptias,
1949 4188 2060 4227 non

492 4273 760 4333 sobolem,
800 4284 913 4324 non
982 4267 1374 4332 substantiam,
1406 4280 1516 4321 non
1550 4280 1714 4337 opum
1748 4263 2060 4319 facultatem

489 4365 801 4435 requirens,
841 4369 990 4417 totus
1027 4367 1207 4415 autem
1230 4374 1458 4430 prorsus
1490 4373 1520 4412 a
1561 4357 1835 4414 communi
1856 4366 1909 4412 et
1928 4372 2061 4411 con-

493 4467 650 4515 sueta
680 4465 1000 4511 cunctorum
1036 4453 1319 4507 hominum
1372 4452 1484 4505 vita
1512 4451 1835 4516 abhorrens,
1871 4456 1926 4505 et
1955 4449 2057 4503 soli

492 4550 681 4604 divino
709 4546 901 4610 cultui,
931 4562 996 4601 ex
1024 4550 1290 4600 immenso
1326 4559 1503 4598 rerum
1536 4542 1838 4598 caelestium
1877 4555 2062 4595 amore

493 4642 748 4697 addictus
786 4660 799 4696 :
834 4641 927 4711 qui
955 4640 1103 4693 hunc
1132 4636 1351 4692 modum
1377 4634 1610 4705 amplexi
1637 4643 1784 4698 sunt,
1818 4633 1972 4704 quasi
1993 4633 2062 4688 ab

492 4743 594 4791 hac
624 4735 840 4791 mortali
864 4734 976 4788 vita
1016 4731 1268 4801 sejuncti,
1300 4731 1589 4799 ipsumque
1633 4729 1900 4783 duntaxat
1947 4743 2065 4781 cor-

494 4847 596 4902 pus
624 4830 678 4884 in
705 4835 853 4884 terra
884 4833 1156 4897 gerentes,
1193 4823 1521 4893 cogitatione
1547 4837 1677 4877 vero
1694 4828 1857 4891 atque
1878 4820 2063 4873 animo

492 4928 547 4981 in
569 4926 685 4997 ipso
711 4925 850 4980 casio
878 4923 1169 4993 degentes,
1222 4920 1377 4992 quasi
1416 4919 1637 4990 quidam
1669 4918 1901 4979 caelites,
1935 4915 2064 4971 reli-

493 5033 720 5087 quorum
771 5015 1051 5070 hominum
1095 5014 1259 5068 vitam
1324 5012 1676 5082 despiciunt:
1717 5010 1919 5079 quippe
1968 5006 2062 5077 qui

492 5122 593 5176 pro
621 5106 875 5160 universo
903 5118 1120 5173 genere,
1148 5115 1402 5172 supremo
1427 5100 1672 5153 omnium
1697 5096 1809 5153 Deo
1861 5096 2062 5152 sacrati

493 5199 626 5262 sint,
661 5197 821 5267 idque
848 5211 955 5251 non
990 5196 1153 5251 boum
1200 5191 1629 5247 mactationibus
1656 5229 1671 5253 ,
1718 5205 1828 5243 non
1859 5188 2065 5243 cruori-

491 5290 615 5353 bus,
648 5303 756 5342 non
802 5287 1181 5348 libationibns,
1216 5292 1311 5339 aut
1362 5282 1555 5337 nidore
1588 5281 1720 5345 ullo,
1764 5295 1942 5350 neque
1977 5276 2062 5333 fu-

492 5396 602 5443 mo,
635 5388 730 5434 aut
764 5379 903 5450 ignis
931 5378 1308 5438 devoratione,
1352 5373 1836 5442 consumptioneve
1865 5385 2059 5441 corpo-

494 5487 638 5534 rum,
661 5470 755 5527 sed
790 5473 958 5525 rectis
993 5485 1132 5524 verat
1176 5470 1391 5534 pictatis
1415 5464 1725 5530 sententiis,
1758 5471 1813 5519 et
1845 5461 2060 5534 purgati

492 5563 659 5617 animi
688 5562 993 5619 atl‘ectione.
1018 5560 1083 5613 ad
1115 5560 1230 5614 haec
1271 5558 1530 5629 operibus
1582 5573 1800 5629 quoque
1835 5572 1899 5612 ac
1937 5572 2061 5611 vere

491 5654 598 5716 bis,
634 5668 755 5723 quae
787 5672 815 5704 ει
842 5654 1042 5706 virtute
1069 5654 1511 5723 proficiscantur,
1548 5649 1749 5722 quibus
1780 5651 1945 5707 rebus
1978 5647 2060 5704 di-

564 5809 611 5840 "
636 5805 834 5864 lerem.
875 5823 1021 5874 xxxv,
1056 5807 1242 5863 31-55.

2723 2703 2993 2769 διῄρηται
3013 2700 3176 2763 βίος.

2247 2798 2385 2853 Ἀλλ’
2422 2800 2452 2852 ὁ
2499 2797 2595 2867 μὲν
2626 2797 2684 2847 ὲν
2722 2792 2916 2857 πλαξὶν
2954 2790 3200 2860 ἀψύχοις,
3241 2789 3271 2841 ὁ
3299 2788 3346 2841 δ’
3381 2790 3439 2843 ἰν
3479 2790 3739 2855 διανοίαις

2165 2893 2367 2959 ζώσαις
2396 2891 2466 2945 τὰ
2509 2888 2689 2942 τέλεια
2727 2888 2826 2953 τῆς
2859 2883 3068 2951 Καινῆς
3110 2881 3383 2951 Διαθήκης
3426 2884 3734 2952 παραγγέλ-

2178 2998 2321 3054 ματα
2356 2978 2689 3050 ὶνέγραψεν·
2741 2978 2792 3031 οἱ
2843 2977 2899 3031 δέ
2932 2993 2993 3045 γε
3037 2976 3201 3031 αὑτοῦ
3253 2975 3493 3045 μαθηταὶ
3528 2971 3607 3043 τῷ
3641 2969 3735 3025 τοῦ

2175 3069 2493 3127 διδασκάλου
2538 3068 2766 3139 νεύματι
2809 3067 3139 3139 κατάλληλον
3197 3071 3320 3130 ταῖς
3370 3064 3480 3118 τῶν
3528 3063 3738 3116 πολλῶν

2177 3162 2368 3226 ἀκοαῖς
2416 3160 2724 3231 ποιούμενοι
2769 3158 2869 3231 τὴν
2922 3159 3296 3221 διδασκαλίαν,
3344 3158 3443 3209 ὃσα
3499 3155 3597 3226 μὲν
3642 3155 3735 3207 an

2180 3255 2281 3327 τὴν
2322 3254 2435 3321 ἱξιν
2467 3252 2814 3323 διαϐεϐηκόσι
2858 3251 2996 3323 πρὸς
3033 3250 3124 3304 τοῦ
3175 3249 3378 3303 τελείου
3424 3246 3744 3300 διδασκάλου

2167 3348 2533 3423 παρήγγελτο,
2564 3345 2736 3400 ταῦτα
2767 3344 2880 3406 τοῖς
2903 3342 3036 3403 οἵοις
3064 3355 3122 3392 τε
3146 3339 3341 3408 χωρεῖν
3366 3334 3737 3406 παρεδίδοσαν

2166 3442 2267 3494 ὅσα
2299 3440 2357 3493 δὲ
2398 3441 2509 3501 τοῖς
2553 3436 2633 3489 ἔτι
2667 3434 2766 3498 τάς
2802 3432 2978 3503 ψυχάς
3007 3428 3298 3501 ὲμπιθέσι,
3323 3427 3416 3481 καὶ
3448 3423 3743 3497 θεραπείας

2166 3533 2437 3603 δεομένοις
2480 3526 2809 3599 ἐφαρμόζειν
2855 3522 3253 3593 ὑπελάμϐανον,
3283 3519 3455 3572 ταῦτα
3508 3532 3739 3585 συγκατ-

2171 3625 2341 3687 ιόντες
2372 3625 2437 3694 τῇ
2472 3620 2578 3674 τῶν
2619 3618 2876 3673 πλειόνων
2912 3615 3185 3685 ἀσθενείᾳ,
3220 3614 3287 3666 τά
3319 3611 3416 3682 μὲν
3444 3609 3533 3664 διά
3561 3627 3745 3681 γραμ-

2171 3717 2378 3789 μάτων,
2419 3714 2487 3768 τά
2517 3713 2573 3766 δὲ
2611 3712 2677 3765 δι’
2717 3708 2979 3780 ἀγράφων
3011 3704 3227 3776 θεσμῶν
3253 3704 3537 3773 φυλάττειν
3567 3718 3741 3772 παρε-

2166 3814 2408 3869 δίδοσαν
2445 3814 2583 3867 ὥστε
2642 3811 2742 3883 ήδη
2794 3808 2889 3863 καὶ
2923 3808 2989 3878 τῇ
3019 3802 3254 3876 Χριστοῦ
3309 3801 3603 3872 Ἐκκλησία
3645 3797 3743 3852 δύο

2170 3905 2298 3976 βίων
2321 3901 2774 3975 νενομοθετῆσθαι
2797 3899 3059 3973 τρόπους’
3090 3897 3181 3949 τὸν
3212 3894 3310 3966 μὲν
3333 3891 3608 3964 ὑπερφυῆ,
3642 3889 3741 3944 καὶ

2165 3999 2265 4068 τῆς
2305 3997 2493 4067 κοινῆς
2533 3995 2628 4049 καὶ
2661 3992 3008 4062 ἀνθρωπίνης
3055 3988 3328 4049 πολιτείας
3368 3985 3644 4042 ἐπέκεινα.
3677 3981 3740 4035 οὔ

2162 4090 2393 4161 γάμους,
2425 4089 2488 4142 οὐ
2516 4084 2876 4149 παιδοποιίας,
2904 4083 3025 4137 οὑδὲ
3041 4082 3251 4150 κτῆσιν,
3278 4078 3398 4131 οὑδὲ
3427 4076 3743 4145 περιουσίας

2163 4180 2397 4253 ὓπαρξιν
2439 4177 2893 4251 παραδεχόμενον,
2925 4175 3047 4228 ὅλον
3085 4173 3143 4226 δὲ
3175 4172 3241 4226 δι’
3279 4171 3402 4225 ὅλου
3434 4171 3530 4241 τῆς
3556 4169 3741 4239 κοινῆς

2162 4275 2255 4330 καὶ
2289 4272 2549 4344 συνήθους
2580 4271 2835 4325 ἁπάντων
2861 4265 3159 4338 ἀνθρώπων
3191 4264 3412 4335 ἀγωγῆς
3456 4261 3740 4333 παρηλλα-

2161 4365 2381 4436 γμένον,
2416 4364 2512 4417 καὶ
2546 4361 2685 4433 μόνῃ
2714 4362 2781 4431 τῇ
2812 4359 2907 4412 τοῦ
2932 4356 3066 4411 Θεοῦ
3092 4356 3358 4428 θεραπείᾳ
3398 4371 3743 4426 προσῳκειωα

2166 4456 2325 4527 μένον
2355 4453 2476 4509 καθ’
2522 4450 2826 4523 ὑπερϐολὴν
2876 4450 3075 4522 ἔρωτος
3098 4448 3379 4520 οὐρανίου’
3418 4448 3468 4499 οἱ
3495 4445 3561 4517 δὴ
3590 4443 3741 4498 τόνδε

2166 4547 2445 4618 μετιόντες
2466 4545 2554 4599 τον
2590 4546 2807 4617 τρόπον,
2829 4543 2937 4595 τῶν
2968 4541 3175 4611 θνητῶν
3216 4539 3329 4609 βίον
3362 4538 3613 4591 τεθνάναι
3654 4535 3743 4589 δο-

2163 4639 2404 4703 κοῦντες,
2440 4639 2534 4692 καὶ
2563 4637 2693 4691 αὑτὸ
2727 4636 2884 4708 μόνον
2904 4635 2965 4688 τὸ
3006 4634 3165 4705 σῶμα
3202 4632 3456 4703 φέροντες
3486 4628 3579 4682 ἐπὶ
3613 4627 3744 4699 γῆς,

2164 4732 2472 4804 φρονήματι
2503 4730 2560 4783 δὲ
2591 4729 2690 4801 τὴν
2720 4728 2896 4798 ψυχὴν
2913 4729 2991 4791 είς
3018 4724 3246 4797 οὐρανὸν
3269 4720 3738 4794 μετενηνεγμένα,

2162 4821 2251 4879 οἷά
2295 4839 2442 4885 τινες
2479 4822 2630 4886 θεοὶ,
2663 4822 2757 4875 τὸν
2794 4820 2905 4873 τῶν
2956 4817 3258 4889 ἀνθρώπων
3313 4813 3551 4885 ἐφορῶσι
3602 4811 3737 4883 βίον,

2163 4917 2303 4987 ὑπὲρ
2361 4913 2456 4968 τοῦ
2511 4913 2710 4976 παντὸς
2741 4911 2933 4981 γένους
2957 4907 3241 4980 ίερωμένοι
3273 4904 3351 4975 τῷ
3386 4905 3478 4957 ἐπὶ
3522 4903 3742 4957 πάντων

2161 5006 2300 5078 Θεῷ,
2333 5007 2393 5061 οὑ
2426 5005 2738 5077 βουθυσίαις
2785 5003 2880 5057 καλ⁵
2925 5002 3170 5070 αϊμασιν,
3215 4996 3335 5050 οὐδὲ
3372 4994 3622 5056 σπονδαῖς
3644 4991 3742 5045 καὶ

2162 5101 2426 5163 κνίσσαις,
2477 5097 2586 5151 οὐδ’
2617 5094 2683 5151 αὖ
2713 5094 2906 5163 καπνῷ
2931 5091 3024 5146 καὶ
3063 5089 3234 5160 πυρὸς
3284 5085 3615 5156 ἀποϐρώσει.
3645 5082 3742 5136 καὶ

2164 5195 2429 5265 σωμάτων
2482 5190 2730 5261 φθοραῖς,
2759 5186 2990 5255 δόγμασι
3020 5183 3074 5235 δὲ
3110 5181 3287 5253 ὀρθοῖς
3322 5176 3555 5248 ἀληθοῦς
3582 5176 3739 5226 εὐσε-

2162 5264 2336 5351 ϐείας,
2364 5283 2543 5354 ψυχῆς
2558 5299 2616 5334 τε
2646 5278 2881 5333 διαθέσει
2914 5273 3349 5345 κεκαθαρμένης,
3385 5269 3479 5322 καὶ
3513 5264 3739 5336 προσέτι

2167 5380 2279 5440 τοῖς
2325 5377 2445 5429 κατ’
2489 5373 2688 5445 ἀρετὴν
2731 5371 2909 5441 ἔργοις
2936 5385 2994 5421 τε
3030 5369 3122 5421 καὶ
3151 5365 3330 5434 λόγοις
3349 5379 3366 5395 ·
3397 5357 3479 5423 οἷς
3502 5359 3563 5412 τὸ
3583 5358 3736 5411 Θεῖον

2169 5465 2551 5534 ὲξιλεοὺμενοι,
2580 5462 2679 5533 τὴν
2720 5461 2859 5531 ὑπὲρ
2909 5455 3271 5531 σφῶνιαὺτῶν
3294 5452 3388 5506 καὶ¹
3415 5451 3522 5503 τῶν
3555 5447 3737 5517 σφίσιν

2167 5554 2441 5625 ὁμογενῶν
2492 5550 2844 5607 ἀποτελοῦσιν
2899 5547 3225 5619 ἱερουργίαν.
3265 5542 3480 5596 Τοιόσδε
3521 5541 3617 5611 μὲν
3644 5533 3740 5590 οὖν

2169 5645 2504 5716 καθέστηκεν
2550 5644 2578 5697 ὁ
2624 5642 2840 5711 ἐντελὴς
2884 5641 2984 5711 τῆς
3024 5637 3164 5693 κατά
3193 5638 3282 5690 τὸν
3315 5627 3739 5706 Χριστιανισμδν
