4106 6480
378 382 455 438 ’Π
1291 372 1949 430 DEMONSTRA'HONIS
1982 374 2449 433 EVANGELICE
2488 376 2616 431 LIB.
2657 375 2699 431 Ι.
2750 377 2755 383 ’
3570 384 3636 437 '78

386 502 658 565 πολιτείας
685 499 903 571 τρόπος.
935 499 991 552 Ὀ
1011 498 1053 551 δ’
1072 495 1429 567 ὑποϐεϐηκὼς
1454 493 1957 565 ἀνθρωπινώτερος,

2063 494 2344 550 vinitatem
2379 495 2555 566 ipsam
2585 494 2866 565 placantes
2905 513 3065 553 suum
3094 506 3151 554 et
3194 514 3294 570 pro
3327 500 3546 569 seipsis,
3580 509 3637 553 et

381 590 495 658 οἷος
513 594 607 647 καὶ
627 592 823 663 γάμοις
840 589 1184 659 συγκατιέναι
1199 586 1439 658 σώφροσι
1464 586 1558 639 καὶ
1574 585 1959 650 παιδοποιίαις,

383 684 693 756 οἰκονομίας
715 701 774 738 τε
819 681 1211 753 ἐπιμελεῖσθαι,
1245 684 1359 744 τοῖς
1398 697 1456 733 τε
1494 678 1639 734 κατὰ
1666 678 1727 733 τὸ
1756 679 1959 734 δίκαιον

355 752 361 769 ’
388 752 834 848 στρατευομένοις
863 752 931 828 τά
961 772 1211 845 πρακτέα
1258 771 1627 835 ὑποτίθεσθαι,
1656 770 1840 843 ἀγρῶν
1877 789 1957 835 τε,

349 855 356 871 ⁷
387 868 479 921 καὶ
510 867 796 938 ἐμπορίας,
825 868 919 920 καὶ
947 867 1043 936 τῆς
1080 864 1245 935 ἄλλης
1276 862 1703 935 πολιτικωτέρας
1737 864 1959 933 ἀγωγῆς

391 957 526 1029 με’τά
576 956 670 1009 τοῦ
715 954 1000 1018 Θεοσεϐοὖς
1054 954 1376 1025 φροντίζειν,
1424 947 1506 1017 οἷς
1533 953 1627 1007 καὶ
1676 954 1960 1024 ἀσκήσεως

385 1048 586 1119 καιροὶ,
613 1045 909 1117 μαθητείας
933 1063 991 1098 τε
1014 1046 1105 1097 καὶ
1134 1043 1241 1097 τῶν
1263 1043 1418 1096 θείων
1451 1043 1623 1112 λόγων
1647 1044 1960 1117 ἀκροάσεως

380 1139 587 1212 ’ἡμέραι
634 1138 1041 1211 ἀφωρίσθησαν.
1090 1138 1199 1189 Καί
1229 1155 1312 1200 τις
1352 1136 1561 1200 τούτοις
1596 1136 1844 1205 δεύτερος
1873 1138 1962 1190 εὑ-

384 1231 601 1294 σεϐείας
646 1229 963 1303 ἁπενεμήθη
1009 1229 1242 1301 βναθμὸς,
1288 1228 1617 1300 κατάλληλον
1668 1229 1746 1300 τῷ
1782 1230 1961 1300 τοιῳδὶ

382 1321 486 1394 βίῳ
520 1324 774 1395 παρέχων
802 1325 901 1394 τὴν
926 1322 1213 1392 ὠφέλειαν,
1242 1324 1316 1385 ὡς
1351 1322 1555 1393 μηδένα
1586 1323 1833 1393 ἀμοιρεῖν
1862 1322 1961 1391 τῆς

384 1416 654 1487 σωτηρίου
685 1416 1005 1484 ἐπιφανείας
1028 1432 1041 1444 ·
1083 1416 1190 1468 πᾶν
1213 1414 1269 1468 δὲ
1299 1415 1453 1483 γένος
1490 1414 1813 1486 ἀνθρώπων,
1852 1415 1963 1467 Ἐλ-

378 1504 561 1577 λήνων
575 1507 710 1577 ὁμοῦ
728 1508 821 1561 καὶ
843 1507 909 1578 βα
917 1506 1154 1579 ρϐάρων,
1175 1505 1275 1576 τῆς
1293 1505 1652 1577 εὐαγγελικῆς
1667 1504 1959 1560 ἀπολαύειν

378 1598 748 1662 έδιδασκαλίαςτ

2064 600 2165 657 pro
2192 587 2334 653 aliis,
2387 588 2483 657 qui
2516 587 2758 656 ejusdem
2790 588 2898 643 sint
2947 590 3161 659 generis
3194 631 3210 655 ,
3253 590 3637 646 administrant

2067 678 2457 733 sacerdotium.
2497 679 2606 749 30
2634 678 2698 734 Et
2717 680 2845 735 talis
2874 682 3092 750 quidem
3146 683 3366 739 exsistit
3397 683 3453 739 in
3476 683 3635 738 Chri-

2062 769 2353 824 stianismo
2379 769 2657 839 perfectus
2701 772 2826 826 vitae
2852 772 3068 827 modus.
3105 773 3255 828 Alter
3284 790 3415 829 vero
3444 776 3638 829 remis—

2064 862 2179 917 sior
2228 871 2393 933 atque
2425 864 2753 931 humanior;
2788 865 2878 920 hic
2906 874 2959 921 et
2992 865 3238 922 modesto
3273 869 3552 939 conjugio,
3584 877 3638 923 et

2067 955 2273 1011 sobolis
2296 957 2683 1025 procuratione
2705 957 3036 1027 implicatur,
3059 966 3112 1014 et
3134 959 3214 1014 rei
3242 958 3527 1018 familiaris
3543 976 3638 1016 cu-

2072 1060 2189 1098 ram
2213 1048 2464 1111 assumit,
2499 1056 2552 1102 et
2575 1049 2723 1117 juste
2755 1049 3147 1113 militantibus,
3178 1066 3298 1120 quae
3324 1052 3434 1105 sint
3472 1068 3640 1121 agen-

2065 1136 2156 1203 da,
2188 1138 2449 1194 describit
2478 1158 2490 1192 :
2515 1155 2673 1210 agros
2695 1156 2935 1210 quoque,
2954 1150 3009 1196 et
3034 1151 3420 1206 mercaturam,
3440 1143 3638 1198 alium.

2064 1245 2170 1299 que
2204 1231 2375 1300 magis
2405 1231 2620 1285 civilem
2681 1231 2897 1287 vivendi
2946 1248 3176 1296 morem,
3218 1232 3476 1302 adjuncta
3509 1234 3638 1288 reli-

2065 1323 2225 1392 gione
2254 1336 2362 1376 non
2397 1323 2619 1394 negligit
2650 1342 2663 1376 :
2691 1324 2758 1380 iis
2786 1333 2966 1380 autem
2994 1327 3086 1396 qui
3118 1326 3265 1381 hunc
3289 1327 3508 1382 modum
3527 1328 3639 1382 ele-

2065 1421 2282 1483 gerunt,
2336 1420 2390 1469 et
2431 1416 2886 1470 exercitationum
2938 1426 3220 1486 tempora,
3265 1427 3320 1473 et
3365 1420 3638 1484 discendi,

2062 1505 2397 1575 verbumque
2444 1506 2689 1561 divinum
2736 1509 3028 1574 audiendi,
3062 1511 3196 1565 certi
3224 1510 3342 1566 dies
3376 1512 3637 1581 assignati
3716 1493 3723 1499 ’

2064 1606 2192 1651 sunt
2230 1615 2245 1651 :
2279 1606 2333 1652 et
2369 1599 2454 1654 bis
2496 1599 2718 1669 quidem
2762 1602 3041 1658 secundus
3082 1603 3301 1671 pietatis
3338 1604 3637 1657 attributus

381 1700 471 1749 est
497 1695 720 1764 gradus,
748 1694 879 1748 dum
916 1704 1097 1765 aptam
1127 1695 1256 1752 huic
1290 1697 1393 1766 ipsi
1440 1695 1624 1766 generi
1676 1693 1800 1748 vitae
1849 1693 2051 1763 praebet
2093 1694 2404 1761 utilitatem,
2436 1703 2495 1749 ut
2559 1698 2744 1752 nullus
2807 1700 2966 1770 plane
3010 1701 3086 1756 ab
3141 1700 3375 1756 adventu
3414 1702 3641 1756 salutari

385 1797 691 1858 separetur,
735 1790 829 1845 sed
884 1806 1047 1846 omne
1093 1807 1266 1863 genus
1333 1792 1613 1847 hominum
1651 1797 1765 1843 tam
1804 1791 2186 1858 barbarorum,
2223 1807 2384 1861 quam
2435 1789 2771 1859 Graecorum,
2826 1795 3152 1867 evangelica:
3193 1796 3458 1851 doctrinae
3525 1795 3643 1850 fru—

386 1889 534 1935 ctum
558 1882 841 1951 percipiat.

911 2001 1309 2055 ΚΕΦΑΛΑΙΟΝ
1352 1999 1428 2054 6’.

388 2090 455 2144 TI
498 2089 720 2163 δήποτε
760 2090 881 2163 μὴι
906 2081 1119 2163 ὁμοίως
1180 2094 1304 2159 τοῖς
1345 2094 1622 2159 παλαιοῖς
1673 2094 1769 2146 καὶ
1827 2092 1961 2159 παρ’

539 2161 684 2232 ἡμῖν
712 2161 784 2215 τὰ
811 2161 918 2230 τῆς
938 2161 1349 2230 πολυπαιδίας
1391 2163 1806 2224 σπουδάζεται.

454 2252 672 2308 Τούτων
700 2248 803 2308 ὧδε
832 2255 1086 2326 ἐχόντων,
1126 2254 1358 2327 ζητήσαι
1405 2256 1470 2309 ἄν
1531 2272 1614 2318 τις
1644 2256 1889 2321 εἰκότως,
1915 2257 1965 2310 εἰ

379 2342 448 2416 δὴ
470 2344 611 2399 κατά
636 2347 761 2409 τοὺς
788 2346 953 2400 πάλαι
977 2347 1070 2399 καὶ
1097 2347 1233 2416 πρὸς
1258 2346 1555 2410 Μωῦσέως,
1580 2345 1847 2416 Θεοφιλεῖς
1872 2347 1969 2400 άν-

382 2431 517 2505 δρας
547 2435 644 2504 τὴν
670 2433 763 2488 τοῦ
792 2436 1039 2505 Σωτῆρος
1059 2437 1091 2505 ἡ
1100 2435 1214 2505 μῶν
1238 2435 1597 2507 εὐαγγελικὴν
1617 2436 1964 2491 διδασκαλίαν

385 2520 658 2575 θεοσεϐεἰν
722 2523 1073 2577 ὑποτίθεσθαί
1105 2542 1315 2595 φαμενο
1355 2525 1482 2596 μίαν
1506 2544 1564 2579 τε
1596 2526 1752 2597 ἡμῶν
1772 2545 1831 2580 τε
1862 2529 1962 2581 κά-

387 2612 581 2666 κείνων
636 2614 938 2680 εὐσέϐειαν,
990 2617 1085 2669 καὶ⁵
1129 2615 1265 2669 Θεοῦ
1304 2617 1504 2687 γνῶσιν
1544 2619 1643 2690 τὴν
1677 2620 1877 2690 αὑτήν
1910 2620 1964 2672 τί

386 2703 524 2774 δῆτα
549 2705 599 2757 οί
627 2705 729 2775 μὲν
773 2706 903 2776 περὶ
951 2707 1161 2777 γάμους
1197 2709 1290 2760 καὶ
1327 2708 1668 2773 παιδοποιίας
1702 2709 1965 2781 πλείστην

383 2795 605 2865 εἰσῆγον
636 2796 892 2868 σπουδὴν,
928 2800 1060 2869 ἡμῖν
1086 2800 1143 2852 δὲ
1163 2799 1321 2852 τοῦτο
1345 2801 1740 2873 παραμελεῖται
1768 2803 1828 2855 τὸ
1865 2802 1963 2873 μέ-

385 2903 498 2957 ρος.
532 2888 643 2941 Καὶ
672 2889 834 2945 πάλιν
859 2892 906 2943 οἱ
940 2890 1037 2962 μὲν
1065 2894 1184 2956 ταῖς
1199 2892 1287 2946 διὰ
1315 2892 1468 2957 ζώων
1492 2894 1702 2960 θυσίαις
1731 2895 1965 2961 ὲξιλεού-

382 2994 539 3048 μενοι
552 2980 643 3033 τὸν
663 2981 794 3036 Θεὸν
821 2983 1232 3055 ἀνεγράφησαν*
1257 2988 1388 3057 ἡμῖν
1416 2985 1473 3038 δὲ
1490 2985 1757 3040 καὶτοῦτο
1789 2988 1964 3059 πράτ-

362 3085 520 3149 Ιεἰςιν,
551 3071 626 3138 ὥς
656 3092 707 3128 τι
737 3074 844 3128 τῶν
877 3076 1125 3141 ἀνοσίων,
1150 3078 1543 3149 ἀπηγόρευται.
1565 3077 1670 3130 Δύο
1701 3078 1810 3151 γάρ
1828 3080 1966 3149 μόνα

273 3243 283 3250 ¹
375 3164 573 3232 ταῦτα,
608 3168 668 3220 οὔ
705 3168 934 3239 σμικρὸν
967 3168 1156 3239 ἔχοντα
1201 3169 1378 3238 λόγον,
1407 3169 1605 3234 δόξειεν
1633 3168 1699 3223 ἂν
1728 3175 1839 3235 τοῖς
1874 3173 1963 3241 ὑφ’

378 3260 542 3331 ήμῶν
588 3260 897 3333 εἰρημένοις
950 3262 1311 3325 ἀντιπίπτειν,
1357 3263 1434 3325 ὼς
1494 3261 1568 3333 μὴ
1616 3263 1758 3318 κατά
1792 3264 1968 3319 ταῦτα

2665 1997 2895 2053 CAPUT
2933 1997 3022 2055 ιχ.

2067 2084 2242 2153 Quam
2294 2085 2359 2140 οὐ
2385 2072 2605 2141 εαὶιεαηι
2629 2104 2738 2164 non
2765 2098 2825 2164 ut
2848 2090 3012 2159 prisci
3066 2090 3178 2164 illi,
3198 2093 3275 2145 ita
3314 2109 3406 2146 nos
3442 2109 3646 2164 quoque

2295 2173 2589 2213 numerosa
2616 2210 2621 2219 ,
2649 2157 2818 2213 soboli
2849 2157 3094 2229 'operam
3144 2160 3357 2216 damus.

2133 2243 2270 2301 Cum
2305 2247 2420 2302 haec
2450 2247 2527 2309 ita
2551 2262 2611 2302 se
2634 2247 2870 2303 habeant
2892 2288 2909 2315 ,
2963 2251 3161 2305 merito
3216 2252 3415 2322 aliquis
3437 2256 3645 2324 quaesi-

2064 2338 2191 2404 erit,
2219 2338 2265 2393 si
2289 2354 2418 2394 vere
2449 2338 2688 2393 dicimus
2718 2339 2788 2394 ab
2808 2340 3118 2410 evangelica
3138 2340 3438 2399 Salvatoris
3465 2348 3639 2400 nostri

2064 2430 2337 2496 doctrina,
2371 2443 2491 2485 eam
2522 2428 2693 2484 divini
2730 2430 2912 2483 cultus
2948 2430 3214 2485 rationem
3242 2430 3453 2496 doceri,
3473 2449 3639 2504 quam

2062 2522 2235 2592 prisci
2264 2522 2362 2585 illi,
2392 2522 2483 2591 qui
2505 2528 2630 2576 ante
2662 2520 2866 2576 Mosem
2894 2521 3148 2590 religiose
3174 2531 3229 2577 et
3283 2530 3472 2579 sancte
3488 2527 3642 2579 vixe-

2062 2621 2214 2677 runt,
2233 2610 2408 2665 secuti
2435 2620 2564 2675 sunt
2598 2630 2611 2664 :
2657 2626 2934 2681 unamque
2971 2626 3095 2667 esse
3125 2619 3181 2668 et
3210 2621 3477 2677 nostram,
3510 2615 3645 2668 etil-

2064 2705 2243 2759 lorum
2273 2702 2611 2773 religionem,
2653 2703 2992 2773 eandemque
3020 2702 3089 2759 de
3122 2704 3233 2761 Deo
3261 2707 3588 2761 sententiam
3625 2722 3644 2761 :

2062 2812 2314 2869 quaenam
2368 2812 2536 2852 causa
2571 2799 2643 2851 sit
2673 2836 2690 2862 ,
2722 2805 2782 2851 ut
2818 2797 2895 2852 illi
2930 2799 3152 2868 quidem
3209 2800 3266 2852 in
3324 2800 3536 2869 nuptiis
3588 2807 3645 2855 et

2063 2890 2445 2960 procreatione
2474 2889 2772 2944 liberorum
2806 2889 3100 2960 plurimum
3138 2889 3303 2945 studii
3335 2892 3640 2960 posuerint,

2065 2996 2166 3037 nos
2196 2996 2328 3036 vero
2354 2981 2494 3035 hanc
2523 2991 2731 3051 partem
2759 2982 3121 3052 negliganms.
3140 2980 3271 3036 Item
3300 2997 3425 3036 cum
3451 2981 3645 3039 deillis

2066 3074 2328 3141 scriptum
2364 3071 2457 3136 sit,
2506 3071 2649 3140 quod
2699 3072 3016 3127 animalium
3055 3072 3298 3126 caadibus
3334 3073 3501 3127 Deum
3531 3077 3643 3143 pla-

2065 3168 2275 3224 carent,
2303 3177 2401 3215 cur
2434 3162 2508 3215 ita
2542 3176 2645 3216 nos
2701 3163 2848 3216 istud
2900 3161 3080 3217 facere
3104 3203 3119 3227 ,
3160 3164 3320 3232 quasi
3369 3164 3641 3220 nefarium

2065 3255 2346 3324 quidpiam
2425 3262 2479 3309 et
2563 3254 2891 3324 sacrilegum
2929 3294 2943 3319 ,
3032 3255 3440 3323 prohibeamur.
3514 3255 3643 3310 Haec

381 3351 474 3406 τὸν
510 3351 741 3406 παλαιὸν
777 3352 1056 3417 σωζόντων
1102 3354 1201 3424 τῆς
1249 3354 1531 3418 εὐσεϐείας
1576 3355 1799 3426 τρόπον.
1853 3358 1960 3409 Καὶ

2067 3348 2213 3401 enim
2252 3347 2360 3401 duo
2399 3347 2664 3402 duntaxat
2699 3389 2713 3413 ,
2761 3362 2883 3416 quae
2942 3360 3076 3402 sane
3114 3347 3260 3402 baud
3314 3348 3464 3418 parvi
3524 3363 3643 3403 mo-

384 3442 520 3514 πρὸς
557 3442 711 3496 ταῦτ’
738 3440 833 3497 οὖν
894 3444 1105 3499 τοιάνδε
1155 3445 1307 3498 λύσιν
1350 3445 1408 3512 ἐξ
1456 3445 1636 3499 αὐτῶν
1697 3448 1961 3519 πάρεστιν

384 3533 745 3601 ἀναλέξασθαι
775 3534 882 3590 τῶν
910 3534 1092 3609 [παρ’]
1124 3537 1393 3609 Ἑϐραίοις
1407 3538 1602 3607 λογίων
1624 3557 1638 3569 ·
1656 3541 1825 3611 οἱμὲν
1856 3543 1962 3611 πρὸ

382 3624 659 3689 Μωῦσέως
691 3627 778 3680 ἐπ’
805 3627 1059 3701 εὐσεϐείᾳ
1090 3631 1592 3702 μεμαρτυρημένοι,
1619 3633 1793 3705 ἀρχὴν
1813 3634 1965 3704 ἕχον-

380 3732 474 3780 τος
505 3718 626 3771 τότε
646 3719 740 3772 καὶ
773 3722 1161 3791 συνισταμένου
1185 3721 1280 3775 τοῦ
1308 3722 1443 3792 βίου,
1473 3723 1726 3791 γενέσθαι
1756 3742 1962 3796 μνημο-

382 3809 659 3866 νεύονται·
690 3811 760 3866 τά
785 3812 843 3864 δὲ
873 3812 995 3866 καθ’
1030 3815 1181 3883 ἡμᾶς
1214 3813 1341 3883 περὶ
1387 3813 1539 3877 τέλος
1568 3814 1834 3873 ἐλαύνειν.
1869 3817 1963 3870 Διὸ

381 3905 494 3965 τοῖς
530 3903 629 3972 μὲν
659 3904 1055 3970 σπουδάζεσθαι
1074 3898 1177 3977 ,τὴν
1202 3906 1310 3958 τῶν
1335 3906 1592 3978 διαδόχων
1623 3910 1862 3963 ἐπίδοσιν
1881 3911 1961 3973 είς

381 3994 618 4049 ’πολυανο
625 3996 858 4067 ρωπίαν,
875 3996 941 4050 αὖ
949 3997 1128 4062 ξοντος
1149 4002 1267 4053 κατ’
1296 4003 1470 4055 ἐκεῖνο
1486 4002 1698 4075 καιροῦ,
1717 4005 1811 4057 καὶ
1825 4003 1962 4074 πλη-

381 4086 652 4152 θύνοντος,
708 4089 790 4151 είς
825 4089 1007 4161 ἀκμήν
1046 4106 1105 4143 τε
1147 4093 1426 4162 προίόντος
1465 4093 1558 4146 τοῦ
1611 4094 1720 4149 τῶν
1752 4094 1962 4167 ἀνθρώ-

383 4195 502 4233 πιον
528 4181 750 4249 γένους⁴
776 4181 907 4250 ἡμῖν
930 4180 988 4233 δὲ
1016 4181 1090 4252 μὴ
1120 4182 1324 4253 σφόδρα
1345 4200 1428 4236 τοι
1461 4183 1617 4237 τοῦτο
1653 4184 1857 4255 μέλειν,
1884 4185 1961 4249 ὡς

379 4269 447 4324 ἂν
480 4270 581 4341 ἤδη
606 4270 712 4324 τῶν
742 4273 1083 4343 πραγμάτων
1108 4273 1400 4341 φθινόντων
1432 4277 1528 4328 καὶ
1552 4275 1954 4346 ἀποληγόντων,

378 4362 475 4413 ἐπὶ
507 4362 681 4433 πέρας
711 4379 770 4415 τε
794 4362 1019 4434 ἔσχατον
1044 4364 1394 4429 ἐλαυνόντων,
1415 4367 1707 4439 διαρρήδην
1744 4369 1841 4438 τῆς
1862 4368 1959 4422 τοῦ

383 4452 499 4520 βίου
546 4452 874 4517 συντελείας,
920 4455 1026 4527 πρὸ
1063 4456 1162 4526 τῆς
1207 4456 1565 4529 εὐαγγελικῆς
1608 4458 1958 4524 διδασκαλίας

380 4543 474 4596 ἐπὶ
505 4542 697 4614 θύραις
738 4543 982 4597 ἐλαύνειν
1014 4544 1329 4616 λεγομένης,
1376 4547 1725 4612 ἀνανεώσεως
1760 4548 1817 4601 τὲ
1863 4550 1958 4602 καὶ

384 4634 800 4704 παλιγγενεσίας
840 4636 1036 4700 αἰῶνος
1062 4638 1272 4708 ἐτέρου,
1320 4639 1442 4692 ὅσον
1485 4639 1636 4693 οῠπω
1672 4640 1955 4711 μέλλοντος
1987 4686 2031 4740 D

381 4726 791 4798 ἐπιστήσεσθαι,
823 4732 1362 4802 προκηρυττομένης.
1405 4732 1520 4786 Μία
1552 4732 1650 4802 μὲν
1696 4729 1788 4785 οὖν
1818 4733 1955 4787 ἀπό-

375 4817 526 4881 δοσις
551 4820 719 4892 α’ύτηο
748 4822 973 4893 δευτέρα
999 4822 1042 4875 δ’
1077 4822 1143 4877 ἂν
1168 4824 1255 4892 εἴη
1281 4823 1521 4894 τοιαύτη.
1558 4824 1682 4886 Τοῖς
1718 4824 1815 4893 μὲν
1845 4841 1952 4877 πα-

378 4910 572 4975 λαιοῖς,
601 4912 880 4982 ἀνειμένον
918 4914 1014 4967 καὶ
1042 4913 1326 4984 ἐλεύθερον
1360 4912 1603 4982 μετιοῦσι
1642 4913 1777 4983 βίον,
1802 4915 1954 4971 οὐδὲν

375 4998 449 5072 ἦν
478 5000 726 5073 ἐμποδὼν
756 5004 905 5058 οἴκου
934 5007 1027 5060 καὶ
1060 5006 1264 5059 παίδων
1298 5004 1659 5076 προΐστασθαι
1687 5006 1825 5077 μετὰ
1856 5007 1954 5079 τῆς

379 5096 509 5166 περὶ
530 5093 593 5147 τὺ
617 5094 771 5147 Θείον
794 5096 1006 5167 σχολῆς,
1024 5098 1213 5162 αὑταῖς
1233 5100 1519 5169 γαμεταῖς,
1545 5098 1640 5150 καὶ
1655 5097 1834 5163 παισὶ,
1859 5099 1957 5151 καὶ

376 5185 549 5249 οἴκοις
579 5185 848 5238 θεοσεϐεϊν
878 5188 1299 5259 ἀπερισπάστως
1333 5189 1667 5258 δυναμένοις,
1717 5191 1812 5243 καὶ
1846 5207 1954 5260 μη-

373 5277 565 5348 δαμῶς
597 5278 705 5330 ὑπὺ
741 5277 850 5332 τῶν
883 5279 1038 5343 ἐκτὸς
1082 5281 1181 5351 τῆς
1221 5281 1348 5352 περὶ¹
1379 5282 1449 5335 τά
1482 5281 1714 5351 κρείττω
1761 5282 1956 5353 προθέ-

377 5386 518 5435 σεως
544 5371 960 5441 ἀποσπωμένοις
983 5387 996 5399 ·
1032 5370 1101 5423 τά
1124 5372 1183 5424 δὲ
1216 5373 1335 5426 καθ’
1363 5375 1533 5443 ἡμᾶς,
1561 5373 1729 5445 μυρία
1758 5374 1824 5426 τά
1863 5375 1956 5425 ἐκ-

372 5464 468 5528 τὸς
497 5465 847 5530 καθέλκοντα,
880 5464 976 5518 καὶ
1006 5467 1087 5528 εἰς
1124 5465 1441 5530 ἀλλοκότους
1488 5467 1774 5538 φροντίδας
1801 5484 1954 5538 περι-

374 5557 629 5630 σύροντα,
654 5560 752 5630 τῆς
777 5576 840 5613 τε
868 5561 996 5631 περὶ
1035 5557 1104 5611 τὰ
1143 5559 1264 5630 Θεῷ
1296 5560 1504 5633 ἀρεστά
1547 5560 1781 5631 σπουδῆς
1827 5563 1953 5631 ἀφι-

370 5651 577 5707 στάντα
620 5654 895 5724 τυγχάνει.
930 5653 1099 5706 Τοῦτο
1135 5653 1266 5722 γοῦν
1308 5653 1480 5707 αἴτιον
1526 5650 1665 5708 εἶναι
1712 5656 1807 5726 τῆς
1842 5654 1952 5710 τῶν

366 5743 568 5814 γάμων
600 5744 860 5817 συστολῆς
887 5746 1215 5818 παρίστησιν
1237 5747 1265 5798 ό
1290 5746 1392 5816 τῆς
1416 5746 1775 5816 εὐαγγελικῆς
1803 5747 1951 5800 διδα-

370 5835 601 5903 σκαλίας
642 5836 818 5904 λόγος,
852 5839 1074 5907 φάσκων
1097 5857 1110 5870 ·
1166 5857 1185 5891 ι
1226 5837 1396 5892 Τοῦτο
1426 5838 1485 5892 δέ
1517 5855 1678 5910 φημι,
1709 5838 1948 5909 ἀδελφοὶ,

2064 3443 2233 3497 menti
2282 3450 2429 3507 sunt,
2472 3443 2741 3514 putaverit
2786 3442 3059 3512 quispiam
3090 3481 3108 3507 ,
3156 3443 3222 3497 iis
3270 3459 3391 3513 quae
3423 3458 3455 3496 a
3484 3442 3642 3497 nobis

2064 3533 2209 3589 dicta
2242 3542 2389 3597 sunt,
2444 3535 2744 3597 adversari,
2795 3548 3005 3603 nosque
3040 3549 3151 3589 non
3214 3537 3364 3589 omni
3430 3537 3641 3593 ratione

2061 3625 2296 3680 eundem
2349 3641 2474 3680 cum
2549 3626 2750 3695 priscis
2798 3625 2929 3688 illis,
3008 3627 3220 3681 colendi
3284 3627 3379 3683 Dei
3434 3643 3640 3683 morem

2065 3733 2305 3773 servare.
2341 3718 2511 3788 Igitur
2548 3720 2712 3773 etiam
2740 3718 3005 3774 adversus
3030 3720 3167 3783 haec,
3213 3720 3375 3774 talem
3414 3721 3542 3775 licet
3572 3738 3640 3775 ex

2063 3810 2199 3878 ipsis
2281 3809 2632 3864 Hebraeorum
2711 3810 2949 3864 oraculis
3019 3809 3286 3864 rationem
3356 3811 3635 3882 colligere.

2064 3903 2388 3972 Quicunque
2427 3912 2554 3957 ante
2609 3902 2813 3956 Mosem
2845 3902 2913 3956 de
2947 3901 3108 3955 laude
3152 3901 3373 3970 pietatis
3436 3917 3638 3959 nomen

2064 3996 2246 4066 adepti
2284 4004 2413 4051 sunt
2433 4035 2447 4060 ,
2479 3995 2532 4049 hi
2565 4004 2698 4050 tunc
2723 3996 2940 4049 initium
2976 3993 3231 4057 habente,
3259 3999 3502 4064 tuncque
3526 3993 3640 4064 pri-

2063 4104 2213 4143 mum
2243 4089 2542 4145 exsistente
2598 4089 2710 4141 vita
2744 4127 2761 4151 ,
2823 4087 2993 4143 fuisse
3044 4097 3460 4150 memorantur:
3518 4104 3641 4160 quae

2060 4198 2191 4240 vero
2235 4184 2303 4238 atl
2351 4198 2451 4238 nos
2501 4183 2793 4253 pertinent,
2858 4182 3084 4255 tendere
3122 4184 3193 4239 ad
3244 4184 3425 4239 linem.
3457 4182 3641 4250 Quara

2062 4277 2185 4333 illos
2218 4292 2414 4347 magna
2447 4290 2569 4330 cum
2597 4290 2762 4338 cura,
2796 4275 3002 4330 sobolis
3062 4276 3458 4331 incrementum
3487 4292 3640 4348 quae-

2061 4369 2277 4431 sivisse,
2311 4383 2437 4421 cum
2479 4383 2576 4438 per
2607 4366 2741 4421 illud
2771 4375 2986 4437 tempus
3040 4378 3094 4423 et
3148 4385 3410 4424 numerus
3464 4369 3639 4424 homi-

2059 4477 2193 4517 num
2227 4462 2331 4532 31
2373 4470 2689 4532 augesceret
2724 4470 2779 4516 et
2821 4461 3277 4531 multiplicaretur
3303 4504 3319 4527 ,
3373 4469 3537 4531 atque
3578 4463 3636 4516 in

2060 4554 2179 4611 dies
2206 4554 2375 4609 robur
2404 4556 2679 4623 acciperet
2698 4570 2870 4625 genus
2914 4555 3210 4608 humanum
3252 4574 3265 4607 :
3319 4554 3478 4608 nobis
3509 4569 3639 4607 vero

2061 4660 2172 4699 non
2197 4644 2490 4699 admodum
2524 4659 2670 4699 cura:
2694 4659 2815 4700 esse
2858 4644 2982 4704 hoc.
3008 4652 3195 4714 utpote
3226 4659 3349 4697 cum
3385 4658 3473 4697 res
3521 4642 3636 4710 jam

2060 4736 2287 4791 interire
2327 4751 2392 4790 ac
2433 4735 2722 4799 desinere,
2780 4741 2943 4805 atque
2995 4737 3062 4789 ad
3116 4741 3419 4790 extremum
3477 4730 3635 4786 linem

2061 4829 2282 4883 tendere
2307 4828 2602 4883 credantur
2626 4846 2642 4882 :
2677 4828 2896 4898 quando
2924 4828 3090 4896 plane
3110 4826 3332 4908 dicitur,
3364 4834 3489 4878 ante
3515 4822 3635 4877 vitae

2060 4922 2621 4988 consummationem,
2671 4920 3041 4992 evangelicam
3094 4920 3149 4973 in
3203 4918 3412 4972 foribus
3442 4915 3635 4972 adesse

2059 5014 2365 5070 doctrinam
2395 5032 2408 5067 :
2451 5020 2506 5068 et
2542 5012 2825 5068 renovatio
2868 5026 2934 5066 ac
2974 5011 3253 5082 generatio
3283 5009 3508 5067 alterius
3533 5024 3633 5063 saa-

2060 5107 2190 5170 culi,
2213 5105 2360 5176 quod
2390 5107 2542 5161 brevi
2571 5106 2739 5160 instet
2794 5105 3060 5170 futurum,
3092 5101 3470 5158 denuntiatur.
3515 5099 3631 5155 Una

2060 5197 2226 5268 igitur
2250 5198 2500 5253 defensio
2544 5197 2687 5258 hac,
2737 5191 2908 5251 altera
2942 5204 3121 5249 autem
3159 5195 3264 5247 erit
3292 5192 3631 5262 bujusmodi.

2058 5288 2264 5343 Priscis
2303 5289 2412 5343 illis
2467 5289 2560 5358 qui
2593 5288 2961 5343 remissiorem
3010 5301 3074 5339 ac
3118 5286 3430 5339 liberiorem
3470 5285 3631 5337 vitam

2052 5379 2306 5449 agebant,
2337 5376 2472 5431 nihil
2499 5388 2616 5431 erat
2651 5376 3064 5445 impedimento,
3095 5390 3162 5429 ne
3186 5373 3373 5427 domui
3411 5371 3629 5427 liberis-

2051 5485 2160 5540 que
2183 5475 2499 5538 prazessent,
2527 5466 2587 5522 a’c
2621 5468 2825 5545 pariter
2871 5460 3069 5519 divina:
3108 5480 3325 5535 quoque
3360 5462 3433 5518 rei
3465 5478 3630 5516 vaca-

2051 5569 2194 5624 rent,
2219 5559 2438 5630 quando
2464 5574 2571 5613 una
2601 5573 2725 5612 cum
2754 5556 3019 5610 uxoribus
3051 5566 3106 5610 et
3134 5556 3339 5621 liberis,
3367 5561 3421 5607 et
3446 5553 3630 5615 domo,

2050 5654 2302 5724 religioni
2331 5652 2606 5707 assiduam
2650 5651 2782 5704 dare
2818 5663 3042 5718 operam
3078 5657 3363 5718 poterant,
3415 5655 3471 5701 et
3498 5660 3627 5699 nus-

2057 5762 2220 5816 quam
2266 5746 2337 5800 ob
2371 5745 2510 5798 ullas
2553 5759 2642 5798 res
2696 5750 2951 5797 externas
3009 5758 3037 5797 a
3083 5743 3306 5798 mcli'ore
3348 5740 3627 5810 preposito

2058 5838 2449 5893 avellebantur.
2507 5834 2616 5891 Res
2658 5851 2786 5892 vero
2833 5846 3032 5892 nostra:
3086 5832 3503 5891 innumerabilia
3534 5831 3626 5884 ha~
