4106 6430
393 403 455 461 Si
1004 462 1011 467 _
1231 400 1884 458 DEMONSTRATIONIS
1921 398 2379 455 EVANGELICE
2420 397 2545 453 LIB.
2573 395 2616 451 ἰ.
3568 396 3640 450 8?.

391 516 488 573 τοῦ
530 515 645 588 βίον
676 516 909 587 δεσμῶν,
946 516 1041 571 καὶ
1064 515 1173 570 τῶν
1201 516 1620 588 πολυμερίμνων
1646 518 1960 589 φροντίδων.

2067 517 2320 579 nuerint,
2364 522 2457 569 aut
2486 513 2580 583 qui
2610 508 2934 566 enutrierint
2963 526 2976 565 :
3008 507 3226 580 quando
3261 516 3421 565 etiam
3454 510 3521 566 de
3550 513 3639 565 di-

397 608 645 663 Μάλιστα
674 608 719 661 δ’
751 605 844 663 οὖν
885 608 1094 672 τούτοις
1136 609 1450 678 ἀναγκαίως
1498 610 1566 663 τά
1605 609 1699 664 νῦν
1745 610 1832 664 διὰ
1862 610 1960 681 τὴν

396 701 526 771 περὶ¹
565 698 635 753 τὰ
676 700 905 773 κρείττω
949 699 1142 772 σχολὴν
1185 703 1218 772 ἡ
1251 700 1358 755 τῶν
1398 701 1590 772 γάμων
1617 699 1964 776 ἀναχώρησις

398 794 774 859 σπουδάζεται,
808 793 902 848 ἆτε
943 795 1071 863 περὶ
1098 792 1197 865 τὴν
1235 792 1414 847 ἔνθεον
1450 794 1543 848 καὶ
1569 793 1807 865 ἀσαρκον
1836 811 1966 847 παι-

390 886 637 941 δοποιίαν
669 886 1100 958 ἀσχολουμένοις,
1135 884 1232 956 οὐχ
1264 883 1381 949 ἑνὸς
1409 885 1529 939 οὐδὲ
1561 884 1703 938 δυεῖν
1737 884 1963 949 παίδων,

395 978 509 1033 ἀλλ’
532 974 741 1050 ἀθρόὶυς
764 979 954 1051 μυρίου
977 977 1213 1049 πλήθους
1224 976 1322 1049 τὴν
1342 977 1742 1050 παιδοτροφίαν,
1756 979 1850 1032 καὶ
1869 978 1967 1049 τὴν

397 1069 538 1125 κατὰ
568 1070 698 1124 Θεὸν
728 1071 1027 1134 παίδευσιν,
1057 1070 1155 1141 τῆς
1188 1086 1250 1122 τε
1292 1069 1455 1142 ἄλλης
1488 1071 1708 1142 ἀγωγῆς
1729 1069 1827 1124 τοῦ
1853 1070 1965 1140 βίου

393 1164 492 1237 τὴν
530 1164 844 1235 ἐπιμέλειαν
880 1163 1336 1235 ἀναδεδεγμένοις.
1370 1162 1499 1217 ἘπὶΔ
1522 1162 1729 1227 τούτοις
1764 1161 1967 1216 ἅπασιν

396 1255 554 1320 εἴτις
584 1255 826 1328 ἀκριϐῶς
853 1254 1092 1322 ἐξετάζοι
1112 1256 1237 1318 τοὺς
1250 1253 1358 1307 τῶν
1384 1253 1627 1308 παλαιῶν
1650 1252 1817 1325 βίους,
1841 1253 1969 1326 περὶ

392 1340 470 1400 ὧν
489 1346 578 1401 τὸν
593 1347 750 1416 λόγον
776 1347 1094 1417 ποιούμεθα,
1108 1348 1256 1421 γνῴη
1272 1348 1336 1402 ἂν
1358 1348 1552 1412 αὐτοὺς
1577 1349 1634 1401 ὲν
1650 1349 1846 1420 ἀρχαῖς
1871 1347 1969 1418 μὲν

395 1440 494 1515 τῆς
526 1438 741 1510 ἡλικίας
772 1440 1308 1512 παιδοποιουμένους,
1337 1440 1603 1494 θᾶττονδὲ
1633 1441 1971 1515 άνασχόντας

397 1529 490 1581 nul.
527 1529 1038 1601 ἀποπεπαυμένους.
1084 1531 1398 1602 Γέγραπται
1439 1530 1549 1603 γὰρ
1589 1532 1670 1584 ὅτι
1718 1550 1736 1581 ι
1760 1529 1969 1601 Εύηρέ-

395 1633 592 1689 στησεν
634 1619 803 1691 Ἑνὼχ
839 1621 918 1692 τῷ
967 1622 1107 1694 Θεῷ,
1156 1622 1294 1695 μετά
1332 1622 1394 1675 τὸ
1432 1622 1689 1692 γεννῆσαι
1731 1621 1821 1675 τὸν
1850 1622 1972 1675 Μα-

393 1709 652 1775 θουσάλα,
687 1732 705 1764 ι
751 1713 995 1784 ἀκριϐῶς
1018 1712 1160 1768 οὕτω
1194 1715 1291 1786 τῆς
1317 1713 1538 1785 Γραφῆς
1582 1713 1719 1783 μετὰ
1753 1711 1845 1765 τὸν
1876 1711 1969 1765 τοῦ

398 1805 587 1868 παιδὸς
625 1805 875 1876 γέννησιν
919 1807 1345 1878 εύηρεστηκέναι
1383 1805 1461 1877 τῷ
1491 1806 1612 1877 Θεῷ
1653 1806 1744 1860 τὸν
1780 1806 1969 1878 δηλούο

2068 608 2293 678 scipulis
2328 605 2625 661 Salvatoris
2651 603 2862 673 aliquos
2886 603 3140 657 novimus
3172 602 3420 657 libertate
3447 603 3640 657 volun—

2066 700 2195 752 tatis
2234 712 2476 761 aversos,
2525 710 2556 748 a
2600 702 2751 749 recto
2783 694 3090 748 aberrasse.
3129 692 3310 747 Causa
3359 693 3526 764 igitur
3568 696 3640 749 ob

2068 803 2228 858 quam
2264 788 2361 842 viri
2394 786 2568 842 sancti
2625 784 2820 855 priscis
2874 782 3210 853 temporibus
3260 798 3458 854 magno
3512 799 3637 838 cum

2067 879 2249 934 studio
2294 878 2496 932 liberos
2544 874 2913 945 susciperent,
2950 874 3162 931 reddita
3193 884 3277 931 est
3310 896 3321 930 :
3362 892 3485 948 quae
3528 892 3638 932 non

2068 971 2302 1041 amplius
2335 970 2391 1024 in
2418 968 2574 1025 nobis
2605 968 2785 1023 locum
2819 968 3017 1021 habere
3048 966 3277 1022 dicenda
3300 975 3403 1023 est.
3428 968 3639 1039 Quippe

2068 1077 2191 1116 cum
2213 1103 2227 1127 ,
2256 1061 2366 1115 Dco
2400 1059 2633 1123 favente,
2664 1075 2758 1130 per
2792 1058 3158 1129 evangelicam
3198 1056 3498 1116 Salvatoris
3536 1076 3637 1113 no-

2070 1154 2171 1211 stri
2215 1153 2543 1218 doctrinam,
2579 1151 3005 1206 innumerabiles
3043 1158 3231 1221 gentes
3257 1193 3271 1216 ,
3303 1158 3356 1206 ct
3388 1153 3637 1223 p0pulos,

2070 1246 2126 1300 in
2158 1244 2407 1304 urbibus.
2438 1251 2492 1297 et
2524 1241 2859 1314 regionibus,
2881 1249 2934 1295 et
2965 1241 3111 1312 agris
3140 1242 3300 1296 liceat
3332 1243 3491 1298 nobis
3515 1257 3642 1297 ocu-

2070 1338 2138 1392 lis
2164 1336 2394 1400 intueri,
2427 1334 2619 1391 eodem
2655 1333 2837 1388 animo
2871 1332 3220 1399 festinantes,
3261 1340 3315 1388 et
3354 1334 3417 1388 ad
3451 1342 3642 1389 sancta

2070 1430 2400 1499 evangelica:
2426 1427 2689 1482 doctrina:
2711 1433 2976 1497 praecepta
3002 1433 3411 1489 concurrentes,
3441 1427 3645 1497 quibus

2071 1521 2289 1591 quidem
2315 1520 2449 1575 satis
2476 1534 2749 1590 superque
2787 1518 2856 1571 sit
2876 1565 2888 1577 ,
2934 1516 2977 1570 si
3007 1516 3262 1571 doctores
3291 1532 3353 1571 ac
3389 1519 3646 1586 praedica-

2071 1623 2219 1670 tores
2273 1612 2442 1667 divini
2471 1612 2620 1666 verbi
2650 1611 2906 1666 omnibus
2966 1619 3017 1664 et
3065 1610 3190 1664 vitae
3242 1610 3478 1666 vinculis
3509 1653 3524 1676 ,
3589 1618 3644 1665 et

2072 1704 2533 1762 sollicitudinibus
2598 1704 2856 1765 liberati,
2929 1702 3142 1773 possint
3197 1701 3466 1757 suﬂicere.
3548 1699 3644 1757 llis

2073 1809 2252 1853 autem
2301 1798 2435 1868 ipsis
2491 1796 2729 1851 maxime
2808 1795 2864 1850 in
2930 1793 3261 1865 praesentia,
3327 1805 3387 1848 ut
3449 1794 3642 1848 melio-

400 1897 913 1970 μενονίστορούσης,
946 1900 1039 1953 καὶ
1067 1899 1252 1953 οὐκέτι
1276 1900 1333 1967 ἐξ
1361 1900 1567 1954 ἐκείνου
1599 1901 1795 1963 παῖδας
1819 1900 1965 1972 αὐτῷ

2068 1890 2221 1945 ribus
2272 1887 2470 1944 studiis
2505 1893 2698 1941 vacent
2735 1885 2964 1941 liberius
2991 1926 3005 1949 ,
3055 1884 3340 1954 seiunctus
3362 1899 3392 1938 a
3419 1900 3477 1939 re
3510 1899 3645 1939 uxo-

388 1986 645 2055 γενέσθαι
696 1988 1097 2062 μαρτυρούσης.
1130 1991 1241 2044 Καὶ
1281 1990 1403 2043 Νῶε
1451 1990 1531 2057 δὲ,
1575 1989 1858 2063 ἄνθρωπος
1889 1990 1968 2044 δί-

395 2092 583 2142 καιος,
620 2077 756 2149 μετά
788 2080 887 2151 τὴν
922 2080 1030 2133 τῶν
1056 2080 1262 2134 παίδων
1288 2079 1497 2147 γένεσιν
1529 2083 1687 2152 μόνος
1728 2081 1824 2134 σὺν
1856 2081 1969 2142 τοῖς

392 2168 612 2234 οίκείοις
651 2170 711 2225 ὲν
742 2174 808 2243 τῇ
852 2171 961 2226 τῶν
1000 2171 1094 2225 ἐπὶ
1135 2172 1236 2243 γῆς
1280 2173 1531 2227 ἁπάντων
1558 2171 1732 2243 φθορᾷ
1767 2171 1966 2225 διασω-

392 2259 539 2327 θεὶς,
578 2263 850 2328 πλείστοις
894 2263 1032 2335 μετά
1068 2262 1239 2316 ταῦτα
1282 2262 1527 2325 ἐπιϐιοὺς
1567 2262 1765 2328 ἔτεσιν,
1808 2260 1966 2314 οὐδα-

397 2354 515 2423 μῶς
556 2355 834 2424 εἰσάγεται
873 2355 1069 2416 παῖδας
1107 2353 1467 2422 κτησάμενος.
1520 2353 1752 2422 Λέγεται
1790 2353 1846 2407 δὲ
1875 2350 1968 2407 καὶ

392 2444 423 2495 6
468 2444 686 2509 Ἰσαὰκ,
739 2447 805 2499 ὲκ
853 2447 982 2515 μιᾶς
1005 2442 1251 2515 γαμετῆς
1296 2442 1513 2515 διδύμου
1572 2444 1739 2515 γονῆς
1787 2445 1968 2518 πατὴρ

394 2527 657 2593 γεγονὼς,
716 2529 876 2601 μέχρι
917 2529 1106 2583 τούτου
1155 2531 1346 2601 στῆσαι
1392 2531 1490 2602 τὴν
1539 2532 1676 2604 πρὸς
1720 2534 1968 2606 γαμετὴν

390 2616 629 2686 ὁμιλίαν.
667 2622 777 2674 Kal.
819 2623 849 2675 6
880 2621 1099 2693 Ἰωσὴφ,
1142 2621 1235 2676 καὶ
1277 2622 1451 2677 ταῦτα
1492 2624 1622 2697 παρ’
1652 2626 1969 2695 Αἰγυπτίοις

392 2709 491 2772 τὰς
529 2709 810 2782 διατριϐάς
854 2714 1256 2785 πεποιημένος,
1306 2716 1366 2768 ού
1406 2715 1572 2770 πλείω
1620 2717 1712 2771 δύο
1764 2718 1967 2773 παίδων

393 2800 627 2873 κατέστη
661 2805 864 2876 πατὴρ,
892 2804 1023 2875 μίαν
1054 2805 1152 2878 τὴν
1182 2805 1387 2860 τούτων
1419 2808 1634 2882 μητέρα
1677 2811 1963 2882 ἀγόμενος.

388 2890 503 2947 Καὶ
543 2895 705 2959 αὑτός
733 2912 797 2964 γε
824 2898 1064 2969 Μωῦσῆς
1100 2900 1129 2953 δ
1159 2917 1219 2953 τε
1253 2900 1446 2954 τούτου
1490 2901 1718 2972 ἀδελφὸς
1756 2902 1968 2974 ’Δαρὼν

392 2984 499 3056 πρὸ
530 2984 629 3056 μὲν
657 2987 755 3058 τῆς
783 2987 877 3041 τοῦ
905 2986 1039 3042 Θεοῦ
1075 2992 1392 3061 ἐπιφανείας
1420 2993 1759 3065 ἱστοροῦνται
1782 2995 1970 3049 παιδο-

392 3080 784 3151 πεποιημένοι’
822 3081 957 3153 μετά
1000 3082 1058 3137 δὲ
1088 3084 1213 3147 τοὺς
1262 3083 1438 3150 θείους
1465 3087 1746 3158 χρησμοὺς
1786 3088 1967 3143 οὐκέτι

392 3170 540 3226 ιστιν
585 3172 769 3236 αὐτοῖς
814 3174 1010 3238 παῖδας
1043 3175 1224 3247 εὑρεῖν
1256 3177 1706 3248 γεγεννημένους.
1752 3178 1818 3232 Τί
1863 3181 1967 3253 χρὴ

2067 1981 2149 2034 ria
2182 1978 2360 2035 victus
2386 1977 2691 2042 adamatur,
2728 1976 2893 2032 veluti
2921 1976 3008 2043 iis,
3041 1976 3135 2046 qui
3165 1976 3348 2031 divina
3382 1986 3435 2031 et
3462 1976 3644 2030 incor-

2065 2085 2231 2142 porea
2291 2069 2479 2126 sobole
2540 2068 2934 2140 propaganda,
2989 2070 3239 2139 occupati
3303 2076 3640 2124 teneantur:

2066 2172 2121 2218 et
2170 2177 2276 2219 non
2332 2162 2528 2227 unius,
2591 2178 2767 2232 neque
2831 2160 3067 2216 duorum
3140 2161 3475 2227 liberorum,
3548 2163 3646 2219 sed

2068 2249 2362 2305 acervatim
2388 2250 2804 2305 innumerabilis
2835 2249 3203 2306 multitudinis
3239 2250 3644 2315 educationem,

2068 2350 2422 2413 sanctamque
2474 2342 2818 2411 disciplinam
2849 2380 2866 2409 ,
2923 2358 2987 2397 ac
3026 2343 3252 2413 reliquae
3294 2340 3650 2399 instituenda;

2068 2434 2192 2488 vita:
2256 2448 2446 2487 curam
2516 2433 2878 2503 susceperint.
2947 2432 3291 2489 Postremum
3359 2432 3643 2498 omnium,

2066 2525 2170 2596 33
2190 2526 2235 2581 si
2257 2527 2379 2596 quis
2408 2526 2712 2597 priscorum
2737 2526 2953 2580 illorum
2987 2527 3149 2590 vitas,
3177 2527 3245 2581 de
3273 2527 3473 2598 quibus
3498 2542 3646 2581 nunc

2069 2618 2365 2687 loquimur,
2402 2617 2691 2688 diligenter
2734 2618 2980 2690 exploret
3014 2637 3026 2672 :
3076 2618 3319 2673 inveniet
3362 2634 3457 2674 eos
3489 2619 3645 2673 initio

2066 2710 2286 2781 quidem
2320 2709 2517 2776 (etatis,
2549 2710 2723 2765 soboli
2747 2710 3027 2781 augendae,
3059 2711 3423 2783 conjugioque
3457 2726 3648 2765 vacan—

2066 2808 2193 2867 tes,
2241 2811 2451 2858 mature
2500 2810 2681 2859 autem
2733 2803 3071 2859 abstinentes
3124 2812 3288 2875 atque
3338 2814 3641 2861 cessantes.

2070 2893 2345 2966 Scriptum
2393 2902 2476 2950 est
2508 2895 2650 2951 enim
2702 2895 2765 2960 ιδ,
2810 2897 2955 2966 quod
2992 2897 3260 2967 placuerit
3305 2895 3493 2953 Enoch
3535 2897 3645 2954 Deo

2069 2995 2356 3060 postquam
2404 2987 2590 3059 genuit
2643 2986 2965 3044 Mathusala.
3016 2987 3118 3043 Ubi
3156 2986 3437 3060 Scriptura
3485 2990 3647 3061 plane

2068 3086 2191 3147 post
2217 3078 2457 3148 genitum
2491 3079 2683 3143 tilium,
2718 3077 2829 3133 Deo
2881 3080 3154 3149 placuisse
3214 3082 3398 3145 illum,
3440 3080 3507 3137 de
3534 3097 3644 3153 quo

2073 3168 2335 3239 loquitur,
2368 3176 2655 3235 memorat,
2693 3185 2869 3240 neque
2894 3170 2969 3225 illi
2999 3172 3227 3240 posthac
3259 3173 3399 3229 alios
3433 3175 3645 3246 genitos

392 3263 570 3332 λέγειν
614 3265 741 3334 περὶ
779 3263 1139 3337 Μελχισεδέκ;
1182 3261 1246 3320 οὗ
1296 3267 1548 3334 καθάπαξ
1600 3270 1659 3324 οὐ
1707 3273 1855 3336 παῖς,
1901 3272 1963 3326 ού

2070 3260 2212 3316 ﬁlios
2241 3261 2444 3332 prodit.
2473 3260 2587 3317 Noe
2616 3278 2834 3333 quoque
2865 3263 3153 3333 virjustus
3184 3275 3307 3335 post
3338 3267 3646 3337 susceptio-

393 3354 567 3423 γένος,
592 3356 653 3408 ού
685 3355 900 3429 διαδοχὴ
933 3358 1181 3430 φέρεται⁶
1211 3361 1321 3414 οὐδ’
1360 3362 1534 3432 Ἰησοῦ
1565 3361 1659 3415 τοῦ
1688 3361 1967 3427 Μωῦσέως

390 3444 660 3517 διαδόχου,
705 3447 822 3501 οὐδὲ
873 3450 1138 3505 πλείστων
1179 3452 1354 3508 ἀλλων
1387 3454 1703 3525 προφητῶν.
1763 3456 1967 3526 Ζητου-

394 3538 575 3608 μένοις
606 3539 663 3592 δὲ
699 3540 800 3610 τῆς
829 3541 969 3595 κατά
1002 3542 1094 3595 τὸν
1129 3543 1377 3615 Ἀϐραὰμ
1417 3546 1512 3600 καὶ
1544 3544 1739 3599 Ἰακὼϐ
1778 3547 1966 3601 παιδο-

392 3628 575 3692 ποιίας
602 3631 660 3683 ὲν
683 3631 889 3703 ἑτέροις
921 3632 1012 3686 τὸν
1042 3634 1198 3704 λόγον
1233 3636 1573 3708 σχολαίτερον
1618 3637 1966 3693 ἀποδεδώκα-

393 3733 513 3787 μεν,
550 3718 608 3773 ὲν
645 3714 726 3784 οἷς
762 3723 890 3795 περὶ
942 3724 1040 3795 τῆς
1088 3724 1197 3777 τῶν
1239 3724 1407 3780 πάλαι
1449 3725 1710 3797 θεοφιλῶν
1756 3727 1965 3800 ἀνδρῶν

390 3808 736 3883 πολυγαμίας
772 3831 830 3867 τε
870 3817 965 3868 καὶ
1007 3815 1360 3880 πολυπαιδίας
1391 3816 1763 3889 διειλήφαμεν,
1807 3820 1892 3890 ἐφ’
1929 3821 1966 3875 ἀ

390 3903 485 3958 καὶ
511 3903 605 3957 νῦν
627 3906 751 3969 τοὺς
774 3905 1089 3977 φιλομαθεῖς
1119 3907 1532 3981 ἀναπέμπομεν,
1563 3909 1814 3965 τοσοῦτον
1846 3913 1965 3966 ὲπι-

391 3995 784 4067 σημηνάμενοι,
805 3997 886 4050 δτι
915 3998 1007 4050 καὶ
1036 3999 1179 4053 κατά
1198 4002 1325 4064 τοὺς
1346 4002 1444 4071 τῆς
1459 4002 1670 4073 Καινῆς
1689 4004 1964 4076 Διαθήκης

389 4087 607 4158 νόμους,
632 4088 692 4141 ού
723 4090 956 4161 πάμπαν
990 4091 1359 4163 ἀπηγόρευται
1378 4092 1448 4147 τά
1473 4093 1573 4165 τῆς
1597 4096 1961 4162 παιδοποιίας,

386 4179 525 4233 ἀλλά
553 4179 654 4233 κάν
672 4180 844 4252 τούτῳ
870 4181 940 4235 τά
962 4184 1317 4256 παραπλήσια
1338 4189 1451 4250 τοῖς
1473 4187 1638 4241 πάλαι
1662 4188 1963 4257 θεοφιλέσιν

386 4270 749 4327 διατέτακται.
800 4294 818 4326 ι
842 4275 1051 4347 Χρῆναι
1094 4277 1201 4349 γάρ
1254 4294 1419 4347 φησιν
1461 4281 1490 4334 6
1514 4279 1670 4349 λόγος
1715 4281 1804 4335 τὸν
1844 4282 1964 4335 ἐπί-

391 4380 590 4417 σκοπον
650 4366 930 4434 γεγονέναι
1005 4370 1133 4438 μιᾶς
1203 4369 1458 4438 γυναικὸς
1513 4371 1699 4444 ἀνδρα.
1740 4391 1759 4424 ι
1816 4372 1962 4445 Πλὴν

386 4452 523 4508 ἀλλά
554 4457 665 4518 τοῖς
711 4456 1029 4526 ίερωμένοις
1070 4459 1162 4512 καὶ
1208 4460 1336 4531 περὶ
1368 4461 1467 4533 τὴν
1507 4460 1598 4515 τοῦ
1634 4462 1769 4516 Θεοῦ
1800 4462 1964 4534 θερα-

389 4543 546 4598 πείαν
592 4546 1006 4617 ἀσχολουμένοις
1058 4549 1268 4620 ἀνέχειν
1321 4550 1507 4607 λοιπὸν
1565 4555 1704 4622 σφᾶς
1762 4554 1962 4618 αὐτοὺς

2071 3368 2195 3407 nem
2244 3354 2560 3416 liberorum,
2610 3354 2760 3409 solus
2815 3369 2939 3408 cuin
3000 3356 3225 3421 familia,
3280 3372 3405 3412 cum
3438 3360 3645 3430 reliqua

2070 3445 2252 3499 omnia
2293 3462 2634 3517 quaecunque
2664 3455 2847 3502 essent
2871 3447 2924 3501 in
2952 3458 3116 3513 terra,
3144 3449 3455 3518 periissent,
3495 3451 3646 3506 inco-

2069 3536 2234 3593 lumis
2277 3549 2669 3604 conservatus,
2720 3540 2970 3610 plurimis
3020 3541 3249 3610 posthac
3308 3542 3646 3613 superfuisse

2068 3628 2228 3683 annis
2263 3628 2581 3694 inducitur,
2635 3646 2811 3701 neque
2864 3639 3046 3687 tamen
3105 3648 3339 3704 usquam
3391 3636 3646 3705 genuisse

2068 3719 2206 3774 alios
2240 3718 2399 3774 filios.
2434 3719 2645 3775 Dicitur
2679 3730 2731 3775 et
2762 3722 2912 3777 lsaac
2954 3731 3243 3793 postquam
3274 3741 3339 3779 ex
3370 3742 3475 3781 una
3511 3742 3646 3782 uxo—

2067 3824 2127 3864 re
2161 3810 2390 3881 gemina:
2416 3812 2585 3881 prolis
2614 3820 2767 3883 pater
2797 3811 2976 3869 factus
3004 3822 3110 3878 cst,
3143 3814 3375 3870 desiisse
3398 3832 3523 3870 cum
3554 3817 3645 3871 illa

2066 3915 2449 3957 consuescere.
2476 3902 2541 3956 Et
2568 3902 2788 3974 Ioseph,
2819 3919 2942 3957 cum
2970 3906 3270 3975 praesertim
3302 3906 3443 3975 apud
3476 3905 3644 3979 Egy-

2066 3994 2208 4063 ptios
2241 4003 2487 4050 versatus
2522 3996 2614 4060 sit,
2649 4011 2755 4050 non
2785 3996 2906 4067 plus
2940 4012 3100 4067 quam
3143 3998 3375 4053 duorum
3410 3997 3641 4054 filiorum

2066 4094 2221 4155 pater
2271 4086 2548 4142 exstitisse
2608 4088 2902 4153 invenitur,
2946 4104 3179 4160 quorum
3219 4098 3446 4147 matrem
3478 4106 3642 4145 unam

2066 4177 2330 4232 duntaxat
2366 4179 2418 4232 in
2456 4180 2803 4235 matrimonio
2828 4181 3097 4237 habuerit.
3123 4182 3242 4253 ipse
3273 4185 3435 4238 etiam
3465 4183 3642 4240 Moses

2065 4279 2225 4339 atque
2258 4272 2379 4340 ejus
2410 4269 2581 4326 frater
2603 4274 2807 4338 Aaron,
2833 4280 3122 4344 antequam
3157 4274 3293 4344 ipsis
3313 4273 3458 4331 Deus
3482 4292 3642 4349 appa-

2065 4362 2259 4426 ruerit,
2295 4361 2435 4419 filios
2472 4365 2727 4434 genuisse
2765 4374 3168 4433 memorantur;
3216 4376 3506 4440 postquam
3539 4385 3641 4426 au-

2064 4461 2172 4508 tem
2196 4455 2380 4509 divina
2418 4456 2637 4510 oracula
2666 4458 2994 4527 acceperint,
3027 4473 3134 4511 non
3167 4460 3401 4530 amplius
3427 4462 3639 4532 genitos

2066 4544 2134 4599 ab
2175 4545 2284 4601 illis
2322 4546 2460 4603 filios
2491 4545 2760 4604 invenias.
2797 4546 2935 4614 Quid
2980 4564 3143 4617 porro
3177 4550 3246 4604 de
3282 4550 3638 4608 Melchisedec

391 4639 654 4709 προσήκει
699 4638 800 4709 τῆς
852 4642 1094 4712 γαμικῆς
1141 4643 1376 4714 ὁμιλίας.
1432 4644 1587 4699 Ὅσοι
1632 4644 1688 4697 δὲ
1736 4646 1810 4716 μὴ
1856 4646 1957 4716 τῆς

2067 4645 2145 4694 est
2170 4638 2484 4705 dicendum,
2513 4640 2672 4711 cujus
2702 4640 2926 4695 omnino
2960 4656 3072 4695 non
3107 4641 3272 4707 ﬁlius,
3302 4660 3409 4699 non
3441 4661 3636 4715 genus.

390 4728 651 4801 τοσαύτης
711 4729 969 4801 ἠξίωνται
1036 4733 1377 4805 ἱερουργίας,
1438 4735 1647 4800 τούτοις
1706 4737 1735 4791 6
1804 4736 1962 4805 λόγος

387 4817 680 4892 καθυφίησι
729 4825 1007 4896 μονονουχὶ
1057 4824 1354 4898 διαρρήδην
1404 4827 1607 4885 ἅπασιν
1650 4828 1956 4901 κηρύττων,

386 4910 469 4964 ὅτι
513 4911 577 4985 δὴ
633 4932 652 4965 σ
689 4916 879 4986 Τίμιος
925 4920 954 4972 6
1000 4917 1176 4988 γάμος
1235 4919 1328 4971 καὶ
1380 4921 1413 4990 ἡ
1458 4919 1613 4991 κοίτη
1670 4920 1952 4991 ἀμίαντος,

388 5005 618 5076 πόρνους
651 5006 708 5060 δὲ
754 5012 847 5064 καὶ
887 5012 1107 5082 μοιχοὺς
1129 5014 1307 5082 κρινεῖ
1350 5014 1379 5065 6
1403 5013 1555 5077 Θεός.
1581 5033 1600 5065 ι
1639 5011 1822 5068 Ταῦτα
1858 5014 1957 5084 μὲν

383 5092 476 5149 οὖν
512 5098 590 5159 είς
617 5098 715 5169 τὴν
743 5099 962 5172 πρώτην
990 5105 1122 5173 ἡμῖν
1154 5103 1395 5174 εἰρήσθω
1424 5104 1711 5175 πρότασιν.

2060 4746 2172 4786 non
2224 4732 2504 4787 successio
2557 4731 2825 4789 refertur?
2874 4751 3049 4807 neque
3099 4737 3226 4792 item
3256 4735 3407 4802 Jesu,
3453 4739 3636 4807 quiin

2060 4827 2228 4884 Mosis
2261 4829 2441 4884 locum
2467 4829 2756 4896 successit,
2786 4845 2963 4902 neque
3001 4833 3359 4903 plurimorum
3402 4831 3634 4888 aliorum

2058 4919 2467 4990 prophetarum.
2520 4919 2657 4975 Cum
2708 4928 2888 4977 autem
2923 4921 2990 4978 de
3034 4922 3330 4987 Abraham,
3382 4929 3436 4977 et
3463 4921 3632 4979 Jacob

2059 5011 2230 5082 quaeri
2265 5012 2459 5075 soleat,
2503 5012 2596 5082 qui
2626 5012 2978 5085 multiplicem
3013 5016 3255 5070 sebolem
3299 5030 3636 5091 propagave-

2059 5112 2210 5171 ruut,
2249 5105 2380 5161 alibi
2411 5121 2514 5162 nos
2544 5106 2779 5164 otiosius
2819 5107 3051 5178 hujusce
3077 5110 3155 5164 rei
3203 5110 3473 5165 rationem
3508 5112 3632 5167 red—

381 5186 624 5243 didimus
658 5207 671 5242 :
704 5189 792 5243 ubi
825 5189 892 5245 de
916 5200 1231 5248 sanctorum
1264 5203 1502 5250 veterum
1536 5197 1777 5251 virorum
1806 5195 2089 5267 multiplici
2110 5197 2364 5269 conjugio
2384 5197 2778 5270 multiplicique
2801 5199 2989 5255 sobole
3006 5199 3387 5256 disseruimus.
3406 5200 3487 5256 Ad
3513 5218 3632 5273 qua:

382 5280 588 5350 scripta
605 5288 791 5336 nostra
808 5284 861 5337 in
880 5286 1131 5354 praesenti
1158 5289 1436 5345 studiosos
1460 5291 1693 5348 lectores
1711 5292 2056 5357 remittimus,
2074 5293 2176 5347 hoc
2202 5310 2370 5349 unum
2396 5295 2771 5361 admonentes,
2805 5311 2873 5350 ne
2894 5293 3031 5351 Novi
3057 5294 3277 5367 quidem
3296 5294 3630 5352 Testamenti

382 5373 613 5444 legibus,
640 5393 761 5446 quae
786 5378 852 5432 ad
888 5383 1289 5451 susceptionem
1319 5386 1617 5443 liberorum
1646 5389 1941 5459 pertinent,
1973 5391 2199 5446 omnino
2246 5391 2519 5456 interdici,
2553 5392 2650 5449 sed
2683 5394 2737 5447 in
2800 5393 2904 5448 hoc
2949 5408 3166 5464 quoque
3222 5392 3290 5447 iis
3339 5402 3631 5449 consenta-

381 5479 506 5530 nea,
547 5484 667 5538 que
689 5470 756 5524 de
782 5471 977 5540 priscis
1006 5472 1112 5529 illis
1152 5477 1355 5534 sanctis
1382 5479 1515 5537 viris
1548 5489 1938 5548 memorantur,
1975 5483 2225 5539 instituta
2254 5484 2463 5539 haberi.
2496 5503 2515 5535 ι
2544 5481 2806 5554 Oportere
2830 5485 2999 5550 enim,
3047 5504 3066 5538 ι
3105 5486 3236 5541 dicit
3305 5501 3485 5543 sermo
3549 5486 3631 5542 di-

381 5563 543 5617 vinus
571 5565 634 5629 ⁸⁸,
672 5582 691 5616 ι
731 5567 1046 5637 episcopum
1107 5570 1274 5626 unius
1304 5575 1493 5629 uxoris
1528 5576 1702 5632 virum
1733 5593 1875 5634 esse.
1919 5599 1938 5631 ι
1976 5578 2364 5638 Verumtamen
2418 5597 2535 5645 eos,
2564 5581 2654 5651 qui
2680 5582 2878 5637 sacrati
2910 5583 3040 5647 sint,
3081 5591 3243 5653 atque
3304 5584 3356 5638 in
3402 5581 3494 5637 Dei
3524 5582 3625 5636 uii-

381 5653 606 5709 nisterio
657 5657 917 5729 cultuque
943 5662 1223 5731 occupati,
1249 5668 1530 5722 continere
1554 5668 1811 5740 deinceps
1835 5672 2043 5741 seipsos
2074 5687 2103 5726 a
2133 5672 2464 5728 commercio
2498 5672 2684 5729 uxoris
2715 5672 2870 5729 decet
2899 5693 2911 5727 :
2971 5676 3068 5743 qui
3139 5681 3320 5730 autem
3384 5688 3496 5730 non
3558 5670 3627 5728 ad

454 5830 501 5868 ⁸⁸
529 5831 665 5891 Ceu.
717 5854 739 5892 ι
766 5878 782 5904 ,
822 5838 912 5895 24.
993 5840 1034 5872 ¹⁹
1065 5838 1081 5893 Ι
1111 5839 1250 5896 Tim.
1286 5858 1365 5909 ιιι,
1397 5844 1450 5900 2.
