4106 6456
459 413 528 466 85
1126 408 1392 465 EUSEBII
1429 405 1906 465 CJESARIENSIS
1942 401 2054 457 0P!

2155 399 2316 456 mas
2342 398 2409 455 ιι.
2450 431 2519 443 .-
2554 370 3068 454 APOLOCETICA.‘
3649 387 3717 441 84

460 535 674 584 tantum
721 532 983 601 assumpti
1034 530 1142 585 sint
1193 529 1485 585 sacerdotii
1531 543 1752 590 munus,
1801 525 1873 579 iis
1924 520 2066 576 idem
2139 532 2320 573 sermo
2375 517 2594 573 divinus
2650 514 2916 584 indulget,
2979 525 3043 565 ac
3090 502 3482 581 propemodum
3533 500 3713 601 Pa‘f'f‘

462 624 730 682 omnibus
753 594 1030 697 praedi-cat,
1067 623 1211 694 quod
1247 625 1435 694 utique
1469 642 1487 673 ι
1530 620 1850 677 honorabile
1880 617 1951 671 sit
1980 611 2316 681 conjugium,
2346 617 2400 664 et
2437 618 2593 664 torus
2623 607 3024 669 immaculatus,
3078 600 3437 657 fornicatores
3458 600 3512 650 et
3563 594 3707 648 adul-

461 731 610 776 teros
650 724 996 795 judicaturus
1031 721 1101 776 sit
1132 720 1273 776 Deus
1306 722 1369 775 ".
1407 741 1425 774 ο
1468 720 1591 775 Haec
1631 719 1812 787 itaque
1844 712 2002 768 nobis
2034 708 2101 762 ad
2131 707 2358 778 primam
2394 704 2787 761 dubitationem
2817 702 2958 756 dicta
2986 700 3117 754 sint.

1013 829 1123 902 34
1155 829 1384 885 CAPUT
1425 828 1492 881 χ.

466 932 585 989 Qua
635 923 698 977 de
728 940 889 981 causa
919 940 1022 976 non
1068 924 1145 976 ita
1175 922 1346 984 nobis,
1380 919 1813 989 quemadmodum
1855 917 2044 986 priscis

543 994 813 1048 incendere
850 1004 895 1046 et
956 994 1263 1061 sacriﬁcare
1302 993 1404 1045 Deo
1438 992 1707 1044 terrestria
1734 990 2045 1058 permissum

539 1074 636 1118 οδε.

542 1174 649 1232 Sed
685 1192 784 1231 cur
824 1190 935 1230 non
976 1190 1192 1229 summo
1224 1174 1352 1238 Deo,
1398 1174 1499 1243 ipsi
1536 1188 1749 1242 quoque
1791 1169 2047 1225 animalia

474 1269 867 1330 sacriﬁcemus,
899 1283 1024 1322 cum
1060 1274 1271 1322 veteres
1317 1266 1394 1320 illi
1442 1265 1534 1319 Dei
1569 1272 1859 1329 amatores,
1909 1277 2047 1331 quo—

473 1373 594 1413 rum
638 1366 739 1414 nos
764 1358 1028 1429 pietatem
1079 1357 1281 1411 imitari
1323 1357 1577 1421 dicimus,
1607 1355 1712 1410 hoc
1764 1352 2048 1408 factitave-

475 1454 606 1517 rint,
658 1452 783 1506 talis
835 1468 864 1505 a
909 1453 1068 1506 nobis
1129 1453 1268 1504 ratio
1301 1450 1578 1506 reddatur.
1619 1448 1694 1503 De
1736 1448 1855 1517 ipso
1898 1446 2047 1499 cultu

474 1561 634 1617 quem
674 1552 887 1600 veteres
912 1553 967 1599 et
999 1544 1160 1629 primi
1185 1544 1432 1597 homines
1456 1543 1652 1597 divinae
1677 1549 1883 1596 natura}
1903 1539 2051 1594 exhi-

475 1638 687 1699 berent,
726 1653 831 1691 non
868 1637 1009 1690 idem
1042 1636 1188 1706 quod
1217 1636 1421 1691 Graecis
1461 1636 1637 1690 visum
1670 1641 1773 1697 est,
1818 1640 1872 1687 et
1902 1632 2048 1703 quod

474 1732 529 1784 in
559 1730 734 1785 sacris
766 1728 1114 1783 Hebraeorum
1152 1729 1307 1783 libris
1336 1729 1628 1783 invenitur.
1663 1726 1797 1780 Nam
1828 1725 1904 1780 illi
1930 1725 2053 1795 qui-

475 1823 599 1876 dem
653 1828 979 1892 putaverunt
1023 1821 1229 1890 primos
1260 1820 1527 1886 homines,
1563 1818 1772 1873 nullum
1822 1830 2049 1887 prorsus

476 1912 729 1966 animalis
760 1928 951 1982 genus,
982 1927 1157 1981 neque
1190 1910 1518 1974 sacriﬁcare,
1550 1924 1728 1978 neque
1756 1906 2051 1963 incendere

477 2004 670 2059 solitos
703 2005 833 2071 diis,
858 2004 950 2060 scd
972 2020 1069 2058 eos
1102 2005 1203 2060 soli
1245 2013 1298 2059 et
1324 2003 1550 2074 reliquis
1579 2003 1703 2057 coeli
1752 2000 2047 2064 sideribus,

476 2097 568 2150 ubi
612 2097 783 2151 viride
839 2112 1083 2167 gramen,
1116 2106 1170 2150 et
1210 2096 1366 2166 quasi
1408 2095 1673 2166 quasdam
1712 2092 2050 2149 fecundioris

2073 819 2121 878 Δ

2686 812 3079 869 ΚΕΦΑΛΔΙΟΝ
3117 812 3173 865 Ι’.

2154 909 2270 961 Τίνι
2325 909 2485 977 iam)
2528 906 2614 976 μὴ
2653 905 2755 960 καὶ
2808 903 2950 977 ἡμῖν
2980 902 3210 977 etiam;
3260 898 3383 977 τοῖς
3439 896 3718 977 παλαιοῖς

2215 966 2789 1101 ἓιομιᾷιῖ·’κᾶὶ’θύειν
2833 966 2914 1040 ῗῷ
2964 966 3084 1036 Θέῷ
3123 971 3195 1024 τὰ
3233 968 3417 1040 γεώδη
3461 966 3718 1037 παραδῷ

2253 1064 2401 1101 οται.

2253 1064 2401 1101 οται.

2218 1164 2353 1235 Περὶ
2391 1163 2447 1216 δὲ
2484 1161 2580 1215 τοῦ
2625 1161 2698 1231 μὴ
2738 1158 3026 1223 ζωοθυτεῖν
3068 1157 3215 1227 ἡμᾶς
3248 1153 3328 1225 τῷ
3367 1154 3461 1205 ἐπὶ
3497 1153 3718 1206 πάντων

2146 1255 2285 1325 Θεῷ,
2321 1255 2427 1309 τῶν
2459 1254 2624 1307 πάλαι
2652 1251 2912 1321 θεοφιλῶν
2941 1249 3172 1321 ἀνδρῶν,
3196 1242 3270 1301 ὧν
3291 1247 3355 1318 δή
3382 1260 3561 1315 φαμεν
3576 1243 3718 1297 κατά
3778 1246 3783 1249 ’

2149 1348 2307 1418 ζῆλον
2370 1345 2715 1410 θεοσεϐείας,
2770 1342 2929 1397 τοῦτο
2982 1340 3397 1412 πεποιηκότων,
3445 1330 3601 1400 οὗτος
3656 1334 3718 1402 ἐξ

2148 1439 2307 1511 ἡμῶν
2353 1439 2641 1511 ἀποδοθείη
2691 1437 2757 1492 ἂν
2797 1439 2826 1490 ὁ
2852 1437 3029 1505 λόγος.
3082 1436 3192 1504 Οὐχ
3246 1433 3435 1504 ῶσπερ
3462 1430 3719 1501 Ἕλλησιν

2148 1532 2458 1604 ἐνομίζετο,
2507 1533 2602 1584 καὶ
2642 1533 2754 1593 τοῖς
2793 1529 3058 1601 Ἐϐραίων
3113 1528 3276 1596 ἱεροῖς
3321 1525 3498 1593 λόγοις
3547 1521 3721 1576 ταύτὰ

2147 1622 2313 1686 δοκεῖ,
2360 1621 2488 1692 περὶ
2530 1621 2629 1691 τῆς
2660 1620 2768 1673 τῶν
2802 1620 2968 1673 πάλαι
2998 1618 3091 1672 καὶ
3123 1616 3355 1689 πρώτων
3389 1615 3596 1685 ἀνδρῶν
3628 1612 3720 1666 Os-

2151 1713 2384 1785 ραπείας
2431 1712 2524 1766 τοῦ
2562 1710 2738 1767 Θείου.
2789 1712 2852 1765 0i
2897 1710 2995 1780 μὲν
3040 1709 3244 1779 ἔφασαν
3297 1707 3371 1778 μὴ
3417 1705 3565 1758 θύειν
3592 1704 3721 1769 τοὺς

2151 1806 2313 1877 προτέ
2325 1823 2449 1877 ρους
2479 1805 2643 1876 μηδὲν
2681 1802 2856 1857 ὁτιοῦν
2879 1802 2987 1855 τῶν
3014 1799 3186 1866 ζώων,
3220 1799 3351 1870 μηδὲ
3378 1797 3580 1867 θομιᾷν
3607 1798 3721 1860 τοῖς

2152 1898 2315 1962 θεοῖς,
2343 1898 2455 1950 ἀλλ’
2484 1898 2619 1969 ἡλίῳ
2650 1897 2770 1967 μὲν,
2805 1897 2899 1949 καὶ
2935 1897 3046 1959 τοῖς
3079 1894 3199 1948 κατ’
3222 1890 3449 1963 οὐρανὸν
3475 1891 3718 1961 ἄστροις,

2150 1990 2313 2061 χλόην
2363 1991 2458 2043 καὶ
2504 1990 2666 2042 οἱονεί
2720 2003 2843 2041 τινα
2888 1987 2986 2056 τῆς
3037 1984 3260 2056 γονίμου
3301 1983 3514 2053 φύσεως
3560 1979 3721 2052 χνοῦν

2152 2085 2272 2145 ταῖς
2303 2082 2489 2153 χερσὶν
2517 2081 2845 2151 ἀραμένους,
2874 2079 3010 2131 πόαν
3035 2093 3094 2129 τε
3129 2078 3223 2129 καὶ
3252 2075 3423 2146 φύλλα
3452 2074 3545 2127 καὶ
3567 2073 3723 2145 ῥίζας

476 2197 685 2244 naturae
725 2189 1048 2260 quisquilias
1094 2190 1347 2244 manibus
1389 2188 1761 2253 sustulissent,
1822 2186 2047 2241 herbam

2155 2174 2466 2227 κατακαίειν
2513 2172 2644 2244 πυρί
2664 2189 2678 2201 ⁸
2728 2172 2915 2242 mea»
2945 2170 3002 2224 δὲ
3030 2168 3375 2241 παρανομίας
3403 2166 3724 2229 ἐλαύνοντας

476 2296 601 2334 cum
630 2281 775 2335 foliis
825 2290 879 2336 et
922 2280 1200 2338 radicibus
1236 2280 1346 2351 igni
1390 2280 1733 2333 comburere.
1770 2275 2048 2331 Posterio-

474 2387 565 2429 res
594 2380 774 2426 autem
802 2372 1050 2428 homines
1080 2373 1269 2443 procul
1300 2388 1328 2425 a
1354 2379 1465 2425 tam
1496 2379 1647 2426 recto
1676 2369 1929 2423 instituto
1956 2368 2053 2422 ab-

474 2471 743 2527 errantes,
781 2464 1019 2520 foedasse
1069 2478 1195 2518 aras
1229 2463 1549 2517 animalium
1585 2461 1846 2517 caadibns.
1877 2458 2053 2515 Porro

475 2558 581 2611 hoc
608 2573 730 2612 esse
754 2557 981 2626 impium
1005 2565 1058 2611 et
1081 2557 1366 2626 injustum,
1397 2563 1451 2611 et
1473 2570 1742 2625 nusquam
1766 2554 1878 2609 Deo
1907 2569 2057 2609 acce-

417 2634 425 2647 ’
476 2658 630 2719 ptum
664 2649 1017 2703 sacrificium.
1050 2648 1184 2703 Nam
1224 2650 1510 2705 brutorum
1554 2648 1790 2702 animam
1822 2647 1955 2701 nihil
1986 2648 2056 2702 ab

418 2731 423 2737 ’
478 2741 761 2795 hominum
780 2741 1029 2796 rationali
1053 2743 1233 2797 anima
1256 2740 1489 2797 diﬁ‘erre.
1518 2742 1859 2811 Quapropter
1892 2739 2054 2795 caedis

420 2837 429 2844 ’
480 2832 823 2890 accusandus
866 2849 991 2889 esse
1032 2849 1149 2897 eos,
1194 2834 1288 2905 qui
1345 2834 1599 2888 animalia
1657 2831 2051 2895 sacriﬁcarent,

417 2918 423 2926 ’
480 2924 736 2979 dicebant
766 2946 780 2981 :
809 2941 917 2980 non
950 2941 1109 2981 secus
1138 2940 1203 2979 ac
1232 2926 1278 2980 si
1312 2925 1521 2989 eadem,
1556 2925 1879 2995 similisque.
1912 2932 1965 2978 et
1997 2924 2053 2978 in

482 3017 701 3073 homine
741 3027 795 3073 et
838 3020 891 3072 in
924 3018 1086 3072 bruto
1117 3018 1297 3072 anima
1328 3018 1548 3072 inesset.
1583 3015 1648 3068 Et
1686 3016 1808 3071 talis
1835 3015 2053 3085 quidem

479 3110 547 3167 de
564 3111 803 3181 antiquis
826 3110 1140 3165 hominibus
1158 3110 1343 3180 opinio
1363 3110 1672 3164 Grzecorum
1697 3117 1893 3163 exstat.
1926 3109 2056 3175 Quae

481 3213 663 3259 autem
704 3204 758 3257 in
787 3204 1009 3275 scriptis
1041 3202 1392 3258 Hebraeorum
1427 3203 1643 3273 legitur,
1674 3217 1782 3256 non
1811 3202 1954 3256 talis.
1982 3201 2053 3255 ll-

483 3295 591 3350 Iico
626 3295 771 3349 enim
805 3294 980 3349 factos
1032 3295 1238 3365 primos
1279 3295 1564 3360 homines,
1614 3305 1672 3351 ut
1719 3296 1954 3366 primum
1999 3296 2055 3350 in

421 3373 430 3401 '
481 3385 593 3439 vita
632 3385 1000 3451 constiterint,
1043 3387 1359 3442 animalium
1402 3387 1689 3444 sacriﬁciis
1732 3387 1842 3443 Deo
1884 3388 2057 3443 hono—

421 3473 426 3478 ’
481 3490 601 3532 rem
621 3476 935 3532 exhibuisse
964 3487 1376 3534 commemorat.
1410 3477 1551 3533 Dicit
1582 3479 1765 3550 itaque
1792 3499 1804 3534 :
1837 3498 1856 3531 ‹
1887 3478 1952 3532 Et
1977 3478 2058 3532 fa-

2152 2268 2277 2331 τοὺς
2313 2266 2450 2339 μετά
2485 2265 2656 2320 ταῦτα
2688 2263 3034 2333 ἀνθρώπους,
3079 2262 3305 2332 αἱμάξαι
3337 2261 3463 2324 τοὺς
3508 2258 3725 2330 βωμοὺς

2154 2360 2309 2425 ζώων
2365 2361 2603 2429 σφαγαῖς
2650 2358 2746 2429 (ί).
2802 2353 2953 2411 Εἶναι
2996 2355 3055 2409 δὲ
3104 2352 3308 2423 ταύτην
3349 2352 3585 2416 ἀνόσιον,
3628 2348 3726 2404 καὶ

2154 2454 2356 2520 ἄδικον,
2376 2454 2469 2509 καὶ
2488 2451 2737 2523 οὐδαμῶς
2760 2450 2878 2523 Θεῷ
2898 2448 3167 2521 προσφιλῆ
3189 2446 3396 2500 θυσίαν.
3412 2444 3592 2517 Μηδὲν
3612 2441 3724 2515 γὰρ

2154 2549 2252 2619 τῆς
2286 2548 2391 2601 τῶν
2422 2545 2723 2619 ἀνθρώπων
2771 2545 2991 2614 λογικῆς
3031 2542 3206 2613 ψυχῆς
3238 2540 3339 2612 τὴν
3362 2538 3469 2592 τῶν
3514 2535 3725 2606 ἀλόγων

2154 2639 2456 2711 διαφέρειν·
2512 2638 2593 2691 διὸ
2632 2637 2726 2692 καὶ
2771 2637 2932 2707 φόνου
2961 2634 3113 2706 δίκην
3145 2631 3366 2702 ὑπέχειν
3407 2628 3553 2693 ἀξιον
3598 2626 3727 2688 τοὺς

2157 2731 2559 2799 ζωοθυτοῢντας
2603 2730 2859 2799 ἔφασκον,
2907 2727 2983 2791 ὡς
3025 2725 3127 2795 τῆς
3179 2723 3345 2793 αὐτῆς
3401 2720 3495 2773 καὶ
3534 2717 3729 2789 ὁμοίας

2155 2825 2210 2878 ἓν
2238 2842 2295 2878 τε
2328 2821 2600 2895 ἀνθρώπῳ
2634 2821 2729 2875 καὶ
2760 2821 2817 2873 ὲν
2837 2819 2915 2890 τῷ
2941 2817 3118 2887 ἀλόγῳ
3145 2812 3267 2884 ζώῳ
3286 2811 3463 2882 ψυχῆς
3489 2813 3726 2880 ἐνυπαρ-

2154 2918 2373 2990 χούσης.
2424 2915 2561 2970 Ἀλλ’
2609 2914 2638 2966 ὁ
2680 2914 2778 2984 μὲν
2827 2911 2936 2965 τῶν
2984 2908 3253 2978 Ἐλλήνων
3301 2906 3429 2979 περὶ
3466 2903 3574 2956 τῶν
3616 2919 3722 2955 πα-

2152 3008 2320 3063 λαιῶν
2360 3008 2518 3075 λόγος
2556 3004 2763 3059 τοιόσδε
2797 3020 2879 3066 τις
2917 2996 2986 3074 ἦν
3009 3017 3021 3030 ·
3066 3002 3096 3053 ό
3132 2998 3187 3051 δέ
3215 3015 3279 3067 γε
3318 2997 3419 3068 τῆς
3456 2994 3722 3067 Ἐὗραίων

2154 3102 2376 3173 Γραφῆς
2416 3100 2477 3152 οὑ
2526 3097 2782 3159 τοιοῦτος.
2837 3094 2976 3156 Τοὺς
3002 3090 3111 3164 γάρ
3153 3106 3236 3142 τοι
3277 3086 3524 3160 πρώτους
3564 3083 3726 3147 εὐθὺς

2155 3193 2477 3265 γενομένους
2511 3187 2832 3261 ἀνθρώπους
2879 3184 2993 3255 ἃμα
3014 3186 3079 3255 τῇ
3111 3180 3301 3256 πρώτῃ
3329 3180 3584 3233 συστάσει
3630 3174 3725 3231 τοῦ

2159 3286 2275 3358 βίου
2302 3284 2513 3347 θυσίαις
2536 3283 2653 3344 ταῖς
2676 3278 2783 3333 ἀπὸ
2808 3275 2961 3342 ζώων
2990 3275 3213 3346 τιμῆσαι
3240 3273 3299 3325 τὸ
3323 3272 3476 3325 Θεῖον
3504 3270 3724 3342 ἱστορεῖ.

2157 3378 2318 3446 Λέγει
2362 3376 2406 3428 δ’
2452 3371 2568 3428 οὖν·
2620 3392 2638 3425 ι
2665 3373 2776 3427 Καὶ
2827 3368 3041 3438 ἐγένετο
3076 3365 3193 3438 μεθ’
3232 3364 3480 3435 ἡμέρας,
3529 3362 3729 3434 ήνεγκε

2157 3471 2297 3525 Κάῖν
2334 3468 2442 3522 ἀπὸ
2481 3466 2591 3519 τῶν
2631 3463 2856 3536 καρπῶν
2898 3462 2996 3531 τῆς
3031 3460 3133 3531 γῆς
3178 3458 3369 3512 θυσίαν
3402 3453 3481 3526 τῷ
3513 3449 3724 3524 Κυρίῳ

422 3560 429 3575 ’
482 3575 630 3622 ctum
674 3578 758 3623 est
810 3577 934 3639 post
978 3570 1115 3633 dies,
1160 3579 1220 3624 ut
1256 3570 1475 3626 oﬁerret
1505 3571 1639 3626 Cain
1665 3530 1752 3625 1de
1785 3571 2054 3627 fructibus

2160 3561 2254 3613 καὶ
2286 3555 2455 3611 Ἀὁελ
2492 3530 2831 3627 ήνεγκεκαὶ
2877 3530 3037 3613 αὐτὸς
3086 3530 3192 3602 ἀπὸ
3231 3546 3339 3602 τῶν
3373 3542 3731 3639 πρωτοτόκων

481 3665 644 3713 terra:
674 3661 999 3715 sacriﬁcium
1030 3660 1279 3717 Domino.
1314 3660 1453 3716 Tum
1493 3661 1627 3717 Abel
1678 3662 1794 3732 ipse
1840 3678 2057 3733 quoque

481 3751 678 3805 obtulit
704 3750 769 3807 de
803 3753 1181 3824 primogenitis
1220 3753 1405 3807 ovium
1437 3767 1683 3808 suarum.
1718 3751 1783 3806 Et
1817 3755 2057 3824 respexit

424 3833 432 3849 ’
484 3841 625 3897 Deus
654 3843 720 3896 ad
746 3843 899 3909 Abel,
932 3855 985 3899 et
1025 3843 1094 3898 ad
1126 3859 1357 3899 munera
1391 3844 1560 3899 illius.
1608 3843 1689 3897 Ad
1736 3844 1871 3899 Cain
1907 3859 2055 3908 vero,

428 3930 439 3938 ’
478 3944 535 3991 et
574 3933 639 3990 ad
670 3935 941 3990 sacriﬁcia
981 3936 1103 4007 ejus
1134 3953 1246 3991 non
1289 3936 1520 3991 attendit
1548 3936 1612 3990 ".
1656 3956 1675 3989 ι
1714 3934 1815 3991 Ubi
1850 3937 1963 4006 jam
1994 3936 2059 3989 il-

424 4015 431 4029 ’
479 4027 572 4081 lud
598 4027 975 4082 considerabis
1006 4028 1151 4098 quod
1185 4027 1299 4083 Deo
1328 4028 1600 4097 acceptior
1627 4028 1808 4083 dictus
1837 4028 1931 4093 sit,
1963 4026 2058 4099 qui

481 4120 740 4174 animalia
774 4119 1183 4183 sacriﬁcaverit,
1216 4134 1378 4189 quam
1412 4121 1459 4174 is
1486 4121 1577 4190 qui
1612 4124 1682 4176 ab
1725 4136 1857 4192 agro
1886 4120 2060 4176 sacri-

424 4208 432 4222 ⁸
481 4213 666 4267 ﬁcium
696 4213 980 4267 obtulerit.
1017 4212 1193 4265 Etiam
1218 4210 1333 4266 Noe
1363 4213 1610 4282 protinus
1632 4212 1699 4267 de
1728 4212 1945 4267 cunctis
1967 4227 2061 4282 pe—

426 4299 436 4309 ’
480 4304 706 4360 coribus
745 4304 986 4370 mundis,
1022 4311 1077 4360 et
1119 4305 1185 4359 de
1215 4306 1426 4361 cunctis
1455 4306 1769 4361 volucribus
1818 4306 2057 4372 mundis,

429 4391 440 4401 ’
481 4396 678 4450 obtulit
724 4395 1121 4467 perfectissima
1155 4412 1380 4452 munera
1412 4414 1578 4467 super
1612 4398 1821 4453 altare:
1861 4397 2060 4451 odora-

431 4474 439 4481 ’
481 4498 681 4558 tusqne
731 4499 816 4544 est
858 4487 1123 4544 Dominus
1165 4489 1386 4544 odorem
1437 4491 1746 4546 suavitatis.
1783 4489 2060 4545 Abraham

482 4594 703 4650 quoque
732 4578 1053 4635 sacriﬁcans
1085 4579 1422 4635 describitur
1453 4601 1464 4635 :
1500 4589 1581 4646 ut,
1612 4581 1658 4635 si
1686 4581 1883 4637 divinae
1910 4580 2061 4637 Scri-

482 4672 1045 4742 pturaetestimonium
1067 4673 1367 4742 sequimur,
1415 4674 1651 4744 primum
1682 4675 1923 4729 omnium
1954 4672 2061 4746 35

2157 3651 2266 3706 τῶν
2298 3648 2585 3722 προὸάτων
2614 3644 2799 3721 αὐτοῦ.
2843 3643 2956 3697 Καὶ
2985 3641 3193 3695 ὲπεῖδεν
3225 3641 3253 3692 ὁ
3281 3637 3415 3700 Θεὸς
3451 3636 3544 3688 ἐπὶ
3568 3629 3734 3686 Ἅϐελ

2159 3745 2254 3797 καὶ
2296 3742 2388 3795 ἐπὶ
2428 3743 2541 3803 τοῖς
2577 3737 2769 3810 δώροις
2813 3732 2978 3788 αὐτοῦ
3003 3749 3020 3763 ο
3059 3732 3151 3784 ἐπὶ
3195 3730 3253 3784 δὲ
3295 3728 3434 3783 Κάῖν
3475 3725 3571 3777 καὶ
3610 3723 3733 3785 ταῖς

2160 3837 2372 3899 θυσίαις
2397 3832 2561 3887 αὐτοῦ
2594 3831 2654 3885 ού
2680 3828 3001 3903 προσέσχεν.
3039 3844 3057 3880 ι
3100 3822 3270 3877 Ἔνθα
3295 3821 3358 3892 δὴ
3398 3816 3733 3889 ἐπιστήσεις,

2158 3931 2235 3995 ὡς
2276 3928 2473 4002 μᾶλλον
2524 3929 2552 3981 ὁ
2593 3923 2938 3995 ζωοθυτήσας
2987 3918 3281 3980 ἀπόδεκτος
3328 3913 3541 3986 εἴρηται

2158 4022 2249 4077 τὸν
2279 4000 2403 4075 ἀπὸ
2456 4021 2559 4092 γῆς
2609 4015 3030 4090 προσαγαγόντα
3079 4011 3158 4082 τῷ
3196 4007 3316 4079 Θεῷ
3363 4007 3463 4077 τὴν
3522 4000 3731 4057 θυσίαν.

2159 4115 2271 4169 Καὶ
2318 4112 2442 4167 Νῶε
2482 4112 2539 4165 δὲ
2578 4110 2738 4174 εὐθὺς
2781 4108 2890 4163 ἀπὸ
2939 4105 3157 4160 πάντων
3209 4101 3317 4154 τῶν
3363 4094 3578 4169 κτηνῶν
3623 4093 3735 4149 τῶν

2160 4207 2451 4280 καθαρῶν,
2494 4205 2590 4258 καὶ
2629 4206 2738 4259 ἀπὸ
2785 4202 3001 4255 πάντων
3045 4197 3153 4250 τῶν
3203 4189 3419 4263 πτηνῶν
3478 4189 3587 4242 τῶν
3628 4203 3727 4241 κα-

2162 4278 2342 4373 θαρῶν
2405 4300 2703 4370 ἀνήνεγκεν
2765 4288 3169 4361 όλοκαρπώσεις
3209 4287 3301 4338 ἐπὶ
3338 4284 3411 4373 τὸ,
3442 4278 3737 4373 θυσιαστή-

2163 4367 2299 4467 ριον,
2346 4393 2440 4445 καὶ
2478 4367 2772 4459 ώσφράνθη
2821 4381 3024 4453 Κύριος
3071 4376 3245 4449 ὀσμήν
3276 4372 3533 4467 εὐωδίας.
3575 4367 3738 4467 ΪΑλλὰ

2162 4459 2256 4539 καὶ
2292 4481 2543 4555 Ἀϐραὰμ
2578 4478 2745 4539 θύσας
2788 4474 3232 4544 ἀναγέγραπται·
3263 4465 3422 4530 ὥστε,
3459 4460 3601 4516 κατά
3638 4459 3737 4555 τήν

2161 4579 2261 4649 τῆς
2288 4552 2437 4638 θείας
2455 4570 2678 4645 Γραφῆς
2727 4564 3049 4639 μαρτυρίαν,
3069 4560 3294 4632 πρώτην
3325 4555 3612 4649 *ἀπαντῶν*
3635 4552 3736 4649 τὴν

2163 4642 2253 4724 διά
2287 4666 2440 4733 ζώων
2478 4642 2667 4716 θυσίαν
2692 4654 3068 4727 ὲπινενοῆσθαι
3100 4653 3209 4715 τοῖς
3246 4647 3412 4701 πάλαι
3444 4642 3735 4712 θεοφιλέσι.

480 4779 546 4818 ex
571 4764 900 4819 animalibus
947 4764 1296 4832 sacriﬁcium,
1332 4767 1532 4837 priscis
1560 4765 1672 4821 Deo
1707 4766 1898 4822 amicis
1931 4767 2054 4821 viris

2166 4760 2369 4815 Τούτου
2401 4757 2458 4810 δὲ
2478 4757 2568 4809 τὸν
2600 4750 2857 4823 λογισμὸν
2885 4746 3123 4820 ἡγοῦμαι
3150 4739 3288 4837 εἶναι
3307 4740 3367 4837 ού
3502 4735 3740 4837 τυχόντα

480 4855 849 4927 excogitatum
873 4854 1061 4922 fuisse,
1088 4870 1189 4911 nos
1222 4856 1407 4911 dicere
1434 4863 1701 4926 oporteat.
1734 4854 1907 4922 Quam
1932 4869 2054 4910 sane

2169 4853 2277 4907 οὐδ’
2305 4846 2657 4922 ἀνθρωπίνως
2688 4839 3061 4913 κεκινημένον,
3084 4835 3227 4890 κατά
3256 4833 3407 4887 θείαν
3427 4829 3471 4883 δ’
3498 4829 3739 4929 ἐπίνοιαν

480 4948 933 5018 excogitationem
962 4956 1167 5006 temere
1197 4950 1498 5013 exstitisse,
1531 4955 1625 5002 aut
1647 4949 1884 5001 humano
1909 4962 2054 5003 more

2168 4921 2626 5016 ὑποϐεϐλημένον.
2675 4936 2892 5007 Ἐπειδὴ
2923 4933 3033 5005 γὰρ
3056 4930 3261 5000 ἐώρων,
3420 4924 3510 4978 τὸν

480 5049 747 5109 exortam,
772 5041 1070 5112 putandum
1107 5058 1221 5097 non
1249 5051 1354 5107 est,
1385 5041 1476 5097 sed
1506 5040 1691 5095 divino
1715 5043 1895 5111 potius
1923 5049 2054 5097 nutu

2168 5015 2543 5102 εὑσεϐεῖςνκαὶ
2587 5031 2705 5103 Θεῷ
2746 5023 3240 5102 προσῳκειωμένοι,
3287 5018 3415 5090 θείῳ
3453 5033 3519 5112 τε
3566 5015 3738 5112 Ilvati-

481 5137 833 5194 insinuatam.
868 5138 1078 5195 Etenim
1115 5153 1240 5193 cum
1269 5152 1483 5192 morum
1508 5136 1799 5190 sanctitate
1832 5144 2054 5205 prcesta-

2172 5153 2299 5210 ματι
2329 5133 2425 5196 τάς
2445 5128 2621 5203 ψυχὰς
2656 5120 3075 5193 πεφωτισμένοι,
3111 5114 3348 5187 μεγάλης
3371 5111 3550 5210 αὐτοῖς
3580 5107 3742 5210 θερα-

483 5238 623 5297 rent,
658 5230 872 5302 Deoque
902 5230 1120 5302 penitus
1151 5229 1352 5283 addicti
1380 5236 1583 5290 essent,
1618 5236 1670 5282 et
1700 5228 1772 5281 ob
1799 5243 1917 5283 eam
1944 5245 2054 5285 rem

2168 5201 2327 5295 πείας
2359 5201 2470 5282 δεῖν
2512 5228 2590 5289 είς
2621 5218 2994 5289 ἀποκάθαρσιν
3026 5213 3131 5266 τῶν
3170 5209 3402 5303 θνητῶν-
3420 5201 3743 5303 πλημμελη-

474 5293 638 5396 quasi
672 5293 858 5379 divino
882 5293 1092 5392 spiritu
1135 5321 1390 5374 illustrati
1432 5320 1695 5385 viderent,
1730 5335 1926 5391 magno
1953 5320 2054 5375 sibi

2170 5293 2377 5397 μάτων,
2412 5320 2605 5390 λύτρον
2651 5315 2750 5385 τῆς
2786 5310 2964 5366 αὐτῶν
3012 5305 3301 5399 σωτηρίας,
3334 5299 3413 5399 τῶ
3455 5297 3576 5399 καὶ.
3594 5293 3742 5364 ζωῆς

474 5432 610 5487 opus
639 5431 761 5473 esse
789 5413 1078 5484 obsequio,
1106 5413 1150 5468 si
1185 5429 1281 5468 sua
1313 5414 1553 5483 ipsorum
1594 5414 1825 5467 humana
1860 5412 2054 5468 delicta

2166 5385 2258 5466 καὶ
2299 5385 2475 5479 ψυχῆς
2515 5385 2743 5478 ’χορηγῷ
2794 5394 3239 5471 προσοφείλεσθαι
3267 5388 3516 5463 ήγοῦντο·
3552 5385 3743 5491 ἔπειτα

474 5512 687 5568 diluere
712 5510 953 5566 vellent:
989 5508 1222 5579 pretium
1274 5523 1372 5579 pro
1405 5509 1579 5563 salute
1618 5524 1715 5563 sua
1746 5510 1815 5572 ei,
1853 5510 1945 5580 qui
1977 5511 2054 5562 vi-

2171 5506 2338 5578 μηδὲν
2374 5506 2618 5577 κρεῖττον
2669 5500 2762 5556 καὶ
2805 5495 3125 5572 τιμιώτερον
3171 5492 3270 5562 τῆς
3309 5481 3513 5546 οἰκείας
3563 5481 3742 5553 ψυχῆς

442 5720 449 5741 τ
545 5664 590 5696 ¹⁸
631 5664 797 5718 Hebr.
834 5680 951 5727 xm,
996 5666 1049 5718 ιί.
1132 5663 1173 5697 ιτ
1201 5666 1337 5721 Gen.
1386 5683 1458 5729 Iv,
1496 5666 1616 5720 5-5.

555 5845 632 5913 (ί)
679 5844 815 5901 Sunt
845 5846 957 5903 hrcc
984 5847 1266 5918 desur..pta
1297 5866 1325 5903 e
1358 5849 1532 5920 primo
1562 5848 1700 5902 libro
1736 5843 2021 5916 Porphyrii

2155 5840 2195 5893 ri
2231 5839 2468 5909 ἁποχης
