4106 6460
455 404 527 461 85
1342 396 1998 456 DEMONSTRATIONIS
2029 395 2486 454 EVANGELICAZ
2518 396 2644 452 LIB.
2678 397 2719 452 1.
3633 396 3702 447 86

455 522 741 595 καθιεροῦν
787 520 1019 595 ἔχοντες,
1066 522 1187 578 ἀντὶ
1226 522 1433 593 ταύτης
1475 523 1614 586 τέως
1659 522 1755 594 τὴν
1799 522 1887 576 διὰ
1923 521 2030 575 τῶν

2134 529 2244 575 tam
2278 531 2438 591 atque
2457 523 2694 574 animam
2728 519 3070 589 praebuisset,
3091 535 3148 574 se
3174 518 3373 574 debere
3394 518 3657 588 putabant
3681 539 3698 574 :

454 615 668 683 ἀλόγων
704 613 856 679 ζώων
897 615 1169 685 προσῆγον
1197 614 1407 678 θυσίαν,
1440 613 1539 684 τῆς
1564 612 1712 683 σφῶν
1739 613 1915 683 ψυχῆς
1943 614 2037 667 ἀν-

457 705 655 775 τίψυχα
699 706 1159 777 προσκομίζοντες
1178 723 1191 736 ο
1219 705 1372 761 οὐδὲν
1402 704 1544 758 κατά
1589 703 1745 758 τοῦτο
1780 705 2037 775 πλημμε-

457 796 589 861 λεῖν,
614 798 723 851 οὐδ’
752 799 957 852 ἀδικεῖν
988 799 1300 870 ἡγούμενοι,
1325 799 1405 851 ὅτι
1444 797 1582 868 μηδὲ
1609 799 1674 868 τῇ
1700 796 1808 850 τῶν
1830 796 2037 867 ἀνθρώ-

457 905 575 943 πων
618 888 808 961 λογικῇ
861 892 955 944 καὶ
997 892 1158 962 νοερᾷ
1207 890 1434 961 δυνάμει
1480 889 1865 962 παραπλησίαν
1897 885 2034 943 εἶναι

456 979 552 1053 τὴν
582 980 757 1053 ψυχὴν
779 982 885 1035 τῶν
909 982 1117 1051 ἀλόγων
1139 981 1502 1046 ἐπαιδεύοντο,
1522 982 1630 1035 οὐδ’
1659 981 1786 1036 ἄλλο
1813 1000 1866 1036 τι
1897 978 2034 1036 εἶναι

456 1074 624 1145 αὐτὴν
654 1073 688 1145 ἢ
728 1074 788 1127 τὸ
814 1068 953 1144 αἷμα
981 1074 1159 1129 αὐτῶν
1190 1072 1590 1145 μεμαθηκότες,
1616 1074 1711 1127 καὶ
1742 1072 1841 1147 τὴν
1869 1076 1926 1129 ὲν
1957 1072 2036 1144 τῷ

456 1166 645 1237 αἵματι
705 1165 941 1237 ζωτικὴν
996 1165 1244 1236 δύναμιν,
1298 1166 1327 1219 δ
1385 1166 1480 1219 καὶ
1531 1164 1789 1237 παρέχειν
1838 1164 2036 1228 αὐτοὺς

456 1257 645 1329 ὥσπερ
665 1256 844 1327 ψυχὴν
866 1258 985 1311 ἀντὶ
1012 1257 1190 1328 ψυχῆς
1213 1257 1582 1328 ἀναφέροντας
1604 1256 1680 1329 τῷ
1701 1256 1838 1328 Θεῷ.
1865 1256 2037 1309 Τοῦτο
2090 1310 2095 1319 ,

454 1348 512 1402 δὲ
555 1349 685 1403 αὐτὸ
736 1350 938 1420 Μωσῆς
986 1349 1282 1405 λευκότατά
1332 1368 1434 1405 που
1488 1351 1763 1420 διασαφεῖ,
1823 1349 1997 1417 λέγων
2017 1365 2030 1379 ·

462 1458 484 1492 ι
526 1441 687 1513 Ψυχὴ
732 1441 912 1513 πάσης
964 1441 1162 1514 σαρκὸς
1212 1437 1351 1512 αἷμα
1391 1441 1557 1497 αὐτοῦ
1603 1444 1741 1503 ἐστι,
1786 1442 1882 1495 καὶ
1926 1438 2036 1508 ἐγὼ

455 1530 663 1586 δέδωκα
708 1533 837 1603 ύμῖν
883 1532 944 1586 τὸ
975 1527 1114 1603 αἷμα
1149 1534 1243 1587 ἐπὶ
1272 1532 1364 1586 τοῦ
1412 1532 1820 1605 θυσιαστηρίου,
1853 1531 2035 1598 ἐξιλά-

459 1623 681 1678 σκεσθαι
716 1624 844 1696 περὶ
870 1624 977 1678 τῶν
1004 1624 1288 1697 ἁμαρτιῶν
1338 1624 1513 1696 ὑμῶν.
1541 1626 1615 1678 Τὸ
1639 1623 1749 1696 γὰρ
1776 1619 1913 1695 αἷμα
1941 1625 2037 1681 αὐ-

456 1711 567 1765 τῶν
613 1713 734 1767 ἀντὶ
774 1712 954 1783 ψυχῆς
992 1712 1315 1779 ὲξιλάσεται.
1350 1713 1450 1767 Διά
1499 1711 1655 1766 τοῦτο
1685 1713 1880 1784 εἴρηκα
1924 1715 2035 1776 τοῖς

455 1806 592 1867 υἱοῖς
647 1804 900 1877 Ἰσραήλ·
955 1805 1111 1858 Πᾶσα
1169 1805 1314 1877 ψυχὴ
1372 1805 1432 1870 ἐξ
1493 1805 1647 1875 ὑμῶν
1693 1805 1755 1861 οὐ
1801 1804 2034 1875 φάγεται

2139 612 2235 667 sed
2265 613 2538 667 cumniliil
2564 612 2910 681 praestantius
2953 619 3047 665 aut
3072 612 3365 682 pretiosius
3391 611 3568 664 anima
3605 627 3703 667 sua

2136 704 2420 769 haberent,
2449 704 2593 774 quod
2615 704 2881 769 dicarem,
2910 720 3010 776 pro
3036 704 3139 757 hac
3166 704 3385 758 interim
3415 705 3702 759 brutorum

2136 795 2450 849 animalium
2478 795 2644 850 vitam
2669 792 2984 858 oll‘erebant,
3010 796 3083 848 ita
3114 810 3227 849 sua:
3246 795 3487 864 ipsorum
3511 795 3703 848 animai

2136 884 2468 939 sacriﬁcium
2498 885 2633 940 illud
2662 893 3041 955 comparantes
3072 904 3084 939 :
3118 900 3293 955 neque
3315 901 3374 940 se
3398 887 3451 940 in
3478 886 3578 940 hoc
3609 894 3703 939 aut

2135 971 2471 1043 delinquere,
2493 981 2585 1027 aut
2608 973 2811 1043 injuste
2836 974 3013 1029 facere
3036 974 3444 1030 arbitrabantur
3467 994 3480 1030 :
3503 976 3703 1046 quippe

2135 1063 2229 1134 qui
2259 1063 2539 1118 hominum
2587 1064 2896 1131 rationalis,
2929 1070 3090 1133 atque
3121 1064 3473 1135 intelligentia
3503 1066 3700 1135 praedi-

2137 1162 2204 1210 ιω
2245 1154 2442 1210 anima:
2493 1155 2807 1225 neutiquam
2853 1155 3086 1211 similem
3142 1154 3427 1215 brutorum
3467 1156 3701 1210 animam

2136 1262 2257 1304 esse
2280 1247 2621 1312 didicissent,
2643 1262 2820 1317 neque
2834 1246 2981 1301 aliud
2999 1245 3288 1317 quicquam
3311 1262 3472 1318 quam
3487 1248 3700 1302 illorum

2137 1341 2476 1411 sanguinem,
2522 1340 2846 1411 vitalemque
2875 1341 2930 1395 in
2972 1355 3037 1396 eo
3069 1340 3174 1394 vim
3210 1355 3333 1396 esse
3357 1356 3497 1408 eam,
3527 1341 3701 1395 edocti

2135 1440 2338 1497 essent,
2367 1432 2580 1502 hocque
2607 1448 2773 1486 unum
2809 1432 3303 1502 praehere-sequasi
3333 1433 3569 1486 animam
3594 1430 3704 1487 Deo

2136 1536 2236 1591 pro
2266 1521 2447 1575 anima
2477 1520 2785 1576 oﬂ'erentes.
2813 1519 2927 1576 Hoc
2956 1528 3136 1576 autem
3172 1522 3347 1591 ipsum
3372 1521 3547 1576 Moses
3568 1536 3704 1591 quo-

2137 1610 2261 1665 dam
2294 1612 2416 1666 loco
2444 1611 2764 1682 planissime
2784 1611 3009 1678 indicat,
3038 1612 3133 1668 ubi
3166 1612 3242 1666 ait
3276 1631 3287 1665 :
3323 1630 3342 1668 ι
3372 1613 3563 1666 Anima
3587 1627 3704 1665 om-

2137 1701 2224 1758 nis
2255 1701 2441 1757 carnis
2480 1701 2704 1773 sanguis
2741 1701 2861 1771 ejus
2892 1709 2998 1767 est,
3036 1711 3092 1756 et
3123 1717 3224 1772 ego
3256 1702 3378 1758 dedi
3402 1705 3556 1758 vobis
3584 1719 3708 1773 san-

2138 1792 2356 1862 guinem
2404 1791 2460 1846 in
2500 1771 2659 1848 altari
2692 1792 2759 1846 ad
2808 1790 3136 1865 expiandum
3165 1771 3269 1862 pro
3323 1793 3561 1862 peccatis
3614 1771 3706 1849 ve-

456 1889 616 1965 αἷμα.
664 1914 682 1947 ι
725 1896 968 1967 Πρόσχες
1009 1896 1139 1965 γοῦν
1186 1897 1461 1969 ἐπιμελῶς
1499 1899 1557 1951 ὲν
1604 1897 1834 1961 τούτοις,
1885 1898 2030 1961 ὅπως

2137 1885 2266 1943 stris
2299 1904 2315 1941 :
2349 1885 2571 1957 sanguis
2612 1885 2754 1940 enim
2783 1901 2971 1945 eorum
2999 1900 3098 1956 pro
3124 1886 3304 1940 anima
3333 1887 3591 1956 expiabit.
3621 1885 3708 1941 ld-

456 1984 671 2056 είρηται
702 1985 783 2049 τὸ,
823 2005 841 2037 ι
901 1985 1039 2055 Ἐγὼ
1078 1987 1287 2041 δέδωκα
1323 1989 1450 2058 ύμῖν
1495 1988 1589 2041 ἐπὶ
1617 1987 1711 2041 τοῦ
1741 1987 2032 2057 θυσιαστη-

457 2076 575 2146 ρίου
623 2076 998 2140 ὲξιλάσκεσθαι
1044 2079 1172 2149 περὶ
1215 2078 1323 2133 τῶν
1363 2079 1549 2151 ψυχῶν
1587 2078 1770 2149 ὑμῶν·
1818 2078 1879 2132 τὸ
1922 2078 2032 2150 γάρ

455 2161 591 2239 αἷμα
620 2169 740 2221 ἀντὶ
768 2170 869 2241 τῆς
895 2171 1071 2242 ψυχῆς
1112 2170 1434 2237 ὲξιλάσεται.
1477 2190 1494 2221 ι
1548 2170 1741 2240 Σαφῶς
1762 2170 1870 2243 γάρ
1913 2171 2033 2224 ἀντὶ

451 2260 559 2332 τῆς·
582 2261 930 2332 ἀνθρωπίνης
956 2263 1226 2334 ψυχῆςητδ
1253 2262 1364 2317 τῶν
1399 2262 1844 2333 σφαγιαζομένων
1880 2260 2032 2326 ζώων

452 2346 593 2423 αἷμά
619 2370 782 2424 φησιν
828 2354 1227 2420 ἐξιλάσκεσθαι.
1260 2353 1431 2407 Τοῦτο
1466 2353 1521 2405 δὲ
1558 2354 1689 2407 αὐτὸ
1724 2354 1819 2407 καὶ
1847 2353 1876 2405 ὁ
1906 2353 2033 2424 περὶ

452 2445 561 2497 τῶν
589 2444 789 2499 θυσιῶν
831 2446 994 2515 νόμος
1021 2446 1310 2500 ὑποϐάλλει
1332 2448 1472 2498 νοεῖν
1499 2446 1578 2517 τῷ
1604 2446 2033 2518 τεθεωρημένως

455 2534 766 2588 σκοποῦντι.
800 2537 987 2590 Πάντα
1024 2536 1154 2606 γοῦν
1187 2538 1280 2590 τὸν
1326 2536 1521 2590 θύοντα
1549 2537 1648 2601 τὰς
1690 2541 1876 2609 χεῖρας
1915 2540 2033 2591 ὲπι-

454 2620 671 2679 θάλλειν
702 2625 1028 2694 προστάττει
1068 2629 1133 2697 τῇ
1170 2626 1380 2698 κεφαλῇ
1412 2627 1505 2681 τοῦ
1545 2628 1829 2698 θυομένου,
1865 2644 2032 2697 προσ-

454 2712 702 2783 κομίζειν
734 2715 802 2774 δὲ,
825 2716 885 2769 τὸ
916 2716 1055 2780 ζῶον
1086 2715 1163 2787 τῷ
1195 2718 1332 2789 ἱερεῖ
1352 2719 1452 2790 τῆς
1485 2718 1725 2788 κεφαλῆς
1753 2719 2029 2789 ἐχόμενον,

450 2805 654 2860 ὡσανεὶ
683 2808 824 2879 ὑπὲρ
862 2808 962 2879 τῆς
995 2807 1190 2862 ἑαυτοῦ
1218 2810 1460 2880 κεφαλῆς
1485 2810 1546 2864 τὸ
1577 2813 1773 2883 ἱερεῖον
1799 2810 2034 2881 προσφέ-

456 2913 635 2969 ροντα.
679 2899 843 2969 Λέγει
890 2900 935 2954 δ’
982 2896 1074 2957 οὖν
1118 2903 1204 2971 ἐφ’
1239 2904 1471 2975 ἑκάστῳ·
1511 2922 1529 2955 ι
1582 2900 1850 2975 Προσάξει
1901 2903 2033 2957 αὐτὸ

451 2987 632 3044 ἐναντι
669 2991 895 3064 Κυρίου,
926 2993 1022 3047 καὶ
1063 2994 1319 3066 ἐπιθήσει
1362 2994 1462 3059 τὰς
1500 2998 1690 3067 χεῖρας
1736 2995 1900 3049 αὐτοῦ
1942 2996 2034 3048 ἐπὶ

449 3082 551 3155 τὴν
584 3083 827 3155 κεφαλὴν
870 3084 973 3166 τού
1014 3084 1212 3158 δώρου.
1254 3106 1273 3138 ι
1322 3089 1436 3141 Καὶ
1464 3086 1638 3151 οὕτως
1669 3089 1753 3157 ἐφ’
1802 3089 2031 3142 ἑκάστου

451 3175 748 3247 ⁴ιετήρηται
774 3174 1033 3247 θύματος,
1062 3178 1317 3249 οὐδεμιᾶς
1347 3178 1538 3244 θυσίας
1567 3179 1741 3243 ἄλλως
1771 3181 2034 3253 ἀναφερο-

456 3265 643 3339 μένης.
676 3267 754 3321 Δι’
787 3261 862 3321 ὧν
893 3270 923 3322 ό
965 3268 1143 3338 λόγος,
1173 3271 1255 3325 ὅτι
1294 3270 1359 3342 δὴ
1392 3271 1659 3343 ἀντίψυχα
1706 3272 1809 3342 τῆς
1852 3273 2031 3327 αὐτῶν

449 3358 629 3430 ψυχῆς
655 3361 961 3432 προσήγετο
978 3361 1047 3415 τά
1068 3360 1483 3432 ζωοθυτούμενα
1502 3381 1516 3394 ’
1552 3366 1581 3417 ό
1618 3363 1675 3417 δὲ
1694 3363 1801 3417 τῶν
1821 3364 2033 3433 ἀλόγων

451 3449 607 3514 ζώων
647 3451 707 3504 τὸ
733 3446 874 3523 αἷμα
900 3451 1002 3524 τὴν
1033 3452 1210 3525 ψυχήν
1241 3450 1381 3508 εἶναι
1414 3454 1630 3519 διδάξας
1661 3454 1907 3525 οὐδαμῶς
1947 3455 2033 3508 λο-

450 3542 614 3613 γικῆς
642 3544 738 3596 καὶ
764 3546 955 3615 νοερᾶς
985 3545 1171 3609 οὐσίας
1201 3546 1403 3616 ὁμοίως
1430 3549 1544 3611 τοῖς
1563 3545 1869 3618 ἀνθρώποις
1901 3563 2031 3617 μετ-

451 3631 596 3703 έχειν
625 3633 763 3688 αὐτά
790 3635 1143 3707 παρίστησιν·
1192 3631 1328 3691 εῖναι
1379 3636 1489 3710 γὰρ
1517 3637 1694 3690 αὐτῶν
1717 3638 1815 3708 τὴν
1844 3637 2033 3691 σύσταο

453 3740 538 3777 σιν
570 3724 630 3790 ἐξ
660 3725 793 3799 ὕλης
826 3728 920 3781 καὶ
954 3731 1241 3798 σωμάτων,
1267 3731 1380 3793 τοῖς
1404 3728 1527 3783 ἀπὸ-
1553 3729 1654 3800 γῆς
1688 3728 2030 3800 βλαστήμασι

451 3814 546 3867 καὶ
589 3819 775 3884 φυτοῖς
824 3818 1228 3888 παραπλησίαν.
1276 3820 1390 3872 Ἐνὶ
1419 3820 1464 3873 δ’
1505 3815 1598 3872 οὖν
1635 3819 1783 3890 λόγῳ
1816 3819 1974 3873 πάλιν
2001 3820 2030 3872 ό

450 3903 659 3975 Μωσῆς
697 3923 830 3976 φησι
871 3907 962 3960 τὸν
997 3908 1130 3962 Θεὸν
1178 3912 1381 3965 εἰπεῖν’
1431 3911 1849 3981 ιλΒλαστησάτω
1875 3915 1908 3983 ή
1957 3913 2030 3985 γῆ

455 3991 684 4067 βοτάνην
713 3999 926 4068 χόρτου,
963 4001 1184 4069 σπεῖρον
1231 4001 1451 4073 σπέρμα
1489 4003 1585 4056 καὶ
1629 4002 1789 4069 ξύλον
1831 4004 2030 4075 κάρπι-

457 4100 578 4155 μον.
610 4105 628 4137 ι
663 4088 774 4140 Καὶ
806 4084 961 4153 αὖθις
991 4080 1413 4163 παράπλησίως’-
1451 4112 1471 4145 ι
1525 4094 1870 4164 Ἐξαγαγέτω
1899 4096 2026 4167 ήγῆ

448 4178 771 4248 τετράποδα,
814 4181 910 4233 καὶ
951 4182 1185 4253 ἑρπετά,
1232 4184 1326 4237 καὶ
1376 4185 1540 4257 θηρία
1588 4187 1689 4257 τῆς
1736 4188 2028 4258 γῆς-κατά

449 4266 623 4336 γένος.
668 4287 687 4320 ι
729 4269 889 4324 ’Ὥστε
915 4273 1222 4344 ὁμοιογενῆ,
1253 4276 1348 4328 καὶ
1384 4277 1621 4350 όμοφυῆ,
1648 4279 1742 4332 καὶ
1768 4279 2028 4351 όμοούσια

447 4355 590 4414 εἶναι
619 4361 868 4432 ήγεῖσθαι
898 4367 1012 4429 τοῖς
1039 4366 1148 4421 ἀπὸ
1178 4368 1284 4439 γῆς
1327 4368 1791 4441 βλαστήμασιικαὶ
1841 4377 2026 4443 φυτοῖς

444 4451 516 4506 τὰ
543 4452 744 4522 ἄλογα·
779 4453 861 4507 διὸ
901 4458 998 4510 καὶ
1046 4458 1312 4530 μηδαμῶς
1347 4460 1686 4532 πλημμελεῖν
1721 4463 1848 4528 τοὺς
1889 4462 2024 4529 ζωο-

2135 1979 2282 2033 circo
2314 1977 2427 2033 dixi
2453 1978 2579 2032 ﬁliis
2622 1976 2787 2035 Israel
2821 1997 2835 2031 :
2880 1976 3069 2034 Omnis
3102 1976 3282 2032 anima
3311 1994 3376 2033 ex
3408 1979 3560 2035 vobis
3598 1995 3708 2035 non

2134 2071 2389 2127 comedet
2412 2069 2732 2141 sanguinem
2770 2070 2833 2122 ιθ.
2878 2089 2896 2121 ι
2934 2068 3162 2123 Attende
3195 2069 3360 2140 igitur
3395 2069 3703 2140 diligenter,

2135 2161 2410 2233 quomodo
2450 2161 2507 2219 in
2537 2162 2621 2216 his
2648 2160 2855 2215 dictum
2885 2159 2957 2213 sit
2984 2158 3117 2228 illud
3153 2177 3166 2213 :
3204 2178 3222 2209 ι
3256 2158 3370 2229 Ego
3399 2160 3520 2214 dedi
3554 2163 3708 2216 vobis

2136 2254 2196 2307 in
2221 2254 2381 2307 altari
2403 2253 2626 2323 expiare
2653 2254 2864 2306 animas
2894 2261 3103 2307 vestras
3130 2270 3145 2319 ;
3180 2254 3405 2323 sanguis
3425 2254 3570 2307 enim
3608 2269 3707 2323 pro

2135 2344 2316 2399 anima
2345 2344 2618 2414 piaculum
2647 2343 2770 2399 erit.
2802 2360 2820 2392 ι
2852 2340 3019 2397 Plane
3038 2342 3181 2397 enim
3205 2358 3304 2412 pro
3324 2343 3558 2398 humana
3587 2348 3707 2402 ani-

2135 2450 2243 2498 ma,
2295 2443 2653 2491 mactatorum
2698 2432 3014 2488 animalium
3065 2436 3384 2504 sanguinem
3431 2438 3706 2506 piaculum

2136 2524 2318 2580 oﬂ'erri
2364 2526 2517 2581 dicit.
2559 2525 2674 2579 Hoc
2705 2523 2845 2578 idem
2879 2521 3040 2576 etiam
3074 2522 3163 2576 lex
3201 2524 3268 2579 de
3303 2526 3588 2582 sacriﬁciis
3611 2529 3709 2584 ad-

2135 2627 2319 2676 monet
2363 2620 2794 2690 intelligendum,
2830 2621 2876 2675 si
2926 2622 3050 2691 quis
3102 2623 3261 2676 modo
3309 2620 3708 2678 consideratius

2135 2713 2443 2768 attenderit.
2486 2712 2619 2768 Nam
2651 2715 2816 2784 capiti
2840 2715 3072 2769 victimae
3103 2729 3543 2785 unumquemque
3575 2713 3706 2769 dum

2134 2804 2408 2861 sacriﬁcat
2426 2821 2622 2861 manus
2650 2806 2853 2862 habere
2892 2808 3122 2877 injectas
3156 2810 3406 2878 imperat,
3442 2819 3495 2863 et
3527 2806 3594 2861 ad
3617 2822 3707 2862 sa-

2134 2893 2405 2948 cerdotem
2438 2894 2639 2949 animal
2665 2895 2843 2966 ipsum
2867 2896 3137 2953 adducere
3159 2898 3334 2967 capite
3355 2896 3680 2968 comprehen
3694 2924 3707 2936 -

2135 2999 2279 3051 sum,
2312 2993 2474 3056 atque
2502 2986 2804 3052 detentum,
2832 2987 2990 3057 quasi
3014 2990 3108 3058 qui
3148 3002 3249 3060 pro
3278 3003 3380 3044 suo
3409 2988 3581 3058 ipsius
3609 3002 3701 3042 ca-

2136 3078 2246 3147 pite
2274 3074 2511 3133 hostiam
2538 3078 2826 3146 exhibeat;
2861 3078 2994 3135 dicit
3024 3082 3190 3152 igitur
3234 3082 3301 3138 de
3335 3095 3663 3151 unoquoque
3689 3096 3703 3135 :

2138 3187 2159 3219 ι
2196 3167 2442 3225 Adducet
2481 3169 2613 3224 illud
2640 3176 2767 3225 ante
2813 3168 3126 3237 Dominum,
3158 3180 3211 3228 et
3241 3173 3482 3243 imponet
3509 3187 3705 3228 manu!

2139 3276 2269 3316 suas
2292 3262 2346 3316 in
2380 3270 2543 3334 caput
2589 3267 2834 3323 muneris
2865 3269 2929 3321 ’⁸.
2968 3287 2989 3321 ι
3020 3266 3177 3333 Qnod
3215 3282 3347 3322 sane
3377 3266 3431 3320 in
3453 3266 3600 3320 omni
3620 3265 3704 3320 vi-

2136 3355 2301 3411 ctima
2330 3356 2679 3412 observatum
2707 3367 2811 3424 est,
2862 3375 2984 3415 cum
3034 3361 3193 3419 aliter
3237 3360 3443 3419 nullum
3491 3358 3702 3414 sacriﬁ-

2134 3449 2278 3503 cium
2328 3446 2607 3507 ol'feratur.
2635 3448 2714 3509 Ex
2746 3452 2946 3522 quibus
2982 3452 3167 3521 utique
3199 3450 3381 3506 verbis
3411 3465 3593 3505 sermo
3620 3448 3705 3504 di-

2133 3540 2310 3596 vinus.
2347 3539 2480 3599 illud
2514 3538 2740 3612 intelligi
2792 3544 2927 3607 vult,
2984 3544 3345 3603 humanarum
3397 3544 3700 3609 animarum

2134 3632 2389 3702 pretium,
2429 3649 2551 3703 qua:
2580 3635 3027 3691 sacriﬁcarentur
3054 3633 3310 3689 animalia
3343 3632 3586 3687 exhiberi
3614 3647 3708 3687 so-

2135 3727 2229 3792 lita
2262 3742 2406 3782 esse.
2434 3726 2608 3783 Porro
2630 3736 2812 3783 autem
2843 3732 2936 3799 qui
2974 3729 3133 3783 docet
3172 3728 3455 3782 brutorum
3489 3725 3701 3780 anima-

2133 3818 2263 3873 lium
2293 3822 2639 3890 sanguinem,
2684 3823 2928 3892 ipsorum
2961 3837 3084 3877 esse
3126 3820 3385 3882 animam,
3421 3818 3470 3874 is
3497 3833 3703 3888 nequa-

2130 3926 2383 3981 quamea
2416 3929 2541 3968 cum
2574 3914 2829 3967 rationali
2875 3914 2985 3985 36
3018 3920 3180 3983 atque
3211 3911 3542 3980 intelligente
3573 3910 3703 3965 subo

2133 4003 2355 4067 stantia,
2395 4004 2538 4058 sicut
2584 4004 2832 4060 homines
2868 4002 3253 4059 commercium
3301 4001 3499 4057 habere
3533 3999 3705 4070 signi-

2132 4091 2278 4151 ﬁcat.
2318 4092 2586 4149 Constare
2617 4094 2761 4149 enim
2791 4111 2857 4150 ex
2889 4109 2950 4148 ea
2983 4093 3209 4148 materia
3254 4100 3306 4148 et
3351 4092 3699 4162 corporibus,

2129 4187 2275 4243 sicut
2328 4188 2655 4258 pullulantia
2697 4189 2880 4242 omnia
2912 4189 3217 4258 plantasque
3262 4194 3537 4242 constant.
3580 4184 3703 4242 Uno

2129 4280 2318 4350 itaque
2351 4294 2606 4335 sermone
2636 4295 2830 4335 rursus
2858 4278 3036 4336 Moses
3072 4278 3242 4334 Deum
3279 4296 3435 4335 usum
3467 4278 3700 4345 inducit,

2128 4387 2253 4427 cum
2285 4372 2361 4427 ait
2393 4392 2406 4426 :
2450 4391 2469 4425 ι
2511 4372 2792 4428 Germinet
2813 4379 2958 4439 terra
2992 4372 3212 4427 herbam
3254 4370 3383 4427 freni
3430 4372 3701 4426 seminan-

2128 4466 2199 4520 tis
2227 4480 2434 4530 semen,
2484 4473 2542 4521 ut
2591 4465 2796 4536 lignum
2826 4463 3168 4520 fructiferum
3213 4466 3282 4519 ¹⁰.
3324 4484 3341 4516 ι
3396 4463 3464 4517 Ει
3510 4464 3696 4519 eadem

446 4540 762 4609 θυτοῦντας.
779 4546 1008 4619 Εἴρηται
1029 4547 1159 4620 γοῦν
1179 4546 1366 4622 καὶτῷ
1385 4552 1531 4618 Νῶε,
1547 4553 1759 4608 ἐδεσθαι
1774 4555 1932 4627 κρέα,
1945 4557 2026 4622 ῶς

2132 4570 2322 4610 rursus
2356 4555 2567 4611 ratione
2598 4574 2611 4609 :
2648 4573 2667 4606 ι
2703 4553 2975 4610 Producat
3014 4561 3158 4610 terra
3199 4554 3600 4625 quadrupedes,
3644 4562 3702 4608 et

445 4630 651 4705 λάχανα
662 4636 1006 4708 ἀγροῢ.Ἔως
1023 4642 1121 4712 μὲν
1139 4638 1232 4696 οὖν
1250 4642 1460 4698 οὐδέπω
1473 4645 1533 4698 τὸ
1550 4648 1815 4717 κρεῖττον,
1829 4648 1948 4701 οὐδὲ
1965 4650 2026 4702 τὸ

2134 4647 2350 4717 reptilia
2375 4685 2391 4711 ,
2436 4654 2492 4702 et
2538 4646 2746 4702 bestias
2778 4654 2941 4703 terra:
2985 4648 3282 4717 generatim
3313 4648 3380 4699 ¹¹.
3417 4665 3435 4699 ι
3480 4645 3547 4700 Ut
3575 4660 3695 4699 om-

448 4724 592 4813 μέγα
635 4730 731 4783 καὶ
766 4730 965 4802 τίμιον,
995 4735 1088 4787 καὶ
1111 4732 1411 4806 θεοπρεπὲς
1445 4737 1671 4806 σφάγιον
1703 4741 1884 4813 παρῆν
1927 4741 2021 4795 άν-

445 4811 700 4886 θρώποις,
716 4823 834 4884 ταῖς
848 4821 936 4875 διὰ
950 4822 1103 4887 ζώων
1119 4824 1328 4890 θυσίαις
1342 4827 1515 4900 λύτρα
1523 4829 1622 4898 τῆς
1638 4811 2017 4904 ἑαυτῶννζωῆς,

444 4906 541 4959 καὶ
568 4907 834 4983 ἀντίψυχα
860 4905 960 4986 τῆς
986 4916 1192 4981 οἰκείας
1229 4918 1442 4988 φύσεως
1474 4924 1857 4993 προσηκόντως
1881 4926 2021 4978 ἀπο-

440 4997 640 5053 διδόναι
672 5004 809 5074 χρῆν
838 5005 916 5076 τῷ
937 5006 1086 5080 Θεῷ·
1114 5010 1191 5074 ὡς
1218 5012 1317 5065 καὶ·
1347 5010 1614 5085 ἔπραττον
1635 5016 1684 5067 oi
1712 5015 1880 5069 πάλαι
1904 5015 2021 5069 θεο-

442 5092 637 5162 φιλεῖς,
664 5095 856 5163 σεμνόν
885 5114 937 5150 τι
963 5100 1056 5158 καὶ
1091 5100 1333 5172 θεοφιλὲς
1356 5103 1451 5157 καὶ
1484 5103 1625 5175 μέγα
1655 5106 1848 5178 ἱερεῖον
1871 5107 2019 5178 ἥξειν

442 5183 576 5237 ποτὲ
600 5186 680 5248 είς
706 5185 1024 5258 ἀνθρώπους
1048 5192 1125 5263 τῷ
1149 5193 1278 5266 θείῳ
1302 5196 1581 5267 Πνεύματι
1604 5198 2014 5270 προειληφότες,

439 5275 501 5328 τὸ
528 5275 621 5329 τοῦ
663 5278 865 5343 παντὸς
896 5282 1189 5356 καθάρσιον
1212 5287 1437 5359 κόσμου,
1463 5284 1525 5344 οὗ
1552 5291 1648 5344 καὶ
1674 5290 1743 5344 τὰ
1771 5291 2014 5363 σύμϐολα

440 5364 579 5454 τέως
610 5368 877 5424 ἐπιτελεῖν
917 5373 1109 5439 αὐτοὺς
1141 5380 1424 5450 προφήτας
1456 5379 1636 5445 ὄντας,
1670 5382 1765 5435 καὶ
1792 5382 1853 5436 τὸ
1888 5382 2015 5454 μέλ-

441 5453 533 5508 λον
578 5456 797 5513 ἔσεσθαι
839 5466 1333 5536 προτυπουμένουςο
1390 5470 1575 5542 ἐπειδὴ
1621 5471 1678 5525 δὲ
1712 5471 1773 5524 τὸ
1811 5453 2013 5527 τέλειον

441 5547 647 5618 παρῆν,
676 5554 785 5614 τοῖς
828 5551 936 5606 τῶν
980 5557 1272 5627 προφητῶν
1305 5560 1613 5625 ἀκολούθως
1652 5561 2007 5635 θεσπίσμασι,

441 5635 685 5693 πέπαυτο
718 5641 789 5693 τὰ
822 5644 1015 5714 πρῶτα
1058 5647 1153 5701 καὶ
1195 5646 1383 5701 λέλυτο
1421 5653 1763 5723 παραχρῆμα
1787 5654 1875 5719 διά
1914 5655 2011 5725 τῆς

2130 4738 2262 4794 nino
2308 4739 2555 4810 ejusdem
2600 4747 2655 4794 et
2695 4739 2909 4810 generis
2951 4746 3007 4794 et
3036 4747 3243 4793 naturae
3273 4746 3327 4793 et
3376 4738 3699 4793 substantiae

2126 4830 2285 4884 bruta
2312 4845 2434 4887 esse
2462 4830 2753 4887 dicendum
2784 4832 2874 4896 sit,
2907 4831 3151 4901 cujuset
3185 4827 3545 4900 germinantia
3576 4844 3697 4883 om-

2125 4925 2216 4977 nia
2267 4930 2322 4978 et
2385 4923 2582 4992 plantae
2627 4931 2772 4980 sunt.
2839 4922 3076 4979 Proinde
3123 4923 3442 4983 neutiquam
3487 4934 3696 4990 errare,

2123 5014 2219 5084 qui
2268 5016 2522 5072 animalia
2565 5016 2895 5073 sacriﬁcant.
2938 5015 3148 5070 Dictum
3197 5015 3359 5083 igitur
3401 5019 3485 5068 est
3527 5013 3696 5069 etiam

2122 5106 2257 5174 Noe,-
2285 5110 2674 5165 ut.comederet
2694 5124 2908 5177 carnes,
2932 5109 3097 5178 quasi
3116 5106 3263 5163 olera
3295 5105 3431 5174 agri.
3459 5104 3699 5162 Proinde

2120 5200 2249 5256 dum
2282 5202 2432 5257 nulla
2461 5202 2827 5271 prarstantior,
2861 5215 3038 5269 neque
3062 5198 3255 5265 major,
3290 5214 3464 5268 neque
3490 5198 3696 5268 pretio-

2119 5292 2253 5356 sior,
2296 5309 2473 5364 neque
2504 5291 2615 5349 Deo
2665 5292 3077 5349 convenientior
3125 5289 3343 5343 victima
3378 5291 3691 5345 hominibus

2125 5384 2312 5440 aderat
2342 5403 2355 5439 :
2389 5384 2658 5439 sacriﬁcia
2697 5385 2916 5441 interim
2958 5398 3023 5437 ex
3060 5382 3411 5445 animalibus,
3444 5397 3543 5452 pro
3588 5396 3688 5436 sua

2122 5473 2366 5543 ipsorum
2400 5474 2510 5529 vita
2544 5474 2878 5538 redimenda,
2906 5481 2964 5528 et
2978 5470 3263 5543 .quoddam
3292 5474 3448 5543 quasi
3482 5481 3693 5529 natura

2120 5566 2355 5634 propriae
2400 5567 2700 5620 animatum
2727 5567 2982 5635 pretium,
3019 5566 3121 5638 ipsi
3160 5565 3271 5620 Deo
3304 5566 3531 5621 reddere
3570 5566 3692 5619 illos

2120 5656 2504 5712 convenienter
2547 5657 2830 5725 oportebat
2879 5675 2891 5709 :
2941 5657 3083 5713 sicut
3128 5657 3291 5712 etiam
3342 5656 3437 5710 Dei
3482 5664 3689 5711 veteres

516 5816 560 5849 ⁸⁸
602 5815 772 5877 Levit.
809 5836 919 5877 xvii
945 5862 960 5890 ,
1024 5824 1206 5888 ll,l2.
1285 5827 1326 5860 ¹⁹
1355 5825 1522 5884 chit.
1586 5845 1667 5895 ιιι,
1705 5829 1759 5892 5,
1788 5830 1840 5897 8,
1876 5831 1968 5898 l5;
2009 5848 2021 5887 I

2132 5831 2166 5898 ἱ,
2198 5830 2286 5899 24,
2311 5830 2398 5899 29.,
2434 5832 2522 5887 55.
2600 5833 2643 5865 ²⁰
2675 5830 2807 5890 Gen.
2841 5848 2878 5899 ι,
2912 5833 2995 5891 ll.
3076 5836 3117 5866 ²¹
3150 5834 3283 5890 Ibid.
3317 5833 3405 5890 '20.
