4106 6426
464 356 535 410 87

1097 358 1366 416 EUSEBll
1403 359 1881 415 CESARIENSIS
1917 357 2068 414 OPP.
2113 356 2295 415 PARS
2326 355 2400 413 ιιι.
2441 389 2512 398 -
2549 332 3045 411 APOLOGETICA:

3632 347 3702 405 88

463 471 625 525 amici
654 483 708 529 et
746 476 984 532 cultores
1014 476 1304 541 faciebant,
1328 479 1420 548 qui
1460 479 1819 535 venerabilem
1841 494 2026 550 quam-

2131 477 2225 531 τοῦ
2267 477 2572 549 κρείττονος
2595 475 2689 530 καὶ
2720 472 2953 546 ἀληθοῦς
2986 471 3274 544 ἱερουγίας.
3305 459 3471 532 οὗτος
3498 468 3543 522 δ’
3574 463 3641 537 ῆν
3673 472 3702 522 6

463 560 611 626 dam,
659 560 876 633 Deoque
905 576 1201 635 acceptam.
1230 577 1283 623 ct
1329 585 1576 639 magnam
1609 569 1862 631 hostiam,
1899 584 2031 624 ven-

465 658 643 706 turam
678 654 807 708 olim
856 658 923 710 ad
968 658 1239 722 homines,
1274 660 1458 716 divino
1499 662 1776 716 indicante
1811 662 2027 730 spiritu,

465 748 619 795 tanto
654 751 782 800 ante
819 746 1143 814 didicerant,
1182 766 1304 821 qua:
1349 754 1513 807 totius
1556 752 1744 807 mundi
1794 752 2032 823 expiatio

463 834 753 890 exsisteret
787 854 801 890 :
827 838 983 907 cujus
1014 841 1175 895 etiam
1206 845 1359 912 signa
1380 844 1623 914 quaedam
1652 851 1707 898 et
1747 853 1903 899 notas
1927 845 2032 915 ipsi

466 922 670 980 interea
713 927 926 985 obirent
971 942 1136 1002 atque
1182 938 1503 1003 perﬁcerent
1546 957 1560 991 :
1604 937 1803 1007 quippe
1842 938 1935 1008 qui
1977 946 2031 993 et

466 1016 739 1082 propheta:
775 1028 982 1084 essent,
1015 1030 1070 1075 et
1090 1023 1230 1090 ejus,
1262 1025 1404 1093 quod
1431 1026 1670 1079 futurum
1694 1037 2033 1096 exspectare-

462 1116 571 1169 tur,
603 1108 828 1178 ﬁguram
857 1114 912 1167 in
947 1130 1006 1169 se
1032 1116 1303 1186 quandam
1339 1125 1463 1173 ante
1487 1128 1751 1188 gerentes.
1796 1120 1897 1174 Ubi
1932 1136 2032 1175 au-

461 1204 571 1251 tem
603 1201 748 1269 quod
790 1204 1091 1271 perfectum
1137 1217 1255 1262 erat
1292 1209 1530 1273 advenit,
1574 1213 2030 1282 quemadmodum

464 1291 722 1348 vaticinia
756 1297 1142 1365 prophetarum
1190 1302 1572 1369 praedixerant,
1607 1307 1789 1373 priora
1816 1306 1907 1358 illa
1935 1305 2030 1361 de-

462 1381 694 1447 sierunt,
730 1396 783 1440 et
811 1391 1187 1456 praestantiore
1227 1396 1545 1463 verioreque
1580 1395 1849 1450 sacriﬁcio
1883 1396 2029 1450 illico

460 1474 676 1532 sublata
699 1486 847 1533 sunt.
872 1478 971 1534 llic
1000 1491 1179 1538 autem
1210 1484 1310 1539 fuit
1334 1486 1586 1543 Christus
1610 1487 1724 1552 Dei,
1755 1488 1802 1542 is
1823 1487 1889 1543 de
1921 1505 2029 1558 quo

461 1567 784 1641 antiquitus,
821 1587 851 1625 a
880 1573 1073 1643 primis
1110 1592 1285 1647 usque
1316 1579 1651 1649 temporibus
1680 1580 1883 1634 dictum
1920 1589 2025 1646 est,

460 1659 605 1726 quod
643 1660 710 1715 ad
740 1661 987 1719 homines
1028 1676 1172 1721 esset
1218 1677 1501 1735 venturus,
1531 1678 1692 1740 atque
1731 1671 1905 1725 instar
1934 1686 2028 1741 pe-

459 1752 617 1807 cudis
658 1768 759 1822 pro
806 1763 921 1810 toto
968 1772 1167 1827 genere
1210 1758 1453 1816 humano
1495 1762 1933 1825 interﬁciendns,
1966 1770 2028 1816 ut

461 1841 604 1910 apud
632 1839 827 1896 Isaiam
860 1846 1182 1915 prophetam
1211 1849 1474 1918 scriptum
1505 1852 1752 1920 legimus,
1782 1852 1874 1906 ubi
1904 1851 1978 1906 ait
2010 1870 2022 1904 :

465 1952 484 1984 σ
515 1931 667 1988 Sicut
693 1935 810 1990 ovis
832 1936 897 1988 ad
918 1938 1245 1994 occisionem
1269 1940 1468 1996 ductus
1487 1949 1591 2007 est,
1619 1950 1673 1995 et
1694 1942 1835 1996 sicut
1855 1957 2028 2013 agnus

459 2040 644 2079 coram
667 2026 925 2082 tondente
957 2029 1227 2083 obmutuit
1254 2033 1317 2082 ".
1351 2030 1481 2085 Item
1520 2031 1651 2085 dicit
1681 2051 1695 2086 :
1723 2050 1740 2081 ι
1772 2031 1870 2086 Hic
1903 2048 2028 2101 pec-

460 2125 579 2171 cata
608 2124 796 2171 nostra
830 2116 955 2180 fert,
991 2127 1044 2174 et
1074 2135 1174 2188 pro
1201 2120 1361 2175 nobis
1390 2122 1442 2174 in
1473 2123 1661 2176 dolore
1681 2130 1764 2177 est
1793 2142 1806 2177 :
1840 2130 1893 2177 et
1924 2139 2026 2179 nos

461 2207 830 2276 reputavimus
866 2224 989 2263 eum
1020 2226 1142 2265 esse
1180 2212 1234 2265 in
1273 2213 1476 2275 labore,
1506 2222 1560 2269 et
1602 2213 1655 2267 in
1686 2213 1863 2283 plaga,
1897 2215 2027 2268 etin

459 2297 782 2353 afﬂictione:
821 2300 939 2369 ipse
979 2308 1159 2356 autem
1204 2302 1518 2357 vulneratus
1538 2310 1622 2358 est
1652 2310 1874 2374 pmpter
1899 2319 2028 2373 pec-

457 2398 575 2444 cata
603 2399 814 2455 nostra,
856 2399 910 2448 et
954 2394 1075 2447 tulit
1115 2395 1427 2466 languorem
1457 2406 1678 2465 propter
1711 2395 2026 2465 iniquitates

456 2492 671 2539 nostras
708 2504 720 2537 :
754 2484 1040 2554 disciplina
1074 2488 1227 2556 pacis
1257 2497 1456 2543 nostrae
1479 2504 1642 2559 super
1669 2506 1791 2544 eum
1820 2507 1832 2541 :
1857 2491 2028 2546 livore

452 2574 575 2643 ejus
619 2590 721 2631 nos
761 2578 937 2632 sanati
986 2594 1195 2643 sumus,
1241 2588 1294 2634 et
1331 2579 1594 2636 Dominus
1628 2582 1854 2635 tradidit
1899 2597 2025 2637 eum

453 2668 692 2736 peccatis
720 2671 924 2726 nostris
951 2689 965 2725 :
993 2671 1108 2742 ipse
1137 2672 1279 2726 enim
1311 2682 1592 2743 peccatum
1616 2688 1725 2728 non
1752 2673 1899 2741 fecit,
1929 2690 2027 2729 ne-

454 2773 561 2828 que
601 2760 853 2815 inventus
894 2768 977 2815 est
1021 2762 1180 2816 dolus
1226 2762 1281 2815 in
1309 2777 1405 2818 ore
1441 2762 1583 2833 ejus.
1620 2783 1639 2814 ι
1677 2762 1888 2817 Similia
1916 2764 2022 2829 his,

454 2851 580 2906 item
607 2853 652 2887 ²³
672 2851 935 2909 Jeremias
952 2856 1089 2910 alter
1119 2855 1469 2911 Hebraeorum
1505 2855 1768 2926 propheta
1802 2857 2025 2910 inducta

453 2958 684 3013 persona
713 2944 917 3001 Christi
964 2948 1141 3015 palam
1174 2949 1421 3002 enuntiat
1461 2947 1651 3003 dicens
1689 2966 1709 2999 ‹
1744 2947 1857 3018 Ego
1886 2949 2026 3002 sicut

452 3052 626 3106 agnus
652 3037 942 3101 innocens,
965 3040 1060 3109 qui
1090 3040 1323 3094 ducatur
1353 3041 1420 3095 ad
1444 3041 1863 3096 sacriﬁcandum
1894 3042 1958 3095 “.
1998 3061 2017 3094 ι

2060 1816 2101 1871 Β

2132 567 2364 638 Χριστὸς
2396 565 2488 620 τοῦ
2528 564 2684 629 Θεοῦ,
2720 565 2926 619 ἀνωθεν
2951 565 3014 615 ἐκ
3041 561 3280 615 παλαιῶν
3313 560 3518 632 χρόνων
3551 558 3700 627 ἥξειν

2132 659 2210 720 είς
2242 656 2579 726 ἀνθρώπους,
2605 656 2698 709 καὶ
2720 655 2989 726 προϐάτου
3015 653 3169 724 δίκην
3195 654 3335 723 ύπέρ
3362 652 3556 714 παντὸς
3598 651 3698 703 τοῦ

2130 746 2239 799 τῶν
2276 746 2577 818 ἀνθρώπων
2613 746 2803 815 γένους
2841 744 3213 816 σφαγήσεσθαι
3263 743 3700 814 προαγορευόμε-

2130 855 2245 901 νος.
2352 855 2483 909 φησι
2522 838 2647 910 περὶ
2686 836 2849 891 αὐτοῦ
2889 836 3164 898 Ἡσαΐαςό
3204 836 3507 906 προφήτης·
3543 851 3562 884 ι
3612 832 3698 893 Ὡς

2130 930 2400 1002 πρόϐατον
2439 932 2530 984 ἐπὶ
2569 931 2780 1001 σφαγὴν
2822 929 2983 1001 ῆχθη,
3013 928 3108 981 καὶ
3154 928 3231 990 ὡς
3259 926 3429 997 ἀμνὸς
3457 925 3696 979 ἐναντίον

2128 1023 2222 1076 τοῦ
2249 1023 2522 1092 κείροντος
2562 1022 2793 1091 ἄφωνος.
2848 1040 2865 1072 ι
2902 1020 3011 1073 Καὶ
3034 1018 3292 1085 ἐπιλέγει·
3336 1036 3354 1067 ‹
3400 1008 3568 1081 Οὗτος
3598 1015 3698 1079 τάς

2132 1115 2403 1186 ἁμαρτίας
2434 1114 2588 1185 ⁴ἡμῶν
2619 1114 2794 1184 φέρει,
2826 1114 2918 1165 καὶ
2951 1111 3079 1183 περὶ
3109 1110 3265 1180 ἡμῶν
3296 1108 3576 1161 ὀδυνᾶταιο
3604 1108 3697 1161 καὶ

2129 1210 2290 1277 ἡμεῖς
2315 1205 2676 1275 ἐλογισάμεθα
2704 1205 2863 1258 αὑτὸν
2883 1199 3020 1256 εἶναι
3041 1205 3097 1254 ἐν
3129 1201 3272 1271 πόνῳ
3293 1199 3385 1253 καί
3407 1203 3464 1253 ἐν
3489 1198 3695 1268 πληγῇ,

2129 1300 2222 1351 καὶ
2272 1300 2331 1351 ἐν
2384 1297 2658 1350 κακώσει·
2704 1297 2862 1359 αὐτὸς
2912 1294 2968 1348 δὲ
3015 1291 3418 1365 ἐτραυματίσθη
3466 1290 3552 1343 διά
3596 1289 3697 1355 τὰς

2131 1391 2408 1461 ἁμαρτίας
2450 1388 2627 1459 ἡμῶν,
2669 1388 2763 1443 καὶ
2805 1385 3204 1457 μεμαλάκισται
3229 1382 3315 1435 διὰ
3347 1383 3444 1445 τὰς
3473 1380 3697 1452 ἀνομίας

2127 1484 2304 1555 ἡμῶν.
2342 1482 2564 1535 Παιδεία
2591 1482 2812 1554 εἰρήνης
2841 1478 2995 1549 ἡμῶν
3025 1478 3109 1529 ἐπ’
3138 1475 3329 1529 αὐτόν’
3365 1474 3442 1545 τῷ
3470 1473 3696 1544 μώλωπι

2129 1576 2292 1630 αὑτοῦ
2329 1577 2490 1645 ἡμεῖς
2526 1573 2776 1644 ἰάθημεν,
2812 1570 2904 1623 καὶ
2940 1569 3141 1640 Κύριος
3181 1566 3494 1637 παρέδωκεν
3537 1565 3698 1619 αὐτὸν

2129 1673 2246 1731 ταῖς
2305 1666 2602 1738 ἁμαρτίαις
2654 1664 2841 1734 ήμῶν·
2888 1662 3049 1725 αὐτὸς
3103 1660 3210 1731 γὰρ
3265 1658 3539 1728 ἁμαρτίαν
3594 1657 3699 1709 οὐκ

2130 1762 2406 1830 ἐποίησεν,
2432 1758 2540 1812 οὐδ’
2570 1756 2764 1828 εὑρέθη
2804 1755 2953 1817 δόλος
2977 1756 3033 1806 ἐν
3067 1752 3143 1823 τῷ
3187 1752 3411 1821 στόματι
3443 1747 3625 1802 αὐτοῦ.
3672 1764 3690 1798 ι

2130 1853 2210 1905 Τὰ
2257 1854 2417 1922 ὅμοια
2463 1850 2672 1912 τούτοις
2720 1850 2812 1902 καὶ
2870 1845 3134 1917 Ἱερεμίας
3184 1843 3371 1915 ἕτερος
3432 1838 3698 1911 Ἐὁραίων
3774 1892 3783 1899 _

2130 1948 2413 2018 προφήτης
2444 1945 2537 1997 ἐπὶ
2581 1940 2869 2013 προσώπου
2898 1939 2990 1993 τοῦ
3031 1936 3265 2009 Χριστοῦ
3300 1936 3580 2003 ἐπιφωνεῖ,
3611 1931 3697 1983 λέ-

2127 2055 2239 2105 γων
2254 2055 2265 2067 ·
2289 2057 2307 2088 ι
2341 2037 2482 2105 Ἐγὼ
2500 2035 2575 2098 ὡς
2598 2035 2780 2105 ἀρνίον
2799 2034 3000 2088 ἄκακον
3018 2033 3282 2101 ἀγόμενον
3300 2027 3393 2082 τοῦ
3417 2025 3690 2081 θύεσθαι.»

2141 2128 2627 2199 Ἐπισφραγίζεται
2654 2126 2752 2189 τὰς
2779 2125 2981 2177 τούτων
3017 2124 3348 2196 προρρήσεις
3390 2121 3639 2190 Ἰωάννης
3666 2118 3697 2171 6

2127 2217 2436 2282 Βαπτιστὴς
2472 2216 2565 2269 καὶ
2607 2216 2698 2268 ἐπὶ
2744 2216 2843 2286 τῆς
2875 2214 2966 2268 τοῦ
2999 2214 3251 2284 Σωτῆρος
3298 2211 3455 2283 ἡμῶν
3493 2212 3695 2278 ἐπιφα-

2126 2310 2292 2373 νείας.
2335 2306 2478 2361 Ἰδὼν
2504 2308 2613 2378 γὰρ
2646 2308 2828 2370 αὐτὸν,
2869 2307 2963 2360 καὶ
2990 2309 3102 2370 τοῖς
3138 2305 3398 2376 παροῦσιν
3426 2303 3698 2367 ἐπιδείξας

2126 2400 2202 2464 ὡς
2238 2399 2345 2469 ἄρα
2385 2400 2547 2462 αὐτὸς
2586 2398 2670 2470 εἴη
2721 2401 2749 2452 6
2787 2398 3278 2469 προφητευόμενος,
3309 2394 3693 2466 ἐπεφώνησεν·

2132 2509 2151 2542 ι
2186 2491 2289 2544 Ἴδε
2318 2494 2344 2544 6
2369 2490 2538 2561 ἀμνὸς
2570 2489 2662 2541 τοῦ
2691 2487 2827 2540 Θεοῦ
2848 2527 2862 2551 ,
2891 2489 2920 2540 6
2954 2487 3122 2558 αἴρων
3160 2488 3258 2558 τὴν
3286 2486 3557 2557 ἁμαρτίαν
3601 2481 3694 2537 τοῦ

2127 2582 2353 2653 κόσμου.
2397 2600 2416 2632 ι
2450 2582 2576 2633 Ὅτε
2605 2580 2780 2633 τοίνυν
2807 2578 2946 2633 κατά
2970 2578 3066 2643 τὰς
3090 2579 3197 2633 τῶν
3233 2577 3524 2649 προφητῶν
3552 2593 3697 2647 μαρ-

2125 2675 2316 2745 τυρίας
2347 2672 2574 2743 εὓρηται
2597 2671 2658 2723 τὸ
2693 2670 2835 2741 μέγα
2867 2671 2962 2723 καὶ
2987 2670 3166 2739 τίμιον
3198 2668 3392 2737 λύτρον
3434 2666 3697 2720 Ἰουδαίων

2126 2767 2258 2838 ὁμοῦ
2294 2766 2385 2819 καὶ
2426 2765 2711 2835 Ἑλλήνων.
2745 2765 2806 2817 τὸ
2844 2763 2937 2816 τοῦ
2979 2762 3179 2826 παντὸς
3232 2762 3436 2830 κόσμου
3493 2758 3698 2826 καθάρ-

2128 2875 2260 2923 σιον,
2289 2859 2502 2912 πάντων
2526 2856 2824 2928 ἀνθρώπων
2852 2855 3159 2926 ἀντίψυχον,
3193 2853 3253 2907 τὸ
3279 2854 3458 2923 πάσης
3483 2849 3697 2921 κηλίδος

2125 2952 2217 3005 καὶ
2253 2950 2527 3021 ἁμαρτίας
2558 2948 2797 3019 καθαρὸν
2826 2949 3039 3018 ἱερεῖον,
3072 2949 3100 2999 6
3129 2945 3297 3016 ἀμνὸς
3322 2944 3413 2998 τοῦ
3446 2942 3605 3007 Θεοῦ,
3635 2940 3698 2995 τὸ

2124 3040 2367 3110 θεοφιλὲς
2422 3040 2515 3093 καὶ
2578 3039 2737 3104 ἁγνὸν
2789 3036 3077 3108 πρόϐατον,
3118 3036 3181 3089 τὸ
3226 3032 3698 3106 προφητευόμενον

450 3127 558 3198 37
589 3128 808 3183 Claudit
856 3130 1052 3184 horum
1096 3130 1481 3201 praedictiones
1527 3132 1685 3202 quasi
1718 3132 1932 3203 signum
1955 3133 2022 3190 iis

2127 3133 2327 3204 ἀρνίον,
2367 3127 2428 3187 οὗ
2461 3132 2548 3185 διὰ
2579 3133 2679 3202 τῆς
2711 3130 2892 3184 ἐνθέου
2927 3129 3021 3182 καὶ
3055 3114 3320 3200 μυστικῆς
3350 3124 3698 3188 διδασκαλίας

454 3222 772 3291 imprimens
801 3220 1043 3278 Joannes
1103 3222 1369 3296 Baptista,
1417 3227 1474 3279 in
1523 3226 1695 3295 ipsius
1725 3226 2021 3283 Salvatoris

453 3315 626 3368 nostri
659 3314 917 3369 adventu.
950 3316 1085 3371 Cum
1116 3318 1262 3371 enim
1288 3318 1438 3371 illum
1483 3318 1730 3382 vidisset,
1760 3319 1900 3373 etiis
1926 3318 2021 3388 qui

454 3407 678 3462 aderant
734 3408 1029 3463 indicasset
1060 3429 1072 3463 :
1104 3418 1163 3464 ut
1187 3410 1439 3466 videlicet
1475 3412 1592 3480 ipse
1620 3419 1787 3474 esset,
1817 3410 1885 3466 de
1911 3426 2020 3480 quo

454 3499 728 3569 prophetae
784 3501 1157 3571 loquerentur,
1207 3503 1570 3557 acclamavit:
1619 3521 1637 3553 ι
1675 3502 1815 3557 Ecce
1848 3517 2023 3572 agnus

451 3589 575 3654 Dei,
606 3591 698 3660 qui
727 3592 868 3646 tollit
894 3602 1178 3662 peccatum
1229 3594 1416 3647 mundi
1447 3594 1513 3647 ’⁸.
1543 3612 1562 3645 ι
1599 3592 1827 3659 Quando
1857 3592 2023 3663 igitur
2059 3583 2067 3592 ’

455 3681 754 3737 secundum
816 3682 1130 3737 testimonia
1173 3684 1560 3753 prophetarum
1610 3684 1889 3740 inventum
1937 3691 2024 3740 est

454 3787 731 3843 magnum,
766 3774 1055 3844 magnique
1082 3776 1464 3830 aestimandum
1517 3792 1618 3847 pro
1664 3777 2019 3842 redimendis,

453 3871 507 3919 et
526 3863 728 3921 ludatis
759 3868 965 3936 pariter
993 3874 1047 3923 et
1078 3867 1282 3925 Gmcis
1315 3870 1574 3938 pretium,
1612 3867 1744 3921 illud
1771 3867 2025 3923 videlicet

453 3972 554 4027 pro
575 3962 688 4012 toto
725 3958 930 4012 mundo
952 3959 1249 4028 piaculum,
1282 3959 1415 4012 illud
1447 3973 1547 4029 pro
1575 3958 1758 4011 anima
1791 3965 2022 4012 cuncto-
2055 4002 2059 4006 .

453 4066 573 4105 rum
614 4051 896 4105 hominum
924 4051 1254 4107 sacriﬁcium
1282 4091 1297 4115 ,
1336 4051 1428 4105 illa
1474 4067 1575 4122 pro
1611 4053 1756 4105 omni
1782 4051 2020 4116 macula,

451 4149 507 4196 et
533 4151 757 4211 peccato
771 4144 1066 4212 purissima
1102 4143 1279 4199 hostia
1307 4159 1322 4195 :
1358 4143 1449 4199 ille
1477 4144 1666 4214 utique
1697 4159 1871 4214 agnus
1904 4143 2021 4209 Dei,

452 4232 547 4286 illa
576 4232 686 4288 Deo
716 4243 940 4303 accepta
967 4273 982 4298 ,
1015 4242 1070 4289 et
1101 4234 1463 4289 mundissima
1503 4236 1621 4289 ovis
1652 4250 1665 4285 :
1708 4235 1800 4288 ille
1825 4249 2021 4305 agnus,

453 4324 523 4380 de
560 4340 669 4395 quo
689 4326 967 4396 prOpheta:
986 4333 1095 4380 tam
1126 4327 1293 4380 multa
1323 4327 1599 4391 dixerunt,
1626 4342 1725 4397 per
1753 4327 1913 4395 cujus
1936 4327 2022 4381 di-

451 4416 634 4471 vinam
693 4432 757 4472 ac
785 4419 1070 4489 mysticam
1109 4417 1413 4473 doctrinam
1457 4432 1647 4473 omnes
1681 4432 1803 4480 nos,
1837 4417 1930 4486 qui
1954 4416 2022 4472 de

2125 3225 2324 3289 πάντες
2356 3226 2514 3295 ἡμεῖς
2551 3225 2599 3276 οἱ
2633 3223 2691 3289 ἐξ
2725 3221 2893 3275 ἐθνῶν
2926 3221 3023 3293 τὴν
3062 3221 3253 3289 ἄφεσιν
3283 3217 3390 3271 τῶν
3419 3216 3699 3288 προτέρων

2124 3316 2534 3387 ἁμαρτημάτων
2562 3312 2862 3383 εύράμεθα,
2888 3313 2968 3366 διὸ
2993 3313 3085 3365 καὶ
3126 3310 3392 3365 Ἰουδαίων
3418 3310 3465 3361 οἱ
3497 3308 3575 3371 είς
3603 3306 3699 3360 αύ-

2122 3412 2212 3464 τὸν
2241 3409 2531 3479 ἠλπικότες
2561 3405 2838 3477 ἐλεύθεροι
2859 3405 2958 3475 τῆς
2988 3404 3229 3467 Μωσέως
3252 3402 3499 3471 ἀφίενται
3525 3398 3696 3454 κατά-

2126 3521 2245 3577 ρας,
2280 3502 2501 3563 εἰκότως
2533 3500 2631 3571 τὴν
2660 3499 2755 3552 τοῦ
2799 3498 3048 3569 σώματος
3080 3496 3244 3551 αὐτοῦ
3282 3495 3377 3549 καὶ
3408 3493 3500 3547 τοῦ
3530 3492 3696 3562 αἵμα-

2120 3612 2213 3659 τος
2244 3597 2343 3665 τὴν
2375 3593 2679 3663 ὑπόμνησιν
2706 3592 2975 3663 ὁσημέραι
3022 3587 3415 3651 ἐπιτελοῦντες,
3457 3584 3550 3639 καὶ
3596 3583 3698 3653 τῆς

2123 3688 2430 3759 κρείττονος
2474 3684 2507 3757 ἢ
2549 3684 2691 3738 κατά
2728 3685 2854 3745 τοὺς
2894 3680 3154 3743 παλαιοὺς
3185 3677 3377 3739 θυσίας
3407 3693 3465 3728 τε
3496 3675 3591 3727 καὶ
3621 3675 3697 3726 ίε-

2128 3781 2383 3854 ρουργίας
2420 3779 2734 3850 ἠξιωμένοι,
2774 3778 2872 3831 οὐκ
2909 3776 2984 3829 ἔθ’
3029 3776 3173 3828 ὅσιον
3210 3768 3490 3842 ἡγούμεθα
3528 3783 3697 3822 κατα-

2124 3874 2346 3927 πίπτειν
2373 3872 2466 3925 ἐπὶ
2498 3870 2566 3923 τὰ
2593 3871 2786 3941 πρῶτα
2816 3869 2910 3922 καὶ
2933 3865 3133 3934 ἀσθενῆ
3164 3863 3418 3933 στοιχεῖα,
3456 3856 3701 3928 σύμϐολα

2124 3968 2218 4021 καὶ
2250 3966 2481 4028 εἰκόνας,
2511 3962 2623 4016 ἀλλ’
2645 3963 2746 4016 οὐκ
2771 3960 2939 4030 αὐτὴν
2965 3956 3219 4028 ἀλήθειαν
3248 3950 3586 4023 περιέχοντα.
3610 3948 3701 4001 Ei-

2124 4061 2295 4122 κότως
2324 4059 2380 4112 δὲ
2404 4059 2499 4112 καὶ
2525 4056 2703 4110 αὐτῶν
2742 4054 3012 4109 Ἰουδαίων
3043 4052 3093 4103 οἱ
3126 4052 3206 4113 είς
3230 4048 3320 4103 τὸν
3346 4044 3576 4117 Χριστὸν
3603 4042 3699 4095 τοῦ

2124 4151 2259 4205 Θεοῦ
2298 4149 2797 4217 καταπεφευγότες,
2837 4148 2886 4199 εἰ
2932 4150 3126 4215 μηκέτι
3160 4141 3268 4194 τῶν
3298 4138 3542 4199 Μωσέως
3582 4137 3702 4189 ἐπι-

2128 4242 2441 4313 στρέφοιντο
2464 4237 2959 4310 παραγγελμάτων,
2986 4232 3129 4287 κατά
3155 4231 3254 4301 τὴν
3278 4228 3486 4298 Καινὴν
3505 4224 3700 4294 Διαθή-

2126 4352 2228 4406 κην
2260 4332 2519 4403 βιοῦντες,
2552 4330 2651 4397 τῆς
2684 4327 2787 4380 ὑπὸ
2819 4325 3060 4386 Μωσέως
3096 4320 3407 4393 ὡρισμένης
3450 4315 3605 4379 ἐκτὸς
3634 4314 3701 4406 ἀν

2125 4403 2233 4479 εἷεν
2275 4424 2518 4494 κατάρας
2539 4437 2552 4450 ·
2596 4420 2693 4473 ἅτε
2726 4418 2789 4490 δὴ
2824 4414 2996 4487 ἀμνοῦ
3024 4412 3118 4467 τοῦ
3155 4409 3290 4464 Θεοῦ
3318 4408 3378 4463 ού
3413 4407 3569 4478 μόνον
3600 4403 3699 4474 τῆν

453 4510 709 4581 gentibus
756 4511 1022 4580 assumpti
1069 4526 1297 4576 sumus,
1352 4510 1732 4566 remissionem
1778 4510 2024 4599 priorum

2128 4517 2401 4589 ἁμαρτίαν
2426 4512 2517 4567 τοῦ
2550 4512 2775 4582 κόσμου,
2806 4508 2942 4562 ἀλλά
2962 4508 3054 4561 καὶ
3084 4504 3183 4575 τὴν
3211 4505 3268 4556 ἐν
3297 4503 3362 4571 τῇ
3391 4495 3699 4599 παραϐάσει

451 4609 799 4673 peccatorum
847 4602 1176 4666 invenimus,
1231 4618 1295 4657 ex
1345 4619 1454 4673 quo
1506 4602 1671 4657 etiam
1710 4600 2025 4657 Iudaeorum

450 4694 764 4765 quicunque
787 4693 841 4747 in
876 4694 968 4749 illo
998 4709 1148 4763 spem
1180 4694 1489 4759 habuerint,
1518 4710 1548 4748 a
1579 4693 1744 4749 Mosis
1768 4710 2025 4749 exsecra-

451 4788 601 4841 tione
620 4786 946 4850 liberantur,
980 4785 1174 4841 merito
1202 4800 1354 4850 sane,
1405 4786 1626 4856 quando
1649 4787 1795 4842 illius
1818 4802 2025 4843 memo-

451 4878 612 4942 riam,
646 4878 1005 4947 corporisque
1061 4877 1309 4946 ejusdem
1350 4886 1404 4933 et
1462 4878 1745 4947 sanguinis
1769 4879 2027 4933 recorda-

451 4971 655 5024 tionem
691 4968 940 5039 quotidie
962 4968 1260 5035 celebrant,
1279 4978 1333 5024 et
1364 4969 1432 5023 ad
1459 4971 1619 5039 longe
1648 4971 2021 5040 praestantius,

449 5064 505 5110 et
555 5055 905 5120 sacriﬁcium,
947 5065 1003 5111 et
1040 5071 1239 5113 munus
1273 5059 1538 5129 assumpti
1567 5067 1727 5126 sunt,
1768 5074 1931 5129 quam
1960 5059 2026 5114 il-

451 5147 543 5200 lud
576 5147 855 5216 antiquius
878 5146 1060 5204 fuerit.
1085 5147 1314 5216 Quando
1336 5151 1500 5221 igitur
1521 5151 1704 5206 omnia
1728 5151 1802 5204 ita
1835 5166 1894 5206 se
1928 5151 2027 5204 ha-

451 5240 601 5304 bent,
631 5257 735 5294 non
761 5243 992 5311 amplius
1046 5242 1130 5298 fas
1175 5259 1298 5298 esse
1340 5250 1596 5313 putamus
1632 5244 1686 5297 in
1721 5243 1896 5313 prima
1936 5243 2025 5296 illa

448 5344 504 5388 et
531 5333 743 5390 inﬁrma
770 5337 1036 5390 elementa
1058 5336 1322 5399 recidere,
1353 5352 1473 5406 quae
1498 5339 1679 5406 utique
1695 5337 1849 5407 signa
1878 5350 2024 5405 quic-

450 5427 598 5491 dam,
644 5439 699 5483 et
748 5428 1032 5499 imagines,
1090 5443 1200 5482 non
1252 5429 1426 5497 ipsam
1476 5429 1759 5483 veritatem
1789 5429 2025 5497 comple-

453 5527 703 5574 ctuntur:
724 5520 916 5577 Merito
948 5530 1126 5576 autem
1166 5522 1411 5593 ipsorum
1458 5535 1673 5590 quoque
1708 5517 2021 5574 Iudaeorum

452 5614 766 5684 quicunque
820 5614 887 5669 ad
918 5614 1196 5671 Christum
1243 5614 1336 5669 Dei
1372 5614 1732 5685 confugiunt:
1783 5613 1831 5668 si
1863 5611 2024 5665 modo

2128 4587 2514 4670 tivamcéwc;
2559 4604 2787 4657 ἐντολῶν
2816 4600 3058 4669 κατάραν
3090 4598 3169 4659 εἰς
3212 4593 3373 4647 αὑτὸν
3413 4587 3699 4658 ἀνειληφό-

2128 4715 2237 4760 τος.
2274 4695 2499 4762 Γέγονεν
2525 4687 2617 4745 οὖν
2652 4693 2681 4744 6
2713 4690 2882 4761 ἀμνὸς
2908 4686 3000 4740 τοῦ
3044 4685 3179 4739 Θεοῦ
3209 4684 3301 4738 καὶ
3329 4678 3573 4751 ἁμαρτία
3605 4677 3700 4731 καὶ

2128 4787 2371 4857 κατάραν
2401 4782 2642 4853 ἁμαρτία
2676 4780 2776 4852 μὲν
2806 4780 2948 4849 ὑπὲρ
2974 4776 3082 4831 τῶν
3111 4768 3449 4845 ἁμαρτωλῶν
3484 4767 3576 4821 τοῦ
3611 4766 3702 4821 κό-

2130 4895 2292 4948 σμου,
2325 4874 2537 4945 κατάρα
2559 4872 2601 4925 δ’
2632 4873 2773 4943 ὑπὲρ
2797 4870 2903 4924 τῶν
2934 4866 3280 4939 ἐμμενόντων
3313 4864 3445 4915 πᾶσι
3468 4863 3579 4923 τοῖς
3604 4860 3698 4928 ἐγ-

2128 4968 2533 5041 γεγραμμένοις
2586 4968 2645 5020 ἐν
2702 4964 2782 5035 τῷ
2827 4960 3071 5022 Μωσέως
3124 4957 3291 5027 νόμῳ.
3337 4955 3427 5008 Διό
3469 4968 3634 5022 φησιν
3669 4950 3702 5003 6

2139 5060 2458 5123 Ἀπόστολος
2482 5078 2497 5093 ο
2528 5079 2545 5111 ι
2565 5057 2797 5130 Χριστὸς
2824 5055 2970 5125 ἡμᾶς
2995 5050 3323 5121 ἐξηγόρασεν
3349 5049 3413 5101 ἐκ
3445 5046 3544 5115 τῆς
3566 5057 3702 5098 κατ-

2126 5153 2263 5223 άρας
2298 5149 2392 5204 τοῦ
2428 5150 2614 5221 νόμου,
2662 5145 2951 5215 γενόμενος
2997 5141 3136 5210 ὑπὲρ
3175 5138 3328 5210 ήμῶν
3388 5135 3622 5206 κατάρα.
3675 5149 3695 5183 ι

2129 5245 2257 5306 Καὶ,
2295 5263 2313 5295 ι
2359 5242 2463 5296 Τὸν
2508 5241 2583 5312 μὴ
2612 5239 2806 5308 γνόντα
2849 5233 3139 5306 ἁμαρτίαν,
3174 5232 3311 5301 ὑπὲρ
3341 5228 3494 5300 ἡμῶν
3522 5227 3703 5295 ἀμαρ-

2130 5335 2250 5388 τίαν
2289 5332 2531 5404 ἐποίησε.
2584 5350 2602 5383 ι
2637 5330 2701 5383 Τί
2730 5329 2837 5398 γὰρ
2875 5328 2974 5380 οὐκ
3018 5324 3207 5396 ἔμελλε
3235 5320 3480 5391 γίνεσθαι
3521 5316 3580 5371 τὸ
3607 5314 3700 5369 τοῦ

2131 5427 2337 5496 κόσμου
2380 5423 2694 5493 καθάρσιον,
2734 5421 2793 5473 τὸ
2821 5419 2927 5471 τῶν
2955 5413 3288 5489 ἁμαρτωλῶν
3330 5410 3638 5479 ἀντίψυχον,
3672 5406 3702 5461 ὃ

2129 5517 2194 5588 δὴ
2217 5517 2310 5569 καὶ
2337 5516 2412 5578 ὡς
2442 5514 2709 5586 πρόϐατον
2742 5512 2834 5565 ἐπὶ
2864 5510 3077 5580 σφαγὴν
3106 5506 3268 5577 ῆχθη,
3299 5502 3392 5557 καὶ
3418 5502 3492 5563 ὡς
3519 5499 3701 5571 ἀρνίον

2130 5609 2397 5679 ἀγόμενον
2440 5605 2531 5660 τοῦ
2575 5604 2817 5668 θύεσθαι,
2848 5602 3020 5656 ταῦτά
3064 5616 3125 5652 τε
3170 5597 3343 5651 πάντα
3374 5591 3512 5665 ὑπὲρ
3545 5590 3701 5663 ἡμῶν

528 5793 571 5826 θ’
604 5790 705 5844 lsa.
734 5806 855 5857 un,
886 5792 935 5847 7.
1018 5794 1061 5824 ²³
1093 5791 1227 5848 ibid.
1265 5792 1379 5848 4-9.
1459 5794 1501 5826 ’³
1532 5791 1643 5847 Jer.
1682 5807 1772 5858 xu,
1812 5790 1897 5846 19.
1976 5790 2019 5822 ’⁸

2127 5803 2201 5843 ιη.
2229 5803 2265 5851 ι,
2298 5784 2387 5839 29.

2412 5905 2443 5936 4
