4106 6440
327 401 399 460 89
1238 393 1900 453 DEMONSTRATIONIS
1946 391 2406 450 EVANCELICE
2454 391 2585 449 LIB.
2626 391 2669 451 1.
3512 392 3588 451 90

321 518 419 573 καὶ
442 518 509 573 δι’
539 517 719 590 ημᾶςς
753 517 914 572 ὐθεν
944 518 994 572 οί
1022 517 1119 588 μὲν
1148 518 1366 571 παλαιοὶ
1390 519 1484 571 καὶ
1508 516 1773 586 θεοφιλεῖς
1806 518 1897 570 ἀν-

2001 532 2108 571 non
2142 516 2376 586 amplius
2424 513 2492 568 de
2524 512 2692 569 Musis
2721 513 3009 583 prteceptis
3067 510 3286 567 solliciti
3325 510 3455 575 sint,
3490 511 3609 579 sed.

320 609 448 682 δρες
465 610 709 676 είκότως,
735 610 971 681 ἀπουσίᾳ
987 608 1096 662 τῶν
1122 608 1466 681 κρειττόνων,
1486 612 1599 672 τοῖς
1616 608 1897 679 συμϐόλοις

2010 609 2085 659 ita
2104 606 2311 669 vivant,
2346 612 2406 659 ut
2458 602 2597 658 Novi
2629 603 2966 659 Testamenti
3010 604 3151 657 ratio
3204 603 3404 657 docet:
3439 602 3614 663 eam,i

325 718 432 773 προ
443 704 697 772 ςανεῖχον.
740 702 829 765 Ὠς
851 701 946 755 καὶ
968 701 1126 753 τοῦτο
1153 701 1285 754 αὐτὸ
1306 703 1335 753 ὁ
1357 700 1548 772 Σωτὴρ
1572 700 1730 772 ἡμῶν
1755 700 1901 754 διδά-

328 808 468 856 σκει,
498 792 704 861 λέγων·
748 812 766 843 ι
818 792 1010 846 Πολλοὶ¹
1039 794 1311 865 προφῆται
1346 793 1438 847 καὶ
1468 792 1665 845 δίκαιοι
1706 791 1902 844 ἐπεθύ-

329 900 507 953 μησαν
555 885 680 938 ίδεῖν
723 884 759 939 ἃ
805 884 963 954 ὑμεῖς
1011 884 1255 954 βλέπετε,
1305 884 1400 939 καὶ
1434 885 1534 937 οὐκ
1581 880 1719 936 εἶδον
1738 900 1752 913 ·
1807 882 1903 936 καὶ

323 975 553 1029 ἀκοῦσαι
579 976 614 1029 ἃ
642 977 798 1047 ὑμεῖς
821 977 1071 1041 ἀκούετε,
1114 978 1206 1030 καί⁵
1231 977 1331 1029 οὐκ
1354 976 1613 1046 ἥκουσαν.
1649 993 1667 1026 ι
1711 974 1902 1044 Ἡμεῖς

323 1068 403 1131 δὲ,
442 1066 508 1120 τά
548 1066 722 1138 ἀληθῆ
749 1069 841 1121 καὶ
870 1068 980 1123 τῶν
1019 1070 1240 1122 εἰκόνων
1271 1068 1340 1121 τὰ
1375 1068 1655 1139 ἀρχέτυπα
1686 1066 1774 1120 διὰ
1801 1067 1903 1137 τῆς

328 1157 732 1230 μυστηριὼδους
758 1160 1064 1230 οἰκονομίας
1088 1158 1180 1212 τοῦ
1220 1159 1455 1230 Χριστοῦ
1487 1159 1899 1231 παρειληφότες,

322 1251 423 1304 οὐκ
450 1250 528 1302 ἔτι
547 1250 654 1302 τῶν
682 1249 928 1303 παλαιῶν
947 1250 1269 1321 δεησόμεθα.
1316 1252 1492 1314 Μόνος
1518 1250 1564 1304 δ’
1599 1247 1691 1304 οὖν
1739 1251 1902 1314 αὐτὸς

323 1343 431 1394 τῶν
459 1340 673 1395 πώποτε
714 1342 884 1411 Λόγος
923 1342 997 1396 ὢν
1020 1342 1177 1407 Θεοῦ,
1213 1345 1562 1415 προκόσμιος,
1597 1347 1689 1397 καὶ
1718 1345 1903 1415 ἀρχιε-

327 1438 452 1508 ρεὺς
492 1435 670 1505 πάσης
712 1436 904 1506 νοερᾶς
950 1435 1043 1489 καὶ
1097 1434 1321 1505 λογικῆς
1375 1436 1622 1499 κτίσεως,
1652 1436 1741 1489 τὸν
1768 1438 1901 1506 ἡμῖν

318 1526 647 1597 ὁμοιοπαθῆ,
677 1520 765 1579 οἷα
803 1525 1073 1597 πρόϐατον
1107 1528 1201 1580 καὶ
1247 1528 1416 1597 ἀμνὸν
1455 1528 1519 1581 ἐκ
1561 1529 1659 1599 τῆς
1691 1527 1900 1599 ἀνθρώ-

327 1634 443 1669 πων
472 1618 739 1687 ἀφορίσας
764 1617 986 1688 ἀγέλης,
1010 1618 1184 1689 τούτῳ
1212 1635 1271 1670 τε
1310 1617 1621 1690 ἐπιγράψας
1648 1618 1746 1681 τάς
1773 1619 1903 1672 πάνυ

323 1723 433 1758 των
458 1705 615 1776 ἡμῶν
645 1707 940 1776 ἁμαρτίας,
976 1707 1073 1759 καὶ
1109 1706 1208 1778 τὴν
1234 1707 1478 1779 κατάραν
1506 1723 1568 1775 γε
1597 1706 1766 1777 αὐτῷ,
1800 1708 1899 1778 τὴν

320 1799 381 1851 ἐν
424 1798 502 1868 τῷ
548 1798 791 1860 Μωσέως
853 1797 1001 1868 νόμῳ
1053 1798 1582 1872 προστετιμημένην,
1630 1799 1898 1873 περιάψας

324 1891 441 1959 (ὅτι
563 1889 804 1952 Μωσέως
828 1865 1171 1955 ἀνειπόντος·
1210 1910 1228 1942 ι
1277 1865 1714 1963 Ἐπικατάρατος·
1735 1865 1842 1958 πόίς
1870 1895 1900 1947 ὁ
1931 1865 1973 1921 Β

320 1982 672 2052 κρεμάμενος
721 1983 816 2035 ἐπὶ
855 1981 1011 2046 ξύλου
1049 2003 1068 2034 ι
1094 1982 1135 2054 ),
1165 1983 1322 2037 τοῦτο
1346 1984 1610 2037 πέπονθεν
1641 1985 1804 2049 αὐτὸς
1831 1985 1900 2038 δι’

323 2072 473 2143 ἡμᾶς
524 2072 813 2143 γενόμενος
857 2074 998 2144 ὑπὲρ
1048 2074 1205 2145 ἡμῶν
1256 2075 1502 2146 κατάρα·
1554 2076 1649 2129 καὶ
1691 2076 1754 2144 δὴ
1804 2076 1899 2130 καὶ

323 2163 597 2236 ἁμαρτίαν
640 2164 801 2217 αὑτὸν
837 2165 903 2217 δι’
940 2166 1090 2235 ἡμᾶς
1130 2151 1396 2237 ποιήσας’·
1446 2185 1465 2216 ί
1509 2166 1634 2219 ἐπεὶ
1689 2166 1781 2219 τὸν
1824 2164 1902 2236 μὴ

319 2256 518 2325 γνόντα
556 2258 854 2329 ἁμαρτίαν,
886 2258 1027 2329 ὑπὲρ
1071 2258 1226 2328 ήμῶν
1271 2259 1543 2330 ἁμαρτίαν
1593 2260 1837 2329 ἐποίησε,
1875 2277 1895 2311 ι

323 2349 501 2413 πάσας
546 2366 605 2403 τε
639 2350 785 2421 αὐτῷ
823 2351 891 2404 δι’
923 2353 1072 2421 ἡμᾶς
1106 2350 1208 2414 τὰς
1240 2353 1371 2421 ἡμῖν
1410 2351 1797 2423 ὲπηρτημένας
1828 2368 1903 2407 τι·

326 2441 539 2512 μωρίας
568 2442 795 2506 ἐπιθεὶς,
837 2443 1011 2513 δεσμά
1050 2446 1145 2497 καὶ
1176 2442 1399 2515 ἀτιμίας
1442 2447 1535 2499 καὶ
1563 2445 1769 2517 ὕϐρεις,
1807 2444 1903 2516 μά-

324 2532 516 2600 στιγάς
560 2549 620 2589 τε
665 2536 760 2588 καλ⁸
808 2533 1072 2599 ὲκτόπους
1104 2536 1336 2607 πληγὰς,
1387 2539 1481 2591 καὶ
1516 2538 1608 2591 ὲπὶ
1649 2540 1813 2591 πᾶσιν
1839 2538 1903 2591 τὸ

322 2622 424 2693 τῆς
453 2625 697 2697 κατάρας
731 2628 1010 2697 τρόπαιον.
1047 2628 1201 2682 Μετά
1229 2629 1293 2699 δὴ
1327 2629 1503 2683 πάντα
1537 2625 1647 2683 οἷόν
1675 2647 1728 2682 τι
1771 2629 1902 2683 θαυ-

326 2714 522 2783 μάσιον
553 2715 721 2786 θῦμα,
752 2718 847 2771 καὶ
886 2717 1114 2786 σφάγιον
1147 2718 1424 2790 ἐξαίρετον
1452 2719 1528 2790 τῷ
1559 2720 1732 2792 Πατρὶ
1768 2721 1899 2775 καλ-

321 2804 734 2876 λιερησάμενος,
793 2807 934 2880 ὑπὲρ
966 2808 1066 2879 τῆς
1115 2809 1373 2863 ἁπάντων
1423 2810 1579 2881 ἡμῶν
1628 2814 1899 2883 ἀνήνεγκε

323 2895 616 2966 σωτηρίας,
665 2898 884 2970 μνήμην
922 2901 1014 2954 καὶ⁵
1054 2903 1186 2972 ἡμῖν
1214 2903 1509 2973 παραδοὺς,
1544 2904 1664 2958 ἀντὶ
1712 2905 1900 2970 θυσίας

319 2987 400 3058 τῷ
429 2986 547 3060 Θεῷ
588 2989 850 3061 διηνεκῶς
889 2994 1237 3066 προσφέρειν.
1272 2994 1443 3049 Τοῦτο
1481 2996 1576 3049 καὶ
1606 2999 1900 3068 προφητῶν

319 3083 349 3134 ό
381 3081 679 3154 θαυμάσιος
712 3084 876 3137 Δαϐὶδ
906 3085 1036 3157 θείῳ
1063 3085 1344 3157 Πνεύματι
1374 3087 1436 3140 τὸ
1474 3087 1665 3159 μέλλον
1708 3090 1902 3161 προλα-

2005 712 2129 768 qua:
2165 712 2195 750 a
2230 696 2377 752 Mose
2405 696 2626 751 deﬁnita
2670 702 2773 757 est,
2808 696 3238 750 exsecrationem
3262 694 3538 749 evaserint
3567 708 3586 746 :

2005 790 2207 858 quippe
2236 802 2359 842 cum
2394 787 2581 858 Agnus
2603 785 2697 841 Dei
2721 802 2830 842 non
2860 789 3036 844 solum
3054 795 3336 857 peccatum
3371 783 3585 839 mundi.

2005 881 2099 937 sed
2123 881 2285 935 etiam
2331 895 2452 935 eam
2474 880 2931 945 exsecrationem,
2961 895 3082 950 quae
3115 879 3183 934 iis
3211 878 3459 941 debetur,
3490 876 3586 946 qui

2005 981 2197 1029 contra
2216 971 2381 1026 Mosis
2400 972 2570 1042 legem
2600 971 2803 1041 aliquid
2816 972 3219 1034 commiserint,
3258 971 3314 1024 in
3342 970 3583 1040 seipsutn

2005 1065 2291 1135 receperit.
2327 1062 2532 1137 Factus
2568 1063 2734 1134 igitur
2761 1072 2847 1120 est
2888 1064 2980 1118 Dei
3011 1065 3198 1133 Agnus
3225 1069 3280 1116 et
3300 1068 3585 1132 peceatum

2003 1168 2057 1214 et
2109 1159 2433 1213 exsecratio.
2468 1155 2763 1211 Peccatum
2805 1156 3024 1226 quidem
3077 1171 3176 1226 pro
3207 1154 3587 1225 peccatoribus

2002 1249 2169 1318 hujus
2205 1249 2393 1303 mundi
2424 1267 2437 1302 :
2475 1248 2784 1304 exsecratio
2811 1255 2993 1302 autem
3025 1263 3125 1318 pro
3163 1246 3231 1301 iis
3267 1245 3360 1316 qui
3391 1246 3587 1300 nolunt

2004 1356 2033 1394 a
2080 1341 2286 1411 scripto
2320 1341 2458 1411 legis
2510 1339 2763 1397 Mosaica:
2808 1339 3084 1394 recedere.
3130 1338 3399 1407 Quocirca
3449 1336 3588 1393 dicit

1985 1432 2335 1503 Apostolus:
2371 1451 2392 1486 ι
2424 1433 2683 1490 Christus
2712 1449 2816 1490 nos
2847 1431 3076 1486 redemit
3112 1431 3180 1487 ab
3211 1431 3589 1486 exsecratione

2004 1526 2160 1595 legis,
2188 1524 2363 1581 factus
2389 1540 2489 1596 pro
2514 1526 2676 1581 nobis
2701 1526 3014 1581 exsecratio
3041 1526 3110 1580 “.
3145 1543 3164 1577 ι
3195 1522 3326 1577 Item
3354 1538 3368 1575 :
3398 1541 3417 1573 ι
3445 1521 3585 1577 Eum

1985 1615 2094 1685 'qui
2126 1630 2236 1669 non
2270 1622 2499 1671 noverat
2527 1627 2835 1687 peccatum,
2893 1630 2994 1685 pro
3028 1615 3188 1670 nobis
3232 1613 3363 1670 fecit
3392 1627 3586 1683 peccao

1983 1715 2114 1761 tum
2143 1707 2211 1761 "’.
2253 1726 2275 1760 ι
2305 1707 2446 1774 Quid
2475 1708 2619 1763 enim
2644 1724 2755 1764 non
2782 1707 3004 1764 futurus
3033 1706 3136 1762 fuit
3160 1708 3232 1771 is,
3263 1707 3357 1778 qui
3393 1705 3584 1761 mundi

2001 1801 2274 1870 piaculum
2311 1801 2488 1857 factus
2516 1802 2642 1857 est?
2690 1804 2737 1858 is
2765 1802 2859 1872 qui
2883 1816 2983 1872 pro
3009 1810 3359 1871 Peccatorum
3403 1800 3587 1856 anima

2002 1893 2280 1962 pretium?
2315 1894 2408 1964 qui
2445 1903 2706 1963 tanquam
2746 1896 2866 1950 ovis
2914 1893 2982 1947 ad
3016 1894 3352 1949 occisionem
3381 1892 3583 1949 ductus

2000 1983 2124 2038 est?
2168 1984 2261 2053 qui
2296 1984 2643 2039 existimatus
2692 1991 2778 2041 est
2822 1987 2965 2041 sicut
2998 2001 3194 2056 agnus,
3225 1987 3317 2056 qui
3351 1985 3588 2041 ducatur

2002 2076 2070 2129 ad
2104 2075 2568 2131 sacriﬁcandum?
2597 2084 2760 2145 atque
2787 2077 2973 2131 omnia
3004 2076 3152 2140 haec,
3187 2086 3243 2130 et
3280 2091 3381 2146 pro
3400 2075 3584 2143 nobis,

2000 2174 2057 2222 et
2094 2176 2318 2238 propter
2348 2181 2470 2221 nos.
2516 2165 2596 2221 Ex
2627 2180 2738 2237 quo
2781 2167 3003 2237 quidem
3032 2168 3202 2237 prisci
3225 2167 3327 2233 illi,
3366 2166 3588 2238 Dcoque

2002 2258 2142 2327 grati
2170 2258 2310 2321 viri,
2347 2272 2472 2312 cum
2504 2259 2885 2328 praestantiora
2929 2273 3038 2312 non
3070 2258 3353 2323 haberent,
3386 2257 3584 2314 merito

2000 2346 2158 2416 signa
2182 2347 2299 2417 ipsa
2335 2347 2707 2404 attendebant.
2748 2346 2861 2418 38
2888 2346 3025 2401 Nam
3068 2347 3231 2402 etiam
3263 2347 3366 2401 hoe
3399 2347 3580 2416 ipsum

2005 2436 2254 2493 Salvator
2276 2447 2464 2494 noster
2489 2440 2669 2505 docet,
2702 2456 2828 2496 cum
2878 2439 2956 2494 ait
2991 2456 3005 2494 :
3043 2456 3062 2488 ι
3095 2437 3248 2492 Multi
3304 2438 3585 2509 prophetae

2000 2538 2055 2585 et
2081 2529 2215 2599 justi
2244 2531 2532 2600 cupierunt
2562 2532 2767 2597 videre,
2822 2545 2945 2602 quae
2989 2546 3089 2586 vos
3118 2530 3319 2586 videtis
3338 2568 3352 2594 ,
3389 2539 3446 2586 et
3471 2542 3584 2585 non

2000 2622 2292 2678 viderunt:
2349 2633 2403 2679 et
2451 2624 2662 2689 audire,
2695 2639 2816 2695 quae
2873 2636 2972 2679 vos
3010 2624 3234 2688 auditis,
3265 2631 3320 2679 et
3344 2638 3453 2678 non
3483 2636 3586 2677 au-

2000 2716 2220 2771 dierunt
2245 2718 2310 2771 ²¹¹.
2334 2736 2353 2769 ι
2398 2717 2464 2771 At
2489 2731 2610 2784 nos,
2656 2719 2746 2788 qui
2779 2731 2846 2773 ea
2905 2732 3027 2787 qua:
3073 2731 3200 2772 vera
3231 2723 3382 2783 sunt,
3415 2723 3579 2786 atque

2002 2809 2119 2878 ipsa
2174 2809 2473 2880 imaginum
2540 2809 2811 2881 principia
2885 2824 2983 2881 per
3048 2807 3306 2864 refertam
3369 2796 3585 2879 magnis

2000 2899 2277 2969 mysteriis
2308 2898 2772 2969 dispensationem
2828 2899 3032 2955 Christi
3066 2899 3406 2969 accepimus,
3460 2912 3573 2953 non

2002 2991 2237 3060 amplius
2277 3006 2363 3057 ea,
2422 3007 2543 3062 quae
2592 3002 2777 3047 vetera
2819 2991 2960 3046 facta
2981 2999 3133 3055 sunt,
3180 2990 3578 3046 desideramus.

2005 3081 2170 3138 Solus
2198 3084 2364 3154 igitur
2394 3084 2509 3154 ipse
2561 3098 2750 3140 eorum
2778 3084 3023 3139 omnium
3058 3083 3151 3154 qui
3186 3096 3427 3153 unquam
3464 3080 3584 3137 fue-

319 3171 432 3228 σὼν
471 3175 776 3242 ἐθέσπισεν,
819 3177 1021 3231 εἰπών·
1071 3197 1091 3230 ‹
1141 3178 1458 3249 Ὑπομένων
1501 3179 1770 3250 ὑπέμεινα
1807 3182 1897 3235 τὸν

1998 3176 2132 3239 rint,
2165 3190 2290 3229 cum
2338 3175 2410 3229 sit
2464 3174 2559 3230 Dei
2593 3174 2856 3240 Verbum,
2900 3176 3018 3245 ipso
3047 3174 3326 3244 antiquius
3354 3171 3580 3238 mundo,

319 3265 545 3337 Κύριον,
575 3267 670 3321 καὶ
711 3268 979 3339 προσέσχε
1026 3286 1143 3341 μοι·
1190 3271 1285 3324 καὶ
1326 3271 1613 3342 είσήκουσε
1641 3272 1744 3342 τῆς
1785 3272 1899 3344 δεή-

320 3354 459 3421 σεώς
490 3373 613 3427 μου,
643 3359 737 3412 καὶ
771 3360 1038 3430 ἀνήνεγκέ
1073 3378 1141 3432 με
1172 3364 1236 3415 ὲκ
1262 3361 1481 3416 λάκκων
1500 3363 1895 3436 ταλαιπωρίας,

319 3450 411 3503 καὶ
453 3449 561 3502 ἀπὸ
594 3450 766 3521 πηλοῦ
804 3451 979 3516 ίλύος·
1015 3453 1110 3506 καὶ
1142 3452 1367 3524 ἔστησεν
1409 3455 1502 3509 ἐπὶ
1535 3456 1740 3526 πέτραν
1771 3456 1898 3521 τοὺς

319 3538 485 3602 stridat;
520 3557 641 3610 μου,
666 3542 961 3596 κατεύθυνε
987 3542 1056 3597 τὰ
1083 3534 1399 3615 διαδήματά
1430 3561 1552 3618 μου,
1588 3545 1681 3599 καὶ
1712 3547 1897 3600 ἐνέϐα-

318 3624 407 3681 λεν
446 3632 527 3693 εἰς
562 3630 625 3682 τὸ
665 3632 839 3703 στόμα
891 3649 993 3704 μου
1037 3628 1190 3704 ᾆσμα
1234 3634 1439 3698 καινὸν,
1472 3632 1640 3706 ὕμνον
1671 3635 1748 3707 τῷ
1776 3635 1897 3708 Θεῷ

316 3718 493 3791 ἡμῶν.
531 3738 551 3772 ι
582 3722 693 3775 Kal
725 3723 778 3775 τί
810 3724 872 3776 τὸ
906 3722 1093 3778 καινὸν
1119 3719 1273 3794 ᾆσμα
1304 3726 1583 3796 τυγχάνει,
1618 3727 1893 3799 διασαφεῖ,

315 3810 491 3881 λέγων
520 3812 648 3885 ἑξῆς
670 3830 685 3849 ο
722 3831 742 3865 ι
780 3815 983 3870 Θυσίαν
1006 3817 1102 3868 καὶ
1129 3817 1446 3888 προσφορὰν
1477 3818 1577 3871 οὐκ
1601 3817 1893 3891 ἠθέλησας,

317 3903 478 3975 σῶμα
516 3904 573 3958 δὲ
611 3906 925 3978 κατηρτίσω
980 3922 1109 3977 μοι·
1159 3907 1588 3980 ὁλοκαυτώματα
1632 3911 1727 3964 καὶ
1768 3912 1897 3984 περὶ

315 3996 593 4068 ἁμαρτίας
633 3999 733 4052 οὐκ
778 3999 1100 4070 ηύδόκησας.
1159 4001 1290 4053 Τότε
1338 3998 1526 4055 εἷπον·
1578 4003 1709 4056 Ἰδοὺ
1752 4004 1891 4075 ἥκω.

328 4091 416 4143 Ἐν
467 4091 715 4160 κεφαλίδι
772 4091 977 4161 βιϐλίου
1022 4092 1334 4165 γέγραπται
1398 4094 1527 4166 περὶ
1576 4095 1748 4166 ἐμοῦ,
1800 4097 1895 4151 τοῦ

316 4184 560 4255 ποιῆσαι,
613 4184 643 4236 ὁ
699 4183 851 4252 Θεὸς,
908 4185 970 4237 τὸ
1023 4184 1234 4256 θέλημά
1273 4202 1387 4240 σου.
1462 4187 1807 4262 Ἐϐουληθην.
1868 4209 1889 4244 ι

314 4271 429 4329 Kal
487 4271 763 4341 ἐπιλέγει·
831 4292 850 4324 t
927 4272 1384 4344 Εύηγγελισάμην
1437 4274 1785 4345 δικαιοσύνην
1837 4277 1895 4330 ὲν

327 4358 622 4432 Ἐκκλησία
661 4359 889 4433 μεγάλῃ.
922 4380 941 4412 ι
983 4361 1274 4433 Ἀντικρυς
1307 4363 1426 4416 ἀντὶ
1462 4363 1568 4416 τῶν
1599 4364 1766 4418 πάλαι
1798 4365 1895 4418 θυ-

316 4451 448 4504 σιῶν
502 4453 597 4504 καὶ
646 4452 1113 4525 ὁλοκαυτωμάτων
1161 4455 1261 4525 τὴν
1291 4454 1571 4527 ἐνσαρκον
1624 4457 1721 4511 τοῦ
1759 4459 1895 4530 Χρι-

2000 3266 2355 3339 pontiiexque
2387 3267 2566 3322 omnis
2592 3267 2810 3322 ratione
2864 3276 3029 3337 atque
3054 3264 3411 3334 intelligentia
3444 3278 3584 3334 prai-

1986 3356 2130 3410 dita:
2157 3363 2446 3423 creaturae,
2483 3371 2607 3410 eum
2665 3358 2758 3427 qui
2803 3358 3011 3412 nostris
3056 3357 3277 3411 casibus
3308 3363 3456 3412 esset
3481 3355 3585 3412 ob—

1996 3448 2219 3515 noxius,
2267 3450 2424 3520 quasi
2473 3463 2630 3504 ovem
2691 3457 2787 3503 aut
2817 3464 3017 3519 agnum
3051 3449 3119 3502 ab
3152 3447 3467 3503 hominibus
3494 3463 3586 3503 se-

1994 3552 2250 3608 gregans,
2319 3546 2376 3594 et
2422 3539 2552 3594 huic
2604 3548 2795 3594 nostra
2822 3540 3066 3594 omnium
3118 3538 3401 3593 ascribens
3454 3552 3584 3609 pec-

1988 3634 2119 3681 cata
2149 3667 2165 3693 ,
2225 3627 2511 3698 eidemque
2564 3629 3020 3693 exsecrationem,
3053 3644 3175 3698 quae
3204 3628 3421 3682 mulctaa
3455 3628 3578 3681 loco

1997 3723 2054 3776 in
2117 3723 2232 3791 lege
2279 3720 2446 3778 Hosis
2502 3720 2758 3791 adjuncta
2809 3729 2896 3776 est
2943 3723 3253 3790 imponens,
3310 3719 3582 3790 siquidem

1996 3815 2119 3885 ipso
2174 3812 2322 3868 Mose
2380 3813 2760 3883 proloquente,
2794 3830 2815 3864 ι
2848 3811 3202 3867 exsecrabilis
3257 3811 3437 3864 omnis
3486 3825 3583 3878 qut

1998 3906 2195 3976 pendet
2253 3906 2308 3958 in
2351 3906 2498 3976 ligno
2520 3905 2640 3971 ²⁹,›
2698 3905 2802 3958 hoc
2869 3905 3049 3974 ipsum
3103 3901 3347 3972 pertulit,
3403 3900 3582 3956 fat-tus

1994 4007 2218 4070 propter
2238 4014 2339 4055 nos
2370 4000 2485 4071 ipse
2511 4015 2610 4070 pro
2647 3998 2807 4054 nobis
2834 3997 3178 4054 exsecratio:
3212 3995 3305 4066 qui
3339 3995 3579 4065 seipsum

1996 4105 2214 4160 quoque
2248 4100 2470 4161 propter
2510 4106 2611 4147 nos
2662 4099 2944 4160 peccatum
3008 4087 3190 4143 facere
3220 4103 3330 4142 non
3370 4087 3580 4141 veritus

1994 4190 2111 4238 est:
2134 4182 2574 4253 quandoquidem
2597 4202 2616 4234 ι
2643 4198 2790 4249 eum,
2818 4188 2910 4253 qui
2942 4189 3226 4252 peccatum
3265 4193 3374 4233 non
3403 4178 3578 4241 novit,

1994 4288 2095 4346 pro
2124 4277 2281 4331 nobis
2304 4285 2586 4346 peccatum
2610 4274 2808 4341 eﬂ‘eeit,
2839 4275 3170 4345 iteidemque
3200 4281 3420 4344 propter
3454 4286 3576 4336 nos,

1994 4368 2178 4422 omnia
2239 4382 2581 4438 quaecunque
2630 4365 2792 4447 no’bis
2843 4364 3252 4436 impendebant,
3309 4361 3578 4434 supplicia

1995 4456 2290 4530 imposuit,
2324 4461 2563 4524 vincula,
2586 4459 2813 4529 probra,
2850 4456 3236 4521 contumelias,
3256 4454 3489 4527 ﬂagella,
3522 4464 3577 4510 et

317 4539 443 4592 «τοῦ
496 4541 818 4612 παρουσίαν,
866 4543 961 4596 καὶ
1016 4542 1077 4596 τὺ
1114 4543 1473 4614 καταρτισθὲν
1520 4544 1683 4599 αὑτοῦ
1736 4546 1893 4618 σῶμα

1997 4567 2120 4605 cum
2155 4551 2262 4615 his,
2318 4551 2547 4607 verbera
2607 4549 2915 4606 deformia:
2950 4558 3399 4620 postremumque
3457 4562 3577 4600 om-

316 4631 736 4703 προσενηνέχθαι
798 4633 876 4704 τῷ
935 4632 1054 4706 Θεῷ
1110 4634 1347 4700 διδάξας,
1413 4635 1569 4689 τοῦτό
1622 4654 1682 4689 τε
1756 4638 1889 4691 αὐτὸ

1997 4642 2164 4705 nium,
2218 4642 2397 4712 ipsum
2443 4642 2838 4697 exsecrationis
2872 4641 3194 4710 trophmum.
3225 4639 3411 4710 itaque
3448 4648 3576 4709 post

315 4722 384 4793 τῇ
459 4721 622 4775 αὑτοῦ
699 4723 994 4795 Ἐκκλησία
1037 4724 1466 4794 εὐαγγελίζεται,
1508 4727 1586 4791 ὡς
1626 4727 1694 4782 ἂν
1749 4730 1891 4800 μέγα

318 4815 616 4886 μυστήριον
696 4820 754 4872 ὲν
822 4819 1072 4889 κεφαλίδι
1146 4819 1351 4890 βιϐλίου
1435 4823 1502 4892 τῇ
1574 4826 1887 4895 προφητικῇ

312 4911 465 4980 φωνῇ
493 4926 920 4986 προαναπεφωνη
931 4915 1107 4984 μένον.
1141 4915 1343 4969 Τούτου
1369 4914 1504 4986 δῆτα
1524 4916 1620 4969 τοῦ
1651 4916 1891 4987 θύματος

280 4998 408 5103 ἰατὴν
443 5000 664 5071 μνήμην
704 5002 797 5056 ἐπὶ
846 5005 1125 5077 τραπέζης
1164 5006 1401 5059 ἐκτελεῖν
1444 5005 1533 5058 διὰ
1575 5007 1883 5079 συμϐόλων,

278 5089 288 5158 ξ
310 5089 404 5146 τοῦ
423 5109 483 5146 τε
507 5091 757 5163 σώματος
778 5097 942 5150 αὐτοῦ
966 5099 1060 5151 καὶ
1083 5098 1176 5152 τοῦ
1203 5099 1471 5170 σωτηρίου
1493 5101 1723 5171 αἵματος
1746 5100 1886 5155 κατά

276 5206 284 5265 ς
312 5183 549 5256 θεσμοὺς
577 5187 677 5257 τῆς
706 5188 913 5259 Καινῆς
951 5191 1224 5262 Διαθήκης
1254 5193 1671 5265 παρειληφότες,
1722 5194 1887 5249 πάλιν

267 5248 278 5275 δ
312 5248 428 5329 ὑπὸ,
439 5276 533 5329 τοῦ
556 5248 836 5350 προφήτου
864 5248 1027 5335 Καϐὶδ
1042 5248 1404 5353 παιδέυόμεθα
1426 5248 1675 5353 λέγειν·ἰ
1711 5248 1888 5338 Ἦτοίιέ

315 5383 494 5443 μασας
538 5370 769 5425 ἐνώπιόν
804 5389 904 5442 μου
937 5373 1215 5444 τράπεζαν
1245 5376 1307 5442 ἐξ
1338 5376 1585 5442 ἐναντίας
1627 5377 1736 5432 τῶν
1774 5378 1887 5432 θλι-

311 5458 516 5515 δόντων
547 5480 633 5533 με.
695 5464 982 5528 Ἐλίπανας
1030 5468 1088 5518 ὲν
1138 5467 1301 5539 ἐλαίῳ
1332 5469 1432 5541 τὴν
1480 5470 1725 5543 κεφαλήν
1758 5488 1880 5543 μου,

312 5553 406 5606 καὶ
437 5552 499 5605 τὸ
536 5557 791 5627 ποτήριόν
843 5575 936 5611 σου
990 5558 1259 5628 μεθύσκον
1295 5577 1363 5631 με
1399 5560 1475 5625 ὡς
1513 5561 1824 5636 κράτιστον.
1861 5581 1880 5614 ι

310 5644 622 5717 Δικρρήδην
652 5647 781 5715 γοῦν
807 5650 865 5703 ὲν
891 5649 1101 5714 τούτοις
1129 5649 1223 5703 καὶ
1252 5650 1313 5704 τὸ
1336 5653 1594 5722 μυστικὸν
1617 5653 1882 5724 σημαίνε-

1992 4736 2197 4799 Omnia,
2228 4735 2386 4805 quasi
2412 4734 2717 4790 mirabilem
2745 4735 3018 4805 quandam
3067 4734 3339 4788 victimam
3359 4772 3374 4796 ,
3400 4731 3576 4786 sacri-

1993 4827 2287 4897 ﬁciumque
2315 4827 2576 4882 eximium
2607 4826 2749 4896 patri
2808 4840 2911 4881 suo
2961 4835 3223 4896 operatus
3255 4839 3352 4894 pro
3384 4831 3576 4877 nostra

1993 4918 2236 4972 omnium
2275 4917 2459 4972 salute
2515 4916 2734 4983 obtulit,
2787 4916 3017 4986 ejusque
3047 4917 3124 4971 rei
3156 4913 3470 4968 memoriam
3513 4919 3574 4965 ut

1994 5025 2094 5065 nos
2150 5010 2253 5079 ipsi
2303 5007 2415 5065 Deo
2434 5025 2537 5080 pro
2591 5009 2864 5065 sacriﬁcio
2919 5009 3275 5071 oli‘erremus,
3311 5004 3569 5061 instituit.

1993 5103 2107 5159 Hoc
2134 5104 2299 5158 etiam
2335 5103 2722 5174 prephetarum
2757 5103 3069 5174 praecipuus
3090 5098 3277 5162 David,
3311 5099 3401 5168 qui
3425 5097 3571 5168 quod

1993 5194 2237 5251 futurum
2264 5203 2383 5252 erat
2420 5194 2629 5267 Spiritu
2682 5195 2870 5252 divino
2903 5194 3216 5265 providerat
3238 5192 3575 5247 vaticinatus

1992 5295 2096 5351 est,
2124 5287 2218 5342 ubi
2251 5286 2327 5341 ait
2357 5305 2371 5342 :
2397 5305 2416 5339 ι
2446 5285 2784 5357 Exspectans
2838 5282 3150 5355 exspectavi
3186 5280 3494 5347 Dominum,
3520 5295 3577 5338 et

1993 5377 2229 5434 intendit
2258 5378 2424 5433 mihi:
2456 5387 2511 5434 et
2537 5379 2815 5434 exaudivit
2838 5392 3052 5449 precem
3085 5390 3284 5441 meam,
3315 5384 3366 5430 et
3388 5382 3574 5429 snstu~

1992 5469 2057 5525 lit
2081 5486 2166 5526 me
2195 5471 2262 5527 de
2294 5471 2417 5526 lacu
2448 5471 2683 5527 miseriae
2711 5479 2767 5526 et
2796 5471 2863 5526 de
2921 5470 3036 5524 luto
3071 5467 3222 5524 facis
3248 5487 3260 5522 :
3291 5476 3345 5522 et
3381 5475 3573 5523 statmt

1993 5576 2157 5631 supra
2184 5569 2393 5632 petram
2414 5562 2580 5633 pedes
2627 5576 2799 5624 meos,
2834 5566 2889 5616 et
2920 5559 3117 5616 direxit
3145 5572 3370 5631 gressus
3393 5574 3568 5617 meos.

1992 5661 2047 5709 et
2076 5654 2305 5711 immisit
2360 5654 2419 5711 in
2447 5668 2509 5711 os
2531 5668 2714 5709 meum
2759 5650 3048 5709 Canticum
3096 5667 3322 5719 novum,
3352 5666 3571 5708 carmen

384 5823 430 5856 ³⁸
460 5821 579 5879 Gal.
613 5841 693 5893 Ill,
724 5828 806 5882 15.
885 5831 929 5862 ⁸⁷
959 5828 1002 5885 ΙΙ
1025 5829 1151 5888 Cor.
1181 5830 1335 5898 “21.
1417 5782 1625 5889 i;-~Luc.
1657 5847 1710 5898 Χ,
1739 5830 1828 5886 24.

1997 5831 2145 5891 Deut.
2178 5850 2292 5903 nt,
2321 5836 2409 5891 23.
