4106 6454
552 376 615 433 9|
1209 373 1476 432 EUSEBII
1507 375 1990 433 CASSARIENSIS
2027 375 2178 432 OPP.
2219 376 2401 432 PARS
2438 374 2504 432 11.
2543 406 2612 416 —
2648 374 3148 432 APOLOGETICA.
3730 375 3800 432 92

556 493 668 548 Deo
696 501 885 549 nostro
908 492 974 546 ³ο.
1010 513 1028 545 i
1062 493 1218 559 Quod
1248 509 1411 563 porro
1459 495 1527 549 sit
1570 495 1674 549 hoc
1729 512 1927 550 novum
1953 497 2121 550 canti-

2226 513 2316 547 ται
2358 495 2586 566 χρίσμα,
2635 494 2730 546 xal
2770 495 2838 547 τὰ
2879 493 3052 564 σεμνὰ
3093 494 3192 564 τῆς
3240 493 3476 564 Χριστοῦ
3524 495 3797 566 τραπέξης

552 600 682 641 cum
733 585 974 640 declarat
1024 583 1283 654 deinceps
1343 587 1434 641 ubi
1485 588 1593 640 ait:
1625 607 1643 638 ι
1677 587 2020 641 Sacriﬁcium
2073 594 2128 642 et

552 678 883 733 oblationem
916 677 1158 740 uoluisti,
1194 693 1397 747 corpus
1439 689 1618 733 autem
1657 678 1930 748 perfecisti
1954 677 2125 732 mihi:

554 767 875 822 holocausta
902 777 956 820 et
998 783 1094 836 pro
1121 780 1346 837 peccato
1367 785 1474 823 non
1510 771 1751 839 probasti
1782 787 1796 834 ;
1831 778 1963 822 tunc
1990 769 2126 832 dixi,

551 873 682 912 ecce
706 859 879 914 venio.
907 859 964 910 ln
983 859 1159 927 capite
1178 859 1299 912 libri
1331 861 1598 928 scriptum
1630 868 1714 915 est
1746 861 1812 915 de
1831 876 1936 921 me,
1972 869 2032 913 ut
2050 860 2131 914 la-

550 965 748 1013 cerem,
775 948 936 1014 Deus,
965 951 1298 1005 voluntatem
1331 959 1498 1016 tuam,
1531 953 1674 1007 volui
1713 953 1775 1015 “,
1811 971 1828 1002 ι
1860 960 1914 1007 et
1935 952 2129 1022 adjun-

548 1041 630 1111 git
662 1055 677 1092 :
717 1059 736 1092 ι
767 1041 1100 1094 Annuntiavi
1131 1041 1401 1110 justitiam
1436 1043 1488 1096 in
1521 1042 1761 1098 Ecclesia
1793 1058 1987 1113 magna
2014 1045 2081 1097 ³³.
2104 1063 2122 1096 ι

551 1132 644 1188 Sic
675 1134 835 1204 plane
864 1133 1068 1189 docens
1085 1149 1182 1202 pro
1210 1136 1449 1203 antiquis
1481 1135 1768 1190 sacriﬁciis
1805 1136 2130 1190 etholocau-

551 1225 674 1286 stis,
704 1225 908 1280 Christi
962 1225 1251 1279 adventum
1286 1241 1382 1294 per
1428 1227 1858 1295 assumptionem
1905 1226 2127 1280 humani

549 1314 662 1384 39
691 1315 958 1384 corporis.
989 1317 1217 1385 ejusque
1243 1331 1444 1385 corpus
1473 1315 1795 1386 perfectum,
1833 1315 1944 1370 Deo
1974 1318 2130 1371 obla-

549 1414 668 1460 tum
699 1421 820 1462 esse
849 1425 862 1460 :
890 1406 1178 1476 ipsumque
1212 1407 1314 1461 hoc
1336 1406 1592 1462 Ecclesiae
1621 1422 1734 1462 suae
1761 1409 1974 1462 nuntiat
2001 1424 2127 1463 cum

549 1496 747 1567 gaudio
779 1504 1036 1565 tanquam
1083 1498 1272 1566 ingens
1317 1498 1656 1569 mysterium,
1701 1497 1842 1567 quod
1893 1499 2129 1568 propheo

550 1585 661 1639 tica
687 1601 820 1641 voce
850 1587 904 1640 in
937 1588 1113 1656 capite
1161 1587 1280 1642 libri
1319 1589 1656 1658 propositum
1699 1604 2129 1660 expressumque

549 1679 645 1733 sit.
661 1677 797 1732 Cum
825 1694 954 1748 ergo
977 1680 1140 1748 hujus
1172 1680 1427 1734 sacriﬁcii
1454 1680 1770 1735 memoriam
1803 1682 1972 1752 signis
2003 1683 2125 1752 qui-

549 1769 779 1824 busdam
822 1771 876 1824 in
923 1787 1112 1826 mensa
1145 1773 1548 1834 celebrandam,
1594 1774 1951 1842 corporisque
1993 1774 2127 1828 item

551 1863 718 1927 illius,
765 1865 1131 1934 salutarisque
1177 1865 1479 1934 sanguinis,
1521 1873 1579 1918 ut
1631 1867 1759 1919 novi
1791 1864 2124 1921 Testamenti

551 1954 865 2012 institutum
900 1956 1086 2020 habet,
1112 1958 1481 2026 acceperimus
1515 1977 1527 2011 :
1557 1973 1773 2012 rursum
1802 1974 1831 2011 a
1862 1960 2124 2028 propheta

551 2042 720 2100 David
763 2046 1088 2102 instruimur
1141 2047 1207 2100 ad
1257 2047 1547 2102 dicendum
1586 2067 1643 2101 ιι
1668 2049 1878 2103 Parasti
1912 2051 1964 2104 in
1991 2065 2128 2105 con-

551 2146 741 2206 spectu
793 2153 913 2193 meo
960 2154 1203 2194 mensam
1255 2147 1446 2194 contra
1488 2155 1582 2196 eos
1606 2141 1697 2210 qui
1730 2141 1970 2210 aﬂligunt
2014 2158 2119 2198 me.

548 2229 751 2300 Pingue
777 2228 950 2286 fecisti
1004 2231 1060 2284 in
1109 2232 1228 2286 oleo
1276 2238 1439 2299 caput
1481 2247 1684 2294 meum,
1717 2239 1770 2286 et
1809 2235 1949 2286 calix
1996 2242 2123 2288 tuus

547 2320 829 2376 inebrians
864 2336 1026 2390 quam
1068 2323 1635 2392 praestantissimus".
1673 2341 1691 2374 ι
1728 2321 1911 2377 Palam
1959 2325 2123 2394 igitur

547 2411 600 2464 in
633 2411 718 2466 his
749 2413 1029 2483 mysticam
1073 2413 1342 2484 signiﬁcat
1371 2415 1706 2476 unctionem,
1737 2424 1790 2468 et
1838 2415 2121 2470 horrorem

545 2500 825 2554 aﬁ'erentia
859 2517 1060 2556 mensae
1083 2503 1286 2558 Christi
1318 2504 1609 2569 sacriﬁcia,
1644 2507 1842 2574 quibus
1891 2522 2124 2574 operan-

544 2598 653 2656 tes,
687 2590 1000 2648 incruentas
1029 2600 1083 2648 et
1116 2595 1407 2650 rationales
1440 2595 1597 2665 eique
1629 2611 1826 2652 suaves
1851 2597 2119 2661 victimas,

547 2683 604 2736 in
652 2689 764 2736 tota
803 2684 909 2738 vita
945 2699 1202 2754 supremo
1245 2684 1354 2741 Deo
1399 2685 1618 2748 olTerre,
1661 2702 1758 2756 per
1802 2687 2128 2742 eminentis-

547 2773 743 2828 simum
800 2776 1043 2831 omnium
1101 2775 1271 2845 ipsius
1327 2775 1660 2846 pontiﬁcem,
1687 2776 1866 2830 edocti
1907 2793 2120 2831 sumus.

551 2859 660 2914 lloc
697 2863 870 2930 ipsmn
906 2878 1137 2932 magnus
1159 2879 1379 2933 quoque
1408 2864 1669 2934 propheta
1700 2863 1868 2919 Isaias
1895 2866 2123 2920 mirabi-

2229 586 2464 656 θύματα,
2491 587 2559 638 δι’
2592 577 2665 637 ὧν
2697 585 3125 655 καλλιεροῦντες,
3156 586 3252 648 τὰς
3281 584 3542 656 ἀναίμους
3586 588 3680 639 καὶ
3713 587 3799 641 λο-

2227 680 2388 747 γικὰς
2445 678 2592 747 αὐτῷ
2621 695 2678 730 τε
2709 680 2994 748 προσηνεῖς
3023 677 3210 739 θυσίας
3237 677 3327 730 διὰ
3356 680 3552 741 παντὸς
3577 678 3690 747 βίου
3722 679 3800 750 τῷ

2229 767 2320 819 ἐπὶ
2353 767 2566 819 πάντων
2601 767 2924 836 προσφέρειν
2948 765 3066 835 Θεῷ
3103 766 3188 818 διὰ
3222 766 3316 818 τοῦ
3350 768 3564 820 πάντων
3593 767 3800 821 ἀνωτά-

2229 874 2322 909 του
2353 858 2651 928 ἀρχιερέως
2674 858 2837 910 αὐτοῦ
2865 858 3235 928 δεδιδάγμεθα.
3267 858 3436 910 Τοῦτο
3465 859 3520 911 δὲ
3554 858 3684 910 αὐτὸ
3705 860 3800 913 καὶ

2244 948 2469 1011 Ἠσαίας
2518 951 2546 1001 ὁ
2611 949 2781 1017 μέγας
2832 950 3115 1020 προφήτης
3175 948 3500 1018 θαυμαστῶς
3540 948 3617 1018 τῷ
3669 947 3798 1020 θείῳ

2231 1038 2507 1108 Πνεύματι
2540 1040 2787 1110 προέγνω
2814 1056 2872 1090 τε
2914 1039 3006 1092 καὶ
3060 1038 3498 1109 προανεφὼνησε.
3543 1039 3703 1106 Λέγει
3750 1039 3797 1093 δ’

2227 1125 2318 1183 οὖν
2350 1123 2449 1183 ὧδε
2479 1132 2572 1183 καὶ
2612 1132 2794 1194 αὐτός·
2837 1150 2856 1182 ι
2890 1131 3059 1203 Κύριε
3091 1134 3118 1184 ὁ
3142 1131 3272 1192 Θεός
3306 1147 3428 1200 μου,
3474 1127 3683 1193 δοξάσω
3713 1146 3795 1195 σε,

2230 1222 2455 1292 ὑμνήσω
2477 1222 2540 1274 τὸ
2562 1223 2732 1292 ὄνομά
2767 1239 2880 1286 σου,
2908 1226 2988 1275 ὅτι
3025 1223 3283 1292 ἐποίησας
3334 1220 3618 1292 θαυμαστὰ
3658 1223 3799 1293 πρά-

2227 1331 2436 1384 γματα.
2474 1333 2490 1364 ι
2521 1315 2630 1367 Kal
2657 1315 2776 1367 τίνα
2817 1314 2990 1369 ταῦτα
3011 1315 3084 1377 ὡς
3115 1313 3328 1383 ἀληθῶς
3358 1314 3654 1384 θαυμάσια,
3681 1314 3797 1367 δια-

2230 1407 2411 1473 σαφεῖ,
2456 1404 2629 1472 λέγων
2663 1405 2820 1477 ὲξῆς·
2862 1425 2879 1457 ι
2912 1407 3129 1476 [Ιοιήσει
3171 1405 3372 1476 Κύριος
3404 1405 3630 1460 Σαϐαὼθ
3665 1407 3797 1459 πᾶσι

2227 1499 2339 1560 τοῖς
2361 1497 2555 1550 ἕθνεσι’
2594 1499 2805 1551 πίονται
2836 1497 3194 1569 εὐφροσύνην,
3245 1499 3457 1551 πίονται
3487 1494 3648 1560 οἶνον,
3674 1498 3794 1569 χρί-

2229 1606 2411 1643 σονται
2440 1589 2606 1661 μύρον
2636 1591 2693 1642 ὲν
2720 1589 2797 1660 τῷ
2817 1591 2931 1661 δρει
2951 1591 3141 1660 τούτῳ.
3171 1590 3415 1661 Παράδος
3435 1590 3603 1643 ταῦτα
3620 1591 3798 1646 πάντα

2226 1684 2338 1744 τοῖς
2361 1681 2586 1734 ἔθνεσινο
2617 1684 2649 1750 ἡ
2681 1681 2790 1752 γὰρ
2821 1682 2984 1753 βουλὴ
3007 1682 3143 1754 αὐτη
3175 1684 3270 1734 ἐπὶ
3296 1682 3470 1736 πάντα
3491 1683 3559 1735 τὰ
3591 1682 3739 1752 ἔθνη.
3771 1700 3790 1735 ι

2227 1773 2464 1827 Τοιαῦτά
2493 1792 2615 1827 τινα
2640 1771 2706 1846 ἦν
2747 1775 2840 1827 καὶ
2871 1774 2941 1827 τὰ
2990 1775 3211 1828 Ἡσαΐου
3239 1775 3534 1846 θαυμάσια,
3575 1775 3797 1839 εὐωδίας

2157 1849 2196 1903 Β
2225 1865 2434 1935 ἀγαθῆς
2458 1867 2550 1919 καὶ
2583 1866 2766 1936 μύρων
2794 1867 2991 1936 χρίσιν,
3019 1868 3078 1918 οὐ
3110 1867 3187 1936 τῷ
3233 1867 3466 1938 Ἰσραὴλ,
3493 1867 3627 1920 ἀλλὰ
3660 1868 3794 1920 πᾶσι

2224 1959 2334 2019 τοῖς
2368 1957 2573 2010 ἔθνεσιν
2607 1958 3066 2028 ἐπαγγελλόμενα·
3102 1959 3223 2011 ὅθεν
3268 1958 3490 2022 είκότως
3523 1958 3672 2029 παρὰ
3698 1958 3794 2029 τὴν

2223 2052 2317 2104 τοῦ
2371 2052 2540 2124 μύρου
2601 2053 2776 2123 χρίσιν
2823 2055 2916 2106 καὶ
2964 2053 3062 2121 τῆς
3102 2053 3442 2124 Χριστιανῶν
3487 2054 3795 2124 ἠξιώθησαν

2224 2134 2615 2215 προσηγορίας.
2653 2143 2813 2197 Ἀλλὰ
2840 2146 2934 2198 καὶ
2966 2145 3108 2198 οἴνου
3142 2149 3253 2207 τοῖς
3289 2146 3492 2198 ἔθνεσιν
3533 2145 3796 2217 εὐφροσύ-

2223 2253 2320 2306 νην
2363 2235 2628 2300 θεσπίζει,
2661 2237 2722 2288 τὸ
2766 2235 2864 2306 τῆς
2891 2236 3097 2306 Καινῆς
3123 2236 3214 2288 τοῦ
3251 2235 3484 2306 Χριστοῦ
3522 2238 3796 2308 Διαθήκης

2226 2328 2521 2398 μυστήριον
2562 2327 2948 2397 αἰνιττόμενος,
2993 2327 3022 2379 δ
3070 2326 3222 2397 παρὰ
3257 2329 3386 2380 πᾶσι
3428 2331 3538 2390 τοῖς
3585 2327 3792 2380 ἔθνεσιν

2222 2420 2464 2489 ἐναργῶς
2493 2419 2632 2472 κατὰ
2667 2420 2754 2472 τὸν
2788 2420 3026 2490 παρόντα
3057 2420 3250 2489 καιρὸν
3280 2419 3598 2472 ὲκτελεῖται.
3644 2419 3789 2473 Ταύ-

2220 2529 2317 2574 τας
2342 2513 2398 2564 δὲ
2434 2511 2593 2565 πάλιν
2618 2511 2715 2573 τὰς
2751 2511 3094 2582 ἀσωμάτους,
3141 2511 3235 2563 καὶ
3273 2509 3464 2580 νοερὰς
3494 2509 3682 2572 θυσίας
3723 2508 3793 2562 τὰ

2223 2602 2533 2673 προφητικὰ
2600 2603 2856 2672 κηρύττει
2907 2603 3083 2670 λόγια,
3149 2595 3253 2654 ὧδέ
3303 2619 3378 2670 πη
3446 2601 3786 2670 περιέχοντα·

2229 2711 2246 2744 ι
2283 2693 2453 2744 Θῦσον
2486 2691 2563 2761 τῷ
2612 2692 2731 2760 Θεῷ
2776 2691 2964 2745 θυσίαν
3018 2690 3296 2752 αἰνέσεως,
3330 2692 3423 2742 καὶ
3475 2691 3668 2755 ἀπόδος
3711 2691 3791 2762 τῷ

2233 2783 2472 2852 ’Υψίστῳ
2499 2782 2598 2846 τὰς
2623 2783 2785 2851 εὐχάς
2808 2799 2923 2845 σου,
2965 2784 3060 2835 καὶ
3085 2781 3404 2835 ἐπικάσλεσαί
3440 2800 3505 2852 με
3532 2785 3588 2836 ὲν
3611 2785 3792 2856 ἡμέρᾳ

2223 2873 2474 2944 θλίψεως,
2511 2872 2605 2928 καὶ
2647 2873 2937 2945 ἐξελοῦμαί
2966 2892 3047 2938 σε,
3079 2876 3171 2927 καὶ
3211 2873 3454 2939 δοξάσεις
3489 2895 3576 2946 με.
3610 2896 3630 2929 ι
3680 2879 3791 2931 Kal

545 2951 670 3006 liter
698 2953 883 3008 divino
922 2952 1126 3024 Spiritu
1155 2955 1429 3011 indicante
1449 2959 1710 3027 providit,
1741 2964 1794 3012 et
1828 2967 2120 3027 antequam

2222 2967 2381 3018 πάλιν
2401 2984 2413 2996 ·
2451 2985 2468 3018 ι
2509 2968 2776 3037 Ἔπαρσις
2801 2965 2908 3018 τῶν
2942 2965 3138 3036 χειρῶν
3161 2983 3259 3036 μου
3277 2967 3433 3020 θυσία
3455 2969 3732 3039 ἐσπερινή.
3763 2987 3786 3019 ν

543 3043 697 3098 ﬁeret
748 3046 1100 3114 praedicavit;
1132 3047 1263 3102 dicit
1293 3049 1458 3117 igitur
1489 3049 1568 3103 sic
1601 3067 1616 3104 :
1658 3067 1676 3100 ι
1720 3048 1944 3104 Domine
1977 3048 2119 3104 Deus

2219 3058 2332 3111 Kal
2359 3054 2533 3120 αὖθις
2581 3076 2599 3108 ι
2646 3057 2815 3110 Θυσία
2855 3056 2934 3126 τῷ
2975 3057 3092 3128 Θεῷ
3139 3057 3354 3126 πνεὶμα
3396 3058 3791 3132 συντετριμμέ-

545 3147 720 3197 meus,
765 3134 1081 3203 gloriﬁcabo
1130 3143 1205 3200 te,
1254 3137 1487 3191 laudabo
1529 3153 1728 3192 nomen
1771 3145 1948 3203 tuum,
1981 3156 2120 3208 quo-

545 3223 686 3246 ..ΞΑ-η
733 3225 904 3246 r__2_.!
932 3243 1015 3246 .‘A,
1054 3229 1262 3246 ,,°,,a-I
1346 3231 1387 3246 on.
1512 3231 1570 3246 In.
1885 3233 1898 3246 ι
2039 3234 2049 3244 ι
2098 3240 2110 3246 -

2219 3166 2332 3202 νον.
2368 3169 2385 3200 ι
2419 3148 2602 3202 Ταῦτα
2630 3148 2694 3218 δὴ
2717 3145 2809 3201 οὖν
2841 3149 3037 3213 πάντα,
3085 3147 3144 3212 ἐξ
3177 3149 3367 3211 αἰῶνος
3393 3149 3790 3219 τεθεσπισμένα

543 3223 690 3277 niam
733 3225 907 3281 fecisti
932 3243 1019 3283 res
1049 3229 1326 3288 mirabiles
1344 3231 1412 3284 “.
1455 3251 1474 3284 ι
1511 3231 1576 3284 Ει
1606 3248 1852 3302 quaenam
1885 3233 1967 3287 has
2007 3234 2118 3288 sint

2219 3240 2306 3293 διὰ
2331 3241 2432 3310 τῆς
2455 3240 2816 3309 εὐαγγελικῆς
2848 3239 2940 3292 τοῦ
2965 3240 3214 3310 Σωτῆρος
3238 3241 3270 3310 ἡ
3280 3240 3394 3310 μῶν
3421 3239 3786 3303 διδασκαλίας,

540 3331 631 3371 res
684 3319 993 3384 mirabiles,
1052 3322 1212 3390 plane
1261 3323 1519 3394 deinceps
1576 3325 1816 3380 ostendit
1865 3325 2055 3382 dicens
2101 3345 2114 3380 :

2219 3330 2360 3384 κατὰ
2391 3331 2481 3383 τὸν
2514 3331 2756 3400 παρόντα
2801 3330 2990 3402 καιρὸν
3021 3331 3156 3403 πρὸς
3198 3332 3452 3386 ἁπάντων
3484 3332 3592 3384 τῶν
3620 3331 3790 3384 ἐθνῶν

547 3425 566 3456 ι
598 3405 783 3462 Faciet
806 3407 1070 3466 Dominus
1103 3410 1340 3466 Sabaoth
1376 3415 1686 3469 convivium
1710 3415 1963 3471 omnibus
1988 3433 2120 3486 gen-

2219 3422 2536 3484 ὲκτελεῖται,
2564 3422 2819 3492 ἀληθείας
2847 3423 3329 3494 ὲπιμαρτιδρούσης
3360 3427 3426 3494 τῇ
3476 3425 3787 3495 προφητικῇ

436 3496 447 3505 ’
539 3499 688 3554 tibus
725 3520 737 3554 :
772 3500 957 3556 bibent
985 3503 1244 3569 laetitiam,
1279 3505 1460 3563 bibent
1486 3507 1670 3561 vinum
1693 3527 1705 3563 :
1727 3519 1996 3578 tangentur
2018 3525 2121 3563 un-

2219 3516 2389 3582 φωνῇ,
2411 3509 2577 3585 δι’ἦς.
2613 3513 2711 3576 τὰς
2739 3514 2879 3568 κατὰ
2902 3515 3136 3568 Μωῦσέα
3169 3513 3353 3578 θυσίας
3375 3515 3402 3567 ό
3433 3514 3562 3578 Θεὸς
3592 3531 3790 3585 παραι-

539 3601 742 3660 guento
759 3592 813 3645 in
833 3601 1016 3648 monte
1037 3593 1160 3661 illo;
1178 3594 1328 3649 trade
1349 3595 1462 3650 haec
1481 3597 1662 3650 omnia
1684 3599 1951 3667 gentibus.
1981 3598 2121 3654 Con-

2219 3605 2540 3674 τησάμενος,
2566 3605 2627 3657 τὸ
2667 3606 2857 3676 μέλλον
2895 3604 3114 3658 ἔσεσθαι
3140 3606 3260 3660 καθ’
3299 3608 3444 3676 ἡμᾶς
3472 3607 3667 3669 αὐτοὺς
3699 3605 3789 3659 θε-

538 3685 720 3739 silium
761 3685 906 3739 enim
946 3686 1050 3740 hoc
1093 3687 1147 3740 in
1192 3701 1381 3742 omnes
1411 3697 1599 3757 gentes
1625 3689 1690 3744 ".
1728 3709 1746 3741 ι
1782 3689 2108 3759 Hujusmodi

2219 3692 2428 3757 σπίζει,
2481 3694 2693 3762 λέγων·
2749 3713 2768 3745 ι
2816 3695 2960 3748 Διότι
3016 3694 3124 3748 ἀπὸ
3174 3694 3446 3748 ἀνατολῶν
3495 3695 3644 3763 ἡλίου
3693 3694 3787 3746 καὶ

535 3788 670 3828 sane
726 3783 882 3829 erant
935 3775 1086 3831 Isaiae
1134 3777 1428 3840 mirabilia,
1464 3794 1585 3849 qua:
1628 3779 1785 3834 bona:
1825 3780 2114 3849 cujusdam

2219 3784 2380 3855 μέχρι
2435 3781 2652 3856 δυσμῶν
2706 3786 2768 3839 τὸ
2819 3786 2990 3856 δνομά
3047 3804 3148 3857 μου
3198 3785 3507 3849 δεδόξασται
3567 3789 3625 3838 ὲν
3674 3788 3786 3848 τοῖς

537 3864 866 3935 fragrantia,
899 3869 1269 3939 unguentique
1298 3870 1631 3933 unctionem,
1663 3886 1771 3925 non
1800 3870 1985 3934 Israel,
2016 3870 2112 3927 sed

2219 3875 2412 3941 ἔθνεσι,
2450 3878 2544 3931 καὶ
2578 3880 2634 3930 ὲν
2669 3879 2831 3932 παντὶ
2875 3879 3026 3951 τόπῳ
3060 3879 3308 3950 θυμίαμα
3343 3879 3670 3948 προσάγεται
3705 3877 3786 3948 τῷ

533 3959 792 4014 omnibus
817 3961 1072 4030 gentibus
1096 3961 1487 4030 promittebant
1515 3979 1528 4014 :
1559 3977 1624 4015 ex
1649 3977 1758 4031 quo
1783 3977 1894 4016 non
1922 3961 2116 4018 imme-

2219 3967 2434 4038 ὀνόματί
2463 3985 2585 4038 μου,
2621 3971 2714 4023 xal
2751 3969 2911 4023 θυσία
2938 3970 3171 4040 καθαρά.
3211 3989 3228 4021 ›
3262 3969 3471 4040 Θύομεν
3499 3970 3634 4038 δῆτα
3677 3986 3786 4022 τοι·

532 4054 643 4106 rito
701 4061 922 4122 propter
984 4057 1250 4124 unguenti
1305 4055 1619 4110 unctionem
1673 4055 2111 4110 Christianorum

2219 4059 2415 4130 γαροῦν
2437 4059 2516 4130 τῷ
2540 4060 2632 4112 ἐπὶ
2656 4061 2872 4113 πάντων
2902 4060 3020 4130 Θεῷ
3049 4059 3236 4113 θυσίαν
3263 4059 3550 4124 αἰνέσεως-ο
3585 4060 3784 4130 θύομεν

538 4144 957 4212 appellationem
1015 4153 1324 4200 consecuta:
1380 4153 1528 4208 sunt,
1591 4145 1686 4200 sed
1738 4147 1850 4200 vini
1896 4163 2111 4217 quoque

2219 4150 2272 4202 τὸ
2297 4150 2498 4213 ἔνθεον,
2525 4151 2618 4204 καὶ
2662 4150 2878 4220 σεμνὸν,
2909 4151 3003 4204 xal
3038 4151 3358 4221 ἱεροπρεπὲς
3386 4149 3554 4221 θῦμαο
3584 4151 3784 4222 θύομεν

537 4232 778 4286 laetitiam
832 4233 1084 4302 gentibus
1130 4235 1466 4287 vaticinatur
1503 4235 1558 4289 in
1591 4249 1678 4298 eo,
1724 4236 1858 4290 Novi
1921 4236 2113 4291 Testa-

2219 4241 2412 4306 καινῶς
2445 4242 2586 4296 κατὰ
2617 4242 2714 4313 τὴν
2745 4243 2953 4313 Καινὴν
2980 4241 3252 4312 Διαθηκην
3286 4243 3382 4312 τὴν
3413 4241 3656 4314 καθαρὰν
3691 4243 3784 4296 θυ-

536 4322 728 4386 menti,
757 4324 902 4392 quod
942 4339 972 4376 a
1015 4324 1234 4380 Christo
1285 4325 1571 4378 conditum
1619 4331 1730 4389 est,
1764 4327 2107 4397 mysterium,

2219 4332 2352 4384 σίαν.
2404 4351 2424 4384 ι
2459 4332 2629 4385 Θυσία
2657 4332 2713 4384 δὲ
2742 4331 2819 4402 τῷ
2847 4331 2964 4403 Θεῷ
3009 4331 3225 4402 πνεῦμα
3260 4333 3717 4404 συντετριμμένον
3754 4350 3775 4385 ι

537 4414 874 4470 subobscure
931 4416 1290 4487 signiﬁcans:
1327 4416 1474 4488 quod
1531 4431 1664 4472 sane
1719 4418 1863 4488 apud
1917 4433 2109 4475 omnes

2219 4423 2457 4494 εἴρηται·
2504 4441 2522 4475 ι
2557 4424 2782 4493 καρδίαν
2824 4423 2956 4492 γοῦν
2996 4423 3458 4496 συντετριμμένην
3491 4424 3586 4477 καὶ
3618 4439 3778 4478 τετα·

531 4517 724 4577 gentes
765 4507 821 4561 in
857 4509 1111 4578 praesenti
1155 4517 1399 4580 tempore
1447 4511 1733 4580 perspicue
1777 4510 2103 4568 celebratur.

2219 4512 2551 4584 πεινωμένην
2595 4515 2623 4566 ὁ
2649 4512 2783 4576 Θεὸς
2814 4514 2913 4567 οὐκ
2959 4513 3322 4586 ἐξουδενώσει.
3369 4533 3387 4565 ι
3421 4516 3531 4568 Kal
3573 4514 3637 4585 δὴ
3683 4515 3788 4570 καὶ.

533 4599 706 4654 Porro
732 4600 830 4655 has
856 4617 1049 4658 rursus
1085 4603 1436 4672 incorporeas
1461 4603 1923 4674 intelligentiaque
1963 4619 2106 4674 prae-

529 4691 678 4748 ditas
708 4692 915 4749 hostias
950 4695 1265 4764 prophetica
1296 4696 1552 4749 nuntiant
1577 4697 1821 4758 oracula,
1856 4696 1936 4752 sic
1967 4713 2106 4768 quo-

531 4785 657 4839 dam
690 4785 809 4839 loco
837 4785 1091 4840 habentia
1119 4806 1132 4840 :
1175 4807 1191 4838 ι
1228 4786 1450 4841 lmmola
1479 4786 1590 4842 Deo
1625 4788 1954 4843 sacriﬁcium
1987 4789 2106 4844 lau-

527 4876 637 4934 dis.
661 4883 715 4931 et
757 4877 922 4931 redde
963 4877 1243 4933 Altissimo
1274 4887 1398 4932 vota
1444 4891 1555 4943 tua,
1587 4888 1639 4934 et
1681 4881 1872 4936 invoca
1918 4897 2004 4935 me
2046 4882 2102 4936 in

528 4968 619 5023 die
671 4969 1062 5032 tribulationis,
1125 4978 1181 5024 et
1248 4987 1435 5026 eruam
1504 4980 1589 5037 te,
1664 4982 1720 5028 et
1769 4972 2104 5043 gloriﬁcabis

529 5075 616 5114 me
631 5061 696 5116 ³⁸.
739 5081 760 5114 ›
796 5061 860 5115 Et
885 5079 1110 5118 rursus:
1142 5083 1160 5114 ι
1201 5064 1440 5119 Elevalio
1468 5081 1726 5119 manuum
1757 5081 1997 5119 mearum
2017 5082 2110 5121 sa-

527 5150 792 5204 criﬁcium
821 5155 1188 5222 vespertinum
1203 5155 1266 5207 ⁸⁷.
1304 5174 1323 5206 ›
1352 5155 1482 5208 Item
1511 5155 1635 5209 alibi
1662 5174 1675 5209 :
1713 5173 1730 5206 ι
1765 5153 2104 5207 Sacriﬁcium

528 5239 660 5308 Dea,
693 5245 914 5312 spiritus
941 5247 1285 5301 contritus”.
1311 5267 1328 5298 ι
1358 5245 1481 5299 Ηωο
1500 5247 1662 5316 igitur
1678 5247 2015 5315 omnia,quze
2035 5246 2104 5300 ab

529 5332 682 5386 initio
707 5335 968 5392 divinitus
1001 5338 1258 5407 praedicta
1296 5347 1448 5404 sunt,
1478 5339 1532 5390 in
1573 5338 1826 5408 praesenti
1860 5346 2104 5406 tempore

526 5439 622 5494 per
661 5429 1025 5497 evangelieam
1069 5429 1371 5484 Salvatoris
1419 5431 1592 5483 nostri
1645 5430 1951 5483 doctrinam
1984 5429 2103 5500 40.

527 5519 598 5572 ab
629 5521 880 5576 omnibus
913 5522 1166 5590 gentibus
1194 5522 1561 5585 celebrantur,
1609 5522 1938 5592 prOpheticze
1970 5525 2090 5577 voci

597 5612 812 5687 ’fPsal.
855 5632 1054 5678 χχιιι,
1089 5619 1207 5674 24.
1285 5618 1326 5649 ιι
1381 5617 1516 5672 lbid.
1551 5618 1665 5670 7-9.
1748 5618 2082 5673 "Ibid.10.

2237 5619 2381 5675 Psal.
2443 5635 2582 5687 χχιι,
2619 5619 2670 5677 5.

2213 4605 2492 4676 θυμιῶμεν
2537 4604 2596 4657 τὸ
2640 4594 2972 4676 προφητικὸν
3013 4605 3284 4677 θυμίαμα,
3335 4607 3393 4658 ὲν
3426 4605 3588 4658 παντὶ
3629 4605 3782 4676 τόπῳ

2211 4695 2668 4770 προσκομίζοντες
2698 4697 2846 4767 αὐτῷ
2877 4697 2966 4750 τὸν
3007 4695 3180 4768 εὐώδη
3221 4696 3432 4768 καρπὸν
3471 4697 3571 4767 τῆς
3601 4713 3778 4752 πανα-

2215 4794 2368 4864 ρέτου
2407 4789 2702 4858 θεολογίας,
2742 4789 2829 4843 διὰ
2876 4789 2984 4842 τῶν
3019 4789 3154 4861 πρὸς
3177 4789 3338 4843 αὐτὸν
3370 4789 3543 4859 εὐχῶν
3570 4789 3775 4859 ἀναφέ-

2213 4899 2414 4952 ροντες.
2451 4881 2620 4934 Τοῦτό
2657 4898 2738 4934 τοι
2782 4880 2874 4933 καὶ
2917 4880 3071 4944 ἄλλος
3119 4879 3357 4933 διδάσκει
3396 4882 3700 4952 προφήτης,
3745 4882 3775 4934 ὁ

2211 4973 2411 5042 φήσας·
2441 4990 2459 5022 ι
2485 4971 2774 5042 Γενηθήτω
2796 4970 3116 5041 ἡπροσευχή
3149 4987 3248 5038 μου
3276 4970 3350 5034 ὡς
3377 4970 3624 5042 θυμίαμα
3649 4969 3776 5024 ὲνὼ-

2206 5065 2327 5116 πιὸν
2359 5081 2472 5117 σου.
2514 5083 2532 5116 ι
2565 5062 2773 5116 Οὐκοῦν
2803 5063 2896 5115 καὶ
2924 5060 3142 5130 θύομεν,
3173 5063 3263 5114 καὶ
3297 5061 3580 5132 θυμιῶμεν
3600 5079 3612 5091 '
3651 5061 3775 5115 τοτὲ

2208 5157 2304 5226 μὲν
2333 5156 2429 5226 τὴν
2456 5157 2675 5227 μνήμην
2703 5154 2795 5209 τοῦ
2826 5154 3060 5224 μεγάλου
3085 5153 3340 5223 θύματος,
3376 5153 3517 5208 κατὰ
3537 5152 3606 5204 τὰ
3636 5152 3773 5224 πρὸς

2202 5248 2364 5300 αὐτοῦ
2392 5247 2764 5319 παραδοθέντα
2799 5247 3070 5317 μυστήρια
3112 5244 3504 5307 ἐπιτελοῦντες,
3544 5244 3638 5296 καὶ
3675 5243 3773 5309 τὴν

2203 5338 2343 5408 ὑπὲρ
2373 5338 2645 5409 σωτηρίας
2670 5338 2824 5408 ἡμῶν
2854 5338 3198 5408 εὐχαριστίαν
3227 5338 3292 5390 δι’
3317 5334 3554 5387 εὐσεϐῶν
3587 5333 3772 5403 ὓμνων

2201 5448 2257 5482 τε
2291 5431 2384 5483 καὶ
2424 5430 2598 5500 εὐχῶν
2625 5431 2701 5502 τῷ
2741 5429 2858 5500 Θεῷ
2893 5429 3368 5500 προσκομίζοντες“
3403 5426 3522 5478 ’ῑότὲ
3546 5426 3601 5477 δὲ
3629 5426 3771 5493 σφᾶς

2201 5524 2396 5586 αὐτοὺς
2428 5524 2624 5594 ὅλῳμ)
2645 5523 3022 5594 καθιεροῦντες
3054 5521 3221 5590 αὐτῷ,
3251 5520 3342 5572 καὶ
3362 5517 3437 5588 τῷ
3450 5535 3510 5586 γε
3529 5518 3772 5588 ἀρχιερεῖ

2801 5621 2845 5652 ιι
2885 5616 2986 5673 lsa.
3029 5633 3160 5683 xxv,
3192 5617 3240 5669 ι.
3347 5615 3390 5646 ιε
3442 5614 3573 5670 Ibid.
3648 5612 3765 5668 6,7.

527 5682 569 5714 "
613 5683 757 5738 Psal.
801 5702 964 5748 XLIX,
1004 5690 1184 5761 ΗΑΒ.
1262 5691 1304 5721 ³⁷
1338 5689 1481 5744 Psal.
1521 5703 1643 5751 CXL,
1686 5689 1740 5741 2.
1816 5691 1861 5720 ³⁸
1886 5688 2028 5742 Psal.
2060 5706 2113 5750 ιι,
2147 5689 2199 5742 9.

599 5781 677 5850 (l)
701 5778 864 5835 Forte
900 5782 1178 5849 legendum
1219 5783 1369 5846 ὅλους
1394 5786 1474 5838 vel
1505 5783 1657 5846 ὅλως.
1694 5783 1846 5837 Enn.
1891 5783 2130 5838 PATROL.
