4106 6466
376 411 447 468 σε
736 452 744 458 -
1296 414 1952 472 DEMONSTRATIONIS
1989 416 1997 470 1

1989 413 2447 471 ΕγΑΝοΕιιοιΕ
2489 411 2617 472 LIB.
2652 408 2721 471 Π.
3535 420 3605 475 9ι

376 528 537 585 αὑτοῦ
569 528 757 602 Λόγῳ,
788 532 936 604 αὐτῷ
994 532 1206 602 σώματι
1249 534 1345 587 καὶ
1385 534 1527 604 ψυχῇ
1567 533 1932 605 ἀνακείμενοι.
1961 544 1997 598 Α

1982 532 2411 598 ιιοεῑίηιοιιὶυηι
2461 530 2718 586 aﬁ‘erente
2768 533 3033 595 veritate;
3062 546 3159 602 per
3206 546 3368 601 quam
3414 548 3603 590 vocem

373 621 464 674 Διὸ
498 619 678 689 πάσης
716 620 812 690 μὲν
841 621 1229 693 αἰσχρουργίας
1265 622 1326 675 τὸ
1353 622 1510 692 σῶμα
1543 623 1806 693 ἄχραντον
1840 622 1935 675 καὶ

2041 623 2205 684 Deus.
2258 621 2510 677 Mosaicis
2557 622 2772 692 rejectis
2819 624 3140 688 sacriﬁciis,
3172 624 3316 694 quod
3361 625 3604 686 futurum

372 712 632 783 ἀμίαντον
654 710 800 782 αὐτῷ
817 712 1102 782 φυλάττειν
1124 713 1639 784 ἁσκοῦμεννπαντὸς
1654 713 1709 766 δὲ
1732 714 1934 779 πάθους

2038 722 2154 769 erat
2178 723 2421 769 nostrum
2455 714 2697 781 ipsorum
2722 713 3053 777 institutum,
3084 715 3343 771 divinitus
3366 725 3604 784 nuntiat.

370 805 468 859 καὶ
500 805 713 876 κηλῖδος
744 806 959 877 ἀπάσης
1001 806 1100 878 τῆς
1133 807 1239 861 ἀπὸ
1282 807 1479 870 κακίας
1522 806 1935 879 κεκαθαρμένην

2038 803 2269 857 dicens:
2306 821 2324 853 ι
2363 800 2627 867 Quoniam
2662 802 2733 855 ab
2776 812 2897 857 ortu
2931 804 3064 858 solis
3114 820 3289 874 usque
3332 807 3396 860 ad
3446 823 3605 864 occa-

366 894 469 968 τὴν
491 895 724 949 διάνοιαν
744 895 891 966 αὐτῷ
918 897 1376 968 προσκομίζομεν,
1399 899 1676 968 λογισμοῖς
1703 914 1761 950 τε
1788 898 1935 951 ἀδια-

2038 910 2181 958 sum,
2222 908 2417 948 nomen
2448 907 2626 947 meum
2655 892 3015 963 gloriﬁcatum
3040 904 3125 949 est
3156 897 3210 948 in
3246 897 3518 966 gentibus,
3548 906 3602 954 et

367 984 620 1051 τπώτοις,
650 988 745 1041 καὶ
770 988 1005 1042 διαθέσει
1052 989 1417 1060 ἀνυποκρίτῳ,
1450 988 1681 1059 δόγμασι
1717 1006 1775 1042 τε
1801 989 1935 1057 ἀλη-

2037 987 2094 1041 in
2148 986 2296 1041 omni
2344 985 2465 1038 loco
2513 985 2795 1039 incensum
2840 984 3062 1039 offertur
3111 988 3317 1041 nomini
3363 1003 3505 1054 meo,
3547 998 3603 1046 et

369 1074 517 1140 θείας
550 1076 878 1148 εὐσεϐοῦμεν
919 1078 1100 1131 αὐτόν.
1165 1079 1395 1150 Ἀρεστὰ
1430 1079 1537 1151 γὰρ
1581 1077 1727 1148 αὐτῷ
1760 1079 1933 1132 ταῦτα

2036 1076 2217 1129 hostia
2256 1073 2459 1128 munda
2489 1074 2555 1129 ”.
2602 1091 2623 1125 ι
2671 1071 3057 1130 Sacriﬁcamus
3103 1076 3267 1147 igitur
3302 1077 3413 1133 Deo
3438 1079 3592 1135 altis-

367 1161 505 1222 εἶναι
537 1167 735 1238 μᾶλλον
766 1167 802 1241 ἡ
849 1166 1047 1221 θυσιῶν
1094 1167 1295 1238 πλῆθος
1326 1168 1538 1239 αἵματι,
1588 1168 1679 1221 καὶ
1716 1165 1931 1238 καπνῷ,

2035 1169 2178 1223 simo
2209 1168 2535 1224 sacriﬁcium
2567 1167 2745 1222 laudis
2770 1183 2784 1219 :
2818 1167 3186 1224 sacriﬁcamus
3216 1168 3328 1225 Deo
3350 1171 3594 1241 plenum,

366 1258 458 1311 καὶ
484 1258 729 1322 κνίσσαις
760 1258 1205 1329 ἐπιτελουμένων,
1236 1258 1665 1328 πεπαιδεύμεθα.

2034 1266 2088 1313 et
2111 1259 2391 1314 horrorem
2421 1258 2682 1322 aﬂ'erens,
2704 1264 2758 1313 et
2786 1268 3192 1313 sacrosanctum
3246 1261 3599 1329 sacriﬁcium,

366 1347 740 1405 sacriﬁcamus
772 1365 911 1405 novo
977 1366 1157 1415 more,
1224 1350 1522 1405 secundum
1590 1348 1799 1404 Novum
1836 1348 2265 1415 Testamentum,
2320 1350 2551 1405 hostiam
2623 1349 2901 1404 mundam.
2953 1349 3023 1403 At
3084 1351 3407 1405 sacriﬁcium
3464 1352 3600 1418 Deo,

364 1445 590 1514 spiritus
615 1446 883 1501 contritus
908 1446 1090 1500 dictus
1150 1453 1281 1500 est:
1319 1461 1416 1501 cor
1464 1446 1630 1516 igitur
1673 1446 1970 1500 contritum
2009 1453 2065 1500 et
2129 1444 2473 1501 humiliatum
2518 1444 2661 1500 Deus
2709 1459 2817 1499 non
2865 1445 3147 1516 despiciet.
3171 1444 3399 1517 Jamque
3432 1449 3600 1504 etiam

360 1538 704 1599 incendimus
761 1540 1134 1609 propheticum
1191 1539 1344 1595 illum
1391 1541 1615 1597 odorem
1666 1542 1723 1597 in
1772 1543 1920 1595 omni
1960 1541 2101 1605 loco,
2129 1547 2185 1595 et
2231 1538 2510 1596 offerimus
2557 1540 2608 1595 ei
2658 1540 2793 1595 bene
2872 1541 3104 1596 olentem
3142 1540 3381 1597 fructum
3446 1544 3597 1599 omni

358 1631 560 1688 virtute
597 1632 924 1688 abundantis
966 1631 1270 1703 tbeologize,
1318 1631 1422 1686 hoc
1472 1633 1658 1696 ipsum
1715 1630 2056 1686 orationibus
2113 1630 2181 1684 ad
2232 1646 2358 1686 eum
2422 1631 2646 1687 directis
2707 1629 2968 1687 facientes
3037 1632 3194 1699 Quod
3235 1648 3365 1690 sane
3417 1635 3598 1707 ipsum

358 1727 500 1786 alius
520 1743 737 1798 quoque
768 1727 926 1782 docet
955 1727 1236 1798 propheta,
1259 1726 1352 1796 qui
1379 1724 1456 1779 ait
1504 1742 1519 1779 :
1573 1742 1593 1776 ι
1638 1722 1758 1778 Fiat
1801 1725 1978 1779 oratio
2015 1739 2136 1781 mea
2184 1726 2325 1782 sicut
2374 1724 2657 1781 incensum
2702 1724 2756 1779 in
2811 1738 3106 1797 conspectu
3134 1734 3227 1783 tuo
3243 1728 3310 1784 ⁸⁸.
3352 1747 3372 1783 ι
3427 1729 3597 1804 Igitur

355 1828 414 1878 et
436 1821 810 1876 sacriﬁcamus
836 1827 889 1875 et
918 1818 1282 1884 incendimus,
1316 1819 1451 1874 alias
1506 1817 1724 1887 quidem
1788 1817 2108 1873 memoriam
2157 1820 2336 1889 magni
2378 1819 2525 1875 illius
2588 1820 2863 1883 sacriﬁcii,
2897 1820 3192 1875 secundum
3230 1836 3316 1885 ea,
3364 1837 3485 1893 quae
3513 1824 3591 1880 ab

355 1917 478 1985 ipso
518 1916 717 1971 tradita
774 1922 923 1979 sunt,
975 1915 1228 1987 mysteria
1279 1913 1639 1977 celebrantes,
1670 1919 1725 1968 et
1762 1914 1967 1984 gratias
2003 1912 2114 1969 Deo
2176 1930 2275 1984 pro
2328 1915 2504 1970 salute
2547 1923 2735 1969 nostra
2764 1922 3006 1984 agentes,
3074 1915 3467 1986 religiososque
3490 1916 3594 1988 hy-

355 2021 518 2061 mnos
561 2013 616 2062 et
673 2009 950 2063 orationes
992 2016 1213 2063 sanctas
1249 2008 1326 2062 illi
1378 2004 1665 2062 oﬂerentes
1713 2025 1727 2061 :
1786 2007 1920 2063 alias
1960 2009 2212 2077 nosipsos
2269 2016 2414 2063 totos
2484 2008 2533 2061 ei
2578 2014 2982 2073 consecrantes,
3047 2009 3274 2079 ejusque
3325 2008 3593 2080 pontiﬁci,

353 2101 458 2173 ipsi
513 2103 700 2173 utique
746 2106 932 2169 verbo,
987 2118 1238 2174 corpore,
1301 2103 1589 2171 animoque
1641 2099 1906 2156 dicantes.
1946 2100 2181 2158 Proinde
2250 2102 2319 2156 ab
2386 2102 2533 2157 omni
2564 2102 2922 2156 obscoenitate
2958 2116 3157 2171 corpus
3200 2102 3462 2158 intactum
3501 2113 3588 2160 at-

351 2208 461 2263 que
510 2195 920 2253 immaculatum
968 2199 1143 2255 eidem
1190 2211 1515 2252 conservare
1559 2196 1862 2259 studemus,
1905 2199 2161 2268 omnique
2190 2197 2409 2265 aﬂ'ecw,
2458 2209 2620 2269 atque
2682 2198 2832 2251 omni
2896 2197 3156 2261 fmditate,
3205 2214 3325 2267 qua:
3361 2214 3393 2252 a
3434 2200 3594 2255 mali-

353 2283 425 2339 tia
455 2286 1168 2361 proﬁciscatur,purgatam
1210 2299 1443 2344 mentem
1490 2289 1569 2343 illi
1610 2289 1904 2354 reddimus,
1949 2291 2481 2360 cogitationibusque
2529 2289 2780 2353 sinceris,
2848 2298 2902 2343 et
2970 2288 3254 2344 aﬁ‘ectione
3290 2306 3400 2345 non
3442 2291 3589 2360 ﬁcta,

349 2381 707 2451 veritatisque
746 2384 982 2440 decretis
1017 2385 1169 2438 illum
1214 2385 1464 2439 colimus.
1502 2382 1668 2438 Grata
1696 2385 1841 2439 enim
1884 2386 1958 2439 illi
2003 2385 2116 2440 haec
2150 2402 2271 2442 esse
2309 2388 2481 2458 magis
2546 2401 2712 2458 quam
2757 2386 3059 2444 hostiarum
3101 2400 3356 2460 magnum
3403 2401 3575 2442 nume

348 2487 494 2538 rum,
515 2489 746 2545 quarum
770 2478 1033 2548 sanguine
1052 2488 1106 2533 et
1131 2477 1284 2533 fumo
1309 2485 1363 2532 et
1391 2478 1582 2534 nidore
1601 2494 1908 2549 operemur,
1948 2481 2128 2537 edocti
2166 2498 2377 2540 sumus.

416 2625 468 2660 ³⁸
498 2624 731 2685 Malacb.
772 2644 814 2696 ι,
846 2629 934 2685 ii.
1011 2629 1058 2662 “
1087 2628 1231 2685 Psal.
1261 2644 1396 2692 cu,
1436 2628 1488 2682 2.

352 2821 3546 2858 mw”

1421 2981 2510 3155 ΕΥΣΕΒΙΟΥ

1510 3258 1740 3344 ΤΟΥ
1822 3258 2423 3347 ΠΑΜΦΙΛΟΥ

791 3436 1971 3583 ΕΥΑΓΓΕΛΙΚΗΣ
2051 3447 3146 3599 ΑΠΟΔΕΙΞΕΩΣ

1431 3688 1872 3777 ΒΙΒΛΙΟΝ
1932 3686 2503 3778 ΔΕΥΤΕΡΟΝ

1071 4050 1825 4207 EUSEBII
1932 4046 2849 4204 PAMPHILI

637 4339 2132 4471 DEMONSTRATIONIS
2227 4340 3286 4478 EVANGELICAE

1410 4597 1769 4684 LIBER
1841 4593 2498 4686 SECUNDUS.

337 4852 524 4910 TAAE
589 4855 905 4913 ΕΝΕΣΤΙΝ
987 4858 1089 4911 ΕΝ
1183 4858 1264 4929 Ίᾩ
1314 4859 1635 4980 ΔΕΥἸἘἜ
1716 4861 1902 4913 ΣΥΓ-
1932 4853 1958 4911 Ῑ

398 4923 788 4980 ΓΡΑΜΜΑΤΙ
816 4930 952 4980 ΤΗΣ
976 4928 1148 4980 ΠΕΡΙ
1178 4930 1320 4980 ΤΟΥ
1336 4929 1571 4980 ΣΩΤΗΡ
1623 4932 1668 4980 Σ
1692 4929 1903 4980 ΗΜΩΝ

1946 4853 1979 4911 Β
2204 4852 2379 4910 ΗΑῑε
2433 4855 2724 4912 INSUNT
2780 4857 2870 4914 IN
2928 4858 3276 4920 SECUNDO
3350 4861 3567 4924 LIBRO

2168 4923 2616 4980 γΑΝυΕιιοΑξ
2663 4928 2765 4980 DE
2806 4930 3238 4980 SALVATORE
3284 4933 3567 4980 anrm

398 4923 788 4980 ΓΡΑΜΜΑΤΙ
816 4930 952 4981 ΤΗΣ
976 4928 1148 4983 ΠΕΡΙ
1178 4923 1668 4985 ΤΟΥΣΩΤΗΡΟΣ
1692 4929 1903 4985 ΗΜΩΝ

2046 4923 2616 4994 ’ἙνᾼΑΝοΕιιοΑξ
2663 4928 2765 4982 DE
2806 4930 2939 4985 SAL
2954 4931 3238 4988 VATORE
3279 4923 3568 4994 NOSTRO

398 4994 449 5046 E
460 4994 504 5045 Υ
499 4996 653 5048 ΑΓΓ
653 4998 932 5051 ΕΛῙΚΗΣ
952 4997 1431 5053 ΑΠΟΔΕΙΞΕΩΣ.

1241 4997 1431 5051 mox.
2109 4991 2567 5051 DEHONSTRA
2579 4996 2862 5056 noms.

327 5104 677 5159 ΠΡΟΟΙΜ.-
689 5106 815 5159 Ὅτι
825 5107 911 5174 μὴ
931 5110 1011 5174 ὠς
1029 5107 1134 5161 ἔτυ
1177 5125 1245 5161 εν
1259 5108 1413 5177 μηδὲ
1421 5108 1618 5177 μάτην
1637 5109 1741 5174 τὰς
1760 5111 1897 5179 παρ’

409 5177 694 5231 Ἑϐοαίοιι·
717 5180 1081 5231 amentatae
1098 5126 1351 5231 βέὄλουρ
1377 5179 1474 5231 διὰ
1488 5178 1688 5231 πάσης
1708 5193 1895 5231 arma.

1999 5112 2291 5171 ΡΒΟΈΜ.
2317 5144 2387 5155 -
2411 5115 2565 5181 Quod
2600 5131 2704 5169 non
2737 5132 2886 5178 eam.
2929 5135 3090 5191 neque
3118 5130 3308 5175 temere
3353 5125 3560 5193 prophe-

2072 5187 2199 5231 tiam
2234 5183 2572 5231 Hebrmorum
2603 5185 2787 5231 libros-
2814 5191 2955 5231 nmm‘
2984 5191 3156 5231 ιιηάίη
3183 5195 3438 5231 ιεηηιηιρφὸ
3486 5213 3560 5231 ιι...

409 5177 694 5245 Ἑϐραίοις
717 5180 1081 5245 προφητικὰς
1097 5177 1351 5246 βίϐλους
1377 5179 1474 5233 διὰ
1488 5178 1688 5247 πάσης
1708 5177 1895 5235 avrai»

395 5246 509 5315 δῆς
538 5244 913 5315 περιέπομεν.

2072 5187 2199 5239 ticos
2229 5177 2572 5239 Hebraeorum
2603 5185 2789 5253 libros,
2814 5177 2957 5243 omni
2983 5177 3156 5245 studio
3183 5177 3460 5260 complexi.
3481 5177 3574 5250 stt-

2075 5273 2212 5310 mus.

323 5339 628 5417 KE-d>_.AA'.A
657 5339 855 5417 ξοπῳς
875 5338 948 5417 τςι
982 5339 1351 5417 χρηστόςερα
1394 5340 1524 5417 περὶ
1566 5340 1751 5417 mox
1777 5343 1895 5417 τῷν

2000 5345 2152 5402 CAP.
2195 5345 2239 5403 Ι.
2283 5347 2738 5414 Quemadmodum
2782 5352 3003 5407 meliora
3040 5351 3105 5407 de
3144 5352 3292 5409 nobis
3341 5362 3569 5412 externis

393 5410 759 5490 messor
789 5410 981 5490 ὲςθνῶν
1006 5410 1405 5476 προλαϐόντες
1439 5414 1492 5464 οἱ
1520 5410 1656 5481 παρ’
1687 5414 1894 5483 αὐτοῖς

2071 5410 2321 5488 θεηιὶὺιιῖ
2341 5418 2611 5490 Propheta:
2640 5422 2854 5478 illorum
2905 5429 3024 5476 ante
3053 5424 3312 5479 venientes
3355 5410 3570 5483 nuntio;

394 5479 691 5549 προφῆται
713 5479 1063 5547 ἐκήρυττον.
1601 5479 1611 5481 ’
1866 5479 1882 5483 ⁷
2012 5519 2015 5526 ι

656 5497 691 5532 ιι
713 5479 1063 5547 ἐκήρυττον.
1601 5479 1611 5481 ’
1866 5479 1882 5483 ⁷
2012 5517 2027 5528 ο
2070 5479 2277 5545 ierunt.

319 5577 393 5625 α’.
442 5570 575 5624 Ἀπὸ
601 5570 711 5639 τῆς
740 5570 1067 5637 Γενέσεως.

744 5570 1067 5637 Γενέσεως.
1998 5580 2024 5633 1
2038 5619 2054 5635 .
2086 5578 2130 5632 Α
2163 5578 2365 5634 Genesi.

316 5642 399 5704 β’.
448 5641 579 5695 Ἀπὸ
609 5642 719 5709 τῆς
744 5641 954 5708 αὐτῆς.
1809 5690 1815 5695 .

786 5641 954 5708 ὐτῆς.
1809 5690 1815 5695 .
1995 5649 2049 5702 2.
2091 5649 2171 5701 Ab
2201 5653 2404 5707 eadem.

320 5716 392 5833 ἕ.
440 5711 572 5801 :Azd
611 5712 718 5794 τῆς
755 5711 965 5781 αὐτῆς.
1995 5719 2046 5772 5.
2095 5718 2169 5772 Ab
2198 5719 2401 5775 eadem.

371 5817 387 5834 .
450 5781 573 5835 Απὸ
600 5796 707 5835 του
732 5781 1204 5841 Δευτερονομίου.
1996 5789 2046 5841 4.
2089 5791 2131 5839 Α
2167 5788 2401 5841 Deuteroz

371 5817 387 5834 .
444 5798 573 5835 Ἀπο
600 5798 707 5835 του
732 5798 1204 5849 Δευτερονομιου.

964 5798 1204 5849 >νομιουο
1996 5798 2046 5841 4.
2089 5798 2131 5839 Α
2167 5798 2585 5846 Deuteronomto.

319 5856 382 5905 ε’.
431 5852 561 5907 Ἀπὸ
590 5851 695 5906 τοῦ
726 5854 815 5906 κω
845 5851 1110 5922 ψαλμοῦ.

878 5851 1110 5922 μαλμοῦ.
1991 5856 2044 5912 5.
2084 5857 2128 5912 Α
2165 5874 2252 5913 nl
2274 5860 2499 5928 psalmo.
