4106 6448
297 380 374 435 97
1216 364 1452 424 DEMON
1460 358 1868 420 STRATIONIS
1902 353 2363 417 EVANGELICAB
2401 353 2528 415 LIB.
2553 355 2616 411 Il.
3476 356 3555 414 93

312 495 548 565 μετεῖναι
580 490 789 561 ἔφασαν
816 486 924 545 τῶν
955 485 1083 559 παρ’
1113 486 1298 551 αὐτοῖς
1331 484 1692 557 ἀναγράπτων
1714 484 1871 550 ἐπαγ-

1984 475 2187 533 l‘ellam.
2223 474 2491 543 Quoniam
2539 474 2706 546 igitur
2739 471 2920 529 dicere
2947 472 3144 538 solent,
3181 486 3368 529 earum
3414 488 3547 542 pro-

304 585 538 656 γελιῶν·
589 583 768 637 αὐτῶν
797 581 905 654 γὰρ
947 581 1042 635 καὶ
1081 580 1208 642 τοὺς
1250 580 1529 651 προφήτας
1573 574 1875 647 γεγονέναι,

304 676 489 740 αὐτοῖς
520 674 615 730 καὶ
658 672 910 746 Χριστὸν,
941 670 998 724 ὃν
1030 669 1093 741 δὴ
1136 668 1286 738 φίλον
1328 667 1620 746 ἀποκαλεῖν
1649 665 1878 735 Σωτῆρα

304 769 400 823 καὶ
427 765 702 839 λυτρωτὴν
734 761 1126 836 κηρύττεσθαι·
1162 762 1343 824 αὐτοῖς
1371 761 1462 813 καὶ
1506 758 1605 822 τὰς
1636 756 1877 828 ἀναγρά-

305 873 472 920 πτους
511 854 827 925 ὑποσχέσεις
867 851 1170 923 προσδοκᾷν
1218 847 1683 920 ἀποδοθήσεσθαιο
1728 846 1878 916 ἡμᾶς

303 946 361 1002 δὲ
388 946 670 1018 περιττοὺς
695 943 898 997 τούτων
931 941 1223 1014 ὑπάρχειν,
1256 935 1343 994 οἷα
1372 939 1431 993 τὺ
1461 938 1618 1008 γένος
1648 932 1879 1004 ἀλλοφύ-

304 1037 427 1101 λους
450 1037 627 1101 ὄντας,
664 1030 746 1099 οἷς
776 1034 843 1088 τά
873 1034 1118 1105 χείριστα
1160 1032 1246 1086 διὰ
1289 1029 1480 1084 πασῶν
1506 1027 1614 1081 τῶν
1664 1043 1876 1098 προφη-

303 1128 463 1186 τειῶν
489 1126 855 1198 θεσπίζεσθαι.
884 1125 1028 1197 Πρὸς
1070 1124 1134 1195 δὴ
1167 1119 1258 1175 οὖν
1288 1121 1478 1187 ταῦτα,
1507 1121 1660 1192 φέρε,
1696 1116 1753 1184 ἐξ
1784 1116 1879 1171 αύ-

298 1221 410 1278 τῶν
450 1219 559 1274 τῶν
589 1221 718 1290 παρ’
748 1220 927 1281 αὑτοῖς
959 1213 1310 1287 προφητικῶν
1359 1212 1555 1283 βίϐλων
1601 1212 1699 1282 τὴν
1744 1208 1880 1279 πρὸς

298 1314 502 1377 αὐτοὺς
528 1312 826 1381 ἀπάντησιν
877 1307 1249 1379 ποιησώμεθα.
1286 1306 1359 1359 Τὸ
1420 1306 1518 1377 μὲν
1562 1299 1655 1357 οὖν
1698 1303 1879 1365 αὐτοῖς

307 1401 642 1473 ἐπηγγέλθαι
668 1399 758 1453 τὸν
782 1397 1017 1469 Χριστὸν
1044 1395 1138 1449 τοῦ
1158 1394 1315 1460 Θεοῦ,
1347 1394 1441 1447 κοιλ⁹
1466 1393 1564 1463 τὴν
1592 1390 1770 1459 ἄφιξιν
1792 1389 1880 1442 αὐ-

296 1493 400 1549 τοῦ
439 1492 706 1565 λύτρωσιν
739 1490 817 1563 τῷ
857 1488 1075 1560 Ἰσραὴλ
1123 1485 1430 1559 κηρύττειν,
1468 1483 1575 1538 οὐδ’
1604 1482 1669 1537 ἂν
1719 1483 1879 1553 ἡμεῖς

304 1582 561 1656 ἀρνηθείη
570 1599 686 1653 μεν,
708 1578 1147 1651 ὁμολογουμένως
1164 1574 1251 1629 διὰ
1267 1576 1442 1645 πάσης
1467 1572 1644 1628 αὑτῶν
1658 1572 1879 1644 Γραφῆς

305 1674 583 1748 προδήλως
608 1672 794 1726 τούτου
813 1669 1212 1743 παρισταμένου
1228 1684 1241 1698 ο
1258 1666 1350 1720 τοῦ
1369 1683 1431 1735 γε
1451 1665 1553 1737 μὴν
1570 1663 1877 1718 ἀποκλείειν

302 1766 372 1822 τὰ
387 1765 513 1838 ἔθνη
549 1764 656 1818 τῶν
678 1763 769 1816 ἐπὶ
793 1762 872 1833 τῷ
902 1759 1121 1833 Χριστῷ
1153 1756 1608 1830 προσδοκωμένων
1638 1753 1874 1823 ἀγαθῶν,

1980 570 2328 633 missionum,
2364 583 2486 639 quae
2517 568 2571 622 in
2602 567 2718 622 suis
2748 567 2993 636 ipsorum
3022 565 3178 621 libris
3225 572 3411 636 aperte
3444 566 3546 620 de-

1980 662 2194 732 scriptae
2227 661 2513 726 habentur,
2543 660 2697 712 nullo
2720 657 2881 712 modo
2909 673 3009 712 nos
3048 672 3169 713 esse
3194 657 3497 729 participes
3527 676 3542 713 :

1980 766 2111 808 suos
2166 752 2309 807 enim
2359 750 2528 806 fuisse
2575 751 2891 820 prophetas,
2944 750 3048 805 sibi
3100 749 3234 819 ipsis
3263 747 3543 805 Christum

1978 844 2243 907 nuntiari,
2280 858 2438 912 quem
2475 842 2706 896 libenter
2737 850 2790 896 et
2821 841 3159 895 Salvatorem
3205 848 3259 894 et
3308 837 3545 894 Redem-

1979 944 2189 1008 ptorem
2217 942 2412 988 vocant
2441 953 2454 988 :
2488 933 2591 988 sibi
2620 932 2757 1002 ipsis
2788 933 3183 1002 promissiones
3228 931 3371 993 i-llas,
3403 946 3544 1002 quas

1980 1032 2165 1098 aperte
2224 1022 2528 1092 descriptas
2581 1022 2798 1089 habent,
2847 1020 3178 1077 exhibendas
3226 1030 3388 1090 atque
3422 1020 3547 1075 red-

1982 1114 2189 1171 dendas
2206 1113 2505 1183 exspectari
2527 1131 2539 1167 :
2561 1128 2665 1167 nos
2681 1123 2857 1168 autem
2878 1113 3027 1182 justo
3050 1113 3291 1182 ipsarum
3316 1126 3547 1166 numero

1981 1220 2416 1277 supervacaneos
2446 1205 2725 1271 accedere,
2765 1213 2950 1276 utpote
2993 1205 3084 1273 qui
3127 1219 3324 1274 genere
3372 1203 3547 1258 simus

1979 1299 2219 1360 diverso,
2270 1306 2324 1352 et
2359 1297 2559 1366 quibus
2613 1298 2771 1367 quasi
2830 1306 3090 1360 externis,
3147 1296 3437 1350 deterrima
3489 1300 3551 1357 in

1979 1389 2235 1445 omnibus
2265 1388 2567 1459 prophetiis
2598 1403 2864 1459 responsa
2906 1389 3016 1442 sint
3073 1406 3088 1442 :
3130 1387 3241 1457 jam
3277 1403 3424 1443 nunc
3459 1390 3546 1445 his

1979 1481 2194 1537 obviam
2229 1496 2296 1536 ex
2320 1480 2562 1551 ipsorum
2595 1479 2929 1552 propheticis
2957 1480 3114 1536 libris
3149 1496 3358 1537 eamus.
3388 1481 3548 1547 Quod

1980 1572 2145 1643 igitur
2179 1572 2323 1642 apud
2358 1572 2477 1627 illos
2520 1573 2852 1641 promissum
2886 1579 3086 1638 exstet,
3111 1570 3388 1626 Christum
3423 1571 3542 1637 Dei,

1977 1663 2208 1733 ejusque
2259 1662 2548 1718 adventum
2598 1663 3026 1735 redemptionem
3070 1662 3238 1720 Israel
3268 1664 3543 1726 nuntiare,

1978 1756 2271 1812 inﬁciaturi
2302 1772 2370 1812 ne
2404 1772 2506 1814 nos
2530 1758 2748 1828 quidem
2785 1774 2976 1814 sumus
3004 1778 3018 1815 :
3050 1759 3250 1829 quippe
3277 1773 3399 1813 cum
3419 1757 3546 1813 abs-

300 1857 449 1913 ὡσάν
477 1824 619 1929 μόνῳ
648 1856 724 1927 τῷ
755 1824 990 1926 Ἰσραὴλ,
1012 1824 1131 1922 οὐχὶ
1146 1824 1209 1903 δὲ.
1232 1849 1326 1903 καὶ
1351 1824 1459 1912 τοῖς
1475 1847 1679 1900 ἔθνεσιν
1702 1847 1871 1917 ἐπηγ-

1976 1862 2088 1919 que
2119 1849 2495 1903 controversia
2556 1848 2612 1902 in
2655 1850 2910 1907 omnibus
2939 1850 3156 1905 illorum
3187 1850 3408 1921 scriptis
3441 1849 3547 1905 hoc

302 1947 598 2018 γελμένων,
621 1945 801 1999 οὐκέτι
825 1944 1026 1998 δίκαιον
1054 1942 1235 2002 αὐτοῖς
1271 1939 1588 2009 συγχωρεῖν,
1608 1934 1757 2007 παρά
1777 1934 1872 2006 τὴν

302 2038 411 2092 τῶν
436 2038 595 2091 θείων
624 2036 854 2108 Γραφῶν
881 2034 1037 2088 τοῦτο
1064 2034 1327 2102 φάσκουσι
1361 2029 1682 2101 μαρτυρίαν.

1978 1938 2157 2008 palam
2214 1938 2446 1992 inveniri
2485 1946 2700 1995 constet
2743 1957 2756 1994 :
2810 1947 2871 1994 ut
2911 1948 3091 1995 autem
3135 1947 3323 2010 gentes
3352 1940 3423 1994 ab
3452 1939 3567 2005 iis,,

1981 2044 2103 2100 quae
2150 2028 2207 2084 in
2258 2028 2479 2086 Christo
2525 2039 2914 2101 exspectantur
2971 2032 3152 2096 bonis,
3200 2032 3542 2087 excludant:

301 2131 463 2202 quasi
490 2129 557 2184 ab
596 2129 663 2184 iis
694 2143 817 2198 quae
854 2126 946 2181 uni
974 2124 1161 2189 Israel,
1192 2139 1299 2177 non
1327 2129 1504 2175 autem
1536 2121 1699 2175 etiam
1733 2118 1986 2191 gentibus
2047 2121 2319 2191 promissa
2364 2121 2496 2187 sint,
2561 2136 2673 2176 non
2734 2122 2860 2176 item
2913 2137 3067 2192 aeque
3116 2122 3373 2196 justeque
3434 2123 3546 2182 illis

302 2230 390 2279 est
414 2220 820 2278 concedendum
871 2238 887 2275 :

822 2306 1218 2363 ΚΕΦΑΛΑΙΟΝ
1256 2306 1333 2359 Λ’.

337 2406 503 2471 Ὸπως
531 2406 601 2458 τὰ
632 2406 997 2472 χρηστότερα
1039 2406 1169 2463 περὶ
1191 2406 1356 2463 ἡμων
1380 2406 1878 2473 standumst)ng

386 2474 575 2527 ἐθνῶν
618 2471 1018 2539 προλαϐόντες
1065 2468 1118 2519 οἱ
1163 2465 1296 2532 παρ’
1339 2465 1543 2530 αὐτοις
1586 2476 1878 2531 «pessuma

384 2543 725 2610 ἐκήρυττον.

372 2634 593 2706 Πρῶτον
615 2628 728 2695 οῦν,
755 2630 1049 2702 ἐπειδήπερ
1076 2626 1229 2680 αὐτοὶ
1248 2625 1346 2688 τὰς
1375 2624 1516 2695 ὑπὲρ
1532 2623 1711 2677 αὑτῶν
1739 2640 1876 2694 χρη-

306 2723 564 2795 στοτέρας
590 2721 769 2792 φωνὰς
795 2719 1147 2787 ἀναλέγεσθαι
1172 2715 1412 2780 εἰώθασι,
1437 2716 1531 2768 καὶ
1555 2714 1758 2777 ταύτας
1782 2713 1869 2768 διὰ

305 2813 573 2887 πόματος
619 2809 1121 2881 ἀπομνημονεύειν,
1178 2804 1635 2876 ἀντιπαραθῶμεν
1687 2806 1869 2869 αὐτοῖς

301 2905 401 2969 τὰς
425 2903 552 2977 περὶ
580 2902 686 2956 τῶν
723 2899 893 2953 ἐθνῶν
920 2898 981 2964 ἐξ
1008 2897 1185 2951 αὑτῶν
1214 2896 1323 2950 τῶν
1357 2890 1700 2970 προφητειῶν
1733 2895 1871 2948 ἀπο-

300 2995 515 3059 δείξεις,
544 2989 911 3064 παριστώσας,
932 2989 1006 3053 ὡς
1035 2989 1141 3060 ἄρα
1172 2986 1361 3059 μυρίαι
1390 2988 1512 3041 ὅσαι
1537 2986 1868 3056 προρρήσεις

303 3082 482 3153 ἀγαθά
505 3074 614 3132 ’καὶ
633 3081 874 3152 σωτήρια
905 3080 1037 3132 πᾶσι
1066 3081 1180 3142 τοῖς
1213 3077 1418 3131 ἔθνεσιν
1448 3074 1752 3141 ἐθέσπιζον,
1776 3075 1870 3128 καὶ

302 3174 379 3238 ὡς
404 3173 510 3227 οὐδ’
541 3174 714 3235 ἄλλως
763 3171 996 3239 ἔφασκον
1039 3167 1559 3239 ἀποτελεσθήσεσθαι
1588 3167 1656 3221 τὰ
1699 3167 1873 3237 ἐπηγ-

302 3262 538 3333 γελμένα
564 3263 674 3325 τοῖς
718 3260 924 3314 ἔθνεσιν
956 3259 989 3331 ἢ
1027 3258 1114 3312 διὰ
1158 3258 1321 3328 μόνης
1368 3257 1467 3327 τῆς
1509 3255 1604 3309 τοῦ
1637 3254 1870 3328 Χριστοῦ

304 3354 624 3426 παρουσίας.
658 3354 959 3424 Στήσαντες
987 3350 1045 3405 δὲ
1082 3349 1311 3403 ἐνταῦθα
1342 3350 1433 3402 τὸν
1475 3349 1650 3418 λόγον,
1677 3348 1871 3401 ἀποδε-

304 3443 540 3515 δειχότες
563 3442 627 3496 ἂν
648 3441 859 3513 εἴημεν,
887 3442 962 3505 ὼς
979 3441 1041 3494 ού
1073 3441 1271 3513 μᾶλλον
1294 3442 1516 3503 ἐκείνοις
1541 3440 1704 3510 φάναι
1734 3440 1872 3510 χρῆν

304 3537 338 3609 ῆ
360 3539 495 3607 ἡμῖν
520 3535 619 3608 τὴν
648 3536 740 3588 ἐπὶ
766 3534 857 3588 τὸν
877 3533 1108 3603 Χριστὸν
1133 3532 1227 3586 τοῦ
1256 3530 1392 3586 Θεοῦ
1417 3531 1742 3604 προσδοκίαν
1773 3533 1873 3603 ἀρ-

312 3627 541 3697 μόττειν.
602 3623 907 3696 Ίσορρόπου
956 3622 1014 3676 δὲ
1057 3622 1329 3685 Ἰουδαίοις
1367 3622 1464 3674 καὶ
1511 3619 1734 3692 Ἕλλησι
1772 3621 1871 3691 τῆς

306 3715 412 3770 τῶν
443 3716 860 3788 ἐπηγγελμένων
903 3713 1113 3777 ἐλπίδος
1156 3712 1580 3784 ἀποδειχθείσης,
1624 3711 1699 3775 ὡς
1731 3711 1874 3765 κατά

298 3808 461 3864 τοῦτο
494 3810 658 3881 μηδὲν
701 3809 810 3862 τῶν
847 3809 911 3862 ὲκ
944 3807 1241 3878 περιτομῆς
1282 3805 1559 3859 λείπεσθαι
1599 3807 1722 3868 τοὺς
1762 3804 1871 3858 ἀπὸ

303 3901 411 3957 τῶν
434 3900 603 3955 ἐθνῶν
624 3899 712 3953 διά
734 3896 968 3970 Χριστοῦ
1004 3896 1434 3968 σωθησομένους,
1456 3896 1521 3948 ὲκ
1555 3894 1869 3964 περιουσίας

303 3993 433 4064 ἑξῆς
465 3991 773 4063 ἐλέγξσμεν,
810 3991 886 4053 ὡς
921 3990 1014 4042 ἐπὶ
1040 3986 1135 4041 τοῦ
1178 3987 1414 4060 Χριστοῦ
1450 3987 1740 4059 παρουσίᾳ,
1774 3985 1869 4038 κα)⁸

302 4087 369 4156 τῇ
397 4083 505 4138 τῶν
532 4082 700 4136 ἐθνῶν
741 4081 950 4152 κλήσει,
977 4081 1290 4134 ἀπόπτωσιν
1327 4079 1562 4150 παντελῆ
1594 4080 1688 4132 καὶ⁸
1733 4079 1869 4131 ἀπο-

305 4176 464 4249 ϐολὴν
491 4175 584 4230 τοῦ
619 4177 816 4238 παντὸς
856 4173 1121 4228 Ἰουδαίων
1157 4174 1341 4237 ἔθνους
1369 4172 1439 4226 τά
1465 4173 1583 4226 θεῖα
1628 4188 1869 4243 προανα-

303 4271 473 4339 φωνεῖ
509 4269 682 4337 λόγια,
716 4267 939 4339 βραχέσι
967 4267 1144 4339 μόνοις
1186 4264 1363 4319 αὐτῶν
1399 4265 1494 4318 καὶ
1535 4262 1751 4335 ἀριθμῷ
1777 4262 1871 4334 λη-

302 4362 456 4424 πτοϊς
486 4360 554 4413 τὰ
596 4361 932 4432 χρηστότερα
972 4358 1313 4423 θεσπίζοντα,
1356 4357 1451 4410 καὶ
1490 4356 1567 4419 ὼς
1604 4355 1868 4410 ἁλώσεται

940 2226 1123 2287 utpote
1151 2231 1274 2271 cum
1305 2214 1409 2269 hoc
1441 2214 1517 2266 illi
1548 2220 1745 2283 praeter
1777 2212 2086 2268 divinorum
2112 2212 2376 2268 librorum
2401 2214 2779 2268 auctoritatem
2809 2212 3038 2281 iactent.

2536 2303 2647 2377 44
2678 2302 2906 2358 CAPUT
2941 2300 2983 2359 1.

531 2403 601 2458 τὰ
632 2403 997 2472 χρηστότερα
1039 2396 1169 2472 περὶ
1191 2393 1356 2472 ἡμῶν
1380 2391 1871 2472 τῶνηάλλοφύζῑων

1980 2391 2443 2472 Quemadmodum
2480 2393 2701 2447 meliora
2749 2391 2812 2445 de
2855 2392 3003 2472 nobis
3036 2393 3266 2472 externis
3304 2391 3545 2462 gentibus

2078 2461 2355 2532 Propheta:
2380 2463 2596 2517 illorum
2620 2472 2742 2517 ante
2766 2462 3022 2516 veitientes
3052 2461 3444 2516 nuntiaverunt.

2045 2618 2293 2673 Primum
2342 2619 2528 2690 igitur,
2579 2619 2840 2690 quoniam
2884 2635 2986 2690 pro
3035 2619 3234 2691 seipsis
3288 2620 3545 2676 meliores

1973 2710 2441 2780 optabilioresque
2468 2725 2628 2766 voces
2647 2712 2908 2780 colligere
2935 2712 3134 2776 solent,
3170 2718 3225 2766 et
3252 2726 3347 2767 eas
3400 2712 3545 2767 assi-

1974 2803 2082 2860 due
2109 2805 2415 2874 crebroque
2466 2803 2699 2873 jactare,
2731 2804 2884 2860 hisce
2906 2820 3252 2875 opponamus
3278 2821 3396 2873 eas,
3424 2823 3546 2879 qua:

1974 2895 2033 2950 in
2064 2896 2282 2950 illorum
2314 2896 2616 2966 pmphetiis
2647 2903 2864 2952 exstant
2910 2896 2978 2952 de
3016 2897 3268 2966 gentibus
3314 2898 3544 2956 demon-

1971 2991 2288 3052 strationes,
2348 3003 2469 3059 quae
2524 2989 2702 3059 palam
2752 2997 3087 3060 proponunt,
3122 2988 3542 3047 innumerabilia

1971 3097 2093 3138 esse
2110 3081 2390 3144 vaticinia,
2414 3080 2614 3150 quibus
2639 3082 2781 3136 bona
2799 3093 2856 3137 et
2888 3082 3148 3136 salutaria
3177 3083 3392 3137 cunctis
3412 3100 3539 3153 gen—

1973 3173 2121 3229 tibus
2150 3172 2334 3227 I‘utura
2379 3173 2754 3227 nuntientur:
2802 3188 2903 3227 nec
2948 3173 3107 3228 aliter
3152 3173 3406 3228 dicantur
3455 3188 3542 3242 ea,

1971 3280 2093 3336 qua:
2122 3264 2373 3333 gentibus
2414 3264 2686 3333 promissa
2730 3272 2879 3329 sunt,
2929 3263 3137 3318 exitum
3180 3279 3324 3329 esse,
3375 3260 3543 3334 qnam

1971 3373 2069 3428 per
2096 3372 2266 3411 unum
2309 3355 2512 3411 Christi
2543 3356 2836 3411 adventum
2870 3355 3145 3411 habitura.
3193 3356 3365 3424 Quem
3419 3358 3544 3428 qui-

1971 3449 2093 3504 dem
2149 3449 2329 3504 locum
2383 3448 2474 3503 ubi
2531 3447 2763 3504 dicendo
2802 3448 3224 3512 absolverimus,
3261 3459 3374 3503 tum
3405 3450 3540 3504 illud

1972 3539 2131 3593 nobis
2161 3536 2649 3593 demonstrandum
2688 3538 2814 3601 erit,
2847 3553 2955 3591 non
2985 3538 3096 3592 illis
3129 3539 3325 3609 magis,
3353 3540 3563 3594 dicen-'

1972 3629 2099 3684 dum
2128 3644 2272 3693 esse,
2296 3628 2763 3700 exspectationem
2813 3629 3021 3685 Christi
3075 3628 3168 3684 Dei
3222 3630 3538 3693 convenire,

1970 3734 2133 3790 quam
2184 3720 2369 3775 nobis.
2418 3718 2520 3776 Ubi
2563 3736 2693 3775 vero
2744 3736 2868 3789 spes
2921 3721 3340 3790 promissorum,
3393 3727 3541 3791 paris

1970 3798 2230 3866 momenti
2258 3817 2313 3866 et
2341 3810 2544 3865 Iudaeis
2574 3819 2630 3866 et
2660 3809 2865 3865 Graecis
2895 3820 3118 3865 ostensa
3157 3812 3343 3876 fuerit,
3373 3815 3543 3884 quod-

1969 3918 2076 3973 que
2105 3903 2160 3957 in
2203 3903 2328 3967 hoc,
2363 3902 2430 3956 iis
2475 3907 2572 3972 qui
2620 3917 2688 3957 ex
2738 3900 3177 3957 Circumcisione
3220 3904 3538 3959 assumendi

1968 3994 2101 4058 sint,
2134 3994 2271 4048 nihil
2301 3994 2338 4048 ii
2370 3994 2463 4064 qui
2499 4009 2564 4050 ex
2605 3993 2859 4065 gentibus
2904 3994 3135 4048 salutem
3191 4003 3536 4064 exspectant,

1969 4085 2081 4139 sint
2117 4086 2435 4140 concessuri
2471 4105 2484 4139 :
2520 4093 2632 4139 tum
2668 4085 2734 4140 ’in
2784 4086 2871 4149 iis,
2919 4100 3040 4156 quae
3068 4094 3366 4156 sequentur
3406 4087 3540 4142 ube-

1967 4176 2107 4243 rius,
2139 4183 2195 4233 et
2221 4178 2379 4245 quasi
2408 4178 2564 4247 copia
2601 4178 2834 4248 quadam
2865 4178 3106 4249 provecti
3134 4179 3538 4235 demonstrabi-

1967 4284 2110 4334 mus,
2133 4269 2589 4341 quemadmodum
2620 4271 2677 4324 iu
2714 4271 2948 4326 adventu
2998 4270 3226 4336 Christi,
3272 4272 3540 4341 gentium-

1969 4375 2075 4430 que
2123 4360 2429 4425 vocatione,
2481 4375 2737 4416 casuram
2806 4361 3024 4431 penitus
3063 4368 3344 4431 totamque
3398 4361 3538 4431 abji-

303 4451 484 4505 αὐτῶν
505 4454 539 4524 ὴ
566 4452 719 4514 πόλις
744 4450 893 4521 αύτῷ
915 4450 1073 4524 ίερῷ·
1104 4451 1280 4504 πάντα
1304 4466 1363 4501 τε
1392 4449 1461 4501 τὰ
1491 4448 1663 4519 σεμνά
1685 4444 1869 4501 καθαι-

1972 4452 2215 4508 ciendam
2236 4467 2358 4509 esse
2371 4450 2684 4507 Iudaeorum
2709 4453 3006 4515 nationem,
3028 4450 3213 4506 divina
3233 4452 3539 4521 praedicunt

304 4543 629 4616 ρεθήσεσθαι
666 4543 943 4615 δηλοῦντα,
982 4542 1019 4596 ἃ
1052 4542 1143 4596 καὶ
1185 4541 1365 4612 ἔργοις
1407 4540 1612 4612 πέφηνε
1639 4537 1870 4610 δεδηλω-

306 4636 464 4707 μένα.
490 4637 614 4700 Πῶς
649 4636 693 4689 δ⁹
724 4637 812 4706 ὑφ’
844 4635 901 4688 ἓν
933 4635 1026 4688 καὶ
1069 4633 1212 4688 κατά
1241 4632 1302 4686 τὸ
1346 4633 1476 4686 αὑτὸ
1509 4632 1600 4685 ἐπὶ
1631 4632 1730 4702 τῆς
1775 4629 1867 4684 τοῦ

301 4727 539 4800 Χριστοῦ
568 4727 864 4800 παρουσίας
891 4726 1157 4798 λύτρωσιν
1191 4723 1373 4778 κακῶν
1397 4722 1475 4794 τῷ
1512 4723 1746 4795 Ἰσραὴλ,
1776 4722 1868 4776 καὶ

302 4822 523 4892 ἀγαθῶν
551 4821 864 4884 ἀπόλαυσιν,
891 4820 1124 4893 ἔμπαλίν
1148 4836 1205 4873 τε
1234 4818 1485 4890 στέρησιν
1512 4817 1749 4886 ἀγαθῶν,
1774 4818 1868 4871 καὶ

301 4912 618 4967 ἀπόπτωσιν
661 4912 760 4982 τῆς
806 4913 900 4966 τοῦ
932 4911 1067 4966 Θεοῦ
1117 4908 1395 4989 εὐσεϐείας
1430 4909 1773 4974 θεσπίζουσιν
1817 4911 1866 4963 ol

302 5005 442 5076 ἱεροὶ
465 5004 634 5072 λόγοι,
658 5005 798 5057 κατὰ
827 5004 918 5058 τὸν
961 5005 1302 5080 προσήκοντα
1334 5001 1525 5074 καιρὸν
1564 5001 1868 5074 διευκρινή-

305 5112 490 5167 σομεν.
528 5092 677 5157 Τέως
713 5093 768 5147 δὲ
790 5095 1031 5165 ἐπίωμεν
1075 5095 1169 5148 ἐπὶ
1193 5094 1255 5147 τὸ
1300 5094 1533 5167 πρῶτον,
1559 5093 1711 5162 ὀλίγα
1743 5093 1865 5147 τινά

304 5189 386 5250 είς
420 5184 690 5249 ἀπόδειξιν
723 5185 830 5238 τῶν
865 5187 1165 5257 εἰρημένων
1193 5185 1300 5240 ἀπὸ
1336 5186 1543 5257 μυρίων
1565 5185 1704 5237 ὅσων
1733 5201 1868 5255 προ-

303 5279 540 5352 φητειῶν
571 5276 976 5349 ἀναλεξάμενοι.
1013 5279 1165 5332 Ἐπεὶ
1197 5278 1373 5333 τοίνυν
1402 5278 1552 5330 αὐτοὶ
1580 5276 1708 5347 περὶ
1742 5278 1869 5330 ἔαυ-

301 5371 412 5427 τῶν
470 5370 838 5443 χρηστοτέρας
898 5371 1233 5441 προφητείας
1288 5368 1683 5442 προϐάλλεσθαι
1734 5370 1867 5441 ἡμῖν

301 5460 556 5515 εἰώθασιν
575 5499 590 5523 ,
638 5459 785 5513 ὡσάν
838 5459 1020 5523 αὐτοῖς
1083 5460 1262 5529 μόνοις
1315 5460 1704 5532 ὑπεσχημένων
1755 5459 1865 5514 τῶν

303 5550 797 5625 προϋπηργμένων,
823 5550 942 5622 ῶρα
964 5551 1058 5605 καὶ
1089 5552 1236 5622 ἡμᾶς
1265 5552 1745 5623 ἀντιπαραγαγεῐν,
1771 5551 1865 5604 καὶ

301 5647 596 5702 ἀντιθεῖναι
624 5646 805 5708 αὐτοῖς
842 5644 940 5708 τὰς
972 5644 1100 5716 περὶ
1142 5643 1251 5698 τῶν
1302 5644 1471 5698 ἐθνῶν
1513 5644 1861 5713 ἐπαγγελίας,

302 5731 407 5794 ὧδέ
433 5754 549 5801 πως
579 5737 728 5808 παρὰ
762 5738 873 5799 τοῖς
898 5735 1077 5791 αὐτῶν
1107 5736 1411 5807 προφήταις
1433 5736 1754 5806 φερομένας.

1970 4548 2191 4603 oracula
2223 4566 2237 4602 :
2268 4555 2323 4603 et
2369 4547 2512 4617 quod
2545 4547 2735 4618 paucis
2763 4549 3029 4603 duntaxat
3062 4548 3330 4617 ipsorum,
3381 4557 3435 4604 et
3465 4548 3539 4604 fa-

1969 4638 2074 4693 cile
2122 4637 2577 4701 numerabilibus,
2637 4639 2864 4694 meliora
2912 4639 3004 4691 illa
3036 4641 3389 4707 promittunt,
3422 4641 3541 4695 illo-

1969 4742 2200 4798 rumque
2248 4730 2439 4785 urbem
2498 4728 2831 4800 signiﬁcant,
2865 4743 2974 4783 una
3007 4745 3132 4783 cum
3177 4732 3382 4801 templo
3413 4746 3537 4786 esse

1968 4818 2311 4889 capiendam,
2371 4828 2680 4891 cunctaque
2724 4820 2816 4874 illa
2869 4822 3195 4876 severiorem
3247 4822 3532 4891 quemdam

1966 4910 2300 4980 postulantia
2326 4911 2557 4977 cultum,
2585 4910 2899 4967 auferenda.
2930 4911 3086 4977 Quod
3110 4911 3329 4982 quidem
3354 4912 3532 4980 ipsum
3574 4908 3578 4919 '

1962 4999 2076 5071 jam
2112 5001 2291 5071 reipsa
2315 5017 2443 5058 vere
2457 5001 2774 5073 praedictum
2798 5001 2968 5060 fuisse
2982 5011 3225 5073 apparet.
3249 5001 3536 5068 Quomodo

1968 5105 2100 5146 vero
2131 5106 2239 5146 una
2283 5092 2585 5163 eademque
2628 5093 2848 5148 ratione
2895 5094 2950 5146 in
3009 5093 3130 5161 ipso
3186 5091 3391 5146 Christi
3444 5092 3539 5147 ad-

1964 5190 2155 5245 ventu,
2199 5183 2575 5239 liberationem
2607 5198 2639 5238 a
2667 5184 2829 5240 malis
2872 5183 2979 5254 ipsi
3007 5182 3197 5247 Israel,
3228 5183 3532 5238 bonorum-

1965 5288 2074 5343 que
2127 5274 2553 5344 perceptionem,
2584 5282 2639 5331 et
2684 5291 2878 5332 rursus
2904 5275 3175 5329 bonorum
3224 5274 3530 5344 ademptio-

1965 5380 2113 5429 nem,
2165 5366 2491 5437 ruinamque
2534 5367 2814 5437 religionis
2858 5366 3121 5430 futuram,
3168 5363 3321 5419 Libri
3356 5363 3531 5418 sancti

1967 5456 2294 5528 signiﬁcent,
2348 5474 2449 5515 suo
2491 5467 2734 5530 tempore
2765 5459 2989 5528 planum
3038 5455 3323 5512 faciemus.
3375 5453 3535 5511 Nunc

1967 5556 2146 5606 autem
2191 5551 2259 5605 ad
2299 5552 2535 5622 primum
2573 5560 2931 5617 revertemur,
2985 5548 3032 5605 si
3077 5564 3253 5620 pauca
3282 5549 3533 5620 quaedam

1966 5653 2034 5699 ex
2083 5640 2573 5697 innumerabilibus
2615 5641 2941 5712 pr0phetiis,
2983 5640 3053 5695 ad
3104 5638 3531 5697 demonstranda

1965 5750 2050 5799 ea,
2081 5750 2201 5805 qua:
2243 5733 2388 5789 dicta
2436 5745 2584 5800 sunt,
2634 5734 3033 5804 collegerimus.
3072 5732 3338 5800 Quoniam
3367 5732 3533 5802 igitur

299 5849 421 5903 eas,
454 5847 576 5909 quae
608 5833 860 5891 meliores
890 5832 1159 5889 habentur
1176 5830 1247 5889 de
1281 5829 1480 5902 seipsis
1506 5829 1844 5902 prephetias,
1879 5827 2041 5887 nobis
2096 5830 2275 5889 solent
2305 5828 2568 5900 obiicere,
2604 5837 2863 5900 tanquam
2896 5827 2954 5895 ii,
2982 5828 3076 5901 qui
3104 5842 3186 5894 ea,
3229 5841 3350 5900 quae
3371 5834 3531 5879 ante-
