4106 6470
503 357 575 413 99
1150 350 1419 439 IZUSEBII
1454 349 1938 407 CESARIENSIS
1972 350 2125 410 OPP.
2167 351 2347 411 PARS
2385 350 2451 411 ll.
2478 386 2546 397 η·-
2585 352 3083 411 APOLOGE'I‘ICA.

505 469 774 527 cesserint
794 469 1055 524 benencia
1078 469 1178 523 soli
1207 468 1570 539 susceperint,
1596 477 1812 539 tempus
1831 470 1945 539 jam
1968 480 2074 537 est,
2103 479 2298 527 contra
2315 472 2441 528 illos
2458 473 2751 535 adducere.
2773 474 2989 542 illisque
3041 485 3317 542 opponere
3332 486 3418 535 ea,
3464 487 3589 543 qua:
3620 472 3758 543 ipsis

507 576 726 634 quoque
753 561 1009 632 gentibus
1032 560 1302 631 promissa
1330 570 1481 627 sunt,
1504 576 1628 633 qua:
1650 562 1906 617 videlicet
1929 564 2073 633 apud
2107 563 2397 635 prophetas
2435 567 2679 636 ipsorum
2717 565 2987 621 feruntur.
3040 561 3155 617 Hoc
3184 571 3366 618 autem
3412 564 3493 618 sic
3535 564 3649 619 lict.

507 696 616 771 ‘5
635 695 673 750 I.
710 696 750 750 Α
769 693 1503 771 ςεηεείεο-ριιειῃαάηιοάαῃι
1521 693 1885 771 benediceutur
1902 705 2077 764 gentes

2181 696 2257 754 ΑΩ
2306 700 2441 771 Ἀπὸ
2475 699 2598 771 τῆς
2627 699 2952 771 Γεῂέσεως.
2999 732 3066 771 :—
3107 700 3199 766 Ὡς
3233 688 3788 771 εὐλογηθήσονταρ¹

580 764 754 832 terra,
768 768 826 820 in
843 764 1053 819 modum
1072 765 1297 819 similem
1322 765 1690 834 appellationis
1714 765 2004 819 Abraham.

582 961 831 1033 Diuique
864 961 1124 1017 Dominus
1160 980 1175 1018 :
1220 980 1240 1014 ι
1289 959 1411 1017 Non
1446 961 1635 1018 celabo
1670 977 1774 1034 ego
1806 954 2083 1017 Abraham

508 1068 737 1125 puerum
787 1067 963 1109 meum
987 1092 1004 1116 ,
1037 1066 1157 1123 quae
1197 1050 1419 1110 faciam.
1453 1049 1549 1107 Est
1587 1064 1766 1108 autem
1808 1053 2081 1108 Abraham

509 1138 730 1195 futurus
762 1140 818 1194 in
844 1147 1060 1209 gentem
1093 1155 1341 1210 magnam
1383 1144 1438 1194 ει
1484 1142 1730 1198 multam.
1771 1140 1835 1194 Et
1863 1141 2085 1197 benedi-

508 1238 703 1285 centur
735 1230 788 1285 in
807 1245 873 1286 eo
890 1245 1078 1285 omnes
1097 1240 1285 1302 gentes
1318 1240 1477 1287 terra:
1493 1233 1559 1287 δ’.
1584 1252 1604 1284 ι
1626 1231 1911 1288 Occultum
1942 1235 2083 1288 mul-

508 1331 704 1393 tosque
726 1324 900 1377 latens
928 1324 1243 1394 mysterium
1270 1364 1286 1389 ,
1326 1338 1439 1378 non
1485 1340 1544 1381 se
1576 1326 1980 1380 occultaturutn
2008 1326 2084 1380 ait

486 1400 827 1480 oraculum,
862 1414 957 1470 sed
1012 1414 1187 1469 amico
1225 1414 1318 1470 Dei
1363 1414 1751 1473 indicaturum.
1792 1417 1853 1471 id
1898 1424 2079 1473 autem

502 1515 626 1563 erat
654 1506 723 1562 de
758 1505 1136 1561 benedictione
1164 1507 1407 1561 omnium
1436 1508 1676 1578 gentium
1703 1548 1719 1571 ,
1759 1508 1904 1578 quod
1951 1509 2079 1562 olim

484 1582 728 1669 lquidem
758 1596 979 1661 latebat,
1001 1610 1067 1651 eo
1083 1595 1227 1666 quod
1256 1596 1485 1651 Abraha
1506 1599 1841 1668 temporibus
1891 1613 2082 1653 omnes

500 1696 697 1760 gentes
748 1687 972 1743 infando
1024 1688 1430 1759 superstitionis
1476 1704 1665 1744 errore
1715 1695 2079 1744 tenerentur:

504 1796 657 1836 nunc
686 1789 864 1835 autem
913 1780 966 1836 id
1019 1781 1073 1835 in
1114 1789 1366 1850 apertum
1406 1780 1652 1851 prodiit,
1685 1796 1808 1835 cum
1852 1782 1956 1835 illte
1992 1796 2085 1850 per

501 1872 876 1944 evangelicam
910 1870 1210 1929 Salvatoris
1252 1873 1424 1929 nostri
1463 1872 1767 1927 doctrinam
1800 1913 1816 1939 ,
1851 1875 2081 1927 eundem

498 1979 632 2019 cum
664 1964 975 2019 Abrahamo
999 1964 1169 2019 divini
1200 1965 1382 2020 cultus
1411 1965 1576 2018 ritum
1607 1972 1908 2030 servantes,
1932 1966 2081 2033 ejus-

2254 770 2328 823 τὰ
2357 770 2500 838 ἔθνη
2538 770 2648 838 τῆς
2682 769 2796 838 γῆς
2824 771 2921 822 ἐπὶ
2951 769 3030 835 τῷ
3064 772 3244 839 ὁμοίῳ
3269 772 3464 838 τρόπῳ
3498 769 3609 837 τῆς
3645 769 3785 839 τοῦ,

2267 842 2512 910 Ἀϐραὰμ
2540 842 2966 908 προσηγορίας.
3776 845 3786 935 1

2266 956 2324 1008 '0
2376 954 2433 1008 δὲ
2484 953 2687 1026 Κύριος
2720 949 2903 1008 εἶπεν·
2941 971 2960 1004 ι
3003 954 3077 1007 Οὔ
3132 954 3205 1025 μὴ
3237 954 3430 1026 κρῦψω
3478 954 3589 1024 ἐγὼ
3647 952 3758 1008 ἀπὸ

2195 1044 2444 1118 Ἀϐραὰμ
2474 1045 2568 1097 τοῦ
2602 1042 2788 1107 παιδός
2822 1060 2943 1114 μου,
2976 1042 3012 1096 ἃ
3040 1041 3149 1112 ἐγὼ
3182 1044 3341 1098 ποιῶ.
3387 1043 3636 1116 Ἀϐραὰμ
3668 1061 3754 1115 γι-

2182 1138 2405 1208 νὸμενος
2441 1136 2592 1189 ἔσται
2620 1137 2698 1199 είς
2731 1134 2881 1199 ἔθνος
2919 1134 3061 1205 μέγα
3093 1136 3188 1189 καὶ
3223 1136 3354 1189 πολύ
3374 1153 3387 1166 ·
3423 1138 3517 1190 καὶ
3545 1137 3756 1191 ὲνευλο-

2183 1230 2509 1302 γηθήσονται
2536 1231 2593 1283 ὲν
2627 1227 2775 1298 αὐτῷ
2803 1228 2980 1281 πάντα
3008 1229 3075 1282 τὰ
3108 1228 3235 1299 ἔθνη
3263 1230 3359 1300 τῆς
3382 1227 3510 1299 γῆς.
3552 1248 3570 1281 ι
3603 1228 3753 1301 Κρύο

2183 1340 2303 1392 φιον
2328 1322 2423 1376 καῖ¹
2454 1321 2674 1391 λεληθὸς
2695 1321 2822 1385 τοὺς
2847 1321 3072 1384 πολλοὺς
3097 1321 3392 1392 μυστήριον
3426 1320 3500 1392 μὴ
3528 1319 3757 1392 κρύψειν

2184 1416 2347 1484 φησὶν
2376 1413 2686 1485 ὀχρησμὸς,
2717 1412 3084 1482 ἀποκαλῦψειν
3110 1413 3166 1465 δὲ
3197 1412 3274 1482 τῷ
3304 1411 3554 1481 θεοφιλεῖ.
3586 1410 3758 1467 Τοῦτο

2184 1504 2241 1559 δὲ
2266 1502 2333 1577 ἦν
2377 1506 2438 1559 τὸ
2485 1508 2612 1577 περὶ
2643 1504 2743 1574 τῆς
2790 1506 2895 1558 τῶν
2942 1504 3110 1558 ὲθνῶν
3145 1507 3397 1560 ἁπάντων
3428 1506 3697 1575 εὐλογίας,
3725 1505 3756 1560 δ

2184 1597 2352 1650 πάλαι
2398 1598 2495 1669 μὲν
2547 1598 2842 1671 κέκρυπτο,
2885 1598 2972 1651 διὰ
3020 1597 3079 1651 τὸ
3124 1597 3300 1651 πάντα
3341 1598 3409 1650 τὰ
3451 1597 3575 1670 ἔθνη
3615 1599 3756 1653 κατὰ

2184 1693 2306 1752 τοὺς
2335 1688 2427 1741 τοῦ
2475 1689 2721 1761 Ἀϐραὰμ
2752 1690 2973 1762 χρόνους
3001 1689 3193 1759 ἁφάτῳ
3226 1689 3400 1761 πλάνῃ
3432 1688 3756 1760 δεισιδαιμο-

2184 1781 2301 1843 νίας
2330 1781 2717 1852 κεκρατῆσθαν
2752 1782 2867 1835 νυνί
2910 1782 2967 1834 δὲ
3011 1778 3167 1834 τοῦτο
3214 1782 3334 1834 καθ’
3372 1783 3520 1852 ἡμᾶς
3552 1780 3755 1835 ἀναπέ-

2185 1888 2401 1940 φανται,
2436 1873 2523 1925 ὅτε
2548 1873 2634 1925 διὰ
2666 1872 2764 1944 τῆς
2790 1872 2883 1925 τοῦ
2917 1872 3170 1943 Σωτῆρος
3209 1872 3365 1943 ήμῶν
3398 1871 3757 1944 εὐαγγελικῆς

2184 1962 2528 2027 διδασκαλίας
2559 1964 2647 2017 τὸν
2682 1963 2843 2017 αὑτὸν
2864 1963 2942 2034 τῷ
2979 1964 3229 2034 Ἀϐραὰμ
3262 1963 3614 2017 θεοσεῦοὗντα
3632 1964 3758 2036 τρό-

503 2056 629 2112 dem
682 2071 807 2110 eum
857 2056 952 2110 illo
1006 2055 1408 2112 benedictionis
1451 2056 1742 2126 participes
1783 2056 2074 2110 exsistunt.

2182 2071 2281 2107 πον
2303 2055 2399 2125 τῆς
2426 2054 2546 2124 ἴσης
2580 2054 2729 2125 αὐτῷ
2757 2054 2973 2125 μετέχει
3000 2054 3266 2123 εὐλογίας.
3299 2056 3418 2107 Ὅτι
3441 2055 3485 2108 δ’
3514 2054 3612 2125 οὐχ
3642 2050 3755 2109 οἷον

498 2144 973 2213 Quemadmodum
995 2160 1126 2201 vero
1147 2145 1263 2202 ﬁeri
1294 2146 1443 2200 nullo
1468 2146 1632 2200 modo
1661 2154 1846 2216 posset
1873 2187 1886 2209 ,
1923 2154 1984 2199 ut
2011 2162 2075 2201 ex

501 2237 718 2309 legibus
751 2253 783 2292 a
822 2237 973 2293 Mose
1012 2238 1247 2309 positis,
1298 2245 1489 2308 gentes
1546 2237 1814 2293 universae
1865 2237 2079 2293 vivendi

500 2340 749 2382 normam
778 2328 1108 2397 acciperent,
1143 2327 1459 2398 plenissime
1488 2328 1628 2383 libro
1659 2330 1941 2399 superiore
1964 2329 2081 2385 dis-

500 2416 777 2473 seruimus
805 2457 820 2482 ,
850 2433 919 2473 ne
947 2417 1071 2488 quis
1101 2416 1241 2472 forte
1270 2417 1582 2487 suspicetur
1615 2416 1681 2472 de
1714 2417 1958 2483 advenis,
1980 2420 2079 2489 qui

502 2508 646 2579 apud
684 2505 905 2564 Iudaeos
938 2508 1247 2579 degebant,
1277 2507 1411 2562 illud
1440 2507 1612 2565 fuisse
1647 2510 1921 2578 prolatum
1952 2526 2080 2564 ora-

496 2598 705 2653 culum.
739 2596 925 2668 ltaque
965 2612 1088 2652 cum
1128 2604 1185 2652 in
1232 2598 1423 2654 eodem
1455 2598 1868 2668 probaverimus
1890 2641 1906 2664 ,
1933 2601 2079 2669 quod

500 2691 572 2747 iis
600 2692 733 2747 solis
756 2730 773 2756 ,
794 2694 886 2762 qui
915 2706 1012 2761 per
1035 2690 1314 2745 Chriswm
1350 2688 1418 2744 de
1450 2690 1664 2743 cunctis
1695 2690 1952 2760 gentibus
1985 2706 2078 2747 as-

503 2791 794 2837 sumantur
817 2821 834 2847 ,
865 2782 1173 2838 benedictio
1196 2780 1441 2836 omnium
1472 2780 1713 2851 gentium
1744 2780 1974 2836 Abrahae
1996 2781 2078 2835 di—

503 2873 713 2930 vinitus
755 2874 965 2929 reddita
1000 2915 1017 2941 ,
1056 2876 1351 2930 convenire
1390 2874 1567 2943 possit
1602 2890 1616 2925 :
1655 2871 1936 2928 studiosos
1989 2873 2075 2928 le-

500 2973 686 3021 ctores
714 2981 779 3022 ex
805 2966 909 3020 hoc
940 2966 1061 3021 loco
1090 3006 1105 3033 ,
1141 2966 1212 3020 ad
1243 2966 1334 3020 illa
1363 2964 1714 3020 remittimus.

501 3075 569 3132 ll.
603 3078 681 3131 Ab
706 3077 939 3132 eadem.-
958 3076 1472 3143 —-Quemadmodum
1505 3076 1869 3131 benedicentur
1902 3092 2079 3131 omnes

568 3160 746 3218 gentes
784 3159 938 3218 terra:
970 3148 1025 3200 in
1048 3164 1110 3202 eo
1144 3149 1337 3201 semine
1367 3188 1385 3216 ,
1414 3147 1555 3218 quod
1583 3162 1981 3218 progressurum
2001 3155 2081 3201 est

571 3216 635 3271 de
667 3217 845 3271 sobole
879 3216 1058 3271 Isaac.

570 3330 838 3385 Dominus
868 3339 1047 3384 autem
1082 3329 1151 3385 ad
1196 3329 1350 3387 lsaac
1394 3331 1735 3403 respondens
1757 3371 1775 3399 ,
1816 3340 1939 3403 post
1970 3334 2076 3388 alia

501 3423 667 3477 etiam
726 3422 841 3476 haec
894 3422 1027 3476 dicit
1064 3441 1077 3476 :
1120 3440 1137 3473 ι
1198 3424 1266 3478 Et
1314 3399 1651 3480 conﬁrmabo
1691 3399 2149 3495 jusjurandumC

503 3529 684 3570 meum
729 3512 957 3568 Abrahae
999 3514 1143 3584 patri
1196 3522 1330 3581 tuo,
1366 3523 1423 3571 et
1473 3516 1845 3587 multiplicabo
1895 3532 2081 3573 semen

505 3611 685 3667 tuum,
708 3602 849 3658 sicut
875 3603 1063 3658 stellas
1091 3602 1237 3668 cteli,
1257 3612 1317 3657 et
1342 3604 1482 3659 dabo
1516 3606 1712 3658 semini
1747 3615 1841 3660 tuo
1862 3621 2080 3661 onmem

504 3701 710 3749 terram
744 3692 887 3748 hanc
908 3732 925 3758 ,
957 3701 1011 3748 et
1038 3694 1433 3749 benedicentur
1456 3695 1511 3748 in
1538 3696 1742 3750 semine
1773 3703 1866 3751 tuo
1886 3711 2079 3753 omnes

503 3792 693 3857 gentes
724 3793 880 3839 terra:
896 3782 963 3840 δ’.
989 3804 1008 3836 ι
1030 3783 1293 3841 Dominus
1322 3797 1376 3841 et
1408 3783 1664 3840 Salvator
1689 3786 2075 3851 nosterJesus,

503 3881 597 3949 qui
620 3876 874 3934 Christus
897 3887 983 3935 est
1009 3876 1104 3934 Dei
1130 3919 1146 3944 ,
1178 3895 1247 3934 ex
1289 3879 1495 3935 semine
1526 3876 1678 3933 lsaac
1711 3888 1879 3935 natus
1904 3886 1957 3933 et
1992 3894 2080 3931 ra-

502 3973 651 4027 tione
694 3971 919 4027 humani
964 3973 1212 4041 corporis
1237 4012 1253 4036 ,
1290 3971 1345 4024 in
1387 3987 1498 4042 quo
1533 3971 1790 4027 omnibus
1823 3971 2077 4040 gentibus

501 4071 665 4120 terra:
698 4062 1036 4119 benedicitur
1058 4102 1074 4127 ,
1101 4078 1223 4133 qua:
1243 4064 1312 4117 ab
1336 4063 1429 4116 illo
1457 4048 1801 4118 communem
1833 4062 2079 4117 universi

504 4153 673 4209 Deum
704 4156 912 4208 edoctae
946 4162 1095 4218 sunt,
1130 4154 1550 4224 didiceruntque
1580 4154 1732 4219 item,
1769 4152 1860 4207 Dei
1890 4154 2080 4208 amicis

504 4251 640 4305 viris
663 4250 1005 4306 benedicere.
1037 4250 1116 4305 Ex
1145 4267 1253 4321 quo
1292 4252 1535 4307 vicissim
1565 4252 1703 4322 ipsis
1737 4267 1953 4322 quoque
1987 4252 2081 4306 be-

505 4342 784 4398 nedicitur
813 4383 828 4408 ,
859 4353 981 4412 quae
1011 4342 1066 4396 in
1108 4343 1210 4399 hoc
1250 4343 1501 4399 videlicet
1544 4343 1778 4398 eundem
1810 4358 1935 4397 cum
1967 4343 2035 4396 iis
2063 4385 2079 4404 ,

505 4435 706 4506 quibus
752 4436 884 4507 ipste
936 4435 1353 4500 benedixerint,
1403 4434 1798 4490 benedictionis
1842 4433 2079 4489 fructum

507 4528 849 4601 percipiunt,
886 4527 1343 4598 quemadmodum
1394 4525 1492 4582 Dei
1545 4526 1613 4582 ad
1658 4525 1934 4581 Abraham
1996 4541 2083 4580 re-

505 4635 772 4692 sponsum
829 4621 1023 4678 habet:
1054 4644 1071 4673 ι
1110 4620 1213 4687 Qui
1243 4620 1339 4675 tibi
1361 4619 1715 4685 benedicunt,
1755 4619 1837 4674 eis
1861 4617 2082 4672 benedi-

507 4718 657 4767 ctum
692 4720 795 4768 est.
838 4732 858 4765 ι

503 4866 616 4939 46
656 4864 745 4921 Ill.
779 4867 857 4920 Ab
894 4866 1095 4939 eadem.
1134 4892 1202 4939 έν
1240 4866 1317 4921 De
1361 4867 1605 4939 pluri_mis
1628 4863 1873 4939 gentibus
1900 4904 1915 4926 ,
1948 4880 2075 4933 gen-

579 4934 811 5009 tiumque
829 4938 1243 5009 collectionibus,
1268 4934 1384 5007 quo:
1401 4953 1464 5009 ea:
1483 4934 1649 4988 Jacob
1673 4935 2077 5009 constituentur,

573 5006 811 5079 quamvis
841 5009 959 5063 sola
986 5007 1219 5063 Iudaica
1251 5006 1372 5077 gens
1400 5007 1466 5060 ab
1493 5023 1552 5060 eo
1581 5008 1815 5073 profecta
1841 5006 1931 5058 sit.

578 5200 725 5255 Dixit
757 5210 939 5256 autem
996 5199 1073 5254 illi
1121 5199 1312 5255 Deus:
1356 5199 1598 5269 (constat
1652 5203 1832 5249 autem
1873 5193 2080 5246 dixisse

504 5294 695 5367 Iacob)
714 5312 732 5345 ι
768 5293 879 5365 Ego
897 5294 1159 5349 Dominus
1190 5293 1362 5361 Deus;
1383 5306 1571 5345 cresce
1598 5297 1652 5344 et
1678 5286 2038 5355 multiplicare
2061 5301 2077 5336 :

507 5400 695 5459 gentes
720 5397 773 5442 et
801 5388 1250 5458 congregationes
1271 5385 1510 5456 gentium
1528 5398 1594 5437 ex
1614 5389 1667 5435 te
1685 5387 1848 5435 erunt
1868 5377 1933 5428 “.
1960 5395 1979 5429 ›
2002 5374 2079 5429 Ex

506 5495 576 5537 eo
608 5480 824 5551 quidem
856 5483 1003 5551 quod
1034 5487 1259 5551 apparet
1288 5519 1301 5540 ,
1334 5492 1396 5531 ac
1426 5475 1775 5546 perspicuum
1802 5477 1888 5527 est
1920 5510 1937 5535 ,
1971 5482 2081 5551 una

2109 4765 2157 4822 D

2180 2164 2239 2200 τε
2284 2143 2351 2217 ἦν
2394 2147 2537 2200 κατά
2583 2146 2679 2218 τὴν
2722 2147 2963 2211 Μωσέως
3014 2146 3333 2217 νομοθεσίαν
3381 2147 3755 2202 πολιτεύεσθαι

2180 2238 2357 2291 πάντα
2398 2238 2466 2289 τὰ
2491 2237 2637 2308 ἔθνη,
2682 2237 3030 2309 πληρέστατα
3064 2240 3121 2291 ὲν
3158 2236 3233 2308 τῷ
3263 2237 3369 2306 πρὸ
3404 2238 3593 2291 τούτου
3623 2253 3754 2308 συγμ

2178 2329 2465 2401 γράμματι
2494 2328 2866 2399 διειλήφαμεν,
2902 2328 2977 2392 ὡς
3012 2329 3076 2382 ἂν
3112 2330 3183 2400 μή
3229 2346 3310 2390 τις
3339 2327 3595 2381 ὑπολάϐοι
3629 2330 3756 2401 περὶ

2180 2420 2285 2474 τῶν
2312 2420 2461 2491 παρὰ
2499 2418 2770 2483 Ἰουδαίοις
2800 2418 3156 2490 προσηλύτων
3186 2418 3435 2491 εἰρῆσθαι
3466 2419 3525 2472 τὸ
3553 2419 3752 2489 λόγιον.

2191 2511 2279 2565 Ἐν
2317 2511 2496 2583 ταύτῷ
2525 2513 2579 2565 δὲ
2618 2516 3000 2584 συστήσαντες,
3030 2514 3109 2566 ὅτι
3142 2513 3321 2584 μόνοις
3357 2515 3467 2575 τοῖς
3493 2511 3582 2567 διὰ
3618 2513 3756 2586 Χρι-

2182 2604 2307 2658 στοῦ
2351 2604 2411 2670 ἐξ
2446 2606 2701 2660 ἁπάντων
2746 2606 2855 2660 τῶν
2897 2605 3067 2660 ἐθνῶν
3110 2605 3412 2676 ἐφαρμόζου.
3444 2605 3510 2660 ἂν
3542 2607 3576 2675 ἡ
3620 2604 3757 2677 πρὸς

2178 2697 2270 2752 τὸν
2309 2697 2555 2768 Ἀϐραὰμ
2598 2698 2949 2751 θεσπισθεῖσα
2995 2699 3122 2771 περὶ
3168 2699 3386 2751 πάντων
3433 2697 3539 2750 τῶν
3587 2697 3758 2752 ἐθνῶν

2181 2790 2418 2858 εὐλογία,
2445 2791 2572 2853 τοὺς
2596 2789 2912 2859 φιλομαθεῖς
2935 2789 3019 2841 ἐπ’
3052 2789 3236 2842 ἐκεῖνα
3261 2787 3355 2840 καὶ
3380 2786 3473 2842 νῦν
3504 2786 3753 2857 ἀναπέμ-

2180 2881 2374 2954 ψομεν-

2180 3088 2257 3142 Β’.
2290 3086 2424 3143 Ἁπὸ
2446 3084 2558 3154 τῆς
2576 3082 2785 3150 αὐτῆς.
2807 3110 2877 3154 -τ
2900 3082 3001 3154 Ὣς
3017 3075 3755 3154 εὺλοτηθήσοτταιιπάξοτα

2253 3159 2322 3212 τὰ
2348 3145 2625 3224 samiae
2785 3153 2883 3206 ἐπὶ
2905 3145 2986 3217 τῷ
3012 3145 3507 3219 προελευσομένῳ
3530 3147 3601 3200 ἐκ
3627 3145 3752 3199 δια-

2249 3227 2439 3298 δοχῆς
2466 3226 2573 3281 τοῦ
2624 3224 2820 3281 Ἰσαὰκ
2851 3224 3161 3291 σπέρματι.

2192 3340 2251 3392 '0
2278 3338 2337 3391 δὲ
2363 3337 2565 3409 Κύριος
2592 3334 2670 3406 τῷ
2705 3333 2889 3388 Ἰσαὰκ
2918 3330 3277 3404 χρηματίζων
3306 3328 3421 3401 μεθ’
3447 3327 3629 3395 ἕτερα,
3660 3325 3755 3380 καὶ

2179 3430 2355 3486 ταῦτά
2381 3445 2573 3499 φησιν’
2616 3446 2635 3477 ι
2680 3426 2791 3480 Καὶ
2823 3426 3003 3495 στήσω
3048 3424 3139 3477 τὸν
3171 3423 3333 3496 ὅρκον
3368 3437 3469 3492 μου
3506 3416 3755 3490 Ἀϐραὰμ

2180 3524 2259 3595 τῷ
2290 3522 2454 3593 πατρί
2485 3537 2599 3584 σου,
2633 3520 2727 3572 καὶ
2755 3516 3007 3588 πληθυνῶ
3033 3516 3093 3568 τὸ
3136 3514 3360 3584 σπέρμα
3389 3529 3503 3573 σου,
3531 3508 3608 3573 ὼς
3629 3510 3755 3572 τοὺς

2179 3614 2414 3684 ἀστέρας
2462 3609 2556 3663 τοῦ
2598 3606 2847 3679 οὐρανοῦ,
2895 3607 2988 3660 καὶ
3024 3603 3179 3658 δώσω
3218 3603 3296 3672 τῷ
3346 3599 3619 3673 σπέρματί
3659 3615 3753 3652 σου

2179 3709 2357 3761 πᾶσαν
2387 3704 2484 3776 τὴν
2514 3704 2616 3774 γῆν
2649 3702 2852 3770 ταύτην
2872 3717 2886 3732 ’
2924 3700 3019 3753 καὶ
3044 3694 3566 3765 ὲνευλογηθήσονται
3593 3693 3654 3745 ἐν
3676 3688 3755 3760 τῷ

2180 3796 2453 3869 σπέρματί
2498 3812 2590 3848 σου
2625 3795 2801 3847 πάντα
2843 3790 2911 3843 τὰ
2959 3789 3085 3859 ἔθνη
3116 3789 3213 3858 τῆς
3253 3787 3376 3857 γῆς.
3409 3805 3428 3837 ι
3478 3786 3533 3838 '0
3562 3782 3754 3853 Σωτὴρ

2179 3891 2274 3943 καὶ
2323 3887 2526 3958 Κύριος
2581 3882 2737 3955 ἡμῶν
2778 3880 2982 3952 Ἰησοῦς
3028 3882 3057 3932 ὁ
3107 3876 3340 3948 Χριστὸς
3382 3874 3473 3928 τοῦ
3520 3871 3654 3926 Θεοῦ
3688 3875 3755 3925 ὲκ

2181 3981 2489 4051 σπέρματος
2528 3976 2711 4030 Ἰσαὰκ
2732 3974 2923 4042 γέγονε
2945 3972 3005 4025 τὸ
3027 3969 3164 4024 κατὰ
3196 3968 3393 4037 σάρκα,
3426 3969 3484 4023 ἐν
3509 3958 3554 4033 ᾧ
3577 3964 3754 4018 πάντα

2178 4075 2246 4127 τὰ
2273 4072 2403 4141 ἔθνη
2435 4070 2535 4140 τῆς
2562 4067 2666 4136 γῆς
2704 4066 3023 4133 εὐλογεῖται,
3071 4060 3306 4132 μαθόντα
3346 4058 3413 4111 δι’
3453 4056 3618 4112 αὑτοῦ
3662 4057 3754 4110 τὸν

2178 4168 2286 4220 τῶν
2330 4165 2467 4219 ὅλων
2510 4161 2665 4223 Θεὸν,
2707 4158 2802 4212 καὶ
2849 4154 3211 4209 παιδευθέντα
3261 4150 3423 4204 πάλιν
3470 4148 3536 4201 δι’
3587 4147 3750 4203 αὐτοῦ

2178 4258 2304 4320 τοὺς
2336 4254 2599 4323 θεοφιλεῖς
2630 4252 2829 4322 ἄνδρας
2860 4248 3120 4315 εὐλογεῖν.
3165 4243 3256 4296 Διὸ
3285 4243 3380 4296 καὶ
3411 4240 3752 4309 ἀντευλογεῖ-

2179 4367 2266 4403 ται
2319 4349 2417 4417 τῆς
2469 4347 2591 4417 ἴσης
2631 4345 2741 4406 τοῖς
2794 4342 2885 4394 ὑπ’
2939 4338 3115 4392 αὐτῶν
3157 4335 3569 4405 εὐλογουμένοις
3615 4333 3752 4385 ἀπο-

2180 4441 2410 4494 λαύοντα
2441 4435 2711 4504 εὐλογίας,
2749 4432 2890 4487 κατὰ
2923 4431 3014 4484 τὸν
3053 4430 3299 4500 φήσαντα
3329 4424 3421 4478 τοῦ
3453 4423 3588 4476 Θεοῦ
3618 4421 3751 4494 πρὸς

2180 4536 2270 4589 τὸν
2309 4531 2558 4603 Ἀϐραὰμ
2590 4528 2778 4596 λόγον’
2819 4544 2838 4577 ι
2891 4526 2955 4577 Οἱ
2996 4519 3343 4589 εὐλογοῦντές
3389 4534 3449 4570 σε
3494 4514 3750 4584 εὐλόγηνο

2180 4644 2293 4680 ται.
2332 4645 2349 4675 1

2181 4850 2255 4901 Γ’.
2316 4844 2447 4899 Ἀπὸ
2502 4840 2609 4910 τῆς
2647 4837 2855 4905 αὐτῆς.
2887 4868 2955 4910 τ-
2997 4834 3138 4910 Περὶ
3184 4830 3495 4910 spicea»:
3535 4826 3747 4894 ἐθνῶν,

2250 4917 2349 4970 καὶ
2385 4899 2748 4981 συναγωγῶν
2777 4899 2987 4970 ἐθνῶν,
3035 4899 3155 4981 τῶῖ
3296 4899 3495 4981 ’ζακὼϐ
3521 4916 3751 4981 quo-tn—

2250 4971 2777 5056 Uopérwr,'xit£rot
2810 4981 3001 5056 ydva
3039 4974 3145 5029 τοῦ
3199 4971 3491 5028 Ἰουδαίων
3534 4971 3750 5036 ἔθνους

2246 5059 2315 5123 ἐξ
2330 5049 2534 5110 ἀὐτοῦ
2567 5049 3066 5121 προεληλυθότος.

2249 5177 2414 5236 Είπεν
2443 5178 2501 5232 δὲ
2533 5174 2681 5245 αὐτῷ
2709 5174 2740 5225 ὁ
2765 5172 2896 5234 Θεὸς
2934 5167 3109 5240 (δῆλον
3146 5166 3219 5229 δὲ,
3255 5166 3336 5218 ὅτι
3381 5161 3459 5232 τῷ
3507 5154 3746 5223 Ἰακώὸ)⁶

2183 5297 2201 5328 ι
2253 5272 2395 5342 Ἐγὼ
2426 5270 2630 5341 Κύριος
2673 5268 2703 5319 ὁ
2743 5263 2909 5326 Θεός’
2962 5259 3189 5327 αὐξάνου
3222 5257 3315 5310 καὶ
3358 5251 3629 5342 πληθύνου
3667 5247 3751 5342 είς

2178 5337 2337 5436 ἔθνη,-
2370 5365 2463 5419 καὶ
2495 5337 2805 5427 συναγωγαὶ
2832 5355 2998 5409 ἐθνῶν
3042 5355 3106 5406 ὲκ
3138 5350 3231 5404 σοῦ
3264 5348 3512 5436 ἔσονται,
3538 5361 3556 5391 ι
3592 5337 3750 5436 κατα

2183 5429 2369 5532 μὲν-τὸ
2408 5453 2701 5527 προφανὲς,
2735 5451 2791 5504 ἓν
2823 5449 2971 5512 ἔθνος
3018 5446 3177 5517 μόνον
3219 5441 3282 5494 τὸ
3328 5435 3594 5532 Ἰουδαίων
3626 5429 3749 5532 ⁸ἀπὸ

510 5523 575 5537 νυ
609 5523 824 5551 *νυ-νυ·
857 5523 1003 5551 υιυυι·
1034 5523 1259 5551 υγνυ--ν-
1288 5523 1301 5540 ν
1335 5523 1395 5531 -ν
1431 5523 1774 5546 ιη--τ-ν--τ-ν-
1812 5523 1858 5527 ν-
1923 5523 1936 5535 ι
2022 5546 2031 5551 Χ

510 5573 775 5627 duntaxat
819 5571 1044 5627 Judaica
1089 5586 1221 5643 gens
1265 5570 1334 5623 ab
1369 5567 1538 5621 Iacob
1568 5565 1801 5621 exstitit.
1832 5561 2078 5627 Quonam

2181 5523 2271 5607 τοῦ
2308 5523 2500 5604 Ἰακῶὸ
2533 5546 2784 5615 συνέστη.
2820 5542 2943 5605 Πῶς
2981 5535 3073 5593 οὖν
3119 5528 3467 5643 aliaeeliae?»
3513 5523 3751 5643 «3110::

509 5663 675 5720 modo
713 5663 876 5733 igitur
912 5679 1099 5718 verum
1142 5663 1214 5719 sit
1265 5661 1584 5724 oraculum,
1647 5654 1794 5727 quod
1850 5665 2082 5709 numero

2178 5605 2341 5702 τικῶς
2382 5636 2554 5704 λέγων
2599 5637 2629 5689 δ
2673 5605 2951 5706 χρήσμόιυ
2994 5627 3147 5682 Ἐπεὶ
3191 5623 3248 5677 δὲ
3291 5623 3319 5674 δ
3370 5616 3603 5691 Χριστὸς
3650 5605 3749 5669 τῶ

583 5820 629 5854 ⁸⁸
661 5818 798 5876 Gen.
840 5833 1014 5884 xvm,
1072 5816 1259 5873 17.18.
1338 5818 1381 5848 δ’
1414 5814 1549 5871 Gen.
1615 5826 1781 5879 xxvi,
1828 5806 1945 5863 ’5-4.
2022 5805 2065 5837 ⁸⁵³

2181 5816 2231 5856 ιι.
2264 5813 2425 5864 xxxv,
2461 5795 2548 5852 ll.
