4106 6492
398 357 492 417 101

1273 370 1930 430 DEMONSTRATIONIS
1968 377 2426 438 EVANGELICE
2457 382 2586 440 LIB.
2625 383 2690 440 ll.

3544 393 3641 446 109

390 475 546 537 Θεοῦ,
576 476 642 530 ἐκ
684 475 994 548 σπέρματος
1028 480 1219 536 Ἰακὼϐ
1253 486 1562 556 γενόμενος,
1599 488 1796 553 πολλὰς
1846 508 1945 545 συν

2070 494 2435 554 multitudinis
2469 500 2641 553 utitur
2669 501 2691 553 ?
2728 508 3013 570 postquam
3049 501 3215 573 igitur
3242 501 3498 559 Christus
3522 503 3639 561 Dei.

395 567 616 636 αγωγὰς
650 567 818 623 ἐθνῶν
853 568 940 622 διὰ
968 571 1066 642 τῆς
1089 575 1469 649 ,εὐαγγελικῆς
1507 583 1672 636 αὐτοῦ
1710 588 1945 658 συνεκρό¹

2065 587 2158 656 qui
2210 601 2278 642 ex
2322 590 2530 645 semine
2579 591 2749 646 Jacob
2781 601 2944 647 natus
2977 602 3098 658 est,
3149 594 3348 648 multos
3397 595 3640 664 gentium

390 673 522 726 τησε
555 657 920 724 διδασκαλίας,
953 663 1177 728 εἰκότως
1213 670 1293 730 είς
1337 670 1521 734 αὐτὸν,
1559 675 1650 726 καὶ
1691 676 1758 728 δι’
1798 677 1961 730 αὑτοῦ

388 747 458 801 τὰ
489 748 589 818 τῆς
620 753 956 840 προφητείας
988 755 1175 819 τέλους
1215 759 1509 832 τετύχηκεν
1679 768 1960 840 πρότερον,

388 839 486 892 καὶ
511 839 748 901 εἰσαῦθις
771 842 850 896 ἔτι
879 844 1074 914 μᾶλλον
1097 845 1362 913 τεύξεται.

388 1056 462 1114 λ’.
501 1060 632 1114 Ἀπὸ
660 1063 768 1142 τοᾼῦ
791 1064 1268 1142 ᾼευτερονομίου.
1287 1099 1358 1142 ——_
1378 1071 1646 1142 Δήλωσις
1666 1075 1776 1142 τῆς
1810 1076 1959 1132 κατὰ

705 1133 854 1188 Θεὸν
888 1133 1268 1207 εὑφροοίύνης
1289 1139 1406 1194 τῶν
1433 1133 1639 1198 ἐθνῶνῖ

461 1265 482 1300 ε
504 1241 878 1320 Εὐφράνθητε,
897 1251 956 1304 οὐ
966 1253 1134 1322 ρανοὶ,
1149 1253 1264 1324 ἅμα
1277 1232 1445 1324 αὐτῷ,
1465 1257 1558 1309 καὶ
1583 1262 1958 1330 προσκυνησά-

379 1353 561 1395 τωσαν
606 1343 752 1414 αὐτῷ
801 1344 1001 1408 πάντες
1047 1347 1151 1398 υἱοὶ
1205 1346 1366 1400 Θεοῦ·
1406 1349 1761 1420 εὐφράνθητε,
1805 1351 1954 1424 ἔθνη,

384 1435 524 1505 μετὰ
547 1434 640 1488 τοῦ
665 1435 794 1489 λαοῦ
817 1436 1002 1503 αὑτοῦ,
1035 1440 1128 1492 καὶ
1154 1441 1585 1510 ἐνισχυσάτωσαν
1605 1444 1802 1508 αὐτοὺς
1830 1446 1959 1499 πάν-

379 1541 469 1590 τες
484 1526 700 1596 ἄγγελοι
724 1528 878 1583 Θεοῦ.
895 1549 912 1580 ι
933 1531 1074 1584 Ἀντὶ
1093 1531 1206 1596 τοῦ,
1232 1551 1249 1582 ι
1281 1533 1956 1606 Εὐφράνθητε,ἒθνη,μετὰ

377 1617 471 1671 τοῦ
487 1617 616 1672 λαοῦ
633 1621 818 1684 αὐτοῦ,
847 1641 865 1673 ι
897 1623 924 1674 ό
954 1624 1230 1689 Ἀκύλας-ί
1254 1626 1598 1696 Ἐνοπήσατε,
1622 1627 1802 1698 φησὶν,
1828 1628 1952 1702 ἔθνη

380 1708 517 1777 μετά
545 1709 636 1762 τοῦ
667 1709 795 1764 λαοῦ
831 1713 994 1766 αὑτοῦ
1014 1729 1028 1741 ·
1055 1733 1073 1766 ι
1097 1715 1190 1767 καὶ
1213 1715 1517 1769 Θεοδοτίων·
1541 1734 1559 1768 ι
1583 1716 1950 1784 Ἀγαλλιᾶσθε,

376 1797 524 1870 ἔθνη,
564 1798 691 1863 λαὸς
718 1802 902 1855 αὐτοῦ.
942 1821 960 1855 ι

2064 687 2364 734 conventus
2409 697 2508 750 per
2559 684 2927 754 evangelicam
2977 701 3132 740 suam
3186 687 3473 741 constituit
3511 687 3639 740 doce

2061 770 2284 829 trinam.
2316 773 2509 826 merito
2540 775 2595 828 in
2618 791 2684 829 eo
2709 815 2722 839 ,
2753 785 2807 830 et
2835 791 2930 845 per
2955 791 3113 844 eum;
3149 793 3270 848 quae
3301 779 3366 832 ad
3401 779 3639 849 prOphe—

2063 860 2192 914 tiam
2225 863 2536 930 pertinent,
2584 865 2695 934 jam
2751 877 2877 922 ante
2919 869 3124 923 exitum
3177 870 3549 936 invenerunt,
3583 879 3639 927 et

2061 952 2290 1021 posthac
2320 953 2446 1007 item
2473 956 2648 1025 magis
2674 957 2969 1012 invenient.

2058 1061 2150 1119 1V.
2184 1065 2227 1118 Α
2256 1064 2681 1123 Deuteronomio.
2719 1101 2788 1145 ——_
2834 1071 3134 1145 Declaratio
3170 1073 3367 1127 lwtitiaz
3395 1077 3626 1145 gentium

2587 1140 2872 1192 secundum
2911 1141 3097 1196 Deum.

2135 1262 2156 1296 ι
2201 1245 2519 1313 Laetamini,
2579 1250 2746 1316 coeli,
2797 1267 2919 1306 cum
2965 1269 3070 1318 eo,
3122 1263 3176 1309 et
3228 1255 3453 1311 adorent
3502 1273 3626 1312 eum

2057 1349 2248 1392 omnes
2270 1338 2360 1392 ﬁlii
2395 1338 2487 1393 Dei
2515 1359 2527 1393 :
2555 1340 2832 1410 laetamini,
2865 1353 3072 1412 gentes,
3098 1360 3220 1398 cum
3251 1348 3448 1415 populo
3481 1348 3626 1415 ejus,

2055 1433 2110 1480 et
2137 1426 2302 1481 fortes
2331 1427 2565 1483 eﬁiciant
2610 1445 2704 1486 eos
2737 1447 2926 1487 omnes
2959 1433 3134 1502 angeli
3167 1435 3368 1504 ejus“.
3391 1455 3410 1488 ι
3432 1435 3537 1489 Pro
3559 1452 3628 1491 co

2057 1527 2234 1572 autem
2268 1520 2412 1588 quod
2435 1531 2556 1576 est:
2596 1541 2614 1573 ‹
2655 1521 2932 1578 [εειιηηίηἱ
2956 1565 2970 1588 ,
3008 1533 3196 1596 gentes
3221 1567 3235 1589 ,
3267 1541 3387 1580 cum
3426 1527 3628 1597 p0pulo

2055 1609 2196 1679 ejus,
2230 1630 2248 1662 ι
2274 1611 2502 1681 Aquila,
2539 1633 2556 1665 ι
2587 1615 2995 1682 Vociferamini,
3029 1617 3226 1688 inquit,
3259 1626 3466 1688 gentes,
3498 1636 3622 1674 cum

2054 1700 2255 1769 p0pulo
2285 1703 2435 1771 ejus;
2463 1724 2482 1756 ι
2514 1712 2568 1759 et
2598 1703 2961 1776 Theodotion,
3026 1707 3356 1776 «Exsultate,
3391 1720 3576 1781 gentes
3603 1751 3620 1777 ,

2054 1793 2288 1862 populus
2309 1792 2449 1864 ejus.
2482 1814 2502 1847 ›

375 1907 452 1962 E'.
493 1909 635 1986 :Aazd
655 1912 783 1986 *τοῦ
833 1913 1091 1986 ψαλμοῦ
1127 1921 1236 1986 νίζ’.
1282 1944 1352 1986 έ-
1388 1915 1481 1986 Ὡς
1520 1917 1638 1970 τῶν
1677 1919 1945 1986 περάτων

2050 1902 2113 1958 ν.
2170 1907 2212 1958 Α
2263 1908 2468 1976 psalmo
2503 1924 2616 1986 xxt.
2658 1941 2727 1951 —
2766 1909 3311 1986 Quodgextremorum
3349 1922 3534 1977 terrae,
3570 1922 3621 1967 et

446 1977 556 2058 ζῆς
607 1979 762 2058 γῆςἰ
782 1977 874 2034 καὶ
898 1977 1039 2058 *τῶν
1068 1984 1260 2058 ἐθνῶν
1293 1977 1573 2058 ἀπᾴνὶων
1610 1977 1944 2058 ἐπιστροφὴ

441 2049 613 2123 ἔσεαι
658 2051 806 2118 πρὸς
850 2053 955 2106 τὸν
1007 2053 1173 2117 Θεὸν,
1221 2054 1394 2123 γενεά
1437 2074 1498 2108 τε
1543 2049 1798 2120 ἥξουσαξ
1847 2049 1943 2112 καὶ

442 2120 594 2186 λαὸς
621 2124 1134 2197 άτεχθησόμενος
1173 2120 1287 2194 τὴν
1327 2127 1512 2180 αὑτοῦ
1553 2127 1947 2197 δικαιοσύνην

441 2190 880 2259 παραλήψεται.

447 2321 474 2355 ί(
515 2305 953 2376 Μνησθὴσονται,
969 2305 1063 2359 καὶ
1081 2308 1718 2380 ὲπιστραφήσονταιπρὸς
1741 2309 1946 2382 Κύριον

373 2394 550 2449 πάντα
581 2396 649 2449 τὰ
681 2396 895 2467 πέρατα
923 2397 1023 2466 τῆς
1049 2398 1172 2468 γῆς,
1205 2399 1300 2451 καὶ
1325 2401 1791 2471 προσκυνήσουσιν
1813 2401 1946 2454 ἐνώ-

369 2499 497 2537 πιον
547 2483 710 2538 αὑτοῦ
760 2487 932 2538 πᾶσαι
975 2487 1032 2537 αἱ
1078 2488 1303 2555 πατριαὶ
1341 2487 1449 2540 τῶν
1485 2489 1650 2543 ἐθνῶν
1674 2506 1687 2519 ⁸
1725 2491 1806 2543 ὅτι
1848 2492 1942 2544 τοῦ

371 2574 577 2642 Κυρίου
602 2576 635 2645 ὴ
669 2574 931 2644 βασιλεία,
972 2577 1065 2630 καὶ
1102 2579 1263 2642 αὐτὸς
1285 2577 1531 2642 δεσπόζει
1568 2580 1674 2633 τῶν
1703 2581 1889 2634 ἐθνῶν.
1917 2601 1936 2633 ι

369 2661 480 2718 Καὶ
502 2663 629 2734 ἑξῆς
655 2666 894 2734 ἐπιλέγει
919 2683 932 2696 ·
973 2685 992 2717 ‹
1041 2667 1494 2738 Ἀναγγελήσεται
1516 2667 1593 2738 τῷ
1624 2671 1810 2740 Κυρίῳ
1860 2688 1943 2737 γε·

365 2754 465 2810 νεὰ
512 2757 545 2824 ἡ
582 2756 871 2826 ἐρχομένη,
912 2759 1004 2810 καὶ
1051 2757 1404 2825 ἁναγγελοῦσι
1453 2759 1553 2827 τὴν
1599 2760 1940 2833 δικαιοσύνην

360 2846 529 2900 αὑτοῦ
558 2845 671 2917 λαῷ
694 2847 771 2917 τῷ
797 2849 1196 2920 τεχθησομένῳ,
1227 2850 1285 2902 ὂν
1325 2850 1578 2921 ἐποίησεν
1600 2853 1628 2904 ό
1661 2852 1883 2924 Κύριος.
1915 2873 1934 2908 ›

363 2938 518 3010 Σαφῆ
550 2937 741 3004 ταῦτα,
778 2939 886 2992 οὐδ’
919 2941 1212 3012 ἑρμηνείας
1239 2941 1486 3012 δεόμενα.

367 3050 457 3116 εἷ’.
489 3051 621 3104 Ἀπὸ
646 3050 753 3124 τοῦ
781 3052 1026 3124 ψαλμοῦ
1061 3059 1174 3122 μςτ.
1198 3085 1267 3093 -—
1294 3054 1618 3124 Εὑσεϐείας
1644 3056 1792 3124 ὁμοῦ
1838 3059 1937 3112 καὶ

431 3122 831 3192 σωφροσύνης
858 3123 1181 3192 ἐπαγγελία
1223 3123 1342 3187 τοῖς
1381 3123 1603 3190 ἔθνεσι,
1652 3122 1751 3180 καὶ
1791 3129 1938 3182 Θεοῦ

425 3190 716 3254 ,βασιλεία
742 3192 837 3246 ἐπί
867 3193 938 3246 τὰ
969 3190 1133 3262 ἔθνη.

431 3304 616 3358 Πάντα
634 3307 700 3360 τὰ
712 3305 860 3377 ἔθνη,
883 3308 1183 3378 κροτήσατε
1197 3309 1402 3380 χεῖρας,
1417 3309 1713 3377 άλαλάξατε
1729 3311 1806 3382 τῷ
1820 3313 1938 3384 Θεῷ
1974 3301 1985 3311 ’

361 3397 418 3449 ἐν
449 3399 598 3468 φωνῇ
629 3397 997 3466 ἀγαλλιάσεως
1020 3417 1032 3430 ·
1068 3401 1149 3452 ὅτι
1181 3399 1386 3470 Κύριος
1415 3401 1654 3470 ὕψιστος,
1683 3404 1936 3476 φοϐερὸς,

362 3487 613 3558 βασιλεὺς
635 3489 808 3559 μέγας
836 3491 930 3544 ἐπὶ
963 3493 1143 3546 πᾶσαν
1179 3493 1276 3564 τὴν
1312 3493 1435 3563 γῆν.
1468 3514 1486 3546 ι
1524 3495 1632 3547 Kal
1662 3496 1787 3566 ἑξῆς
1818 3497 1937 3550 ἐπι-

357 3575 539 3646 λέγει’
580 3598 599 3630 ι
635 3581 756 3632 Ὀτι
798 3581 1048 3651 βασιλεὺς
1084 3584 1263 3654 πάσης
1291 3583 1390 3654 τῆς
1427 3585 1532 3655 γῆς
1577 3586 1605 3636 ὁ
1639 3586 1789 3649 Θεὸς,
1829 3587 1935 3657 ψά-

359 3669 486 3724 λατε
518 3671 773 3736 συνετῶς.
821 3674 1199 3728 Ἐϐασίλευσεν
1223 3678 1251 3729 ό
1280 3677 1412 3741 Θεὸς
1445 3678 1538 3731 ἐπὶ
1579 3677 1648 3730 τὰ
1687 3678 1834 3750 ἔθνη.
1877 3680 1936 3733 '0

357 3761 489 3827 Θεὸς
538 3764 768 3837 κάθηται
819 3766 911 3819 ἐπὶ
959 3767 1149 3838 θρόνου
1199 3769 1353 3836 ἁγίου
1402 3769 1587 3823 αὐτοῦ.
1645 3770 1937 3842 ’Ἄρχοντες

355 3853 500 3908 λαῶν
547 3858 890 3930 συνήχθησαν
942 3860 1080 3930 μετὰ
1120 3861 1213 3914 τοῦ
1256 3860 1392 3913 Θεοῦ
1444 3861 1714 3932 Ἀϐραάμ.
1754 3880 1772 3912 ι
1824 3864 1935 3916 Καὶ

355 3947 528 4001 ταῦτα
561 3950 729 4019 σαφῆ,
762 3951 855 4003 καὶ
881 3952 988 4004 οὐδ’
1016 3953 1310 4024 ἑρμηνείας
1336 3954 1587 4023 δεόμενα.

349 4061 430 4116 .Z'.
474 4062 618 4115 Ἀπὸ
649 4064 894 4132 ψαλμοῦ
924 4071 1042 4132 πην.
1077 4096 1146 4106 -—-
1169 4065 1438 4132 Δήλωσις
1474 4065 1782 4132 εὐσεϐείας
1817 4064 1934 4119 τῶν

1040 4134 1248 4190 ἐθνῶν.
1802 4209 1806 4213 Δ

432 4265 454 4300 ι
493 4247 605 4302 Οὐκ
633 4247 779 4303 ἔστιν
805 4250 988 4321 ὅμοιός
1032 4267 1114 4304 σοι
1154 4251 1212 4304 ἐν
1257 4249 1417 4314 θεοῖς,
1451 4250 1644 4321 Κύριε,
1688 4249 1784 4304 καὶ¹
1834 4249 1932 4303 οὐκ

348 4337 470 4392 ἔστι
496 4339 638 4393 κατὰ
681 4340 818 4412 ἔργα
850 4358 964 4394 σου.
1002 4343 1186 4395 Πάντα
1219 4342 1285 4395 τὰ
1318 4343 1444 4413 ἔθνη
1499 4343 1599 4395 ὅσα
1645 4341 1928 4411 ἐποίησας,

354 4430 563 4504 ἥξουσι,
592 4432 686 4485 καὶ
716 4434 1180 4504 προσκυνήσουσιν
1211 4432 1444 4486 ἐνώπιόν
1472 4451 1586 4498 σου,
1616 4431 1810 4503 Κύριε,
1837 4433 1930 4485 καὶ

2119 1989 2425 2052 cunctarum
2449 1984 2675 2048 gentium
2711 1984 2978 2035 cmwersio
3008 1991 3108 2036 erit
3136 1984 3204 2036 ad
3243 1983 3401 2036 Deum
3426 2024 3440 2046 ,
3470 2001 3623 2052 gene-

2119 2047 2614 2130 ratioqueoventura,
2643 2059 2691 2103 et
2711 2053 2933 2118 populus
2961 2056 3049 2122 qui
3070 2063 3335 2117 nascetur,
3348 2047 3620 2124 justitiam

2115 2133 2232 2186 ejus
2253 2127 2490 2186 accipiet.

2121 2323 2143 2356 ι
2185 2303 2665 2373 Reminiscentur;
2705 2316 2762 2363 et
2791 2318 3177 2366 convertentur
3217 2313 3286 2368 ad
3329 2313 3618 2370 Dominum

2046 2397 2284 2452 universi
2313 2396 2448 2451 ﬁnes
2475 2407 2650 2475 terrae,
2676 2408 2730 2454 et
2751 2401 3057 2456 adorabunt
3089 2403 3143 2457 in
3165 2413 3462 2475 conspectu
3495 2408 3616 2472 ejus

2045 2487 2313 2542 universae
2338 2487 2552 2542 familiae
2579 2471 2818 2556 gentium
2847 2511 2860 2546 :
2893 2490 3160 2558 Quoniam
3191 2492 3402 2548 Domini
3425 2503 3508 2550 est
3527 2513 3616 2551 re-

2045 2593 2209 2647 gnum
2243 2617 2257 2641 ,
2294 2585 2348 2632 et
2390 2579 2507 2647 ipse
2549 2580 2921 2635 dominabitur
2969 2583 3025 2636 in
3069 2584 3321 2651 gentibus
3370 2584 3414 2616 "
3440 2625 3455 2649 ,
3498 2605 3517 2638 ι
3552 2601 3618 2640 ac

2043 2669 2303 2739 deinceps
2327 2671 2572 2741 adjungit
2604 2691 2617 2726 :
2661 2690 2681 2724 ι
2717 2672 3153 2728 Annuntiabitur
3185 2675 3414 2731 Domino
3446 2693 3616 2749 gene-

2042 2761 2183 2813 ratio
2219 2768 2448 2814 ventura
2474 2801 2488 2825 ,
2535 2769 2590 2815 et
2624 2764 3030 2818 annuntiabunt
3056 2765 3325 2833 justitiam
3363 2767 3482 2834 ejus
3519 2783 3618 2838 po-

2041 2850 2192 2920 pulo,
2226 2851 2318 2919 qui
2350 2860 2630 2916 nascetur,
2655 2869 2816 2923 quem
2851 2854 2980 2908 fecit
3007 2853 3269 2912 Dominus
3299 2857 3364 2910 ".
3397 2874 3420 2910 ι
3446 2856 3616 2914 Plana

2042 2951 2171 2997 sunt
2200 2943 2315 2998 haec
2345 2983 2360 3009 ,
2394 2952 2450 2999 et
2477 2945 2681 3001 nullius
2713 2948 3180 3017 interpretationis
3219 2949 3537 3019 indigentia.

2041 3055 2131 3112 VI.
2171 3057 2211 3110 Α
2261 3059 2467 3126 psalmo
2511 3076 2658 3116 XLVI.
2709 3090 2780 3102 —
2825 3061 3048 3116 Pietatis
3081 3064 3276 3129 pariter
3318 3073 3367 3117 et
3416 3065 3620 3122 (milia

2148 3130 2426 3198 promissio
2451 3130 2691 3200 gentibus
2715 3172 2731 3197 ,
2767 3141 2814 3186 et
2857 3131 2955 3187 Dei
2986 3150 3198 3204 regnum
3225 3136 3278 3187 in
3309 3145 3504 3205 gentes.

2117 3323 2134 3356 ι
2174 3303 2376 3361 Omnes
2405 3314 2592 3376 gentes
2636 3306 2878 3376 plaudite
2910 3307 3161 3364 manibus
3184 3350 3200 3374 ,
3229 3309 3460 3379 jubilate
3499 3309 3612 3366 Deo

2036 3397 2093 3452 in
2119 3413 2253 3452 voce
2274 3399 2680 3463 exsultationis,
2715 3401 2970 3469 quoniam
3005 3401 3266 3456 Dominus
3288 3403 3609 3468 altissimus,

2035 3490 2295 3545 terribilis
2319 3530 2334 3553 ,
2373 3507 2469 3545 rex
2498 3505 2728 3560 magnus
2773 3506 2938 3560 super
2969 3505 3184 3545 omnem
3236 3501 3433 3546 terram
3454 3491 3497 3523 ⁸⁷
3527 3532 3542 3553 ,
3583 3509 3607 3545 e

2034 3595 2099 3634 ac
2121 3581 2376 3651 deinceps
2394 3571 2673 3652 adjungit:
2698 3599 2716 3632 ι
2741 3579 3007 3646 Quoniam
3026 3597 3114 3636 rex
3134 3582 3311 3636 omnis
3327 3581 3433 3652 47
3453 3591 3612 3638 terra

2035 3671 2200 3737 Deus,
2223 3673 2438 3744 psallite
2460 3674 2754 3742 sapienter.
2774 3672 3039 3744 Regnavit
3058 3673 3196 3728 Deus
3219 3690 3380 3744 super
3395 3686 3606 3745 gentes.

2036 3761 2180 3819 Deus
2235 3762 2389 3818 sedet
2424 3779 2589 3831 super
2620 3765 2751 3819 sede
2794 3771 2979 3818 sancta
3022 3779 3136 3818 sua.
3168 3764 3448 3834 Principes
3513 3781 3609 3835 po-

2033 3855 2284 3924 pulorum
2312 3862 2684 3908 convenerunt
2700 3869 2822 3907 cum
2855 3853 2966 3907 Deo
2981 3853 3253 3908 Abraham
3276 3849 3340 3906 “L
3365 3875 3384 3906 ι
3409 3853 3474 3907 Et
3494 3856 3609 3910 haec

2034 3946 2165 4000 item
2196 3947 2351 4017 plana
2380 3986 2396 4010 ,
2428 3961 2530 3999 nec
2562 3945 3029 4015 interpretationis
3054 3945 3368 4015 indigentia.

2032 4053 2145 4111 VII.
2203 4057 2244 4109 Α
2275 4055 2478 4125 psalmo
2510 4071 2706 4110 Lxxxv.
2744 4085 2815 4136 -J—
2863 4053 3166 4107 Declaratio
3218 4052 3431 4123 pietatis
3478 4068 3604 4125 gen-

2743 4135 2898 4180 tium.

2108 4260 2129 4293 ‹
2165 4241 2282 4297 Νοη
2313 4249 2397 4296 est
2428 4241 2627 4296 similis
2663 4241 2759 4295 tibi
2787 4242 2844 4295 in
2875 4239 3000 4303 diis,
3028 4239 3275 4300 Domine.
3297 4245 3351 4293 et
3384 4253 3492 4294 non
3515 4245 3600 4293 est

2035 4333 2338 4387 secundum
2363 4347 2528 4401 opera
2557 4341 2670 4387 tua.
2703 4331 2905 4387 Omnes
2934 4339 3122 4402 gentes
3139 4344 3494 4399 quascunque
3519 4328 3598 4384 fe-

2032 4427 2180 4490 cisti,
2214 4429 2456 4491 venient,
2501 4438 2556 4480 et
2597 4427 2902 4482 adorabunt
2941 4441 3125 4482 coram
3166 4434 3238 4488 te,
3273 4423 3518 4487 Domine,
3549 4432 3604 4480 et

348 4520 634 4587 δοξάσουσι
667 4523 728 4577 τὸ
755 4523 924 4596 ὄνομά
964 4541 1056 4577 σου
1082 4542 1094 4555 ·
1123 4526 1205 4578 ὅτι
1236 4525 1405 4596 μέγας
1433 4522 1483 4578 εἴ
1514 4526 1598 4590 σὺ,
1634 4525 1728 4578 καὶ
1758 4522 1926 4577 ποιῶν

2042 4517 2411 4588 gloriﬁcabunt
2431 4535 2631 4574 nomen
2665 4526 2819 4572 tuum
2853 4537 2866 4574 :
2892 4517 3148 4587 quoniam
3173 4531 3402 4586 magnus
3435 4531 3495 4570 es
3515 4522 3598 4579 tu,

351 4611 663 4683 θαυμάσιαο
698 4613 762 4667 σὺ
792 4609 844 4667 εἴ
872 4617 900 4668 ὁ
920 4613 1050 4678 Θεὸς
1087 4614 1264 4685 μόνος.
1309 4635 1327 4667 ι
1372 4614 1600 4679 Ὁμοίως
1632 4614 1729 4668 καὶ
1755 4612 1926 4667 ταῦτα

2042 4619 2083 4666 at
2100 4610 2306 4666 faciens
2333 4612 2601 4666 mirabilia
2631 4631 2644 4665 :
2677 4619 2734 4665 tu
2761 4626 2822 4665 es
2847 4610 2990 4666 Deus
3017 4610 3168 4665 solus
3187 4609 3252 4665 ⁵⁸.
3275 4627 3295 4661 ι
3329 4606 3453 4662 Ilaec
3470 4607 3603 4663 item

357 4705 524 4774 σαφῆ.

2026 4721 2136 4759 non
2169 4705 2351 4760 minus
2382 4704 2667 4774 perspicua
2696 4711 2844 4759 sunt.

354 4820 438 4871 Il'.
480 4818 628 4888 ξΑπὸ
661 4819 767 4874 τοῦ
813 4819 1082 4888 ψαλμοῦ.
1115 4823 1216 4886 ιβ’.
1254 4851 1324 4859 -
1367 4818 1634 4884 Δήλωσις
1685 4815 1927 4888 πάντων

2042 4815 2161 4870 VIII.
2190 4815 2233 4866 Α
2264 4815 2468 4888 psalmo
2500 4831 2620 4870 xcv.
2656 4845 2725 4854 —
2757 4814 3062 4888 Declaratio
3091 4813 3326 4888 omnium
3367 4811 3597 4888 gentium

428 4887 545 4940 τῶν
572 4889 759 4942 ἐθνῶν
783 4887 1093 4956 εὐσεϐείας
1133 4889 1232 4943 καὶ
1273 4887 1538 4957 ᾄσματος
1566 4887 1797 4950 καινοῦ,
1829 4887 1928 4939 καὶ

418 4959 741 5024 ,ϐασιλείας
771 4961 937 5023 Θεοῦ,
966 4961 1064 5013 καὶ
1091 4959 1442 5028 οἰκουμένης
1469 4960 1852 5026 κατόρθωσις.

429 5069 450 5100 ς
495 5050 692 5121 Ι’ᾼσατε
708 5049 784 5120 τῷ
817 5053 1005 5123 Κυρίῳ
1029 5048 1178 5122 ᾆσμα
1202 5050 1408 5112 καινὸν,
1440 5050 1610 5121 ᾄσατε
1631 5047 1707 5118 τῷ
1738 5046 1927 5118 Κυρίῳ

356 5143 508 5194 πᾶσα
536 5144 568 5212 ἡ
732 5141 932 5212 ’ᾼσατε
951 5142 1027 5213 τῷ
1056 5144 1267 5216 Κυρίῳ,
1296 5143 1624 5213 εὐλογήσατε
1655 5139 1716 5192 τὸ
1760 5138 1931 5209 ὄνομα

358 5231 544 5297 αὑτοῦ,
562 5232 984 5301 εὐαγγελίσασθε
1013 5235 1226 5306 ἡμέραν
1260 5233 1317 5300 ἐξ
1350 5233 1561 5306 ἡμέρας
1582 5232 1641 5284 τὸ
1665 5232 1928 5303 σωτήριον

357 5322 519 5376 αὐτοῦ
541 5342 553 5354 ·
581 5325 933 5393 ἀναγγείλατε
968 5327 1025 5376 ὲν
1067 5329 1175 5390 τοῖς
1214 5327 1392 5379 ἔθνεσι
1417 5327 1514 5394 τὴν
1554 5324 1709 5389 δόξαν
1740 5320 1926 5385 αὐτοῦ,

359 5417 416 5468 ἐν
448 5418 580 5470 πᾶσι
619 5420 728 5482 τοῖς
775 5417 924 5481 λαοῖς
964 5416 1034 5470 τὰ
1075 5417 1352 5488 θαυμάσια
1395 5416 1592 5470 αὐτοῦ·
1632 5415 1712 5468 ὅτι
1755 5413 1927 5484 μέγας

358 5504 561 5576 Κύριος
586 5507 680 5560 καὶ
707 5506 913 5571 αἰνετὸς
955 5507 1158 5578 σφόδρα
1177 5524 1190 5536 ·
1238 5507 1467 5578 φοϐερός
1497 5509 1642 5559 ἐστιν
1669 5505 1760 5556 ἐπὶ
1792 5503 1924 5558 ’.τάν⁴

356 5607 456 5658 τας
502 5596 626 5659 τοὺς
675 5595 847 5661 θεούς.
901 5617 918 5649 ι
955 5598 1063 5650 Καὶ
1111 5598 1387 5664 ἐπιλέγειο
1441 5615 1460 5648 ι
1521 5595 1812 5658 Ἐνέγκατε
1849 5601 1930 5670 τῷ

430 5709 659 5778 “Deut.
691 5729 864 5774 χχιιι,
890 5715 979 5771 45.
1054 5715 1098 5746 ⁸⁸
1131 5713 1279 5769 Psal.
1307 5729 1419 5778 ut,
1454 5712 1643 5770 28-29.
1708 5714 1769 5746 '“
1805 5711 1938 5774 Ibid.
1967 5717 2053 5772 52.

370 5792 577 5848 uxxv,
607 5781 757 5837 840.
832 5785 877 5816 '°
904 5781 1047 5839 Psal.
1072 5797 1194 5849 xcv,
1224 5781 1276 5839 5.

2100 4880 2333 4955 pietatis,
2367 4895 2416 4939 et
2444 4887 2656 4948 cantici,
2697 4896 2746 4938 et
2793 4885 3168 4955 intelligentiw,
3215 4892 3265 4936 et
3305 4882 3448 4950 regni
3480 4880 3594 4942 Dei,

2102 4966 2151 5010 et
2175 4955 2316 5008 orbis
2342 4965 2496 5009 terra:
2525 4956 2799 5010 correctio.

2106 5065 2124 5095 ι
2161 5047 2392 5103 Cantate
2422 5047 2655 5103 Domino
2679 5049 2952 5103 canticum
2982 5062 3205 5110 novum,
3247 5050 3459 5098 cantate
3491 5040 3596 5096 Do-

2031 5139 2181 5194 mino
2210 5141 2390 5196 omnis
2415 5148 2584 5196 terra.
2618 5139 2848 5196 Cantate
2909 5140 3159 5202 Domino,
3193 5145 3248 5192 et
3294 5133 3594 5190 benedicite

2029 5232 2237 5286 nomini
2286 5232 2428 5300 ejus,
2476 5233 2797 5288 annuntiate
2855 5233 2922 5286 de
2956 5231 3042 5286 die
3095 5230 3149 5283 in
3184 5228 3325 5281 diem
3358 5227 3596 5279 salutare

2031 5322 2173 5392 ejus,
2210 5325 2532 5379 annuntiate
2560 5326 2614 5379 in
2654 5325 2906 5395 gentibus
2943 5323 3168 5393 gloriam
3203 5320 3344 5390 ejus,
3393 5319 3448 5372 in
3481 5333 3597 5372 om-

2032 5415 2195 5470 nibus
2225 5416 2440 5486 populis
2465 5416 2737 5470 mirabilia
2767 5415 2886 5484 ejus
2913 5431 2924 5465 :
2948 5413 3206 5483 quoniam
3237 5423 3467 5479 magnus
3490 5406 3596 5460 Do-

2034 5507 2258 5571 minus,
2297 5515 2352 5563 et
2405 5508 2692 5562 laudabilis
2751 5505 2944 5560 valde:
2979 5503 3242 5558 terribilis
3297 5507 3380 5556 est
3431 5512 3596 5567 super

2033 5614 2224 5654 omnes
2250 5598 2382 5655 deos
2409 5601 2494 5661 8°;
2535 5617 2553 5648 ι
2581 5607 2634 5653 et
2662 5597 2904 5661 adiungit
2935 5612 2948 5646 :
2987 5614 3004 5646 ί
3035 5593 3236 5649 Aﬁ'erte
3268 5587 3596 5649 Dominofa-

2165 5721 2207 5751 ⁸⁷
2241 5718 2388 5774 Psal.
2448 5733 2590 5779 XLVI,
2654 5715 2774 5768 2-3.
2879 5713 2924 5744 "
2950 5713 3077 5768 ibid.
3111 5713 3143 5767 8
3180 5712 3265 5766 10.
3373 5709 3418 5740 ’⁸³
3445 5705 3588 5762 I’sal.
