4106 6434
537 319 642 374 105

1151 310 1417 367 EUSEBII
1453 306 1931 364 CESABIENSIS
1956 305 2108 363 OPP.
2139 303 2322 362 PARS
2358 304 2422 360 ll.
2452 334 2524 347 —-
2559 300 3059 359 APOLOGETICA.

3667 301 3769 357 103

532 431 697 487 milia
747 428 1010 500 gentium,
1073 426 1259 481 ail'erte
1318 425 1550 480 Domino
1616 423 1845 494 gloriam
1889 424 2088 478 nomini

2198 422 2388 492 Κυρίῳ
2420 421 2474 473 αἱ
2509 421 2734 491 πατριαὶ
2779 420 2887 473 τῶν
2928 418 3127 472 ἐθνῶν
3167 418 3420 485 ἐνέγκατε
3453 416 3531 486 τῷ
3582 417 3770 490 Κυρίῳ

530 525 652 593 ejus
675 521 743 588 ³¹,
784 541 804 574 ι
837 536 900 574 ac
936 520 1194 588 deinceps
1225 533 1237 568 :
1275 536 1295 569 ι
1319 516 1490 571 Dicite
1553 515 1607 569 in
1650 515 1925 585 gentibus,
1953 514 2101 584 quod

534 613 792 668 Dominus
832 610 1092 680 regnavit.
1156 608 1364 661 Etenim
1396 606 1635 661 correxit
1688 606 1874 660 orbem
1916 612 2098 669 terrae,

530 707 622 777 qui
674 722 779 760 non
828 703 1255 760 commovebitur
1311 702 1379 755 δ’.
1416 720 1436 751 ι
1494 698 1670 752 Etiam
1736 698 1852 752 haec
1906 706 2097 769 aperta

529 804 677 853 sunL

528 928 617 985 IX.
654 931 693 982 Α
725 927 1006 982 Zacharia.
1035 957 1106 967 —
1137 926 1460 980 Cunctorum
1502 927 1755 995 gentium,
1788 935 1837 979 et
1865 927 1955 995 qui
1983 943 2096 979 om-

599 1001 743 1054 nium
772 998 1287 1067 superstitiosissimi
1323 1006 1464 1060 sunt,
1504 993 1898 1067 ){Egyptiomm}
1936 999 2093 1067 anius

593 1079 644 1125 et
678 1071 783 1123 veri
806 1065 923 1128 Dei.
959 1079 1008 1121 et
1057 1069 1108 1119 in
1160 1066 1370 1136 spiritu,
1410 1080 1474 1118 ea:
1507 1065 1685 1118 divina
1736 1068 1863 1136 lege,
1893 1066 2094 1120 adora-

597 1141 777 1205 u'onis,
802 1149 850 1194 et
879 1137 1195 1193 celebritatis
1219 1135 1467 1189 solemnis
1495 1136 1713 1206 agnitio.

600 1334 620 1368 ι
651 1314 718 1369 Et
747 1315 872 1377 erit,
901 1313 1211 1384 quicunque
1242 1313 1437 1380 reliqui
1494 1313 1698 1367 fuerint
1728 1329 1793 1367 ex
1819 1314 2094 1372 universis

523 1406 797 1480 gentibus,
830 1419 950 1474 quae
977 1412 1243 1458 venerunt
1269 1416 1454 1457 contra
1503 1402 1865 1467 Hierusalem,
1903 1420 2095 1459 ascen-

520 1498 656 1553 dent
695 1495 986 1563 quOtannis
1023 1506 1080 1546 ut
1100 1494 1325 1548 adorent
1345 1492 1544 1562 Regem
1582 1491 1870 1545 Dominum
1911 1494 2091 1546 omni-

522 1594 822 1659 potentem,
856 1595 909 1642 et
932 1586 1207 1641 celebrent
1226 1585 1449 1639 solenne
1492 1585 1995 1639 tabernaculorum.
2030 1584 2095 1639 Et

521 1680 628 1734 erit
660 1699 673 1735 :
709 1678 1031 1748 Quicunque
1083 1695 1191 1732 non
1241 1677 1586 1732 ascenderint
1636 1692 1703 1731 ex
1744 1678 1893 1732 omni
1949 1677 2090 1732 tribu

2200 510 2355 578 δόξαν
2392 512 2617 584 ὀνόματι
2657 510 2840 565 αὑτοῦ.
2889 530 2906 562 ›
2944 511 3053 563 Καὶ
3076 510 3228 581 ἑξῆς·
3272 529 3290 561 ι
3327 511 3528 562 Εἴπατε
3568 510 3625 562 ἐν
3656 513 3768 569 τοῖς

2201 601 2407 655 ιθνεσιν
2431 619 2445 632 ·
2488 601 2545 653 '0
2572 600 2771 673 Κύριος
2793 600 3121 653 ἐϐασίλευσε.
3153 602 3261 655 Καὶ
3303 601 3412 672 γὰρ
3438 599 3766 670 κατώρθωσε

2199 694 2297 765 τὴν
2335 692 2675 764 οἰκουμένην,
2713 693 2837 763 ἥτις
2871 692 2932 744 οὐ
2974 692 3379 763 σαλευθήσεται.
3417 711 3435 744 ι
3464 691 3566 744 Καὶ
3597 691 3767 745 ταῦτα

2201 785 2365 856 σαφῆ.

2196 920 2274 974 Θ.
2293 920 2433 998 ’ᾼπὸ
2458 920 2567 1001 τοῦ.
2587 922 2899 1001 Ζαχαρίου.
2922 949 2995 1001 :—
3015 915 3260 1001 Πίξντων
3286 913 3634 1001 τῶνιὲθνῶιῖ,
3649 915 3764 1001 ’καὶ

2267 990 2385 1043 τῶν
2422 990 2580 1057 παρὰ
2632 987 2855 1053 πάντας
2911 987 3547 1057 δεισιδαιμονεστάζων
3590 987 3769 1057 ᾼίγρ-

2268 1063 2473 1123 πτίων,
2500 1052 2613 1112 τοῦ
2642 1052 2843 1127 μόνου
2880 1058 2978 1110 καὶ
3019 1056 3283 1121 deindein;
3308 1054 3493 1127 ﬁam).
3528 1054 3624 1127 καὶ
3657 1052 3766 1118 τῆς

2267 1129 2415 1183 κατὰ
2444 1122 2546 1181 τὸν
2570 1122 2727 1182 θεῖον
2752 1129 2937 1195 νόμον
2967 1122 3367 1194 πνευματικῆς
3395 1125 3674 1191 λατρείας
3703 1140 3765 1176 τε

2266 1200 2363 1253 καὶ
2404 1198 2615 1267 ἑορτῆς
2648 1198 2987 1266 ἐπίγνωσις.

2272 1331 2290 1363 ι
2347 1311 2457 1365 Καὶ
2502 1312 2675 1373 ἔσται,
2715 1312 2828 1363 ὅσοι
2857 1309 2922 1363 ἂν
2961 1306 3391 1376 καταλειφθῶσιν
3435 1308 3501 1359 ἐκ
3549 1307 3766 1360 πάντων

2194 1404 2301 1458 τῶν
2334 1404 2500 1457 ἐθνῶν
2532 1404 2789 1457 ἐλθόντων
2816 1403 2906 1454 ἐπὶ
2941 1399 3312 1472 Ἰερουσαλὴμ,
3343 1398 3437 1452 καὶ
3467 1398 3765 1468 ἀναϐήσον-

2194 1512 2281 1548 ται
2310 1497 2428 1547 κατ’
2458 1493 2700 1546 ἐνιαυτὸν
2728 1493 2821 1545 τοῦ
2846 1491 3218 1562 προσκυνῆσαι
3241 1489 3316 1559 τῷ
3341 1488 3549 1560 βασιλεῖ
3576 1489 3763 1560 Κυρίῳ

2195 1584 2592 1654 παντοκράτορι
2617 1622 2633 1645 ,
2680 1581 2773 1633 καὶ
2816 1581 2911 1633 τοῦ
2961 1580 3236 1652 ἑορτάζειν
3281 1580 3380 1650 τὴν
3430 1579 3620 1649 ἑορτὴν
3664 1578 3762 1647 τῆς

2194 1674 2592 1748 Σκηνοπηγίας.
2629 1675 2736 1726 Καὶ
2772 1674 2945 1737 ἔσται,
2990 1673 3104 1725 ὅσοι
3148 1672 3213 1725 ἂν
3260 1671 3334 1742 μὴ
3385 1671 3657 1725 ἀναϐῶσιν
3698 1672 3762 1723 ἐκ

521 1781 681 1827 terra:
702 1772 757 1825 in
786 1770 1146 1831 Hierusalem,
1189 1780 1247 1824 ut
1299 1772 1523 1825 adorent
1559 1767 1755 1839 Regem
1804 1768 2088 1824 Dominum

2196 1769 2375 1837 πάσης
2406 1768 2503 1838 τῆς
2532 1766 2703 1836 φυλῆς
2730 1765 2830 1835 τῆς
2857 1766 2958 1836 γῆς
2995 1766 3075 1827 είς
3113 1762 3482 1834 Ἰερουσαλὴμ,
3519 1778 3761 1832 προσκυ-

519 1863 966 1934 omnipotentem,
988 1870 1041 1917 et
1072 1863 1174 1932 ipsi
1197 1862 1305 1917 illis
1335 1861 1684 1931 adjicientur,
1731 1876 1840 1915 non
1865 1862 1971 1915 erit
1998 1877 2094 1916 su-

522 1969 621 2025 per
642 1969 741 2010 eos
782 1954 972 2010 imber.
1008 1953 1161 2019 Quod
1209 1954 1255 2007 si
1307 1953 1484 2006 tribus
1512 1950 1733 2022 Egypti
1767 1967 1873 2006 non
1900 1967 2092 2008 ascen-

520 2045 685 2111 derit,
716 2055 769 2100 et
814 2061 922 2099 non
952 2044 1181 2108 venerit,
1215 2051 1269 2098 et
1306 2059 1468 2112 super
1496 2043 1596 2098 hos
1629 2044 1735 2097 erit
1765 2044 1945 2107 ruina,
1981 2060 2090 2114 qua

520 2136 785 2204 percutiet
818 2134 1077 2190 Dominus
1120 2148 1311 2189 omnes
1352 2142 1559 2204 gentes,
1607 2149 1944 2203 quaecunque
1979 2149 2090 2188 non

520 2227 861 2281 ascenderint
893 2226 959 2281 ad
1001 2226 1389 2281 celebrandum
1433 2227 1675 2281 solemne
1712 2226 2089 2281 tabernaculo-

517 2330 658 2368 rum.
685 2313 799 2386 48
822 2314 933 2369 Hoc
961 2314 1065 2369 erit
1112 2322 1400 2384 peccatum
1430 2313 1671 2385 Egypti,
1711 2322 1765 2369 et
1805 2322 2087 2383 peccatum

514 2405 758 2459 omnium
789 2406 1052 2476 gentium,
1109 2420 1450 2475 quaecunque
1486 2422 1595 2460 non
1624 2405 1971 2461 ascenderint
2018 2406 2088 2461 ad

514 2494 902 2549 celebrandum
949 2495 1193 2550 solemne
1244 2496 1720 2550 tabernaculorum
1743 2494 1811 2549 ".
1845 2514 1864 2547 ι
1922 2493 2088 2551 Plane

518 2585 634 2640 lucc
649 2590 992 2640 vocationem
1023 2586 1265 2640 omnium
1296 2588 1541 2657 gentium
1569 2587 1870 2651 continent,
1900 2588 2087 2641 sisen-

516 2692 640 2731 sum
689 2677 953 2731 duntaxat
986 2687 1297 2747 spectemus
1324 2693 1536 2743 eorum,
1586 2694 1706 2748 quae
1729 2678 1796 2733 de
1827 2677 2085 2734 Hierusa-

516 2767 644 2830 lem,
677 2773 734 2822 et
756 2768 1072 2823 celebritate
1102 2769 1576 2824 tabernaculorum
1599 2771 1738 2824 dicta
1771 2779 1919 2834 sunt,
1965 2785 2085 2839 qua:

515 2858 731 2929 quidem
782 2874 883 2915 suo
917 2867 1159 2929 tempore
1191 2865 1371 2930 aptam
1401 2859 1906 2929 interpretationem
1932 2860 2085 2915 babi-

514 2958 638 3006 tura
672 2959 823 3006 sunt.

2194 1858 2353 1928 νῆσαι
2395 1858 2471 1929 τῷ
2518 1858 2724 1930 βασιλεῐ
2762 1857 2952 1928 Κυρίῳ
2996 1856 3393 1926 παντοκράτορι
3418 1894 3433 1919 ,
3471 1854 3563 1907 καὶ
3607 1855 3760 1907 αὐτοὶ

2192 1949 2417 2014 ἐκείνοις
2460 1950 2934 2021 προστεθήσονται.
2977 1949 3101 2003 Ἐὰν
3136 1949 3192 2001 δὲ
3216 1949 3353 2018 φυλὴ
3386 1947 3658 2015 Αἰγύπτου
3686 1947 3758 2017 μὴ

2190 2042 2385 2112 ἀναϐῇ,
2434 2041 2568 2113 μηδὲ
2595 2041 2743 2113 ἔλθῃ,
2770 2041 2863 2094 καὶ
2897 2042 2990 2095 ἐπὶ
3021 2040 3241 2104 τούτους
3272 2040 3423 2094 ἔσται
3453 2041 3485 2111 ἡ
3528 2037 3754 2100 πτῶσις.
3806 2096 3815 2103 .

2190 2128 2224 2206 ᾖ
2255 2133 2481 2197 πατάξει
2510 2132 2712 2204 Κύριος
2757 2135 2934 2187 πάντα
2959 2133 3026 2186 τὰ
3060 2133 3208 2203 ἔθνη,
3237 2134 3338 2185 ὅσα
3372 2130 3436 2185 ἂν
3470 2130 3544 2201 μὴ
3582 2130 3753 2199 ἀναϐῇ

2188 2225 2282 2279 τοῦ
2325 2226 2579 2296 ἑορτάσαι
2633 2226 2729 2297 τὴν
2775 2227 2964 2296 ἑορτὴν
3017 2226 3114 2296 τῆς
3159 2223 3556 2294 Σκηνοπηγίας.
3608 2220 3754 2290 Δῦτη

2186 2316 2338 2371 ἔσται
2381 2321 2413 2388 ἠ
2447 2320 2689 2389 ἁμαρτία
2724 2318 3018 2386 Αἰγύπτου,
3052 2320 3144 2370 καὶ
3174 2320 3207 2388 ἡ
3251 2316 3494 2386 ἁμαρτία
3542 2313 3759 2366 πάντων

2185 2407 2293 2462 τῶν
2333 2408 2522 2469 ἐθνῶν,
2547 2410 2645 2463 ὅσα
2679 2409 2744 2462 ἂν
2779 2410 2853 2481 μὴ
2881 2409 3053 2479 ἀναϐῇ
3089 2408 3180 2462 τοῦ
3222 2409 3474 2478 ἑορτάσαι
3502 2407 3601 2477 τὴν
3639 2406 3759 2475 ἐορ-

2184 2502 2282 2573 τὴν
2331 2502 2434 2572 τῆς
2482 2503 2878 2573 Σκηνοπηγίας.
2923 2520 2942 2552 ι
2971 2501 3163 2570 Σαφῶς
3200 2501 3292 2553 καὶ
3345 2499 3515 2553 ταῦτα
3567 2496 3755 2569 κλῆσιν

2185 2594 2437 2647 ἁπάντων
2477 2593 2585 2647 τῶν
2617 2593 2788 2646 ἐθνῶν
2822 2592 3083 2664 περιέχει.
3117 2592 3255 2646 κατὰ
3298 2591 3536 2644 διάνοιαν
3587 2588 3754 2660 μόνην

2185 2684 2571 2757 θεωρουμένων
2601 2685 2707 2737 τῶν
2739 2685 2868 2754 περὶ
2894 2686 2993 2753 τῆς
3032 2683 3404 2753 Ἰερουσαλὴμ.
3435 2682 3529 2735 καὶ
3549 2682 3742 2751 Σκηνο·

2185 2775 2385 2845 πηγίας
2410 2774 2733 2846 εἰρημένων,
2761 2773 2796 2827 ἃ
2829 2774 2922 2827 καὶ
2947 2773 3085 2826 κατὰ
3110 2773 3297 2844 καιρὸν
3321 2774 3417 2843 τῆς
3452 2769 3753 2842 προσηκού-

2185 2881 2283 2935 σης
2308 2863 2550 2927 τεύξεται
2583 2864 2897 2935 ἑρμηνείας.

514 3062 583 3121 Χ.
619 3065 697 3119 Ab
726 3064 898 3123 Isaia.
929 3094 1001 3105 -
1022 3064 1324 3120 Declaratio
1350 3077 1408 3119 ut
1427 3067 1579 3121 electi
1621 3068 1727 3121 sint
1754 3067 2001 3137 apostoli,
2029 3074 2081 3120 et

2185 3076 2239 3128 l'.
2286 3072 2426 3127 Ἀπὸ
2466 3070 2573 3124 τοῦ
2629 3069 2886 3124 Ἡσαΐου.
2919 3098 2989 3108 -ο
3019 3065 3291 3137 Δήλωσές
3317 3063 3428 3137 τῆς
3460 3063 3579 3137 τῶν
3602 3063 3749 3137 ἁπο-

1078 3147 1272 3191 υοεαιω
1311 3147 1505 3207 gentes.

594 3327 614 3360 ι
648 3308 765 3364 Hoc
822 3311 1053 3379 primum
1115 3312 1260 3379 bibe,
1302 3315 1414 3371 cito
1467 3314 1578 3379 lac,
1610 3315 1761 3386 regio
1810 3314 2079 3381 Zabuion,

512 3410 659 3458 terra
689 3402 1015 3473 Neptbalim,
1043 3412 1095 3460 et
1132 3406 1328 3477 reliqui
1377 3408 1471 3477 qui
1510 3409 1838 3462 maritimam
1874 3409 2083 3464 habita-

512 3496 585 3550 tis
614 3504 766 3550 trans
789 3493 1104 3560 lordanem,
1151 3497 1371 3553 Galilaea
1429 3499 1693 3569 gentium,
1724 3501 1955 3569 populus
1992 3514 2081 3555 se-

511 3587 649 3642 dens
676 3588 733 3641 in
760 3590 1015 3644 tenebris.
1054 3587 1246 3643 Videte
1302 3590 1482 3644 lucem
1528 3605 1776 3661 magnam
1802 3592 1894 3661 qui
1926 3590 2079 3645 habi-

511 3679 642 3732 tatis
666 3678 718 3731 in
776 3678 996 3747 regione
1023 3687 1080 3733 et
1109 3678 1303 3732 umbra
1354 3680 1566 3744 mortis,
1594 3680 1686 3734 lux
1735 3681 2078 3752 spiendescet

508 3784 673 3839 super
694 3785 788 3824 vos
815 3769 881 3822 ".
909 3788 929 3821 ι

543 3880 634 3936 XI.
671 3882 751 3935 Ab
778 3882 977 3935 eodem.
1010 3911 1079 3922 -
1108 3881 1416 3936 Declaratio
1466 3883 1753 3937 vocationis
1780 3885 2031 3953 gentium.

580 4077 599 4110 ι
634 4058 829 4113 Audite
875 4073 983 4122 me,
1041 4058 1257 4122 insulae,
1310 4060 1593 4125 attendite,
1643 4069 1849 4131 gentes.
1904 4063 2072 4120 Multo

504 4146 749 4218 tempore
792 4149 991 4212 stabit,
1028 4148 1165 4202 dicit
1225 4148 1485 4205 Dominus
1517 4150 1587 4205 ⁸⁸.
1629 4172 1648 4203 ι
1683 4151 1891 4217 Quibus
1921 4154 2074 4209 dein-

502 4254 635 4309 ceps
657 4249 711 4293 et
743 4240 811 4294 de
839 4241 1088 4308 gentibus
1120 4242 1345 4311 pariter,
1373 4249 1427 4296 et
1455 4242 1524 4298 de
1560 4243 1782 4299 Christo
1804 4246 2070 4315 adiungit:

2107 3117 2156 3180 (ἒ
2189 3117 2957 3208 ”σὶαὶξξιὶι»ῖ’ἓκλ”ὀᾷἦξ”φὶαι
3015 3117 3300 3204 ﬁgis}
3357 3117 3548 3189 ἐόνών
3603 3132 3747 3199 κλή-

2251 3230 2424 3279 σεως.

2255 3346 2276 3379 ι
2314 3324 2484 3379 Τοῦτο
2506 3323 2721 3396 πρῶτον
2750 3322 2862 3385 πίε,
2888 3321 3027 3391 ταχὺ
3069 3318 3231 3381 ποίει,
3262 3314 3414 3387 χώρα
3444 3311 3748 3374 Ζαϐουλὼν,

2179 3416 2214 3487 ἠ
2260 3415 2330 3486 γῆ
2372 3415 2709 3485 Νεφθαλείμ,
2752 3413 2849 3467 καὶ
2900 3413 2952 3465 οἱ
3000 3410 3175 3464 λοιποὶ
3226 3410 3274 3461 oi
3328 3407 3426 3478 τὴν
3476 3405 3747 3477 παραλίαν

2179 3506 2351 3577 πέραν
2382 3506 2476 3561 τοῦ
2516 3506 2801 3579 Ἰορδάνου,
2829 3502 3085 3556 Γαλιλαία
3125 3500 3231 3554 τῶν
3274 3498 3462 3562 ἐθνῶν,
3494 3499 3523 3550 ὁ
3556 3494 3680 3557 λαὸς
3720 3495 3746 3548 6

2178 3598 2481 3670 καθήμενος
2510 3599 2568 3651 ὲν
2598 3598 2796 3651 σκότει.
2835 3596 3001 3649 Ἴδετε
3030 3593 3145 3663 φῶς
3182 3593 3323 3663 μέγα
3350 3593 3398 3644 οἱ
3433 3585 3744 3643 κατοικοῦν-

2176 3708 2267 3755 τες
2288 3694 2345 3744 ἐν
2366 3690 2519 3763 χώρα
2533 3691 2627 3744 καὶ
2642 3691 2770 3761 σκιᾷ
2790 3689 3044 3752 θανάτου,
3065 3686 3178 3756 φῶς
3199 3684 3401 3756 λάμψει
3420 3683 3504 3751 ἐφ’
3529 3681 3693 3752 ὑμᾶς.
3723 3697 3742 3730 ι

2174 3895 2275 3947 IA'.
2323 3890 2463 3948 Ἀπὸ
2492 3890 2598 3944 τοῦ
2626 3887 2832 3943 αὑτοῦ.
2864 3917 2934 3927 --
2970 3885 3084 3952 Τῆς
3107 3883 3228 3938 τῶν
3255 3882 3446 3939 ἐθνῶν
3470 3881 3741 3948 κλήσεως

2811 3957 3099 4025 δήλωσις.

2251 4091 2269 4123 ι
2315 4070 2605 4125 Ἀκούσατέ
2633 4087 2753 4140 μου,
2786 4069 2960 4139 νῆσοι,
2991 4068 3087 4120 καὶ
3113 4066 3428 4138 προσέχετε,
3463 4063 3611 4133 ἔθνη.
3647 4063 3740 4115 Διὰ

2172 4163 2363 4235 χρόνου
2415 4161 2608 4214 πολλοῦ
2659 4162 2933 4231 στήσεται,
2969 4157 3115 4226 λέγει
3155 4156 3376 4227 Κύριος.
3423 4175 3440 4208 ο
3497 4150 3591 4218 Οἷς
3616 4156 3740 4224 ἐξῆς

2171 4249 2307 4323 ὁμοῦ
2345 4252 2472 4322 περὶ
2502 4249 2607 4302 τῶν
2642 4247 2808 4301 ἐθνῶν
2857 4248 2949 4302 καὶ
2988 4248 3118 4318 περὶ
3154 4248 3246 4301 τοῦ
3290 4246 3524 4318 Χριστοῦ
3564 4247 3738 4300 ἐπιλέ-

509 4350 532 4385 ‹
572 4331 714 4386 Ecce
738 4332 870 4401 .dedi
924 4340 976 4386 te
1017 4334 1073 4387 in
1127 4341 1513 4389 testamentum
1543 4337 1778 4406 generis,
1812 4338 1865 4390 in
1898 4339 2074 4392 lucem

2184 4359 2278 4411 γει·
2317 4361 2335 4392 ι
2388 4340 2517 4394 Ἰδοὺ
2537 4338 2743 4392 δέδωκά
2774 4356 2832 4393 σε
2864 4341 2942 4402 είς
2969 4338 3232 4410 διαθήκην
3265 4340 3473 4408 γένους,
3516 4341 3594 4401 είς
3626 4338 3739 4406 φῶς

503 4424 767 4494 gentium,
808 4432 864 4478 ut
912 4425 990 4481 sis
1035 4426 1089 4479 in
1147 4426 1377 4480 salutem
1424 4444 1599 4499 usque
1655 4428 1723 4482 ad
1763 4440 2068 4483 extremum

2184 4432 2362 4497 ἐθνῶν,
2388 4431 2481 4485 τοῦ
2506 4429 2642 4484 εἶναί
2671 4447 2728 4484 σε
2764 4431 3035 4502 σωτηρίαν
3058 4431 3161 4495 ἕως
3186 4432 3413 4501 ἐσχάτου
3441 4432 3538 4501 τῆς
3565 4431 3683 4501 γῆς.
3716 4451 3733 4480 ι

504 4522 665 4569 terra:
687 4515 753 4571 ⁸⁸.
784 4534 803 4568 ι
824 4515 1089 4571 Caeterum
1128 4518 1545 4574 innumerabilia
1579 4520 1696 4590 ipse
1719 4536 1937 4590 quoque
1981 4520 2068 4574 iu-

2184 4526 2357 4596 ilupla
2395 4525 2439 4578 δ’
2486 4524 2551 4578 ἂν
2595 4524 2774 4594 εὕροις
2806 4523 2897 4577 καὶ
2927 4523 3084 4584 αὐτὸς
3117 4523 3184 4576 δι’
3209 4523 3343 4575 ὅλων
3382 4521 3486 4576 τῶν
3525 4538 3736 4593 προφη-

501 4607 708 4672 venies,
736 4608 934 4678 quibus
958 4623 1043 4673 ea,
1068 4625 1188 4679 qua:
1215 4612 1466 4682 gentibus
1497 4612 1765 4682 promissa
1785 4621 1915 4669 sunt
1939 4627 2058 4668 con-

2184 4618 2276 4670 :th
2309 4615 2732 4685 κατεσπαρμένα
2757 4615 2814 4667 ἐν
2844 4613 3195 4681 ἐπαγγελίαις
3225 4614 3335 4666 τῶν
3378 4612 3564 4676 ἐθνῶν,
3596 4611 3737 4684 ἆπερ

501 4701 765 4766 tinentur,
829 4717 923 4772 per
984 4718 1176 4759 omnes
1224 4706 1519 4777 prophetas
1570 4707 1837 4779 dispersa,
1869 4709 2069 4777 quibus

2184 4710 2259 4763 επὶ
2292 4708 2382 4762 τοῦ
2434 4708 2695 4780 παρόντος
2742 4706 2865 4759 οὔτε
2912 4704 3213 4773 ἀναλέγειν,
3248 4703 3371 4757 οὔτε
3420 4706 3737 4776 ἑρμηνεύειν

498 4809 634 4849 sane
661 4794 716 4848 in
772 4796 1094 4863 praesentia,
1135 4814 1312 4869 neque
1335 4799 1674 4870 colligendis,
1703 4815 1876 4870 neque
1898 4801 2069 4857 inter-

2184 4800 2377 4871 ιαιρὸς,
2403 4799 2542 4870 πλὴν
2574 4798 2733 4853 ἱκανὰ
2762 4798 3018 4869 τυγχάνει
3042 4798 3135 4851 καὶ
3168 4796 3235 4849 τὰ
3273 4795 3599 4867 προτεθέντα
3629 4814 3735 4851 πα-

500 4887 779 4956 pretandis
816 4894 1032 4958 tempus
1061 4888 1236 4955 adest,
1268 4892 1487 4946 tametsi
1534 4892 1704 4945 multa
1737 4891 1805 4945 ad
1837 4893 2065 4947 demon-

2184 4894 2432 4962 ναστῆσαι
2461 4891 2521 4945 τὺ
2562 4890 2941 4964 προκείμενον.
2974 4891 3145 4943 Τοῦτο
3175 4891 3219 4944 δ’
3248 4886 3316 4961 ἦν
3344 4893 3454 4953 τοῖς
3480 4893 3544 4944 ἐκ
3576 4907 3734 4977 περι-

499 4979 783 5033 strandum
813 4979 867 5033 id
895 4981 1040 5050 quod
1067 4982 1409 5051 propositum
1440 4990 1547 5045 est,
1594 4982 1651 5036 in
1690 4983 2066 5051 superioribus

2184 4984 2336 5055 τομῆς
2377 4984 2519 5054 μέγα
2550 4984 2633 5051 ἐφ’
2666 4984 2879 5044 ἑαυτοῖς
2913 4980 3139 5052 αὐχοῦσι
3174 4982 3267 5034 καὶ
3300 4983 3732 5052 σεμνυνομένοις,

498 5067 787 5123 habentur.
816 5067 932 5125 Hoc
981 5079 1162 5125 autem
1195 5072 1301 5127 fuit
1329 5072 1623 5127 ostendere
1657 5072 1761 5137 eis,
1806 5075 1899 5143 qui
1928 5088 2063 5143 quo-

2184 5076 2241 5141 in;
2264 5076 2357 5130 τοῦ
2381 5075 2517 5130 Θεοῦ
2550 5076 2743 5146 μόνους
2767 5076 2962 5138 αὐτοὺς
2987 5075 3096 5128 τῶν
3122 5075 3319 5129 λοιπῶν
3347 5077 3516 5129 ἐθνῶν
3550 5093 3733 5145 προτι·

497 5161 643 5214 niam
673 5176 739 5216 ex
762 5163 1181 5220 circumcisione
1222 5174 1385 5228 sunt,
1416 5166 1613 5235 seipsis
1644 5166 1799 5220 valde
1825 5166 2065 5237 glorian-

2184 5170 2457 5240 ιήσαντος,
2489 5168 2585 5222 καὶ
2619 5167 2810 5237 μόνους
2851 5165 2958 5220 τῶν
2991 5166 3147 5220 θείων
3183 5166 3524 5236 ἐπαγγελιῶν
3564 5184 3731 5233 κατη-

496 5263 586 5308 ιυι·
618 5263 671 5308 et
705 5256 1044 5323 superbiant,
1067 5258 1222 5326 quasi
1262 5272 1322 5312 se
1346 5273 1485 5314 unos
1509 5257 1650 5313 Deus
1681 5257 1904 5328 reliquis
1931 5272 2065 5328 gen-

2184 5260 2438 5325 ξιωκότος,
2497 5257 2758 5322 ἐπιδεῖξαι
2806 5257 2882 5320 ὼς
2906 5258 3057 5309 οὐδὲν
3114 5262 3356 5329 κρεῖττον
3413 5255 3563 5326 παρὰ
3608 5257 3732 5317 τοὺς

496 5345 641 5399 tibus
669 5349 1035 5415 proposuerit,
1063 5364 1231 5418 seque
1262 5365 1402 5403 unos
1423 5349 1617 5419 dignos
1644 5349 2059 5413 existimaverit,

2184 5351 2383 5412 ιοιποὺς
2433 5346 2678 5411 ἅπαντας
2724 5347 2867 5411 ἰδίως
2904 5349 3085 5412 αὐτοῖς
3116 5351 3176 5402 ἐν
3203 5352 3322 5413 ταῖς
3355 5348 3525 5410 θείαις
3556 5349 3732 5416 ἐπήγ-

494 5436 695 5505 quibus
722 5452 843 5506 quae
876 5438 1056 5493 futura
1095 5448 1271 5504 erant,
1292 5441 1556 5496 divinitus
1587 5446 2057 5509 promitterentur,

2184 5443 2349 5512 τελται
2371 5440 2743 5511 ὑποσχέσεσιν.
2772 5441 2897 5494 Ὅτε
2924 5441 3101 5494 τοίνυν
3126 5440 3420 5510 ἀπεδείχθη
3444 5438 3550 5491 τῶν
3575 5438 3732 5492 θείων

496 5528 631 5583 nihil
672 5529 805 5598 ipsis
849 5543 1094 5588 seorsum
1138 5533 1402 5589 acazteris
1451 5534 1725 5600 omnibus,
1773 5534 1827 5588 in
1856 5534 2056 5590 divinis

2184 5531 2502 5601 ;παγγελιῶν
2542 5531 2612 5585 τὰ
2652 5531 2777 5599 ἔθνη
2812 5532 3214 5603 κατηξιωμένα,
3243 5530 3376 5603 φέρε
3416 5531 3600 5586 λοιπὸν
3631 5530 3737 5601 ήδη

566 5717 608 5749 ⁸¹
639 5713 782 5770 Psal.
814 5725 933 5776 xcv,
958 5716 1007 5771 7.
1065 5719 1109 5748 ⁸²
1141 5715 1270 5771 ibid.
1314 5716 1399 5772 10.
1473 5716 1520 5749 ⁸³
1553 5715 1716 5771 Zach.
1743 5733 1854 5773 xlv.
1888 5716 2074 5773 16.19.

2184 5728 2191 5746 '
2226 5719 2305 5771 lsa
2366 5732 2438 5781 Is,
2479 5715 2578 5782 ','2.
2658 5718 2702 5748 ⁸⁵
2732 5717 2833 5772 lsa.
2860 5732 3006 5781 χιιι,
3036 5715 3085 5768 1.
3153 5713 3199 5746 ⁵⁸
3228 5713 3361 5769 ibid.
3389 5711 3443 5773 6.
