4106 6454
1873 295 1994 310 pm...

396 413 500 470 {05
1315 413 1966 472 DEMONSTRATIONIS
2007 408 2466 465 EVANGELICIE
2506 409 2634 464 LIB.
2669 409 2734 464 II.
3531 415 3632 470 106

393 531 487 584 καὶ
515 529 575 583 τὸ
613 530 678 585 δι’
706 525 767 586 οὗ
798 532 864 586 τά
901 532 1028 603 ἔθνη
1055 533 1154 604 τῆς
1180 533 1274 586 τοῦ
1306 533 1440 586 Θεοῦ
1464 534 1710 604 κλήσεως
1741 533 1832 585 καὶ
1857 530 1928 582 τῶ

2035 583 2036 587 η
2067 525 2521 596 promissionibus
2553 541 2674 580 esse
2703 524 3058 594 promissum.
3085 523 3315 592 Quando
3344 527 3509 598 igitur
3534 529 3629 583 de—

393 623 552 675 θείων
603 623 938 692 ἐπαγγελιῶν
984 623 1266 688 τεύξεσθαι
1311 623 1563 693 λέγεται,
1619 621 1928 690 θεασώμεθα

2059 624 2422 670 monstratum
2443 624 2547 680 est,
2579 625 2766 687 gentes
2805 632 3021 686 quoque
3062 617 3369 673 divinorum
3397 617 3629 688 promis-

393 710 569 763 Καλὸν
603 712 708 784 γάρ
747 713 840 766 καὶ
886 715 984 785 τὴν
1029 716 1204 768 αἰτίαν
1245 717 1468 769 συνιδεῖν
1512 715 1609 786 τὴν
1642 717 1750 776 τοῖς
1784 711 1928 765 ἒθνεσ

2059 725 2240 762 sorum
2270 709 2591 763 beneﬁcium
2637 725 2760 764 esse
2805 717 3153 772 consecutas,
3209 727 3308 781 age
3332 711 3443 780 jam
3467 711 3626 768 dein-

395 803 463 856 τὰ
491 803 668 872 ἀγαθὰ
695 805 1045 876 προξενήσειν
1071 807 1383 878 λεγομένην.
1420 807 1514 869 Τίς
1546 807 1589 858 δ’
1620 806 1683 858 ἂν
1713 805 1796 873 εἴη
1822 804 1928 856 αῦτ·

2055 815 2182 868 ccps
2199 799 2456 868 quidnam
2489 800 2620 852 illud
2659 801 2756 864 sit,
2814 817 2876 854 ex
2907 818 3018 871 quo
3061 811 3250 872 gentes
3291 811 3345 857 et
3381 805 3620 858 vocatio-

396 895 429 965 ἢ
465 895 556 948 τοῦ
585 895 819 966 Χριστοῦ
853 898 1142 967 παρουσία,
1173 898 1239 950 δι’
1269 893 1328 952 οὗ
1363 899 1456 950 καὶ
1482 901 1528 949 οἰ
1563 899 1626 949 ἐκ
1660 895 1923 966 περιτομῆ

2057 891 2144 945 nis
2172 889 2264 944 Dei
2321 899 2376 945 et
2409 891 2716 946 divinorum
2769 895 3160 962 promissorum
3220 907 3496 966 compotes
3543 896 3625 952 fu-

391 987 489 1057 τὴν
513 987 717 1040 ἑαυτῶν
743 987 1060 1058 ὁμολογοῦσι
1081 988 1400 1060 γενήσεσθαι
1421 987 1821 1058 attollit-pme;
1840 988 1928 1037 Δει

2052 993 2186 1038 tura:
2241 983 2537 1048 dicuntur,
2593 986 3042 1054 contemplemur.
3116 985 3411 1042 Pulchrum
3477 989 3622 1043 enim

391 1080 546 1132 κτέον
576 1080 770 1144 τοίνυν,
801 1081 876 1144 ὡς
904 1083 1048 1152 καὶὴ
1078 1081 1177 1150 τῆς
1202 1081 1306 1134 τῶν
1337 1081 1502 1134 ἐθνῶν
1519 1081 1766 1151 κλήσεως
1798 1095 1928 1150 προσ

2057 1084 2142 1129 est
2194 1090 2415 1130 causam
2457 1091 2786 1145 cognoscere
2821 1116 2836 1140 ,
2879 1091 3002 1146 quae
3047 1079 3174 1132 talia
3227 1079 3368 1133 bona
3409 1080 3624 1134 dicatur

389 1169 543 1223 δοκία
568 1170 672 1222 οὐδ’
699 1170 772 1240 (1)
791 1171 950 1242 ἐτὲρα
965 1189 1048 1234 τις
1063 1171 1328 1241 ὑπῆρχεν,
1346 1171 1378 1240 ἢ
1399 1171 1558 1232 αὐτὸς
1573 1171 1601 1220 ὁ
1616 1167 1848 1240 Χριστὸς
1861 1169 1928 1220 τοέ

2055 1183 2177 1222 esse
2208 1169 2461 1238 gentibus
2497 1169 2853 1222 conciliatura
2877 1208 2891 1233 ,
2923 1185 3170 1240 quaenam
3201 1187 3364 1242 porro
3405 1174 3510 1227 alia
3556 1175 3626 1228 sit

388 1260 543 1324 Θεοῦ,
573 1262 631 1313 οὑ
662 1263 818 1330 μόνον
857 1262 1147 1326 Ἰουδαίοις,
1177 1261 1308 1314 ἀλλὰ
1335 1263 1433 1314 καὶ
1457 1262 1588 1312 πᾶσι
1623 1262 1731 1323 τοῖς
1781 1258 1955 1311 ἔθνεσι

391 1349 579 1420 Σωτὴρ
610 1351 1090 1421 ἐπιφανησόμενος.
1121 1353 1407 1423 Χρήσομαι
1447 1351 1503 1403 δέ
1539 1350 1606 1403 τὰ
1637 1349 1731 1402 νῦν
1773 1348 1955 1418 ψιλαῖς

389 1438 494 1493 τῶν
544 1439 833 1509 προφητῶν
879 1441 1200 1512 μαρτυρίαις
1245 1443 1365 1512 δίχα
1416 1444 1596 1512 πάσης
1636 1441 1947 1513 ἑρμηνείας,

388 1528 481 1580 ἐπὶ
509 1527 701 1598 σχολῆς
726 1528 929 1600 μέλλων
957 1529 1192 1600 ἑκάστην
1222 1533 1301 1594 είς
1321 1531 1520 1594 πλάτος
1539 1530 1913 1601 διερμηνεύειν
1933 1548 1946 1560 ·

387 1617 528 1670 ἐπὰν
559 1619 654 1671 σὺν
681 1618 798 1688 Θεῷ
825 1618 924 1682 τὰς
957 1621 1082 1691 περὶ
1113 1620 1220 1675 τῶν
1249 1621 1416 1674 ἐθνῶν
1473 1622 1805 1693 προρρήσεις
1832 1637 1954 1674 συν-

383 1714 603 1784 αγαγὼν
627 1715 761 1787 ὁμοῦ
796 1715 973 1779 πάσας
995 1715 1365 1790 διερμηνεύειν
1400 1716 1666 1788 μέλλοιμι.

2058 1259 2192 1321 Ιιωο,
2227 1274 2386 1326 quam
2407 1257 2614 1312 Christi
2659 1259 2964 1316 adventus?
3015 1277 3112 1330 per
3155 1277 3315 1330 quem
3340 1261 3376 1314 ii
3407 1277 3624 1331 quoque

2057 1351 2150 1420 qui
2175 1365 2240 1405 ex
2268 1351 2686 1407 circumcisione
2716 1362 2864 1413 sunt,
2901 1367 3056 1407 suam
3094 1353 3330 1407 futuram
3377 1369 3499 1409 esse
3531 1369 3620 1408 re:

2056 1443 2416 1514 demptionem
2449 1443 2924 1499 conﬁtentur?Est
2953 1445 3116 1515 igitur
3141 1445 3620 1500 demonstrandum

2059 1534 2520 1603 exspectationem
2596 1535 2898 1590 vocationis
2963 1537 3202 1613 gentium
3285 1551 3393 1590 non
3461 1537 3620 1590 aliam

2059 1625 2366 1696 quampiam
2389 1626 2582 1690 fuisse,
2629 1643 2786 1696 quam
2837 1625 3148 1698 “ipsum
3188 1625 3469 1681 Christum
3504 1623 3619 1689 Dei,

2061 1718 2154 1787 qui
2192 1733 2302 1772 non
2333 1719 2506 1773 solum
2529 1716 2753 1781 Iudaeis,
2779 1718 2874 1773 sed
2900 1718 3064 1772 etiam
3085 1717 3340 1772 omnibus
3367 1715 3622 1786 gentibus

387 1803 721 1860 Salvatorem
773 1823 832 1862 se
889 1806 1053 1863 fuerit
1088 1809 1454 1864 exhibiturus.
1512 1807 1645 1862 Utar
1669 1823 1797 1861 vero
1845 1821 1990 1861 nunc
2047 1809 2211 1865 nudis
2258 1809 2644 1880 prophetarum
2688 1807 3014 1864 testimoniis
3088 1808 3296 1878 absque
3359 1805 3468 1862 ulla
3537 1808 3622 1862 in-

387 1900 787 1967 terpretatione,
825 1903 936 1956 otio
959 1912 1080 1972 post
1110 1903 1363 1958 liberiore
1394 1901 1818 1972 unumquodque
1839 1916 2030 1956 eorum
2059 1903 2222 1958 latius
2249 1903 2702 1974 iuterpretaturus
2722 1919 2734 1954 :
2755 1903 3215 1973 quandoquidem,
3249 1901 3461 1958 favente
3487 1901 3618 1969 Deo,

384 1991 475 2046 ubi
501 1993 682 2046 omnia
712 2009 833 2063 qua:
878 1995 944 2049 de
975 1997 1226 2066 gentibus
1251 1981 1504 2066 praedicta
1534 2005 1660 2052 sunt
1689 1998 1742 2050 in
1779 2012 1944 2050 unum
1986 2011 2236 2066 coegero,
2269 1996 2386 2064 ipsa
2413 1995 2528 2050 haec
2559 1996 2909 2065 interpretari
2933 1995 3218 2051 constitui.

910 2110 1136 2164 ΚΕΦΑΛ
1143 2110 1307 2164 AION
1355 2112 1429 2165 B'.

381 2219 574 2286 Ὅπως
604 2225 656 2274 οὶ
697 2223 863 2278 αὐτοὶ
905 2223 1004 2276 ἐπὶ
1047 2223 1124 2292 τῇ
1170 2225 1276 2278 τοῦ
1326 2225 1580 2292 Χριστοῦ
1624 2227 1944 2292 παρουσίᾳ,

449 2311 564 2380 τὴν
592 2315 697 2368 τοῦ
732 2317 918 2368 πάλαι
950 2317 1087 2382 παρ’
1131 2317 1414 2383 Ἑϐραίοις
1443 2318 1633 2384 μόνου
1665 2331 1948 2385 γινωσκο-

443 2403 631 2474 μένου
657 2405 803 2458 Θεοῦ
829 2406 1056 2474 γνῶσίν
1080 2423 1142 2459 τε
1167 2406 1262 2458 καὶ
1291 2405 1622 2468 εὐσέϐειαν,
1657 2404 1852 2457 πάντα
1877 2403 1947 2456 τὰ

447 2495 592 2564 ἔθνη
620 2497 996 2565 μαθήσεσθαι
1027 2495 1470 2566 προεθέσπιζον.

379 2606 478 2660 lB'.
521 2607 654 2678 Ἀπὸ
683 2608 788 2662 τοῦ
829 2608 1073 2676 ψαλμοῦ
1106 2607 1172 2678 β’.
1204 2641 1270 2648 -
1314 2607 1584 2675 Δήλωσις
1623 2609 1943 2678 ἐπιϐουλῆς

447 2677 551 2729 τοῦ
579 2678 855 2744 Χριστοῦ,
899 2678 996 2730 καί
1039 2677 1218 2741 αὐτὸς
1264 2679 1770 2746 ἀναγορευόμενος
1813 2679 1943 2743 Υἱὸς

447 2747 887 2816 Θεοῦ,ᾼκλῆρόν
943 2763 1004 2798 τε
1056 2748 1128 2799 τὰ
1179 2749 1326 2814 ἔθνη
1369 2747 1527 2812 παρὰ
1563 2747 1667 2798 τοῦ
1711 2748 1942 2816 Πατρός

443 2813 778 2882 λαμϐάνων.

446 2945 466 2978 ι
493 2928 608 2980 Ἵνα
645 2928 698 2980 τί
761 2927 1034 2998 ἐφρύαξαν
1083 2926 1234 2998 ἔθνη,
1289 2928 1380 2980 καὶ
1433 2927 1553 2980 λαοὶ
1606 2928 1939 3000 ἐμελέτησαν

369 3017 536 3080 κενάς
572 3019 928 3090 Παρέστησαν
962 3021 1010 3072 oi
1051 3017 1288 3088 βασιλεῖς
1334 3018 1434 3088 τῆς
1464 3021 1586 3089 γῆς,
1631 3022 1724 3073 κοιλ⁵
1754 3023 1802 3072 οἱ
1838 3021 1938 3091 ἄρ-

368 3123 554 3178 χοντες
583 3105 924 3178 συνήχθησαν
957 3107 1052 3160 ἐπὶ
1083 3108 1141 3159 τὸ
1169 3106 1301 3160 αὐτὸ
1333 3107 1474 3160 κατὰ
1495 3107 1588 3160 τοῦ
1617 3109 1820 3180 Κυρίου
1847 3112 1938 3164 καὶ

367 3199 511 3252 κατὰ
542 3200 633 3252 τοῦ
665 3200 898 3270 Χριστοῦ
937 3200 1121 3264 αὑτοῦ,
1164 3219 1182 3250 ι
1223 3201 1312 3254 καὶ
1345 3200 1410 3254 τὰ
1440 3201 1568 3270 ἐξῆς
1598 3219 1611 3230 ·
1645 3196 1725 3264 οἷς
1758 3201 1939 3255 ἐπιλέ-

367 3307 487 3358 γειο
527 3311 546 3342 ι
583 3291 785 3363 Κύριος
829 3288 949 3344 εἷπε
993 3291 1130 3362 πρὸς
1166 3292 1232 3362 μέ
1264 3309 1276 3321 ·
1327 3291 1454 3356 Υἱός
1483 3311 1583 3363 μου
1616 3289 1666 3346 εἷ
1708 3294 1793 3358 σὺ,
1828 3293 1939 3362 ἐγὼ

369 3383 603 3454 σήμερον
624 3383 924 3454 γεγέννηκά
952 3399 1030 3436 σε.
1068 3384 1295 3453 Αίτησαι
1322 3384 1448 3454 παρ’
1481 3383 1636 3455 ἐμοῦ,
1664 3384 1756 3436 καὶ
1781 3383 1936 3438 δώσω

2665 2109 2893 2166 CAPUT
2933 2110 2996 2165 II.

2049 2224 2504 2292 Quemadmodum
2543 2226 2700 2278 iidem
2739 2225 2888 2293 fore,
2930 2233 2986 2278 ut
3024 2226 3080 2280 in
3120 2224 3342 2280 adventu
3381 2225 3614 2293 Christi,

2115 2318 2226 2388 ejus
2268 2317 2364 2371 Dei
2402 2318 2494 2387 qui
2529 2317 2655 2370 olim
2703 2333 2734 2370 a
2779 2315 2982 2371 Judwis
3019 2317 3148 2371 solis
3186 2318 3612 2386 cognoscebatur,

2117 2409 2465 2478 cognitionem
2504 2417 2554 2462 et
2591 2410 2788 2461 cultum
2839 2424 3016 2462 omnes
3063 2415 3236 2478 gentes
3289 2408 3610 2478 acciperent,

2115 2501 2389 2554 vaticinati
2423 2510 2564 2553 sunt.

2042 2611 2160 2666 XII.
2194 2611 2238 2664 Α
2283 2611 2489 2680 psalmo
2519 2627 2574 2664 ιι.
2595 2641 2662 2650 ——-
2681 2609 2986 2680 Declaratio
3014 2611 3332 2662 insidiarum
3361 2611 3609 2665 adversus

2115 2678 2415 2751 Christum,
2451 2681 2541 2733 ubi
2569 2681 2690 2751 ipse
2721 2678 2766 2731 F
2769 2680 2890 2733 ilius
2927 2678 3023 2751 Dei
3053 2680 3367 2749 appellatur,
3408 2691 3456 2734 et
3487 2698 3612 2751 gen-

2111 2761 2186 2804 tes
2215 2750 2570 2805 hoereditatem
2596 2768 2627 2803 a
2655 2749 2816 2802 Patre
2845 2749 3050 2817 accipit.

2115 2946 2135 2978 ε
2167 2925 2348 2994 Quare
2393 2927 2735 2982 fremuerunt
2774 2935 2996 2997 gentes,
3037 2934 3093 2981 et
3137 2927 3324 2998 pepuli
3363 2926 3606 2982 meditati

2041 3031 2168 3076 sunt
2211 3020 2442 3075 inania?
2480 3017 2786 3073 Astiterunt
2819 3032 2974 3088 reges
3008 3024 3199 3085 terrae,
3239 3025 3294 3075 et
3327 3018 3604 3090 principes

2039 3118 2414 3168 convenerunt
2446 3113 2498 3164 in
2533 3125 2736 3175 unum,
2768 3109 3032 3168 adversus
3060 3111 3348 3167 Dominum
3371 3150 3391 3178 ,
3423 3117 3479 3166 et
3507 3111 3604 3166 ad-

2038 3223 2234 3262 versus
2264 3206 2544 3261 Christum
2571 3207 2690 3275 ejus
2723 3207 2792 3271 ⁸⁷,
2826 3226 2845 3258 ι
2869 3213 2923 3262 et
2954 3219 3076 3276 qua:
3101 3210 3445 3274 sequuntur;
3475 3202 3600 3272 qui-

2040 3298 2142 3352 bus
2172 3297 2414 3369 adjungit
2445 3316 2500 3352 ;‹
2526 3297 2790 3353 Dominus
2819 3297 2959 3352 dixit
2983 3297 3203 3351 adme:
3237 3293 3410 3350 Filius
3443 3309 3600 3350 meus

2039 3403 2100 3444 es
2140 3397 2196 3442 tu
2225 3432 2238 3454 ,
2270 3403 2372 3459 ego
2409 3387 2570 3444 hodie
2599 3391 2760 3460 genui
2795 3397 2869 3445 te.
2901 3387 3122 3444 Postula
3155 3403 3188 3442 a
3219 3373 3340 3452 me,
3375 3395 3430 3443 et
3457 3386 3600 3442 dabo

369 3490 450 3526 σοι
493 3475 619 3546 ἔθνη
652 3475 1010 3548 κληρονομίαν
1053 3493 1168 3540 σου,
1201 3476 1295 3529 καὶ
1321 3469 1419 3546 τὴν
1458 3477 1784 3546 κατάσχεσίν
1833 3494 1928 3529 σου

2038 3479 2133 3534 tibi
2195 3447 2384 3550 gentes
2438 3447 2806 3536 [nereditatem
2866 3486 3046 3544 tuam,
3099 3487 3152 3535 et
3195 3479 3596 3549 possessionem

363 3557 432 3619 τὰ
467 3567 674 3638 πέρατα
712 3569 810 3639 τῆς
842 3568 964 3638 γῆς.
1015 3587 1032 3620 ι

365 3679 460 3735 1Γ’.
502 3681 630 3734 Ἀπὸ
657 3682 762 3735 τοῦ
785 3683 1024 3750 ψαλμοῦ
1046 3689 1140 3735 οα’.
1161 3714 1231 3723 -
1249 3681 1519 3750 Διήλωσις
1548 3683 1800 3748 Χριστοῦ
1816 3683 1930 3746 ,βα-

431 3754 664 3820 σιρλείιις
688 3752 783 3804 καὶ
815 3752 1086 3818 minaretur;
1106 3751 1313 3814 ἐθνῶν,
1337 3751 1432 3805 καὶ
1457 3753 1668 3806 πασῶν
1686 3751 1802 3806 τῶν
1819 3770 1931 3820 φυ-

429 3819 556 3873 λῶν
583 3821 692 3887 τῆς
719 3821 832 3889 γῆς
857 3823 1121 3890 εὐλογία.

436 3929 456 3962 ι
509 3913 566 3965 ὐ
595 3913 744 3976 Θεὸς,
792 3913 854 3964 τὸ
884 3915 1058 3984 κρῖμα
1097 3930 1189 3966 σου
1221 3913 1300 3984 τῷ
1335 3913 1544 3982 βασιλεῖ
1573 3913 1660 3976 δὸς
1701 3915 1796 3967 καὶ
1830 3911 1926 3984 τὴν

360 4000 703 4072 δικαιοσύνην
737 4019 829 4055 σου
870 4002 948 4072 τῷ
991 4001 1090 4073 υίῷ
1122 4003 1216 4056 τοῦ
1261 4003 1542 4073 βασιλέως,
1594 4003 1798 4072 κρίνειν
1835 4003 1926 4056 τὸν

359 4093 486 4147 λαόν
521 4111 634 4158 σου,
671 4114 690 4145 ι
724 4096 817 4148 καὶ
847 4095 914 4148 τὰ
947 4096 1092 4166 ἑξῆς,
1133 4090 1214 4158 οἷς
1245 4095 1518 4164 ἐπιλέγει·
1561 4114 1578 4146 ο
1621 4095 1731 4149 Καὶ
1759 4113 1926 4149 κατα-

359 4189 632 4260 κυριεύσει
665 4190 772 4244 άπὸ
803 4190 1074 4262 θαλάσσης
1112 4191 1216 4254 ἕως
1247 4191 1536 4260 θαλάσσης,
1571 4193 1664 4244 καὶ
1689 4192 1794 4245 ἀπὸ
1839 4209 1928 4246 πο-

357 4280 530 4350 ταμοῦ
562 4281 665 4343 ἕως
698 4282 948 4352 περάτων
981 4283 1080 4352 τῆς
1118 4281 1464 4352 οἰκουμένης.
1511 4301 1530 4334 ›
1577 4283 1687 4334 Καὶ
1733 4277 1920 4344 αὖθις·

361 4389 382 4422 ι
425 4370 608 4425 Πάντα
636 4371 703 4426 τὰ
744 4372 870 4442 ἔθνη
900 4372 1273 4426 δουλεύσουσιν
1305 4373 1472 4444 αὐτῷ.
1524 4391 1542 4424 ι
1581 4373 1691 4426 Καὶ
1727 4372 1918 4426 πάλων

363 4483 381 4514 ι
421 4463 881 4536 Εὐλογηθήσονται
910 4467 966 4517 ἐν
1004 4465 1152 4535 αὐτῷ
1189 4467 1360 4518 πᾶσαι
1388 4466 1444 4518 αἱ
1478 4465 1642 4532 φυλαὶ
1669 4465 1765 4534 τῆς
1793 4465 1916 4536 γῆς,

355 4554 530 4609 πάντα
570 4557 638 4610 τὰ
669 4555 795 4627 ἔθνη
829 4556 1184 4628 μακαριοῦσιν
1218 4557 1396 4610 αὐτόν.
1441 4575 1459 4606 ι
1499 4557 1607 4609 Καὶ
1647 4557 1739 4608 ἐπὶ
1778 4556 1916 4609 τέλει

353 4646 445 4700 τοῦ
472 4647 714 4719 ψαλμοῦ·
761 4668 780 4700 ι
826 4649 933 4702 Καὶ
981 4647 1395 4720 πληρωθήσεται
1435 4649 1532 4718 τῆς
1565 4647 1720 4718 δόξης
1753 4647 1915 4700 αὐτοῦ

351 4739 500 4792 πᾶσα
541 4740 574 4808 ή
603 4739 700 4810 γῆο
733 4739 960 4808 γένοιτο,
989 4738 1225 4807 γένοιτοί
1258 4757 1277 4789 ι

349 4853 446 4907 IA’.
488 4853 618 4906 Ἀπὸ
646 4853 750 4906 τοῦ
773 4853 1016 4922 ψαλμοῦ
1041 4851 1144 4920 [ιζ’.
1185 4851 1453 4920 Δήλωσις
1494 4851 1760 4922 ᾄσματος
1787 4869 1912 4906 και-

417 4923 550 4984 νοῦ,
577 4922 717 5001 grai~
732 4921 1058 5001 ﬁpazlorgc
1100 4922 1279 4985 Θεοῦ,
1330 4923 1428 5001 ναί
1470 4921 1575 4974 τοῦ
1617 4924 1910 5001 σωτηρίου

418 4991 606 5046 αὐτοῦ
635 4991 784 5044 πᾶσι
816 4991 940 5058 τοῖς
977 4992 1176 5046 ἔθνεσι
1217 4991 1579 5060 φανέρωσις·
1618 4992 1911 5059 σωτήριον

418 5062 484 5116 3e
506 5061 573 5115 τὸ
602 5061 708 5114 τοῦ
733 5061 866 5117 υἱοῦ
893 5062 1078 5131 ὄνομα
1113 5059 1386 5130 Ἐϐραίων
1405 5061 1690 5128 δηλοῦται
1717 5059 1904 5130 φωνῇ.

421 5169 440 5201 ε
487 5151 687 5222 ’ᾼσατε
726 5149 803 5218 τῷ
834 5151 1022 5221 Κυρίῳ
1065 5148 1216 5221 ᾆσμα
1255 5150 1460 5213 καινὸν,
1497 5149 1578 5202 ὃτι
1623 5148 1908 5220 θαυμαστά

343 5241 594 5312 ἐποίησεν
609 5243 638 5293 ὁ
652 5240 872 5312 Κύριος.
900 5242 1139 5294 Ἐσωσεν
1163 5242 1322 5295 αὐτὸν
1338 5243 1372 5312 ἡ
1387 5239 1536 5305 δεξιά
1561 5239 1746 5302 αὐτοῦ,
1769 5240 1862 5292 καὶ
1880 5241 1908 5292 ὁ

345 5331 580 5402 βραχίων
601 5334 629 5386 ὁ
650 5332 800 5400 ἆγιος
820 5331 1003 5385 αὑτοῦ.
1036 5331 1322 5404 Ἐγνώρισε
1343 5333 1544 5404 Κύριος
1565 5332 1626 5384 τὸ
1647 5333 1908 5402 σωτήριον

340 5419 526 5484 αὐτοῦ,
541 5421 778 5473 ἐναντίον
795 5418 902 5472 τῶν
919 5419 1086 5472 ἐθνῶν
1103 5421 1445 5490 ἀπεκάλυψεν
1455 5420 1554 5491 τὴν
1568 5419 1907 5491 δικαιοσύνην

341 5510 526 5576 αὐτοῦ,
551 5510 792 5582 ἐμνήσθη
821 5511 914 5562 τοῦ
945 5511 1125 5573 ἐλέους
1144 5511 1308 5564 αὐτοῦ
1333 5511 1411 5581 τῷ
1446 5510 1662 5574 Ἰακὼϐ,
1693 5511 1787 5564 καὶ
1809 5512 1907 5582 τῆς

339 5599 594 5666 ἀληθείας
625 5602 788 5656 αὑτοῦ
818 5602 898 5672 τῷ
929 5601 1062 5672 οἴκῳ
1103 5601 1350 5674 Ἰσραήλ·
1387 5603 1595 5656 εῐδοσαν
1633 5603 1807 5657 πάντα
1837 5601 1904 5654 τὰ

411 5722 456 5754 ⁸⁷
483 5721 628 5776 l’sai.
660 5737 719 5780 ιι,
760 5718 869 5795 ιβ.

411 5835 486 5906 (1)
520 5835 676 5888 οὐδ’.
709 5833 866 5888 Forte
893 5835 1008 5904 οὐχ.
1041 5833 1195 5886 Enn.
1231 5831 1405 5886 Pun.

611 5925 882 5985 ΡΑτιιοι..
915 5924 1030 5984 Gn.
1087 5924 1296 5989 XXII.

959 5721 1004 5750 ⁵³
1036 5718 1162 5772 ibid.
1201 5718 1329 5773 7—8.
1403 5719 1449 5752 ”
1472 5718 1618 5774 Psal.
1649 5735 1798 5786 tut,
1828 5718 1949 5774 ‘2-5:
2029 5719 2074 5755 '°
2108 5719 2239 5778 ibid.
2275 5722 2326 5776 8.

2031 3575 2180 3623 tuam
2208 3569 2471 3644 terminos
2500 3580 2656 3627 terra:
2671 3571 2736 3624 ⁸⁸.
2773 3590 2792 3622 ι

2029 3681 2173 3737 XIII.
2217 3683 2256 3736 Α
2301 3683 2512 3751 psalmo
2549 3699 2699 3739 LXXI.
2726 3713 2795 3723 ——
2823 3684 3124 3738 Declaratio
3164 3685 3308 3754 regni
3353 3684 3591 3747 Christi,

2101 3761 2151 3873 Et
2181 3755 2464 3873 rogationis
2495 3755 2762 3824 gentium,
2805 3762 2854 3806 et
2894 3755 3126 3808 omnium
3169 3755 3398 3807 tribuum
3441 3763 3593 3810 term

2135 3839 2226 3875 ene
2266 3835 2408 3876 ratio.

2107 3930 2127 3964 ι
2157 3912 2332 3978 Deus,
2375 3913 2644 3984 judicium
2699 3923 2850 3967 tuum
2905 3913 3018 3982 regi
3067 3913 3170 3978 da,
3220 3919 3274 3968 et
3317 3913 3589 3982 justitiam
3632 3898 3638 3904 ’

2028 4013 2180 4058 tuam
2227 4005 2337 4060 lilio
2388 4006 2565 4076 regis,
2603 4005 2853 4074 judicare
2891 4005 3151 4075 populum
3183 4011 3334 4058 tuum
3381 4005 3448 4068 ⁵³,
3485 4023 3502 4054 ι
3537 4011 3592 4058 et

2028 4110 2152 4166 quae
2200 4103 2506 4165 sequuntur
2545 4112 2559 4162 ;
2595 4095 2794 4165 quibus
2848 4093 3093 4163 adjungit
3125 4135 3138 4147 .
3175 4110 3194 4144 ι
3227 4089 3294 4146 Ει
3341 4091 3589 4146 domina-

2027 4188 2173 4242 bitur
2207 4202 2236 4240 a
2277 4189 2416 4240 mari
2463 4201 2637 4257 usque
2675 4184 2740 4240 ad
2785 4200 2970 4248 mare,
3006 4195 3059 4238 et
3092 4198 3123 4236 a
3159 4181 3383 4237 ﬂumine
3413 4197 3588 4251 usque

2025 4279 2090 4334 ad
2123 4281 2258 4336 lines
2291 4280 2442 4336 orbis
2476 4289 2636 4334 terra:
2659 4279 2725 4333 °°.
2760 4297 2778 4330 ι
2807 4278 2873 4334 Et
2903 4293 3134 4332 rursus:
3167 4295 3184 4326 ι
3217 4274 3418 4330 Omnes
3449 4290 3587 4346 gen—

2025 4383 2108 4428 tes
2152 4371 2388 4427 servient
2422 4371 2475 4427 ei
2503 4371 2546 4402 δι
2581 4390 2599 4423 ι
2630 4370 2759 4424 Item
2787 4387 2803 4424 :
2836 4387 2855 4421 ‹
2887 4369 2953 4424 Ει
2992 4366 3380 4424 benedicentur
3421 4366 3476 4419 in
3519 4381 3586 4420 eo

2021 4480 2213 4520 muues
2255 4464 2434 4520 tribus
2480 4472 2670 4527 terrae,
2722 4477 2910 4516 omnes
2957 4467 3147 4531 gentes
3193 4455 3582 4514 beatilieabuut

2020 4573 2142 4612 eum
2176 4557 2240 4612 ⁸².
2273 4574 2292 4607 i
2324 4555 2389 4611 Et
2440 4555 2495 4609 in
2551 4553 2658 4608 ﬁne
2707 4552 2942 4623 psalmi:
2977 4569 2996 4602 ‹
3033 4549 3099 4604 Et
3148 4548 3446 4619 replebitur
3475 4546 3584 4619 50

2021 4648 2305 4718 majestate
2335 4647 2454 4717 ejus
2489 4645 2668 4701 omnis
2694 4651 2838 4700 terra
2863 4661 2876 4698 :
2906 4643 3016 4706 fiat,
3046 4642 3136 4694 ﬁat
3157 4641 3238 4692 “l
3272 4660 3292 4692 ι

2018 4847 2159 4901 XIV.
2196 4847 2238 4899 A
2280 4846 2486 4914 psalmo
2517 4858 2683 4900 xcv".
2705 4874 2774 4884 ——
2793 4841 3096 4914 Declaratio
3112 4837 3314 4914 cantici
3341 4835 3459 4914 novi
3477 4871 3505 4914 ,.
3525 4842 3578 4886 et

2087 4906 2291 4970 brachii
2309 4917 2424 4978 Dei,
2457 4925 2505 4970 et
2531 4915 2786 4970 salutaris
2817 4913 2928 4980 ejus
2959 4912 3212 4980 omnibus
3228 4906 3464 4980 gentibus
3488 4906 3577 4956 in-

2087 4987 2324 5040 dicatio:
2352 4976 2588 5039 salutare
2617 4994 2788 5038 autem
2819 4976 2921 5052 ﬁlii
2947 4996 3130 5034 nomen
3165 4976 3424 5031 Hebraica
3460 4988 3579 5026 voce

2085 5058 2492 5112 demonstratur.

2093 5160 2112 5192 ‹
2139 5143 2367 5198 Cantate
2424 5141 2656 5196 Domino
2697 5139 2968 5196 canticum
3015 5149 3214 5191 novum
3239 5171 3254 5198 ,
3301 5131 3431 5202 quia
3471 5131 3578 5184 mi-

2015 5231 2209 5287 rabilia
2254 5232 2382 5286 fecit
2425 5232 2707 5287 Dominus.
2752 5229 2972 5284 Salvum
3019 5226 3147 5281 fecit
3188 5238 3310 5278 eum
3353 5223 3575 5278 dextera

2015 5325 2226 5395 ipsius,
2278 5332 2332 5380 et
2381 5325 2667 5380 brachium
2715 5333 2964 5379 sanctum
3011 5319 3144 5389 ejus.
3207 5315 3404 5370 Notum
3445 5314 3572 5368 fecit

2014 5416 2279 5472 Dominus
2335 5419 2574 5474 salutare
2628 5431 2826 5480 suum,
2884 5415 2938 5467 in
2991 5418 3282 5481 eonSpectu
3331 5407 3574 5478 gentium

2011 5510 2270 5566 revelavit
2303 5509 2574 5579 justitiam
2613 5523 2812 5568 suam;
2866 5503 3186 5559 recordatus
3235 5510 3320 5556 est
3353 5498 3538 5555 miseri

2013 5601 2214 5658 cordite
2245 5618 2358 5659 sua:
2389 5601 2592 5668 Iacob,
2624 5609 2680 5657 et
2711 5598 2958 5655 veritatis
2997 5594 3324 5652 suae'domui
3367 5591 3528 5648 Israel
3557 5609 3572 5645 :

2419 5722 2461 5754 “
2498 5719 2630 5776 ibid.
2672 5719 2760 5774 Η.
2841 5719 2884 5751 θ’
2917 5717 3047 5774 ibid.
3079 5716 3198 5772 i7.’
3243 5715 3286 5746 “
3311 5711 3443 5770 ibid.
3489 5709 3574 5769 ιε.

3218 5914 3254 5972 ἡ
