  <div class='ocr_page' id='page_1' title='image "/cluster/home/n/w/nwhite01/storage/ocr_20150623/22:no.4/coo.31924054873025/068.png"; bbox 0 0 4106 6494; ppageno 0'>
   <div class='ocr_carea' id='block_1_1' title="bbox 475 357 577 417">
    <p class='ocr_par' dir='ltr' id='par_1_1' title="bbox 475 357 577 417">
     <span class='ocr_line' id='line_1_1' title="bbox 475 357 577 417; baseline 0.02 -2"><span class='ocrx_word' id='word_1_1' title='bbox 475 357 577 417; x_wconf 71' lang='grc'><strong>109</strong></span> 
     </span>
    </p>
   </div>
   <div class='ocr_carea' id='block_1_2' title="bbox 1388 360 2809 420">
    <p class='ocr_par' dir='ltr' id='par_1_2' title="bbox 1388 360 2809 420">
     <span class='ocr_line' id='line_1_2' title="bbox 1388 360 2809 420; baseline 0.002 -5"><span class='ocrx_word' id='word_1_2' title='bbox 1388 360 2040 417; x_wconf 74' lang='lat' dir='ltr'><strong>DEMONSTRATIONIS</strong></span> <span class='ocrx_word' id='word_1_3' title='bbox 2078 361 2539 420; x_wconf 65' lang='lat' dir='ltr'><strong>EVANGELICE</strong></span> <span class='ocrx_word' id='word_1_4' title='bbox 2576 363 2704 419; x_wconf 93' lang='lat' dir='ltr'><strong>LIB.</strong></span> <span class='ocrx_word' id='word_1_5' title='bbox 2742 365 2809 420; x_wconf 91' lang='lat' dir='ltr'><strong>II.</strong></span> 
     </span>
    </p>
   </div>
   <div class='ocr_carea' id='block_1_3' title="bbox 3625 367 3724 421">
    <p class='ocr_par' dir='ltr' id='par_1_3' title="bbox 3625 367 3724 421">
     <span class='ocr_line' id='line_1_3' title="bbox 3625 367 3724 421; baseline 0.02 -2"><span class='ocrx_word' id='word_1_6' title='bbox 3625 367 3724 421; x_wconf 79' lang='grc' dir='ltr'><strong>Ηυ</strong></span> 
     </span>
    </p>
   </div>
   <div class='ocr_carea' id='block_1_4' title="bbox 471 478 2032 554">
    <p class='ocr_par' dir='ltr' id='par_1_4' title="bbox 471 478 2032 551">
     <span class='ocr_line' id='line_1_4' title="bbox 471 478 2032 551; baseline -0.002 -16"><span class='ocrx_word' id='word_1_7' title='bbox 471 478 597 542; x_wconf 76' lang='grc' dir='ltr'>κτός</span> <span class='ocrx_word' id='word_1_8' title='bbox 636 495 762 551; x_wconf 87' lang='grc' dir='ltr'>μου,</span> <span class='ocrx_word' id='word_1_9' title='bbox 802 478 1159 551; x_wconf 79' lang='grc' dir='ltr'>προσεδέξατο</span> <span class='ocrx_word' id='word_1_10' title='bbox 1190 479 1352 533; x_wconf 80' lang='grc' dir='ltr'>αὐτὸν</span> <span class='ocrx_word' id='word_1_11' title='bbox 1396 483 1429 550; x_wconf 85' lang='grc' dir='ltr'><strong>ή</strong></span> <span class='ocrx_word' id='word_1_12' title='bbox 1480 480 1624 551; x_wconf 70' lang='grc' dir='ltr'>ψυχή</span> <span class='ocrx_word' id='word_1_13' title='bbox 1667 490 1788 550; x_wconf 85' lang='grc' dir='ltr'>μου.</span> <span class='ocrx_word' id='word_1_14' title='bbox 1843 478 2032 532; x_wconf 70' lang='grc' dir='ltr'>Ἔδωκε</span> 
     </span>
    </p>
   </div>
   <div class='ocr_carea' id='block_1_5' title="bbox 2135 478 3723 554">
    <p class='ocr_par' dir='ltr' id='par_1_5' title="bbox 2163 480 3723 554">
     <span class='ocr_line' id='line_1_5' title="bbox 2163 480 3723 554; baseline 0.004 -21"><span class='ocrx_word' id='word_1_15' title='bbox 2163 480 2382 536; x_wconf 82' lang='lat' dir='ltr'><strong>admisit</strong></span> <span class='ocrx_word' id='word_1_16' title='bbox 2432 497 2556 538; x_wconf 90' lang='lat' dir='ltr'><strong>eum</strong></span> <span class='ocrx_word' id='word_1_17' title='bbox 2593 482 2737 552; x_wconf 90' lang='lat' dir='ltr'><strong>apud</strong></span> <span class='ocrx_word' id='word_1_18' title='bbox 2779 498 2839 537; x_wconf 89' lang='lat' dir='ltr'><strong>se</strong></span> <span class='ocrx_word' id='word_1_19' title='bbox 2889 482 3067 536; x_wconf 86' lang='lat' dir='ltr'><strong>anima</strong></span> <span class='ocrx_word' id='word_1_20' title='bbox 3109 496 3229 537; x_wconf 90' lang='lat' dir='ltr'><strong>mea</strong></span> <span class='ocrx_word' id='word_1_21' title='bbox 3257 501 3268 536; x_wconf 95' lang='lat'><strong>:</strong></span> <span class='ocrx_word' id='word_1_22' title='bbox 3293 481 3417 537; x_wconf 86' lang='lat' dir='ltr'><strong>dedi</strong></span> <span class='ocrx_word' id='word_1_23' title='bbox 3471 483 3723 554; x_wconf 77' lang='lat' dir='ltr'><strong>spiritum</strong></span> 
     </span>
    </p>
   </div>
   <div class='ocr_carea' id='block_1_6' title="bbox 471 570 2054 643">
    <p class='ocr_par' dir='ltr' id='par_1_6' title="bbox 471 570 2054 643">
     <span class='ocr_line' id='line_1_6' title="bbox 471 570 2054 643; baseline -0.001 -18"><span class='ocrx_word' id='word_1_24' title='bbox 471 570 533 625; x_wconf 79' lang='grc' dir='ltr'><strong>τὸ</strong></span> <span class='ocrx_word' id='word_1_25' title='bbox 562 570 779 641; x_wconf 83' lang='grc' dir='ltr'>πνεῦμά</span> <span class='ocrx_word' id='word_1_26' title='bbox 825 588 924 641; x_wconf 85' lang='grc' dir='ltr'><strong>μου</strong></span> <span class='ocrx_word' id='word_1_27' title='bbox 970 571 1056 622; x_wconf 79' lang='grc' dir='ltr'>ἐπ’</span> <span class='ocrx_word' id='word_1_28' title='bbox 1104 571 1286 635; x_wconf 78' lang='grc' dir='ltr'>αὐτὸν,</span> <span class='ocrx_word' id='word_1_29' title='bbox 1339 573 1432 625; x_wconf 72' lang='grc' dir='ltr'><strong>καὶ</strong></span> <span class='ocrx_word' id='word_1_30' title='bbox 1479 572 1661 643; x_wconf 85' lang='grc' dir='ltr'>κρίσιν</span> <span class='ocrx_word' id='word_1_31' title='bbox 1706 575 1817 635; x_wconf 86' lang='grc' dir='ltr'>τοῖς</span> <span class='ocrx_word' id='word_1_32' title='bbox 1850 571 2054 624; x_wconf 79' lang='grc' dir='ltr'>ἔθνεσιν</span> 
     </span>
    </p>
   </div>
   <div class='ocr_carea' id='block_1_7' title="bbox 472 661 2053 735">
    <p class='ocr_par' dir='ltr' id='par_1_7' title="bbox 472 661 2053 735">
     <span class='ocr_line' id='line_1_7' title="bbox 472 661 2053 735; baseline 0 -20"><span class='ocrx_word' id='word_1_33' title='bbox 472 661 692 728; x_wconf 77' lang='grc' dir='ltr'>ἐξοίσει.</span> <span class='ocrx_word' id='word_1_34' title='bbox 726 664 800 716; x_wconf 84' lang='grc' dir='ltr'><strong>Οὐ</strong></span> <span class='ocrx_word' id='word_1_35' title='bbox 825 662 1103 733; x_wconf 78' lang='grc' dir='ltr'>κεκράξει,</span> <span class='ocrx_word' id='word_1_36' title='bbox 1134 663 1253 715; x_wconf 77' lang='grc' dir='ltr'>οὐδὲ</span> <span class='ocrx_word' id='word_1_37' title='bbox 1276 665 1486 735; x_wconf 87' lang='grc' dir='ltr'>άνήσει,</span> <span class='ocrx_word' id='word_1_38' title='bbox 1518 664 1638 716; x_wconf 81' lang='grc' dir='ltr'>οὐδὲ</span> <span class='ocrx_word' id='word_1_39' title='bbox 1657 663 2053 734; x_wconf 78' lang='grc' dir='ltr'>ἀκουσθήσεται</span> 
     </span>
    </p>
   </div>
   <div class='ocr_carea' id='block_1_8' title="bbox 473 754 2051 825">
    <p class='ocr_par' dir='ltr' id='par_1_8' title="bbox 473 754 2051 825">
     <span class='ocr_line' id='line_1_8' title="bbox 473 754 2051 825; baseline 0 -19"><span class='ocrx_word' id='word_1_40' title='bbox 473 755 576 821; x_wconf 74' lang='grc' dir='ltr'>ἔξω</span> <span class='ocrx_word' id='word_1_41' title='bbox 596 757 628 825; x_wconf 85' lang='grc' dir='ltr'>ἡ</span> <span class='ocrx_word' id='word_1_42' title='bbox 652 755 798 824; x_wconf 75' lang='grc' dir='ltr'>φωνὴ</span> <span class='ocrx_word' id='word_1_43' title='bbox 831 755 1017 808; x_wconf 75' lang='grc' dir='ltr'>αὐτοῦ’</span> <span class='ocrx_word' id='word_1_44' title='bbox 1060 754 1302 825; x_wconf 78' lang='grc' dir='ltr'>κάλαμον</span> <span class='ocrx_word' id='word_1_45' title='bbox 1335 755 1789 825; x_wconf 79' lang='grc' dir='ltr'>συντεθλασμένον</span> <span class='ocrx_word' id='word_1_46' title='bbox 1835 756 1895 806; x_wconf 74' lang='grc' dir='ltr'><strong>οὐ</strong></span> <span class='ocrx_word' id='word_1_47' title='bbox 1917 771 2051 816; x_wconf 79' lang='grc' dir='ltr'>κατ-</span> 
     </span>
    </p>
   </div>
   <div class='ocr_carea' id='block_1_9' title="bbox 471 844 2051 916">
    <p class='ocr_par' dir='ltr' id='par_1_9' title="bbox 471 844 2051 916">
     <span class='ocr_line' id='line_1_9' title="bbox 471 844 2051 916; baseline 0.001 -19"><span class='ocrx_word' id='word_1_48' title='bbox 471 847 635 910; x_wconf 78' lang='grc' dir='ltr'>εάξει,</span> <span class='ocrx_word' id='word_1_49' title='bbox 695 847 789 899; x_wconf 72' lang='grc' dir='ltr'><strong>καὶ</strong></span> <span class='ocrx_word' id='word_1_50' title='bbox 818 846 962 899; x_wconf 84' lang='grc' dir='ltr'>λίνον</span> <span class='ocrx_word' id='word_1_51' title='bbox 1000 846 1297 916; x_wconf 76' lang='grc' dir='ltr'>τυφόμενον</span> <span class='ocrx_word' id='word_1_52' title='bbox 1328 847 1389 898; x_wconf 79' lang='grc' dir='ltr'><strong>οὐ</strong></span> <span class='ocrx_word' id='word_1_53' title='bbox 1424 846 1625 910; x_wconf 79' lang='grc' dir='ltr'>σϐέσει,</span> <span class='ocrx_word' id='word_1_54' title='bbox 1667 844 1779 897; x_wconf 84' lang='grc' dir='ltr'>ἀλλ’</span> <span class='ocrx_word' id='word_1_55' title='bbox 1810 847 1888 909; x_wconf 84' lang='grc' dir='ltr'>εἰς</span> <span class='ocrx_word' id='word_1_56' title='bbox 1919 844 2051 915; x_wconf 87' lang='grc' dir='ltr'>ἁλή-</span> 
     </span>
    </p>
   </div>
   <div class='ocr_carea' id='block_1_10' title="bbox 472 936 2048 1009">
    <p class='ocr_par' dir='ltr' id='par_1_10' title="bbox 472 936 2048 1009">
     <span class='ocr_line' id='line_1_10' title="bbox 472 936 2048 1009; baseline -0.001 -19"><span class='ocrx_word' id='word_1_57' title='bbox 472 939 617 991; x_wconf 89' lang='grc' dir='ltr'>θειαν</span> <span class='ocrx_word' id='word_1_58' title='bbox 645 937 840 1003; x_wconf 80' lang='grc' dir='ltr'>ἐξοίσει</span> <span class='ocrx_word' id='word_1_59' title='bbox 896 939 1097 1009; x_wconf 88' lang='grc' dir='ltr'>κρίσιν·</span> <span class='ocrx_word' id='word_1_60' title='bbox 1125 937 1451 1008; x_wconf 69' lang='grc' dir='ltr'>ἀναλάμψει,</span> <span class='ocrx_word' id='word_1_61' title='bbox 1482 939 1575 990; x_wconf 77' lang='grc' dir='ltr'><strong>καὶ</strong></span> <span class='ocrx_word' id='word_1_62' title='bbox 1623 937 1683 990; x_wconf 77' lang='grc' dir='ltr'><strong>οὐ</strong></span> <span class='ocrx_word' id='word_1_63' title='bbox 1714 936 2048 1008; x_wconf 88' lang='grc' dir='ltr'>θραυσθήσε-</span> 
     </span>
    </p>
   </div>
   <div class='ocr_carea' id='block_1_11' title="bbox 466 1020 2050 1102">
    <p class='ocr_par' dir='ltr' id='par_1_11' title="bbox 466 1020 2050 1102">
     <span class='ocr_line' id='line_1_11' title="bbox 466 1020 2050 1102; baseline -0.001 -19"><span class='ocrx_word' id='word_1_64' title='bbox 466 1048 578 1093; x_wconf 87' lang='grc' dir='ltr'>ται,</span> <span class='ocrx_word' id='word_1_65' title='bbox 607 1032 711 1094; x_wconf 72' lang='grc' dir='ltr'><strong>ἕως</strong></span> <span class='ocrx_word' id='word_1_66' title='bbox 745 1031 810 1102; x_wconf 80' lang='grc' dir='ltr'>θῇ</span> <span class='ocrx_word' id='word_1_67' title='bbox 841 1032 933 1083; x_wconf 69' lang='grc' dir='ltr'><strong>ἐπὶ</strong></span> <span class='ocrx_word' id='word_1_68' title='bbox 963 1030 1065 1100; x_wconf 78' lang='grc' dir='ltr'>τῆς</span> <span class='ocrx_word' id='word_1_69' title='bbox 1093 1030 1197 1099; x_wconf 84' lang='grc' dir='ltr'>γῆς</span> <span class='ocrx_word' id='word_1_70' title='bbox 1228 1020 1428 1102; x_wconf 34' lang='grc' dir='ltr'>κρίσιυνλ</span> <span class='ocrx_word' id='word_1_71' title='bbox 1467 1029 1559 1082; x_wconf 75' lang='grc' dir='ltr'><strong>καὶ</strong></span> <span class='ocrx_word' id='word_1_72' title='bbox 1592 1030 1684 1081; x_wconf 78' lang='grc' dir='ltr'><strong>ἐπὶ</strong></span> <span class='ocrx_word' id='word_1_73' title='bbox 1711 1028 1788 1098; x_wconf 78' lang='grc' dir='ltr'>τῷ</span> <span class='ocrx_word' id='word_1_74' title='bbox 1827 1029 2050 1099; x_wconf 83' lang='grc' dir='ltr'>ὀνόματι</span> 
     </span>
    </p>
   </div>
   <div class='ocr_carea' id='block_1_12' title="bbox 467 1119 2049 1192">
    <p class='ocr_par' dir='ltr' id='par_1_12' title="bbox 467 1119 2049 1192">
     <span class='ocr_line' id='line_1_12' title="bbox 467 1119 2049 1192; baseline -0.003 -17"><span class='ocrx_word' id='word_1_75' title='bbox 467 1121 632 1175; x_wconf 69' lang='grc' dir='ltr'>αὑτοῦ</span> <span class='ocrx_word' id='word_1_76' title='bbox 671 1122 796 1192; x_wconf 67' lang='grc' dir='ltr'>ἔθνη</span> <span class='ocrx_word' id='word_1_77' title='bbox 839 1121 1132 1174; x_wconf 75' lang='grc' dir='ltr'>ἐλπιοῦσιν.</span> <span class='ocrx_word' id='word_1_78' title='bbox 1178 1141 1195 1172; x_wconf 72' lang='grc' dir='ltr'><strong>ι</strong></span> <span class='ocrx_word' id='word_1_79' title='bbox 1226 1122 1335 1174; x_wconf 72' lang='grc' dir='ltr'><strong>Καὶ</strong></span> <span class='ocrx_word' id='word_1_80' title='bbox 1366 1121 1492 1191; x_wconf 80' lang='grc' dir='ltr'>έξῆς</span> <span class='ocrx_word' id='word_1_81' title='bbox 1520 1120 1760 1187; x_wconf 77' lang='grc' dir='ltr'>ἐπιλέγει</span> <span class='ocrx_word' id='word_1_82' title='bbox 1790 1134 1801 1145; x_wconf 93' lang='grc'><strong>·</strong></span> <span class='ocrx_word' id='word_1_83' title='bbox 1841 1137 1858 1170; x_wconf 75' lang='grc' dir='ltr'><strong>ι</strong></span> <span class='ocrx_word' id='word_1_84' title='bbox 1909 1119 2049 1187; x_wconf 86' lang='grc' dir='ltr'><strong>Ἐγὼ</strong></span> 
     </span>
    </p>
   </div>
   <div class='ocr_carea' id='block_1_13' title="bbox 466 1212 2049 1283">
    <p class='ocr_par' dir='ltr' id='par_1_13' title="bbox 466 1212 2049 1283">
     <span class='ocr_line' id='line_1_13' title="bbox 466 1212 2049 1283; baseline -0.002 -18"><span class='ocrx_word' id='word_1_85' title='bbox 466 1212 670 1283; x_wconf 80' lang='grc' dir='ltr'>Κύριος</span> <span class='ocrx_word' id='word_1_86' title='bbox 699 1216 727 1265; x_wconf 90' lang='grc' dir='ltr'><strong>ὁ</strong></span> <span class='ocrx_word' id='word_1_87' title='bbox 755 1213 884 1276; x_wconf 84' lang='grc' dir='ltr'>Θεὸς</span> <span class='ocrx_word' id='word_1_88' title='bbox 920 1213 1158 1267; x_wconf 80' lang='grc' dir='ltr'>ὲκάλεσά</span> <span class='ocrx_word' id='word_1_89' title='bbox 1191 1230 1248 1265; x_wconf 86' lang='grc' dir='ltr'><strong>σε</strong></span> <span class='ocrx_word' id='word_1_90' title='bbox 1293 1214 1350 1265; x_wconf 79' lang='grc' dir='ltr'><strong>ὲν</strong></span> <span class='ocrx_word' id='word_1_91' title='bbox 1402 1212 1735 1282; x_wconf 75' lang='grc' dir='ltr'>δικαιοσύνῃ,</span> <span class='ocrx_word' id='word_1_92' title='bbox 1779 1212 1873 1264; x_wconf 74' lang='grc' dir='ltr'><strong>καὶ</strong></span> <span class='ocrx_word' id='word_1_93' title='bbox 1914 1228 2049 1280; x_wconf 89' lang='grc' dir='ltr'>κρα-</span> 
     </span>
    </p>
   </div>
   <div class='ocr_carea' id='block_1_14' title="bbox 463 1298 2046 1376">
    <p class='ocr_par' dir='ltr' id='par_1_14' title="bbox 463 1298 2046 1376">
     <span class='ocr_line' id='line_1_14' title="bbox 463 1298 2046 1376; baseline -0.001 -20"><span class='ocrx_word' id='word_1_94' title='bbox 463 1305 615 1375; x_wconf 86' lang='grc' dir='ltr'>τήσω</span> <span class='ocrx_word' id='word_1_95' title='bbox 643 1306 741 1375; x_wconf 77' lang='grc' dir='ltr'>τῆς</span> <span class='ocrx_word' id='word_1_96' title='bbox 769 1306 951 1376; x_wconf 87' lang='grc' dir='ltr'>χειρός</span> <span class='ocrx_word' id='word_1_97' title='bbox 987 1323 1102 1370; x_wconf 84' lang='grc' dir='ltr'>σου,</span> <span class='ocrx_word' id='word_1_98' title='bbox 1134 1307 1226 1358; x_wconf 75' lang='grc' dir='ltr'><strong>καὶ</strong></span> <span class='ocrx_word' id='word_1_99' title='bbox 1256 1304 1522 1374; x_wconf 75' lang='grc' dir='ltr'>ἐνισχύσω</span> <span class='ocrx_word' id='word_1_100' title='bbox 1560 1320 1638 1356; x_wconf 76' lang='grc' dir='ltr'>σε’</span> <span class='ocrx_word' id='word_1_101' title='bbox 1664 1303 1756 1356; x_wconf 68' lang='grc' dir='ltr'>καὶ</span> <span class='ocrx_word' id='word_1_102' title='bbox 1784 1298 1962 1355; x_wconf 80' lang='grc' dir='ltr'>ἔδωκά</span> <span class='ocrx_word' id='word_1_103' title='bbox 1988 1319 2046 1354; x_wconf 88' lang='grc' dir='ltr'><strong>σε</strong></span> 
     </span>
    </p>
   </div>
   <div class='ocr_carea' id='block_1_15' title="bbox 463 1392 2047 1468">
    <p class='ocr_par' dir='ltr' id='par_1_15' title="bbox 463 1392 2047 1468">
     <span class='ocr_line' id='line_1_15' title="bbox 463 1392 2047 1468; baseline -0.003 -19"><span class='ocrx_word' id='word_1_104' title='bbox 463 1400 545 1460; x_wconf 84' lang='grc' dir='ltr'>εἰς</span> <span class='ocrx_word' id='word_1_105' title='bbox 571 1397 835 1468; x_wconf 84' lang='grc' dir='ltr'>διαθήκην</span> <span class='ocrx_word' id='word_1_106' title='bbox 861 1398 1071 1466; x_wconf 80' lang='grc' dir='ltr'>γένους,</span> <span class='ocrx_word' id='word_1_107' title='bbox 1104 1400 1183 1459; x_wconf 85' lang='grc' dir='ltr'><strong>είς</strong></span> <span class='ocrx_word' id='word_1_108' title='bbox 1212 1397 1325 1466; x_wconf 81' lang='grc' dir='ltr'><strong>φῶς</strong></span> <span class='ocrx_word' id='word_1_109' title='bbox 1371 1396 1557 1459; x_wconf 77' lang='grc' dir='ltr'>ἐθνῶν,</span> <span class='ocrx_word' id='word_1_110' title='bbox 1600 1394 1804 1457; x_wconf 82' lang='grc' dir='ltr'>ἀνοῖξαι</span> <span class='ocrx_word' id='word_1_111' title='bbox 1850 1392 2047 1463; x_wconf 74' lang='grc' dir='ltr'>ὀφθαλ-</span> 
     </span>
    </p>
   </div>
   <div class='ocr_carea' id='block_1_16' title="bbox 464 1487 2044 1558">
    <p class='ocr_par' dir='ltr' id='par_1_16' title="bbox 464 1487 2044 1558">
     <span class='ocr_line' id='line_1_16' title="bbox 464 1487 2044 1558; baseline 0 -19"><span class='ocrx_word' id='word_1_112' title='bbox 464 1488 597 1557; x_wconf 80' lang='grc' dir='ltr'>μοὺς</span> <span class='ocrx_word' id='word_1_113' title='bbox 626 1488 863 1557; x_wconf 78' lang='grc' dir='ltr'>τυφλῶν,</span> <span class='ocrx_word' id='word_1_114' title='bbox 910 1488 1197 1557; x_wconf 75' lang='grc' dir='ltr'>ἐξαγαγεῖν</span> <span class='ocrx_word' id='word_1_115' title='bbox 1244 1490 1307 1541; x_wconf 81' lang='grc' dir='ltr'><strong>ἐκ</strong></span> <span class='ocrx_word' id='word_1_116' title='bbox 1346 1487 1559 1558; x_wconf 82' lang='grc' dir='ltr'>δεσμῶν</span> <span class='ocrx_word' id='word_1_117' title='bbox 1607 1487 1918 1557; x_wconf 80' lang='grc' dir='ltr'>δεδεμένους</span> <span class='ocrx_word' id='word_1_118' title='bbox 1950 1488 2044 1540; x_wconf 82' lang='grc' dir='ltr'><strong>καὶ</strong></span> 
     </span>
    </p>
   </div>
   <div class='ocr_carea' id='block_1_17' title="bbox 461 1577 2042 1649">
    <p class='ocr_par' dir='ltr' id='par_1_17' title="bbox 461 1577 2042 1649">
     <span class='ocr_line' id='line_1_17' title="bbox 461 1577 2042 1649; baseline 0.001 -20"><span class='ocrx_word' id='word_1_119' title='bbox 461 1577 521 1644; x_wconf 78' lang='grc' dir='ltr'><strong>ἐξ</strong></span> <span class='ocrx_word' id='word_1_120' title='bbox 545 1577 694 1632; x_wconf 81' lang='grc' dir='ltr'>οἴκου</span> <span class='ocrx_word' id='word_1_121' title='bbox 733 1578 978 1649; x_wconf 70' lang='grc' dir='ltr'>φυλακῆς</span> <span class='ocrx_word' id='word_1_122' title='bbox 1014 1578 1355 1648; x_wconf 86' lang='grc' dir='ltr'>καθημένους</span> <span class='ocrx_word' id='word_1_123' title='bbox 1398 1581 1455 1631; x_wconf 85' lang='grc' dir='ltr'><strong>ὲν</strong></span> <span class='ocrx_word' id='word_1_124' title='bbox 1505 1578 1700 1639; x_wconf 81' lang='grc' dir='ltr'>σκότει,</span> <span class='ocrx_word' id='word_1_125' title='bbox 1754 1577 1892 1646; x_wconf 85' lang='grc' dir='ltr'><strong>Ἐγὼ</strong></span> <span class='ocrx_word' id='word_1_126' title='bbox 1929 1578 2042 1631; x_wconf 85' lang='grc' dir='ltr'><strong>Κύ-</strong></span> 
     </span>
    </p>
   </div>
   <div class='ocr_carea' id='block_1_18' title="bbox 464 1669 2040 1742">
    <p class='ocr_par' dir='ltr' id='par_1_18' title="bbox 464 1669 2040 1742">
     <span class='ocr_line' id='line_1_18' title="bbox 464 1669 2040 1742; baseline 0.001 -21"><span class='ocrx_word' id='word_1_127' title='bbox 464 1684 579 1740; x_wconf 85' lang='grc' dir='ltr'>ριος</span> <span class='ocrx_word' id='word_1_128' title='bbox 604 1671 632 1722; x_wconf 86' lang='grc' dir='ltr'>ὁ</span> <span class='ocrx_word' id='word_1_129' title='bbox 661 1669 811 1734; x_wconf 71' lang='grc' dir='ltr'>Θεὸς,</span> <span class='ocrx_word' id='word_1_130' title='bbox 842 1669 999 1723; x_wconf 82' lang='grc' dir='ltr'><strong>τοῦτὸ</strong></span> <span class='ocrx_word' id='word_1_131' title='bbox 1036 1688 1136 1741; x_wconf 87' lang='grc' dir='ltr'><strong>μου</strong></span> <span class='ocrx_word' id='word_1_132' title='bbox 1176 1671 1323 1723; x_wconf 74' lang='grc' dir='ltr'>ἐστὶν</span> <span class='ocrx_word' id='word_1_133' title='bbox 1369 1670 1560 1741; x_wconf 75' lang='grc' dir='ltr'>ὄνομα,</span> <span class='ocrx_word' id='word_1_134' title='bbox 1593 1670 1689 1741; x_wconf 81' lang='grc' dir='ltr'><strong>τὴν</strong></span> <span class='ocrx_word' id='word_1_135' title='bbox 1732 1669 1887 1734; x_wconf 80' lang='grc' dir='ltr'>δόξαν</span> <span class='ocrx_word' id='word_1_136' title='bbox 1941 1689 2040 1742; x_wconf 86' lang='grc' dir='ltr'><strong>μου</strong></span> 
     </span>
    </p>
   </div>
   <div class='ocr_carea' id='block_1_19' title="bbox 459 1759 2038 1833">
    <p class='ocr_par' dir='ltr' id='par_1_19' title="bbox 459 1759 2038 1833">
     <span class='ocr_line' id='line_1_19' title="bbox 459 1759 2038 1833; baseline 0.001 -22"><span class='ocrx_word' id='word_1_137' title='bbox 459 1759 633 1832; x_wconf 80' lang='grc' dir='ltr'>ἑτέρῳ</span> <span class='ocrx_word' id='word_1_138' title='bbox 661 1762 720 1813; x_wconf 77' lang='grc' dir='ltr'><strong>οὐ</strong></span> <span class='ocrx_word' id='word_1_139' title='bbox 745 1760 919 1824; x_wconf 86' lang='grc' dir='ltr'>δώσω,</span> <span class='ocrx_word' id='word_1_140' title='bbox 946 1761 1066 1814; x_wconf 76' lang='grc' dir='ltr'>οὐδὲ</span> <span class='ocrx_word' id='word_1_141' title='bbox 1095 1761 1194 1825; x_wconf 83' lang='grc' dir='ltr'>τὰς</span> <span class='ocrx_word' id='word_1_142' title='bbox 1224 1762 1424 1833; x_wconf 84' lang='grc' dir='ltr'>ἀρετάς</span> <span class='ocrx_word' id='word_1_143' title='bbox 1461 1778 1561 1831; x_wconf 89' lang='grc' dir='ltr'><strong>μου</strong></span> <span class='ocrx_word' id='word_1_144' title='bbox 1606 1764 1720 1824; x_wconf 83' lang='grc' dir='ltr'>τοῖς</span> <span class='ocrx_word' id='word_1_145' title='bbox 1766 1761 2038 1829; x_wconf 62' lang='grc' dir='ltr'>γλυπτοῖς</span> 
     </span>
    </p>
   </div>
   <div class='ocr_carea' id='block_1_20' title="bbox 2157 574 3719 648">
    <p class='ocr_par' dir='ltr' id='par_1_20' title="bbox 2157 574 3719 648">
     <span class='ocr_line' id='line_1_20' title="bbox 2157 574 3719 648; baseline 0.005 -23"><span class='ocrx_word' id='word_1_146' title='bbox 2157 588 2335 629; x_wconf 91' lang='lat' dir='ltr'><strong>meum</strong></span> <span class='ocrx_word' id='word_1_147' title='bbox 2378 589 2541 645; x_wconf 83' lang='lat' dir='ltr'><strong>super</strong></span> <span class='ocrx_word' id='word_1_148' title='bbox 2589 591 2736 640; x_wconf 89' lang='lat' dir='ltr'><strong>eum,</strong></span> <span class='ocrx_word' id='word_1_149' title='bbox 2771 574 3107 644; x_wconf 88' lang='lat' dir='ltr'><strong>etjudicium</strong></span> <span class='ocrx_word' id='word_1_150' title='bbox 3151 576 3405 647; x_wconf 75' lang='lat' dir='ltr'><strong>gentibus</strong></span> <span class='ocrx_word' id='word_1_151' title='bbox 3438 574 3719 648; x_wconf 82' lang='lat' dir='ltr'><strong>proferet:</strong></span> 
     </span>
    </p>
   </div>
   <div class='ocr_carea' id='block_1_21' title="bbox 2156 665 3722 737">
    <p class='ocr_par' dir='ltr' id='par_1_21' title="bbox 2156 665 3722 737">
     <span class='ocr_line' id='line_1_21' title="bbox 2156 665 3722 737; baseline 0.004 -21"><span class='ocrx_word' id='word_1_152' title='bbox 2156 679 2265 718; x_wconf 88' lang='lat' dir='ltr'><strong>non</strong></span> <span class='ocrx_word' id='word_1_153' title='bbox 2303 665 2581 729; x_wconf 73' lang='lat' dir='ltr'><strong>clamabit,</strong></span> <span class='ocrx_word' id='word_1_154' title='bbox 2610 682 2786 736; x_wconf 88' lang='lat' dir='ltr'><strong>neque</strong></span> <span class='ocrx_word' id='word_1_155' title='bbox 2804 667 3061 731; x_wconf 89' lang='lat' dir='ltr'><strong>remittet,</strong></span> <span class='ocrx_word' id='word_1_156' title='bbox 3086 682 3263 737; x_wconf 89' lang='lat' dir='ltr'><strong>neque</strong></span> <span class='ocrx_word' id='word_1_157' title='bbox 3297 667 3550 723; x_wconf 81' lang='lat' dir='ltr'><strong>audietur</strong></span> <span class='ocrx_word' id='word_1_158' title='bbox 3587 667 3722 723; x_wconf 81' lang='lat' dir='ltr'><strong>foris</strong></span> 
     </span>
    </p>
   </div>
   <div class='ocr_carea' id='block_1_22' title="bbox 2155 756 3719 831">
    <p class='ocr_par' dir='ltr' id='par_1_22' title="bbox 2155 756 3719 831">
     <span class='ocr_line' id='line_1_22' title="bbox 2155 756 3719 831; baseline 0.005 -26"><span class='ocrx_word' id='word_1_159' title='bbox 2155 770 2258 810; x_wconf 81' lang='lat' dir='ltr'><strong>vox</strong></span> <span class='ocrx_word' id='word_1_160' title='bbox 2285 756 2405 824; x_wconf 87' lang='lat' dir='ltr'><strong>ejus</strong></span> <span class='ocrx_word' id='word_1_161' title='bbox 2438 774 2451 810; x_wconf 88' lang='lat'>:</span> <span class='ocrx_word' id='word_1_162' title='bbox 2503 757 2771 811; x_wconf 86' lang='lat' dir='ltr'><strong>calamum</strong></span> <span class='ocrx_word' id='word_1_163' title='bbox 2820 758 3295 814; x_wconf 80' lang='lat' dir='ltr'><strong>collabefactatum</strong></span> <span class='ocrx_word' id='word_1_164' title='bbox 3338 776 3449 815; x_wconf 88' lang='lat' dir='ltr'><strong>non</strong></span> <span class='ocrx_word' id='word_1_165' title='bbox 3482 760 3719 831; x_wconf 76' lang='lat' dir='ltr'><strong>franget,</strong></span> 
     </span>
    </p>
   </div>
   <div class='ocr_carea' id='block_1_23' title="bbox 2154 845 3722 919">
    <p class='ocr_par' dir='ltr' id='par_1_23' title="bbox 2154 845 3722 919">
     <span class='ocr_line' id='line_1_23' title="bbox 2154 845 3722 919; baseline 0.006 -20"><span class='ocrx_word' id='word_1_166' title='bbox 2154 854 2207 900; x_wconf 91' lang='lat' dir='ltr'><strong>et</strong></span> <span class='ocrx_word' id='word_1_167' title='bbox 2235 846 2438 917; x_wconf 80' lang='lat' dir='ltr'><strong>lignum</strong></span> <span class='ocrx_word' id='word_1_168' title='bbox 2469 845 2738 917; x_wconf 70' lang='lat' dir='ltr'><strong>fumigans</strong></span> <span class='ocrx_word' id='word_1_169' title='bbox 2774 864 2882 903; x_wconf 91' lang='lat' dir='ltr'><strong>non</strong></span> <span class='ocrx_word' id='word_1_170' title='bbox 2908 851 3238 919; x_wconf 74' lang='lat' dir='ltr'><strong>exstinguat,</strong></span> <span class='ocrx_word' id='word_1_171' title='bbox 3274 852 3367 905; x_wconf 88' lang='lat' dir='ltr'><strong>sed</strong></span> <span class='ocrx_word' id='word_1_172' title='bbox 3405 853 3458 906; x_wconf 90' lang='lat' dir='ltr'><strong>in</strong></span> <span class='ocrx_word' id='word_1_173' title='bbox 3489 854 3722 908; x_wconf 77' lang='lat' dir='ltr'><strong>veritate</strong></span> 
     </span>
    </p>
   </div>
   <div class='ocr_carea' id='block_1_24' title="bbox 2152 937 3714 1013">
    <p class='ocr_par' dir='ltr' id='par_1_24' title="bbox 2152 937 3714 1013">
     <span class='ocr_line' id='line_1_24' title="bbox 2152 937 3714 1013; baseline 0.005 -23"><span class='ocrx_word' id='word_1_174' title='bbox 2152 937 2394 1007; x_wconf 77' lang='lat' dir='ltr'><strong>proferet</strong></span> <span class='ocrx_word' id='word_1_175' title='bbox 2422 938 2688 1007; x_wconf 89' lang='lat' dir='ltr'><strong>judicium</strong></span> <span class='ocrx_word' id='word_1_176' title='bbox 2726 957 2740 993; x_wconf 71' lang='grc' dir='ltr'><strong>ε</strong></span> <span class='ocrx_word' id='word_1_177' title='bbox 2772 941 3160 1009; x_wconf 85' lang='lat' dir='ltr'><strong>resplendebit,</strong></span> <span class='ocrx_word' id='word_1_178' title='bbox 3190 950 3242 995; x_wconf 90' lang='lat' dir='ltr'><strong>et</strong></span> <span class='ocrx_word' id='word_1_179' title='bbox 3273 942 3714 1013; x_wconf 58' lang='lat' dir='ltr'><strong>non‘frangetur,</strong></span> 
     </span>
    </p>
   </div>
   <div class='ocr_carea' id='block_1_25' title="bbox 2152 1027 3719 1105">
    <p class='ocr_par' dir='ltr' id='par_1_25' title="bbox 2152 1027 3719 1105">
     <span class='ocr_line' id='line_1_25' title="bbox 2152 1027 3719 1105; baseline 0.008 -25"><span class='ocrx_word' id='word_1_180' title='bbox 2152 1027 2325 1081; x_wconf 87' lang='lat' dir='ltr'><strong>donec</strong></span> <span class='ocrx_word' id='word_1_181' title='bbox 2352 1034 2519 1098; x_wconf 90' lang='lat' dir='ltr'><strong>ponat</strong></span> <span class='ocrx_word' id='word_1_182' title='bbox 2552 1028 2607 1082; x_wconf 94' lang='lat' dir='ltr'><strong>in</strong></span> <span class='ocrx_word' id='word_1_183' title='bbox 2650 1036 2795 1083; x_wconf 86' lang='lat' dir='ltr'><strong>terra</strong></span> <span class='ocrx_word' id='word_1_184' title='bbox 2828 1029 3095 1098; x_wconf 82' lang='lat' dir='ltr'><strong>judicium</strong></span> <span class='ocrx_word' id='word_1_185' title='bbox 3124 1050 3136 1085; x_wconf 85' lang='lat'>:</span> <span class='ocrx_word' id='word_1_186' title='bbox 3168 1042 3222 1085; x_wconf 88' lang='lat' dir='ltr'><strong>et</strong></span> <span class='ocrx_word' id='word_1_187' title='bbox 3257 1034 3308 1086; x_wconf 92' lang='lat' dir='ltr'><strong>in</strong></span> <span class='ocrx_word' id='word_1_188' title='bbox 3355 1035 3577 1089; x_wconf 84' lang='lat' dir='ltr'><strong>nomine</strong></span> <span class='ocrx_word' id='word_1_189' title='bbox 3599 1039 3719 1105; x_wconf 85' lang='lat' dir='ltr'><strong>ejus</strong></span> 
     </span>
    </p>
   </div>
   <div class='ocr_carea' id='block_1_26' title="bbox 2151 1121 3717 1197">
    <p class='ocr_par' dir='ltr' id='par_1_26' title="bbox 2151 1121 3717 1197">
     <span class='ocr_line' id='line_1_26' title="bbox 2151 1121 3717 1197; baseline 0.006 -25"><span class='ocrx_word' id='word_1_190' title='bbox 2151 1128 2340 1190; x_wconf 80' lang='lat' dir='ltr'><strong>gentes</strong></span> <span class='ocrx_word' id='word_1_191' title='bbox 2383 1121 2678 1190; x_wconf 86' lang='lat' dir='ltr'><strong>sperabunt</strong></span> <span class='ocrx_word' id='word_1_192' title='bbox 2697 1122 2739 1150; x_wconf 81' lang='grc'><strong>⁷²</strong></span> <span class='ocrx_word' id='word_1_193' title='bbox 2763 1138 2778 1187; x_wconf 89' lang='grc'>;</span> <span class='ocrx_word' id='word_1_194' title='bbox 2806 1139 2823 1171; x_wconf 78' lang='grc' dir='ltr'><strong>ι</strong></span> <span class='ocrx_word' id='word_1_195' title='bbox 2859 1136 2923 1175; x_wconf 90' lang='lat' dir='ltr'><strong>ac</strong></span> <span class='ocrx_word' id='word_1_196' title='bbox 2952 1121 3204 1191; x_wconf 86' lang='lat' dir='ltr'><strong>deinceps</strong></span> <span class='ocrx_word' id='word_1_197' title='bbox 3235 1123 3480 1196; x_wconf 80' lang='lat' dir='ltr'><strong>adjungit</strong></span> <span class='ocrx_word' id='word_1_198' title='bbox 3509 1145 3521 1180; x_wconf 95' lang='lat'>:</span> <span class='ocrx_word' id='word_1_199' title='bbox 3556 1146 3574 1178; x_wconf 76' lang='grc' dir='ltr'><strong>ι</strong></span> <span class='ocrx_word' id='word_1_200' title='bbox 3603 1126 3717 1197; x_wconf 78' lang='lat' dir='ltr'><strong>Ego</strong></span> 
     </span>
    </p>
   </div>
   <div class='ocr_carea' id='block_1_27' title="bbox 2150 1210 3715 1287">
    <p class='ocr_par' dir='ltr' id='par_1_27' title="bbox 2150 1210 3715 1287">
     <span class='ocr_line' id='line_1_27' title="bbox 2150 1210 3715 1287; baseline 0.007 -24"><span class='ocrx_word' id='word_1_201' title='bbox 2150 1210 2414 1265; x_wconf 89' lang='lat' dir='ltr'><strong>Dominus</strong></span> <span class='ocrx_word' id='word_1_202' title='bbox 2448 1212 2591 1266; x_wconf 85' lang='lat' dir='ltr'><strong>Deus</strong></span> <span class='ocrx_word' id='word_1_203' title='bbox 2638 1211 2836 1269; x_wconf 72' lang='lat' dir='ltr'><strong>vocavi.</strong></span> <span class='ocrx_word' id='word_1_204' title='bbox 2869 1221 2920 1265; x_wconf 90' lang='lat' dir='ltr'><strong>te</strong></span> <span class='ocrx_word' id='word_1_205' title='bbox 2952 1212 3004 1266; x_wconf 90' lang='lat' dir='ltr'><strong>in</strong></span> <span class='ocrx_word' id='word_1_206' title='bbox 3045 1214 3279 1283; x_wconf 74' lang='lat' dir='ltr'><strong>justitia,</strong></span> <span class='ocrx_word' id='word_1_207' title='bbox 3315 1224 3368 1271; x_wconf 92' lang='lat' dir='ltr'><strong>et</strong></span> <span class='ocrx_word' id='word_1_208' title='bbox 3403 1219 3715 1287; x_wconf 85' lang='lat' dir='ltr'><strong>apprehen-</strong></span> 
     </span>
    </p>
   </div>
   <div class='ocr_carea' id='block_1_28' title="bbox 2149 1298 3713 1371">
    <p class='ocr_par' dir='ltr' id='par_1_28' title="bbox 2149 1298 3713 1371">
     <span class='ocr_line' id='line_1_28' title="bbox 2149 1298 3713 1371; baseline 0.005 -19"><span class='ocrx_word' id='word_1_209' title='bbox 2149 1298 2272 1352; x_wconf 87' lang='lat' dir='ltr'><strong>dam</strong></span> <span class='ocrx_word' id='word_1_210' title='bbox 2310 1313 2530 1351; x_wconf 89' lang='lat' dir='ltr'><strong>manum</strong></span> <span class='ocrx_word' id='word_1_211' title='bbox 2572 1309 2740 1363; x_wconf 90' lang='lat' dir='ltr'><strong>tuam,</strong></span> <span class='ocrx_word' id='word_1_212' title='bbox 2772 1306 2826 1352; x_wconf 92' lang='lat' dir='ltr'><strong>et</strong></span> <span class='ocrx_word' id='word_1_213' title='bbox 2857 1298 3193 1353; x_wconf 86' lang='lat' dir='ltr'><strong>conﬁrmabo</strong></span> <span class='ocrx_word' id='word_1_214' title='bbox 3224 1308 3301 1371; x_wconf 89' lang='lat' dir='ltr'><strong>te,</strong></span> <span class='ocrx_word' id='word_1_215' title='bbox 3324 1310 3378 1357; x_wconf 89' lang='lat' dir='ltr'><strong>et</strong></span> <span class='ocrx_word' id='word_1_216' title='bbox 3400 1303 3522 1357; x_wconf 91' lang='lat' dir='ltr'><strong>dedi</strong></span> <span class='ocrx_word' id='word_1_217' title='bbox 3573 1312 3625 1358; x_wconf 91' lang='lat' dir='ltr'><strong>te</strong></span> <span class='ocrx_word' id='word_1_218' title='bbox 3659 1305 3713 1361; x_wconf 91' lang='lat' dir='ltr'><strong>in</strong></span> 
     </span>
    </p>
   </div>
   <div class='ocr_carea' id='block_1_29' title="bbox 2148 1390 3717 1463">
    <p class='ocr_par' dir='ltr' id='par_1_29' title="bbox 2148 1390 3717 1463">
     <span class='ocr_line' id='line_1_29' title="bbox 2148 1390 3717 1463; baseline 0.006 -20"><span class='ocrx_word' id='word_1_219' title='bbox 2148 1398 2536 1463; x_wconf 82' lang='lat' dir='ltr'><strong>testamentum</strong></span> <span class='ocrx_word' id='word_1_220' title='bbox 2570 1390 2674 1461; x_wconf 81' lang='lat'><strong>52</strong></span> <span class='ocrx_word' id='word_1_221' title='bbox 2706 1392 2953 1462; x_wconf 76' lang='lat' dir='ltr'><strong>generis,</strong></span> <span class='ocrx_word' id='word_1_222' title='bbox 3002 1392 3058 1445; x_wconf 91' lang='lat' dir='ltr'><strong>in</strong></span> <span class='ocrx_word' id='word_1_223' title='bbox 3101 1392 3277 1447; x_wconf 87' lang='lat' dir='ltr'><strong>lucem</strong></span> <span class='ocrx_word' id='word_1_224' title='bbox 3323 1396 3601 1459; x_wconf 77' lang='lat' dir='ltr'><strong>gentium.</strong></span> <span class='ocrx_word' id='word_1_225' title='bbox 3656 1405 3717 1452; x_wconf 76' lang='lat' dir='ltr'><strong>ut</strong></span> 
     </span>
    </p>
   </div>
   <div class='ocr_carea' id='block_1_30' title="bbox 2149 1482 3714 1551">
    <p class='ocr_par' dir='ltr' id='par_1_30' title="bbox 2149 1482 3714 1551">
     <span class='ocr_line' id='line_1_30' title="bbox 2149 1482 3714 1551; baseline 0.006 -17"><span class='ocrx_word' id='word_1_226' title='bbox 2149 1482 2391 1551; x_wconf 85' lang='lat' dir='ltr'><strong>aperires</strong></span> <span class='ocrx_word' id='word_1_227' title='bbox 2425 1482 2616 1537; x_wconf 90' lang='lat' dir='ltr'><strong>oculos</strong></span> <span class='ocrx_word' id='word_1_228' title='bbox 2661 1498 2951 1547; x_wconf 81' lang='lat' dir='ltr'><strong>caecorum,</strong></span> <span class='ocrx_word' id='word_1_229' title='bbox 2990 1491 3043 1538; x_wconf 88' lang='lat' dir='ltr'><strong>et</strong></span> <span class='ocrx_word' id='word_1_230' title='bbox 3080 1482 3148 1538; x_wconf 92' lang='lat' dir='ltr'><strong>de</strong></span> <span class='ocrx_word' id='word_1_231' title='bbox 3189 1484 3421 1541; x_wconf 88' lang='lat' dir='ltr'><strong>vinculis</strong></span> <span class='ocrx_word' id='word_1_232' title='bbox 3450 1485 3714 1543; x_wconf 88' lang='lat' dir='ltr'><strong>educeres</strong></span> 
     </span>
    </p>
   </div>
   <div class='ocr_carea' id='block_1_31' title="bbox 2145 1574 3707 1640">
    <p class='ocr_par' dir='ltr' id='par_1_31' title="bbox 2145 1574 3707 1640">
     <span class='ocr_line' id='line_1_31' title="bbox 2145 1574 3707 1640; baseline 0.005 -13"><span class='ocrx_word' id='word_1_233' title='bbox 2145 1574 2377 1638; x_wconf 89' lang='lat' dir='ltr'><strong>vinctos,</strong></span> <span class='ocrx_word' id='word_1_234' title='bbox 2409 1582 2464 1628; x_wconf 91' lang='lat' dir='ltr'><strong>et</strong></span> <span class='ocrx_word' id='word_1_235' title='bbox 2489 1574 2556 1628; x_wconf 91' lang='lat' dir='ltr'><strong>de</strong></span> <span class='ocrx_word' id='word_1_236' title='bbox 2578 1574 2741 1629; x_wconf 92' lang='lat' dir='ltr'><strong>domo</strong></span> <span class='ocrx_word' id='word_1_237' title='bbox 2767 1574 3026 1638; x_wconf 88' lang='lat' dir='ltr'><strong>carceris,</strong></span> <span class='ocrx_word' id='word_1_238' title='bbox 3064 1576 3314 1631; x_wconf 89' lang='lat' dir='ltr'><strong>sedentes</strong></span> <span class='ocrx_word' id='word_1_239' title='bbox 3349 1578 3402 1632; x_wconf 92' lang='lat' dir='ltr'><strong>in</strong></span> <span class='ocrx_word' id='word_1_240' title='bbox 3436 1580 3707 1640; x_wconf 84' lang='lat' dir='ltr'><strong>tenebris.</strong></span> 
     </span>
    </p>
   </div>
   <div class='ocr_carea' id='block_1_32' title="bbox 2145 1663 3708 1743">
    <p class='ocr_par' dir='ltr' id='par_1_32' title="bbox 2145 1663 3708 1743">
     <span class='ocr_line' id='line_1_32' title="bbox 2145 1663 3708 1743; baseline 0.007 -27"><span class='ocrx_word' id='word_1_241' title='bbox 2145 1663 2258 1736; x_wconf 85' lang='lat' dir='ltr'><strong>Ego</strong></span> <span class='ocrx_word' id='word_1_242' title='bbox 2291 1664 2553 1720; x_wconf 91' lang='lat' dir='ltr'><strong>Dominus</strong></span> <span class='ocrx_word' id='word_1_243' title='bbox 2576 1665 2740 1730; x_wconf 84' lang='lat' dir='ltr'><strong>Deus,</strong></span> <span class='ocrx_word' id='word_1_244' title='bbox 2769 1668 2872 1721; x_wconf 92' lang='lat' dir='ltr'><strong>hoc</strong></span> <span class='ocrx_word' id='word_1_245' title='bbox 2902 1683 3081 1722; x_wconf 89' lang='lat' dir='ltr'><strong>meum</strong></span> <span class='ocrx_word' id='word_1_246' title='bbox 3114 1678 3197 1724; x_wconf 92' lang='lat' dir='ltr'><strong>est</strong></span> <span class='ocrx_word' id='word_1_247' title='bbox 3223 1685 3438 1737; x_wconf 89' lang='lat' dir='ltr'><strong>nomen,</strong></span> <span class='ocrx_word' id='word_1_248' title='bbox 3478 1671 3708 1743; x_wconf 79' lang='lat' dir='ltr'><strong>gloriam</strong></span> 
     </span>
    </p>
   </div>
   <div class='ocr_carea' id='block_1_33' title="bbox 2146 1755 3704 1833">
    <p class='ocr_par' dir='ltr' id='par_1_33' title="bbox 2146 1755 3704 1833">
     <span class='ocr_line' id='line_1_33' title="bbox 2146 1755 3704 1833; baseline 0.005 -24"><span class='ocrx_word' id='word_1_249' title='bbox 2146 1770 2319 1809; x_wconf 86' lang='lat' dir='ltr'><strong>meam</strong></span> <span class='ocrx_word' id='word_1_250' title='bbox 2347 1755 2500 1809; x_wconf 87' lang='lat' dir='ltr'><strong>alteri</strong></span> <span class='ocrx_word' id='word_1_251' title='bbox 2533 1771 2642 1809; x_wconf 91' lang='lat' dir='ltr'><strong>non</strong></span> <span class='ocrx_word' id='word_1_252' title='bbox 2668 1755 2829 1821; x_wconf 87' lang='lat' dir='ltr'><strong>dabo,</strong></span> <span class='ocrx_word' id='word_1_253' title='bbox 2848 1773 3025 1828; x_wconf 89' lang='lat' dir='ltr'><strong>neque</strong></span> <span class='ocrx_word' id='word_1_254' title='bbox 3046 1759 3274 1816; x_wconf 83' lang='lat' dir='ltr'><strong>virtutes</strong></span> <span class='ocrx_word' id='word_1_255' title='bbox 3301 1777 3452 1817; x_wconf 91' lang='lat' dir='ltr'><strong>meas</strong></span> <span class='ocrx_word' id='word_1_256' title='bbox 3482 1764 3704 1833; x_wconf 70' lang='lat' dir='ltr'><strong>sculpti-</strong></span> 
     </span>
    </p>
   </div>
   <div class='ocr_carea' id='block_1_34' title="bbox 457 1848 2032 1928">
    <p class='ocr_par' dir='ltr' id='par_1_34' title="bbox 457 1848 2032 1922">
     <span class='ocr_line' id='line_1_34' title="bbox 457 1848 2032 1922; baseline 0.002 -22"><span class='ocrx_word' id='word_1_257' title='bbox 457 1848 528 1902; x_wconf 85' lang='grc' dir='ltr'><strong>τά</strong></span> <span class='ocrx_word' id='word_1_258' title='bbox 572 1850 665 1902; x_wconf 79' lang='grc' dir='ltr'><strong>ἀπ’</strong></span> <span class='ocrx_word' id='word_1_259' title='bbox 708 1852 903 1922; x_wconf 78' lang='grc' dir='ltr'>ἀρχῆς,</span> <span class='ocrx_word' id='word_1_260' title='bbox 947 1851 1054 1905; x_wconf 79' lang='grc' dir='ltr'>ἰδοὺ</span> <span class='ocrx_word' id='word_1_261' title='bbox 1096 1852 1282 1921; x_wconf 80' lang='grc' dir='ltr'>ἧκασι·</span> <span class='ocrx_word' id='word_1_262' title='bbox 1328 1850 1490 1905; x_wconf 84' lang='grc' dir='ltr'>καινά</span> <span class='ocrx_word' id='word_1_263' title='bbox 1532 1851 1568 1905; x_wconf 82' lang='grc' dir='ltr'><strong>δι</strong></span> <span class='ocrx_word' id='word_1_264' title='bbox 1611 1851 1705 1907; x_wconf 74' lang='grc' dir='ltr'>νῦν</span> <span class='ocrx_word' id='word_1_265' title='bbox 1735 1851 2032 1919; x_wconf 83' lang='grc' dir='ltr'>ἀναγγελῶ,</span> 
     </span>
    </p>
   </div>
   <div class='ocr_carea' id='block_1_35' title="bbox 2135 1848 3714 1928">
    <p class='ocr_par' dir='ltr' id='par_1_35' title="bbox 2142 1849 3714 1928">
     <span class='ocr_line' id='line_1_35' title="bbox 2142 1849 3714 1928; baseline 0.006 -25"><span class='ocrx_word' id='word_1_266' title='bbox 2142 1850 2307 1915; x_wconf 87' lang='lat' dir='ltr'><strong>libus,</strong></span> <span class='ocrx_word' id='word_1_267' title='bbox 2332 1866 2452 1920; x_wconf 85' lang='lat' dir='ltr'><strong>quae</strong></span> <span class='ocrx_word' id='word_1_268' title='bbox 2479 1850 2546 1904; x_wconf 91' lang='lat' dir='ltr'><strong>ab</strong></span> <span class='ocrx_word' id='word_1_269' title='bbox 2575 1849 2728 1905; x_wconf 90' lang='lat' dir='ltr'><strong>initio</strong></span> <span class='ocrx_word' id='word_1_270' title='bbox 2750 1863 2925 1921; x_wconf 89' lang='lat' dir='ltr'><strong>erant,</strong></span> <span class='ocrx_word' id='word_1_271' title='bbox 2958 1869 3087 1911; x_wconf 88' lang='lat' dir='ltr'><strong>ecce</strong></span> <span class='ocrx_word' id='word_1_272' title='bbox 3108 1864 3407 1912; x_wconf 84' lang='lat' dir='ltr'><strong>venerunt:</strong></span> <span class='ocrx_word' id='word_1_273' title='bbox 3432 1871 3571 1911; x_wconf 87' lang='lat' dir='ltr'><strong>nova</strong></span> <span class='ocrx_word' id='word_1_274' title='bbox 3593 1873 3714 1928; x_wconf 72' lang='lat' dir='ltr'><strong>quae</strong></span> 
     </span>
    </p>
   </div>
   <div class='ocr_carea' id='block_1_36' title="bbox 460 1941 1666 2016">
    <p class='ocr_par' dir='ltr' id='par_1_36' title="bbox 460 1941 1666 2016">
     <span class='ocr_line' id='line_1_36' title="bbox 460 1941 1666 2016; baseline 0.003 -24"><span class='ocrx_word' id='word_1_275' title='bbox 460 1941 555 1993; x_wconf 74' lang='grc' dir='ltr'><strong>καὶ</strong></span> <span class='ocrx_word' id='word_1_276' title='bbox 592 1941 698 2013; x_wconf 82' lang='grc' dir='ltr'><strong>πρὸ</strong></span> <span class='ocrx_word' id='word_1_277' title='bbox 723 1942 816 1996; x_wconf 77' lang='grc' dir='ltr'>τοῦ</span> <span class='ocrx_word' id='word_1_278' title='bbox 847 1943 1160 2013; x_wconf 82' lang='grc' dir='ltr'>ἀναγγεῖλαι</span> <span class='ocrx_word' id='word_1_279' title='bbox 1188 1944 1424 2016; x_wconf 77' lang='grc' dir='ltr'>ἐδηλώθη</span> <span class='ocrx_word' id='word_1_280' title='bbox 1455 1946 1600 2015; x_wconf 80' lang='grc' dir='ltr'>ὑμῖν.</span> <span class='ocrx_word' id='word_1_281' title='bbox 1649 1964 1666 1996; x_wconf 71' lang='grc' dir='ltr'><strong>ι</strong></span> 
     </span>
    </p>
   </div>
   <div class='ocr_carea' id='block_1_37' title="bbox 459 2135 2029 2208">
    <p class='ocr_par' dir='ltr' id='par_1_37' title="bbox 459 2135 2029 2208">
     <span class='ocr_line' id='line_1_37' title="bbox 459 2135 2029 2208; baseline 0.006 -22"><span class='ocrx_word' id='word_1_282' title='bbox 459 2135 590 2187; x_wconf 81' lang='lat' dir='ltr'><strong>KA&#39;.</strong></span> <span class='ocrx_word' id='word_1_283' title='bbox 639 2136 779 2190; x_wconf 81' lang='grc' dir='ltr'><strong>Ἀπὸ</strong></span> <span class='ocrx_word' id='word_1_284' title='bbox 808 2140 914 2192; x_wconf 82' lang='grc' dir='ltr'>τοῦ</span> <span class='ocrx_word' id='word_1_285' title='bbox 958 2139 1164 2193; x_wconf 80' lang='grc' dir='ltr'>αὐτοῦ.</span> <span class='ocrx_word' id='word_1_286' title='bbox 1205 2173 1275 2181; x_wconf 85' lang='lat'><strong>——</strong></span> <span class='ocrx_word' id='word_1_287' title='bbox 1318 2141 1587 2206; x_wconf 75' lang='grc' dir='ltr'>Δήλωσις</span> <span class='ocrx_word' id='word_1_288' title='bbox 1630 2140 1887 2208; x_wconf 79' lang='grc' dir='ltr'>Χριστοῦ</span> <span class='ocrx_word' id='word_1_289' title='bbox 1932 2142 2029 2195; x_wconf 77' lang='grc' dir='ltr'><strong>καί</strong></span> 
     </span>
    </p>
   </div>
   <div class='ocr_carea' id='block_1_38' title="bbox 767 2209 1718 2278">
    <p class='ocr_par' dir='ltr' id='par_1_38' title="bbox 767 2209 1718 2278">
     <span class='ocr_line' id='line_1_38' title="bbox 767 2209 1718 2278; baseline 0.003 -17"><span class='ocrx_word' id='word_1_290' title='bbox 767 2209 1053 2278; x_wconf 75' lang='grc' dir='ltr'>γενέσεως</span> <span class='ocrx_word' id='word_1_291' title='bbox 1079 2211 1177 2263; x_wconf 78' lang='grc' dir='ltr'>καὶ</span> <span class='ocrx_word' id='word_1_292' title='bbox 1206 2210 1478 2275; x_wconf 70' lang='grc' dir='ltr'>κλήσεως</span> <span class='ocrx_word' id='word_1_293' title='bbox 1510 2209 1718 2265; x_wconf 70' lang='grc' dir='ltr'><strong>ἐθνῶν.</strong></span> 
     </span>
    </p>
   </div>
   <div class='ocr_carea' id='block_1_39' title="bbox 533 2321 2033 2396">
    <p class='ocr_par' dir='ltr' id='par_1_39' title="bbox 533 2321 2033 2396">
     <span class='ocr_line' id='line_1_39' title="bbox 533 2321 2033 2396; baseline 0.007 -25"><span class='ocrx_word' id='word_1_294' title='bbox 533 2340 552 2371; x_wconf 72' lang='grc' dir='ltr'><strong>ι</strong></span> <span class='ocrx_word' id='word_1_295' title='bbox 586 2321 880 2376; x_wconf 76' lang='grc' dir='ltr'>Ἀκούσατέ</span> <span class='ocrx_word' id='word_1_296' title='bbox 905 2341 1026 2393; x_wconf 79' lang='grc' dir='ltr'>μου,</span> <span class='ocrx_word' id='word_1_297' title='bbox 1060 2324 1234 2394; x_wconf 76' lang='grc' dir='ltr'>νῆσοι,</span> <span class='ocrx_word' id='word_1_298' title='bbox 1286 2327 1378 2378; x_wconf 72' lang='grc' dir='ltr'><strong>καὶ</strong></span> <span class='ocrx_word' id='word_1_299' title='bbox 1414 2324 1729 2395; x_wconf 78' lang='grc' dir='ltr'>προσέχετε,</span> <span class='ocrx_word' id='word_1_300' title='bbox 1755 2325 1903 2396; x_wconf 80' lang='grc' dir='ltr'>ἔθνη’</span> <span class='ocrx_word' id='word_1_301' title='bbox 1935 2327 2033 2381; x_wconf 87' lang='grc' dir='ltr'>Διά</span> 
     </span>
    </p>
   </div>
   <div class='ocr_carea' id='block_1_40' title="bbox 454 2413 2035 2488">
    <p class='ocr_par' dir='ltr' id='par_1_40' title="bbox 454 2413 2035 2488">
     <span class='ocr_line' id='line_1_40' title="bbox 454 2413 2035 2488; baseline 0.006 -24"><span class='ocrx_word' id='word_1_302' title='bbox 454 2413 647 2483; x_wconf 82' lang='grc' dir='ltr'>χρόνου</span> <span class='ocrx_word' id='word_1_303' title='bbox 690 2413 886 2467; x_wconf 78' lang='grc' dir='ltr'>πολλοῦ</span> <span class='ocrx_word' id='word_1_304' title='bbox 934 2417 1210 2487; x_wconf 84' lang='grc' dir='ltr'>στήσεται,</span> <span class='ocrx_word' id='word_1_305' title='bbox 1257 2417 1403 2485; x_wconf 85' lang='grc' dir='ltr'>λέγει</span> <span class='ocrx_word' id='word_1_306' title='bbox 1444 2417 1666 2488; x_wconf 77' lang='grc' dir='ltr'>Κύριος·</span> <span class='ocrx_word' id='word_1_307' title='bbox 1719 2420 1782 2471; x_wconf 80' lang='grc' dir='ltr'>ὲκ</span> <span class='ocrx_word' id='word_1_308' title='bbox 1828 2420 2035 2485; x_wconf 79' lang='grc' dir='ltr'>κοιλίας</span> 
     </span>
    </p>
   </div>
   <div class='ocr_carea' id='block_1_41' title="bbox 460 2503 2032 2584">
    <p class='ocr_par' dir='ltr' id='par_1_41' title="bbox 460 2503 2032 2584">
     <span class='ocr_line' id='line_1_41' title="bbox 460 2503 2032 2584; baseline 0.007 -29"><span class='ocrx_word' id='word_1_309' title='bbox 460 2503 665 2574; x_wconf 84' lang='grc' dir='ltr'>μητρός</span> <span class='ocrx_word' id='word_1_310' title='bbox 718 2523 817 2575; x_wconf 89' lang='grc' dir='ltr'><strong>μου</strong></span> <span class='ocrx_word' id='word_1_311' title='bbox 863 2507 1087 2560; x_wconf 78' lang='grc' dir='ltr'>ἐκάλεσε</span> <span class='ocrx_word' id='word_1_312' title='bbox 1146 2509 1207 2561; x_wconf 84' lang='grc' dir='ltr'><strong>τὸ</strong></span> <span class='ocrx_word' id='word_1_313' title='bbox 1254 2508 1424 2578; x_wconf 73' lang='grc' dir='ltr'>ὄνομά</span> <span class='ocrx_word' id='word_1_314' title='bbox 1476 2527 1583 2580; x_wconf 77' lang='grc' dir='ltr'><strong>μου</strong></span> <span class='ocrx_word' id='word_1_315' title='bbox 1627 2510 1702 2573; x_wconf 86' lang='grc' dir='ltr'>ὡς</span> <span class='ocrx_word' id='word_1_316' title='bbox 1760 2512 2032 2584; x_wconf 86' lang='grc' dir='ltr'>μάχαιραν</span> 
     </span>
    </p>
   </div>
   <div class='ocr_carea' id='block_1_42' title="bbox 456 2592 2033 2675">
    <p class='ocr_par' dir='ltr' id='par_1_42' title="bbox 456 2592 2033 2675">
     <span class='ocr_line' id='line_1_42' title="bbox 456 2592 2033 2675; baseline 0.007 -29"><span class='ocrx_word' id='word_1_317' title='bbox 456 2592 653 2660; x_wconf 78' lang='grc' dir='ltr'>ὀξεῖαν,</span> <span class='ocrx_word' id='word_1_318' title='bbox 688 2599 779 2650; x_wconf 73' lang='grc' dir='ltr'><strong>καὶ</strong></span> <span class='ocrx_word' id='word_1_319' title='bbox 811 2598 915 2651; x_wconf 79' lang='grc' dir='ltr'><strong>ὑπὸ</strong></span> <span class='ocrx_word' id='word_1_320' title='bbox 945 2598 1042 2670; x_wconf 81' lang='grc' dir='ltr'>τὴν</span> <span class='ocrx_word' id='word_1_321' title='bbox 1074 2601 1278 2671; x_wconf 80' lang='grc' dir='ltr'>σκέπην</span> <span class='ocrx_word' id='word_1_322' title='bbox 1302 2601 1400 2670; x_wconf 84' lang='grc' dir='ltr'>τῆς</span> <span class='ocrx_word' id='word_1_323' title='bbox 1429 2601 1610 2673; x_wconf 87' lang='grc' dir='ltr'>χειρὸς</span> <span class='ocrx_word' id='word_1_324' title='bbox 1635 2602 1799 2655; x_wconf 79' lang='grc' dir='ltr'>αὐτοῦ</span> <span class='ocrx_word' id='word_1_325' title='bbox 1830 2604 2033 2675; x_wconf 73' lang='grc' dir='ltr'>ἔκρυψέ</span> 
     </span>
    </p>
   </div>
   <div class='ocr_carea' id='block_1_43' title="bbox 460 2688 2032 2766">
    <p class='ocr_par' dir='ltr' id='par_1_43' title="bbox 460 2688 2032 2766">
     <span class='ocr_line' id='line_1_43' title="bbox 460 2688 2032 2766; baseline 0.004 -27"><span class='ocrx_word' id='word_1_326' title='bbox 460 2703 550 2757; x_wconf 81' lang='grc' dir='ltr'>με’</span> <span class='ocrx_word' id='word_1_327' title='bbox 584 2688 749 2759; x_wconf 83' lang='grc' dir='ltr'>ἔθηκέ</span> <span class='ocrx_word' id='word_1_328' title='bbox 780 2707 848 2759; x_wconf 89' lang='grc' dir='ltr'><strong>με</strong></span> <span class='ocrx_word' id='word_1_329' title='bbox 877 2691 952 2752; x_wconf 84' lang='grc' dir='ltr'>ὡς</span> <span class='ocrx_word' id='word_1_330' title='bbox 980 2690 1130 2759; x_wconf 80' lang='grc' dir='ltr'>βέλος</span> <span class='ocrx_word' id='word_1_331' title='bbox 1164 2691 1435 2753; x_wconf 83' lang='grc' dir='ltr'>ἐκλεκτὸν,</span> <span class='ocrx_word' id='word_1_332' title='bbox 1469 2694 1560 2744; x_wconf 71' lang='grc' dir='ltr'><strong>καὶ</strong></span> <span class='ocrx_word' id='word_1_333' title='bbox 1592 2694 1649 2744; x_wconf 81' lang='grc' dir='ltr'>ὲν</span> <span class='ocrx_word' id='word_1_334' title='bbox 1687 2695 1753 2763; x_wconf 79' lang='grc' dir='ltr'>τῇ</span> <span class='ocrx_word' id='word_1_335' title='bbox 1786 2695 2032 2766; x_wconf 63' lang='grc' dir='ltr'>φαρέτρα</span> 
     </span>
    </p>
   </div>
   <div class='ocr_carea' id='block_1_44' title="bbox 461 2779 2033 2852">
    <p class='ocr_par' dir='ltr' id='par_1_44' title="bbox 461 2779 2033 2852">
     <span class='ocr_line' id='line_1_44' title="bbox 461 2779 2033 2852; baseline 0.005 -20"><span class='ocrx_word' id='word_1_336' title='bbox 461 2779 628 2833; x_wconf 76' lang='grc' dir='ltr'>αὐτοῦ</span> <span class='ocrx_word' id='word_1_337' title='bbox 656 2779 928 2833; x_wconf 82' lang='grc' dir='ltr'>ἑσκέπασέ</span> <span class='ocrx_word' id='word_1_338' title='bbox 949 2799 1035 2852; x_wconf 91' lang='grc' dir='ltr'>με.</span> <span class='ocrx_word' id='word_1_339' title='bbox 1066 2782 1176 2834; x_wconf 77' lang='grc' dir='ltr'>Καὶ</span> <span class='ocrx_word' id='word_1_340' title='bbox 1193 2783 1429 2849; x_wconf 77' lang='grc' dir='ltr'>ἐπιλέγει</span> <span class='ocrx_word' id='word_1_341' title='bbox 1456 2782 1601 2852; x_wconf 66' lang='grc' dir='ltr'><strong>ἑξῆς</strong></span> <span class='ocrx_word' id='word_1_342' title='bbox 1630 2803 1647 2834; x_wconf 76' lang='grc' dir='ltr'><strong>ι</strong></span> <span class='ocrx_word' id='word_1_343' title='bbox 1670 2784 1796 2837; x_wconf 81' lang='grc' dir='ltr'>Ἰδοὺ</span> <span class='ocrx_word' id='word_1_344' title='bbox 1826 2784 2033 2841; x_wconf 87' lang='grc' dir='ltr'>δέδωκά</span> 
     </span>
    </p>
   </div>
   <div class='ocr_carea' id='block_1_45' title="bbox 454 2871 2031 2943">
    <p class='ocr_par' dir='ltr' id='par_1_45' title="bbox 454 2871 2031 2943">
     <span class='ocr_line' id='line_1_45' title="bbox 454 2871 2031 2943; baseline 0.004 -19"><span class='ocrx_word' id='word_1_345' title='bbox 454 2887 514 2924; x_wconf 89' lang='grc' dir='ltr'><strong>σε</strong></span> <span class='ocrx_word' id='word_1_346' title='bbox 547 2873 627 2935; x_wconf 81' lang='grc' dir='ltr'><strong>είς</strong></span> <span class='ocrx_word' id='word_1_347' title='bbox 654 2871 915 2943; x_wconf 79' lang='grc' dir='ltr'>διαθήκην</span> <span class='ocrx_word' id='word_1_348' title='bbox 946 2873 1152 2940; x_wconf 79' lang='grc' dir='ltr'>γένους,</span> <span class='ocrx_word' id='word_1_349' title='bbox 1188 2875 1267 2937; x_wconf 85' lang='grc' dir='ltr'><strong>είς</strong></span> <span class='ocrx_word' id='word_1_350' title='bbox 1300 2874 1415 2942; x_wconf 83' lang='grc' dir='ltr'><strong>φῶς</strong></span> <span class='ocrx_word' id='word_1_351' title='bbox 1454 2874 1622 2928; x_wconf 83' lang='grc' dir='ltr'>ἐθνῶν</span> <span class='ocrx_word' id='word_1_352' title='bbox 1662 2871 1800 2929; x_wconf 75' lang='grc' dir='ltr'>εἷναί</span> <span class='ocrx_word' id='word_1_353' title='bbox 1849 2894 1907 2930; x_wconf 82' lang='grc' dir='ltr'><strong>σε</strong></span> <span class='ocrx_word' id='word_1_354' title='bbox 1950 2880 2031 2942; x_wconf 87' lang='grc' dir='ltr'><strong>είς</strong></span> 
     </span>
    </p>
   </div>
   <div class='ocr_carea' id='block_1_46' title="bbox 455 2962 1449 3035">
    <p class='ocr_par' dir='ltr' id='par_1_46' title="bbox 455 2962 1449 3035">
     <span class='ocr_line' id='line_1_46' title="bbox 455 2962 1449 3035; baseline 0.003 -21"><span class='ocrx_word' id='word_1_355' title='bbox 455 2962 726 3033; x_wconf 78' lang='grc' dir='ltr'>σωτηρίαν</span> <span class='ocrx_word' id='word_1_356' title='bbox 755 2962 860 3026; x_wconf 80' lang='grc' dir='ltr'>ἓως</span> <span class='ocrx_word' id='word_1_357' title='bbox 883 2963 1109 3033; x_wconf 59' lang='grc' dir='ltr'>ἐσχάτου</span> <span class='ocrx_word' id='word_1_358' title='bbox 1139 2965 1237 3035; x_wconf 75' lang='grc' dir='ltr'><strong>τῆς</strong></span> <span class='ocrx_word' id='word_1_359' title='bbox 1266 2964 1389 3034; x_wconf 84' lang='grc' dir='ltr'>γῆς.</span> <span class='ocrx_word' id='word_1_360' title='bbox 1431 2985 1449 3017; x_wconf 75' lang='grc' dir='ltr'><strong>ι</strong></span> 
     </span>
    </p>
   </div>
   <div class='ocr_carea' id='block_1_47' title="bbox 2136 1944 3714 2014">
    <p class='ocr_par' dir='ltr' id='par_1_47' title="bbox 2136 1944 3714 2014">
     <span class='ocr_line' id='line_1_47' title="bbox 2136 1944 3714 2014; baseline 0.003 -17"><span class='ocrx_word' id='word_1_361' title='bbox 2136 1957 2283 1997; x_wconf 91' lang='lat' dir='ltr'><strong>nunc</strong></span> <span class='ocrx_word' id='word_1_362' title='bbox 2302 1944 2587 2007; x_wconf 86' lang='lat' dir='ltr'><strong>annuntio,</strong></span> <span class='ocrx_word' id='word_1_363' title='bbox 2611 1951 2897 2014; x_wconf 86' lang='lat' dir='ltr'><strong>antequam</strong></span> <span class='ocrx_word' id='word_1_364' title='bbox 2923 1947 3306 2012; x_wconf 85' lang='lat' dir='ltr'><strong>nuntiaverim,</strong></span> <span class='ocrx_word' id='word_1_365' title='bbox 3331 1948 3567 2003; x_wconf 86' lang='lat' dir='ltr'><strong>iudicata</strong></span> <span class='ocrx_word' id='word_1_366' title='bbox 3585 1956 3714 2004; x_wconf 84' lang='lat' dir='ltr'><strong>sunt</strong></span> 
     </span>
    </p>
   </div>
   <div class='ocr_carea' id='block_1_48' title="bbox 2136 2034 2428 2088">
    <p class='ocr_par' dir='ltr' id='par_1_48' title="bbox 2136 2034 2428 2088">
     <span class='ocr_line' id='line_1_48' title="bbox 2136 2034 2428 2088; baseline 0.007 -4"><span class='ocrx_word' id='word_1_367' title='bbox 2136 2034 2291 2088; x_wconf 86' lang='lat' dir='ltr'><strong>vobis</strong></span> <span class='ocrx_word' id='word_1_368' title='bbox 2309 2034 2374 2087; x_wconf 79' lang='grc'><strong>⁷³.</strong></span> <span class='ocrx_word' id='word_1_369' title='bbox 2410 2054 2428 2086; x_wconf 70' lang='grc' dir='ltr'><strong>ι</strong></span> 
     </span>
    </p>
   </div>
   <div class='ocr_carea' id='block_1_49' title="bbox 2136 2148 3709 2207">
    <p class='ocr_par' dir='ltr' id='par_1_49' title="bbox 2136 2148 3709 2207">
     <span class='ocr_line' id='line_1_49' title="bbox 2136 2148 3709 2207; baseline 0.004 -6"><span class='ocrx_word' id='word_1_370' title='bbox 2136 2148 2278 2203; x_wconf 80' lang='lat' dir='ltr'><strong>XXI.</strong></span> <span class='ocrx_word' id='word_1_371' title='bbox 2326 2150 2402 2203; x_wconf 80' lang='lat' dir='ltr'><strong>Ab</strong></span> <span class='ocrx_word' id='word_1_372' title='bbox 2452 2149 2761 2203; x_wconf 85' lang='lat' dir='ltr'><strong>eodem.—</strong></span> <span class='ocrx_word' id='word_1_373' title='bbox 2801 2148 3106 2203; x_wconf 79' lang='lat' dir='ltr'><strong>Declaratio</strong></span> <span class='ocrx_word' id='word_1_374' title='bbox 3155 2150 3353 2204; x_wconf 78' lang='lat' dir='ltr'><strong>Christi</strong></span> <span class='ocrx_word' id='word_1_375' title='bbox 3397 2163 3508 2205; x_wconf 82' lang='lat' dir='ltr'><strong>tum</strong></span> <span class='ocrx_word' id='word_1_376' title='bbox 3560 2159 3709 2207; x_wconf 75' lang='lat' dir='ltr'><strong>ortus</strong></span> 
     </span>
    </p>
   </div>
   <div class='ocr_carea' id='block_1_50' title="bbox 2561 2220 3282 2290">
    <p class='ocr_par' dir='ltr' id='par_1_50' title="bbox 2561 2220 3282 2290">
     <span class='ocr_line' id='line_1_50' title="bbox 2561 2220 3282 2290; baseline 0.003 -18"><span class='ocrx_word' id='word_1_377' title='bbox 2561 2229 2671 2272; x_wconf 88' lang='lat' dir='ltr'><strong>tum</strong></span> <span class='ocrx_word' id='word_1_378' title='bbox 2706 2220 2991 2273; x_wconf 80' lang='lat' dir='ltr'><strong>vocationis</strong></span> <span class='ocrx_word' id='word_1_379' title='bbox 3031 2220 3282 2290; x_wconf 82' lang='lat' dir='ltr'><strong>gentium.</strong></span> 
     </span>
    </p>
   </div>
   <div class='ocr_carea' id='block_1_51' title="bbox 2214 2331 3711 2404">
    <p class='ocr_par' dir='ltr' id='par_1_51' title="bbox 2214 2331 3711 2404">
     <span class='ocr_line' id='line_1_51' title="bbox 2214 2331 3711 2404; baseline 0.003 -20"><span class='ocrx_word' id='word_1_380' title='bbox 2214 2352 2233 2384; x_wconf 85' lang='grc'><strong><em>‹</em></strong></span> <span class='ocrx_word' id='word_1_381' title='bbox 2262 2332 2461 2387; x_wconf 87' lang='lat' dir='ltr'><strong>Audite</strong></span> <span class='ocrx_word' id='word_1_382' title='bbox 2510 2346 2617 2395; x_wconf 90' lang='lat' dir='ltr'><strong>me,</strong></span> <span class='ocrx_word' id='word_1_383' title='bbox 2661 2331 2875 2392; x_wconf 71' lang='lat' dir='ltr'><strong>insulae.</strong></span> <span class='ocrx_word' id='word_1_384' title='bbox 2926 2339 2981 2385; x_wconf 85' lang='lat' dir='ltr'><strong>et</strong></span> <span class='ocrx_word' id='word_1_385' title='bbox 3020 2332 3300 2394; x_wconf 84' lang='lat' dir='ltr'><strong>attendite,</strong></span> <span class='ocrx_word' id='word_1_386' title='bbox 3348 2341 3579 2403; x_wconf 80' lang='lat' dir='ltr'><strong>gentes:</strong></span> <span class='ocrx_word' id='word_1_387' title='bbox 3612 2349 3711 2404; x_wconf 83' lang='lat' dir='ltr'><strong>per</strong></span> 
     </span>
    </p>
   </div>
   <div class='ocr_carea' id='block_1_52' title="bbox 2138 2421 3709 2495">
    <p class='ocr_par' dir='ltr' id='par_1_52' title="bbox 2138 2421 3709 2495">
     <span class='ocr_line' id='line_1_52' title="bbox 2138 2421 3709 2495; baseline 0.001 -16"><span class='ocrx_word' id='word_1_388' title='bbox 2138 2433 2350 2495; x_wconf 86' lang='lat' dir='ltr'><strong>tempus</strong></span> <span class='ocrx_word' id='word_1_389' title='bbox 2379 2424 2605 2478; x_wconf 89' lang='lat' dir='ltr'><strong>multum</strong></span> <span class='ocrx_word' id='word_1_390' title='bbox 2635 2423 2921 2486; x_wconf 88' lang='lat' dir='ltr'><strong>consistet,</strong></span> <span class='ocrx_word' id='word_1_391' title='bbox 2954 2421 3085 2476; x_wconf 90' lang='lat' dir='ltr'><strong>dicit</strong></span> <span class='ocrx_word' id='word_1_392' title='bbox 3119 2422 3380 2477; x_wconf 87' lang='lat' dir='ltr'><strong>Dominus</strong></span> <span class='ocrx_word' id='word_1_393' title='bbox 3409 2443 3422 2478; x_wconf 93' lang='lat'>:</span> <span class='ocrx_word' id='word_1_394' title='bbox 3453 2425 3520 2479; x_wconf 87' lang='lat' dir='ltr'><strong>ab</strong></span> <span class='ocrx_word' id='word_1_395' title='bbox 3551 2434 3709 2480; x_wconf 90' lang='lat' dir='ltr'><strong>utero</strong></span> 
     </span>
    </p>
   </div>
   <div class='ocr_carea' id='block_1_53' title="bbox 2137 2515 3709 2585">
    <p class='ocr_par' dir='ltr' id='par_1_53' title="bbox 2137 2515 3709 2585">
     <span class='ocr_line' id='line_1_53' title="bbox 2137 2515 3709 2585; baseline -0.001 -12"><span class='ocrx_word' id='word_1_396' title='bbox 2137 2519 2332 2573; x_wconf 85' lang='lat' dir='ltr'><strong>matris</strong></span> <span class='ocrx_word' id='word_1_397' title='bbox 2379 2532 2513 2570; x_wconf 69' lang='lat' dir='ltr'><strong>mea:</strong></span> <span class='ocrx_word' id='word_1_398' title='bbox 2561 2515 2774 2570; x_wconf 86' lang='lat' dir='ltr'><strong>vocavit</strong></span> <span class='ocrx_word' id='word_1_399' title='bbox 2816 2529 3015 2569; x_wconf 89' lang='lat' dir='ltr'><strong>nomen</strong></span> <span class='ocrx_word' id='word_1_400' title='bbox 3069 2529 3269 2576; x_wconf 85' lang='lat' dir='ltr'><strong>meum,</strong></span> <span class='ocrx_word' id='word_1_401' title='bbox 3314 2524 3365 2569; x_wconf 87' lang='lat' dir='ltr'><strong>et</strong></span> <span class='ocrx_word' id='word_1_402' title='bbox 3410 2516 3593 2585; x_wconf 87' lang='lat' dir='ltr'><strong>posuit</strong></span> <span class='ocrx_word' id='word_1_403' title='bbox 3644 2530 3709 2571; x_wconf 77' lang='lat' dir='ltr'><strong>os</strong></span> 
     </span>
    </p>
   </div>
   <div class='ocr_carea' id='block_1_54' title="bbox 2137 2607 3711 2679">
    <p class='ocr_par' dir='ltr' id='par_1_54' title="bbox 2137 2607 3711 2679">
     <span class='ocr_line' id='line_1_54' title="bbox 2137 2607 3711 2679; baseline -0.001 -15"><span class='ocrx_word' id='word_1_404' title='bbox 2137 2626 2316 2664; x_wconf 91' lang='lat' dir='ltr'><strong>meum</strong></span> <span class='ocrx_word' id='word_1_405' title='bbox 2363 2609 2521 2679; x_wconf 86' lang='lat' dir='ltr'><strong>quasi</strong></span> <span class='ocrx_word' id='word_1_406' title='bbox 2559 2607 2798 2678; x_wconf 83' lang='lat' dir='ltr'><strong>gladium</strong></span> <span class='ocrx_word' id='word_1_407' title='bbox 2851 2613 3095 2668; x_wconf 90' lang='lat' dir='ltr'><strong>acutum,</strong></span> <span class='ocrx_word' id='word_1_408' title='bbox 3141 2612 3195 2660; x_wconf 90' lang='lat' dir='ltr'><strong>et</strong></span> <span class='ocrx_word' id='word_1_409' title='bbox 3242 2607 3346 2661; x_wconf 91' lang='lat' dir='ltr'><strong>sub</strong></span> <span class='ocrx_word' id='word_1_410' title='bbox 3394 2615 3711 2677; x_wconf 75' lang='lat' dir='ltr'><strong>tegumenta</strong></span> 
     </span>
    </p>
   </div>
   <div class='ocr_carea' id='block_1_55' title="bbox 2137 2696 3711 2768">
    <p class='ocr_par' dir='ltr' id='par_1_55' title="bbox 2137 2696 3711 2768">
     <span class='ocr_line' id='line_1_55' title="bbox 2137 2696 3711 2768; baseline 0 -16"><span class='ocrx_word' id='word_1_411' title='bbox 2137 2715 2332 2755; x_wconf 88' lang='lat' dir='ltr'><strong>manus</strong></span> <span class='ocrx_word' id='word_1_412' title='bbox 2357 2714 2470 2753; x_wconf 64' lang='lat' dir='ltr'><strong>suae</strong></span> <span class='ocrx_word' id='word_1_413' title='bbox 2503 2696 2799 2753; x_wconf 78' lang='lat' dir='ltr'><strong>occultavit</strong></span> <span class='ocrx_word' id='word_1_414' title='bbox 2838 2711 2926 2749; x_wconf 88' lang='lat' dir='ltr'><strong>me</strong></span> <span class='ocrx_word' id='word_1_415' title='bbox 2956 2715 2968 2749; x_wconf 88' lang='lat'>:</span> <span class='ocrx_word' id='word_1_416' title='bbox 3001 2696 3182 2764; x_wconf 88' lang='lat' dir='ltr'><strong>posuit</strong></span> <span class='ocrx_word' id='word_1_417' title='bbox 3226 2713 3312 2752; x_wconf 86' lang='lat' dir='ltr'><strong>me</strong></span> <span class='ocrx_word' id='word_1_418' title='bbox 3353 2699 3509 2767; x_wconf 88' lang='lat' dir='ltr'><strong>quasi</strong></span> <span class='ocrx_word' id='word_1_419' title='bbox 3539 2698 3711 2768; x_wconf 76' lang='lat' dir='ltr'><strong>sagit-</strong></span> 
     </span>
    </p>
   </div>
   <div class='ocr_carea' id='block_1_56' title="bbox 2134 2788 3702 2858">
    <p class='ocr_par' dir='ltr' id='par_1_56' title="bbox 2134 2788 3702 2858">
     <span class='ocr_line' id='line_1_56' title="bbox 2134 2788 3702 2858; baseline 0 -15"><span class='ocrx_word' id='word_1_420' title='bbox 2134 2798 2244 2843; x_wconf 90' lang='lat' dir='ltr'><strong>tam</strong></span> <span class='ocrx_word' id='word_1_421' title='bbox 2286 2792 2537 2853; x_wconf 87' lang='lat' dir='ltr'><strong>electam,</strong></span> <span class='ocrx_word' id='word_1_422' title='bbox 2587 2796 2640 2843; x_wconf 90' lang='lat' dir='ltr'><strong>et</strong></span> <span class='ocrx_word' id='word_1_423' title='bbox 2676 2788 2730 2841; x_wconf 86' lang='lat' dir='ltr'><strong>in</strong></span> <span class='ocrx_word' id='word_1_424' title='bbox 2766 2788 3021 2858; x_wconf 85' lang='lat' dir='ltr'><strong>pharetra</strong></span> <span class='ocrx_word' id='word_1_425' title='bbox 3069 2802 3168 2843; x_wconf 91' lang='lat' dir='ltr'><strong>sua</strong></span> <span class='ocrx_word' id='word_1_426' title='bbox 3199 2789 3438 2857; x_wconf 81' lang='lat' dir='ltr'><strong>protexit</strong></span> <span class='ocrx_word' id='word_1_427' title='bbox 3473 2802 3560 2842; x_wconf 88' lang='lat' dir='ltr'><strong>me</strong></span> <span class='ocrx_word' id='word_1_428' title='bbox 3580 2788 3646 2843; x_wconf 65' lang='grc'><strong>⁷⁵.</strong></span> <span class='ocrx_word' id='word_1_429' title='bbox 3680 2805 3702 2842; x_wconf 70' lang='grc' dir='ltr'><strong>ι</strong></span> 
     </span>
    </p>
   </div>
   <div class='ocr_carea' id='block_1_57' title="bbox 2135 2874 3706 2950">
    <p class='ocr_par' dir='ltr' id='par_1_57' title="bbox 2135 2874 3706 2950">
     <span class='ocr_line' id='line_1_57' title="bbox 2135 2874 3706 2950; baseline -0.002 -18"><span class='ocrx_word' id='word_1_430' title='bbox 2135 2878 2201 2933; x_wconf 88' lang='grc' dir='ltr'>Ει</span> <span class='ocrx_word' id='word_1_431' title='bbox 2233 2878 2477 2950; x_wconf 82' lang='lat' dir='ltr'><strong>adjungit</strong></span> <span class='ocrx_word' id='word_1_432' title='bbox 2511 2877 2804 2947; x_wconf 86' lang='lat' dir='ltr'><strong>deinceps:</strong></span> <span class='ocrx_word' id='word_1_433' title='bbox 2834 2895 2853 2927; x_wconf 76' lang='grc' dir='ltr'><strong>ι</strong></span> <span class='ocrx_word' id='word_1_434' title='bbox 2884 2874 3025 2931; x_wconf 86' lang='lat' dir='ltr'><strong>Ecce</strong></span> <span class='ocrx_word' id='word_1_435' title='bbox 3067 2874 3187 2929; x_wconf 88' lang='lat' dir='ltr'><strong>dedi</strong></span> <span class='ocrx_word' id='word_1_436' title='bbox 3222 2881 3275 2928; x_wconf 89' lang='lat' dir='ltr'><strong>te</strong></span> <span class='ocrx_word' id='word_1_437' title='bbox 3313 2874 3369 2928; x_wconf 88' lang='lat' dir='ltr'><strong>in</strong></span> <span class='ocrx_word' id='word_1_438' title='bbox 3409 2881 3706 2929; x_wconf 82' lang='lat' dir='ltr'><strong>testamen-</strong></span> 
     </span>
    </p>
   </div>
   <div class='ocr_carea' id='block_1_58' title="bbox 2133 2964 3698 3041">
    <p class='ocr_par' dir='ltr' id='par_1_58' title="bbox 2133 2964 3698 3041">
     <span class='ocr_line' id='line_1_58' title="bbox 2133 2964 3698 3041; baseline -0.004 -16"><span class='ocrx_word' id='word_1_439' title='bbox 2133 2980 2245 3025; x_wconf 86' lang='lat' dir='ltr'><strong>tum</strong></span> <span class='ocrx_word' id='word_1_440' title='bbox 2280 2971 2516 3041; x_wconf 86' lang='lat' dir='ltr'><strong>generis,</strong></span> <span class='ocrx_word' id='word_1_441' title='bbox 2562 2969 2617 3022; x_wconf 93' lang='lat' dir='ltr'><strong>in</strong></span> <span class='ocrx_word' id='word_1_442' title='bbox 2649 2969 2822 3022; x_wconf 86' lang='lat' dir='ltr'><strong>lucem</strong></span> <span class='ocrx_word' id='word_1_443' title='bbox 2851 2968 3115 3038; x_wconf 81' lang='lat' dir='ltr'><strong>gentium,</strong></span> <span class='ocrx_word' id='word_1_444' title='bbox 3142 2972 3201 3019; x_wconf 90' lang='lat' dir='ltr'><strong>ut</strong></span> <span class='ocrx_word' id='word_1_445' title='bbox 3248 2965 3327 3020; x_wconf 90' lang='lat' dir='ltr'><strong>sis</strong></span> <span class='ocrx_word' id='word_1_446' title='bbox 3358 2964 3413 3018; x_wconf 88' lang='lat' dir='ltr'><strong>in</strong></span> <span class='ocrx_word' id='word_1_447' title='bbox 3448 2965 3698 3029; x_wconf 87' lang='lat' dir='ltr'><strong>salutem,</strong></span> 
     </span>
    </p>
   </div>
   <div class='ocr_carea' id='block_1_59' title="bbox 2135 3059 3053 3131">
    <p class='ocr_par' dir='ltr' id='par_1_59' title="bbox 2135 3059 3053 3131">
     <span class='ocr_line' id='line_1_59' title="bbox 2135 3059 3053 3131; baseline -0.008 -16"><span class='ocrx_word' id='word_1_448' title='bbox 2135 3077 2307 3131; x_wconf 88' lang='lat' dir='ltr'><strong>usque</strong></span> <span class='ocrx_word' id='word_1_449' title='bbox 2336 3061 2401 3115; x_wconf 90' lang='lat' dir='ltr'><strong>ad</strong></span> <span class='ocrx_word' id='word_1_450' title='bbox 2430 3070 2729 3115; x_wconf 83' lang='lat' dir='ltr'><strong>extremum</strong></span> <span class='ocrx_word' id='word_1_451' title='bbox 2756 3059 2997 3113; x_wconf 65' lang='lat' dir='ltr'><strong>terrae&quot;.</strong></span> <span class='ocrx_word' id='word_1_452' title='bbox 3034 3076 3053 3108; x_wconf 71' lang='grc' dir='ltr'><strong>ι</strong></span> 
     </span>
    </p>
   </div>
   <div class='ocr_carea' id='block_1_60' title="bbox 453 3160 2032 3257">
    <p class='ocr_par' dir='ltr' id='par_1_60' title="bbox 453 3160 2030 3234">
     <span class='ocr_line' id='line_1_60' title="bbox 453 3160 2030 3234; baseline 0.003 -19"><span class='ocrx_word' id='word_1_453' title='bbox 453 3163 579 3217; x_wconf 80' lang='lat' dir='ltr'><strong>KB&#39;.</strong></span> <span class='ocrx_word' id='word_1_454' title='bbox 633 3160 781 3218; x_wconf 77' lang='grc' dir='ltr'><strong>Ἀπὸ</strong></span> <span class='ocrx_word' id='word_1_455' title='bbox 799 3164 903 3217; x_wconf 86' lang='grc' dir='ltr'>τοῦ</span> <span class='ocrx_word' id='word_1_456' title='bbox 929 3162 1133 3217; x_wconf 82' lang='grc' dir='ltr'>αὐτοῦ.</span> <span class='ocrx_word' id='word_1_457' title='bbox 1165 3194 1234 3203; x_wconf 93' lang='grc'><strong>--</strong></span> <span class='ocrx_word' id='word_1_458' title='bbox 1269 3164 1525 3232; x_wconf 67' lang='grc' dir='ltr'>Χριστοῦ</span> <span class='ocrx_word' id='word_1_459' title='bbox 1557 3165 1891 3232; x_wconf 79' lang='grc' dir='ltr'>παρουσίας</span> <span class='ocrx_word' id='word_1_460' title='bbox 1923 3164 2030 3234; x_wconf 84' lang='grc' dir='ltr'>δή-</span> 
     </span>
    </p>
   </div>
   <div class='ocr_carea' id='block_1_61' title="bbox 2135 3160 3703 3257">
    <p class='ocr_par' dir='ltr' id='par_1_61' title="bbox 2135 3168 3703 3257">
     <span class='ocr_line' id='line_1_61' title="bbox 2135 3168 3703 3257; baseline -0.004 -27"><span class='ocrx_word' id='word_1_461' title='bbox 2135 3176 2298 3231; x_wconf 78' lang='grc' dir='ltr'><strong>ΧΧΙΙ.</strong></span> <span class='ocrx_word' id='word_1_462' title='bbox 2354 3176 2431 3228; x_wconf 82' lang='lat' dir='ltr'><strong>Ab</strong></span> <span class='ocrx_word' id='word_1_463' title='bbox 2483 3171 3024 3257; x_wconf 36' lang='lat' dir='ltr'><strong>eodeni.:-.Cltris‘t_i</strong></span> <span class='ocrx_word' id='word_1_464' title='bbox 3081 3170 3330 3225; x_wconf 79' lang='lat' dir='ltr'><strong>adventus</strong></span> <span class='ocrx_word' id='word_1_465' title='bbox 3385 3168 3703 3241; x_wconf 67' lang='lat' dir='ltr'><strong>signiﬁcatio</strong></span> 
     </span>
    </p>
   </div>
   <div class='ocr_carea' id='block_1_62' title="bbox 804 3254 1671 3323">
    <p class='ocr_par' dir='ltr' id='par_1_62' title="bbox 804 3254 1671 3323">
     <span class='ocr_line' id='line_1_62' title="bbox 804 3254 1671 3323; baseline 0 -14"><span class='ocrx_word' id='word_1_466' title='bbox 804 3259 1010 3321; x_wconf 76' lang='grc' dir='ltr'>λωσις,</span> <span class='ocrx_word' id='word_1_467' title='bbox 1040 3255 1137 3307; x_wconf 76' lang='grc' dir='ltr'>καὶ</span> <span class='ocrx_word' id='word_1_468' title='bbox 1165 3255 1438 3323; x_wconf 77' lang='grc' dir='ltr'>κλήσεως</span> <span class='ocrx_word' id='word_1_469' title='bbox 1462 3254 1671 3309; x_wconf 59' lang='grc' dir='ltr'><strong>ἐθνῶν.</strong></span> 
     </span>
    </p>
   </div>
   <div class='ocr_carea' id='block_1_63' title="bbox 528 3366 2028 3438">
    <p class='ocr_par' dir='ltr' id='par_1_63' title="bbox 528 3366 2028 3438">
     <span class='ocr_line' id='line_1_63' title="bbox 528 3366 2028 3438; baseline 0.002 -19"><span class='ocrx_word' id='word_1_470' title='bbox 528 3386 546 3418; x_wconf 77' lang='grc' dir='ltr'><strong>ι</strong></span> <span class='ocrx_word' id='word_1_471' title='bbox 582 3366 736 3420; x_wconf 74' lang='grc' dir='ltr'>Οὕτω</span> <span class='ocrx_word' id='word_1_472' title='bbox 766 3367 913 3436; x_wconf 87' lang='grc' dir='ltr'>λέγει</span> <span class='ocrx_word' id='word_1_473' title='bbox 941 3367 1167 3438; x_wconf 80' lang='grc' dir='ltr'>Κύριος,</span> <span class='ocrx_word' id='word_1_474' title='bbox 1191 3368 1219 3419; x_wconf 78' lang='grc' dir='ltr'>ὁ</span> <span class='ocrx_word' id='word_1_475' title='bbox 1251 3368 1555 3438; x_wconf 74' lang='grc' dir='ltr'>ῥυσάμενός</span> <span class='ocrx_word' id='word_1_476' title='bbox 1581 3385 1639 3421; x_wconf 89' lang='grc' dir='ltr'><strong>σε</strong></span> <span class='ocrx_word' id='word_1_477' title='bbox 1680 3368 1709 3420; x_wconf 84' lang='grc' dir='ltr'><strong>ὁ</strong></span> <span class='ocrx_word' id='word_1_478' title='bbox 1750 3369 1882 3435; x_wconf 74' lang='grc' dir='ltr'>Θεὸς</span> <span class='ocrx_word' id='word_1_479' title='bbox 1927 3370 2028 3422; x_wconf 88' lang='grc' dir='ltr'>Ἰσ-</span> 
     </span>
    </p>
   </div>
   <div class='ocr_carea' id='block_1_64' title="bbox 455 3458 2025 3532">
    <p class='ocr_par' dir='ltr' id='par_1_64' title="bbox 455 3458 2025 3532">
     <span class='ocr_line' id='line_1_64' title="bbox 455 3458 2025 3532; baseline 0.001 -22"><span class='ocrx_word' id='word_1_480' title='bbox 455 3458 608 3529; x_wconf 86' lang='grc' dir='ltr'>ραήλ·</span> <span class='ocrx_word' id='word_1_481' title='bbox 662 3459 948 3527; x_wconf 86' lang='grc' dir='ltr'>Ἀγιάσατε</span> <span class='ocrx_word' id='word_1_482' title='bbox 997 3459 1086 3511; x_wconf 80' lang='grc' dir='ltr'><strong>τὸν</strong></span> <span class='ocrx_word' id='word_1_483' title='bbox 1137 3458 1459 3528; x_wconf 71' lang='grc' dir='ltr'>φαυλίξοντα</span> <span class='ocrx_word' id='word_1_484' title='bbox 1490 3459 1589 3529; x_wconf 79' lang='grc' dir='ltr'><strong>τὴν</strong></span> <span class='ocrx_word' id='word_1_485' title='bbox 1619 3458 1795 3532; x_wconf 71' lang='grc' dir='ltr'>ψυχὴν</span> <span class='ocrx_word' id='word_1_486' title='bbox 1837 3459 2025 3523; x_wconf 80' lang='grc' dir='ltr'>αὑτοῦ,</span> 
     </span>
    </p>
   </div>
   <div class='ocr_carea' id='block_1_65' title="bbox 450 3549 2021 3622">
    <p class='ocr_par' dir='ltr' id='par_1_65' title="bbox 450 3549 2021 3622">
     <span class='ocr_line' id='line_1_65' title="bbox 450 3549 2021 3622; baseline 0.001 -20"><span class='ocrx_word' id='word_1_487' title='bbox 450 3550 541 3603; x_wconf 84' lang='grc' dir='ltr'>τὸν</span> <span class='ocrx_word' id='word_1_488' title='bbox 577 3549 992 3621; x_wconf 73' lang='grc' dir='ltr'>βδελυσσόμενον</span> <span class='ocrx_word' id='word_1_489' title='bbox 1029 3550 1132 3603; x_wconf 79' lang='grc' dir='ltr'><strong>ὑπὸ</strong></span> <span class='ocrx_word' id='word_1_490' title='bbox 1175 3550 1283 3603; x_wconf 86' lang='grc' dir='ltr'><strong>τῶν</strong></span> <span class='ocrx_word' id='word_1_491' title='bbox 1326 3549 1525 3602; x_wconf 77' lang='grc' dir='ltr'>δούλων</span> <span class='ocrx_word' id='word_1_492' title='bbox 1576 3550 1684 3603; x_wconf 88' lang='grc' dir='ltr'><strong>τῶν</strong></span> <span class='ocrx_word' id='word_1_493' title='bbox 1726 3551 2021 3622; x_wconf 79' lang='grc' dir='ltr'>ἀρχόντων·</span> 
     </span>
    </p>
   </div>
   <div class='ocr_carea' id='block_1_66' title="bbox 452 3641 2021 3713">
    <p class='ocr_par' dir='ltr' id='par_1_66' title="bbox 452 3641 2021 3713">
     <span class='ocr_line' id='line_1_66' title="bbox 452 3641 2021 3713; baseline -0.001 -18"><span class='ocrx_word' id='word_1_494' title='bbox 452 3641 688 3711; x_wconf 83' lang='grc' dir='ltr'>βασιλεῖς</span> <span class='ocrx_word' id='word_1_495' title='bbox 729 3641 949 3711; x_wconf 69' lang='grc' dir='ltr'>ὄψονται</span> <span class='ocrx_word' id='word_1_496' title='bbox 977 3642 1160 3706; x_wconf 79' lang='grc' dir='ltr'>αὐτὸν,</span> <span class='ocrx_word' id='word_1_497' title='bbox 1193 3642 1285 3693; x_wconf 79' lang='grc' dir='ltr'><strong>καὶ</strong></span> <span class='ocrx_word' id='word_1_498' title='bbox 1312 3642 1704 3713; x_wconf 86' lang='grc' dir='ltr'>ἀναστήσονται</span> <span class='ocrx_word' id='word_1_499' title='bbox 1737 3642 2021 3713; x_wconf 83' lang='grc' dir='ltr'>ἄρχοντες,</span> 
     </span>
    </p>
   </div>
   <div class='ocr_carea' id='block_1_67' title="bbox 449 3729 2017 3804">
    <p class='ocr_par' dir='ltr' id='par_1_67' title="bbox 449 3729 2017 3804">
     <span class='ocr_line' id='line_1_67' title="bbox 449 3729 2017 3804; baseline 0 -18"><span class='ocrx_word' id='word_1_500' title='bbox 449 3735 544 3787; x_wconf 83' lang='grc' dir='ltr'><strong>καὶ</strong></span> <span class='ocrx_word' id='word_1_501' title='bbox 565 3735 1026 3804; x_wconf 85' lang='grc' dir='ltr'>προσκυνήσουσιν</span> <span class='ocrx_word' id='word_1_502' title='bbox 1053 3732 1220 3803; x_wconf 78' lang='grc' dir='ltr'>αὐτῷ,</span> <span class='ocrx_word' id='word_1_503' title='bbox 1250 3754 1266 3783; x_wconf 73' lang='grc' dir='ltr'><strong>ι</strong></span> <span class='ocrx_word' id='word_1_504' title='bbox 1290 3735 1382 3786; x_wconf 79' lang='grc' dir='ltr'><strong>καὶ</strong></span> <span class='ocrx_word' id='word_1_505' title='bbox 1405 3734 1631 3803; x_wconf 69' lang='grc' dir='ltr'>τᾶιέξῆς·</span> <span class='ocrx_word' id='word_1_506' title='bbox 1654 3729 1735 3796; x_wconf 71' lang='grc' dir='ltr'>οἷς</span> <span class='ocrx_word' id='word_1_507' title='bbox 1758 3733 2017 3802; x_wconf 81' lang='grc' dir='ltr'>ἐπιλέγει·</span> 
     </span>
    </p>
   </div>
   <div class='ocr_carea' id='block_1_68' title="bbox 455 3822 2025 3894">
    <p class='ocr_par' dir='ltr' id='par_1_68' title="bbox 455 3822 2025 3894">
     <span class='ocr_line' id='line_1_68' title="bbox 455 3822 2025 3894; baseline 0.001 -20"><span class='ocrx_word' id='word_1_508' title='bbox 455 3842 474 3874; x_wconf 72' lang='grc' dir='ltr'><strong>ι</strong></span> <span class='ocrx_word' id='word_1_509' title='bbox 510 3822 703 3893; x_wconf 83' lang='grc' dir='ltr'>Καιρῷ</span> <span class='ocrx_word' id='word_1_510' title='bbox 717 3823 890 3893; x_wconf 82' lang='grc' dir='ltr'>δεκτῷ</span> <span class='ocrx_word' id='word_1_511' title='bbox 910 3824 1190 3892; x_wconf 82' lang='grc' dir='ltr'>ἐπήκουσὰ</span> <span class='ocrx_word' id='word_1_512' title='bbox 1218 3840 1332 3885; x_wconf 89' lang='grc' dir='ltr'>σου,</span> <span class='ocrx_word' id='word_1_513' title='bbox 1352 3824 1445 3876; x_wconf 74' lang='grc' dir='ltr'><strong>καὶ</strong></span> <span class='ocrx_word' id='word_1_514' title='bbox 1461 3824 1518 3875; x_wconf 83' lang='grc' dir='ltr'><strong>ὲν</strong></span> <span class='ocrx_word' id='word_1_515' title='bbox 1541 3823 1722 3894; x_wconf 67' lang='grc' dir='ltr'>ἡμέρᾳ</span> <span class='ocrx_word' id='word_1_516' title='bbox 1753 3825 2025 3894; x_wconf 83' lang='grc' dir='ltr'>σωτηρίας</span> 
     </span>
    </p>
   </div>
   <div class='ocr_carea' id='block_1_69' title="bbox 451 3912 2024 3984">
    <p class='ocr_par' dir='ltr' id='par_1_69' title="bbox 451 3912 2024 3984">
     <span class='ocr_line' id='line_1_69' title="bbox 451 3912 2024 3984; baseline 0 -18"><span class='ocrx_word' id='word_1_517' title='bbox 451 3913 723 3984; x_wconf 77' lang='grc' dir='ltr'>ἐϐοήθησά</span> <span class='ocrx_word' id='word_1_518' title='bbox 746 3930 845 3966; x_wconf 90' lang='grc' dir='ltr'>σοι·</span> <span class='ocrx_word' id='word_1_519' title='bbox 876 3914 970 3966; x_wconf 73' lang='grc' dir='ltr'>καὶ</span> <span class='ocrx_word' id='word_1_520' title='bbox 1004 3913 1179 3966; x_wconf 80' lang='grc' dir='ltr'>ἔδωκὰ</span> <span class='ocrx_word' id='word_1_521' title='bbox 1209 3930 1267 3965; x_wconf 89' lang='grc' dir='ltr'><strong>σε</strong></span> <span class='ocrx_word' id='word_1_522' title='bbox 1311 3915 1390 3976; x_wconf 82' lang='grc' dir='ltr'>εἰς</span> <span class='ocrx_word' id='word_1_523' title='bbox 1421 3912 1684 3984; x_wconf 82' lang='grc' dir='ltr'>διαθήκην</span> <span class='ocrx_word' id='word_1_524' title='bbox 1712 3913 1900 3977; x_wconf 73' lang='grc' dir='ltr'>ἐθνῶν,</span> <span class='ocrx_word' id='word_1_525' title='bbox 1929 3913 2024 3966; x_wconf 77' lang='grc' dir='ltr'>τοῦ</span> 
     </span>
    </p>
   </div>
   <div class='ocr_carea' id='block_1_70' title="bbox 450 4004 2025 4076">
    <p class='ocr_par' dir='ltr' id='par_1_70' title="bbox 450 4004 2025 4076">
     <span class='ocr_line' id='line_1_70' title="bbox 450 4004 2025 4076; baseline 0.001 -18"><span class='ocrx_word' id='word_1_526' title='bbox 450 4005 786 4073; x_wconf 77' lang='grc' dir='ltr'>καταστῆσαι</span> <span class='ocrx_word' id='word_1_527' title='bbox 817 4006 914 4074; x_wconf 81' lang='grc' dir='ltr'>τὴν</span> <span class='ocrx_word' id='word_1_528' title='bbox 941 4005 1066 4075; x_wconf 77' lang='grc' dir='ltr'>γῆν,</span> <span class='ocrx_word' id='word_1_529' title='bbox 1096 4006 1191 4058; x_wconf 73' lang='grc' dir='ltr'><strong>καὶ</strong></span> <span class='ocrx_word' id='word_1_530' title='bbox 1220 4004 1623 4076; x_wconf 73' lang='grc' dir='ltr'>κληρονομῆσαι</span> <span class='ocrx_word' id='word_1_531' title='bbox 1666 4006 2025 4075; x_wconf 82' lang='grc' dir='ltr'>κληρονομίας</span> 
     </span>
    </p>
   </div>
   <div class='ocr_carea' id='block_1_71' title="bbox 452 4096 2025 4168">
    <p class='ocr_par' dir='ltr' id='par_1_71' title="bbox 452 4096 2025 4168">
     <span class='ocr_line' id='line_1_71' title="bbox 452 4096 2025 4168; baseline 0.001 -19"><span class='ocrx_word' id='word_1_532' title='bbox 452 4099 713 4168; x_wconf 65' lang='grc' dir='ltr'>ἐρήμους,</span> <span class='ocrx_word' id='word_1_533' title='bbox 768 4096 993 4165; x_wconf 88' lang='grc' dir='ltr'>λέγοντα</span> <span class='ocrx_word' id='word_1_534' title='bbox 1028 4100 1142 4159; x_wconf 84' lang='grc' dir='ltr'>τοῖς</span> <span class='ocrx_word' id='word_1_535' title='bbox 1186 4099 1243 4150; x_wconf 87' lang='grc' dir='ltr'>ὲν</span> <span class='ocrx_word' id='word_1_536' title='bbox 1299 4096 1534 4167; x_wconf 85' lang='grc' dir='ltr'>δεσμοῖς,</span> <span class='ocrx_word' id='word_1_537' title='bbox 1595 4096 1887 4163; x_wconf 75' lang='grc' dir='ltr'>Ἐξέλθετεο</span> <span class='ocrx_word' id='word_1_538' title='bbox 1931 4097 2025 4150; x_wconf 73' lang='grc' dir='ltr'><strong>καὶ</strong></span> 
     </span>
    </p>
   </div>
   <div class='ocr_carea' id='block_1_72' title="bbox 448 4185 2025 4258">
    <p class='ocr_par' dir='ltr' id='par_1_72' title="bbox 448 4185 2025 4258">
     <span class='ocr_line' id='line_1_72' title="bbox 448 4185 2025 4258; baseline -0.001 -18"><span class='ocrx_word' id='word_1_539' title='bbox 448 4190 560 4249; x_wconf 84' lang='grc' dir='ltr'>τοῖς</span> <span class='ocrx_word' id='word_1_540' title='bbox 578 4188 635 4240; x_wconf 85' lang='grc' dir='ltr'><strong>έν</strong></span> <span class='ocrx_word' id='word_1_541' title='bbox 664 4187 738 4258; x_wconf 80' lang='grc' dir='ltr'>τῷ</span> <span class='ocrx_word' id='word_1_542' title='bbox 774 4187 949 4240; x_wconf 80' lang='grc' dir='ltr'>σκότει</span> <span class='ocrx_word' id='word_1_543' title='bbox 982 4185 1445 4256; x_wconf 79' lang='grc' dir='ltr'>ἀνακαλυφθῆναι·</span> <span class='ocrx_word' id='word_1_544' title='bbox 1471 4185 1561 4238; x_wconf 74' lang='grc' dir='ltr'>καὶ</span> <span class='ocrx_word' id='word_1_545' title='bbox 1591 4186 1646 4238; x_wconf 80' lang='grc' dir='ltr'><strong>έν</strong></span> <span class='ocrx_word' id='word_1_546' title='bbox 1677 4187 1878 4249; x_wconf 80' lang='grc' dir='ltr'>πάσαις</span> <span class='ocrx_word' id='word_1_547' title='bbox 1905 4189 2025 4250; x_wconf 84' lang='grc' dir='ltr'>ταῖς</span> 
     </span>
    </p>
   </div>
   <div class='ocr_carea' id='block_1_73' title="bbox 449 4278 2022 4351">
    <p class='ocr_par' dir='ltr' id='par_1_73' title="bbox 449 4278 2022 4351">
     <span class='ocr_line' id='line_1_73' title="bbox 449 4278 2022 4351; baseline -0.002 -18"><span class='ocrx_word' id='word_1_548' title='bbox 449 4280 586 4343; x_wconf 83' lang='grc' dir='ltr'>ὁδοῖς</span> <span class='ocrx_word' id='word_1_549' title='bbox 619 4279 1065 4351; x_wconf 82' lang='grc' dir='ltr'>βοσκηθήσονται,</span> <span class='ocrx_word' id='word_1_550' title='bbox 1118 4282 1215 4332; x_wconf 72' lang='grc' dir='ltr'>καὶ</span> <span class='ocrx_word' id='word_1_551' title='bbox 1260 4282 1315 4332; x_wconf 82' lang='grc' dir='ltr'>ὲν</span> <span class='ocrx_word' id='word_1_552' title='bbox 1365 4279 1566 4342; x_wconf 86' lang='grc' dir='ltr'>πάσαις</span> <span class='ocrx_word' id='word_1_553' title='bbox 1614 4283 1730 4342; x_wconf 87' lang='grc' dir='ltr'>ταῖς</span> <span class='ocrx_word' id='word_1_554' title='bbox 1757 4278 2022 4350; x_wconf 82' lang='grc' dir='ltr'>τρίϐοιςή</span> 
     </span>
    </p>
   </div>
   <div class='ocr_carea' id='block_1_74' title="bbox 449 4370 2021 4443">
    <p class='ocr_par' dir='ltr' id='par_1_74' title="bbox 449 4370 2021 4443">
     <span class='ocr_line' id='line_1_74' title="bbox 449 4370 2021 4443; baseline -0.001 -19"><span class='ocrx_word' id='word_1_555' title='bbox 449 4373 588 4443; x_wconf 87' lang='grc' dir='ltr'>νομὴ</span> <span class='ocrx_word' id='word_1_556' title='bbox 627 4371 824 4426; x_wconf 73' lang='grc' dir='ltr'>αὐτῶν.</span> <span class='ocrx_word' id='word_1_557' title='bbox 860 4373 932 4425; x_wconf 84' lang='grc' dir='ltr'><strong>Οὐ</strong></span> <span class='ocrx_word' id='word_1_558' title='bbox 978 4371 1354 4435; x_wconf 84' lang='grc' dir='ltr'>πεινάσουσιν,</span> <span class='ocrx_word' id='word_1_559' title='bbox 1391 4371 1510 4424; x_wconf 79' lang='grc' dir='ltr'>οὐδὲ</span> <span class='ocrx_word' id='word_1_560' title='bbox 1535 4370 1871 4440; x_wconf 70' lang='grc' dir='ltr'>διψήσουσιν,</span> <span class='ocrx_word' id='word_1_561' title='bbox 1901 4371 2021 4423; x_wconf 80' lang='grc' dir='ltr'>οὐδὲ</span> 
     </span>
    </p>
   </div>
   <div class='ocr_carea' id='block_1_75' title="bbox 449 4461 2022 4533">
    <p class='ocr_par' dir='ltr' id='par_1_75' title="bbox 449 4461 2022 4533">
     <span class='ocr_line' id='line_1_75' title="bbox 449 4461 2022 4533; baseline -0.001 -18"><span class='ocrx_word' id='word_1_562' title='bbox 449 4462 676 4528; x_wconf 78' lang='grc' dir='ltr'>πατάξει</span> <span class='ocrx_word' id='word_1_563' title='bbox 704 4464 898 4527; x_wconf 78' lang='grc' dir='ltr'>αὐτοὺς</span> <span class='ocrx_word' id='word_1_564' title='bbox 924 4463 1161 4526; x_wconf 85' lang='grc' dir='ltr'>καύσων,</span> <span class='ocrx_word' id='word_1_565' title='bbox 1186 4463 1305 4516; x_wconf 77' lang='grc' dir='ltr'>οὐδὲ</span> <span class='ocrx_word' id='word_1_566' title='bbox 1326 4462 1495 4533; x_wconf 70' lang='grc' dir='ltr'>ἥλιος,</span> <span class='ocrx_word' id='word_1_567' title='bbox 1520 4462 1633 4515; x_wconf 80' lang='grc' dir='ltr'>ἀλλ’</span> <span class='ocrx_word' id='word_1_568' title='bbox 1664 4464 1691 4514; x_wconf 80' lang='grc' dir='ltr'>ὁ</span> <span class='ocrx_word' id='word_1_569' title='bbox 1720 4461 1885 4515; x_wconf 76' lang='grc' dir='ltr'>ἐλεῶν</span> <span class='ocrx_word' id='word_1_570' title='bbox 1918 4479 2022 4514; x_wconf 87' lang='grc' dir='ltr'>πα-</span> 
     </span>
    </p>
   </div>
   <div class='ocr_carea' id='block_1_76' title="bbox 2495 3244 3129 3311">
    <p class='ocr_par' dir='ltr' id='par_1_76' title="bbox 2495 3244 3129 3311">
     <span class='ocr_line' id='line_1_76' title="bbox 2495 3244 3129 3311; baseline -0.008 -13"><span class='ocrx_word' id='word_1_571' title='bbox 2495 3255 2543 3298; x_wconf 85' lang='lat' dir='ltr'><strong>ct</strong></span> <span class='ocrx_word' id='word_1_572' title='bbox 2566 3244 2853 3299; x_wconf 82' lang='lat' dir='ltr'><strong>vocationis</strong></span> <span class='ocrx_word' id='word_1_573' title='bbox 2875 3244 3129 3311; x_wconf 79' lang='lat' dir='ltr'><strong>gentium.</strong></span> 
     </span>
    </p>
   </div>
   <div class='ocr_carea' id='block_1_77' title="bbox 2208 3351 3699 3425">
    <p class='ocr_par' dir='ltr' id='par_1_77' title="bbox 2208 3351 3699 3425">
     <span class='ocr_line' id='line_1_77' title="bbox 2208 3351 3699 3425; baseline -0.002 -14"><span class='ocrx_word' id='word_1_574' title='bbox 2208 3379 2226 3411; x_wconf 72' lang='grc' dir='ltr'><strong>ι</strong></span> <span class='ocrx_word' id='word_1_575' title='bbox 2261 3357 2353 3413; x_wconf 90' lang='lat' dir='ltr'><strong>Sic</strong></span> <span class='ocrx_word' id='word_1_576' title='bbox 2382 3358 2507 3412; x_wconf 91' lang='lat' dir='ltr'><strong>dicit</strong></span> <span class='ocrx_word' id='word_1_577' title='bbox 2533 3355 2818 3423; x_wconf 88' lang='lat' dir='ltr'><strong>Dominus,</strong></span> <span class='ocrx_word' id='word_1_578' title='bbox 2846 3356 2940 3425; x_wconf 90' lang='lat' dir='ltr'><strong>qui</strong></span> <span class='ocrx_word' id='word_1_579' title='bbox 2966 3355 3215 3410; x_wconf 83' lang='lat' dir='ltr'><strong>liberavit</strong></span> <span class='ocrx_word' id='word_1_580' title='bbox 3250 3363 3301 3408; x_wconf 90' lang='lat' dir='ltr'><strong>te</strong></span> <span class='ocrx_word' id='word_1_581' title='bbox 3325 3352 3472 3407; x_wconf 89' lang='lat' dir='ltr'><strong>Deus</strong></span> <span class='ocrx_word' id='word_1_582' title='bbox 3495 3351 3699 3409; x_wconf 84' lang='lat' dir='ltr'><strong>Israel;</strong></span> 
     </span>
    </p>
   </div>
   <div class='ocr_carea' id='block_1_78' title="bbox 2130 3442 3698 3519">
    <p class='ocr_par' dir='ltr' id='par_1_78' title="bbox 2130 3442 3698 3519">
     <span class='ocr_line' id='line_1_78' title="bbox 2130 3442 3698 3519; baseline -0.007 -12"><span class='ocrx_word' id='word_1_583' title='bbox 2130 3452 2467 3507; x_wconf 86' lang='lat' dir='ltr'><strong>sanctilicatc</strong></span> <span class='ocrx_word' id='word_1_584' title='bbox 2503 3464 2626 3505; x_wconf 89' lang='lat' dir='ltr'><strong>eum</strong></span> <span class='ocrx_word' id='word_1_585' title='bbox 2675 3448 2768 3519; x_wconf 88' lang='lat' dir='ltr'><strong>qui</strong></span> <span class='ocrx_word' id='word_1_586' title='bbox 2824 3449 3046 3518; x_wconf 79' lang='lat' dir='ltr'><strong>negligit</strong></span> <span class='ocrx_word' id='word_1_587' title='bbox 3088 3447 3324 3500; x_wconf 86' lang='lat' dir='ltr'><strong>animam</strong></span> <span class='ocrx_word' id='word_1_588' title='bbox 3371 3459 3549 3510; x_wconf 88' lang='lat' dir='ltr'><strong>suam,</strong></span> <span class='ocrx_word' id='word_1_589' title='bbox 3604 3442 3698 3514; x_wconf 91' lang='lat' dir='ltr'><strong>qui</strong></span> 
     </span>
    </p>
   </div>
   <div class='ocr_carea' id='block_1_79' title="bbox 2130 3540 3705 3611">
    <p class='ocr_par' dir='ltr' id='par_1_79' title="bbox 2130 3540 3705 3611">
     <span class='ocr_line' id='line_1_79' title="bbox 2130 3540 3705 3611; baseline -0.004 -11"><span class='ocrx_word' id='word_1_590' title='bbox 2130 3543 2512 3600; x_wconf 86' lang='lat' dir='ltr'><strong>abominabilis</strong></span> <span class='ocrx_word' id='word_1_591' title='bbox 2541 3552 2625 3597; x_wconf 88' lang='lat' dir='ltr'><strong>est</strong></span> <span class='ocrx_word' id='word_1_592' title='bbox 2650 3542 2926 3611; x_wconf 78' lang='lat' dir='ltr'><strong>gentibus,</strong></span> <span class='ocrx_word' id='word_1_593' title='bbox 2959 3542 3136 3596; x_wconf 79' lang='lat' dir='ltr'><strong>servis</strong></span> <span class='ocrx_word' id='word_1_594' title='bbox 3164 3540 3473 3610; x_wconf 87' lang='lat' dir='ltr'><strong>principum</strong></span> <span class='ocrx_word' id='word_1_595' title='bbox 3502 3558 3514 3592; x_wconf 91' lang='lat'><strong>:</strong></span> <span class='ocrx_word' id='word_1_596' title='bbox 3543 3551 3705 3608; x_wconf 78' lang='lat' dir='ltr'><strong>reges</strong></span> 
     </span>
    </p>
   </div>
   <div class='ocr_carea' id='block_1_80' title="bbox 2128 3629 3702 3703">
    <p class='ocr_par' dir='ltr' id='par_1_80' title="bbox 2128 3629 3702 3703">
     <span class='ocr_line' id='line_1_80' title="bbox 2128 3629 3702 3703; baseline -0.004 -14"><span class='ocrx_word' id='word_1_597' title='bbox 2128 3636 2393 3690; x_wconf 87' lang='lat' dir='ltr'><strong>videbunt</strong></span> <span class='ocrx_word' id='word_1_598' title='bbox 2418 3650 2567 3699; x_wconf 86' lang='lat' dir='ltr'><strong>eum,</strong></span> <span class='ocrx_word' id='word_1_599' title='bbox 2618 3640 2673 3688; x_wconf 89' lang='lat' dir='ltr'><strong>et</strong></span> <span class='ocrx_word' id='word_1_600' title='bbox 2708 3640 2935 3703; x_wconf 76' lang='lat' dir='ltr'><strong>surgent</strong></span> <span class='ocrx_word' id='word_1_601' title='bbox 2976 3632 3273 3702; x_wconf 85' lang='lat' dir='ltr'><strong>principes,</strong></span> <span class='ocrx_word' id='word_1_602' title='bbox 3307 3639 3361 3684; x_wconf 90' lang='lat' dir='ltr'><strong>et</strong></span> <span class='ocrx_word' id='word_1_603' title='bbox 3392 3629 3702 3684; x_wconf 84' lang='lat' dir='ltr'><strong>adorabunt</strong></span> 
     </span>
    </p>
   </div>
   <div class='ocr_carea' id='block_1_81' title="bbox 2128 3719 3695 3791">
    <p class='ocr_par' dir='ltr' id='par_1_81' title="bbox 2128 3719 3695 3791">
     <span class='ocr_line' id='line_1_81' title="bbox 2128 3719 3695 3791; baseline -0.004 -11"><span class='ocrx_word' id='word_1_604' title='bbox 2128 3724 2322 3780; x_wconf 79' lang='lat' dir='ltr'><strong>eum&quot;</strong></span> <span class='ocrx_word' id='word_1_605' title='bbox 2367 3744 2384 3775; x_wconf 75' lang='grc' dir='ltr'><strong>ι</strong></span> <span class='ocrx_word' id='word_1_606' title='bbox 2452 3732 2505 3777; x_wconf 90' lang='lat' dir='ltr'><strong>et</strong></span> <span class='ocrx_word' id='word_1_607' title='bbox 2563 3736 2683 3791; x_wconf 81' lang='lat' dir='ltr'><strong>quae</strong></span> <span class='ocrx_word' id='word_1_608' title='bbox 2733 3732 3072 3790; x_wconf 88' lang='lat' dir='ltr'><strong>sequuntur;</strong></span> <span class='ocrx_word' id='word_1_609' title='bbox 3143 3721 3344 3789; x_wconf 84' lang='lat' dir='ltr'><strong>quibus</strong></span> <span class='ocrx_word' id='word_1_610' title='bbox 3406 3719 3695 3789; x_wconf 74' lang='lat' dir='ltr'><strong>adjungit:</strong></span> 
     </span>
    </p>
   </div>
   <div class='ocr_carea' id='block_1_82' title="bbox 2134 3811 3697 3884">
    <p class='ocr_par' dir='ltr' id='par_1_82' title="bbox 2134 3811 3697 3884">
     <span class='ocr_line' id='line_1_82' title="bbox 2134 3811 3697 3884; baseline -0.001 -18"><span class='ocrx_word' id='word_1_611' title='bbox 2134 3834 2152 3866; x_wconf 85' lang='grc'><em>‹</em></span> <span class='ocrx_word' id='word_1_612' title='bbox 2185 3813 2450 3884; x_wconf 88' lang='lat' dir='ltr'><strong>Tempore</strong></span> <span class='ocrx_word' id='word_1_613' title='bbox 2490 3821 2716 3883; x_wconf 88' lang='lat' dir='ltr'><strong>accepto</strong></span> <span class='ocrx_word' id='word_1_614' title='bbox 2764 3812 2944 3866; x_wconf 83' lang='lat' dir='ltr'><strong>audivi</strong></span> <span class='ocrx_word' id='word_1_615' title='bbox 2980 3819 3051 3877; x_wconf 81' lang='lat' dir='ltr'><strong>te,</strong></span> <span class='ocrx_word' id='word_1_616' title='bbox 3085 3820 3137 3864; x_wconf 89' lang='lat' dir='ltr'><strong>et</strong></span> <span class='ocrx_word' id='word_1_617' title='bbox 3175 3812 3231 3864; x_wconf 94' lang='lat' dir='ltr'><strong>in</strong></span> <span class='ocrx_word' id='word_1_618' title='bbox 3253 3812 3340 3865; x_wconf 90' lang='lat' dir='ltr'><strong>die</strong></span> <span class='ocrx_word' id='word_1_619' title='bbox 3379 3811 3571 3865; x_wconf 88' lang='lat' dir='ltr'><strong>salutis</strong></span> <span class='ocrx_word' id='word_1_620' title='bbox 3596 3811 3697 3865; x_wconf 87' lang='lat' dir='ltr'><strong>ad-</strong></span> 
     </span>
    </p>
   </div>
   <div class='ocr_carea' id='block_1_83' title="bbox 2124 3902 3699 3977">
    <p class='ocr_par' dir='ltr' id='par_1_83' title="bbox 2124 3902 3699 3977">
     <span class='ocr_line' id='line_1_83' title="bbox 2124 3902 3699 3977; baseline -0.004 -16"><span class='ocrx_word' id='word_1_621' title='bbox 2124 3908 2239 3977; x_wconf 91' lang='lat' dir='ltr'><strong>juvi</strong></span> <span class='ocrx_word' id='word_1_622' title='bbox 2273 3915 2368 3962; x_wconf 87' lang='lat' dir='ltr'><strong>te:</strong></span> <span class='ocrx_word' id='word_1_623' title='bbox 2402 3915 2456 3961; x_wconf 93' lang='lat' dir='ltr'><strong>et</strong></span> <span class='ocrx_word' id='word_1_624' title='bbox 2502 3905 2628 3961; x_wconf 89' lang='lat' dir='ltr'><strong>dedi</strong></span> <span class='ocrx_word' id='word_1_625' title='bbox 2675 3912 2727 3958; x_wconf 89' lang='lat' dir='ltr'><strong>te</strong></span> <span class='ocrx_word' id='word_1_626' title='bbox 2780 3904 2836 3957; x_wconf 87' lang='lat' dir='ltr'><strong>in</strong></span> <span class='ocrx_word' id='word_1_627' title='bbox 2882 3909 3266 3958; x_wconf 86' lang='lat' dir='ltr'><strong>testamentum</strong></span> <span class='ocrx_word' id='word_1_628' title='bbox 3322 3902 3586 3971; x_wconf 74' lang='lat' dir='ltr'><strong>gentium,</strong></span> <span class='ocrx_word' id='word_1_629' title='bbox 3637 3908 3699 3954; x_wconf 86' lang='lat' dir='ltr'><strong>ut</strong></span> 
     </span>
    </p>
   </div>
   <div class='ocr_carea' id='block_1_84' title="bbox 2128 3991 3699 4064">
    <p class='ocr_par' dir='ltr' id='par_1_84' title="bbox 2128 3991 3699 4064">
     <span class='ocr_line' id='line_1_84' title="bbox 2128 3991 3699 4064; baseline -0.006 -9"><span class='ocrx_word' id='word_1_630' title='bbox 2128 4001 2489 4055; x_wconf 88' lang='lat' dir='ltr'><strong>constitueres</strong></span> <span class='ocrx_word' id='word_1_631' title='bbox 2507 4007 2733 4061; x_wconf 87' lang='lat' dir='ltr'><strong>terram,</strong></span> <span class='ocrx_word' id='word_1_632' title='bbox 2753 4007 2803 4052; x_wconf 86' lang='lat' dir='ltr'><strong>et</strong></span> <span class='ocrx_word' id='word_1_633' title='bbox 2817 3994 3234 4064; x_wconf 80' lang='lat' dir='ltr'><strong>consequereris</strong></span> <span class='ocrx_word' id='word_1_634' title='bbox 3250 3991 3595 4047; x_wconf 72' lang='lat' dir='ltr'><strong>bzereditates</strong></span> <span class='ocrx_word' id='word_1_635' title='bbox 3611 3993 3699 4047; x_wconf 77' lang='lat' dir='ltr'><strong>de~</strong></span> 
     </span>
    </p>
   </div>
   <div class='ocr_carea' id='block_1_85' title="bbox 2129 4084 3688 4158">
    <p class='ocr_par' dir='ltr' id='par_1_85' title="bbox 2129 4084 3688 4158">
     <span class='ocr_line' id='line_1_85' title="bbox 2129 4084 3688 4158; baseline -0.008 -10"><span class='ocrx_word' id='word_1_636' title='bbox 2129 4103 2326 4156; x_wconf 87' lang='lat' dir='ltr'><strong>sertas,</strong></span> <span class='ocrx_word' id='word_1_637' title='bbox 2370 4099 2424 4146; x_wconf 89' lang='lat' dir='ltr'><strong>et</strong></span> <span class='ocrx_word' id='word_1_638' title='bbox 2466 4091 2680 4145; x_wconf 90' lang='lat' dir='ltr'><strong>diceres</strong></span> <span class='ocrx_word' id='word_1_639' title='bbox 2707 4090 2774 4144; x_wconf 91' lang='lat' dir='ltr'><strong>iis</strong></span> <span class='ocrx_word' id='word_1_640' title='bbox 2811 4089 2904 4158; x_wconf 93' lang='lat' dir='ltr'><strong>qui</strong></span> <span class='ocrx_word' id='word_1_641' title='bbox 2957 4088 3012 4141; x_wconf 90' lang='lat' dir='ltr'><strong>in</strong></span> <span class='ocrx_word' id='word_1_642' title='bbox 3046 4085 3281 4139; x_wconf 83' lang='lat' dir='ltr'><strong>vinculis</strong></span> <span class='ocrx_word' id='word_1_643' title='bbox 3313 4091 3463 4147; x_wconf 90' lang='lat' dir='ltr'><strong>sunt,</strong></span> <span class='ocrx_word' id='word_1_644' title='bbox 3504 4084 3688 4138; x_wconf 81' lang='lat' dir='ltr'><strong>exite;</strong></span> 
     </span>
    </p>
   </div>
   <div class='ocr_carea' id='block_1_86' title="bbox 2127 4173 3785 4253">
    <p class='ocr_par' dir='ltr' id='par_1_86' title="bbox 2127 4173 3785 4253">
     <span class='ocr_line' id='line_1_86' title="bbox 2127 4173 3785 4253; baseline -0.009 -13"><span class='ocrx_word' id='word_1_645' title='bbox 2127 4195 2180 4240; x_wconf 89' lang='lat' dir='ltr'><strong>et</strong></span> <span class='ocrx_word' id='word_1_646' title='bbox 2208 4185 2275 4239; x_wconf 90' lang='lat' dir='ltr'><strong>iis</strong></span> <span class='ocrx_word' id='word_1_647' title='bbox 2305 4184 2398 4253; x_wconf 85' lang='lat' dir='ltr'><strong>qui</strong></span> <span class='ocrx_word' id='word_1_648' title='bbox 2430 4182 2487 4236; x_wconf 93' lang='lat' dir='ltr'><strong>in</strong></span> <span class='ocrx_word' id='word_1_649' title='bbox 2519 4181 2782 4243; x_wconf 83' lang='lat' dir='ltr'><strong>tenebris,</strong></span> <span class='ocrx_word' id='word_1_650' title='bbox 2815 4189 2875 4233; x_wconf 92' lang='lat' dir='ltr'><strong>ut</strong></span> <span class='ocrx_word' id='word_1_651' title='bbox 2908 4180 2964 4233; x_wconf 89' lang='lat' dir='ltr'><strong>in</strong></span> <span class='ocrx_word' id='word_1_652' title='bbox 3002 4178 3177 4231; x_wconf 89' lang='lat' dir='ltr'><strong>lucem</strong></span> <span class='ocrx_word' id='word_1_653' title='bbox 3222 4173 3486 4245; x_wconf 89' lang='lat' dir='ltr'><strong>prodeant</strong></span> <span class='ocrx_word' id='word_1_654' title='bbox 3514 4191 3528 4226; x_wconf 87' lang='lat'><strong>:</strong></span> <span class='ocrx_word' id='word_1_655' title='bbox 3556 4184 3608 4227; x_wconf 90' lang='lat' dir='ltr'><strong>et</strong></span> <span class='ocrx_word' id='word_1_656' title='bbox 3639 4175 3694 4226; x_wconf 93' lang='lat' dir='ltr'><strong>in</strong></span> <span class='ocrx_word' id='word_1_657' title='bbox 3776 4228 3785 4235; x_wconf 60' lang='grc'>,</span> 
     </span>
    </p>
   </div>
   <div class='ocr_carea' id='block_1_87' title="bbox 2127 4264 3692 4343">
    <p class='ocr_par' dir='ltr' id='par_1_87' title="bbox 2127 4264 3692 4343">
     <span class='ocr_line' id='line_1_87' title="bbox 2127 4264 3692 4343; baseline -0.008 -14"><span class='ocrx_word' id='word_1_658' title='bbox 2127 4274 2382 4329; x_wconf 88' lang='lat' dir='ltr'><strong>omnibus</strong></span> <span class='ocrx_word' id='word_1_659' title='bbox 2405 4273 2509 4327; x_wconf 88' lang='lat' dir='ltr'><strong>viis</strong></span> <span class='ocrx_word' id='word_1_660' title='bbox 2541 4278 2857 4343; x_wconf 89' lang='lat' dir='ltr'><strong>pascentur,</strong></span> <span class='ocrx_word' id='word_1_661' title='bbox 2897 4276 2953 4323; x_wconf 89' lang='lat' dir='ltr'><strong>et</strong></span> <span class='ocrx_word' id='word_1_662' title='bbox 2981 4268 3036 4322; x_wconf 92' lang='lat' dir='ltr'><strong>in</strong></span> <span class='ocrx_word' id='word_1_663' title='bbox 3072 4267 3328 4321; x_wconf 88' lang='lat' dir='ltr'><strong>omnibus</strong></span> <span class='ocrx_word' id='word_1_664' title='bbox 3352 4264 3562 4319; x_wconf 87' lang='lat' dir='ltr'><strong>semitis</strong></span> <span class='ocrx_word' id='word_1_665' title='bbox 3594 4277 3692 4333; x_wconf 84' lang='lat' dir='ltr'><strong>pa-</strong></span> 
     </span>
    </p>
   </div>
   <div class='ocr_carea' id='block_1_88' title="bbox 2128 4362 3696 4433">
    <p class='ocr_par' dir='ltr' id='par_1_88' title="bbox 2128 4362 3696 4433">
     <span class='ocr_line' id='line_1_88' title="bbox 2128 4362 3696 4433; baseline -0.007 -9"><span class='ocrx_word' id='word_1_666' title='bbox 2128 4368 2232 4424; x_wconf 87' lang='lat' dir='ltr'><strong>stio</strong></span> <span class='ocrx_word' id='word_1_667' title='bbox 2283 4383 2505 4433; x_wconf 88' lang='lat' dir='ltr'><strong>eorum;</strong></span> <span class='ocrx_word' id='word_1_668' title='bbox 2564 4382 2672 4420; x_wconf 92' lang='lat' dir='ltr'><strong>non</strong></span> <span class='ocrx_word' id='word_1_669' title='bbox 2727 4366 2967 4421; x_wconf 88' lang='lat' dir='ltr'><strong>esurient</strong></span> <span class='ocrx_word' id='word_1_670' title='bbox 3024 4378 3200 4433; x_wconf 87' lang='lat' dir='ltr'><strong>neque</strong></span> <span class='ocrx_word' id='word_1_671' title='bbox 3261 4362 3469 4423; x_wconf 89' lang='lat' dir='ltr'><strong>sitient,</strong></span> <span class='ocrx_word' id='word_1_672' title='bbox 3518 4373 3696 4430; x_wconf 85' lang='lat' dir='ltr'><strong>neque</strong></span> 
     </span>
    </p>
   </div>
   <div class='ocr_carea' id='block_1_89' title="bbox 2124 4450 3693 4529">
    <p class='ocr_par' dir='ltr' id='par_1_89' title="bbox 2124 4450 3693 4529">
     <span class='ocr_line' id='line_1_89' title="bbox 2124 4450 3693 4529; baseline -0.008 -16"><span class='ocrx_word' id='word_1_673' title='bbox 2124 4459 2393 4529; x_wconf 89' lang='lat' dir='ltr'><strong>percutiet</strong></span> <span class='ocrx_word' id='word_1_674' title='bbox 2420 4473 2515 4512; x_wconf 91' lang='lat' dir='ltr'><strong>eos</strong></span> <span class='ocrx_word' id='word_1_675' title='bbox 2545 4464 2732 4519; x_wconf 61' lang='lat' dir='ltr'><strong>aestus,</strong></span> <span class='ocrx_word' id='word_1_676' title='bbox 2776 4469 2951 4524; x_wconf 88' lang='lat' dir='ltr'><strong>neque</strong></span> <span class='ocrx_word' id='word_1_677' title='bbox 2982 4454 3086 4517; x_wconf 90' lang='lat' dir='ltr'><strong>sol,</strong></span> <span class='ocrx_word' id='word_1_678' title='bbox 3128 4451 3223 4509; x_wconf 92' lang='lat' dir='ltr'><strong>sed</strong></span> <span class='ocrx_word' id='word_1_679' title='bbox 3254 4452 3346 4521; x_wconf 90' lang='lat' dir='ltr'><strong>qui</strong></span> <span class='ocrx_word' id='word_1_680' title='bbox 3381 4450 3693 4515; x_wconf 86' lang='lat' dir='ltr'><strong>miseretur,</strong></span> 
     </span>
    </p>
   </div>
   <div class='ocr_carea' id='block_1_90' title="bbox 453 4542 2032 4627">
    <p class='ocr_par' dir='ltr' id='par_1_90' title="bbox 453 4552 2020 4627">
     <span class='ocr_line' id='line_1_90' title="bbox 453 4552 2020 4627; baseline -0.001 -20"><span class='ocrx_word' id='word_1_681' title='bbox 453 4554 758 4627; x_wconf 84' lang='grc' dir='ltr'>ρακαλέσει,</span> <span class='ocrx_word' id='word_1_682' title='bbox 789 4555 882 4609; x_wconf 66' lang='grc' dir='ltr'><strong>κα)⁵</strong></span> <span class='ocrx_word' id='word_1_683' title='bbox 911 4554 1002 4608; x_wconf 84' lang='grc' dir='ltr'>διὰ</span> <span class='ocrx_word' id='word_1_684' title='bbox 1044 4555 1234 4626; x_wconf 83' lang='grc' dir='ltr'>πηγῶν</span> <span class='ocrx_word' id='word_1_685' title='bbox 1281 4554 1487 4607; x_wconf 80' lang='grc' dir='ltr'>ὑδάτων</span> <span class='ocrx_word' id='word_1_686' title='bbox 1526 4552 1642 4618; x_wconf 81' lang='grc' dir='ltr'>ἄξει</span> <span class='ocrx_word' id='word_1_687' title='bbox 1677 4553 1890 4617; x_wconf 77' lang='grc' dir='ltr'>αὐτούς’</span> <span class='ocrx_word' id='word_1_688' title='bbox 1926 4556 2020 4606; x_wconf 70' lang='grc' dir='ltr'><strong>καὶ</strong></span> 
     </span>
    </p>
   </div>
   <div class='ocr_carea' id='block_1_91' title="bbox 2135 4542 3692 4627">
    <p class='ocr_par' dir='ltr' id='par_1_91' title="bbox 2135 4542 3692 4619">
     <span class='ocr_line' id='line_1_91' title="bbox 2135 4542 3692 4619; baseline -0.008 -14"><span class='ocrx_word' id='word_1_689' title='bbox 2135 4552 2500 4606; x_wconf 80' lang='lat' dir='ltr'><strong>consolabitur</strong></span> <span class='ocrx_word' id='word_1_690' title='bbox 2527 4569 2540 4603; x_wconf 90' lang='lat'>:</span> <span class='ocrx_word' id='word_1_691' title='bbox 2569 4557 2622 4604; x_wconf 88' lang='lat' dir='ltr'><strong>et</strong></span> <span class='ocrx_word' id='word_1_692' title='bbox 2644 4562 2741 4619; x_wconf 89' lang='lat' dir='ltr'><strong>per</strong></span> <span class='ocrx_word' id='word_1_693' title='bbox 2773 4546 2950 4601; x_wconf 81' lang='lat' dir='ltr'><strong>fontes</strong></span> <span class='ocrx_word' id='word_1_694' title='bbox 2987 4557 3254 4614; x_wconf 87' lang='lat' dir='ltr'><strong>aquarum</strong></span> <span class='ocrx_word' id='word_1_695' title='bbox 3291 4542 3452 4597; x_wconf 90' lang='lat' dir='ltr'><strong>ducet</strong></span> <span class='ocrx_word' id='word_1_696' title='bbox 3492 4556 3608 4604; x_wconf 88' lang='lat' dir='ltr'><strong>eos,</strong></span> <span class='ocrx_word' id='word_1_697' title='bbox 3639 4549 3692 4594; x_wconf 84' lang='lat' dir='ltr'><strong>et</strong></span> 
     </span>
    </p>
   </div>
   <div class='ocr_carea' id='block_1_92' title="bbox 451 4644 2021 4718">
    <p class='ocr_par' dir='ltr' id='par_1_92' title="bbox 451 4644 2021 4718">
     <span class='ocr_line' id='line_1_92' title="bbox 451 4644 2021 4718; baseline 0 -20"><span class='ocrx_word' id='word_1_698' title='bbox 451 4644 601 4718; x_wconf 86' lang='grc' dir='ltr'>θήσω</span> <span class='ocrx_word' id='word_1_699' title='bbox 643 4648 750 4700; x_wconf 82' lang='grc' dir='ltr'>πᾶν</span> <span class='ocrx_word' id='word_1_700' title='bbox 794 4647 919 4718; x_wconf 85' lang='grc' dir='ltr'>δρος</span> <span class='ocrx_word' id='word_1_701' title='bbox 964 4648 1043 4710; x_wconf 86' lang='grc' dir='ltr'>εἰς</span> <span class='ocrx_word' id='word_1_702' title='bbox 1099 4646 1214 4700; x_wconf 83' lang='grc' dir='ltr'>ὁδὸν</span> <span class='ocrx_word' id='word_1_703' title='bbox 1263 4648 1356 4699; x_wconf 65' lang='grc' dir='ltr'><strong>κα)⁸</strong></span> <span class='ocrx_word' id='word_1_704' title='bbox 1386 4648 1566 4699; x_wconf 79' lang='grc' dir='ltr'>πᾶσαν</span> <span class='ocrx_word' id='word_1_705' title='bbox 1595 4646 1784 4717; x_wconf 76' lang='grc' dir='ltr'>τρίϐον</span> <span class='ocrx_word' id='word_1_706' title='bbox 1821 4647 1900 4708; x_wconf 83' lang='grc' dir='ltr'>εἰς</span> <span class='ocrx_word' id='word_1_707' title='bbox 1933 4645 2021 4716; x_wconf 85' lang='grc' dir='ltr'><strong>βό-</strong></span> 
     </span>
    </p>
   </div>
   <div class='ocr_carea' id='block_1_93' title="bbox 453 4733 2023 4811">
    <p class='ocr_par' dir='ltr' id='par_1_93' title="bbox 453 4733 2023 4811">
     <span class='ocr_line' id='line_1_93' title="bbox 453 4733 2023 4811; baseline -0.003 -17"><span class='ocrx_word' id='word_1_708' title='bbox 453 4757 639 4811; x_wconf 83' lang='grc' dir='ltr'>σκημα</span> <span class='ocrx_word' id='word_1_709' title='bbox 678 4741 872 4804; x_wconf 82' lang='grc' dir='ltr'>αὐτοῖς.</span> <span class='ocrx_word' id='word_1_710' title='bbox 936 4740 1063 4793; x_wconf 80' lang='grc' dir='ltr'>Ἰδοὺ</span> <span class='ocrx_word' id='word_1_711' title='bbox 1101 4733 1244 4793; x_wconf 77' lang='grc' dir='ltr'>οὗτοι</span> <span class='ocrx_word' id='word_1_712' title='bbox 1289 4739 1568 4811; x_wconf 76' lang='grc' dir='ltr'>πόρρωθεν</span> <span class='ocrx_word' id='word_1_713' title='bbox 1611 4739 1853 4810; x_wconf 76' lang='grc' dir='ltr'>ἥξουσιν,</span> <span class='ocrx_word' id='word_1_714' title='bbox 1880 4733 2023 4792; x_wconf 63' lang='grc' dir='ltr'>οὗτοι</span> 
     </span>
    </p>
   </div>
   <div class='ocr_carea' id='block_1_94' title="bbox 452 4828 2018 4903">
    <p class='ocr_par' dir='ltr' id='par_1_94' title="bbox 452 4828 2018 4903">
     <span class='ocr_line' id='line_1_94' title="bbox 452 4828 2018 4903; baseline -0.001 -21"><span class='ocrx_word' id='word_1_715' title='bbox 452 4829 561 4882; x_wconf 81' lang='grc' dir='ltr'>ἀπὸ</span> <span class='ocrx_word' id='word_1_716' title='bbox 603 4830 776 4903; x_wconf 75' lang='grc' dir='ltr'>βορῤα</span> <span class='ocrx_word' id='word_1_717' title='bbox 811 4831 905 4883; x_wconf 74' lang='grc' dir='ltr'><strong>καὶ</strong></span> <span class='ocrx_word' id='word_1_718' title='bbox 948 4828 1238 4901; x_wconf 89' lang='grc' dir='ltr'>θαλάσσης,</span> <span class='ocrx_word' id='word_1_719' title='bbox 1278 4830 1425 4883; x_wconf 81' lang='grc' dir='ltr'>ἄλλοι</span> <span class='ocrx_word' id='word_1_720' title='bbox 1469 4830 1525 4882; x_wconf 79' lang='grc' dir='ltr'>δὲ</span> <span class='ocrx_word' id='word_1_721' title='bbox 1559 4831 1623 4882; x_wconf 83' lang='grc' dir='ltr'><strong>ἐκ</strong></span> <span class='ocrx_word' id='word_1_722' title='bbox 1646 4829 1752 4898; x_wconf 81' lang='grc' dir='ltr'>γῆς</span> <span class='ocrx_word' id='word_1_723' title='bbox 1774 4828 2018 4900; x_wconf 89' lang='grc' dir='ltr'>Περσῶν.</span> 
     </span>
    </p>
   </div>
   <div class='ocr_carea' id='block_1_95' title="bbox 450 4921 2023 4994">
    <p class='ocr_par' dir='ltr' id='par_1_95' title="bbox 450 4921 2023 4994">
     <span class='ocr_line' id='line_1_95' title="bbox 450 4921 2023 4994; baseline -0.001 -20"><span class='ocrx_word' id='word_1_724' title='bbox 450 4921 821 4993; x_wconf 82' lang='grc' dir='ltr'>Εὐφράνθητε,</span> <span class='ocrx_word' id='word_1_725' title='bbox 860 4924 1097 4994; x_wconf 73' lang='grc' dir='ltr'>οὐρανοὶ,</span> <span class='ocrx_word' id='word_1_726' title='bbox 1123 4924 1215 4976; x_wconf 75' lang='grc' dir='ltr'><strong>καὶ</strong></span> <span class='ocrx_word' id='word_1_727' title='bbox 1247 4921 1590 4991; x_wconf 82' lang='grc' dir='ltr'>άγαλλιάσθω</span> <span class='ocrx_word' id='word_1_728' title='bbox 1618 4923 1651 4993; x_wconf 88' lang='grc' dir='ltr'><strong>ή</strong></span> <span class='ocrx_word' id='word_1_729' title='bbox 1689 4921 1780 4991; x_wconf 83' lang='grc' dir='ltr'><strong>γῆ.</strong></span> <span class='ocrx_word' id='word_1_730' title='bbox 1830 4921 2023 4992; x_wconf 80' lang='grc' dir='ltr'>Ῥηξά-</span> 
     </span>
    </p>
   </div>
   <div class='ocr_carea' id='block_1_96' title="bbox 447 5011 2022 5086">
    <p class='ocr_par' dir='ltr' id='par_1_96' title="bbox 447 5011 2022 5086">
     <span class='ocr_line' id='line_1_96' title="bbox 447 5011 2022 5086; baseline -0.002 -20"><span class='ocrx_word' id='word_1_731' title='bbox 447 5030 628 5066; x_wconf 89' lang='grc' dir='ltr'>τωσαν</span> <span class='ocrx_word' id='word_1_732' title='bbox 662 5012 730 5065; x_wconf 86' lang='grc' dir='ltr'>τὰ</span> <span class='ocrx_word' id='word_1_733' title='bbox 757 5014 856 5086; x_wconf 75' lang='grc' dir='ltr'>ὅρη</span> <span class='ocrx_word' id='word_1_734' title='bbox 888 5014 1243 5085; x_wconf 75' lang='grc' dir='ltr'>εὐφροσύνην,</span> <span class='ocrx_word' id='word_1_735' title='bbox 1276 5014 1357 5066; x_wconf 84' lang='grc' dir='ltr'>ὃτι</span> <span class='ocrx_word' id='word_1_736' title='bbox 1391 5013 1620 5083; x_wconf 72' lang='grc' dir='ltr'>ἠλέησεν</span> <span class='ocrx_word' id='word_1_737' title='bbox 1668 5011 1871 5082; x_wconf 84' lang='grc' dir='ltr'>Κύριος</span> <span class='ocrx_word' id='word_1_738' title='bbox 1931 5011 2022 5063; x_wconf 81' lang='grc' dir='ltr'>τὸν</span> 
     </span>
    </p>
   </div>
   <div class='ocr_carea' id='block_1_97' title="bbox 450 5101 2023 5174">
    <p class='ocr_par' dir='ltr' id='par_1_97' title="bbox 450 5101 2023 5174">
     <span class='ocr_line' id='line_1_97' title="bbox 450 5101 2023 5174; baseline -0.001 -17"><span class='ocrx_word' id='word_1_739' title='bbox 450 5104 576 5158; x_wconf 78' lang='grc' dir='ltr'>λαὸν</span> <span class='ocrx_word' id='word_1_740' title='bbox 603 5102 788 5167; x_wconf 72' lang='grc' dir='ltr'>αὐτοῦ,</span> <span class='ocrx_word' id='word_1_741' title='bbox 818 5106 911 5157; x_wconf 71' lang='grc' dir='ltr'>καὶ</span> <span class='ocrx_word' id='word_1_742' title='bbox 955 5104 1080 5168; x_wconf 75' lang='grc' dir='ltr'>τοὺς</span> <span class='ocrx_word' id='word_1_743' title='bbox 1105 5104 1394 5167; x_wconf 77' lang='grc' dir='ltr'>ταπεινοὺς</span> <span class='ocrx_word' id='word_1_744' title='bbox 1415 5102 1508 5156; x_wconf 80' lang='grc' dir='ltr'>τοῦ</span> <span class='ocrx_word' id='word_1_745' title='bbox 1531 5102 1661 5155; x_wconf 73' lang='grc' dir='ltr'>λαοῦ</span> <span class='ocrx_word' id='word_1_746' title='bbox 1694 5101 1855 5155; x_wconf 77' lang='grc' dir='ltr'>αὑτοῦ</span> <span class='ocrx_word' id='word_1_747' title='bbox 1886 5120 2023 5174; x_wconf 86' lang='grc' dir='ltr'>παρ-</span> 
     </span>
    </p>
   </div>
   <div class='ocr_carea' id='block_1_98' title="bbox 451 5193 787 5248">
    <p class='ocr_par' dir='ltr' id='par_1_98' title="bbox 451 5193 787 5248">
     <span class='ocr_line' id='line_1_98' title="bbox 451 5193 787 5248; baseline -0.012 0"><span class='ocrx_word' id='word_1_748' title='bbox 451 5193 609 5248; x_wconf 86' lang='grc' dir='ltr'>εκάλε</span> <span class='ocrx_word' id='word_1_749' title='bbox 617 5210 706 5246; x_wconf 88' lang='grc' dir='ltr'><strong>σεν</strong></span> <span class='ocrx_word' id='word_1_750' title='bbox 717 5236 730 5248; x_wconf 94' lang='grc'><strong><em>.</em></strong></span> <span class='ocrx_word' id='word_1_751' title='bbox 769 5212 787 5244; x_wconf 72' lang='grc' dir='ltr'><strong>ι</strong></span> 
     </span>
    </p>
   </div>
   <div class='ocr_carea' id='block_1_99' title="bbox 448 5306 2019 5377">
    <p class='ocr_par' dir='ltr' id='par_1_99' title="bbox 448 5306 2019 5377">
     <span class='ocr_line' id='line_1_99' title="bbox 448 5306 2019 5377; baseline -0.001 -16"><span class='ocrx_word' id='word_1_752' title='bbox 448 5308 577 5362; x_wconf 75' lang='grc' dir='ltr'><strong>ΚΓν.</strong></span> <span class='ocrx_word' id='word_1_753' title='bbox 620 5307 730 5363; x_wconf 85' lang='grc' dir='ltr'><strong>Τοῦ</strong></span> <span class='ocrx_word' id='word_1_754' title='bbox 763 5307 967 5361; x_wconf 85' lang='grc' dir='ltr'>αὑτοῦ.</span> <span class='ocrx_word' id='word_1_755' title='bbox 1000 5338 1068 5349; x_wconf 89' lang='lat'><strong>-—</strong></span> <span class='ocrx_word' id='word_1_756' title='bbox 1095 5309 1365 5376; x_wconf 76' lang='grc' dir='ltr'>Δήλωσις</span> <span class='ocrx_word' id='word_1_757' title='bbox 1386 5309 1642 5377; x_wconf 79' lang='grc' dir='ltr'>Χριστοῦ</span> <span class='ocrx_word' id='word_1_758' title='bbox 1670 5308 1766 5360; x_wconf 80' lang='grc' dir='ltr'>καὶ</span> <span class='ocrx_word' id='word_1_759' title='bbox 1797 5306 2019 5374; x_wconf 73' lang='grc' dir='ltr'>κλῆσις</span> 
     </span>
    </p>
   </div>
   <div class='ocr_carea' id='block_1_100' title="bbox 1127 5378 1333 5431">
    <p class='ocr_par' dir='ltr' id='par_1_100' title="bbox 1127 5378 1333 5431">
     <span class='ocr_line' id='line_1_100' title="bbox 1127 5378 1333 5431; baseline 0.005 -1"><span class='ocrx_word' id='word_1_760' title='bbox 1127 5378 1333 5431; x_wconf 76' lang='grc' dir='ltr'><strong>ἐθνῶν.</strong></span> 
     </span>
    </p>
   </div>
   <div class='ocr_carea' id='block_1_101' title="bbox 525 5490 2017 5566">
    <p class='ocr_par' dir='ltr' id='par_1_101' title="bbox 525 5490 2017 5566">
     <span class='ocr_line' id='line_1_101' title="bbox 525 5490 2017 5566; baseline -0.001 -21"><span class='ocrx_word' id='word_1_761' title='bbox 525 5512 544 5545; x_wconf 75' lang='grc' dir='ltr'><strong>ι</strong></span> <span class='ocrx_word' id='word_1_762' title='bbox 584 5493 885 5566; x_wconf 81' lang='grc' dir='ltr'>Προσέχετε</span> <span class='ocrx_word' id='word_1_763' title='bbox 915 5495 1023 5557; x_wconf 86' lang='grc' dir='ltr'>τοῖς</span> <span class='ocrx_word' id='word_1_764' title='bbox 1050 5492 1181 5545; x_wconf 71' lang='grc' dir='ltr'>ὠσὶν</span> <span class='ocrx_word' id='word_1_765' title='bbox 1211 5493 1384 5563; x_wconf 84' lang='grc' dir='ltr'>ὑμῶν,</span> <span class='ocrx_word' id='word_1_766' title='bbox 1419 5495 1512 5547; x_wconf 72' lang='grc' dir='ltr'><strong>καὶ</strong></span> <span class='ocrx_word' id='word_1_767' title='bbox 1545 5490 2017 5563; x_wconf 80' lang='grc' dir='ltr'>ὲπακολουθήσατε</span> 
     </span>
    </p>
   </div>
   <div class='ocr_carea' id='block_1_102' title="bbox 447 5582 2019 5655">
    <p class='ocr_par' dir='ltr' id='par_1_102' title="bbox 447 5582 2019 5655">
     <span class='ocr_line' id='line_1_102' title="bbox 447 5582 2019 5655; baseline -0.004 -14"><span class='ocrx_word' id='word_1_768' title='bbox 447 5587 569 5650; x_wconf 68' lang='grc' dir='ltr'>ταῖς</span> <span class='ocrx_word' id='word_1_769' title='bbox 614 5586 753 5648; x_wconf 84' lang='grc' dir='ltr'>ὁδοῖς</span> <span class='ocrx_word' id='word_1_770' title='bbox 812 5601 929 5655; x_wconf 86' lang='grc' dir='ltr'>μου·</span> <span class='ocrx_word' id='word_1_771' title='bbox 990 5582 1330 5636; x_wconf 85' lang='grc' dir='ltr'>ὲπακούσατέ</span> <span class='ocrx_word' id='word_1_772' title='bbox 1380 5600 1501 5653; x_wconf 86' lang='grc' dir='ltr'>μου,</span> <span class='ocrx_word' id='word_1_773' title='bbox 1553 5583 1647 5635; x_wconf 68' lang='grc' dir='ltr'>καὶ</span> <span class='ocrx_word' id='word_1_774' title='bbox 1694 5583 1915 5652; x_wconf 78' lang='grc' dir='ltr'>ζήσεται</span> <span class='ocrx_word' id='word_1_775' title='bbox 1962 5583 2019 5634; x_wconf 85' lang='grc' dir='ltr'>ὲν</span> 
     </span>
    </p>
   </div>
   <div class='ocr_carea' id='block_1_103' title="bbox 516 5760 1022 5829">
    <p class='ocr_par' dir='ltr' id='par_1_103' title="bbox 516 5760 1022 5829">
     <span class='ocr_line' id='line_1_103' title="bbox 516 5760 1022 5829; baseline -0.004 -13"><span class='ocrx_word' id='word_1_776' title='bbox 516 5764 563 5798; x_wconf 75' lang='grc'><strong>⁷³</strong></span> <span class='ocrx_word' id='word_1_777' title='bbox 602 5760 707 5819; x_wconf 86' lang='lat' dir='ltr'><strong>Isa.</strong></span> <span class='ocrx_word' id='word_1_778' title='bbox 744 5776 877 5829; x_wconf 77' lang='lat' dir='ltr'><strong>xui,</strong></span> <span class='ocrx_word' id='word_1_779' title='bbox 908 5761 1022 5817; x_wconf 70' lang='grc' dir='ltr'><strong>1ν4.</strong></span> 
     </span>
    </p>
   </div>
   <div class='ocr_carea' id='block_1_104' title="bbox 1102 5755 2381 5831">
    <p class='ocr_par' dir='ltr' id='par_1_104' title="bbox 1102 5755 2381 5831">
     <span class='ocr_line' id='line_1_104' title="bbox 1102 5755 2381 5831; baseline -0.003 -17"><span class='ocrx_word' id='word_1_780' title='bbox 1102 5757 1309 5815; x_wconf 83' lang='lat' dir='ltr'><strong>&quot;ibid.</strong></span> <span class='ocrx_word' id='word_1_781' title='bbox 1340 5757 1456 5814; x_wconf 83' lang='lat'><strong>6-9.</strong></span> <span class='ocrx_word' id='word_1_782' title='bbox 1498 5758 1543 5790; x_wconf 65' lang='grc' dir='ltr'>τι</span> <span class='ocrx_word' id='word_1_783' title='bbox 1568 5755 1676 5813; x_wconf 89' lang='lat' dir='ltr'><strong>lsa.</strong></span> <span class='ocrx_word' id='word_1_784' title='bbox 1703 5773 1850 5825; x_wconf 73' lang='lat' dir='ltr'><strong>nix,</strong></span> <span class='ocrx_word' id='word_1_785' title='bbox 1889 5758 2006 5813; x_wconf 61' lang='grc' dir='ltr'>ιον.</span> <span class='ocrx_word' id='word_1_786' title='bbox 2062 5756 2127 5831; x_wconf 42' lang='grc' dir='ltr'>,τε</span> <span class='ocrx_word' id='word_1_787' title='bbox 2164 5757 2295 5813; x_wconf 84' lang='lat' dir='ltr'><strong>ibid.</strong></span> <span class='ocrx_word' id='word_1_788' title='bbox 2326 5755 2381 5811; x_wconf 86' lang='lat'><strong>6.</strong></span> 
     </span>
    </p>
   </div>
   <div class='ocr_carea' id='block_1_105' title="bbox 2127 4631 3692 4713">
    <p class='ocr_par' dir='ltr' id='par_1_105' title="bbox 2127 4631 3692 4713">
     <span class='ocr_line' id='line_1_105' title="bbox 2127 4631 3692 4713; baseline -0.01 -16"><span class='ocrx_word' id='word_1_789' title='bbox 2127 4657 2323 4713; x_wconf 89' lang='lat' dir='ltr'><strong>ponam</strong></span> <span class='ocrx_word' id='word_1_790' title='bbox 2366 4654 2581 4695; x_wconf 89' lang='lat' dir='ltr'><strong>omnem</strong></span> <span class='ocrx_word' id='word_1_791' title='bbox 2627 4647 2864 4692; x_wconf 89' lang='lat' dir='ltr'><strong>montem</strong></span> <span class='ocrx_word' id='word_1_792' title='bbox 2894 4637 2946 4690; x_wconf 87' lang='lat' dir='ltr'><strong>in</strong></span> <span class='ocrx_word' id='word_1_793' title='bbox 2980 4636 3143 4701; x_wconf 86' lang='lat' dir='ltr'><strong>viam,</strong></span> <span class='ocrx_word' id='word_1_794' title='bbox 3174 4641 3228 4689; x_wconf 88' lang='lat' dir='ltr'><strong>et</strong></span> <span class='ocrx_word' id='word_1_795' title='bbox 3256 4645 3470 4687; x_wconf 86' lang='lat' dir='ltr'><strong>omnem</strong></span> <span class='ocrx_word' id='word_1_796' title='bbox 3524 4631 3692 4687; x_wconf 71' lang='lat' dir='ltr'><strong>semi~</strong></span> 
     </span>
    </p>
   </div>
   <div class='ocr_carea' id='block_1_106' title="bbox 2127 4722 3693 4802">
    <p class='ocr_par' dir='ltr' id='par_1_106' title="bbox 2127 4722 3693 4802">
     <span class='ocr_line' id='line_1_106' title="bbox 2127 4722 3693 4802; baseline -0.01 -15"><span class='ocrx_word' id='word_1_797' title='bbox 2127 4743 2233 4787; x_wconf 86' lang='lat' dir='ltr'><strong>tam</strong></span> <span class='ocrx_word' id='word_1_798' title='bbox 2267 4733 2320 4787; x_wconf 90' lang='lat' dir='ltr'><strong>in</strong></span> <span class='ocrx_word' id='word_1_799' title='bbox 2355 4732 2615 4802; x_wconf 88' lang='lat' dir='ltr'><strong>pabulum</strong></span> <span class='ocrx_word' id='word_1_800' title='bbox 2641 4731 2722 4785; x_wconf 92' lang='lat' dir='ltr'><strong>eis</strong></span> <span class='ocrx_word' id='word_1_801' title='bbox 2749 4748 2761 4782; x_wconf 92' lang='lat'><strong>:</strong></span> <span class='ocrx_word' id='word_1_802' title='bbox 2787 4728 2928 4783; x_wconf 87' lang='lat' dir='ltr'><strong>Ecce</strong></span> <span class='ocrx_word' id='word_1_803' title='bbox 2960 4728 3014 4781; x_wconf 88' lang='lat' dir='ltr'><strong>bi</strong></span> <span class='ocrx_word' id='word_1_804' title='bbox 3041 4723 3446 4794; x_wconf 79' lang='lat' dir='ltr'><strong>delonginquis</strong></span> <span class='ocrx_word' id='word_1_805' title='bbox 3475 4722 3693 4777; x_wconf 86' lang='lat' dir='ltr'><strong>venient</strong></span> 
     </span>
    </p>
   </div>
   <div class='ocr_carea' id='block_1_107' title="bbox 2126 4812 3693 4892">
    <p class='ocr_par' dir='ltr' id='par_1_107' title="bbox 2126 4812 3693 4892">
     <span class='ocr_line' id='line_1_107' title="bbox 2126 4812 3693 4892; baseline -0.008 -15"><span class='ocrx_word' id='word_1_806' title='bbox 2126 4824 2205 4877; x_wconf 91' lang='lat' dir='ltr'><strong>illi</strong></span> <span class='ocrx_word' id='word_1_807' title='bbox 2232 4824 2300 4878; x_wconf 91' lang='lat' dir='ltr'><strong>ab</strong></span> <span class='ocrx_word' id='word_1_808' title='bbox 2340 4822 2595 4892; x_wconf 81' lang='lat' dir='ltr'><strong>aquilone</strong></span> <span class='ocrx_word' id='word_1_809' title='bbox 2625 4828 2680 4876; x_wconf 91' lang='lat' dir='ltr'><strong>et</strong></span> <span class='ocrx_word' id='word_1_810' title='bbox 2724 4820 2883 4883; x_wconf 86' lang='lat' dir='ltr'><strong>mari,</strong></span> <span class='ocrx_word' id='word_1_811' title='bbox 2914 4819 3003 4872; x_wconf 90' lang='lat' dir='ltr'><strong>alii</strong></span> <span class='ocrx_word' id='word_1_812' title='bbox 3042 4832 3172 4873; x_wconf 90' lang='lat' dir='ltr'><strong>vero</strong></span> <span class='ocrx_word' id='word_1_813' title='bbox 3215 4830 3280 4871; x_wconf 77' lang='lat' dir='ltr'><strong>ex</strong></span> <span class='ocrx_word' id='word_1_814' title='bbox 3321 4822 3469 4869; x_wconf 83' lang='lat' dir='ltr'><strong>terra</strong></span> <span class='ocrx_word' id='word_1_815' title='bbox 3499 4812 3693 4866; x_wconf 87' lang='lat' dir='ltr'><strong>Persa-</strong></span> 
     </span>
    </p>
   </div>
   <div class='ocr_carea' id='block_1_108' title="bbox 2126 4899 3695 4974">
    <p class='ocr_par' dir='ltr' id='par_1_108' title="bbox 2126 4899 3695 4974">
     <span class='ocr_line' id='line_1_108' title="bbox 2126 4899 3695 4974; baseline -0.007 -8"><span class='ocrx_word' id='word_1_816' title='bbox 2126 4928 2271 4967; x_wconf 92' lang='lat' dir='ltr'><strong>rum.</strong></span> <span class='ocrx_word' id='word_1_817' title='bbox 2330 4910 2638 4974; x_wconf 61' lang='lat' dir='ltr'><strong>Lmtamini,</strong></span> <span class='ocrx_word' id='word_1_818' title='bbox 2683 4909 2831 4972; x_wconf 78' lang='lat' dir='ltr'><strong>coeli,</strong></span> <span class='ocrx_word' id='word_1_819' title='bbox 2879 4915 2933 4962; x_wconf 91' lang='lat' dir='ltr'><strong>et</strong></span> <span class='ocrx_word' id='word_1_820' title='bbox 2976 4906 3213 4963; x_wconf 80' lang='lat' dir='ltr'><strong>exsultet</strong></span> <span class='ocrx_word' id='word_1_821' title='bbox 3277 4910 3442 4957; x_wconf 88' lang='lat' dir='ltr'><strong>terra.</strong></span> <span class='ocrx_word' id='word_1_822' title='bbox 3495 4899 3695 4955; x_wconf 83' lang='lat' dir='ltr'><strong>Erum-</strong></span> 
     </span>
    </p>
   </div>
   <div class='ocr_carea' id='block_1_109' title="bbox 2125 4995 3694 5076">
    <p class='ocr_par' dir='ltr' id='par_1_109' title="bbox 2125 4995 3694 5076">
     <span class='ocr_line' id='line_1_109' title="bbox 2125 4995 3694 5076; baseline -0.01 -16"><span class='ocrx_word' id='word_1_823' title='bbox 2125 5012 2255 5076; x_wconf 87' lang='lat' dir='ltr'><strong>pant</strong></span> <span class='ocrx_word' id='word_1_824' title='bbox 2312 5011 2527 5059; x_wconf 84' lang='lat' dir='ltr'><strong>montes</strong></span> <span class='ocrx_word' id='word_1_825' title='bbox 2575 5004 2629 5057; x_wconf 91' lang='lat' dir='ltr'><strong>in</strong></span> <span class='ocrx_word' id='word_1_826' title='bbox 2680 5003 2945 5060; x_wconf 69' lang='lat' dir='ltr'><strong>laetitiam,</strong></span> <span class='ocrx_word' id='word_1_827' title='bbox 2991 4999 3251 5069; x_wconf 88' lang='lat' dir='ltr'><strong>quoniam</strong></span> <span class='ocrx_word' id='word_1_828' title='bbox 3299 4995 3559 5049; x_wconf 88' lang='lat' dir='ltr'><strong>misertus</strong></span> <span class='ocrx_word' id='word_1_829' title='bbox 3611 5002 3694 5047; x_wconf 88' lang='lat' dir='ltr'><strong>est</strong></span> 
     </span>
    </p>
   </div>
   <div class='ocr_carea' id='block_1_110' title="bbox 2125 5086 3694 5168">
    <p class='ocr_par' dir='ltr' id='par_1_110' title="bbox 2125 5086 3694 5168">
     <span class='ocr_line' id='line_1_110' title="bbox 2125 5086 3694 5168; baseline -0.005 -19"><span class='ocrx_word' id='word_1_830' title='bbox 2125 5096 2389 5152; x_wconf 90' lang='lat' dir='ltr'><strong>Dominus</strong></span> <span class='ocrx_word' id='word_1_831' title='bbox 2414 5094 2599 5168; x_wconf 88' lang='lat' dir='ltr'><strong>populi</strong></span> <span class='ocrx_word' id='word_1_832' title='bbox 2628 5095 2734 5158; x_wconf 89' lang='lat' dir='ltr'><strong>sui,</strong></span> <span class='ocrx_word' id='word_1_833' title='bbox 2778 5100 2831 5148; x_wconf 91' lang='lat' dir='ltr'><strong>et</strong></span> <span class='ocrx_word' id='word_1_834' title='bbox 2862 5091 3096 5147; x_wconf 89' lang='lat' dir='ltr'><strong>humiles</strong></span> <span class='ocrx_word' id='word_1_835' title='bbox 3141 5088 3325 5159; x_wconf 88' lang='lat' dir='ltr'><strong>populi</strong></span> <span class='ocrx_word' id='word_1_836' title='bbox 3364 5086 3448 5141; x_wconf 87' lang='lat' dir='ltr'><strong>sui</strong></span> <span class='ocrx_word' id='word_1_837' title='bbox 3489 5098 3694 5141; x_wconf 79' lang='lat' dir='ltr'><strong>conso-</strong></span> 
     </span>
    </p>
   </div>
   <div class='ocr_carea' id='block_1_111' title="bbox 2126 5189 2524 5244">
    <p class='ocr_par' dir='ltr' id='par_1_111' title="bbox 2126 5189 2524 5244">
     <span class='ocr_line' id='line_1_111' title="bbox 2126 5189 2524 5244; baseline -0.005 0"><span class='ocrx_word' id='word_1_838' title='bbox 2126 5191 2269 5244; x_wconf 88' lang='lat' dir='ltr'><strong>latus</strong></span> <span class='ocrx_word' id='word_1_839' title='bbox 2300 5196 2383 5244; x_wconf 90' lang='lat' dir='ltr'><strong>est</strong></span> <span class='ocrx_word' id='word_1_840' title='bbox 2404 5189 2470 5243; x_wconf 80' lang='grc'><strong>⁷⁷.</strong></span> <span class='ocrx_word' id='word_1_841' title='bbox 2504 5207 2524 5241; x_wconf 76' lang='grc' dir='ltr'><strong>ι</strong></span> 
     </span>
    </p>
   </div>
   <div class='ocr_carea' id='block_1_112' title="bbox 2082 5274 3696 5374">
    <p class='ocr_par' dir='ltr' id='par_1_112' title="bbox 2082 5274 3696 5374">
     <span class='ocr_line' id='line_1_112' title="bbox 2082 5274 3696 5374; baseline -0.015 -13"><span class='ocrx_word' id='word_1_842' title='bbox 2082 5274 2095 5280; x_wconf 20' lang='grc' dir='ltr'><strong><em>ᾳ</em></strong></span> <span class='ocrx_word' id='word_1_843' title='bbox 2127 5303 2230 5374; x_wconf 80' lang='lat'><strong>53</strong></span> <span class='ocrx_word' id='word_1_844' title='bbox 2256 5300 2441 5356; x_wconf 75' lang='lat' dir='ltr'><strong>XXIII.</strong></span> <span class='ocrx_word' id='word_1_845' title='bbox 2477 5301 2555 5354; x_wconf 84' lang='lat' dir='ltr'><strong>Ab</strong></span> <span class='ocrx_word' id='word_1_846' title='bbox 2578 5301 2775 5374; x_wconf 56' lang='lat' dir='ltr'><strong>eodem,</strong></span> <span class='ocrx_word' id='word_1_847' title='bbox 2795 5285 3183 5374; x_wconf 55' lang='grc' dir='ltr'>-ὲ-Βρρίαταιὶο</span> <span class='ocrx_word' id='word_1_848' title='bbox 3213 5292 3435 5355; x_wconf 73' lang='lat' dir='ltr'><strong>Christi,</strong></span> <span class='ocrx_word' id='word_1_849' title='bbox 3465 5301 3517 5349; x_wconf 80' lang='lat' dir='ltr'><strong>et</strong></span> <span class='ocrx_word' id='word_1_850' title='bbox 3547 5309 3696 5347; x_wconf 72' lang='lat' dir='ltr'><strong>uoca.</strong></span> 
     </span>
    </p>
   </div>
   <div class='ocr_carea' id='block_1_113' title="bbox 2734 5369 3082 5439">
    <p class='ocr_par' dir='ltr' id='par_1_113' title="bbox 2734 5369 3082 5439">
     <span class='ocr_line' id='line_1_113' title="bbox 2734 5369 3082 5439; baseline -0.011 -18"><span class='ocrx_word' id='word_1_851' title='bbox 2734 5372 2803 5423; x_wconf 77' lang='lat' dir='ltr'><strong>tio</strong></span> <span class='ocrx_word' id='word_1_852' title='bbox 2834 5369 3082 5439; x_wconf 80' lang='lat' dir='ltr'><strong>gentium.</strong></span> 
     </span>
    </p>
   </div>
   <div class='ocr_carea' id='block_1_114' title="bbox 2201 5476 3697 5541">
    <p class='ocr_par' dir='ltr' id='par_1_114' title="bbox 2201 5476 3697 5541">
     <span class='ocr_line' id='line_1_114' title="bbox 2201 5476 3697 5541; baseline -0.008 -2"><span class='ocrx_word' id='word_1_853' title='bbox 2201 5507 2218 5539; x_wconf 72' lang='grc' dir='ltr'><strong>ι</strong></span> <span class='ocrx_word' id='word_1_854' title='bbox 2258 5486 2530 5541; x_wconf 86' lang='lat' dir='ltr'><strong>Attendite</strong></span> <span class='ocrx_word' id='word_1_855' title='bbox 2584 5484 2806 5538; x_wconf 84' lang='lat' dir='ltr'><strong>auribus</strong></span> <span class='ocrx_word' id='word_1_856' title='bbox 2857 5479 3075 5541; x_wconf 76' lang='lat' dir='ltr'><strong>vestris,</strong></span> <span class='ocrx_word' id='word_1_857' title='bbox 3140 5486 3194 5533; x_wconf 87' lang='lat' dir='ltr'><strong>et</strong></span> <span class='ocrx_word' id='word_1_858' title='bbox 3246 5477 3525 5533; x_wconf 86' lang='lat' dir='ltr'><strong>sectamini</strong></span> <span class='ocrx_word' id='word_1_859' title='bbox 3577 5476 3697 5530; x_wconf 54' lang='lat' dir='ltr'><strong>viai.</strong></span> 
     </span>
    </p>
   </div>
   <div class='ocr_carea' id='block_1_115' title="bbox 2127 5568 3695 5646">
    <p class='ocr_par' dir='ltr' id='par_1_115' title="bbox 2127 5568 3695 5646">
     <span class='ocr_line' id='line_1_115' title="bbox 2127 5568 3695 5646; baseline -0.009 -12"><span class='ocrx_word' id='word_1_860' title='bbox 2127 5595 2296 5646; x_wconf 83' lang='lat' dir='ltr'><strong>meas,</strong></span> <span class='ocrx_word' id='word_1_861' title='bbox 2329 5587 2383 5632; x_wconf 86' lang='lat' dir='ltr'><strong>et</strong></span> <span class='ocrx_word' id='word_1_862' title='bbox 2415 5577 2597 5633; x_wconf 87' lang='lat' dir='ltr'><strong>audiet</strong></span> <span class='ocrx_word' id='word_1_863' title='bbox 2622 5591 2725 5639; x_wconf 87' lang='lat' dir='ltr'><strong>me,</strong></span> <span class='ocrx_word' id='word_1_864' title='bbox 2752 5582 2805 5629; x_wconf 88' lang='lat' dir='ltr'><strong>et</strong></span> <span class='ocrx_word' id='word_1_865' title='bbox 2838 5574 2982 5627; x_wconf 85' lang='lat' dir='ltr'><strong>vivet</strong></span> <span class='ocrx_word' id='word_1_866' title='bbox 3009 5573 3063 5625; x_wconf 92' lang='lat' dir='ltr'><strong>in</strong></span> <span class='ocrx_word' id='word_1_867' title='bbox 3088 5571 3249 5627; x_wconf 89' lang='lat' dir='ltr'><strong>bonis</strong></span> <span class='ocrx_word' id='word_1_868' title='bbox 3276 5571 3458 5625; x_wconf 88' lang='lat' dir='ltr'><strong>anima</strong></span> <span class='ocrx_word' id='word_1_869' title='bbox 3489 5568 3695 5634; x_wconf 78' lang='lat' dir='ltr'><strong>veStra,</strong></span> 
     </span>
    </p>
   </div>
   <div class='ocr_carea' id='block_1_116' title="bbox 2458 5750 3229 5815">
    <p class='ocr_par' dir='ltr' id='par_1_116' title="bbox 2458 5750 3229 5815">
     <span class='ocr_line' id='line_1_116' title="bbox 2458 5750 3229 5815; baseline 0.001 -5"><span class='ocrx_word' id='word_1_870' title='bbox 2458 5756 2503 5788; x_wconf 77' lang='lat'>”</span> <span class='ocrx_word' id='word_1_871' title='bbox 2538 5754 2668 5815; x_wconf 69' lang='lat' dir='ltr'><strong>ibi},</strong></span> <span class='ocrx_word' id='word_1_872' title='bbox 2704 5753 2755 5810; x_wconf 87' lang='lat'><strong>7.</strong></span> <span class='ocrx_word' id='word_1_873' title='bbox 2842 5753 2887 5786; x_wconf 83' lang='lat'>&quot;</span> <span class='ocrx_word' id='word_1_874' title='bbox 2917 5750 3048 5810; x_wconf 86' lang='lat' dir='ltr'><strong>ibid.</strong></span> <span class='ocrx_word' id='word_1_875' title='bbox 3078 5752 3229 5811; x_wconf 73' lang='lat'><strong>8-15.</strong></span> 
     </span>
    </p>
   </div>
  </div>
