4106 6456
480 336 576 393 ill

1145 336 1411 393 EUSEBll
1451 335 1928 392 CJESARIENSIS
1964 334 2114 391 OPP.
2157 333 2340 389 PARS
2371 333 2438 390 ῐΙ.
2473 363 2538 374 -—-
2581 333 3078 392 APOLOGETICA.

3619 340 3721 395 ΗΞ

476 468 531 511 et
563 458 792 510 condam
837 457 990 510 volzis
1022 453 1427 510 Testamentum
1465 458 1879 528 sempiternum,
1919 473 2036 512 san-

2150 457 2372 525 ἁγαθοῖς
2404 459 2437 528 ἡ
2469 455 2615 526 ψυχὴ
2637 457 2812 528 ὑμῶν,
2844 459 2938 512 καὶ
2960 458 3284 528 διαθήσομαι
3307 458 3435 529 ὑμῖν
3455 459 3720 534 διαθήκην

479 557 567 606 cta
592 549 762 606 David
795 551 988 606 fidelia.
1029 552 1165 606 Ecce
1195 552 1562 606 testimonium
1623 551 1879 622 gentibus
1922 550 2047 606 dedi

478 658 624 708 eum,
666 643 964 712 principem
1013 651 1066 696 et
1116 643 1471 712 imperantem
1529 643 1798 712 gentibus.
1847 640 2048 697 Gentes

479 748 599 802 quas
632 748 739 787 non
771 741 1036 786 noverunt
1066 740 1138 798 te,
1174 734 1508 787 invocabant
1532 740 1584 787 te
1617 753 1628 785 :
1665 741 1718 787 et
1749 733 1930 802 populi
1955 733 2047 802 qui

479 824 730 880 nesciunt
781 832 851 887 te,
901 825 965 877 ad
1023 833 1073 880 te
1123 824 1438 895 confugient
1481 835 1702 896 propter
1759 824 2046 880 Desinunt

477 915 642 970 Deum
680 901 854 978 tuum,
882 925 1132 970 sanctum
1170 925 1324 970 tuum
1363 915 1836 986 lsrael,.quoniam
1881 915 2047 984 glori-

477 1005 654 1058 ﬁcavit
681 1005 802 1060 te."
829 1005 1094 1070 iQuando
1124 1022 1253 1076 ergo
1285 1007 1353 1061 ab
1385 1007 1472 1061 his
1503 1023 1720 1078 (pioque
1753 1007 2046 1062 didicimus

475 1096 674 1152 Christi
726 1098 1017 1153 adventuum
1061 1099 1378 1168 praeparari,
1413 1108 1473 1152 ut
1506 1115 1612 1153 non
1656 1101 1788 1155 solis
1820 1099 2044 1164 Iudaeis,

476 1190 570 1244 sed
608 1190 864 1244 omnibus
903 1189 1156 1261 gentibus
1188 1191 1444 1247 salutaris
1478 1191 1616 1244 foret
1650 1211 1662 1246 :
1695 1207 1792 1262 age
1823 1194 2044 1248 tertium

475 1297 690 1352 quoque
718 1281 849 1335 illud
870 1281 1244 1346 ostendamus,
1260 1283 1715 1352 quen'iadmodum
1736 1283 1788 1336 in
1811 1285 2044 1338 adventu

475 1373 616 1442 ejus,
648 1387 754 1426 non
807 1373 982 1426 solum
1034 1373 1257 1426 meliora
1295 1374 1547 1443 gentibus
1604 1389 1698 1444 per
1745 1374 2044 1445 Prophetas

473 1465 890 1526 nuntiabantur,
939 1463 1034 1519 sed
1077 1465 1237 1518 etiam
1281 1466 1348 1520 iis
1378 1467 1469 1536 qui
1518 1483 1584 1521 ex
1629 1469 2046 1523 circumcisione

475 1565 604 1614 sunt
649 1556 944 1611 contraria.
1003 1553 1282 1625 Siquidem
1337 1558 1496 1626 plane
1553 1559 1789 1621 ruinam,
1819 1566 1873 1613 et
1906 1558 2045 1628 reje-

473 1650 708 1703 ctionem
761 1646 1000 1701 .ludaicze
1049 1647 1226 1716 gentis
1284 1647 1553 1713 futuram,
1581 1659 1802 1720 prapter
1854 1664 2042 1704 eorum

473 1751 601 1808 erga
628 1735 909 1790 Christum
968 1735 1430 1802 incredulitatem,
1463 1739 1684 1793 oracula
1735 1754 1856 1809 quae
1899 1739 2042 1810 apud

474 1827 625 1897 ipsos
657 1826 944 1893 habentur,
975 1827 1328 1894 pronuntiant
1365 1849 1378 1883 :
1413 1836 1472 1882 ut
1496 1829 1608 1899 jam
1653 1844 1761 1884 non
1803 1831 2040 1901 aequales

473 1933 576 1974 nos
609 1919 708 1980 eis,
741 1920 835 1974 sed
865 1919 1024 1973 etiam
1058 1919 1214 1988 longe
1255 1919 1566 1989 superiores
1602 1919 1902 1976 videamur.
1925 1921 2040 1976 Cae-

471 2018 650 2066 terum
689 2025 833 2065 nunc
872 2025 1089 2080 quoque
1115 2017 1238 2063 utar
1268 2010 1431 2066 nudis
1460 2009 1851 2080 Prophetarum
1882 2012 2038 2080 lOLiS,

472 2119 574 2159 nec
601 2117 664 2158 ea
698 2103 808 2158 ullo
853 2101 1017 2156 modo
1046 2101 1473 2171 contemplabor,
1509 2118 1632 2157 cum
1689 2113 1909 2173 propter
1948 2121 2042 2160 eo-

471 2195 717 2250 rumdem
761 2193 1226 2264 perspicuitatem,
1267 2200 1381 2246 tum
1432 2193 1576 2262 quod
1615 2194 1870 2250 liberiore
1907 2197 2038 2261 otio,

471 2287 838 2358 plenissimam
889 2301 1077 2340 eorum
1123 2285 1521 2354 expositionem
1579 2285 1780 2341 edituri
1827 2303 2036 2344 sumus.

1072 2395 1301 2451 CAPUT
1350 2395 1436 2450 Ill.

469 2507 922 2577 Quemadmodum
955 2509 1005 2562 in
1038 2511 1305 2562 vocatione
1333 2511 1587 2580 gentium,
1622 2526 1738 2578 quae
1765 2525 1856 2577 per
1885 2508 2043 2565 Chri-

537 2617 676 2660 stum
706 2603 948 2674 facienda
977 2614 1112 2665 erat,
1141 2603 1454 2660 Iudaeorum
1497 2615 1698 2675 gentem
1727 2623 1759 2658 a
1789 2607 1896 2659 ritu
1928 2622 2042 2673 pro.

536 2693 672 2759 prio,
709 2691 950 2761 cultuque
985 2691 1082 2746 Dei
1105 2693 1291 2747 cadere
1320 2694 1614 2761 oportebat.

470 2801 654 2876 XXIV.
693 2803 772 2856 Ab
795 2803 1045 2858 Ieremia.
1076 2837 1145 2876 ε
1171 2805 1474 2860 Declaratio
1527 2807 1825 2873 rejectionis
1872 2808 2040 2876 gentis

537 2872 870 2938 Juda’orum,
895 2885 944 2929 et
965 2875 1264 2944 adoptionis
1297 2877 1526 2946 gentium
1555 2872 1668 2931 loco
1693 2872 1894 2931 eorum:

543 3045 562 3078 ς
605 3027 731 3082 llaec
775 3027 908 3082 dicit
943 3026 1207 3084 Dominus
1239 3047 1252 3083 :
1291 3027 1443 3084 State
1490 3031 1544 3084 in
1587 3031 1710 3094 viis,
1748 3040 1802 3084 et
1837 3031 2034 3094 videte,

2151 548 2386 609 αἰώνιον,
2433 547 2501 600 τά
2544 549 2666 600 ὅσια
2698 548 2858 601 Δαθῖδ
2883 550 2950 602 τὰ
2999 549 3186 602 πιστά..
3238 549 3366 602 Ἰδοὺ
3419 551 3720 621 μαρτύριον

2150 639 2324 693 ἔθνεσι
2345 639 2553 691 δέδωκα
2579 639 2758 699 αὑτὸν,
2784 639 3016 710 ἄρχοντα
3042 641 3131 692 καὶ
3150 643 3556 712 προστάσσοντα
3579 641 3721 696 ἔθνε-

2153 748 2251 784 σιν.
2279 731 2445 801 Ἔθνη
2483 730 2520 784 ἃ
2545 731 2646 782 οὐκ
2687 731 2888 783 οἵδασίν
2928 749 3008 796 σε,
3058 731 3470 785 ἐπικαλέσονταί
3509 748 3589 795 σε,
3625 733 3720 785 καὶ

2148 821 2265 875 λαοὶ
2319 823 2366 875 οἳ
2413 823 2512 874 οὐκ
2553 823 2869 876 ἐπίστανταί
2917 839 2996 886 σε,
3033 825 3122 875 ἐπὶ
3163 824 3222 874 σὲ
3268 823 3715 892 καταφεύξονται,

2147 912 2311 965 ἕνεκα
2354 913 2558 984 Κυρίου
2588 913 2680 965 τοῦ
2712 913 2845 965 Θεοῦ
2887 913 2978 966 τοῦ
3011 914 3169 980 ἁγίου
3205 930 3299 966 σου
3346 914 3584 986 Ἰσραὴλ,
3637 916 3717 968 ὅτι

2149 1003 2396 1067 ἐδόξασεν
2431 1021 2512 1056 σε.
2553 1023 2569 1054 ι
2609 1006 2717 1057 Καὶ
2747 1004 2834 1056 διὰ
2865 1005 3064 1057 τούτων
3092 1001 3182 1057 οὖν
3217 1005 3614 1076 μεμαθηκότες,
3642 1007 3718 1070 ὡς

2149 1095 2301 1164 ἡτοῦ
2334 1094 2569 1167 Χριστοῦ
2605 1097 2874 1165 παρουσία
2925 1097 2985 1149 οὐ
3024 1097 3203 1166 μόνοις
3253 1096 3544 1161 Ἰουδαίοις,
3583 1096 3718 1150 ἀλλά

2147 1185 2240 1236 καὶ
2271 1187 2404 1237 πᾶσι
2435 1187 2546 1248 τοῖς
2574 1185 2746 1239 ἔθνεσι
2783 1189 3049 1258 σωτήριος
3090 1188 3305 1240 ἔσεσθαι
3349 1188 3715 1260 προηυτρεπί-

2147 1274 2288 1338 ζετο,
2332 1275 2462 1346 φέρε
2509 1276 2602 1328 καὶ
2635 1277 2694 1328 τὸ
2738 1279 2919 1348 τρίτον
2952 1277 3341 1348 ἀποδείξωμεν,
3385 1279 3532 1342 ὅπως
3576 1281 3716 1334 κατά

2144 1367 2269 1429 τοὺς
2300 1367 2398 1436 τῆς
2421 1367 2735 1434 ἐπιφανείας
2764 1368 2925 1421 αὐτοῦ
2959 1369 3180 1439 χρόνους
3202 1371 3262 1422 ού
3293 1371 3452 1439 μόνον
3482 1371 3550 1423 τά
3582 1389 3716 1443 χρη-

2149 1458 2373 1528 στότερα
2403 1461 2515 1520 τοῖς
2563 1457 2736 1510 ἔθνεσι
2772 1459 3196 1530 προεφητεύετο,
3225 1460 3360 1513 ἀλλά
3388 1461 3480 1514 καὶ
3513 1465 3621 1525 τοῖς
3650 1465 3715 1516 ἐκ

2149 1552 2444 1624 περιτομῆς
2477 1551 2544 1604 τὰ
2583 1552 2820 1606 ἐναντία.
2873 1554 3176 1626 Διαρρήδην
3221 1553 3352 1622 γοῦν
3397 1555 3714 1608 ἀπόπτωσιν

2146 1643 2239 1696 καὶ
2259 1643 2525 1714 ἀποϐολὴν
2556 1643 2648 1696 τοῦ
2689 1644 2951 1697 Ἰουδαίων
2982 1645 3184 1709 ἔθνους,
3211 1646 3296 1698 διὰ
3337 1645 3436 1716 τὴν
3471 1649 3549 1710 είς
3583 1649 3716 1718 Χρι-

2149 1734 2271 1786 στὸν
2297 1735 2554 1788 ἀπιστίαν
2594 1735 2792 1800 αὐτῶν,
2825 1735 3060 1801 ἔσεσθαι,
3081 1725 3150 1790 τά
3182 1736 3310 1806 παρ’
3349 1737 3532 1800 αὐτοῖς
3558 1737 3716 1806 λόγια

2075 1811 2114 1864 Β
2144 1825 2525 1898 προαγορεύει,
2555 1826 2630 1890 ὡς
2657 1827 2850 1897 μηκέτι
2883 1828 3027 1890 ἴσους
3053 1829 3200 1898 ἡμᾶς
3229 1829 3431 1891 αὐτοῖς,
3459 1827 3592 1881 ἀλλά
3619 1829 3714 1882 καὶ

2143 1915 2421 1987 κρείττους
2466 1917 2644 1969 αὐτῶν
2686 1919 2749 1970 ἐκ
2798 1919 3110 1987 περιουσίας
3157 1919 3563 1987 ἀναφαίνεσθαι.
3605 1920 3714 1973 Καὶ

2141 2006 2234 2061 νῦν
2254 2006 2315 2061 δὲ
2345 2007 2617 2078 χρήσομαι
2645 2007 2826 2076 ψιλαῖς
2858 2011 2979 2071 ταῖς
3007 2008 3115 2060 τῶν
3142 2009 3435 2080 προφητῶν
3475 2011 3714 2082 παραθέ-

2143 2117 2280 2165 eam,
2322 2099 2441 2172 δίχα
2470 2102 2650 2170 πάσης
2689 2101 2789 2167 τῆς
2819 2103 2898 2162 εἰς
2940 2100 3110 2164 αὑτὰς
3154 2101 3404 2172 θεωρίας,
3445 2101 3533 2155 διά
3557 2119 3615 2154 τε
3651 2101 3715 2157 τὸ

2143 2191 2308 2259 sagas:
2337 2189 2537 2254 αὐτῶν,
2579 2191 2673 2245 καὶ
2701 2191 2789 2244 διὰ
2834 2191 2894 2243 τὸ
2942 2189 3156 2260 μέλλειν
3203 2192 3295 2243 ἐπὶ
3338 2191 3534 2262 σχολῆς
3577 2191 3715 2263 πλη-

2145 2283 2407 2355 ρεστάτην
2440 2282 2619 2336 αὐτῶν
2653 2282 2981 2353 ποιήσασθαι
3010 2282 3107 2353 τὴν
3140 2281 3403 2346 ἐξέτασιν.

2671 2396 3065 2448 ΚΕΦΛΛΑΙΟΝ
3115 2395 3186 2447 Γ⁹.

2144 2508 2336 2574 Ὅπως
2364 2508 2460 2562 ἐπὶ
2493 2508 2565 2577 τῇ
2590 2508 2706 2561 τῶν
2736 2507 2927 2561 ἐθνῶν
2954 2508 3193 2577 κλήσει,
3220 2509 3293 2578 τῇ
3317 2509 3413 2564 διὰ
3444 2509 3548 2563 τοῦ
3581 2511 3715 2580 Χρι-

2210 2601 2360 2656 στοῦ
2413 2603 2722 2671 γενομένῃ,
2763 2603 3112 2668 ἀπόπτωσις
3153 2602 3411 2672 ἔμελλεν
3440 2603 3710 2668 ἔσεσθαι,

2209 2693 2320 2764 τῆς
2351 2694 2498 2749 κατὰ
2522 2693 2670 2748 Θεόν
2701 2695 3007 2760 εὐσεϐείας
3039 2692 3118 2760 τῷ
3154 2694 3445 2748 Ἰουδαίων
3470 2696 3648 2750 ἔθνει.

2140 2802 2264 2857 ΚΔ’.
2300 2803 2431 2856 Ἀπὸ
2449 2803 2552 2855 τοῦ
2587 2804 2875 2872 Ἰερεμίου.
2901 2836 2970 2845 -
2988 2801 3256 2869 Δήλωσις
3271 2801 3578 2872 ἀρνήσεως
3603 2803 3710 2872 τοῦ

2223 2873 2524 2926 Ἰουδαίων
2552 2870 2784 2939 Marone,
2814 2874 2910 2928 καὶ
2935 2872 3046 2940 τῆς
3077 2873 3202 2926 ἀντ’
3227 2870 3423 2927 αὐτῶν
3445 2871 3711 2938 εἰσποιή-

2210 2960 2365 3009 σεως
2401 2943 2519 2995 τῶν
2550 2943 2758 2996 ἐθνῶν.

2214 3054 2232 3086 ι
2263 3033 2397 3087 Τάδε
2427 3033 2572 3101 λέγει
2597 3033 2818 3102 Κύριος
2851 3032 3018 3102 Στῆτε
3051 3035 3108 3086 ἐν
3128 3035 3246 3096 ταῖς
3267 3033 3520 3097 ὁδοῖς,καὶ
3547 3033 3706 3097 ἴδετε,

465 3130 520 3175 et
571 3128 759 3189 rogate
805 3119 1028 3174 semitas
1063 3117 1276 3174 Domini
1331 3123 1726 3190 sempiternas,
1777 3129 1829 3176 et
1861 3120 2036 3176 videte

2140 3127 2232 3181 καὶ
2271 3126 2584 3196 ἐρωτήσατε
2627 3124 2844 3195 τρίϐους
2888 3125 3091 3196 Κυρίου
3133 3124 3402 3186 αἰωνίους·
3441 3124 3532 3176 καὶ
3569 3125 3706 3178 ίδετε

467 3227 715 3282 quaenam
766 3213 836 3266 sit
874 3214 959 3268 via
1010 3215 1172 3276 bona,
1209 3223 1261 3268 et
1299 3213 1574 3268 ambulate
1609 3214 1660 3266 in
1689 3229 1772 3277 ea,
1805 3224 1857 3268 et
1887 3214 2038 3266 inve-

466 3299 630 3355 nietis
686 3302 1060 3371 purgationem
1116 3302 1312 3358 animis
1359 3301 1575 3356 vestris.
1623 3299 1685 3352 Et
1741 3300 2034 3354 dixerunt:

468 3406 577 3446 non
635 3393 1052 3448 ambit-labimus.
1101 3393 1374 3450 Constitui
1423 3409 1588 3462 super
1641 3408 1738 3446 vos
1792 3391 2040 3461 specula-

467 3491 636 3547 tores,
669 3485 854 3540 audite
886 3502 1072 3541 vocem
1096 3487 1268 3552 tubae;
1300 3497 1352 3542 et
1381 3486 1638 3543 dixerunt
1669 3505 1681 3540 :
1716 3501 1821 3538 non
1849 3483 2034 3539 audie-

467 3590 611 3630 mus.
648 3575 756 3648 54
794 3575 1332 3634 Idcirco'audierunt
1360 3585 1570 3649 gentes,
1596 3583 1650 3630 et
1679 3577 1770 3647 qui
1803 3582 2035 3646 pascunt

463 3680 658 3736 greges
687 3667 742 3720 in
768 3667 868 3722 eis.
897 3667 999 3722 τ’.»

461 3776 630 3836 XXV.
672 3779 1067 3851 Ab_eodem.—-
1093 3779 1314 3835 Pietatis
1356 3784 1588 3851 gentium
1635 3782 1948 3842 declaratio,
1983 3791 2032 3834 et

528 3852 700 3923 gentis
732 3848 976 3904 Iudaica:
1015 3851 1300 3923 impietatis
1346 3848 1636 3923 accusatio,
1669 3862 1717 3907 et
1759 3852 2032 3923 prredictio

536 3922 816 3985 malorum,
859 3937 976 3991 qua:
1022 3931 1137 3990 post
1184 3921 1384 3978 Christi
1446 3921 1726 3976 adventant
1760 3921 2032 3976 'invasura

518 4001 680 4044 έναηε
707 4007 792 4044 803
803 4034 814 4044 .

531 4123 554 4154 ι
588 4103 836 4168 Domine,
873 4102 1130 4158 fortitudo
1164 4119 1305 4166 mea,
1339 4112 1390 4158 et
1433 4105 1698 4159 auxilium
1745 4121 1945 4171 meum,
1977 4111 2032 4159 et

458 4195 731 4266 refugium
770 4213 952 4251 meum
984 4199 1037 4251 in
1071 4197 1159 4250 die
1191 4195 1480 4250 malorum.
1507 4196 1586 4251 Ad
1630 4205 1682 4252 te
1723 4204 1914 4268 gentes
1940 4213 2032 4253 ve-

461 4287 634 4349 nient,
661 4287 728 4340 ab
755 4297 997 4341 extremo
1033 4294 1211 4346 terrm,
1238 4295 1290 4340 et
1319 4286 1502 4340 dicent
1530 4301 1543 4338 :
1582 4285 1716 4342 Vere
1746 4287 1880 4340 falsa
1903 4303 2032 4358 pos-

459 4381 723 4436 sederunt.
753 4388 935 4449 patres
968 4380 1140 4434 nostri
1173 4380 1485 4447 simulacra,
1519 4391 1572 4434 et
1609 4397 1716 4436 non
1749 4390 1830 4436 est
1855 4383 1910 4436 in
1949 4384 2029 4440 eis

2141 3218 2267 3272 ποία
2300 3219 2446 3270 ἐστὶν
2490 3218 2523 3287 ή
2564 3217 2681 3279 ὁδὸς
2714 3218 2746 3288 ἡ
2794 3215 2993 3286 ἀγαθὴ,
3023 3214 3116 3268 καὶ
3160 3215 3402 3286 βαδίζετε
3447 3217 3504 3268 ἐν
3544 3217 3706 3288 αὐτῇ,

2138 3310 2232 3364 καὶ
2262 3311 2524 3380 εὑρήσετε
2553 3307 2813 3377 ἁγνισμὸν
2835 3309 2954 3369 ταῖς
2974 3307 3172 3377 ψυχαῖς
3194 3307 3365 3377 ὑμῶν.
3395 3309 3504 3362 Καὶ
3523 3303 3704 3361 εἶπαν·

2136 3402 2210 3456 Οὐ
2274 3397 2669 3472 πορευσόμεθα.
2728 3397 3056 3450 Καθὲστακα
3109 3399 3193 3466 ἐφ’
3247 3399 3390 3469 ὑμᾶς
3448 3399 3702 3462 σκοποὺς,

2136 3493 2405 3548 ἀκούσατε
2433 3492 2531 3562 τῆς
2554 3491 2734 3560 φωνῆς
2763 3491 2865 3561 τῆς
2894 3490 3212 3559 σάλπιγγος,
3244 3491 3337 3544 καὶ
3366 3486 3524 3544 εἶπαν
3545 3507 3558 3520 ’
3592 3491 3707 3542 οὐκ

2133 3581 2496 3652 ἀκουσόμεθα.
2527 3579 2626 3632 Διά
2659 3581 2815 3633 τοῦτο
2838 3581 3074 3650 ἥκουσαν
3102 3581 3170 3634 τὰ
3201 3581 3348 3652 ἔθνη,
3383 3582 3474 3634 καὶ
3503 3582 3553 3633 oi
3583 3597 3704 3633 ποι·-

2139 3675 2418 3746 μαίνοντες
2442 3674 2509 3727 τὰ
2535 3674 2760 3744 ποίμνια
2786 3675 2842 3726 ἐν
2871 3674 3072 3735 αὐτοῖς.
3107 3693 3124 3723 ι

2134 3787 2263 3840 KE'.
2303 3784 2433 3838 Ἀπὸ
2457 3785 2564 3840 τοῦ
2586 3785 2790 3839 αὐτοῦ.
2805 3816 2876 3827 -
2893 3786 3007 3854 Τῆς
3041 3785 3159 3839 τῶν
3179 3786 3367 3838 ἐθνῶν
3394 3787 3700 3852 εὐσεϐείας

2201 3856 2487 3924 δήλωσις,
2515 3856 2615 3908 καὶ
2641 3855 2751 3924 τῆς
2776 3857 2878 3909 τοῦ
2916 3856 3207 3909 Ἰουδαίων
3227 3859 3439 3922 ειη-ους
3477 3855 3703 3909 δυσσε-

2203 3928 2361 3991 ϐείας
2377 3927 2712 3995 κατηγορία.
2739 3928 3068 3994 Πρόρῤησις
3089 3925 3156 3978 δὲ
3171 3925 3288 3978 τῶν
3301 3926 3450 3994 μετὰ
3464 3926 3576 3992 τὴν
3597 3925 3706 3979 τοῦ

2202 3997 2454 4064 Χριστοῦ
2471 3996 2808 4064 παρουσίαν
2815 3999 3225 4066 μετελθόντων
3243 3997 3463 4061 αὐτοὺς
3479 3995 3700 4050 κακῶν.

2207 4130 2224 4161 ι
2259 4111 2452 4182 Κύριε,
2499 4110 2651 4180 ἰσχύς
2695 4128 2796 4180 μου
2840 4109 2935 4162 καὶ
2979 4108 3197 4179 βοήθειά
3239 4126 3360 4178 μου,
3406 4109 3500 4161 καὶ
3532 4125 3703 4162 κατα-

2132 4203 2274 4274 φυγή
2310 4219 2409 4272 μου
2441 4203 2498 4253 ἐν
2519 4201 2702 4272 ἡμέρᾳ
2731 4200 2938 4263 κακῶν,
2965 4199 3098 4270 πρὸς
3135 4200 3193 4252 σὲ
3216 4199 3340 4270 ἔθνη
3366 4200 3585 4270 ἥξουσιν
3607 4201 3704 4253 ἀπ’

2131 4295 2356 4365 ἐσχάτου
2397 4294 2495 4362 τῆς
2524 4293 2649 4363 γῆς,
2679 4293 2772 4345 καὶ
2794 4292 3028 4363 ἐροῦσιν·
3079 4293 3166 4354 Ὠς
3199 4291 3364 4362 ψευδῆ
3407 4293 3705 4363 ἐκτήσαντο

2130 4387 2178 4439 οἱ
2219 4385 2456 4456 πατέρες
2505 4381 2660 4454 ἡμῶν
2698 4383 2912 4446 εἴδωλα,
2953 4383 3045 4435 καὶ
3089 4383 3188 4435 οὐκ
3231 4382 3377 4435 ἔστιν
3427 4383 3484 4434 ἐν
3523 4382 3706 4445 αὐτοῖς

463 4470 671 4524 utilitas
703 4489 716 4522 :
755 4469 800 4524 si
845 4468 1007 4524 faciet
1037 4471 1139 4526 sibi
1169 4470 1332 4526 homo
1364 4471 1516 4532 deos.
1555 4479 1608 4527 et
1650 4472 1703 4525 hi
1752 4489 1860 4528 non
1899 4482 2028 4528 sunt

2138 4476 2385 4547 ὠφέλεια·
2421 4477 2470 4528 εἰ
2507 4476 2720 4546 ποιήσει
2745 4473 2919 4544 ἐαυτῷ
2942 4473 3224 4546 ἄνθρωπος
3243 4473 3419 4538 θεοὺς,
3445 4473 3538 4526 καὶ
3561 4468 3706 4526 οὗτοι

459 4561 558 4616 dii.
585 4558 792 4616 idcirco
833 4577 934 4632 ego
959 4563 1239 4618 ostendam
1270 4565 1350 4619 eis
1385 4564 1437 4618 in
1473 4572 1715 4632 tempore
1749 4565 1852 4619 hoc
1885 4585 1897 4620 :
1925 4581 2028 4620 no-

461 4666 574 4709 tam
617 4653 812 4710 faciam
853 4655 934 4711 eis
980 4671 1198 4710 manum
1231 4673 1426 4718 meam,
1460 4667 1514 4712 et
1547 4657 1797 4712 virtutem
1829 4673 2026 4726 meam,

458 4756 514 4802 et
535 4755 888 4818 cognoscent,
917 4746 1061 4818 quod
1107 4762 1304 4802 nomen
1347 4748 1480 4801 mihi
1511 4745 1794 4803 Dominus.
1826 4747 2028 4804 Pecca-

460 4847 575 4894 tum
611 4837 754 4894 Juda
786 4839 1049 4910 scriptum
1085 4848 1169 4895 est
1204 4844 1344 4912 ston
1381 4841 1557 4896 ferreo
1589 4843 1641 4896 in
1675 4857 1852 4913 ungue
1893 4842 2026 4898 ada—

459 4930 725 4992 mantina,
759 4938 1040 4985 exaratum
1080 4947 1244 5001 super
1278 4933 1564 4987 latitudine
1597 4933 1780 4988 cordis
1809 4948 2020 4988 eorum.

457 5019 594 5075 Cum
622 5023 903 5077 recordata
936 5023 1135 5078 fuerint
1161 5039 1385 5080 nemora
1418 5039 1605 5078 eorum
1641 5024 1694 5078 in
1727 5025 1874 5096 ligno
1895 5040 2028 5080 con-

457 5113 649 5178 denso,
679 5122 734 5168 et
765 5113 820 5168 in
855 5116 1086 5170 collibus
1107 5116 1358 5179 excelsis,
1379 5126 1434 5170 et
1464 5117 1758 5182 montibus,
1784 5117 1838 5170 in
1873 5132 2024 5187 agro.

457 5203 850 5262 Fortitudinem
891 5217 1061 5271 tuam,
1089 5217 1142 5263 et
1175 5209 1464 5264 thesauros
1505 5215 1630 5264 tuos
1667 5209 1722 5263 in
1766 5207 2026 5278 direptio-

457 5313 580 5352 nem
627 5298 790 5365 dabo,
822 5310 875 5354 et
903 5303 1118 5356 excelsa
1167 5309 1280 5365 tua,
1313 5309 1534 5371 propter
1565 5308 1785 5372 peccata
1817 5309 1932 5364 tua,
1969 5300 2024 5354 in

387 5408 407 5468 τε
455 5393 710 5448 omnibus
767 5391 966 5449 finibus
1016 5395 1126 5448 tuis
1155 5413 1168 5448 :
1200 5402 1256 5448 et
1291 5377 1618 5464 relinqueris
1668 5394 1805 5458 sola,
1830 5399 1884 5448 et
1917 5393 2025 5446 hu—

384 5504 393 5512 '
455 5481 753 5538 miliaberis
804 5484 872 5538 ab
924 5484 1234 5539 haereditate
1288 5493 1402 5549 tua,
1444 5501 1608 5554 quam
1645 5484 1770 5540 dedi
1803 5485 1921 5548 tibi,
1974 5494 2026 5539 et

457 5572 661 5626 servire
693 5580 744 5626 te
777 5573 970 5627 faciam
1004 5571 1238 5628 inimicis
1272 5575 1379 5630 tuis
1419 5575 1472 5628 in
1513 5582 1678 5640 terra,
1714 5590 1875 5644 quam
1917 5590 2024 5628 non

523 5747 570 5779 "
593 5745 698 5802 lsa.
729 5764 815 5814 ιν,
851 5747 965 5802 55.
1045 5750 1089 5779 ⁷⁸
1109 5747 1218 5804 Jcr.
1243 5767 1317 5816 vr,
1347 5750 1531 5806 16-18.

2135 4570 2233 4624 οὐκ
2263 4569 2368 4622 εἰσὶ
2397 4566 2528 4622 θεοί.
2567 4567 2663 4619 Διά
2689 4567 2847 4620 τοῦτο
2875 4567 2983 4620 ἰδοὺ
3017 4566 3128 4635 ἐγὼ
3153 4567 3308 4633 δείξω
3330 4567 3512 4628 αὐτοῖς
3547 4567 3606 4620 ἐν
3626 4565 3705 4637 τῷ

2136 4655 2312 4730 καιρῷ
2339 4655 2533 4726 τούτῳ,
2575 4656 2790 4728 γνωριῶ
2823 4657 3004 4720 αὐτοῖς
3029 4655 3125 4726 τὴν
3155 4655 3311 4726 χεῖρά
3351 4672 3451 4725 μου
3488 4655 3582 4708 καὶ
3605 4653 3707 4726 τὴν

2133 4747 2360 4818 δύναμίν
2387 4762 2518 4818 μουο
2550 4747 2642 4800 καὶ
2675 4746 2994 4815 γνώσονται,
3032 4747 3115 4800 ὅτι
3145 4745 3314 4816 ὄνομά
3345 4762 3434 4814 μοι
3477 4745 3700 4817 Κύριος.

2145 4840 2416 4911 Ἀμαρτία
2479 4838 2650 4894 Ἰούδα
2704 4839 3075 4912 ἐγγέγραπται
3119 4841 3178 4892 ἐν
3220 4841 3404 4910 γραφῇ
3449 4839 3506 4890 ἐν
3551 4839 3704 4908 ὄνυχι

2131 4930 2497 5000 ἀδαμαντίνῳ,
2548 4930 2997 5001 ἐγκεκολαμμένη
3053 4930 3146 4983 ἐπὶ
3192 4928 3286 4982 τοῦ
3334 4929 3560 5001 στήθους
3603 4930 3703 5000 τῆς

2137 5022 2361 5094 καρδίας
2389 5021 2590 5088 αὐτῶν,
2613 5023 2777 5094 ἡνίκα
2813 5021 2878 5076 ἂν
2915 5020 3222 5092 μνησθᾶωιν
3253 5021 3320 5074 τὰ
3347 5022 3482 5093 ἄλση
3522 5019 3705 5074 αὐτῶν

2135 5113 2227 5166 ἐπὶ
2270 5113 2425 5179 ξύλου
2475 5113 2679 5177 δασέως
2729 5113 2822 5166 καὶ
2871 5113 2962 5165 ἐπὶ
3007 5112 3206 5182 βουνῶν
3254 5113 3563 5184 μετεώρων,
3609 5111 3705 5164 καὶ⁹

2132 5209 2300 5280 ὀρέων
2345 5211 2401 5262 ἐν
2438 5207 2614 5278 ἀγρῷ.
2674 5206 2846 5275 ’ἰσχύν
2885 5223 2976 5258 σου
3018 5207 3110 5259 καὶ¹
3151 5205 3457 5278 θησαυρούς
3492 5220 3585 5256 σου
3623 5205 3705 5266 είς

2133 5300 2409 5373 προνομὴν
2431 5300 2605 5360 δώσω,
2631 5300 2722 5352 καὶ
2747 5298 2814 5352 τὰ
2853 5297 3032 5368 ὑψηλά
3072 5314 3166 5351 σου
3190 5297 3278 5350 διὰ
3305 5297 3402 5360 τάς
3433 5295 3705 5368 ἁμαρτίας

2134 5409 2226 5445 σου
2260 5392 2357 5456 τὰς
2383 5393 2440 5445 ἐν
2477 5393 2608 5444 πᾶσι
2637 5393 2747 5454 τοῖς
2774 5389 2938 5462 ὁρίοις
2969 5407 3062 5443 σου
3081 5407 3095 5419 ·
3126 5391 3221 5444 καὶ
3257 5388 3510 5460 ἀφεθήσῃ
3543 5388 3705 5459 μόνη,

2133 5483 2225 5536 καὶ
2248 5481 2628 5553 ταπεινωθήσῃ
2649 5481 2754 5534 ἀπὸ
2775 5481 2874 5552 τῆς
2901 5480 3262 5552 κληρονομίας
3283 5496 3400 5544 σου,
3433 5473 3500 5548 ἦς
3529 5478 3707 5531 ἔδωκα

2134 5591 2245 5628 σοι·
2284 5575 2377 5628 καὶ
2411 5572 2802 5628 καταδουλώσω
2836 5592 2894 5627 σε
2932 5577 3046 5638 τοῖς
3070 5574 3284 5644 ἐχθροῖς
3317 5588 3411 5626 σου
3449 5573 3507 5626 ἐν
3533 5574 3600 5643 τῇ
3635 5573 3705 5643 γῇ
