4106 6436
368 443 470 493 115

1278 429 1939 491 DLMONSTRATIONIS
1967 429 2426 487 EVANGELICE
2467 429 2593 483 LIB.
2638 428 2705 480 II.

3524 421 3546 474 ἰ
3564 421 3633 476 Η*

365 563 432 631 ἢν
463 559 562 612 οὐκ
598 558 767 628 ἔγνως
788 578 801 591 ·
838 559 1408 630 ὄτιπῦρηὲκκέκαυται
1438 558 1495 608 ὲν
1522 555 1600 626 τῷ
1628 553 1786 625 θυμῴ
1821 569 1947 624 μου,

2056 551 2198 605 nosti
2234 570 2247 605 :
2282 550 2540 621 quoniam
2582 547 2724 617 ignis
2771 546 3030 598 incensus
3060 547 3145 597 est
3171 540 3227 594 in
3257 539 3438 595 furore
3480 554 3624 604 meo,

365 647 471 711 ἕως
503 648 697 712 αἰῶνος
728 648 1080 719 καυθήσεται.
1111 666 1129 697 ι

366 757 510 822 KG’.
550 757 683 810 Ἀπὸ
706 758 809 811 τοῦ
839 758 1043 825 Ἀμώς.
1064 787 1131 796 ——
1154 757 1227 810 Τὰ
1255 756 1388 823 περὶ
1410 755 1518 823 τῆς
1543 757 1625 820 εὶς
1652 753 1848 807 πάντα
1876 754 1947 825 τὰ

437 826 581 907 ἔθνη
610 824 940 907 διασπορᾶς
956 826 1662 907 τοῦηἾοΞδαίωιχέθνους,
1695 825 1790 907 καὶ
1811 824 1944 907 περι

440 896 549 964 τῆς
593 893 979 963 ἀνανεώσεως
1025 896 1132 965 τῆς
1169 896 1431 964 Χριστοῦ
1469 897 1807 964 παρουσίας
1847 893 1947 965 καὶ

432 966 773 1045 βςισιτῑείας,
805 967 1040 1045 καὶτῆς
1072 965 1360 1045 ἑπξιιὺτῇ
1395 965 1793 1036 γεγενημένης
1836 964 1947 1032 τῆς

438 1036 558 1089 τῶν
583 1038 772 1091 ἐθνῶν
808 1037 1090 1091 ἁπάντων
1126 1035 1423 1103 κλήσεως.

446 1173 464 1204 ‹
519 1152 650 1204 Ἰδοὺ
677 1151 785 1219 ἐγὼ
814 1153 1149 1222 ἐντέλλομαι,
1179 1151 1270 1203 καὶ
1302 1150 1553 1221 λικμήσω
1584 1151 1640 1202 ὲν
1675 1150 1808 1202 πᾶσι
1834 1150 1947 1210 τοῖς

372 1242 547 1296 ἔθνεσι
576 1243 665 1295 τὸν
706 1239 852 1296 οἷκον
893 1242 1128 1314 Ἰσραὴλ,
1158 1244 1217 1295 ὃν
1247 1242 1447 1313 τρόπον
1485 1242 1751 1311 λικμᾶται
1779 1242 1836 1293 ἐν
1869 1239 1947 1309 τῷ

370 1336 570 1407 λικμῷ,
607 1337 701 1388 καὶ
749 1337 813 1388 οὐ
858 1335 932 1406 μὴ
979 1336 1122 1406 πέσῃ
1171 1334 1485 1405 σύντριμμα
1531 1333 1624 1384 ἐπὶ
1666 1332 1764 1402 τὴν
1806 1330 1942 1400 γῆν·

372 1429 617 1499 ῥομφαία
672 1428 1054 1498 τελευτήσωσι
1120 1425 1320 1490 πάντες
1375 1428 1422 1478 οἱ
1477 1424 1792 1495 ἁμαρτωλοὶ
1852 1420 1946 1474 τοῦ

369 1518 498 1571 λαοῦ
549 1536 671 1589 μου,
714 1520 762 1571 οἱ
799 1518 1065 1586 λέγοντες·
1115 1519 1189 1570 Οὐ
1224 1516 1296 1587 μὴ
1338 1516 1530 1585 ἐγγίσῃ
1559 1514 1677 1566 οὐδὲ
1714 1512 1787 1583 μὴ
1820 1512 1948 1584 ἔλθῃ

370 1611 453 1678 ἐφ’
501 1610 647 1679 ἡμᾶς
689 1608 757 1662 τὰ
793 1608 957 1662 κακά.
1002 1609 1088 1661 Ἐν
1129 1610 1194 1678 τῇ
1222 1607 1407 1677 ἡμέρᾳ
1438 1604 1621 1677 ἐκείνῃ
1660 1604 1949 1674 ἀναστήσω

367 1702 466 1773 τὴν
495 1701 696 1772 σκηνὴν
719 1700 882 1752 Δαϐὶδ
901 1701 999 1770 τὴν
1022 1702 1393 1763 πεπτωκυῖαν,
1421 1698 1513 1751 καὶ
1538 1696 1947 1765 ἀνοικοδομήσω

367 1791 438 1844 τὰ
477 1791 804 1844 πεπτωκότα
849 1791 1051 1861 αὐτῆς,
1078 1791 1170 1843 καὶ
1199 1790 1267 1843 τὰ
1309 1786 1739 1858 κατεσκαμμένα
1775 1784 1948 1853 αὐτῆς

2051 658 2222 715 usque
2248 642 2302 695 in
2325 650 2585 696 aeternum
2611 635 2902 692 ardebit".
2939 653 2957 684 ι

2047 756 2239 810 XXVI.
2269 757 2347 809 Ab
2388 756 2569 807 Amos.
2598 784 2667 794 —
2702 752 2775 805 De
2817 750 3138 816 dispersione
3176 748 3343 815 gentis
3377 744 3623 798 Judaira:

2119 830 2172 880 in
2222 845 2397 880 onznes
2450 833 2650 893 gentes,
2694 832 2742 876 et
2781 819 2842 873 de
2889 820 3233 893 renovatione
3272 818 3545 873 adventus,
3571 821 3621 867 et

2120 899 2263 967 regni
2318 887 2537 952 Christi,
2575 906 2622 947 et
2663 894 2726 947 de
2770 892 3037 944 vocatione
3091 888 3322 941 omnium
3366 887 3618 956 gentium,

2053 1019 2056 1021 .
2117 986 2234 1033 quae
2264 970 2317 1021 in
2347 985 2405 1021 eo
2437 967 2582 1034 facta
2615 975 2712 1019 est.

2125 1166 2143 1197 ‹
2175 1146 2315 1200 Ecce
2350 1161 2451 1215 ego
2482 1143 2703 1207 mando,
2735 1149 2788 1196 et
2818 1138 3092 1193 ventilabo
3113 1137 3167 1190 in
3193 1134 3446 1189 omnibus
3492 1145 3622 1200 gen-

2050 1241 2196 1295 tibus
2249 1239 2469 1293 domum
2519 1234 2705 1298 Israel,
2753 1229 3210 1305 quemadmodum
3246 1226 3536 1281 ventilatur
3564 1223 3621 1276 in

2050 1349 2248 1393 vanuo,
2282 1340 2479 1386 etnon
2537 1328 2694 1382 cadet
2744 1323 3005 1379 contritio
3056 1322 3110 1375 in
3165 1329 3394 1384 terram;
3444 1314 3623 1387 gladio

2051 1427 2350 1479 morientur
2376 1437 2567 1475 onmes
2583 1427 2896 1490 peccatores
2918 1413 3102 1485 p0puli
3131 1413 3256 1471 mei,
3280 1412 3371 1480 qui
3393 1410 3582 1462 dicunt
3603 1427 3619 1461 .-

2049 1516 2167 1569 Non
2227 1512 2762 1584 appropinquabunt,
2807 1523 2984 1577 neque
3017 1504 3256 1568 venient,
3310 1517 3475 1572 super
3523 1513 3623 1556 nos

2050 1608 2192 1663 mala
2228 1626 2240 1660 :
2274 1607 2328 1660 in
2362 1606 2449 1660 die
2499 1604 2592 1658 illa
2639 1600 2917 1658 suscitabo
2963 1596 3375 1652 tabernaculum
3429 1591 3619 1657 David,

2049 1699 2192 1770 quod
2248 1696 2443 1753 cecidit
2491 1714 2505 1750 :
2548 1702 2603 1750 et
2656 1690 2977 1748 instaurabo
3030 1703 3151 1757 quae
3197 1687 3514 1742 ceciderunt
3554 1699 3622 1738 ex

2048 1807 2135 1856 eo,
2172 1798 2227 1846 et
2256 1804 2377 1859 qua:
2417 1787 2597 1841 diruta
2650 1794 2774 1840 sunt
2823 1785 2944 1853 ejus
2986 1779 3285 1842 suscitabo,
3321 1787 3374 1832 et
3420 1777 3625 1832 instau-

371 1884 680 1952 ἀναστήσω,
724 1882 817 1934 καὶ
846 1881 1253 1952 ἀνοικοδομήσω
1285 1881 1478 1951 αὐτὴν,
1508 1877 1692 1941 καθὼς
1722 1879 1777 1931 αἱ
1806 1876 1944 1946 ἡμέ-

2048 1887 2182 1938 rabo
2225 1883 2358 1937 illud
2403 1882 2552 1935 sicut
2602 1880 2718 1933 dies
2750 1876 2956 1939 saeculi,
2993 1882 3052 1928 ut
3078 1873 3367 1943 exquirant
3394 1886 3501 1931 me,
3528 1870 3620 1939 qui

372 1989 461 2043 ραι
500 1972 593 2024 τοῦ
636 1971 850 2035 αἰῶνος,
882 1973 1031 2035 ὅπως
1062 1972 1405 2044 ὲκζητήσωσί
1442 1989 1509 2042 με
1541 1972 1591 2024 οἱ
1626 1970 1947 2024 κατάλοιποι

366 2062 476 2117 τῶν
504 2062 599 2117 ἀνθ
607 2062 823 2135 ρώπων·
847 2067 939 2118 καὶ
960 2065 1136 2118 πάντα
1158 2066 1223 2119 τὰ
1247 2065 1397 2136 ἔθνη,
1425 2064 1508 2133 ἐφ’
1530 2062 1567 2117 δι
1592 2062 1946 2134 ἐπικέκληται

366 2156 428 2209 τὺ
480 2155 648 2227 ὄνομα
715 2174 814 2228 μου
868 2158 953 2208 ἐπ’
1007 2157 1167 2222 αὐτὰ,
1225 2157 1372 2226 λέγει
1429 2156 1632 2227 Κύριος
1696 2156 1726 2207 ὁ
1777 2154 1946 2208 ποιῶν

367 2265 559 2301 ταυτα.
590 2267 608 2299 ›

366 2340 509 2420 KZ'.~
538 2342 804 2420 Ἀπατοῇ
839 2342 1200 2420 ινέιχαίουές-
1219 2340 1569 2420 Κατηγορία
1596 2338 1715 2420 τῶν
1745 2336 1947 2420 ἀρχῶν

438 2409 557 2464 τῶν
590 2412 696 2466 τοῦ
735 2408 1037 2466 Ἰουδαίων
1077 2413 1310 2476 ἔθνους,
1354 2410 1450 2463 καὶ
1498 2408 1765 2475 δήλωσις
1811 2410 1945 2475 ἐρη-

438 2480 677 2549 μώσεως
707 2482 816 2548 τῆς
844 2484 1276 2550 μητροπόλεως-ί
1296 2478 1513 2543 αὐτῶν,
1546 2478 1859 2547 ἐπιφάνειά
1883 2494 1945 2550 τε

438 2548 694 2618 Χριστοῦ
719 2552 817 2604 καὶ
842 2548 1011 2605 οἴκου
1039 2552 1185 2605 Θεοῦ
1221 2549 1326 2617 τῆς
1353 2550 1715 2618 Ἐκκλησίας
1736 2548 1944 2618 αὐτοῦ,

437 2616 622 2687 λόγου
668 2639 730 2675 τε
767 2623 866 2675 καὶ
906 2623 1094 2690 νόμου
1137 2619 1437 2689 πρόσοδος
1474 2619 1571 2673 καὶ
1615 2617 1733 2672 τῶν
1757 2616 1949 2673 ἐθνῶν

438 2690 715 2743 ἁπάντων
752 2690 1039 2757 δήλωσις.

441 2818 459 2849 ε
484 2799 777 2853 Ἀκούσατε
808 2801 872 2872 δὴ
906 2802 1081 2856 ταῦτα
1129 2805 1177 2855 οἱ
1208 2801 1498 2873 ἡγούμενοι
1542 2802 1690 2856 οἴκου
1731 2801 1944 2867 Ἰακὼϐ,

365 2892 540 2946 καὶοὶ
579 2893 897 2947 κατάλοιποι
946 2895 1092 2948 οἴκου
1151 2893 1396 2966 Ἰσραὴλ,
1445 2897 1493 2948 οἱ
1539 2894 1945 2965 βδελυσσόμενοι

364 2986 560 3055 κρῖμα,
609 2985 704 3039 καλ⁴
748 2985 927 3040 πάντα
959 2987 1028 3040 τὰ
1066 2986 1202 3058 ὀρθὰ
1246 2987 1680 3059 διαστρέφοντες,
1724 2989 1772 3040 οἱ
1800 2990 1946 3040 οἰκο-

363 3076 652 3149 δομοῦντες
682 3079 816 3131 Σιὼν
856 3081 912 3132 ὲν
948 3080 1163 3148 αἵμασι,
1212 3080 1305 3133 καὶ
1343 3078 1699 3151 Ἰερουσαλὴμ
1727 3082 1783 3132 ὲν
1826 3080 1941 3133 ἁδι-

365 3167 528 3231 κίαις.
559 3170 620 3221 Οἱ
648 3169 940 3239 ἡγούμενοι
970 3171 1139 3241 αὐτῆς
1172 3171 1310 3241 μετά
1335 3169 1529 3241 μισθοῦ
1557 3172 1941 3241 ἀπεκρίναντο,

366 3259 461 3312 καὶ
496 3262 544 3313 οἱ
576 3260 853 3331 προφῆται
886 3262 1052 3333 αὐτῆς
1091 3263 1228 3333 μετὰ
1269 3263 1532 3335 ἀργυρίου
1567 3264 1942 3335 ἐμαντεύοντο,
1973 3253 2016 3309 C

365 3349 460 3401 καὶ
499 3351 592 3403 ἐπὶ
631 3351 721 3404 τὸν
753 3351 954 3424 Κύριον
1004 3353 1441 3416 ὲπανεπαύοντο,
1493 3354 1772 3423 λέγοντεςυ
1816 3357 1948 3427 Οὐχὶ

365 3440 570 3513 Κύριος
610 3442 728 3512 μεθ’
763 3443 922 3515 ἡμῶν
962 3447 1142 3502 ὲστιν;
1186 3447 1247 3499 ού
1297 3446 1372 3517 μὴ
1418 3446 1622 3520 ἐπέλθῃ
1674 3449 1758 3517 ἐφ’
1797 3450 1948 3520 ἡμᾶς

366 3533 532 3587 κακά.
576 3533 674 3588 Διὰ
710 3535 866 3588 τοῦτο
907 3536 972 3590 δι’
1002 3537 1145 3607 ὑμᾶς
1173 3536 1309 3591 Σιὼν
1351 3536 1428 3601 ὡς
1474 3540 1643 3610 ἀγρὸς
1686 3541 1945 3612 ἀροτρια-

366 3623 619 3695 θήσεται,
668 3625 762 3678 καὶ
798 3626 1152 3699 Ἰερουσαλὴμ
1183 3628 1258 3692 ὼς
1291 3629 1735 3699 ὀπωροφυλάκιον
1774 3631 1944 3696 ἔσται,

368 3716 463 3768 καὶ
520 3716 581 3768 τὸ
636 3716 759 3788 ὅρος
818 3717 914 3771 τοῦ
980 3718 1130 3772 οἴκου
1194 3722 1274 3783 εἰς
1325 3720 1487 3787 ἄλσος
1546 3721 1773 3794 δρυμοῦ.
1837 3724 1946 3776 Καὶ

366 3807 518 3861 ἔσται
566 3811 652 3861 ἐπ’
695 3810 924 3879 ἐσχάτου
970 3811 1079 3866 τῶν
1133 3812 1356 3883 ἡμερῶν
1415 3815 1655 3884 ἐμφανὲς
1709 3814 1770 3867 τὸ
1821 3814 1947 3885 ὅρος

368 3900 607 3971 Κυρίου,
642 3901 858 3972 ἕτοιμον
903 3903 996 3955 ἐπὶ
1038 3903 1137 3967 τὰς
1180 3905 1420 3976 κορυφὰς
1463 3904 1572 3957 τῶν
1608 3906 1807 3976 ὀρέων
1853 3906 1946 3958 καὶ

371 3993 863 4066 μετεωρισθήσεται
890 3996 1144 4066 ὑπεράνω
1169 3995 1275 4049 τῶν
1304 3996 1527 4067 βουνῶν,
1558 3996 1651 4049 καὶ
1678 3994 1944 4049 σπεύσου-

370 4104 465 4140 σινε
494 4089 581 4141 ἐπ’
610 4087 742 4141 αὐτὸ
783 4087 922 4151 λαοὶ,
952 4089 1046 4142 καί
1082 4088 1438 4159 πορεύσονται
1466 4088 1594 4159 ἔθνη
1625 4088 1815 4152 πολλὰ,
1852 4088 1945 4141 καὶ

368 4180 553 4250 ἐροῦσι
578 4198 590 4210 ·
639 4178 836 4245 Δεῦτε,
878 4180 971 4234 καὶ
1005 4180 1294 4251 ἀναδῶμεν
1340 4183 1420 4245 εἰς
1461 4181 1521 4234 τὸ
1558 4180 1682 4253 ὅρος
1714 4182 1941 4253 Κυρίου,

368 4274 460 4327 καὶ
509 4275 588 4338 εἰς
638 4273 730 4327 τὸν
774 4269 921 4327 οἷκον
973 4273 1067 4326 τοῦ
1099 4272 1234 4326 Θεοῦ
1271 4272 1484 4337 Ἰακὼϐ,
1537 4274 1631 4327 ml.
1681 4273 1944 4338 δείξουσιν

368 4369 498 4439 ἡμῖν
529 4367 626 4439 τὴν
664 4368 779 4422 ὁδὸν
814 4365 1001 4431 αὐτοῦ,
1044 4368 1138 4421 καὶ
1172 4365 1548 4437 πορευσόμεθα
1587 4369 1643 4420 ἐν
1673 4370 1792 4432 ταῖς
1825 4368 1944 4439 τρί-

368 4462 483 4525 ϐοις
514 4461 698 4526 αὐτοῦ,
730 4462 811 4515 ὅτι
845 4462 909 4513 ὲκ
938 4459 1076 4513 Σιὼν
1124 4459 1461 4525 ἐξελεύσεται
1508 4460 1691 4530 νόμος,
1727 4459 1820 4513 καὶ
1851 4459 1942 4513 λό-

368 4572 463 4623 γος
493 4554 699 4627 Κυρίου
729 4554 789 4621 ἐξ
822 4553 1195 4624 Ἰερουσαλήμ.
1221 4573 1239 4605 ι

367 4668 503 4723 ΚΗ’.
551 4669 681 4723 Ἆπὸ
706 4669 813 4724 τοῦ
844 4667 1502 4737 Ζαχαρίου.--Δήλωσις
1536 4666 1668 4735 περὶ
1695 4666 1953 4737 Χριστοῦ

439 4740 793 4819 παρουσίας,
841 4735 1093 4819 καῐς-ιξῆς
1115 4737 1579 4819 τῶνλΙουδαίων
1622 4735 1951 4819 πολεμικῆς

439 4807 826 4877 παρασκευῆς
885 4806 1161 4877 ὄλεθρος,
1237 4807 1428 4861 ἐθνῶν
1478 4824 1544 4877 τε
1585 4806 1791 4877 εἰρήνῃ
1851 4808 1951 4862 καὶ

436 4879 723 4949 βασιλεία
749 4880 972 4949 Κυρίου
1013 4876 1191 4949 μέχρι
1232 4877 1352 4932 τῶν
1397 4876 1668 4945 περάτων
1709 4876 1818 4945 τῆς
1860 4880 1946 4932 οὶ-

438 4947 753 5016 κουμένης.

445 5061 462 5092 ‹
489 5043 661 5111 Χαῖρε
697 5040 917 5113 σφόδρα,
952 5042 1190 5113 θύγατερ
1221 5041 1382 5104 Σιὼν,
1411 5039 1674 5111 κήρυσσε,
1704 5039 1945 5112 θύγατερ

380 5133 763 5206 Ὶερουσαλήμ’
793 5134 901 5188 ἰδοὺ
935 5136 963 5187 ὁ
989 5133 1240 5204 βασιλεύς
1264 5132 1601 5204 σουέρχεταί
1631 5149 1712 5185 σοι
1740 5131 1946 5194 δίκαιος

370 5226 463 5278 καὶ
499 5222 706 5290 σώζων,
742 5224 901 5288 αὐτὸς
944 5208 1137 5295 πρᾶος,
1175 5225 1271 5278 καὶ⁹
1309 5222 1653 5294 ἐπιϐεϐηκὼς
1683 5222 1773 5275 ἐπὶ
1813 5223 1945 5275 ὑπο-

371 5317 575 5384 ζύγιον,
604 5316 699 5370 καὶ
733 5315 910 5371 πῶλον
942 5315 1083 5380 νέον,
1112 5318 1206 5370 καὶ
1236 5316 1605 5389 ὲξολοθρεύσει
1637 5315 1858 5385 ἅρματα
1884 5314 1944 5380 ἐξ

385 5407 644 5480 Ἐφραῒμ,
676 5410 770 5462 καὶ
800 5408 965 5461 ἵππον
994 5407 1057 5474 ἐξ
1087 5407 1438 5479 Ἰερουσαλὴμ
1457 5426 1472 5439 ο
1509 5408 1601 5461 καὶ
1630 5404 1945 5479 ὲξολοθρεύ-

373 5521 455 5559 σει
489 5503 642 5569 τόξον
675 5504 992 5574 πολεμικὸν,
1027 5504 1121 5555 καὶ
1152 5501 1353 5573 πλῆθος
1389 5504 1612 5573 εἰρήνης
1654 5500 1714 5566 ἐξ
1737 5500 1937 5553 ἐθνῶν·

371 5597 462 5649 καὶ
502 5566 760 5669 κατάρξει
794 5566 903 5649 άπὸ
931 5566 1205 5665 θαλάσσης
1236 5566 1341 5659 έως
1384 5566 1678 5665 θαλάσσης,
1708 5593 1803 5648 καὶ
1836 5566 1950 5647 ἀπὸὶ

371 5689 631 5760 ποταμῶν
671 5690 737 5743 δι’
766 5687 1002 5741 ἐκϐολῶν
1037 5687 1156 5757 γῆς.
1210 5704 1229 5737 ι

2048 1976 2244 2046 reliqui
2279 1984 2406 2030 sunt
2440 1990 2503 2027 ex
2536 1970 2871 2031 hominibus,
2909 1976 2963 2023 et
2994 1982 3185 2022 omnes
3213 1976 3422 2037 gentes,
3459 1978 3624 2032 super

2046 2088 2185 2142 quas
2227 2071 2537 2123 invocatum
2569 2073 2653 2121 est
2686 2080 2881 2119 nomen
2917 2077 3095 2117 meum
3127 2074 3290 2128 super
3330 2073 3462 2114 eas:
3489 2056 3623 2111 dicit

2047 2163 2334 2227 Dominus,
2356 2162 2448 2231 qui
2485 2159 2615 2213 facit
2644 2158 2759 2211 haec
2792 2156 2977 2211 omnia
2995 2156 3063 2210 δι.
3103 2174 3121 2205 ι
3183 2204 3191 2212 ,

2048 2345 2154 2417 55
2178 2342 2386 2417 XXVII.
2415 2343 2463 2417 ,Α
2508 2339 2755 2395 Micluea.
2796 2367 2866 2417 -_-
2900 2332 3182 2417 A‘rcusatio.
3216 2330 3623 2417 magistratuum

2117 2398 2283 2486 gentis
2314 2411 2649 2472 Iudaeorum,
2693 2418 2742 2486 et
2783 2406 3104 2486 signiﬁcat/io
3149 2398 3486 2486 desolationis
3514 2412 3624 2450 rne-

2121 2468 2337 2553 ἷιλοῤοὶε
2370 2499 2547 2553 eorum
2570 2524 2584 2546 ,
2615 2468 2996 2553 _'advent_'itsq'ue
3036 2471 3268 2553 Qliristi,
3333 2477 3381 2553 et
3434 2468 3622 2549 domus

2120 2539 2471 2626 Dei,rquazest
2499 2539 2735 2626 Ecclesia
2785 2549 2898 2617 ejus
2912 2539 2939 2609 ’,
2974 2543 3243 2626 verbique,
3274 2550 3323 2593 et
3352 2539 3477 2609 tegis
3508 2553 3626 2606 pro-

2114 2622 2335 2697 gressio,
2359 2634 2409 2680 et
2437 2624 2670 2694 gentium
2700 2628 3010 2673 cunctarum
3044 2622 3268 2669 vacatio.

2123 2819 2141 2852 ι
2178 2799 2374 2854 Audite
2406 2811 2554 2851 nunc
2578 2795 2794 2850 demum
2848 2791 2962 2847 haec
2985 2830 2999 2854 ,
3047 2788 3139 2859 qui
3168 2785 3412 2857 praeestis
3436 2782 3622 2839 domui

2045 2892 2235 2959 Jacob,
2259 2900 2314 2946 et
2352 2890 2443 2961 qui
2473 2888 2669 2958 reliqui
2695 2886 2830 2941 estis
2855 2899 2920 2938 ex
2942 2882 3104 2937 domo
3134 2879 3321 2941 Israel,
3357 2876 3448 2947 qui
3489 2875 3622 2930 abo-

2047 2986 2327 3041 minamini
2370 2983 2660 3054 judicium,
2683 2987 2738 3035 et
2773 2978 2955 3034 omnia
3004 2986 3150 3030 recta
3175 2972 3505 3044 pervertitis,
3526 2969 3619 3038 qui

2045 3079 2325 3135 aedificatis
2355 3077 2487 3133 Sion
2508 3077 2560 3130 in
2592 3072 2983 3145 sanguinibus,
3037 3079 3091 3124 et
3119 3067 3420 3122 Jerusalem
3455 3067 3509 3117 in
3535 3063 3612 3116 in-

2043 3173 2292 3244 justitiis,
2321 3172 2413 3241 qui
2444 3171 2493 3225 ei
2535 3175 2797 3239 praesunt,
2832 3180 2956 3220 cum
2990 3159 3311 3216 muneribus
3338 3155 3620 3227 judicave.

2047 3278 2200 3331 runt,
2231 3272 2287 3319 et
2338 3261 2652 3318 sacerdotes
2681 3258 2802 3328 ejus
2850 3271 2974 3311 cum
3021 3250 3271 3307 mercede
3321 3246 3620 3318 responde»

2048 3364 2207 3421 runt,
2242 3365 2297 3411 et
2323 3353 2600 3425 prepheta:
2637 3351 2760 3421 ejus
2792 3363 2918 3403 cum
2950 3351 3174 3416 argento
3206 3340 3543 3402 divinarunt,
3568 3345 3622 3391 ct

2048 3463 2213 3519 super
2246 3446 2532 3500 Dominum
2558 3443 2960 3512 requieveruut,
2990 3437 3234 3492 dicentes
3262 3451 3275 3487 :
3307 3431 3499 3486 Nonne
3517 3429 3624 3485 Do-

2049 3542 2231 3597 minus
2256 3539 2541 3594 nobiscum
2577 3535 2696 3591 est?
2727 3549 2835 3588 non
2870 3530 3087 3586 venient
3132 3542 3294 3596 super
3326 3540 3428 3579 nos
3456 3522 3618 3577 mala.

2048 3630 2254 3686 Idcirco
2293 3638 2511 3700 propter
2542 3642 2658 3691 vos,
2691 3625 2821 3680 Sion
2856 3622 3010 3694 quasi
3064 3635 3190 3690 ager
3238 3617 3513 3679 arabitur,
3567 3622 3625 3672 et

2047 3721 2345 3780 Jerusalem
2395 3720 2553 3792 quasi
2597 3732 2881 3789 pomorum
2930 3714 3177 3769 custodia
3202 3711 3341 3773 erit,
3378 3717 3432 3762 et
3464 3721 3624 3762 mons

2047 3817 2244 3871 domus
2277 3812 2374 3868 Dei
2407 3812 2461 3865 in
2491 3824 2685 3865 nemus
2731 3808 2900 3862 silva.
2956 3807 3017 3859 Et
3063 3805 3167 3858 erit
3214 3803 3269 3856 in
3322 3799 3622 3854 novissimo

2047 3909 2292 3971 dierum,
2348 3902 2670 3959 manifestus
2722 3915 2879 3954 mons
2927 3895 3161 3957 Domini,
3197 3899 3418 3963 paratus
3457 3905 3623 3959 super

2047 4002 2278 4055 vertices
2314 3995 2601 4057 montium,
2626 4001 2679 4048 et
2706 3990 2994 4045 extolletur
3026 4001 3189 4057 super
3223 3983 3388 4039 colles
3409 4021 3423 4046 ,
3454 3991 3507 4035 et
3542 3979 3623 4034 fec

2053 4090 2329 4145 stiuabunt
2361 4086 2427 4140 ad
2456 4085 2604 4139 illum
2630 4080 2836 4154 populi,
2872 4089 2925 4134 et
2951 4079 3104 4133 ibunt
3135 4082 3322 4147 gentes
3351 4073 3622 4136 multm,ct

2046 4181 2265 4235 dicent:
2292 4176 2504 4240 Venite,
2543 4172 2901 4230 ascendamus
2930 4171 2983 4224 in
3016 4175 3252 4222 montem
3288 4164 3538 4227 Domini,
3570 4170 3619 4217 e.‘

2047 4274 2102 4327 iu
2133 4273 2353 4327 domum
2383 4270 2478 4326 Dei
2504 4266 2696 4332 Jacob,
2728 4273 2780 4321 et
2806 4262 3094 4320 ostendent
3125 4259 3281 4315 nobis
3309 4260 3451 4312 viam
3478 4256 3620 4326 ejus,

2045 4373 2097 4421 et
2120 4363 2519 4419 ambulabimus
2561 4360 2616 4415 in
2644 4358 2852 4415 semitis
2883 4357 3001 4427 ejus
3024 4395 3039 4419 ,
3091 4352 3347 4424 quoniam
3392 4365 3455 4405 ex
3493 4351 3622 4405 Sion

2045 4456 2352 4528 egredietur
2403 4455 2487 4510 lex
2518 4492 2535 4518 ,
2600 4459 2654 4507 et
2702 4450 2925 4507 verbum
2999 4447 3212 4502 Domini
3279 4444 3347 4499 de
3402 4442 3625 4499 Jerusa-

2048 4548 2155 4602 lem
2188 4546 2256 4601 ⁸³.
2298 4565 2317 4598 ι

2057 4654 2299 4710 XXVIII.
2340 4655 2381 4708 Α
2428 4654 2713 4708 Zacharia.
2737 4684 2810 4693 —
2837 4649 3141 4705 Declaratio
3181 4646 3245 4701 de
3281 4643 3482 4700 Christi
3528 4643 3625 4695 (rd—-

2127 4736 2312 4791 ventu,
2360 4733 2410 4779 et
2440 4724 2748 4778 Judworum
2782 4723 2952 4776 bellici
2992 4731 3280 4791 apparatus
3336 4714 3621 4791 pernicies,

2123 4785 2454 4867 gentiumque
2486 4809 2612 4864 pax,
2660 4803 2709 4848 et
2742 4809 2954 4865 regnum
2991 4785 3206 4845 Domini
3229 4803 3390 4858 usque
3414 4785 3481 4838 ad
3522 4793 3627 4837 ter-

2127 4866 2295 4922 minos
2325 4866 2464 4922 orbis
2506 4874 2680 4921 terrae.
3488 4878 3493 4881 ‘

2129 5049 2147 5082 ι
2185 5025 2370 5083 Gaude
2405 5025 2772 5088 vehementer,
2830 5020 2937 5075 tilia
2968 5018 3099 5073 Sion
3128 5055 3144 5082 ,
3195 5012 3424 5085 praedico
3447 5050 3462 5076 ,
3515 5009 3623 5063 tilia

2052 5121 2396 5177 Jerusalem:
2456 5131 2582 5173 ecce
2628 5114 2743 5169 Rex
2782 5122 2911 5168 tuus
2954 5111 3102 5166 venit
3152 5106 3248 5161 tibi
3295 5106 3513 5175 justus,
3572 5112 3625 5158 et

2056 5205 2305 5269 Salvator
2337 5231 2351 5267 :
2387 5213 2503 5281 ipse
2538 5218 2877 5271 mansuetus,
2904 5213 2959 5260 et
2990 5202 3185 5259 sedens
3210 5213 3373 5268 super
3406 5197 3626 5268 jumen-

2053 5321 2141 5376 to,
2197 5320 2251 5364 et
2313 5309 2462 5378 pullo
2519 5305 2899 5365 adolescente,
2961 5306 3015 5353 et
3053 5295 3243 5367 perdet
3297 5308 3496 5349 currus
3555 5307 3627 5349 ex.

2051 5402 2315 5472 Ephrem,
2377 5408 2431 5454 et
2483 5412 2682 5468 equum
2727 5410 2792 5449 ex
2824 5391 3160 5448 Jerusalem:
3201 5394 3256 5443 et
3300 5385 3488 5458 perdet
3536 5398 3624 5438 ar-

2051 5510 2174 5549 cum
2215 5493 2488 5556 bellicum,
2521 5498 2574 5546 et
2606 5485 2936 5542 abundantia
2969 5481 3121 5552 pacis
3140 5495 3206 5537 ex
3245 5477 3495 5551 gentibus
3524 5495 3538 5530 :
3570 5484 3632 5532 et.

2050 5585 2416 5656 principatum
2452 5579 2721 5636 obtinebit
2754 5592 2783 5630 a
2808 5574 2945 5629 mari
2978 5587 3152 5644 usque
3181 5570 3248 5625 ad
3280 5585 3428 5624 mare
3454 5608 3469 5636 ,
3507 5573 3559 5624 et
3594 5584 3625 5621 a

2050 5679 2368 5734 ﬂuminibus
2404 5692 2498 5748 per
2534 5666 2976 5742 expori‘ectiones
3008 5676 3165 5722 terrae
3192 5665 3258 5719 ⁸⁸.
3300 5684 3319 5717 ι

442 5867 487 5898 ³⁸
509 5865 600 5922 Jer
640 5884 748 5931 ιιι.
787 5866 968 5931 ιηῦ-Ξις
996 5881 1131 5929 xvu,
1171 5862 1263 5918 1-4
1333 5862 1377 5895 ⁸¹
1410 5861 1575 5917 Amos
1632 5877 1707 5922 Ix.
1734 5859 1886 5916 9-12.

2048 5857 2201 5914 Micb.
2237 5872 2317 5917 ιιι,
2358 5849 2511 5911 οο1⁶2;
2552 5864 2623 5912 tv,
2656 5845 2770 5899 1-2.
2851 5843 2897 5873 ⁸³
2925 5839 3091 5897 Zach.
3146 5857 3220 5904 Ix,
3256 5838 3410 5893 9-10.
