4106 6424
465 417 570 476 H5

1132 418 1399 475 EUSEBII
1436 417 1915 476 CESARIENSIS
1951 419 2030 476 ΟΡ

2143 417 2326 473 rans
2361 417 2426 472 ιι.
2466 446 2535 460 -
2573 397 3098 473 ΑΡοιοοετισΑ.’

3605 411 3708 468 H6

466 531 654 588 XXIX.
693 531 731 586 Α
766 533 1132 610 μαίαείιὶαπ-ι
1161 532 1437 610 Reeusalio
1466 533 1900 610 gentis_Judaic¢e
1921 577 1935 594 ,
1981 547 2030 588 et

2133 534 2260 610 KQ’.
2291 531 2580 610 ,Ἀποτοῦ
2613 526 3402 610 Μαλαχίου.-ῌαραίηησιςι
3427 524 3534 578 τοῦ
3576 527 3705 610 7ου-

534 604 823 672 corporalis
867 606 1093 672 ipsorum
1129 618 1191 655 ex-
1237 604 1342 670 lege
1384 605 1549 657 Mosis
1591 605 1919 659 adorationis
1949 623 2031 658 re-

531 676 708 742 factio,
737 675 1004 745 spirituali
1049 673 1346 727 introducta
1393 675 1446 727 in
1479 691 1654 728 omnes
1684 685 1856 745 gentes
1898 675 2029 730 ado-

534 747 735 798 ratione
767 760 856 812 per
881 741 1169 798 Christum.

485 923 490 926 -
535 899 642 968 56
668 917 686 948 ‹
714 897 830 950 Νοη
855 905 939 953 est
953 912 1074 950 mea
1101 898 1416 952 voluntasin
1436 899 2030 963 vobis,dicitDominus

465 993 828 1060 omnipotens,
853 995 909 1043 et
937 987 1266 1044 sacriﬁcium
1298 1005 1403 1043 non
1435 989 1727 1059 suscipiam
1755 989 1822 1045 de
1851 993 2027 1045 mani-

466 1084 566 1137 bus
588 1081 782 1137 vestris
809 1099 823 1147 ;
859 1084 1116 1151 quoniam
1147 1081 1215 1134 ab
1240 1087 1362 1134 ortu
1387 1082 1538 1146 solis,
1563 1091 1616 1136 et
1647 1098 1819 1152 usque
1843 1083 1909 1136 ad
1938 1098 2030 1137 oc-

464 1191 672 1237 casum,
702 1191 902 1230 nomen
937 1190 1116 1229 meum
1151 1170 1508 1244 gloriﬁcatum
1541 1176 1702 1231 estin
1731 1176 1982 1246 gentibus
2013 1198 2026 1230 :

463 1275 516 1321 et
538 1268 591 1321 in
624 1267 773 1320 omni
797 1267 916 1320 loco
957 1267 1238 1322 incensum
1269 1265 1492 1322 oﬂ‘ertur
1526 1268 1731 1321 nomini
1781 1284 1935 1330 meo,
1975 1277 2030 1322 et

467 1360 645 1414 hostia
681 1358 880 1412 munda
913 1377 926 1411 :
957 1358 1210 1428 quoniam
1242 1374 1493 1428 magnum
1525 1375 1720 1414 nomen
1765 1377 1941 1414 meum
1975 1363 2027 1414 in

464 1451 736 1520 gentibus,
756 1449 888 1504 dicit
921 1447 1181 1504 Dominus
1204 1450 1565 1520 omnipotens,
1591 1465 1688 1504 vos
1705 1459 1882 1504 autem
1907 1466 2028 1520 pro-

465 1542 661 1596 fanatis
690 1541 820 1596 illud
847 1541 912 1594 ⁸³.
956 1560 975 1593 ι

466 1652 629 1725 XXX.
673 1653 750 1706 Ab
785 1653 956 1708 Isaia.
997 1685 1065 1694 —
1093 1654 1334 1708 Iudaica:
1361 1655 1526 1723 gentis
1558 1656 1713 1708 ruina
1739 1697 1753 1717 ,
1793 1656 2028 1725 verbique

535 1724 651 1786 Dei,
672 1734 719 1796 et
753 1725 878 1794 legis
910 1741 1068 1796 nocte
1110 1726 1329 1796 ejusque
1371 1725 1556 1777 domus
1603 1727 1888 1796 divulgatio
1911 1724 1951 1786 ,⁷
1979 1737 2027 1778 τι

533 1795 744 1864 pietatis
777 1793 1005 1847 amnium
1038 1793 1268 1864 gentium
1295 1793 1604 1848 declaratio.

539 1989 558 2020 ο
601 1969 954 2040 Relinquetur
982 1971 1090 2025 lilia
1123 1971 1253 2026 Sion
1278 1972 1728 2028 utumbraculum
1764 1974 1814 2026 in
1849 1973 2022 2035 vinea,

465 2070 520 2115 et
544 2063 686 2116 sicut
716 2061 987 2118 fructuum
1019 2064 1268 2118 custodia
1317 2064 1371 2118 in
1417 2065 1796 2118 cucumerario
1821 2105 1836 2127 ,
1883 2064 2026 2119 sicut

466 2154 658 2211 civitas
718 2156 771 2209 in
819 2155 1102 2211 obsidione
1148 2157 1232 2223 ⁸⁵;
1276 2175 1295 2208 ι
1335 2172 1398 2210 ac
1429 2157 1686 2227 deinceps
1739 2154 2020 2226 adjungit:

463 2246 744 2312 Quomodo
774 2249 912 2302 facta
947 2257 1032 2303 est
1067 2248 1325 2304 meretrix
1352 2248 1545 2304 civitas
1568 2249 1739 2304 ﬁdelis
1770 2247 1936 2303 Sion?
1969 2248 2022 2302 in

462 2353 568 2406 qua
591 2339 803 2408 justitia
853 2355 1104 2395 somnum
1147 2342 1291 2410 cepit
1337 2341 1390 2395 in
1415 2354 1502 2406 ea,
1539 2356 1682 2395 nunc
1731 2347 1910 2396 autem
1941 2339 2025 2392 in-

463 2430 779 2487 terfectores
809 2432 874 2485 ⁸⁸.
924 2450 943 2483 ι
998 2431 1066 2484 Et
1117 2427 1184 2486 ad
1234 2433 1394 2488 haec:
1435 2451 1455 2484 ‹
1501 2431 1674 2487 Erunt
1704 2432 1849 2486 enim
1885 2431 2026 2486 sicut

463 2519 801 2575 lcrebiuthus
831 2521 1059 2590 ahjectis
1106 2520 1274 2586 foliis,
1307 2531 1360 2577 et
1399 2523 1542 2577 sicut
1595 2522 1786 2576 hortus
1829 2535 2024 2589 aquam

464 2624 572 2662 non
613 2609 841 2663 habens.
875 2606 940 2662 Et
977 2610 1080 2664 erit
1121 2608 1389 2664 fortitudo
1429 2625 1617 2665 eorum
1641 2651 1658 2676 ,
1715 2619 1773 2663 ut
1829 2609 2026 2679 stipula

464 2707 692 2769 stuppae,
735 2710 788 2754 et
819 2709 1058 2769 quaestus
1102 2715 1330 2764 eorum,
1375 2708 1434 2755 ut
1477 2701 1725 2756 scintillae
1763 2701 1944 2772 ignis;
1975 2708 2029 2755 et

465 2792 849 2847 comburenlur
880 2791 1086 2860 iniqui,
1135 2799 1190 2845 et
1241 2799 1554 2859 peccatores
1585 2792 1782 2854 simul,
1831 2799 1886 2847 et
1917 2808 2026 2846 non

464 2881 566 2936 erit
592 2883 685 2952 qui
707 2881 1016 2953 exstinguat
1043 2883 1110 2934 ⁸⁷.
1151 2901 1169 2934 ›
1198 2881 1293 2938 His
1310 2883 1562 2937 omnibus
1591 2883 1834 2954 adjungit
1858 2902 1871 2937 :
1911 2901 1926 2935 ι
1962 2883 2028 2937 Et

464 2975 565 3029 erit
591 2975 646 3028 in
678 2973 993 3029 novissimis
1021 2973 1213 3028 diebus
1243 2974 1564 3029 manifestus
1587 2990 1744 3029 mons
1775 2974 1986 3028 Domini
2008 3015 2024 3036 ,

463 3073 516 3120 et
543 3065 740 3120 domus
775 3063 864 3118 Dei
900 3066 955 3118 in
984 3065 1209 3119 summis
1233 3065 1516 3130 montium,
1542 3073 1594 3120 et
1619 3066 1908 3120 extolletur
1935 3082 2026 3121 su-

463 3169 558 3221 per
597 3154 783 3207 colles.
835 3151 902 3204 Et
946 3152 1163 3207 venient
1214 3152 1278 3206 ad
1310 3169 1432 3208 eum
1473 3169 1663 3210 omnes
1708 3163 1930 3225 gentes:
1972 3163 2026 3210 et

2202 603 2385 656 δαίων
2405 603 2638 666 ἔθνους,
2669 603 2765 654 καὶ
2787 593 2895 666 Itin:
2918 600 3064 652 κατὰ
3087 593 3190 650 τίν
3231 593 3485 660 Μωσέως
3516 598 3695 666 γόμον

2202 671 2542 740 σωματικῆς
2574 663 2768 740 αὐτῶν
2802 663 3123 736 θρησκείας
3160 666 3434 740 ἄρνησίς,
3468 663 3577 731 τῆς
3609 666 3702 719 διὸ

2199 735 2455 810 Χρὶστοῦ
2485 735 2630 794 πᾶσι
2661 739 2783 806 τοῖς
2823 735 3022 792 ἔθνεσι
3055 735 3492 803 παραδοθείσης
3523 751 3691 788 πνευ-

2200 811 2459 880 ματικῆς
2489 812 2787 876 λατρείας.

2206 925 2224 954 ι
2272 905 2384 956 Ούκ
2438 901 2550 954 ἔστι
2601 919 2702 971 μου
2752 900 2962 970 θέλημα
3021 899 3077 951 ὲν
3126 901 3272 967 ἡμῖν,
3322 895 3468 964 λέγει
3501 895 3702 966 Κύριος

2131 994 2551 1064 παντοκράτωρ,
2604 994 2696 1046 καὶ
2741 991 2930 1044 θυσίαν
2978 990 3038 1042 οὐ
3084 987 3449 1060 προσδέξομαι
3495 988 3558 1039 ἐκ
3596 987 3702 1039 τῶν

2130 1086 2326 1156 χειρῶν
2357 1083 2544 1155 ὑμῶν’
2585 1083 2718 1136 διότι
2764 1084 2857 1134 ἀπ’
2893 1079 3160 1133 ἀνατολῶν
3206 1079 3358 1148 ἡλίου
3399 1078 3492 1130 καὶ
3539 1078 3702 1149 μέχρι

2127 1176 2347 1247 δυσμῶν
2385 1176 2444 1226 τὸ
2476 1175 2645 1244 ὄνομά
2677 1191 2775 1244 μου
2805 1172 3111 1237 δεδόξασται
3149 1172 3206 1222 ὲν
3236 1172 3346 1232 τοῖς
3384 1168 3579 1230 ἔθνεσι,
3608 1170 3702 1222 καὶ

2129 1270 2187 1321 ὲν
2240 1269 2402 1320 παντὶ
2451 1268 2600 1336 τόπῳ
2658 1265 2907 1335 θυμίαμα
2965 1263 3296 1335 προσάγεται
3356 1261 3432 1332 τῷ
3480 1261 3702 1331 ὀνόματί

2133 1377 2254 1430 μου,
2283 1360 2376 1411 καὶ
2411 1357 2570 1420 θυσία
2605 1357 2820 1428 καθαρά
2843 1373 2855 1385 ·
2893 1355 3025 1407 διότι
3057 1353 3196 1424 μέγα
3228 1352 3287 1407 τὸ
3313 1351 3485 1424 ὄνομά
3514 1371 3614 1423 μου
3644 1355 3703 1406 ἐν

2129 1452 2236 1510 τοῖς
2281 1449 2474 1512 ἔθνεσι,
2524 1447 2673 1516 λέγει
2712 1446 2908 1518 Κύριος
2955 1445 3387 1518 παντοκράτωρ·
3444 1446 3602 1516 ὑμεῖς
3646 1446 3702 1501 δε

2131 1538 2421 1608 βεδηλοῦτε
2459 1539 2590 1592 αξιτό
2653 1560 2671 1588 θ

2127 1654 2205 1705 Λ’.
2261 1652 2390 1705 Ἀπὸ
2441 1653 2546 1705 τοῦ
2589 1653 2846 1706 Ἡσαΐου.
2876 1683 2942 1691 -
2981 1651 3090 1705 Τοῦ
3150 1651 3442 1704 Ἰουδαίων
3490 1651 3704 1716 ἔθνους

2198 1723 2532 1786 ἀπόπτωσις
2565 1722 2748 1790 λόγου
2791 1739 2856 1775 τε
2896 1722 3065 1784 Θεοῦ,
3113 1722 3210 1774 καὶ
3242 1723 3427 1791 νόμου
3470 1719 3699 1791 καινοῦ,

2197 1792 2366 1844 οἴκου
2421 1809 2483 1844 τε
2528 1789 2711 1845 αὑτοῦ
2759 1792 3124 1860 φανέρωσις,
3184 1790 3283 1844 καὶ
3314 1789 3463 1844 τῶν
3513 1789 3704 1844 ἐθνῶν

2059 1884 2100 1938 Β
2200 1861 2478 1914 ἁπάντων
2505 1863 2812 1927 εὐσεϐείας
2843 1862 3125 1928 δήλωσις.

2203 1971 2222 2004 ι
2258 1951 2842 2023 Ἐγκαταλειφθήσεται
2888 1954 2920 2022 ή
2955 1951 3204 2022 θυγάτηρ
3231 1949 3368 2004 Σιὼν
3407 1950 3482 2014 ὡς
3529 1950 3702 2022 σκηνὴ

2126 2045 2182 2096 ὲν
2215 2040 2514 2113 ἀμπελῶνι,
2563 2041 2656 2094 καὶ
2695 2042 2770 2104 ὠς
2801 2041 3241 2112 ὀπωροφυλάκιον
3275 2043 3332 2092 ὲν
3367 2040 3700 2111 σικυηράτῳ,

2123 2135 2198 2198 ῶς
2230 2133 2382 2196 πόλις
2411 2132 2862 2204 πολιορκουμένη.
2901 2153 2918 2184 ι
2951 2134 3059 2186 Καὶ
3101 2130 3229 2202 ἑξῆς
3263 2131 3532 2200 ἐπιλέγει·
3581 2132 3704 2197 Πῶς

2125 2224 2340 2293 ἐγένετο
2378 2223 2550 2294 πόρνη
2593 2222 2743 2286 πόλις
2793 2222 2956 2292 πιστὴ
3001 2221 3174 2287 Enim;
3216 2225 3274 2275 ὲν
3391 2221 3703 2293 δικαιοσύνη

2125 2316 2388 2386 ἐκοιμήθη
2421 2319 2477 2368 ὲν
2503 2317 2663 2385 αὐτῇ,
2696 2314 2788 2368 νῦν
2805 2315 2860 2368 δὲ
2878 2312 3142 2384 φονευταί.
3179 2335 3195 2365 ο
3216 2315 3326 2368 Καὶ
3357 2315 3447 2367 ἐπὶ
3474 2315 3701 2379 τούτοις·

2131 2423 2150 2456 ι
2176 2406 2426 2457 Ἔσονται
2451 2404 2558 2474 γάρ
2580 2404 2654 2466 ὼς
2677 2401 2984 2476 τερέϐινθος
3008 2403 3406 2472 ἀποϐεϐληκυῖα
3420 2405 3486 2457 τά
3510 2404 3700 2472 φύλλα,

2127 2496 2220 2547 καὶ
2249 2493 2324 2556 ὡς
2355 2494 2679 2564 παράδεισος
2703 2494 2845 2565 ὕδωρ
2872 2494 2946 2565 μὴ
2973 2494 3132 2563 ἔχων.
3167 2493 3276 2546 Καὶ
3305 2491 3457 2546 ἔσται
3490 2496 3523 2565 ἡ
3553 2496 3705 2565 ἰσχὺς

2128 2585 2306 2637 αὐτῶν
2343 2583 2417 2646 ὡς
2453 2585 2671 2654 καλάμη
2707 2586 2995 2647 στυππίου,
3037 2586 3128 2638 καὶ
3166 2585 3220 2638 αἱ
3251 2584 3500 2656 ἐργασίαι
3528 2587 3705 2639 αὐτῶν

2128 2675 2204 2739 ὡς
2242 2676 2534 2746 σπινθῆρες
2580 2677 2770 2748 π’.)ρὸς,
2804 2677 2898 2730 xui.
2949 2677 3454 2749 κατακαυθήσονται
3495 2680 3545 2730 οἱ
3583 2680 3704 2733 ἄνο-

2133 2785 2240 2837 μοι,
2268 2769 2361 2820 xui.
2389 2768 2437 2819 οἱ
2473 2767 2778 2838 ἁμαρτωλοὶ¹
2812 2768 2944 2837 ἅμα,
2966 2769 3057 2820 καὶ
3073 2769 3171 2820 ούκ
3197 2768 3348 2821 ἔσται
3372 2770 3400 2821 ό
3428 2768 3656 2822 σὸἑσων.
3677 2788 3696 2820 ι

2130 2860 2346 2922 Τούτοις
2385 2859 2585 2912 ἅπασιν
2630 2858 2898 2926 ἐπιλέγει·
2925 2877 2943 2908 ι
2973 2860 3080 2911 Καὶ
3111 2857 3262 2910 ἔσται
3292 2860 3349 2911 ἐν
3377 2862 3496 2922 ταῖς
3537 2860 3698 2928 ἐσχά-

2129 2967 2248 3013 ταις
2287 2949 2524 3020 ἡμέραις
2564 2946 2802 3018 ἐμφανὲς
2848 2947 2909 2998 τὸ
2956 2947 3079 3016 ὅρος
3110 2947 3337 3018 Κυρίου,
3367 2949 3460 3002 καὶ
3501 2950 3529 3001 ὁ
3557 2943 3704 3012 οἶκος

2129 3041 2220 3094 τοῦ
2273 3041 2406 3092 Θεοῦ
2450 3039 2536 3094 ἐπ’
2586 3039 2768 3110 ἄκρων
2819 3037 2925 3091 τῶν
2971 3039 3162 3110 ὀρέων,
3219 3039 3311 3092 καὶ
3359 3039 3703 3108 ὑψωθήσεται

2133 3133 2386 3204 ὑπεράνω
2431 3132 2538 3185 τῶν
2583 3131 2805 3201 βουνῶν.
2851 3132 2960 3184 Καὶ
2986 3131 3205 3201 ἥξουσιν
3241 3133 3325 3184 ἐπ’
3364 3132 3494 3184 αὐτὸ
3528 3132 3705 3186 πάντα

464 3245 624 3298 ibunt
649 3252 834 3313 gentes
866 3244 1046 3298 multze
1072 3251 1126 3298 et
1149 3244 1332 3299 dicent
1359 3265 1371 3298 :
1404 3243 1624 3310 Venite,
1670 3221 2030 3304 ascendamus

2133 3223 2200 3276 τὰ
2228 3224 2352 3294 ἔθνη
2373 3241 2386 3253 ·
2433 3224 2525 3277 καὶ
2557 3221 2913 3293 πορεύσονται
2956 3221 3082 3292 ἔθνη
3116 3221 3305 3283 πολλὰ,
3336 3223 3431 3276 καὶ
3452 3223 3700 3294 ἐροῦσιν·

466 3335 520 3388 in
567 3343 804 3388 montem
864 3333 1077 3388 Domini
1129 3345 1181 3389 et
1222 3335 1277 3388 in
1319 3336 1539 3391 domum
1575 3337 1670 3392 Del
1718 3337 1925 3394 Jacob:
1977 3349 2032 3394 et

465 3427 809 3482 annuntiabit
837 3426 997 3482 nobis
1030 3430 1171 3480 viam
1219 3444 1405 3492 suam,
1449 3439 1504 3484 et
1552 3431 1948 3488 ambulabimus
1976 3433 2031 3486 in

464 3535 548 3574 ea.
578 3518 716 3574 Nam
765 3521 831 3575 de
865 3520 996 3575 Sion
1029 3523 1194 3576 exibit
1223 3523 1330 3585 lex,
1361 3529 1414 3576 et
1449 3522 1673 3577 verbum
1726 3521 1936 3578 Domini
1965 3525 2032 3578 de

465 3609 762 3666 Jerusalem
792 3629 805 3666 :
837 3621 889 3668 et
915 3612 1183 3684 judicabit
1213 3614 1354 3668 inter
1384 3623 1571 3684 gentes
1597 3614 1661 3667 ⁸⁸.
1709 3633 1724 3664 ι

465 3808 653 3864 XXXI.
695 3811 773 3864 Ab
807 3812 1004 3868 eodem.
1033 3843 1103 3852 ——
1133 3811 1375 3866 Sublatio
1401 3812 1584 3881 gloria:
1605 3813 1784 3881 populi
1813 3812 2032 3865 ludam-

536 3897 673 3944 rum,
705 3894 754 3935 et
788 3886 1016 3951 gentium
1071 3882 1336 3936 conversio
1389 3900 1420 3934 a
1449 3883 1855 3936 simulacrorum
1888 3883 2032 3934 cultu

537 3952 587 4003 in
607 3952 770 4006 Deum
802 3955 1052 4010 universi.
1072 3963 1120 4005 et
1150 3951 1212 4005 de
1229 3951 1550 4007 desolatione
1567 3951 1916 4005 Iudaicarum
1940 3968 2022 4005 ur-

533 4021 698 4082 bium,
723 4032 772 4075 et
803 4022 866 4076 de
894 4022 1263 4076 incredulitate
1289 4038 1468 4076 eorum
1492 4037 1616 4093 erga
1653 4022 1837 4076 Deum.

542 4235 563 4267 ι
601 4215 724 4271 Haec
776 4217 908 4272 dicit
937 4216 1196 4274 Dominus
1230 4218 1466 4274 Sabaoth
1496 4239 1508 4273 :
1547 4219 1614 4273 E-t
1637 4220 1742 4276 erit
1765 4217 2034 4290 quemad-

2131 3316 2319 3380 Δεῦτε,
2350 3317 2443 3368 καὶ
2468 3315 2760 3384 ἀναδῶμεν
2788 3316 2869 3376 εἰς
2890 3314 2948 3366 τὸ
2975 3313 3097 3385 ὖρος
3122 3313 3212 3366 τοῦ
3246 3315 3472 3386 Κυρίου,
3508 3316 3599 3367 καὶ
3625 3318 3706 3379 εις

2133 3408 2224 3461 τὸν
2259 3405 2404 3462 οἷκον
2432 3407 2524 3460 τοῦ
2546 3407 2680 3460 Θεοῦ
2715 3406 2907 3460 Ἰακώϐ
2931 3424 2943 3436 ·
2986 3407 3080 3460 καὶ
3122 3409 3408 3476 ἀναγγελεῖ
3446 3409 3576 3478 ἡμῖν
3606 3409 3707 3479 τὴν

2133 3495 2250 3552 ὁδὸν
2301 3497 2502 3563 αὑτοῦ,
2556 3499 2649 3551 καὶ
2708 3498 3084 3568 πορευσόμεθα
3132 3500 3190 3551 ἐν
3233 3499 3390 3570 αὐτῇ.
3448 3500 3542 3552 Ἐκ
3598 3499 3708 3571 γὰρ

2134 3589 2270 3643 Σιὼν
2293 3589 2630 3653 ἐξελεύσεται
2665 3589 2847 3658 νόμος,
2881 3589 2974 3642 καὶ
3001 3588 3156 3656 λόγος
3176 3590 3380 3660 Κυρίου
3408 3590 3466 3656 ἐξ
3507 3591 3704 3662 Ἰερου-

2137 3677 2336 3752 σαλὴμ,
2367 3683 2458 3734 καὶ
2487 3683 2662 3752 κρινεῖ
2687 3679 2789 3734 ἀνά
2824 3681 2988 3750 μέσον
3010 3681 3116 3735 τῶν
3137 3681 3328 3734 ἐθνῶν.
3356 3701 3374 3733 ι

2133 3791 2256 3844 AA'.
2313 3794 2441 3844 Ἁστῦ
2495 3792 2599 3845 τοῦ
2639 3792 2844 3846 αὐτοῦ.
2876 3824 2944 3832 -
2970 3794 3321 3858 Καθαίρεσις
3367 3790 3479 3858 τῆς
3519 3791 3706 3858 δόξης

2204 3862 2309 3914 τοῦ
2353 3861 2655 3916 Ἰουδαίων
2679 3861 2855 3924 λαοῦ,
2891 3863 2988 3915 καὶ
3022 3863 3057 3928 ή
3087 3860 3205 3913 τῶν
3231 3860 3421 3915 ἐθνῶν
3444 3860 3561 3915 ἀπὸ
3595 3860 3707 3928 τῆς

2202 3931 2687 3998 εὶδωλολατρείας
2719 3931 3051 3999 ἐπιστροφὴ
3084 3931 3228 3998 πρὸς
3265 3932 3372 3984 τὸν
3397 3931 3514 3984 τῶν
3549 3930 3710 3983 ὅλων

2207 4001 2375 4062 Θεὸν,
2419 4001 2488 4054 τά
2519 4018 2580 4054 τε
2613 4004 2742 4069 περὶ
2785 4001 2895 4068 τῆς
2931 4003 3176 4070 ἐρημίας
3209 4000 3327 4054 τῶν
3363 3999 3708 4054 Ἰουδαϊκῶν

2204 4073 2457 4158 πολεων,
2503 4072 2598 4124 καὶ
2642 4073 2771 4140 περὶ
2805 4070 2918 4139 τῆς
2954 4075 3041 4136 εἰς
3083 4071 3190 4122 τὸν
3233 4070 3382 4124 Θεὸν
3422 4071 3709 4136 ἀπιστίας

2209 4159 2246 4193 α
2255 4159 2426 4194 υτων.

2211 4250 2230 4282 ι
2259 4231 2396 4284 Τάδε
2441 4231 2586 4299 λέγει
2633 4231 2834 4301 Κύριος
2860 4227 3118 4282 Σαϐαὼθ·
3167 4227 3262 4280 καὶ
3298 4226 3451 4280 ἔσται
3491 4227 3550 4280 ὃν
3587 4227 3710 4298 τρό-

469 4307 689 4362 modum
720 4309 766 4364 si
795 4310 919 4380 quis
945 4311 1165 4382 colligat
1194 4311 1396 4381 spicam
1421 4313 1473 4366 in
1491 4311 1738 4366 convalle
1763 4309 1957 4376 solida,
1980 4319 2030 4365 et

2136 4338 2236 4374 πον
2279 4323 2370 4376 ἐάν
2413 4340 2495 4385 τις
2537 4321 2814 4390 συναγάγῃ
2860 4320 3060 4388 στάχυν
3099 4319 3157 4370 ἐν
3201 4319 3446 4391 φάραγγι
3491 4318 3706 4388 στερεᾷ,

465 4398 652 4452 relicta
681 4399 735 4452 in
758 4413 821 4454 ea
853 4399 924 4453 sit
951 4401 1173 4470 stipula,
1203 4410 1298 4454 aut
1321 4409 1580 4472 tanquam
1609 4401 1656 4457 si
1683 4402 1864 4456 bacca:
1883 4401 2030 4456 oliva!

2137 4415 2232 4469 καὶ
2260 4413 2590 4483 καταλειφθῇ
2627 4415 2684 4464 ὲν
2714 4413 2850 4482 αὐτῇ
2879 4411 3122 4480 καλάμη,
3154 4410 3186 4481 ἦ
3220 4410 3294 4473 ὡς
3322 4410 3496 4482 ρῶγες
3525 4408 3710 4471 ἐλαίας

466 4485 590 4542 dua:
615 4490 698 4544 vel
734 4497 845 4545 tres
873 4493 928 4546 in
963 4507 1178 4547 summo
1207 4492 1543 4559 sublimium,
1576 4495 1662 4549 vel
1694 4504 1929 4565 quatuor
1951 4495 2030 4548 vel

2137 4506 2230 4560 δύο
2277 4505 2309 4574 ἢ
2354 4508 2502 4576 τρεῖς
2554 4504 2639 4555 ἐπ’
2685 4505 2856 4574 ἄκρου
2917 4501 3244 4573 μετεώρων,
3293 4501 3326 4568 ἦ
3374 4501 3633 4570 τέσσαρες
3673 4498 3713 4570 ἤ

467 4579 710 4649 quinque
743 4582 797 4636 in
832 4584 998 4639 ramis
1036 4599 1224 4639 eorum
1256 4587 1458 4641 relictae
1487 4587 1709 4642 fuerint.
1744 4586 1868 4641 Hac
1901 4587 2030 4642 dicit

2137 4597 2300 4650 πέντε
2339 4593 2431 4647 ἐπὶ
2462 4594 2570 4647 τῶν
2609 4594 2815 4648 κλάδων
2866 4593 3044 4647 αὐτῶν
3100 4590 3522 4660 καταλειφθῶσι.
3570 4590 3706 4644 Τάδε

471 4677 735 4734 Dominus
772 4679 911 4734 Deus
939 4678 1106 4736 Israel
1135 4701 1148 4735 :
1181 4679 1276 4736 Die
1316 4681 1406 4736 illa
1437 4681 1716 4738 conlidens
1747 4683 1852 4738 erit
1875 4683 2030 4737 homo

2135 4687 2284 4756 λέγει
2330 4687 2532 4757 Κύριος
2579 4689 2606 4739 ὀ
2629 4686 2758 4749 Θεὸς
2785 4685 2878 4738 τοῦ
2922 4684 3155 4756 Ἰσραήλο
3187 4685 3264 4754 Τῇ
3303 4684 3486 4754 ἡμέρᾳ
3525 4682 3708 4754 ἐκείνῃ

471 4773 526 4824 in
554 4785 640 4831 eo.
665 4771 755 4839 qui
787 4769 891 4840 57
915 4769 1042 4824 fecit
1073 4772 1282 4840 ipsum;
1312 4773 1455 4826 oculi
1477 4782 1654 4828 autem
1676 4772 1794 4842 ejus
1821 4772 1888 4828 ad
1910 4789 2036 4829 san-

469 4867 616 4911 ctum
641 4857 802 4913 Israel
829 4859 1138 4928 respicient,
1167 4868 1220 4913 et
1243 4875 1350 4914 non
1375 4861 1648 4916 conﬁdent
1671 4863 1725 4916 in
1751 4862 2036 4924 altaribus,

470 4965 648 5020 neque
695 4953 751 5005 in
778 4951 1032 5020 operibus
1062 4967 1318 5006 manuum
1357 4969 1599 5017 suarum,
1622 4970 1742 5024 quae
1794 4954 2042 5010 fecerunt

470 5043 621 5114 digiti
645 5047 888 5116 ipsorum
921 5067 932 5102 :
965 5062 1140 5117 neque
1173 5048 1440 5116 aspicient
1476 5049 1646 5118 ligna,
1678 5059 1730 5104 et
1759 5050 2032 5104 abomina—

473 5137 650 5190 tiones
672 5152 800 5191 suas
849 5138 936 5192 die
981 5139 1092 5192 illa.
1157 5137 1331 5192 Erunt
1380 5139 1630 5194 civitates
1659 5148 1764 5194 tuae
1793 5140 1998 5196 relictae
2023 5181 2036 5202 ,

469 5227 926 5295 quemadmodum
975 5228 1293 5284 defecerunt
1321 5229 1620 5284 Amorrhzei
1649 5239 1702 5285 et
1733 5230 1872 5285 Evaei
1903 5246 1932 5284 a
1961 5229 2041 5284 fa-

470 5317 554 5370 cie
582 5318 816 5372 ﬁliorum
849 5321 1032 5383 Israel,
1065 5331 1117 5376 et
1165 5330 1328 5376 erunt
1359 5322 1570 5378 deserta
1603 5341 1615 5375 :
1659 5323 1916 5392 quoniam
1949 5322 2043 5376 de-

473 5411 703 5482 seruisti,
726 5409 894 5466 Deum
925 5413 1259 5470 Salvatorem
1291 5423 1466 5478 tuum,
1493 5422 1547 5470 et
1593 5414 1803 5468 Domini
1839 5413 1930 5468 Dei
1961 5415 2039 5468 tui

473 5515 578 5552 non
611 5503 927 5559 recordatus
957 5520 1038 5558 es.
1083 5505 1374 5576 Propterea
1429 5507 1700 5576 plantabis
1751 5505 2044 5576 plantatio-

474 5607 594 5644 ncm
636 5592 906 5648 infidelem
935 5615 946 5648 :
984 5611 1307 5668 quacunque
1340 5608 1520 5653 autem
1555 5601 1642 5654 die
1671 5599 2000 5668 plantaveris
2024 5636 2038 5660 ,

469 5683 760 5751 decipieris
796 5686 860 5736 θ’.
905 5706 923 5737 ι

473 5791 646 5844 τευμα
677 5777 902 5830 ἄπιστον
949 5797 960 5808 ·
1021 5785 1084 5851 τῇ
1112 5783 1168 5834 δὲ
1201 5784 1380 5855 ἡμέρα
1502 5783 1565 5838 ἂν
1598 5783 1868 5856 φυτεύσῃς

547 5893 596 5926 ⁸⁸
627 5894 854 5950 Μείιίιρῠ.
887 5921 922 5962 ι,
962 5899 1146 5964 10,Η.
1225 5901 1467 5965 “15ml,
1501 5903 1532 5956 8
1631 5902 1675 5934 ⁸⁸
1706 5904 1836 5958 ibid.
1876 5905 1963 5956 2i.

2141 4775 2414 4842 πεποιθὼς
2441 4778 2590 4831 ἔσται
2617 4779 2645 4830 ὁ
2676 4777 2958 4848 ἄνθρωπος
2984 4777 3076 4828 ἐπὶ
3103 4775 3180 4846 τῷ
3212 4775 3492 4846 ποιήσαντι
3526 4774 3704 4827 αὐτόν·

2141 4875 2190 4926 οἱ
2229 4871 2284 4924 δὲ
2321 4871 2588 4940 ὀφθαλμοὶ
2619 4869 2783 4922 αὐτοῦ
2824 4870 2904 4932 είς
2945 4869 3035 4923 τὸν
3075 4868 3228 4936 ἆγιον
3263 4867 3476 4940 Ἰσραὴλ
3509 4866 3712 4938 ΐμελέο

2141 4964 2330 5034 ψονται
2349 4979 2362 4993 ⁶
2397 4963 2490 5017 καὶ
2523 4963 2582 5015 ού
2604 4961 2678 5033 μὴ
2709 4960 3025 5023 πεποιθότες
3058 4954 3190 5014 ὦσιν
3221 4961 3314 5012 ἐπὶ
3342 4962 3454 5022 τοῖς
3486 4959 3716 5030 βωμοῖς,

2143 5053 2262 5108 οὔτε
2299 5056 2390 5108 ἐπὶ
2416 5055 2530 5116 τοῖς
2568 5053 2748 5124 ἔργοις
2781 5052 2889 5105 τῶν
2921 5051 3118 5123 χειρῶν
3151 5051 3350 5116 αὐτῶν,
3386 5051 3422 5105 ἃ
3451 5049 3710 5121 ἐποίησαν

2142 5148 2190 5198 οἱ
2210 5145 2457 5200 δάκτυλοι
2488 5143 2666 5196 αὐτῶν
2685 5160 2698 5172 ·
2731 5143 2826 5196 καὶ
2868 5144 2968 5196 οὐκ
2999 5144 3215 5211 ὄψονται
3245 5145 3310 5197 τὰ
3337 5144 3552 5212 δένδρα,
3585 5141 3709 5196 οὔτε

2143 5237 2210 5290 τά
2253 5237 2597 5307 βδελύγματα
2641 5234 2818 5288 αὐτῶν
2980 5236 3161 5308 ἡμέρα
3210 5238 3412 5306 ἐκείνῃ.
3461 5237 3710 5288 Ἔσονται

2144 5329 2201 5380 αἱ
2223 5328 2406 5392 πόλεις
2443 5345 2534 5380 σου
2565 5325 3138 5396 ὲγκαταλελειμμέναι,
3169 5328 3226 5380 ὃν
3255 5327 3451 5398 τρόπον
3485 5326 3711 5394 ἐγκατέ-

2145 5419 2298 5472 λιπον
2343 5420 2393 5472 οἱ
2442 5419 2756 5490 Ἀμορραῖοι
2810 5418 2904 5470 καὶ
2943 5418 2991 5470 οἱ
3043 5419 3221 5471 Εύαῖοι
3267 5416 3372 5470 άπὸ
3421 5415 3712 5487 προσώπου

2147 5510 2254 5563 τῶν
2288 5509 2419 5562 υἱῶν
2454 5509 2701 5580 Ἰσραήλ·
2738 5509 2828 5561 καὶ
2882 5509 3090 5562 ἔσονται
3119 5508 3314 5579 ἔρημοι
3345 5507 3474 5560 διότι
3520 5507 3717 5575 ἐγκατ-

2149 5599 2333 5663 έλιπες
2365 5601 2454 5652 τὸν
2487 5600 2617 5652 Θεὸν
2668 5599 2760 5653 τὸν
2799 5600 3020 5671 σωτῆρά
3060 5616 3184 5653 σου,
3240 5598 3334 5650 καὶ
3370 5596 3574 5668 Κυρίου
3618 5596 3714 5650 τοῦ

2149 5691 2282 5744 Θεοῦ
2336 5708 2429 5748 σου
2469 5690 2569 5744 οὐκ
2607 5691 2905 5762 ἐμνήσθης.
2953 5688 3052 5742 Διὰ
3089 5686 3246 5741 τοῦτο
3285 5689 3568 5756 φυτεύσεις
3613 5683 3712 5756 φύ-

1920 5783 2162 5856 πλανηθή
2173 5799 2259 5858 σῃ.
2299 5802 2317 5834 ι

2040 5905 2082 5935 ⁸⁷
2113 5904 2242 5960 ibi-'.

2277 5905 2364 5960 51.
2442 5902 2615 5958 “lsa.
2648 5917 2708 5968 ιι,
2736 5900 2852 5956 24.
2949 5900 2995 5932 ⁸¹
3030 5899 3131 5955 lsa.
3159 5912 3293 5963 xv",
3327 5894 3475 5952 5-10.
