4106 6472
420 381 521 437 H7

1322 369 1965 430 DEMONSTBATIONIS
2001 367 2456 425 EVANGELICAS
2493 365 2619 422 LIB.
2660 365 2725 420 Il.

3535 360 3634 415 H8

425 501 546 557 AB'.
618 498 725 553 Τοῦ
773 495 977 551 αὑτοῦ.
1013 526 1080 538 --
1105 495 1373 561 Δήλωσις
1416 493 1809 560 καθαιρέσεως
1857 493 1978 546 τῶν

2097 488 2291 543 ιχχιῐ.
2320 487 2394 561 Al;
2423 489 2621 541 eodem.
2652 482 3008 561 —-_E:cposi_to_
3049 479 3326 561 eversionis
3375 476 3636 561 Jgdaica-

503 566 834 624 Ἰουδαϊκῶν
848 569 1084 620 πόλεων
1098 566 1193 619 καὶ
1216 564 1324 634 τῆς
1340 565 1455 618 τῶν
1468 563 1656 618 ἐθνῶν
1668 563 1816 617 κατὰ
1832 564 1979 616 Θεὸν

490 640 884 706 εὐφροσύνης.

499 749 697 819 «Κύριε
712 751 740 801 ὁ
755 748 882 809 Θεὸς
901 764 1023 817 μου,
1041 745 1245 811 δοξάσω
1267 761 1346 808 σε,
1365 744 1589 814 ὑμνήσω
1609 744 1670 796 τὸ
1684 742 1850 813 ὄνομά
1866 756 1979 803 σου,

424 842 503 895 ὅτι
547 841 803 909 ἐποίησας
842 838 1126 908 θαυμαστὰ
1149 837 1467 908 πράγματα,
1520 835 1710 904 βουλὴν
1732 832 1982 904 ἀρχαίαν,

430 932 704 1001 ἀληθινήν.
726 930 761 981 Γ
765 929 955 990 ένοιτο,
982 928 1173 998 Κύριε,
1201 926 1497 995 ὅτιέθηκας
1510 924 1689 985 πόλεις
1715 925 1791 987 είς
1804 921 1984 991 χῶμα,

426 1021 604 1082 πόλεις
630 1020 725 1088 όχυ
734 1019 850 1090 ρας,
884 1017 975 1071 τοῦ
998 1020 1179 1070 πεσεῖν
1198 1017 1373 1072 αὐτῶν
1388 1017 1456 1069 τὰ
1473 1014 1710 1086 θεμέλια.
1730 1013 1848 1066 Τῶν
1861 1014 1986 1065 ἀσε-

425 1110 534 1163 ϐῶν
563 1109 712 1172 πόλις
735 1112 812 1173 εἰς
849 1109 938 1162 τὸν
969 1108 1141 1162 αίῶνα
1162 1111 1221 1160 οὺ
1253 1107 1328 1178 μὴ
1352 1104 1672 1176 οἰκοδομηθῇ
1692 1121 1704 1134 ’
1723 1103 1809 1156 διὰ
1834 1101 1989 1156 τοῦτο

428 1200 773 1272 εὐλογήσουσί
825 1217 903 1253 σε.
975 1200 1188 1267 Ἐγένου
1225 1201 1331 1271 γὰρ
1395 1201 1541 1269 πάσῃ
1582 1198 1731 1251 πόλει
1765 1198 1988 1267 ταπεινῇ

429 1292 636 1363 βοηθὸς,
666 1294 757 1345 καὶ
812 1296 921 1356 τοῖς
977 1291 1288 1363 ἀθυμήσασι
1320 1292 1385 1345 δι’
1419 1291 1620 1343 ἔνδειαν
1653 1288 1839 1357 σκέπη.
1882 1287 1991 1339 Καὶ

428 1382 638 1450 ποιήσει
668 1381 866 1452 Κύριος
895 1380 1119 1434 Σαϐαὼθ
1150 1383 1280 1434 πᾶσι
1310 1384 1420 1445 τοῖς
1452 1380 1656 1433 ἔθνεσιν
1677 1378 1768 1429 ἐπὶ
1788 1376 1850 1429 τὸ
1872 1376 1992 1445 ὅρος

423 1469 599 1535 τοῦτο,
631 1471 838 1524 πίονται
875 1471 1232 1542 εὐεροσύνην,
1279 1471 1489 1526 πίονται
1530 1467 1691 1532 οἶνον,
1720 1469 1993 1539 χρίσονται

433 1562 599 1635 μύρον
628 1564 685 1615 ἐν
709 1562 788 1632 τῷ
812 1562 929 1635 ὄρει
956 1562 1145 1633 τούτῳ.
1199 1563 1444 1634 [παράδος
1470 1561 1643 1617 ταῦτα
1674 1560 1849 1614 πάντα
1885 1558 1994 1619 τοῖς

427 1654 631 1708 ἔθνεσιν
649 1671 664 1686 ·
685 1658 717 1723 ή
746 1654 855 1727 γὰρ
889 1654 1049 1726 βουλὴ
1078 1654 1213 1725 αὕτη
1246 1656 1338 1707 ἐπὶ
1369 1655 1542 1709 πάντα
1581 1654 1647 1708 τὰ
1675 1652 1799 1723 ἐθνη
1820 1670 1833 1683 ·
1863 1669 1997 1707 κατ·

429 1746 627 1800 ἐπιενὸ
654 1746 878 1810 θάνατος
924 1746 1165 1816 ἰσχύσας.
1209 1747 1357 1799 »Καὶ
1387 1745 1576 1799 πάλιν·
1621 1763 1639 1796 ‹
1686 1744 1924 1813 Ἀφεῖλεν
1968 1744 1996 1795 ὁ

2130 576 2247 611 rum
2272 558 2499 624 urbium,
2532 565 2579 610 et
2599 547 3053 625 gentium'lwtitiw
3083 548 3363 604 secundum
3396 547 3580 601 Deum.

2157 758 2175 787 ε
2218 734 2438 789 Domine
2465 732 2607 788 Deus
2640 746 2814 793 meus,
2839 727 3150 800 gloriﬁcabo
3181 734 3251 786 te.
3285 723 3516 779 laudabo
3546 738 3645 777 no-

2083 844 2204 882 men
2236 838 2406 893 tuum,
2440 825 2694 895 quoniam
2722 822 2897 877 fecisti
2913 836 3000 875 res
3029 820 3322 881 mirabiles,
3351 815 3638 871 consilium

2085 921 2387 989 antiquum,
2411 932 2620 971 verum.
2653 914 2793 981 Fiat,
2834 913 3077 979 Domine,
3113 910 3369 981 quoniam
3410 906 3641 978 posuisti

2086 1012 2335 1066 civitates
2377 1009 2431 1063 in
2464 1008 2755 1069 tumulum,
2785 1006 3030 1060 civitates
3072 1002 3330 1062 munitas,
3358 1008 3418 1054 ut
3449 998 3643 1053 cadent

2087 1117 2271 1156 earum
2304 1099 2670 1154 fundamenta.
2719 1096 3009 1165 Impiorum
3065 1095 3254 1148 civitas
3297 1092 3349 1145 in
3381 1097 3642 1144 aeternum

2089 1209 2196 1247 non
2227 1190 2582 1248 aedificabitur
2616 1207 2629 1243 :
2665 1195 2949 1258 pr0plerea
2982 1185 3265 1241 benedicet
3289 1183 3382 1236 tibi
3410 1180 3641 1251 populus

2091 1290 2267 1357 inops,
2296 1293 2350 1341 et
2377 1285 2623 1340 civitates
2654 1280 2936 1335 hominum
2974 1278 3203 1347 injurias
3230 1276 3514 1329 ferentium
3548 1273 3645 1327 be-

2093 1378 2343 1433 nedicent
2365 1375 2482 1431 tibi.
2511 1370 2713 1426 Factus
2743 1371 2886 1425 enim
2923 1384 2983 1423 es
3026 1368 3171 1421 omni
3206 1366 3408 1420 civitati
3453 1362 3644 1418 humili

2094 1465 2327 1533 adjutor,
2361 1470 2415 1517 et
2453 1475 2687 1524 mqerore
2739 1457 2946 1512 affectis
2997 1465 3217 1526 propter
3271 1454 3643 1524 indigentiam,

2094 1552 2358 1623 protectio
2389 1558 2478 1606 :et
2506 1550 2664 1604 faciet
2693 1547 2952 1602 Dominus
2976 1545 3211 1600 Sabaoth
3243 1545 3494 1600 omnibus
3514 1560 3646 1614 gen-

2095 1647 2242 1700 tibus
2272 1644 2327 1697 in
2356 1651 2534 1698 monte
2562 1642 2685 1704 hoc,
2717 1641 2901 1696 bibent
2935 1640 3193 1701 laetitiam,
3224 1639 3411 1693 bibent
3439 1638 3643 1700 vinum,

2100 1742 2370 1807 ungentur
2397 1740 2672 1802 unguento
2701 1731 2755 1784 in
2795 1740 2977 1786 monte
2999 1731 3122 1784 hoc.
3179 1727 3356 1784 Trade
3392 1728 3505 1783 haec
3531 1743 3648 1782 om~

427 1834 559 1899 Θεὸς
599 1837 705 1888 πᾶν
726 1835 956 1906 δάκρυον
983 1834 1090 1888 ἀπὸ
1125 1834 1323 1897 παντὸς
1354 1832 1666 1904 προσώπου,
1697 1832 1755 1886 τὸ
1785 1830 1982 1892 ὄνειδος

2097 1826 2174 1881 aia
2198 1822 2471 1895 gentibus,
2507 1820 2797 1875 consilium
2829 1819 2974 1874 enim
3000 1818 3102 1872 hoc
3129 1818 3183 1872 in
3212 1833 3404 1873 omnes
3425 1826 3644 1887 gentes:

429 1924 523 1978 τοῦ
555 1926 684 1980 λαοῦ
715 1927 927 1995 ἀφεῖλεν
953 1928 981 1980 ὀ
1014 1926 1145 1990 Θεὸς
1178 1927 1285 1980 ἀπὸ
1312 1927 1490 1997 πάσης
1512 1926 1610 1997 τῆς
1632 1925 1753 1995 γῆς.
1778 1924 1850 1976 Τὸ
1876 1922 1985 1993 γὰρ

410 2017 604 2087 ιστόμα
629 2017 833 2088 Κυρίου
850 2017 1075 2088 ἐλάλησε
1101 2015 1289 2072 ταῦτα.
1305 2034 1324 2067 ι

433 2299 551 2370 ΔΓν.
595 2299 703 2354 Τοῦ
724 2301 930 2357 αὐτοῦ.
961 2329 1030 2370 τ-
1072 2299 1320 2370 Ἀγαθῶν
1345 2299 1668 2370 ἐπαγγελία
1697 2294 1771 2370 τῇ
1808 2294 1990 2370 acuat

400 2422 417 2431 ς
500 2369 694 2491 ἐρήμῳ
733 2370 802 2432 ἐξ
849 2368 1039 2423 ἐθνῶν
1084 2364 1422 2435 Ἐκκλησία,
1460 2364 1566 2421 τοῦ
1586 2384 1654 2446 fe
1702 2364 1993 2443 Ἰουδαίων

537 2443 714 2492 θνουρ
748 2440 1086 2492 ἀπόγνωσις
1122 2438 1222 2491 καὶ
1260 2439 1508 2492 ἐλενγορ
1540 2455 1657 2489 των
1699 2436 1993 2492 ἁμαρτιῶν

570 2455 714 2507 νους
748 2449 1086 2507 ἀπόγνωσις
1122 2449 1222 2507 καὶ
1260 2449 1508 2507 ἐλεγχος
1540 2455 1657 2507 τῶν
1699 2449 1993 2503 αμαρτιῶν

503 2506 717 2570 αὐτῶν,
742 2508 837 2560 καὶ
860 2505 1095 2560 πάντων
1119 2506 1236 2560 τῶν
1263 2505 1451 2560 ἐθνῶν
1477 2505 1713 2573 κλῆσις.

510 2635 529 2666 ι
558 2616 648 2685 Μὴ
670 2617 1028 2685 μνημονεύετε
1047 2617 1114 2669 τὰ
1136 2617 1345 2688 πρῶτα,
1375 2618 1468 2670 καὶ
1487 2618 1552 2670 τὰ
1571 2620 1766 2690 ἀρχαῖα
1787 2621 1859 2692 μὴ
1884 2623 1995 2675 συλ-

433 2703 706 2771 λογίζεσθε
727 2721 738 2733 ·
770 2705 850 2756 ὅτι
874 2705 979 2758 ἰδοὺ
1006 2704 1116 2773 ἐγὼ
1131 2706 1269 2757 ποιῶ
1291 2705 1450 2759 καινὰ
1464 2705 1499 2759 ἆ
1514 2707 1607 2760 νῦν
1623 2709 1883 2773 ἀνατελεῖ,
1901 2710 1995 2762 καὶ

432 2790 702 2859 γνώσεσθε
720 2791 860 2844 αὐτά
878 2809 890 2820 ·
912 2793 1004 2845 καὶ
1035 2793 1245 2863 ποιήσω
1269 2794 1326 2845 ὲν
1355 2796 1419 2863 τῇ
1451 2794 1638 2865 ἐρήμῳ
1663 2795 1797 2862 ὁδὸν,
1828 2798 1920 2850 καὶ
1937 2799 1993 2849 ἐν

431 2884 498 2951 τῇ
527 2881 736 2952 ἀνύδρῳ
756 2882 1046 2953 ποταμούς.
1075 2884 1183 2936 Καὶ
1212 2884 1490 2954 εὐλογήσει
1520 2903 1584 2955 με
1614 2886 1680 2938 τὰ
1705 2886 1868 2958 θηρία
1898 2889 1990 2941 τοῦ

432 2971 623 3043 ἀγροῦ,
657 2973 902 3044 σειρῆνες
934 2974 1026 3026 καὶ
1051 2973 1345 3043 θυγατέρες
1373 2973 1670 3043 στρουθῶν·
1709 2977 1790 3029 ὅτι
1823 2976 1995 3048 ἔδωκα

435 3063 572 3131 ἐντῇ
604 3062 792 3132 ἐρήμῳ
826 3060 968 3132 ὕδωρ
994 3062 1206 3114 ποτίσαι
1233 3063 1293 3114 τὸ
1313 3064 1466 3130 γένος
1503 3080 1601 3133 μου
1632 3064 1691 3116 τὸ
1721 3064 1991 3129 ἐκλεκτὸν,

2088 1914 2365 1972 devoravit
2420 1927 2567 1967 mors
2594 1910 2931 1964 invalescens
2959 1909 3062 1963 θ’».
3106 1908 3172 1962 Ει
3215 1923 3407 1963 rursus
3437 1926 3451 1962 :
3483 1905 3650 1962 «Abs-

2086 2006 2212 2065 tulit
2269 2004 2414 2076 Deus
2462 2016 2678 2057 omnem
2730 2000 3028 2071 lacrymam
3058 1999 3125 2053 ab
3156 1999 3307 2052 omni
3339 1996 3498 2061 facie,
3526 2011 3652 2067 pro-

2088 2100 2246 2155 brum
2301 2093 2486 2165 papuli
2513 2090 2737 2147 abstulit
2767 2089 2911 2144 Deus
2934 2090 3004 2144 ab
3025 2089 3172 2145 omni
3204 2095 3370 2143 terra.
3410 2085 3485 2143 0s
3506 2088 3650 2143 enim

2091 2184 2301 2241 Domini
2324 2183 2563 2237 locutum
2587 2189 2673 2235 est
2702 2179 2817 2234 haec
2846 2178 2948 2231 ".r

2090 2291 2326 2349 XXXIII.
2362 2290 2439 2344 Ab
2477 2289 2674 2345 eodem.
2706 2318 2775 2328 —-
2800 2287 3067 2341 Bonorum
3127 2286 3401 2354 promissio
3429 2284 3497 2338 ad
3526 2284 3652 2339 olim

2162 2363 2421 2418 desertam
2450 2378 2482 2413 a
2500 2358 2739 2430 gentibus
2774 2356 3087 2430 Ecclesium,
3135 2364 3187 2409 et
3216 2354 3454 2409 Iudaicae
3486 2357 3651 2424 gentis

2163 2431 2476 2501 desperatio,
2497 2427 2545 2483 et
2569 2427 2866 2501 redargutio
2881 2435 3212 2495 peccatorum
3237 2439 3435 2488 eorum,
3466 2432 3514 2478 et
3547 2440 3654 2477 om-

2163 2500 2307 2557 nium
2333 2501 2564 2572 gentium
2591 2500 2811 2553 uacatio.

2174 2632 2192 2665 ι
2232 2615 2312 2670 Ne
2342 2611 2708 2668 recordamini
2766 2608 2964 2680 prima,
2992 2616 3046 2663 et
3080 2608 3300 2676 antiqua
3334 2622 3399 2662 ne
3440 2620 3655 2675 compu‘

2099 2710 2209 2759 tate
2237 2721 2251 2757 :
2288 2702 2541 2772 quoniam
2568 2715 2694 2755 ecce
2719 2714 2818 2768 ego
2836 2698 2972 2752 facio
3002 2712 3161 2763 nova,
3182 2712 3302 2766 qua:
3328 2712 3470 2751 nunc
3482 2697 3655 2752 orien-

2103 2800 2213 2856 tur,
2249 2800 2302 2846 et
2340 2789 2683 2861 cognoscetis
2709 2803 2772 2843 ea
2822 2802 2836 2839 :
2873 2798 2926 2843 et
2958 2786 3151 2841 faciam
3188 2787 3241 2839 in
3271 2787 3485 2842 deserto
3512 2786 3654 2841 viam

2101 2893 2155 2938 et
2183 2884 2275 2938 ubi
2308 2898 2416 2936 non
2446 2891 2529 2937 est
2579 2895 2738 2950 aqua,
2800 2877 3025 2932 fluvios:
3061 2885 3113 2932 et
3141 2877 3460 2931 benedicent
3512 2876 3647 2932 mili

2098 2974 2287 3030 bestiae
2325 2974 2473 3043 agri,
2520 2972 2728 3027 sirenes
2768 2977 2822 3025 et
2852 2969 2975 3023 filiae
3013 2984 3293 3039 passerum
3326 2987 3340 3021 :
3395 2969 3653 3038 quoniam

2099 3065 2220 3120 dedi
2250 3066 2304 3119 in
2338 3067 2551 3119 deserto
2575 3077 2792 3132 aquam,
2826 3069 2885 3115 ut
2913 3069 3097 3131 potum
3120 3061 3304 3114 darem
3338 3060 3517 3130 generi
3535 3074 3657 3113 meo

432 3153 558 3206 λαόν
594 3171 693 3223 μου
744 3152 803 3205 ὃν
860 3154 1360 3225 περιεποιησάμηνο
1401 3153 1501 3217 τὰς
1547 3155 1744 3226 ἀρετάς
1784 3173 1884 3226 μου
1925 3155 1995 3209 δι-

2101 3157 2294 3220 electo,
2328 3155 2527 3225 populo
2547 3168 2686 3218 meo,
2723 3168 2882 3222 quem
2907 3151 3208 3222 acquisivi:
3241 3151 3466 3205 virtutes
3503 3164 3654 3204 meas

436 3243 677 3314 ηγεῖσθε.
715 3245 787 3296 Οὐ
812 3245 903 3296 νῦν
932 3244 1162 3305 ἐκάλεσά
1182 3261 1239 3297 σε
1265 3245 1476 3306 Ἰακὼϐ,
1508 3246 1626 3299 οὐδὲ
1659 3249 1910 3300 κοπιάσαι
1938 3265 1996 3300 σε

435 3335 667 3404 ἐποίησα
707 3335 941 3406 Ἰσραήλ.
975 3337 1088 3389 Οὐκ
1116 3337 1351 3406 ’ήνεγκάς
1379 3354 1467 3406 μοι
1493 3324 1741 3408 πρόϐατα
1766 3338 1864 3407 τῆς
1883 3339 1999 3391 ὁλο-

436 3427 773 3499 καρπώσεώς
811 3445 925 3490 σου,
976 3428 1095 3481 οὐδὲ
1143 3430 1199 3482 ἐν
1231 3432 1347 3492 ταῖς
1394 3429 1603 3492 θυσίαις
1631 3448 1722 3483 σου
1748 3429 1999 3495 ἐδόξασάς

440 3534 537 3589 με’
565 3518 663 3570 οὑκ
715 3516 1028 3580 ἐδούλευσάς
1061 3535 1148 3588 μοι
1204 3520 1261 3570 ἐν
1286 3517 1492 3588 δώροις,
1524 3519 1645 3572 οὐδὲ
1683 3519 1910 3587 ἔγκοπόν
1939 3537 1997 3573 σε

433 3606 667 3677 ἐποίησα
723 3608 778 3659 ἐν
831 3605 1051 3676 λιϐάνῳ,
1082 3605 1202 3658 οὐδὲ
1234 3608 1448 3678 ἐκτήσω
1494 3626 1583 3678 μοι
1616 3609 1876 3680 ἀργυρίου
1908 3592 2000 3661 θυ-

442 3696 639 3767 μίαμα,
664 3695 781 3746 οὐδὲ
827 3694 988 3764 στέαρ
1022 3694 1129 3747 τῶν
1160 3693 1358 3747 θυσιῶν
1388 3712 1480 3748 σου
1510 3695 1849 3766 ἐπεθύμησα,
1883 3695 1998 3749 ἀλλ’

436 3790 495 3841 ἐν
525 3789 640 3849 ταῖς
667 3772 955 3858 ἁμαρτίαις
990 3803 1083 3839 σου
1121 3787 1214 3839 καὶ
1244 3788 1300 3839 ἐν
1322 3788 1439 3850 ταῖς
1476 3786 1709 3850 ἀδικίαις
1744 3803 1835 3839 σου
1869 3804 2000 3858 προο

440 3881 601 3950 ἐστην
635 3896 747 3934 σου.
774 3898 791 3930 ι
828 3881 935 3931 Καὶ
963 3879 1146 3940 ἐντοῖς
1185 3876 1312 3946 ἑξῆς
1338 3894 1499 3947 φησιν
1519 3894 1531 3906 ·
1556 3896 1573 3926 ι
1597 3878 1995 3948 Ἐπιστράφητε

435 3971 574 4041 πρὸς
621 3970 707 4040 μὲ,
755 3970 850 4023 καὶ
904 3968 1209 4039 σωθήσεσθε
1240 3971 1287 4020 oi
1330 3969 1422 4019 ἀπ’
1469 3967 1694 4037 ἐσχάτου
1736 3968 1835 4037 τῆς
1875 3968 1995 4038 γῆς.

449 4060 588 4131 Ἐγώ
611 4062 748 4130 εἰμι,
779 4061 870 4113 καὶ
886 4061 984 4113 οὐκ
1006 4059 1151 4112 ἐστιν
1176 4059 1331 4122 ἄλλος
1353 4074 1365 4088 ⁸
1392 4059 1509 4110 κατ’
1544 4057 1777 4128 ἐμαυτοῦ
1794 4058 1996 4129 ὀμνύω,

434 4148 472 4223 ἦ
504 4152 610 4223 μὴν
635 4151 972 4218 ἐξελεύσεται
1001 4154 1065 4204 ἐκ
1095 4149 1188 4203 τοῦ
1226 4149 1490 4220 στόματός
1535 4167 1632 4220 μου
1665 4149 1994 4220 δικαιοσύνη.

436 4246 498 4298 Οί
527 4243 685 4311 Λόγοι
728 4261 827 4314 μου
874 4244 973 4296 οὐκ
1027 4245 1565 4315 ἀποστραφήσονται·
1604 4244 1683 4296 ὅτι
1736 4244 1856 4313 ἐμοὶ
1893 4245 1999 4297 πᾶν

436 4334 564 4401 γόνυ
603 4333 827 4404 κάμψει,
851 4335 945 4388 καὶ
969 4335 1182 4406 ὀμεῖται
1210 4337 1356 4389 πᾶσα
1383 4336 1601 4404 γλῶσσα
1622 4335 1714 4389 τὸν
1739 4335 1871 4389 Θεὸν
1908 4335 1998 4391 τὸν

434 4421 720 4492 ἀληθινὸν,
762 4422 933 4490 λέγων
957 4440 970 4452 ·
1011 4424 1330 4496 Δικαιοσύνη
1362 4426 1454 4478 καὶ
1502 4426 1627 4490 δόξα
1664 4426 1800 4499 πρὸς
1839 4426 1998 4480 αὐτὸν

2099 3263 2345 3304 narrare.
2377 3246 2487 3317 58
2516 3244 2633 3301 Non
2662 3259 2808 3300 nunc
2839 3244 3027 3298 vocavi
3058 3253 3131 3309 te,
3159 3243 3345 3309 Jacob,
3369 3259 3542 3312 neque
3571 3244 3653 3296 la-

2099 3322 2396 3394 borare'te
2435 3338 2561 3402 feci,
2610 3335 2795 3392 Israel.
2827 3334 2945 3389 Non
2978 3335 3219 3389 obtulisti
3252 3335 3382 3388 mihi
3423 3334 3654 3404 pecudes

2100 3431 2402 3486 holocausti
2439 3431 2538 3494 tui,
2594 3444 2768 3498 neque
2803 3428 2858 3481 in
2888 3427 3170 3482 sacriﬁciis
3204 3428 3311 3481 tuis
3341 3426 3663 3496 gloriﬁcasti

2101 3537 2223 3593 me;
2254 3537 2361 3576 non
2393 3520 2608 3576 servisti
2648 3519 2779 3574 mihi
2800 3520 2856 3571 in
2880 3518 3059 3581 donis,
3092 3534 3192 3573 nec
3222 3519 3407 3575 labore
3430 3524 3481 3572 te
3495 3516 3666 3572 affecit

2100 3617 2156 3671 in
2187 3616 2363 3678 thure,
2384 3629 2559 3683 neque
2584 3611 2911 3681 comparasti
2943 3610 3075 3664 mihi
3099 3618 3320 3680 argento
3349 3609 3655 3669 incensum,

2101 3722 2273 3777 neque
2306 3706 2520 3774 adipem
2556 3703 2896 3757 victimarum
2954 3710 3170 3755 tuarum
3205 3699 3491 3770 concupivi
3513 3738 3529 3764 ,
3563 3699 3659 3755 sed

2100 3800 2153 3853 in
2186 3797 2422 3868 peccatis
2451 3794 2582 3859 tuis,
2612 3800 2665 3847 et
2700 3793 2753 3847 in
2783 3793 3066 3862 injustitiis
3092 3793 3201 3847 tuis
3222 3792 3414 3861 praefui
3435 3792 3592 3847 tibi"
3612 3811 3656 3844 ι.

2098 3890 2165 3943 Ει
2217 3890 2271 3942 in
2302 3874 2657 3956 sequentibus
2718 3883 2833 3939 ait:
2872 3901 2902 3951 ¹‹
2939 3882 3332 3941 Convertimini
3364 3883 3431 3936 ad
3470 3899 3578 3945 me,
3605 3889 3663 3936 ct

2099 3981 2232 4036 salvi
2260 3978 2435 4040 eritis,
2466 3975 2559 4046 qui
2590 3975 2786 4029 venitis
2816 3974 2883 4028 ab
2907 3981 3149 4028 extremo
3174 3980 3350 4028 terrai.
3380 3971 3491 4042 Ego
3512 3988 3657 4035 sum,

2097 4083 2151 4128 et
2183 4087 2290 4127 non
2318 4077 2400 4124 est
2430 4068 2589 4130 alius,
2619 4082 2713 4136 per
2744 4081 2831 4119 me
2858 4066 3039 4135 ipsum
3058 4063 3185 4135 juro
3213 4082 3229 4119 :
3259 4077 3383 4118 vere
3400 4062 3569 4118 exibit
3594 4062 3661 4117 de

2098 4180 2192 4220 ore
2216 4177 2335 4217 meo
2358 4160 2590 4230 justitia.
2613 4156 2792 4213 Verba
2821 4154 2938 4213 mea
2965 4171 3071 4210 non
3113 4161 3493 4211 revertentur:
3524 4167 3661 4223 quo-

2101 4255 2242 4308 niam
2266 4251 2396 4305 mihi
2448 4265 2608 4304 omne
2631 4263 2769 4318 genu
2805 4247 3139 4310 curvabitur,
3172 4254 3226 4301 et
3247 4245 3453 4316 iurabit
3482 4244 3661 4299 omnis

2101 4347 2283 4416 lingua
2333 4342 2497 4397 Deum
2522 4355 2731 4403 verum,
2791 4339 2978 4413 dicens
3011 4359 3023 4393 :
3056 4337 3275 4394 Iustitia
3313 4344 3367 4392 et
3393 4336 3563 4409 gloria
3592 4335 3662 4390 ad

2099 4452 2221 4491 eum
2251 4434 2449 4497 veniet,
2482 4439 2535 4487 et
2563 4422 2885 4487 erubescent
2926 4438 3148 4497 'omnes,
3196 4431 3289 4502 qui
3343 4430 3662 4502 disiungunt

434 4512 573 4583 ἥξει,
601 4515 694 4567 καὶ
732 4514 1177 4586 αἰσχυνθήσονται
1210 4518 1405 4581 πάντες
1431 4520 1477 4571 οἱ
1520 4518 1842 4590 διορίζοντες
1871 4519 1995 4571 ἐαυ-

2101 4527 2310 4595 seipsos
2341 4539 2370 4577 a
2400 4522 2633 4578 Domino,
2659 4522 2707 4554 ”
2746 4540 2790 4575 ι.

435 4601 561 4664 τοὺς
589 4602 697 4655 ἀπὸ
722 4600 814 4654 τοῦ
840 4602 1064 4673 Κυρίου.
1106 4623 1124 4655 ι

436 4711 555 4764 ΔΔθ.
588 4711 695 4782 Τοῦ
715 4711 917 4766 αὑτοῦ.
940 4743 1010 4752 —-
1036 4712 1300 4780 Δήλωσις
1337 4713 1447 4781 τῆς
1475 4715 1580 4769 τοῦ
1626 4716 1879 4782 Χριστοῦ
1908 4719 1995 4780 εὶς

508 4780 853 4853 ᾀνθρώανους
899 4780 1405 4853 παρουσίαςλΚαὶ
1446 4780 1693 4853 ἔλεγχος
1714 4783 1819 4838 τοῦ
1857 4786 1994 4838 Ἰου-

504 4848 685 4901 δαίων
706 4851 940 4917 ἔθνους,
962 4848 1059 4904 καί
1092 4852 1215 4917 τοῖς
1246 4852 1486 4907 ἔθνεσιν
1518 4848 1747 4909 ἅπασιν
1764 4853 1997 4922 ἀγαθῶν

507 4919 848 4987 ἐπαγγελία.

512 5052 530 5084 ι
564 5033 718 5087 Οὕτω
751 5034 899 5103 λέγει
931 5036 1162 5108 Κύριος·
1200 5038 1356 5090 Ποῖον
1399 5036 1460 5089 τὸ
1496 5036 1698 5107 βιϐλίον
1721 5036 1878 5089 τοῦτο
1902 5037 1997 5091 τοῦ

436 5124 765 5179 ἀποστασίου
791 5126 890 5193 τῆς
921 5129 1122 5197 μητρὸς
1156 5130 1328 5199 ὑμῶν,
1352 5129 1410 5182 ἐν
1435 5123 1478 5197 ᾧ
1511 5129 1865 5195 ὲξαπέστειλα
1902 5131 1998 5183 αὑ-

334 5272 345 5282 _
435 5216 569 5285 τήν;
631 5213 664 5285 ἢ
715 5214 820 5267 τίνι
867 5217 1114 5288 ὑπόχρεῳ
1153 5220 1410 5292 πέπρακα
1458 5222 1635 5291 ὑμᾶςς
1708 5220 1838 5274 Ἰδοὺ
1878 5224 1999 5286 ταῖς

439 5307 730 5379 ἁμαρτίαις
757 5306 909 5377 ὑμῶν
945 5310 1237 5380 ἐπράθητε,
1274 5314 1368 5365 καὶ
1405 5314 1523 5375 ταῖς
1567 5313 1814 5382 ἁνομίαις
1848 5312 2023 5384 ὑμῶν·

437 5398 787 5463 ἐξαπέστειλα
821 5401 919 5470 τήν
943 5401 1152 5472 μητέρα
1181 5402 1360 5472 ὑμῶν·
1398 5404 1532 5457 διότι
1570 5400 1751 5475 ἦλθον,
1785 5405 2002 5459 καὶὀὺκ

436 5484 503 5558 ἦν
525 5489 802 5562 ἄνθρωπος
818 5506 834 5521 ο
864 5490 1115 5555 ἐκάλεσα,
1133 5493 1225 5545 mi.
1240 5495 1340 5547 οὐκ
1365 5489 1475 5565 ἦνό
1489 5496 1946 5567 ὑπακουσόμενος,
1979 5515 1999 5548 ι

437 5582 529 5634 καί
547 5581 613 5636 τὰ
629 5582 774 5653 ἑξῆς·
804 5579 884 5648 οἷς
913 5583 1176 5653 ἐπιλέγει·
1213 5603 1232 5635 ε
1270 5587 1332 5639 Οἱ
1361 5588 1710 5658 πορευόμενοι
1726 5590 1782 5642 ἐν
1805 5588 2003 5653 σκότει,

2101 4723 2335 4780 XXXIV.
2374 4726 2455 4793 Ab
2481 4716 2677 4783 eodem.
2707 4761 2777 4772 ——
2808 4728 3109 4785 Dectaratio
3162 4728 3357 4784 Christi
3391 4730 3457 4783 ad
3495 4729 3667 4783 homi-

2172 4813 2259 4849 nes
2290 4794 2562 4870 adventus,
2593 4808 2641 4854 et
2679 4799 2980 4870 redargutio
3033 4800 3196 4870 gentis
3239 4799 3572 4864 Iudaeorum,
3613 4808 3664 4855 et

2173 4866 2370 4920 cunctis
2397 4868 2636 4937 gentibus
2660 4866 2941 4939 promissio
2972 4866 3245 4924 bonorum.

2180 5058 2199 5090 ι
2240 5038 2332 5094 Sic
2381 5040 2514 5095 dicit
2555 5040 2840 5106 Dominus,
2883 5042 3007 5111 quis
3059 5051 3142 5098 est
3175 5041 3416 5097 hicliber
3450 5042 3665 5113 repudii

2106 5132 2298 5185 matris
2320 5141 2537 5195 vestrae,
2568 5134 2622 5187 in
2652 5148 2763 5203 quo
2797 5132 2957 5187 emisi
2988 5135 3156 5188 eam?
3189 5141 3282 5188 aut
3314 5134 3401 5190 cui
3433 5133 3665 5189 debitori

2103 5223 2324 5278 vendidi
2372 5239 2469 5280 vos
2500 5223 2523 5277 ?
2552 5239 2680 5278 ecce
2712 5224 2953 5294 peccatis
2976 5226 3175 5280 vestris
3194 5224 3400 5280 venditi
3426 5225 3582 5291 estis,
3612 5234 3666 5282 et

2108 5314 2488 5385 iniquitatibus
2515 5316 2714 5371 vestris
2770 5316 2929 5372 emisi
2961 5324 3188 5372 matrem
3219 5325 3452 5372 vestram
3480 5338 3494 5372 :
3531 5334 3670 5388 quo-

2107 5408 2254 5461 niam
2280 5407 2424 5471 veni,
2452 5418 2505 5463 et
2532 5422 2641 5462 non
2668 5415 2786 5463 erat
2807 5407 2972 5462 homo
3004 5408 3233 5464 :vocavi
3283 5421 3339 5464 et
3382 5424 3492 5464 non
3550 5419 3667 5464 erat

2111 5497 2203 5568 qui
2229 5498 2441 5554 audiret
2455 5499 2524 5567 9‘;
2560 5519 2580 5552 ι
2613 5505 2667 5553 et
2692 5499 2919 5569 reliqua.
2950 5498 3160 5565 Quibus
3183 5499 3429 5570 adjungit
3462 5521 3474 5555 :
3509 5502 3667 5554 «Am-

2112 5589 2362 5646 bulantes
2384 5591 2438 5644 in
2462 5591 2719 5655 tenebris,
2739 5598 2794 5647 et
2816 5605 2924 5646 non
2951 5598 3035 5647 est
3055 5592 3136 5648 eis
3164 5593 3253 5647 lux
3279 5611 3293 5647 :
3328 5592 3582 5649 conﬁdite
3613 5592 3668 5645 in

505 5759 553 5809 '..°
576 5759 677 5815 lsa.
706 5777 827 5825 xxv,
867 5763 969 5817 1-8.
1047 5763 1086 5794 ⁸³
1112 5758 1244 5821 Ibid.
1275 5763 1328 5818 8.
1404 5765 1451 5796 θ’
1482 5764 1589 5831 lsa,
1621 5781 1773 5830 mn,
1810 5766 1990 5824 l8—24.
2069 5769 2114 5802 "
2144 5767 2248 5827 Isa.
2281 5785 2402 5834 xcv,
2428 5768 2614 5825 22-25.
2692 5769 2737 5801 ”
2766 5769 2874 5826 lsa.
2911 5787 2964 5834 ι,
3000 5770 3104 5840 1,2.
