4106 6426
449 339 552 398 119

1117 337 1386 397 EUSEBII
1422 333 1895 394 CAESAﬂiENSIS
1931 331 2082 389 OPP.
2121 327 2313 384 τιἈηὸ
2347 325 2498 382 [L—
2535 321 3033 380 APOLOGETICA.

3599 315 3700 370 1‘20

448 461 670 517 nomine
724 461 977 526 Domini,
1013 469 1064 518 et
1097 462 1388 517 innitimini
1439 460 1546 515 Deo
1599 469 1830 513 vestro:
1886 471 1998 513 ecce

2123 454 2216 504 καὶ
2244 449 2342 502 οὐκ
2375 448 2519 502 ἐστιν
2550 449 2731 509 αὐτοῖς
2758 444 2871 512 φῶς
2890 461 2905 476 ·
2931 441 3225 497 πεποίθατε
3254 437 3347 492 ἐπὶ
3373 436 3450 508 τῷ
3474 434 3698 504 ὀνόματι

409 581 421 614 ι
447 572 640 612 omnes
657 575 749 612 vos
775 560 947 628 ignem
973 558 1280 619 iucenditis,
1309 556 1680 611 corroboratis
1710 551 2011 607 ﬂammam:

448 651 722 706 ambulate
766 651 966 704 lumine
1001 651 1141 720 ignis
1185 651 1373 712 vestri,
1409 647 1703 704 et'llamma
1733 666 1894 720 quam
1925 665 2016 702 ac-

449 744 731 799 cendistis.
763 742 986 812 Propter
1013 760 1095 796 me
1146 743 1285 796 facta
1313 751 1443 796 sunt
1475 742 1589 797 haec
1624 741 1798 807 vobis,
1835 742 1887 794 in
1914 743 2014 794 tri-

450 835 599 889 stitia
629 836 910 889 dormietis
940 837 1010 898 9',
1041 857 1057 886 )
1080 846 1132 890 ct
1162 853 1282 906 qua:
1307 845 1641 906 sequuntur;
1671 836 1870 906 quibus
1921 835 2015 888 ad-

443 927 624 996 jungit
653 947 664 980 ε
697 945 715 974 σ
751 927 946 980 Audite
976 941 1080 988 me,
1115 928 1298 980 :uulite
1339 942 1422 981 me
1449 945 1462 978 :
1513 926 1746 996 populus
1780 940 1932 979 meus
1961 931 2014 977 et

445 1033 619 1087 reges.
667 1019 730 1072 ad
760 1035 843 1071 me
869 1034 1030 1074 aures
1081 1019 1386 1072 intendite:
1426 1020 1684 1088 quoniam
1733 1018 1816 1073 lex
1861 1033 1892 1071 a
1929 1031 2014 1070 me

443 1108 775 1179 egredietur,
827 1118 880 1162 et
903 1109 1168 1175 judicium
1219 1125 1396 1164 meum
1428 1110 1482 1162 in
1519 1109 1700 1162 lumen
1729 1107 1968 1178 gentium
1997 1125 2010 1160 :

447 1203 848 1272 appropinquat
883 1203 993 1256 cito
1019 1203 1231 1270 justitia
1268 1218 1406 1262 mea,
1437 1210 1490 1253 et
1520 1201 1828 1272 egredietur
1852 1200 2009 1270 quasi

449 1296 536 1349 lux
590 1294 830 1348 salutare
859 1302 1132 1354 meum,et
1177 1297 1227 1346 in
1270 1292 1550 1346 brachium
1595 1309 1770 1347 meum
1825 1300 2010 1362 gentes

443 1387 741 1454 sperabunt
761 1387 826 1439 ’°.
877 1407 894 1436 ι

445 1516 663 1570 XXXV.
692 1516 1000 1600 Αὑςοιίερι..
1023 1547 1091 1598 οῖ
1133 1517 1449 1600 Redarqntio
1472 1521 1753 1600 impiarum
1784 1519 2009 1600 injuria-

512 1605 630 1640 rum
673 1588 838 1658 gentis
890 1587 1154 1648 Judaicrc,
1183 1601 1230 1642 et
1263 1587 1752 1657 religionirreorum
1802 1590 1958 1643 ruina
1990 1607 2007 1642 :

514 1659 801 1712 rocalionis
843 1668 1020 1712 autem
1048 1661 1278 1712 omnium
1307 1664 1535 1730 gentium
1561 1661 1873 1729 patefactio.

517 1862 537 1894 ς
567 1843 821 1914 Nunquid
853 1860 958 1898 non
996 1846 1217 1898 robusta
1247 1852 1328 1898 est
1360 1859 1552 1898 manus
1572 1842 1780 1898 Domini
1812 1843 1879 1898 ad
1903 1844 2012 1900 sal-
2042 1849 2083 1902 B

441 1936 678 1990 vandum
701 1937 726 1989 ?
757 1943 851 1989 aut
871 1945 1090 2006 gravata
1123 1946 1203 1991 est
1222 1937 1368 1991 auris
1396 1935 1538 2002 ejus,
1566 1943 1624 1988 ut
1647 1952 1756 1990 non
1785 1937 2012 1990 audiat?

439 2027 534 2081 sed
564 2038 784 2098 peccata
811 2036 990 2082 vestra
1024 2027 1273 2081 dividunt
1320 2027 1460 2080 inter
1492 2044 1588 2083 vos
1623 2035 1676 2082 et
1709 2026 1876 2082 Deum
1905 2069 1920 2093 ,
1958 2038 2012 2082 et

438 2118 548 2190 59
581 2127 800 2190 propter
823 2127 1038 2189 peccata
1069 2128 1270 2182 vestra,
1317 2121 1512 2175 avertit
1561 2119 1752 2176 faciem
1798 2135 1952 2175 suam
1978 2135 2010 2173 a

436 2209 594 2264 vobis
648 2227 716 2264 ne
760 2210 1104 2264 misereatur.
1130 2208 1320 2264 Manus
1369 2209 1514 2265 enim
1549 2217 1744 2264 vestra:
1795 2209 2009 2265 fmdatm

435 2313 563 2362 sunt
615 2305 898 2375 sanguine,
931 2313 985 2358 et
1018 2305 1170 2374 digiti
1207 2305 1371 2360 vestri
1429 2304 1482 2359 in
1542 2305 1824 2375 peccatis:
1863 2305 2006 2360 labia

431 2405 612 2452 autem
644 2407 822 2451 vestra
850 2397 1027 2451 locuta
1065 2405 1192 2451 sunt
1255 2397 1596 2466 iniquitatem
1641 2439 1656 2462 ,
1721 2404 1776 2452 et
1822 2397 2006 2466 lingua

433 2494 610 2542 vestra
645 2486 963 2555 injustitiam
995 2487 1291 2540 meditatur
1322 2503 1334 2536 :
1370 2487 1552 2541 nullus
1573 2486 1813 2556 loquitur
1834 2485 2004 2555 justa,

433 2593 610 2648 neque
634 2587 719 2634 cst
745 2579 1012 2648 judiciqu
1047 2577 1232 2632 verum
1267 2595 1279 2629 :
1321 2577 1606 2633 confidunt
1651 2578 1706 2632 in
1743 2579 1921 2642 vanis,
1952 2586 2006 2633 et

430 2668 732 2738 loquuntur
761 2668 941 2722 inania
967 2685 980 2720 :
1015 2668 1272 2738 quoniam
1311 2667 1630 2737 concipiunt
1659 2667 1923 2732 laborem,
1950 2676 2006 2723 et

435 2760 654 2830 pariunt
684 2758 1025 2830 iniquitatem
1055 2779 1068 2814 :
1101 2775 1202 2814 ora
1227 2758 1477 2830 aspidum
1511 2759 1808 2831 fregerunt,
1837 2767 1894 2815 et
1925 2768 2006 2815 te-

432 2856 537 2908 lam
561 2867 774 2908 aranea:
805 2861 1017 2921 texunt,
1037 2859 1092 2908 et
1114 2853 1206 2924 qui
1233 2853 1350 2906 vult
1371 2867 1438 2907 ex
1459 2852 1577 2907 ovis
1604 2867 1794 2907 eorum
1821 2866 2005 2907 come—

431 2945 579 3010 dere,
611 2945 700 3000 ubi
735 2945 1014 3010 contrivit,
1047 2943 1234 2999 lotium
1269 2944 1499 3006 invenit,
1547 2951 1602 3000 et
1643 2945 1696 2997 in
1726 2957 1794 2998 eo
1843 2958 2002 3014 regu-

432 3040 573 3104 lum;
601 3039 707 3093 tela
733 3055 922 3094 eorum
951 3054 1060 3093 non
1093 3037 1197 3093 erit
1249 3037 1304 3092 in
1349 3039 1765 3102 vestimentum,
1823 3051 2002 3106 neque

427 3131 744 3202 operientur
763 3146 827 3185 ex
858 3130 1114 3200 operibus
1160 3130 1300 3185 suis.
1353 3129 1530 3199 Opera
1578 3128 1724 3182 enim
1766 3144 1954 3184 eorum
1981 3168 1996 3192 ,

425 3226 591 3294 o'pera
621 3222 948 3293 iniquitatis,
983 3222 1148 3293 pedes
1171 3230 1351 3277 autem
1385 3237 1597 3286 eorum,
1635 3221 1701 3276 ad
1729 3222 1996 3292 improbi-

425 3323 590 3371 tatem
612 3325 866 3376 currunt,
893 3315 1105 3369 veloces
1132 3317 1199 3370 ad
1223 3315 1609 3371 eil‘undendum
1637 3315 1993 3386 sanguinem;

421 3414 478 3460 et
505 3407 864 3476 cogitationes
911 3421 1137 3470 eorum,
1183 3406 1542 3477 cogitationes
1596 3405 1992 3476 insipientium.

421 3502 690 3558 Contritio
720 3509 773 3556 et
800 3501 1018 3556 miseria
1073 3501 1128 3555 in
1159 3500 1266 3556 viis
1298 3516 1488 3557 eorum
1512 3518 1528 3568 ;
1549 3502 1756 3555 semitae
1803 3514 1993 3554 eorum

421 3593 684 3657 distortae,
721 3609 817 3664 per
866 3608 1002 3664 quas
1041 3602 1346 3660 transeunt,
1381 3602 1436 3650 et
1491 3594 1745 3650 nesciunt
1778 3608 1988 3660 pacem.

421 3685 630 3740 Idcirco
659 3693 898 3739 amotum
931 3695 1014 3739 est
1053 3685 1320 3754 judicium
1355 3685 1423 3740 ab
1449 3686 1550 3749 eis,
1595 3691 1649 3740 et
1681 3699 1789 3738 non
1840 3698 1992 3737 com-

419 3778 706 3847 prehcndit
739 3794 834 3834 eos
881 3779 1114 3849 justitia.
1168 3780 1305 3834 Cum
1357 3791 1738 3850 exspectarent
1787 3781 1987 3842 lucem,

419 3874 574 3928 facta:
605 3883 732 3927 sunt
755 3875 836 3929 eis
861 3875 1098 3930 tenebrae
1134 3896 1144 3930 :
1201 3882 1584 3945 exspectantes
1615 3875 1986 3945 splendorem,

415 3964 471 4018 in
497 3964 832 4021 obscuritate
857 3968 1034 4022 noctis
1059 3967 1474 4022 ambulaverunt
1497 3986 1512 4034 ;
1543 3984 1710 4022 manu
1736 3970 1986 4038 explora-

415 4056 548 4110 bunt
586 4067 646 4111 ut
686 4059 813 4112 caeci
865 4061 1126 4129 parietem
1153 4100 1168 4122 ,
1214 4069 1269 4115 et
1299 4061 1454 4130 quasi
1504 4061 1640 4131 ipsis
1686 4063 1828 4116 oculi
1877 4077 1986 4116 nun

413 4149 547 4212 sint,
601 4153 1058 4206 contrectabunt:
1112 4151 1310 4208 cadent
1347 4154 1400 4208 in
1428 4155 1682 4219 meridie,
1717 4156 1876 4226 quasi
1931 4157 1986 4209 in

412 4239 590 4295 media
620 4249 816 4295 nocte:
852 4250 1108 4312 tanquam
1159 4246 1474 4312 morientes,
1529 4249 1904 4318 ingemiscent,
1935 4257 1989 4304 et

413 4333 574 4402 quasi
619 4346 782 4386 ursus
814 4343 867 4389 et
901 4335 1150 4390 columba
1181 4336 1344 4392 simul
1371 4337 1695 4402 incedent,”
1750 4349 1836 4394 pet
1867 4355 1988 4410 quoe

411 4434 718 4495 sequuntur
797 4444 810 4492 ;
854 4427 1055 4498 quibus
1108 4429 1393 4501 adiungit:
1433 4449 1453 4482 ι
1503 4439 1558 4485 et
1591 4431 1860 4487 timebunt
1889 4433 1983 4504 qui

2129 543 2355 614 Κυρίου,
2393 541 2486 592 καὶ
2511 536 2962 608 ἀντιστηρίσασοε
3000 536 3091 587 ἐπὶ
3118 531 3194 604 τῷ
3215 530 3331 600 Θεῷ
3359 529 3529 599 ὑμῶν.
3567 528 3697 580 Ἰδοὺ

2128 635 2326 695 πάντες
2386 633 2542 702 ὑμεῖς
2595 630 2704 700 πῦρ
2746 628 2927 681 καίετε
2959 627 3052 679 καὶ
3095 623 3453 694 κατισχύσατε
3489 618 3693 688 φλόγα·

2123 724 2420 796 πορεύεσθε
2466 723 2542 792 τῷ
2594 723 2732 790 φωτὶ
2762 721 2854 774 τοῦ
2903 719 3074 789 πυρὸς
3104 716 3278 786 ὑμῶν,
3319 715 3411 766 καὶ
3441 715 3505 782 τῇ
3537 710 3696 780 φλογὶ

2188 817 2533 882 ἐξεκαύσατε,
2566 817 2642 866 Δι’
2683 814 2780 882 ἐμὲ
2826 811 3038 879 ἐγένετο
3060 808 3230 860 ταῦτα
3262 807 3389 869 ὑμῖν
3409 820 3422 832 ·
3460 807 3516 855 ὲν
3549 801 3695 877 λύπῃ

2120 886 2540 980 κοιμηοήσεσῢε,
2558 927 2574 958 ι
2595 907 2688 960 καὶ
2714 906 2781 958 τὰ
2817 898 2957 972 ἑξῆς·
2981 886 3060 951 οἷς
3084 893 3374 962 ἐπιλέγει(
3401 893 3692 948 ’Λκούσατέ

2120 1024 2246 1075 μου,
2266 1001 2532 1057 ἀκούσατέ
2558 1017 2657 1070 μου
2679 1015 2691 1031 ·
2723 997 2847 1059 λαός
2873 1013 2991 1064 μου,
3020 993 3112 1044 καὶ
3135 992 3182 1042 οἱ
3211 982 3610 1058 βασιλεῖς,πρδς
3625 984 3691 1054 μὲ

2117 1095 2468 1156 ἐνωτίσασθε,
2497 1095 2576 1146 ὅτι
2604 1093 2766 1161 νόμος
2795 1089 2923 1160 παρ’
2958 1085 3090 1156 ἐμοῦ
3123 1081 3478 1147 ἐξελεύσεται,
3522 1079 3615 1131 καὶ
3657 1077 3692 1148 ή

2117 1189 2303 1259 κρίσις
2351 1204 2448 1258 μου
2481 1186 2560 1248 εἰς
2583 1183 2696 1253 φῶς
2731 1182 2916 1235 ἐθνῶν.
2965 1176 3207 1258 Ἐγγίζει
3243 1173 3379 1243 ταχὺ
3407 1175 3440 1242 ἡ
3485 1171 3692 1222 δικαιο-

2119 1281 2254 1351 σύνη
2290 1298 2418 1350 μου,
2446 1275 2892 1342 καὶέξελεύσεται
2925 1270 2999 1334 ὡς
3026 1269 3141 1338 φῶς
3176 1267 3235 1319 τὸ
3265 1262 3526 1336 σωτήριόν
3567 1277 3690 1332 μου,

2114 1375 2210 1428 καὶ
2246 1374 2338 1426 ἐπὶ
2372 1373 2460 1425 τὸν
2497 1369 2753 1442 βραχίονά
2784 1385 2882 1438 μου
2917 1365 3040 1434 ἔθνη
3065 1360 3353 1414 ἐλπιοῦσιν.
3381 1377 3402 1409 ι

2111 1529 2234 1593 ΑΒ.
2277 1529 2376 1580 Ἐκ
2411 1525 2517 1578 τεῦ
2555 1518 3284 1593 (ῖιῖντοῦ.-έ”Ελεγχ(’ς’ζῷν
3301 1513 3695 1593 cici-:61”:er

2185 1597 2292 1650 τοῦ
2323 1595 2439 1648 τῶν
2481 1595 2776 1648 Ἰουδαίων
2805 1587 3041 1655 ἕθιόιερ,
3097 1589 3188 1639 καὶ
3211 1589 3555 1655 ἀπίπτωσις
3583 1587 3691 1637 αἱ·-

2184 1668 2302 1720 τών
2330 1665 2439 1732 τῆς
2462 1665 2791 1727 εικινείίείίις.
2824 1661 2940 1729 Τῆς
2967 1654 3033 1713 δὲ
3056 1658 3170 1712 τῶν
3204 1655 3394 1710 ἐθνῶν
3412 1654 3693 1708 ἁπάντων

2188 1737 2463 1802 κλήσεως
2489 1734 2776 1800 δήλωσις.

2187 1878 2211 1924 ἐ
2252 1872 2341 1943 Μὴ
2363 1873 2482 1942 οὐχὶ
2510 1841 2688 1942 ίσχύει
2708 1871 2740 1942 ἡ
2762 1869 2880 1940 χεὶρ
2911 1868 3116 1939 Κυρίου
3147 1866 3238 1919 τοῦ
3276 1867 3464 1928 σῶσαι,
3499 1863 3531 1935 ἦ
3565 1863 3693 1918 ἐϐα-

2117 1983 2240 2038 ρυνε
2261 1965 2319 2018 τὸ
2334 1963 2425 2029 οὖς
2448 1965 2612 2018 αὐτοῦ
2634 1963 2728 2016 τοῦ
2754 1961 2827 2033 μὴ
2855 1960 3081 2015 ἀκοῦσαι
3102 1978 3115 2024 ;
3133 1959 3345 2014 ἀλλὰτά
3363 1961 3693 2030 ἁμαρτήμα-

2109 2074 2179 2110 τα
2204 2058 2356 2128 ὑμῶν
2387 2056 2645 2125 διίστησιν
2673 2054 2776 2108 ἀνὰ
2798 2053 2958 2124 μέσον
2981 2053 3132 2123 ὑμῶν
3169 2053 3258 2104 καὶ
3285 2051 3378 2105 τοῦ
3404 2050 3560 2114 Θεοῦ,
3595 2050 3690 2105 καὶ

2113 2150 2200 2202 διὰ
2226 2149 2324 2212 τάς
2350 2149 2620 2218 ἁμαρτίας
2647 2147 2797 2216 ὑμῶν
2829 2144 3099 2216 ἀπέτρεψε
3125 2144 3184 2197 τὸ
3211 2145 3497 2216 πρόσωπον
3525 2139 3689 2196 αὑτοῦ

2111 2242 2202 2310 ἀφ’
2227 2241 2402 2312 ὑμῶν,
2435 2240 2526 2292 τοῦ
2551 2239 2624 2310 μὴ
2642 2239 2878 2309 ἐλεῆσαι.
2914 2240 2978 2290 Αἱ
3005 2239 3112 2310 γὰρ
3143 2241 3322 2309 χεῖρες
3345 2237 3498 2309 ὑμῶν
3527 2252 3690 2308 μεμο-

2108 2333 2374 2403 λυσμέναι
2406 2332 2619 2400 αἵματι,
2649 2330 2743 2383 καὶ
2761 2331 2810 2382 οἱ
2833 2329 3084 2382 δάκτυλοι
3110 2330 3264 2400 ὑμῶν
3287 2331 3343 2382 ὲν
3368 2330 3682 2400 ἁμαρτίαις,

2109 2427 2192 2480 Τά
2223 2426 2279 2480 δὲ
2315 2425 2464 2496 χείλη
2500 2424 2650 2494 ὑμῶν
2685 2423 2944 2493 ἐλάλησεν
2975 2424 3234 2494 ἀνομίαν,
3275 2423 3368 2477 καὶ⁸
3405 2424 3436 2494 ή
3468 2423 3686 2491 γλῶσσα

2112 2519 2264 2592 ὑμῶν
2298 2519 2511 2572 ἀδικίαν
2543 2517 2760 2588 μελετᾷ·
2796 2517 2969 2578 οὐδεὶς
2994 2516 3144 2569 λαλεῖ
3174 2517 3377 2578 δίκαια,
3406 2516 3514 2569 οὐδ’
3541 2516 3686 2571 ἐστιν

2110 2615 2143 2684 ἡ
2178 2613 2355 2684 κρίσις
2383 2611 2629 2682 ἀληθινή·
2671 2610 2991 2664 πεποίθασιν
3030 2611 3122 2663 ἐπὶ
3159 2609 3427 2679 ματαίοις,
3465 2610 3558 2663 καὶ
3587 2610 3684 2663 λα-

2107 2704 2256 2758 λοῦσι
2296 2703 2444 2756 κενά·
2483 2704 2564 2755 ὅτι
2592 2703 2781 2756 κύουσι
2796 2703 2986 2780 ¹πόνον,
3018 2703 3111 2756 καὶ
3143 2704 3414 2756 τίκτουσιν
3434 2703 3682 2773 ἀνομίαν·

2107 2797 2190 2849 ὠά
2223 2794 2463 2848 ἀσπίδων
2495 2794 2730 2865 ἕρρηξαν
2753 2835 2767 2859 ,
2804 2795 2894 2847 καὶ
2929 2794 3072 2846 ἰστὸν
3106 2794 3347 2866 ἀράχνης
3380 2795 3682 2863 ὑφαίνουσι,

2106 2887 2200 2940 καὶ
2225 2889 2253 2940 ό
2273 2885 2439 2940 Θέλων
2457 2887 2564 2940 τῶν
2579 2887 2702 2940 ὠῶν
2722 2887 2897 2941 αὐτῶν
2918 2890 3132 2958 φαγεῖν,
3162 2888 3475 2958 συντρίψας,
3503 2886 3681 2959 οὔριον

2104 2975 2248 3051 εὗρε,
2267 2980 2358 3034 καὶ
2383 2982 2439 3034 ὲν
2462 2980 2608 3051 αὑτῷ
2629 2980 2956 3050 βασιλίσκον·
2985 2981 3014 3032 ό
3041 2980 3185 3044 ἱστὸς
3210 2980 3388 3034 αὐτῶν
3409 2979 3509 3033 οὐκ
3532 2980 3682 3033 ἔσται

2105 3073 2184 3136 είς
2222 3073 2453 3143 ἱμάτιον,
2491 3072 2611 3126 οὐδὲ
2662 3073 2735 3144 μὴ
2780 3072 3179 3144 περιϐάλωνται
3214 3072 3320 3125 ἀπὸ
3351 3070 3460 3124 τῶν
3505 3071 3680 3144 ἔργων

2106 3164 2305 3219 αὐτῶν.
2335 3163 2416 3216 Τὰ
2440 3163 2548 3236 γὰρ
2575 3163 2711 3234 ἔργα
2740 3164 2918 3217 αὐτῶν
2941 3163 3076 3236 ἔργα
3100 3164 3349 3234 ἀνομίας·
3373 3165 3423 3216 οἱ
3448 3163 3503 3216 δὲ
3523 3163 3680 3227 πόδες

2102 3254 2280 3308 αὐτῶν
2324 3256 2416 3308 ἐπὶ
2457 3255 2721 3325 πονηρίαν
2751 3255 3022 3326 τρέχουσι.
3059 3253 3278 3324 Ταχινοὶ
3302 3253 3489 3324 ἐκχέαι
3515 3248 3677 3324 αἷμα,

2100 3347 2192 3400 καὶ
2221 3349 2268 3399 οἱ
2301 3345 2638 3416 διαλογισμοὶ
2667 3345 2843 3399 αὐτῶν
2871 3343 3207 3415 διαλογισμοὶ
3244 3344 3510 3415 ἀφρόνων.
3545 3343 3678 3399 Σύν-

2096 3457 2313 3511 τριμμα
2340 3438 2434 3490 καὶ
2459 3437 2802 3509 ταλαιπωρία
2833 3439 2890 3490 ὲν
2923 3439 3042 3500 ταῖς
3070 3437 3206 3500 ὁδοῖς
3239 3436 3434 3490 αὐτῶν·
3470 3438 3525 3490 αἱ
3563 3436 3680 3508 τρί-

2097 3532 2180 3585 6οι
2236 3530 2414 3584 αὐτῶν
2457 3530 2905 3601 διεστραμμέναι,
2958 3530 3022 3594 ἀς
3079 3529 3387 3594 διοδεύουσι,
3450 3531 3541 3582 καὶ
3579 3530 3678 3584 οὐκ

2095 3624 2298 3678 οἴδασιν
2360 3624 2612 3693 εἰρήνην·
2667 3623 2755 3676 διὰ
2813 3622 2969 3676 τοῦτο
3021 3623 3232 3693 ἀπέστη
3281 3625 3313 3694 ἡ
3369 3623 3549 3695 κρίσις
3583 3623 3676 3675 ἀπ’

2095 3714 2292 3779 αὐτῶν,
2352 3714 2445 3767 καὶ
2503 3715 2564 3766 οὐ
2624 3714 2698 3786 μὴ
2756 3713 3039 3785 καταλάϐῃ
3096 3714 3290 3776 αὐτοὺς
3340 3711 3674 3783 δικαιοσύνη.

2107 3806 2546 3878 Ύπομεινάντων
2593 3807 2737 3874 φῶς,
2786 3807 3002 3872 ἐγένετο
3049 3807 3232 3870 αὐτοῖς
3280 3804 3500 3870 σκότος·
3559 3803 3678 3875 μεί-

2092 3917 2282 3962 ναντες
2314 3899 2509 3970 αὐγὴν,
2543 3901 2599 3951 ἐν
2633 3900 2810 3970 ἀωρίᾳ
2847 3899 3278 3970 περιεπάτησαν·
3324 3898 3674 3968 ψηλαφὴσου-

2096 4009 2177 4046 σιν
2206 3993 2280 4055 ὡς
2308 3992 2497 4060 τυφλοὶ
2528 3995 2723 4062 τοῖχον,
2757 3991 2848 4045 καὶ
2872 3991 2946 4054 ὡς
2972 3991 3069 4061 οὐχ
3096 3990 3448 4062 ὑπαρχόντων
3475 3988 3676 4058 όςεθαλ-

2095 4082 2230 4153 μῶν,
2268 4080 2668 4152 ψηλαφήσουσυ
2716 4079 3006 4133 πεσοῦνται
3040 4082 3096 4132 ὲν
3131 4078 3469 4150 μεσημϐρίᾳ,
3507 4079 3582 4142 ὡς
3614 4080 3672 4132 ἐν

2095 4170 2448 4242 μεσονυκτίῳ·
2480 4171 2554 4233 ὡς
2595 4169 3032 4241 ἀποθνήσκοντες
3075 4168 3439 4232 στενάξουσιν·
3467 4168 3542 4232 ὡς
3571 4170 3671 4241 ἄρ·-

2090 4280 2216 4327 κτος
2236 4263 2330 4315 καὶ
2373 4261 2687 4333 περιστερὰν
2717 4262 2832 4332 ἅμα
2865 4261 3240 4332 πορεύωνται·
3274 4279 3292 4312 ’
3315 4261 3406 4314 καὶ
3431 4262 3498 4314 τὰ
3523 4261 3672 4332 ἑξῆς.

2089 4350 2169 4419 οἷς
2209 4355 2484 4422 ἐπιλέγει·
2537 4373 2556 4404 ι
2589 4355 2699 4407 Καὶ
2751 4352 3146 4424 φοϐηθήσονται
3201 4353 3248 4405 οἱ
3295 4351 3404 4406 ἀπὸ
3450 4352 3670 4422 δυσμῶν

2089 4446 2150 4498 τὸ
2178 4445 2349 4516 ὄνομα
2376 4445 2604 4515 Κυρίου,
2631 4445 2724 4498 καὶ
2743 4446 2793 4497 οἱ
2816 4445 2923 4498 ἀπὸ
2947 4443 3218 4498 ἀνατολῶν
3247 4442 3396 4514 ἡλίου
3415 4443 3475 4496 τὸ
3499 4443 3668 4514 ὄνομα

411 4516 481 4571 ab
514 4530 716 4574 occasu
739 4519 1030 4584 exsistunt,
1055 4535 1252 4575 nomen
1283 4519 1522 4584 Domini,
1549 4531 1604 4576 et
1631 4523 1723 4593 qui
1757 4523 1827 4578 ab
1856 4537 1982 4578 ortu

2102 4537 2146 4590 τὸ
2191 4535 2419 4600 ἔνδοξον.
2457 4555 2475 4586 ι
2539 4534 2698 4588 ’Λλλά
2730 4535 2836 4606 γάρ
2873 4534 3136 4588 πλείστων
3162 4535 3302 4586 ὅσων
3333 4533 3506 4586 οὐσῶν
3540 4533 3669 4605 περὶ

409 4609 566 4677 solis,
595 4627 792 4665 nomen
808 4612 1217 4682 gloriosum’M
1265 4614 1556 4680 Caeterum,
1580 4632 1704 4670 cum
1736 4617 1984 4688 plurimae

405 4702 653 4773 ejusdem
685 4705 990 4774 argumenti
1024 4706 1136 4761 sint
1163 4707 1480 4778 prophetiae,
1511 4709 1840 4770 testimoniis
1873 4711 1986 4767 his-

405 4811 490 4861 ce,
517 4809 640 4867 quae
687 4795 776 4852 hic
833 4799 1212 4869 apposuimus,
1252 4802 1492 4856 contenti
1523 4803 1732 4858 erimus
1769 4824 1782 4859 :
1820 4812 1986 4874 atque

404 4904 469 4944 ea
489 4903 591 4946 suo
617 4899 861 4962 tempore
887 4906 1082 4946 rursus
1102 4899 1428 4962 repetentes,
1445 4895 1874 4966 explanabimus.
1901 4896 1989 4951 ln-

405 4989 554 5036 terea
579 4996 733 5046 vero,
762 4982 984 5050 quando
1014 4983 1082 5037 ad
1115 4985 1339 5039 verbum
1371 4985 1584 5040 abunde
1606 4985 1808 5043 talibus
1829 4987 1986 5044 testi-

405 5071 608 5128 moniis
637 5073 722 5128 usi
746 5090 958 5138 sumus,
989 5075 1125 5132 satis
1152 5091 1253 5132 nos
1286 5077 1596 5134 ostendisse
1627 5080 1981 5147 arbitramur,

401 5163 538 5218 nihil
567 5166 802 5236 amplius
821 5182 988 5237 quam
1007 5167 1246 5238 reliquas
1271 5178 1479 5240 gentes,
1516 5171 1719 5228 habere
1736 5171 1972 5229 ludaros.

403 5253 532 5312 Sive
561 5259 707 5314 enim
739 5259 886 5316 illius
911 5261 1073 5316 amici
1109 5261 1201 5317 Dei
1224 5261 1457 5318 Abrabaa
1485 5265 1884 5322 benedictionis
1919 5281 1978 5321 se

399 5350 551 5406 solos
597 5350 785 5406 dicunt
814 5369 938 5409 esse
961 5356 1274 5425 participes,
1308 5365 1592 5426 prepterea
1618 5357 1766 5427 quod
1798 5358 1979 5412 abillo

355 5484 367 5497 .
399 5442 514 5494 sint
535 5441 754 5496 oriundi
793 5461 806 5497 :
833 5443 946 5511 jam
975 5443 1120 5501 Deus
1149 5446 1330 5516 palam
1353 5448 1630 5516 pollicitus
1659 5458 1763 5514 est,
1799 5452 1976 5517 genti-

396 5530 502 5584 bus
523 5544 742 5599 quoque
778 5548 962 5600 parem
1007 5549 1114 5589 non
1141 5536 1304 5591 modo
1357 5537 1460 5608 ipsi
1490 5539 1743 5603 Abrahae,
1785 5539 1881 5594 sed
1925 5547 1978 5593 et

398 5627 573 5688 tsaac,
619 5631 671 5677 et
722 5622 892 5680 Jacob
947 5626 1380 5683 benedictionem
1435 5646 1494 5685 se
1530 5631 1973 5701 impcrtiturum:

467 5780 512 5810 ’⁵
549 5778 648 5834 lsa.
688 5797 738 5846 L,
777 5782 960 5841 18,19.

1037 5785 1080 5811 9“
1113 5784 1215 5839 lsa.
1245 5801 1318 5845 ιι,
1360 5785 1467 5839 ίσῦ.

1549 5786 1842 5844 “15mm
1884 5787 2016 5840 I-ll.

2084 4630 2184 4700 τῆς
2201 4628 2370 4698 αὐτῆς
2393 4626 2698 4690 ὑποθέσεως
2718 4625 3085 4698 προφητειῶν,
3107 4628 3227 4688 ταῖς
3252 4624 3668 4696 παρατεθεῖσαις

2092 4719 2419 4793 μαρτυρίαις
2460 4717 2931 4790 ἀρκεσθησόμεθα,
2983 4718 3078 4770 καὶ
3114 4715 3257 4770 κατὰ
3297 4717 3484 4787 καιρὸν
3512 4713 3670 4782 αὖθις

2088 4809 2450 4872 ἀναλαϐόντες
2478 4806 2891 4878 ὲξομαλίσομεν·
2940 4807 3230 4878 ἡγούμενοι
3259 4806 3395 4870 τέως
3421 4805 3666 4877 δαψιλέσι

2088 4903 2210 4962 ταῖς
2233 4898 2431 4964 λέξεσι,
2470 4898 2565 4951 καὶ
2587 4898 2706 4960 ταῖς
2733 4896 2842 4950 ἀπὸ
2867 4897 3069 4948 τούτων
3102 4894 3428 4966 μαρτυρίαις
3459 4911 3662 4966 κεχρη-

2090 4991 2262 5062 μένοι,
2308 4989 2506 5054 ἱκανῶς
2549 4986 2946 5058 ἀποδεδειχέναι
2980 4987 3142 5056 μηδὲν
3171 4987 3327 5039 πλέον
3357 4985 3498 5055 ἔχειν
3534 4987 3666 5039 Ἰου-

2085 5080 2267 5146 δαίους
2289 5082 2395 5136 τῶν
2417 5079 2618 5136 λοιπῶν
2641 5079 2829 5134 ἐθνῶν.
2854 5077 2977 5129 Εἴτε
3007 5075 3114 5148 γὰρ
3137 5075 3235 5146 τῆς
3262 5075 3356 5128 τοῦ
3386 5075 3663 5144 Θεοφιλοῦς

2096 5175 2346 5248 Ἀϐρααμ
2377 5175 2628 5245 εὐλογίας
2658 5174 2854 5246 μόνους
2883 5173 3078 5236 αὐτούς
3107 5190 3264 5242 φασιν
3295 5167 3437 5226 εἶναι
3469 5189 3672 5225 acervo)-

2085 5272 2228 5336 νοὺς,
2249 5269 2336 5323 διὰ
2355 5268 2415 5320 τὸ
2436 5266 2494 5333 ἐξ
2515 5263 2678 5318 αὑτοῦ
2699 5261 2961 5328 κατάγειν
2981 5259 3039 5312 τὸ
3059 5259 3234 5326 γένος·
3263 5258 3398 5311 ἀλλά
3420 5257 3659 5319 καὶτοῖς

2088 5363 2261 5416 ἔθνεσι
2290 5361 2390 5430 τῆς
2422 5360 2541 5427 ἴσης
2570 5354 2648 5424 τῷ
2681 5353 2930 5422 Ἀϐραὰμ
2966 5353 3025 5405 οὐ
3075 5351 3251 5421 μόνον,
3284 5348 3417 5402 ἀλλά
3445 5348 3540 5401 καὶ

2085 5453 2294 5516 Ἰσαὰκ,
2341 5452 2434 5503 καὶ
2477 5448 2555 5518 τῷ
2582 5446 2776 5502 Ἰακειὸ
2811 5444 3064 5512 εὐλογίας
3109 5440 3435 5512 μεταδώσειν
3476 5441 3651 5508 ἐπήγ-

2087 5545 2270 5612 γελται
2290 5561 2303 5573 ·
2333 5542 2624 5614 διαρρήδην
2667 5538 3119 5609 εὐλογηϐἠσεσθαι
3149 5535 3350 5606 ὁμοίως
3378 5533 3554 5587 παντά
3585 5533 3654 5586 τὰ

2088 5637 2215 5706 ἔθνη
2249 5632 2542 5706 προειπὼν,
2572 5633 2664 5686 καὶ
2699 5632 2804 5684 ὑπὸ
2839 5630 2964 5702 μίαν
2993 5629 3087 5682 καὶ
3115 5627 3210 5698 τὴν
3243 5625 3412 5694 αυτῆν
3443 5625 3650 5696 εὐφρο-

2097 5788 2140 5819 ε³
2168 5786 2296 5840 ibid.
2329 5784 2410 5840 19.
