4106 6426
361 399 455 454 121

1254 397 1902 458 DEMONSTRATIONIS
1953 404 2411 462 EV’ANGELlC/E
2468 407 2595 463 LIB.
2636 409 2700 463 11.

3497 416 3600 469 122

358 520 522 590 σύνην
554 517 665 580 τοῖς
693 515 979 588 μακαρίοις
1005 514 1098 567 xui
1118 513 1382 583 θεοφιλέσι
1405 514 1497 568 xui
1525 516 1591 568 τὰ
1619 517 1777 569 λοιπὰ
1799 517 1905 570 ἔθνι

2028 520 2225 589 quippe
2251 521 2344 591 qui
2376 521 2775 577 benedicendas
2804 537 2927 578 esse
2956 522 3178 590 itidem,
3219 537 3277 581 ut
3306 526 3432 584 illos
3479 544 3599 582 om-

354 608 809 679 ἀνακαλούμενος.
861 606 1000 659 κατὰ
1042 607 1120 658 τό·
1167 626 1183 656 ι
1224 607 1572 677 Εὐφράνθητε
1612 607 1736 678 ἔθνη
1783 610 1920 679 μετά

353 702 444 755 τοῦ
473 701 600 755 λαοῦ
624 700 806 754 αὐτοῦ·
838 719 855 750 ι
894 699 1007 752 καί·
1043 717 1061 748 ι
1092 699 1378 770 ’Ἄρχοντες
1407 698 1549 751 λαῶν
1582 700 1921 771 συνήχθησαν

359 789 491 859 μετὰ
515 788 607 841 τοῦ
630 788 763 840 Θεοῦ
802 787 1066 858 Ἀϐραάμ·
1100 806 1117 836 ›
1144 787 1252 838 εἴτε
1274 788 1363 839 ἐπὶ
1390 788 1633 860 βασιλεία
1649 789 1740 841 τοῦ
1764 789 1917 851 Θεοῦ,

354 880 507 933 ὡσὰν
527 879 690 933 αὐτοῦ
714 880 994 948 γεγονότες
1015 878 1231 948 κλῆρος,
1260 879 1642 949 φρυάττονται,
1672 880 1805 932 ἀλλὰ
1829 880 1920 932 καὶ

357 973 446 1025 ἐπὶ
482 972 656 1024 πάντα
684 971 752 1024 τὰ
785 971 945 1023 λοιπὰ
979 970 1105 1041 ἔθνη
1148 970 1481 1040 βασιλεύσειν
1514 974 1541 1024 ὁ
1574 973 1705 1035 Θεὸς
1735 974 1922 1025 θεσπί-

360 1065 532 1130 ζεται·
574 1083 591 1113 ι
631 1063 830 1115 Εἴπατε
872 1082 890 1112 ι
922 1062 1049 1131 γὰρ,
1079 1062 1258 1132 φησὶν,
1296 1082 1314 1113 ε
1344 1065 1398 1114 ἐν
1432 1066 1541 1127 τοῖς
1572 1064 1798 1127 ἔθνεσιν,
1838 1067 1917 1118 ὅτι

354 1155 561 1227 Κύριος
604 1155 937 1208 ἐϐασίλευσε.
970 1173 988 1204 ι
1045 1154 1153 1205 Καὶ
1192 1154 1369 1206 πάλιν·
1420 1174 1437 1205 ι
1484 1155 1860 1219 Ἐϐασίλευσεν
1892 1159 1920 1209 ὁ

357 1249 486 1311 Θεὸς
516 1249 606 1301 ἐπὶ
641 1247 815 1300 πάντα
847 1246 916 1298 τὰ
945 1246 1089 1315 ἔθνη·
1128 1247 1236 1299 εἴτε
1272 1248 1363 1299 ἐπὶ
1396 1247 1454 1298 τὸ
1490 1248 1789 1318 ἱερουργεῖν
1826 1248 1920 1300 καὶ

354 1345 432 1415 τῷ
460 1344 578 1415 Θεῷ
616 1343 894 1415 λατρεύειν
926 1341 1217 1411 ἐξειλέχθαι
1259 1342 1452 1402 αὐτοὺς
1487 1344 1660 1408 φαῖεν,
1684 1340 1920 1393 δεικτέον

354 1438 430 1500 ώς
452 1438 541 1489 καί
567 1439 676 1499 τοῖς
695 1435 871 1488 ἒθνεσι
894 1435 992 1503 τῆς
1017 1435 1136 1504 ἴσης
1156 1436 1183 1485 ὁ
1210 1433 1363 1500 λόγος
1392 1431 1718 1502 μεταδώσειν
1750 1434 1918 1502 ἐπήγ-

354 1529 537 1597 γελται
580 1528 887 1597 θεραπείας,
929 1528 1118 1596 λέγων’
1161 1546 1179 1579 ι
1224 1529 1503 1595 Ἐνέγκατε
1543 1527 1616 1596 τῷ
1648 1528 1832 1598 Κυρίῳ
1864 1530 1917 1580 αἰ

355 1620 579 1691 πατριαὶ
607 1620 711 1672 τῶν
736 1621 920 1682 ἐθνῶν,
948 1621 1205 1686 ἐνέγκατε
1231 1619 1306 1688 τῷ
1334 1618 1519 1688 Κυρίῳ
1546 1619 1701 1685 δόξαν
1727 1619 1820 1671 xui
1838 1632 1916 1670 τι·

356 1713 482 1782 μήν·
516 1712 681 1782 ἄρατε
720 1711 928 1773 θυσίας,
972 1711 1064 1764 xui
1104 1710 1483 1781 εἰσπορεύεσθε
1512 1712 1591 1773 εἰς
1623 1711 1719 1773 τὰς
1749 1709 1918 1773 αὐλὰς

353 1805 536 1856 αὐτοῦ’
570 1824 587 1854 ι
610 1799 689 1866 οἷς
712 1806 803 1856 xui
821 1805 880 1856 τὸ
905 1803 1053 1874 παρὰ
1083 1802 1159 1872 τῷ
1175 1802 1366 1873 Ἡσαΐᾳ
1388 1802 1637 1870 συνάψεις
1666 1801 1861 1869 λόγιον,
1892 1820 1910 1849 ι

351 1896 413 1949 τὸ
438 1897 633 1966 φῆσαν·
670 1914 687 1945 ι
727 1896 917 1948 Ἔσται
950 1895 1326 1965 θυσιαστήριον
1355 1893 1435 1964 τῷ
1466 1894 1651 1964 Κυρίῳ
1677 1894 1733 1945 έν
1764 1891 1917 1963 χώρει

351 1987 646 2056 Αἰγύπτου,
676 1987 771 2040 xui
811 1986 1108 2055 γνώσονται
1140 1988 1187 2038 oi
1235 1984 1523 2052 Αἰγύπτιοι
1562 1985 1650 2037 τὸν
1687 1985 1911 2054 Κύριον,

350 2078 444 2131 καὶ
477 2079 759 2148 ποιήσουσι
788 2076 994 2139 θυσίας,
1020 2077 1113 2129 xui
1142 2075 1383 2139 εὔξονται
1413 2075 1575 2144 εὐχὰς
1603 2074 1680 2144 τῷ
1705 2074 1912 2145 Κυρίῳ,

351 2170 440 2222 καὶ
475 2168 857 2222 ἀποδώσουσιν.
898 2188 917 2219 ι
974 2169 1139 2220 Ἔνθα
1182 2169 1273 2220 xui
1315 2167 1627 2237 ἐπιστήσεις
1659 2166 1732 2227 ὡς
1762 2164 1916 2226 ἐκτὸς

348 2261 447 2331 τῆς
489 2262 840 2333 Ἰερουσαλὴμ
866 2262 963 2313 ἐπὶ
993 2260 1090 2329 τῆς
1130 2258 1399 2326 Αἰγύπτου
1435 2257 1812 2325 θυσιαστήριον
1839 2254 1914 2324 τῷ

352 2352 544 2423 Κυρίῳ
576 2352 954 2420 συστήσεσθαι,
1009 2352 1102 2403 xui
1149 2350 1330 2401 θύσειν
1373 2346 1556 2400 αὐτόθι
1596 2348 1721 2407 τους
1748 2346 1912 2412 Αἰγυ-

350 2440 555 2503 πτίους,
581 2442 673 2493 xui
700 2440 946 2507 εῦξεσθαι
974 2440 1153 2509 εὐχὰς,
1176 2440 1269 2491 καὶ
1295 2436 1681 2505 ἀποδώσειντῴ
1708 2436 1911 2505 Κυρίῳ,

351 2533 765 2604 προφητεύεται.
804 2534 876 2585 υύ
915 2533 1069 2602 μόνον
1114 2530 1168 2583 δὲ
1211 2530 1317 2600 ἄρα
1356 2530 1446 2581 ὲπί
1477 2528 1575 2597 τῆς
1616 2526 1910 2593 Αἰγύπτου,

348 2622 483 2675 ἀλλὰ
513 2624 603 2675 xui
644 2625 729 2676 ἐπ’
775 2623 944 2692 αὐτῆς
984 2623 1081 2692 τῆς
1119 2620 1351 2689 ἀληθοῦς
1391 2618 1759 2690 Ἰερουσαλὴμ,
1792 2618 1912 2687 ἥτις

348 2714 477 2765 ποτὲ
508 2714 641 2784 αὕτη
674 2718 891 2775 νοεῖται,
935 2714 1109 2765 πάντα
1150 2713 1215 2765 τά
1260 2712 1406 2781 ἔθνη,
1463 2711 1555 2763 xui
1591 2710 1740 2763 αύτοί
1769 2727 1830 2777 γε
1862 2712 1910 2761 οἰ

345 2802 557 2856 πάντων
590 2804 1129 2874 δεισιδαιμονέστατοι
1174 2803 1456 2870 Αἰγύπτιοι
1501 2802 1597 2871 τὴν
1630 2801 1770 2854 κατὰ
1799 2802 1912 2854 διά-

342 2910 487 2947 νοιαν
531 2895 907 2967 θεωρουμένην
948 2895 1318 2965 σκηνοπηγίαν
1363 2893 1638 2963 ἑορτάσειν
1678 2893 1781 2945 ὑπὸ
1811 2893 1909 2962 τῆς

343 2989 677 3059 προφητείας
703 2988 1116 3042 ἀνακαλοῦνται.
1154 2988 1215 3039 Εἰ
1247 2987 1301 3039 δὲ
1328 2987 1422 3039 xui
1449 2986 1614 3040 πάλαι
1649 2986 1909 3057 πρότερον

340 3079 392 3146 ὲγ
407 3078 569 3151 ενήθη
601 3081 756 3151 μερὶς
782 3080 985 3151 Κυρίου
1015 3079 1139 3141 λαὸς
1168 3077 1327 3131 αὑτοῦ
1381 3078 1590 3141 Ἰακὼϐ,
1624 3077 1910 3148 σχοίνισμα

2024 627 2122 665 nes
2135 620 2320 681 gentes
2340 614 2649 681 praedixerit
2672 656 2686 679 ,
2706 621 2759 668 et
2777 616 2878 669 sub
2903 632 3066 671 unam
3104 620 3439 690 eandemque
3468 636 3592 675 cum

2023 701 2195 756 beatis
2219 702 2346 763 illis,
2384 703 2585 773 Deique
2641 706 2832 761 amicis
2866 707 2994 762 viris
3038 709 3299 769 laetitiam.
3352 713 3595 781 reliquas

2008 810 2237 863 quoque
2288 803 2476 865 gentes
2530 797 2719 851 invitet
2753 838 2768 862 ,
2799 799 2953 867 juxta
3001 802 3168 857 illud:
3214 821 3232 853 ι
3290 804 3592 871 Lzetamini,

2021 894 2227 955 gentes,
2253 904 2373 939 cum
2396 890 2593 957 populo
2626 893 2743 955 ejus
2773 891 2816 920 ³³
2849 909 2860 943 :
2910 911 2926 942 ι
2955 891 3019 945 Et
3043 894 3171 948 illud
3212 914 3224 949 :
3257 916 3275 945 ι
3309 895 3593 966 Principes

2023 976 2342 1044 populorum
2376 980 2686 1047 congregati
2725 989 2852 1033 sunt
2902 997 3023 1035 cum
3059 983 3164 1038 Deo
3206 986 3518 1042 Abraham:
3563 1008 3582 1039 ι

2022 1070 2134 1122 sive
2162 1068 2228 1122 de
2256 1069 2365 1138 ϐο
2399 1086 2565 1139 regno
2597 1070 2710 1133 Dei,
2756 1074 2911 1140 quasi
2956 1075 3101 1130 illius
3142 1076 3269 1131 facti
3324 1079 3586 1144 haeredes,

2020 1160 2357 1227 gloriantur:
2386 1161 2497 1228 jam
2532 1162 2583 1213 in
2619 1163 2842 1231 reliquis
2866 1181 3083 1234 quoque
3116 1168 3365 1235 gentibus
3396 1187 3590 1240 regna-

2023 1256 2201 1302 turum
2247 1248 2434 1313 Deum,
2486 1253 2668 1305 divina
2714 1257 2933 1307 oracula
2992 1258 3332 1312 ostendunt:
3370 1254 3591 1317 «Dicite

2019 1342 2186 1403 enim,
2215 1341 2408 1410 inquit.
2460 1342 2513 1395 in
2543 1345 2831 1412 gentibus,
2885 1348 3029 1415 quod
3078 1348 3338 1404 Dominus
3389 1366 3585 1420 regna-

2020 1429 2094 1480 vit
2129 1429 2144 1458 ¹
2183 1449 2229 1482 ,ι
2274 1429 2337 1481 Et
2369 1445 2561 1487 rursus
2596 1450 2608 1485 :
2658 1451 2676 1483 ι
2734 1433 3000 1503 Regnavit
3034 1437 3176 1492 Deus
3205 1455 3369 1509 super
3398 1456 3588 1497 omnes

2021 1528 2207 1589 gentes
2230 1525 2287 1577 ἐ
2324 1542 2342 1573 ι
2372 1525 2486 1578 sive
2516 1526 2581 1577 ad
2617 1528 2906 1581 sacerdotii
2938 1546 3157 1594 munus,
3192 1542 3246 1586 et
3280 1535 3346 1586 ad
3382 1536 3587 1589 cultum

2021 1612 2129 1666 Deo
2158 1613 2519 1669 exhibendum
2552 1634 2609 1672 se
2630 1620 2831 1674 electos
2857 1622 3130 1687 dictitant,
3157 1624 3587 1680 demonstratum

2018 1707 2154 1771 erit;
2190 1708 2646 1774 quemadmodum
2699 1713 2952 1780 gentibus
2978 1731 3217 1784 quoque,
3250 1719 3456 1787 tequale
3486 1719 3590 1771 mi.

2019 1798 2304 1852 nisterium
2339 1816 2518 1854 sermo
2552 1803 2770 1857 divinus
2801 1821 2859 1859 se
2883 1807 3291 1876 impertiturum
3325 1812 3588 1880 promise-

2018 1891 2109 1950 rit,
2144 1890 2234 1942 ubi
2266 1890 2339 1942 ait
2377 1909 2391 1945 :
2428 1911 2447 1941 ι
2483 1892 2680 1948 All‘erte
2730 1894 2956 1949 Domino
2981 1937 2995 1961 ,
3050 1900 3266 1954 familia
3321 1902 3584 1970 gentium,

2017 1980 2204 2034 aﬁ‘erte
2234 1980 2463 2036 Domino
2498 1985 2724 2052 gloriam
2753 1996 2807 2039 et
2830 1988 3087 2043 honorem
3117 2010 3128 2043 :
3158 1994 3328 2044 tollite
3353 1993 3583 2059 hostias,

2015 2079 2067 2124 et
2093 2072 2441 2141 ingredimini
2475 2075 2526 2126 in
2560 2077 2697 2128 atria
2724 2076 2844 2145 ejus
2877 2080 2897 2109 ³
2932 2098 2944 2132 :
2981 2100 2999 2130 ι
3033 2081 3233 2149 quibus
3258 2083 3421 2136 etiam
3454 2084 3585 2138 illud

2015 2163 2156 2232 apud
2182 2163 2372 2219 Isaiam
2420 2168 2646 2220 oraculu
2674 2186 2701 2219 ιι
2736 2169 3038 2239 adjungere
3061 2173 3283 2240 poteris.
3316 2173 3461 2241 quod
3511 2174 3586 2228 ita

2015 2255 2215 2309 habet:
2253 2274 2271 2306 ι
2311 2256 2373 2308 Ει
2397 2258 2567 2312 altare
2604 2259 2834 2313 Domino
2875 2263 3098 2317 interra
3141 2264 3379 2334 Egypti,
3414 2274 3466 2320 et
3493 2282 3587 2321 co-

2012 2355 2274 2416 gnoscent
2306 2347 2543 2419 ngyptii
2591 2349 2898 2415 Dominum,
2951 2361 3003 2408 et
3039 2353 3237 2409 facient
3296 2357 3585 2425 sacriﬁcia,

2012 2449 2064 2492 et
2096 2441 2367 2493 vovebnnt
2403 2452 2522 2494 vota
2557 2441 2807 2506 Domino,
2842 2452 2896 2497 et
2921 2445 3148 2499 reddent
3179 2446 3221 2499 ⁸.
3263 2466 3283 2498 ι
3319 2445 3424 2501 Ubi
3455 2448 3584 2501 item

2013 2529 2142 2582 illud
2177 2530 2274 2583 tibi
2299 2531 2401 2583 erit
2431 2532 2891 2586 considerandum
2920 2536 3200 2597 attentius,
3242 2538 3388 2605 quod
3431 2548 3586 2591 extra

1982 2674 1985 2677 _
2008 2617 2306 2673 Jerusalem
2334 2621 2385 2672 in
2415 2620 2649 2689 ZEgypto
2671 2622 2840 2675 altare
2862 2620 3090 2677 Domino
3116 2628 3582 2693 constituendum,

2009 2716 2063 2764 et
2094 2711 2205 2763 illic
2242 2712 2651 2766 sacrilicaturos
2677 2710 2989 2782 Egyptios,
3015 2723 3249 2784 votaque
3279 2715 3510 2770 Domino
3533 2728 3586 2771 et

2010 2798 2270 2864 facturos,
2297 2812 2347 2854 et
2372 2801 2684 2857 reddituros
2713 2803 2996 2871 prephetia
3028 2805 3316 2875 signiﬁcet.
3350 2806 3465 2860 Non
3493 2823 3582 2861 er-

2010 2906 2077 2954 go
2100 2893 2152 2944 in
2178 2892 2413 2963 {Egypto
2437 2894 2613 2948 solum
2643 2934 2657 2959 ,
2696 2896 2788 2950 sed
2825 2897 2878 2949 in
2908 2898 3021 2965 ipsa
3066 2914 3282 2965 quoque
3322 2914 3449 2953 vera
3495 2897 3586 2955 Je—

2009 2983 2271 3046 rusalem,
2331 3000 2670 3054 quaecunque
2717 3002 2781 3041 ea
2830 2988 3180 3057 intelligatur,
3215 3004 3403 3043 omnes
3453 3005 3585 3057 gen—

2010 3081 2116 3139 tes,
2169 3090 2383 3129 necnon
2416 3076 2520 3146 ipsi
2552 3078 2794 3132 omnium
2846 3080 3369 3148 superstitiosissimi
3415 3081 3583 3152 [Egy-

340 3172 703 3245 κληρονομίας
742 3171 905 3225 αὐτοῦ
960 3172 1191 3243 Ἰσραὴλ,
1236 3170 1369 3224 ἀλλὰ
1400 3169 1623 3239 ὕστερόν
1663 3186 1791 3221 ποτε
1818 3169 1905 3222 καὶ

2016 3167 2132 3235 ptii,
2167 3166 2234 3220 ad
2264 3166 2317 3220 id
2339 3169 2480 3237 quod
2514 3185 2576 3223 ex
2608 3172 2900 3235 sententia,
2934 3188 3041 3227 non
3083 3187 3149 3226 ex
3180 3175 3386 3243 scripto
3412 3175 3582 3228 inter-

338 3263 407 3317 τὰ
433 3263 555 3335 ἔθνη
588 3264 763 3316 πάντα
787 3263 864 3333 τῷ
888 3264 1077 3333 Κυρίῳ
1098 3261 1413 3333 δοθήσεσθαι
1443 3261 1642 3331 κλῆρος
1668 3259 1902 3331 εἴρηται,

341 3357 607 3427 φήσαντος
633 3354 780 3425 αὐτῷ
802 3353 894 3407 τοῦ
923 3356 1153 3426 Πατρός⁸
1187 3373 1202 3404 ι
1227 3354 1454 3422 Αῖτησαι
1483 3354 1608 3422 παρ’
1632 3351 1785 3422 ἐμοῦ,
1812 3353 1905 3405 καί

337 3446 493 3501 δώσω
530 3465 610 3500 σοι
647 3447 771 3518 ἔθνη
805 3447 899 3518 τὴν
932 3446 1293 3518 κληρονομίαν
1331 3461 1442 3497 σου.
1477 3463 1495 3494 ι
1530 3445 1639 3496 Καὶ
1667 3442 1775 3513 γὰρ
1806 3460 1905 3497 κα·-

336 3536 714 3608 τακυριεύσειν
761 3538 821 3589 ού
856 3537 953 3607 τῆς
997 3536 1274 3598 Ἰουδαίας,
1322 3534 1434 3587 ἀλλ’
1480 3535 1586 3586 ἀπὸ
1629 3533 1902 3604 θαλάσσης

338 3629 442 3691 ἕως
480 3627 773 3697 θαλάσσης,
809 3627 901 3680 xui
931 3628 1181 3699 περάτων
1207 3626 1307 3696 τῆς
1341 3626 1664 3697 οἰκουμένης
1702 3642 1904 3696 προφη-

337 3719 569 3774 τεύεταιο
603 3737 621 3768 ι
650 3717 833 3770 Πάντα
861 3734 919 3771 τε
944 3717 1014 3770 τὰ
1046 3717 1169 3788 ἔθνη
1201 3716 1571 3769 δουλεύσουσιν
1608 3716 1774 3785 αὐτῷ,
1810 3719 1903 3769 καὶ

338 3810 842 3879 ἐνευλογηθήσονται
878 3812 934 3862 ἐν
962 3808 1108 3877 αύτῷ
1140 3810 1213 3860 πᾶ
1226 3825 1307 3860 σαι
1337 3808 1391 3859 αἱ
1417 3807 1577 3875 φυλαὶ
1599 3807 1698 3876 τῆς
1723 3808 1842 3877 γῆς.
1876 3826 1895 3857 ι

337 3901 537 3955 Τούτου
564 3901 617 3952 δὲ
646 3896 712 3970 ἦν
746 3901 937 3961 αἴτιον,
972 3899 1032 3951 τὸ
1063 3898 1326 3968 γνωρίσαι
1357 3897 1431 3967 (l)
1462 3897 1568 3950 τῶν
1603 3897 1737 3949 ὅλων
1768 3898 1901 3949 Θεὸν

335 3992 426 4044 τὸν
451 3992 711 4062 σωτήριον
734 3988 894 4042 αὐτοῦ
913 3986 1139 4041 ἐνώπιον
1158 3987 1371 4039 πάντων
1387 3986 1491 4039 τῶν
1510 3985 1697 4040 ἐθνῶν.
1730 3986 1898 4057 Σεση-

339 4082 561 4152 μείωται
589 4081 644 4135 δῖε
674 4083 802 4152 ἡμῖν
831 4081 931 4150 ἤδη
956 4081 1215 4151 πρότερον
1245 4079 1306 4131 τὸ
1333 4079 1571 4147 Ἰησοῦς
1599 4078 1787 4149 ὄνομα,
1821 4081 1901 4143 εἰς

334 4177 430 4247 τήν
481 4173 747 4244 Ἑλλήνων
798 4173 905 4226 ἀπὸ
956 4174 1080 4244 τῆς’
1122 4171 1382 4243 Ἑϐραίων
1436 4171 1898 4243 μεταϐαλλόμενον

334 4264 540 4334 φωνῆς,
571 4263 866 4331 Σωτήρων
904 4262 1316 4335 ἑρμηνεύεσθαι,
1364 4263 1438 4326 ὠς
1494 4262 1657 4333 μηδὲν
1716 4262 1898 4333 ἕτερον

333 4352 470 4409 εἶναι
519 4355 579 4408 τὸ
629 4356 929 4423 Σωτήρων
953 4355 1058 4408 τοῦ
1083 4354 1232 4409 Θεοῦ
1266 4355 1299 4425 ἢ
1333 4354 1429 4426 τὴν
1484 4352 1578 4406 τοῦ
1648 4354 1899 4424 Σωτῆρος

332 4447 487 4519 ἡμῶν
577 4446 750 4518 Ἰησοῦ
828 4446 1061 4518 Χριστοῦ
1147 4446 1536 4517 προσηγορίαν.
1617 4447 1899 4517 Μαρτυρεῖ

2010 3258 2332 3327 pretandum
2362 3260 2453 3323 sit,
2495 3260 2966 3317 tabernaculorum
3023 3266 3266 3328 solenne,
3298 3268 3580 3321 celebrau-

2010 3349 2159 3415 dum,
2190 3350 2509 3407 invitantur.
2532 3353 2685 3418 Quod
2715 3355 2760 3410 si
2786 3355 2913 3408 olim
2941 3355 3114 3409 factus
3138 3364 3222 3411 est
3256 3374 3275 3405 σ
3316 3374 3439 3427 pars
3473 3359 3582 3414 Do-

2010 3439 2142 3494 mini
2168 3442 2400 3511 populus
2420 3442 2538 3510 ejus
2575 3442 2766 3509 Jacob,
2800 3443 3076 3501 funiculus
3109 3446 3437 3503 hareditatis
3459 3450 3579 3520 ejus

2009 3528 2175 3585 Israel
2207 3533 2250 3596 ⁵,
2292 3550 2311 3583 ι
2361 3540 2416 3585 at
2445 3533 2500 3586 in
2535 3543 2812 3603 posterum
2834 3575 2849 3599 ,
2899 3544 3087 3607 gentes
3114 3553 3330 3607 quoque
3362 3555 3574 3595 omnes.

2008 3620 2239 3677 Domino
2270 3624 2325 3676 in
2364 3631 2566 3678 sortem
2591 3641 2713 3679 esse
2739 3627 3077 3689 tribuendas,
3105 3629 3309 3685 dictum
3335 3639 3445 3686 est:
3483 3632 3578 3687 ubi

2006 3711 2258 3767 videlicet
2304 3713 2378 3766 illi
2410 3715 2488 3767 sic
2517 3715 2592 3767 ait
2626 3714 2821 3770 Pater:
2862 3737 2878 3765 ι
2916 3717 3136 3773 Postula
3165 3737 3194 3773 a
3226 3730 3398 3783 me,et
3433 3722 3578 3777 dabo

2007 3801 2104 3855 tibi
2159 3810 2347 3871 gentes
2380 3803 2746 3859 hereditatem
2782 3813 2927 3858 tuam
2954 3807 2995 3861 ⁸.
3029 3827 3048 3858 ι
3085 3808 3295 3863 Etenim
3329 3810 3580 3864 domina-

2006 3898 2189 3944 turum
2218 3907 2339 3947 esse
2366 3907 2476 3946 non
2516 3897 2570 3946 in
2600 3890 2785 3947 Judzea
2815 3896 3015 3959 solum,
3059 3897 3151 3951 sed
3180 3914 3210 3949 a
3235 3898 3367 3951 mari
3403 3915 3577 3967 usque

2007 3983 2073 4037 ad
2100 3998 2269 4047 mare,
2326 3994 2379 4040 et
2410 3984 2543 4041 ﬁnes
2592 3986 2741 4041 orbis
2785 3997 2963 4049 terrae,
2994 3989 3272 4068 prophetia
3303 3991 3499 4043 clamat
3528 3989 3578 4054 ",

2004 4091 2304 4146 omnesque
2336 4077 2414 4130 illi
2446 4085 2633 4147 gentes
2653 4094 2777 4134 esse
2800 4081 3118 4141 serviturus,
3157 4081 3579 4135 benedicendas—

2004 4183 2110 4237 que
2134 4182 2254 4221 esse
2283 4168 2336 4221 in
2357 4182 2422 4222 eo
2447 4184 2638 4224 omnes
2660 4170 2836 4225 tribus
2861 4178 3035 4225 terra).
3062 4170 3174 4226 Hac
3202 4181 3380 4226 autem
3406 4188 3581 4227 causa

2004 4258 2107 4312 hoc
2143 4258 2343 4312 factum
2378 4267 2482 4324 est,
2509 4269 2566 4313 ut
2593 4260 2733 4317 Deus
2762 4264 3003 4318 universi
3035 4264 3089 4316 in
3125 4277 3421 4334 conspectu
3453 4279 3574 4319 om-

2003 4349 2152 4403 nium
2188 4350 2453 4420 gentium,
2517 4353 2757 4409 salutare
2810 4370 2971 4409 suum
3034 4364 3225 4409 notum
3262 4356 3466 4411 laceret
3495 4356 3516 4388 ³
3553 4377 3567 4411 :

2003 4457 2104 4498 nos
2132 4456 2260 4496 vero
2278 4442 2389 4511 jam
2415 4451 2541 4499 ante
2595 4445 2905 4501 notavimus
2936 4461 3133 4500 nomen
3174 4446 3354 4513 Jesus,
3408 4448 3454 4501 si
3502 4462 3575 4503 ex

331 4539 503 4609 τούτῳ
540 4538 633 4592 καὶ
670 4540 697 4591 ὁ
734 4539 956 4609 Συμεὼν
996 4539 1051 4591 ὲν
1087 4536 1164 4608 τῷ
1202 4537 1537 4607 Εὐαγγελίῳ,
1590 4537 1667 4601 ὃς,
1718 4537 1897 4590 λαϐὼν

2008 4533 2265 4588 llebraica
2299 4534 2481 4605 lingua
2535 4536 2589 4589 in
2643 4536 2885 4591 Graecam
2946 4547 3334 4603 convertatur,
3384 4540 3569 4610 Σωτή-

328 4631 389 4684 τὸ
447 4631 678 4694 παιδίον,
729 4630 886 4684 αὐτὸν
941 4628 1003 4700 δὴ
1058 4629 1147 4681 τὸν
1215 4628 1440 4699 Ἰησοῦν,
1495 4628 1629 4697 μετὰ
1682 4632 1890 4699 χεῖρας,

326 4721 618 4792 ἐπηύξατο·
665 4738 684 4771 ι
723 4720 835 4773 Νῦν
872 4718 1122 4782 ἀπολύεις
1151 4719 1240 4771 τὸν
1272 4719 1454 4772 δοῦλόν
1486 4736 1599 4783 σου,
1625 4719 1888 4782 Δέσποτα,

325 4812 468 4866 κατὰ
505 4812 566 4864 τὸ
602 4811 753 4882 ῥῆμά
789 4829 898 4871 σου,
929 4813 986 4862 ἐν
1040 4812 1225 4881 εἰρήνῃ
1247 4827 1260 4840 '
1311 4812 1391 4864 ὅτι
1426 4807 1562 4863 εἶδον
1600 4812 1648 4862 οἱ
1686 4810 1890 4878 ὀφθαλ-

329 4904 421 4974 μοί
458 4918 557 4974 μου
590 4902 649 4955 τὸ
683 4903 945 4974 σωτήριόν
972 4919 1084 4966 σου,
1120 4901 1148 4954 ὃ
1171 4901 1471 4973 ἡτοίμασας
1500 4902 1640 4956 κατὰ
1673 4903 1890 4975 πρόσω-

325 5012 426 5047 πον
460 4994 674 5047 πάντων
698 4992 804 5045 τῶν
835 4994 999 5058 λαῶν,
1022 4992 1137 5063 φῶς
1175 4995 1255 5057 εἰς
1277 4993 1618 5063 ἀποκάλυψιν
1650 4993 1836 5049 ἐθνῶν.
1865 5014 1884 5046 ι

322 5086 464 5139 Αὐτὸ
501 5084 630 5155 γοῦν
657 5086 717 5138 τὸ
759 5087 1019 5157 σωτήριον
1050 5087 1143 5140 καὶ
1171 5089 1200 5140 ὁ
1224 5085 1524 5158 Ψαλμῳόὸς
1562 5087 1768 5158 ἐδήλου,
1803 5088 1890 5141 λέ-

323 5193 455 5243 γων·
486 5196 503 5228 ι
540 5175 831 5247 Ἐγνώρισε
868 5179 1067 5247 Κύριος
1096 5178 1155 5231 τὸ
1198 5182 1459 5251 σωτήριον
1491 5178 1653 5232 αὐτοῦ
1677 5219 1691 5243 ,
1733 5180 1889 5232 ἐναν-

322 5268 436 5321 τίον
462 5268 570 5321 τῶν
616 5267 785 5321 ἐθνῶν
809 5269 1124 5339 ἀπεκάλυψε
1161 5270 1258 5342 τὴν
1278 5271 1620 5340 δικαιοσύνην
1652 5269 1839 5324 αὐτοῦ.
1867 5289 1885 5321 ι

323 5354 434 5407 Καὶ
457 5353 598 5408 κατὰ
623 5355 712 5410 τὸν
747 5357 968 5409 Ἡσαΐαν
990 5358 1130 5411 τοῦτ’
1156 5359 1286 5412 αὐτὸ
1309 5360 1371 5412 τὸ
1399 5362 1662 5432 σωτήριον
1693 5360 1891 5424 ἰδόντες

323 5444 524 5508 πάντες
572 5445 877 5517 ἄνθρωποι,
933 5451 1325 5520 προσκυνήσειν
1369 5451 1611 5520 λέγονται
1658 5451 1735 5523 τῷ
1782 5452 1888 5505 τῶν

320 5534 456 5588 ὅλων
490 5534 607 5605 Θεῷ
637 5536 696 5589 τὸ
746 5538 1009 5609 σωτήριον
1063 5539 1225 5591 αὑτοῦ
1265 5542 1377 5603 τοῖς
1432 5543 1595 5594 πᾶσιν
1643 5542 1887 5612 ἀφθόνως

390 5653 436 5684 9°
468 5650 611 5707 Psal.
638 5669 783 5714 nvi,
816 5655 899 5709 lt).
998 5658 1013 5685 ³
1047 5653 1188 5710 Psal.
1225 5670 1347 5719 xcv,
1381 5657 1466 5710 l0.

322 5735 492 5783 xxxn,
525 5722 577 5775 9.
658 5722 838 5779 “Psal.
866 5741 925 5789 ιι,
986 5734 1049 5787 8.
1125 5724 1309 5780 7Psal.
1346 5742 1490 5789 ωωιι,
1529 5727 1581 5785 8.
1626 5730 1710 5793 il,
1746 5730 1826 5783 17.

395 5813 471 5880 (1)
503 5813 853 5869 Desideratur
876 5817 966 5870 τόν
1019 5816 1173 5871 Ευιτ.
1210 5817 1381 5871 Pun.

1570 5658 1590 5687 ¹
1614 5657 1756 5712 Psal.
1794 5675 1939 5719 XLVI,
1969 5658 2022 5712 9.
2127 5659 2146 5689 ³
2178 5659 2319 5714 Psal.
2353 5675 2474 5719 xcv,
2534 5659 2638 5725 7,8.
2713 5660 2733 5691 "
2758 5660 2858 5716 lsa.
2893 5678 2940 5716 x1

1571 5768 1581 5785 .
1626 5730 1710 5793 il,
1746 5730 1826 5783 17.
1908 5731 1930 5761 ⁸
1956 5727 2101 5786 Psal.
2135 5746 2297 5795 xcvn,
2328 5730 2381 5783 2.
2450 5730 2471 5761 ⁹
2499 5729 2628 5796 Luc,
2657 5745 2715 5793 ιι.
2748 5730 2940 5790 29-32.

2001 4642 2115 4696 ριον
2133 4625 2458 4695 signiﬁcare,
2478 4626 2621 4695 quod
2644 4627 2836 4683 Latine
2856 4629 3057 4683 dicitur
3078 4630 3336 4692 salutare,
3360 4640 3417 4684 ut
3431 4629 3568 4683 nihil

1997 4717 2143 4771 aliud
2157 4719 2226 4771 sit
2238 4716 2484 4772 Salutare
2496 4718 2592 4772 Dei
2601 4735 2761 4789 quam
2781 4719 3075 4775 Salvatoris
3087 4723 3261 4776 nostri
3276 4720 3400 4775 Jesu
3415 4720 3572 4775 Chri-

1995 4809 2066 4865 sti
2082 4810 2372 4879 appellatio
2398 4830 2410 4866 :
2430 4810 2556 4866 huic
2581 4811 2658 4866 rei
2685 4812 2842 4868 ﬁdem
2861 4815 2990 4869 facit
3007 4813 3228 4870 Simeon
3249 4816 3304 4868 in
3325 4814 3571 4884 Evange-

1993 4902 2085 4964 lio,
2108 4903 2200 4972 qui
2215 4911 2440 4974 accepto
2452 4919 2644 4973 puero,
2672 4905 2790 4975 ipso
2806 4906 2991 4975 utique
3009 4906 3162 4969 Jesu,
3184 4907 3325 4961 intra
3342 4920 3564 4970 manus,

1992 4994 2072 5049 sic
2098 4995 2273 5048 oravit
2309 5012 2323 5048 :
2358 5012 2379 5045 ι
2417 4993 2574 5049 Νυηο
2606 4994 2842 5053 dimittis
2868 5013 3084 5052 servum
3109 5005 3283 5059 tuum,
3311 4994 3564 5061 Domine,

1992 5085 2288 5141 secundum
2305 5087 2528 5142 verbum
2561 5094 2714 5142 tuum
2755 5088 2809 5142 in
2832 5103 2996 5159 pace:
3015 5089 3142 5158 quia
3159 5088 3561 5143 videruntoeuli

1988 5175 2091 5247 61
2129 5177 2237 5231 mei
2283 5175 2533 5231 Salutare
2566 5185 2742 5242 tuum,
2767 5180 2909 5249 quod
2961 5180 3163 5249 parasti
3198 5188 3323 5233 ante
3368 5178 3560 5234 faciem

1988 5271 2227 5324 omnium
2266 5271 2619 5340 populorum,
2660 5270 2842 5325 lumen
2890 5271 2958 5325 ad
3000 5270 3384 5325 revelationem
3428 5286 3562 5341 gen-

1987 5360 2123 5414 tium
2146 5363 2189 5414 ⁹.
2232 5381 2250 5411 ι
2303 5360 2418 5416 Hoc
2467 5362 2644 5432 ipsum
2691 5363 2856 5433 igitur
2910 5361 3180 5427 Salutare,
3216 5362 3557 5419 Psalmerum

1987 5468 2203 5523 quoque
2255 5462 2450 5509 auctor
2513 5456 2860 5527 signiﬁcavit,
2905 5470 3028 5509 cum
3073 5455 3253 5510 dixit:
3302 5473 3322 5508 ι
3358 5454 3555 5511 Notum

1988 5546 2112 5601 fecit
2144 5544 2430 5599 Dominum
2465 5546 2716 5602 Salutare
2746 5563 2927 5613 suum,
2979 5548 3031 5601 in
3083 5558 3380 5619 conspectu
3423 5564 3555 5621 gen-

2127 5659 2146 5689 ³
2178 5659 2319 5714 Psal.
2342 5675 2474 5731 ixcv,
2501 5659 2638 5731 _7,8.
2713 5660 2733 5691 "
2758 5660 2858 5731 lsa.
2893 5678 3007 5731 XIX,
3049 5664 3136 5731 l9,
3163 5663 3253 5721 21.
3352 5666 3374 5699 ⁵
3396 5663 3550 5727 Deut,
