4106 6452
385 466 492 526 125

1308 463 1957 521 DEMONSTRATIONIS
1991 460 2446 518 EVANGELICJS
2483 460 2610 518 LIB.
2654 460 2715 516 II.

3536 464 3641 519 136

383 589 475 643 διὰ
517 586 615 658 τὴν
670 588 749 651 είς
795 586 1029 658 Χριστὸν
1081 586 1257 640 αὑτῶν
1292 588 1583 653 ἀπιστίαν,
1635 588 1871 641 σπανίων
1913 586 1967 653 ἐξ

2073 585 2345 656 promissa
2367 583 2548 638 divina
2578 583 2684 638 sibi
2729 582 2863 638 solis
2892 581 3129 637 exhibita
3156 597 3298 648 esse,
3331 591 3386 638 et
3409 597 3511 639 nos
3542 581 3635 653 qui

386 680 569 735 αὐτῶν
602 681 681 743 εἰς
710 679 798 733 τὸν
828 679 1059 751 Σωτῆρα
1088 681 1182 733 καὶ
1223 679 1423 752 Κύριον
1456 679 1613 750 ἡμῶν
1642 678 1964 731 πιστευσάν-

386 790 516 837 των,
555 772 649 823 καὶ
680 770 766 824 διὰ
809 771 963 825 τοῦτο
992 772 1090 841 τῆς
1133 771 1545 841 ἐπηγγελμένης
1591 770 1963 840 πνευματικῆς

390 863 818 937 ἀπολυτρώσεως
846 864 914 917 δι’
944 864 1108 918 αὑτοῦ
1142 865 1476 935 τευξομένων
1498 881 1511 893 ·
1556 865 1684 934 περὶ
1712 857 1785 914 ὧν
1814 863 1906 914 καὶ
1937 864 1964 915 ὁ

392 953 690 1024 θαυμάσιος
724 954 1041 1018 Ἀπόστολος
1056 955 1430 1021 διδάσκειπου,
1462 954 1634 1022 λέγων
1653 970 1664 982 ·
1697 972 1714 1003 ι
1740 953 1965 1015 Ἡσαΐας

392 1046 449 1098 δὲ
481 1047 775 1117 κραυγαζει
827 1048 965 1118 ὑπὲρ
1004 1047 1097 1100 τοῦ
1142 1047 1390 1118 Ἰσραήλ·
1440 1046 1564 1099 Ἐἀν
1672 1048 1700 1097 ὁ
1734 1044 1964 1118 ἀριθμὸς

394 1137 501 1191 τῶν
556 1138 686 1190 υἱῶν
737 1140 954 1210 Ἰσραὴλ
997 1139 1072 1202 ὼς
1127 1141 1160 1211 ἡ
1203 1140 1385 1209 ἄμμος
1430 1139 1527 1209 τῆς
1564 1138 1857 1208 Θαλάσσης,
1904 1138 1967 1190 τὸ

395 1232 705 1302 ὑπόλειμμα
737 1232 1074 1303 σωθήσεται*
1105 1230 1259 1300 λόγον
1288 1231 1396 1303 γὰρ
1428 1230 1691 1283 συντελῶν
1721 1232 1814 1283 καὶ
1840 1247 1957 1283 συν-

391 1326 604 1396 τέμνων
664 1327 722 1377 ὲν
783 1324 1128 1396 δικαιοσύνῃ’
1170 1325 1252 1377 ὅτι
1313 1323 1468 1391 λόγον
1538 1321 1967 1392 συντετμημένον

390 1420 606 1488 ποιήσει
649 1417 853 1488 Κύριος
900 1417 991 1469 ἐπὶ
1034 1416 1133 1487 τῆς
1177 1416 1299 1485 γῆς.
1342 1416 1451 1468 Καὶ
1495 1414 1675 1477 καθὼς
1712 1416 1968 1484 προεῖπεν

403 1511 662 1574 Ἡσαΐας·
698 1512 760 1563 Et
803 1510 875 1581 μὴ
906 1508 1111 1580 Κύριος
1163 1507 1388 1561 Σαϐαὼθ
1437 1508 1792 1576 ἐγκατέλιπεν
1837 1508 1968 1577 ἡμῖν

393 1602 635 1673 σπέρμα,
670 1601 745 1665 ὡς
775 1601 982 1670 Σόδομα
1008 1600 1075 1654 ἂν
1107 1598 1466 1671 ἐγενήθημεν,
1490 1600 1583 1652 καὶ
1615 1599 1689 1659 ὡς
1717 1598 1969 1669 Γόμορρα

390 1693 458 1747 ἂν
476 1693 857 1764 ὡμοιώθημεν.
882 1712 899 1745 ι
922 1687 1016 1755 Οἷς
1041 1691 1156 1761 μεθ’
1172 1691 1334 1762 ἔτερα
1350 1691 1510 1756 έπιφέ
1519 1709 1601 1762 ρει
1620 1690 1811 1759 λέγων·
1834 1709 1851 1740 ι
1878 1689 1969 1760 Μὴ

391 1785 650 1839 ἀπώσατο
677 1787 705 1838 ὁ
740 1785 870 1848 Θεὸς
911 1784 1001 1837 τὸν
1034 1784 1162 1837 λαὸν
1208 1783 1407 1848 αὑτοῦ;
1463 1782 1536 1854 μὴ
1583 1783 1816 1850 γένοιτοί
1859 1782 1969 1835 Καὶ

390 1879 501 1950 γὰρ
526 1878 636 1946 ἐγὼ
684 1879 1022 1950 ἰσραηλίτης
1067 1878 1181 1948 εἰμὶ
1226 1879 1289 1930 ὲκ
1336 1877 1647 1948 σπέρματος
1698 1875 1966 1946 Ἀϐραὰμ,

2066 677 2132 731 de
2174 677 2425 746 gentibus
2484 676 2839 737 assumimur,
2871 690 3305 743 supervacaneos
3354 675 3636 737 accedere,

2068 776 2230 836 atque
2260 780 2288 819 a
2313 767 2511 820 divinis
2530 765 3014 834 pollicitationibus
3041 765 3251 820 alienos
3272 766 3534 819 exsistere
3563 784 3576 819 :
3609 780 3641 819 e

2067 859 2342 913 contrario
2387 860 2531 913 enim
2574 869 2852 912 ostensum
2886 866 2988 919 est,
3026 857 3485 926 quemadmodum
3521 872 3642 911 ora-

2068 953 2207 1006 culis
2240 950 2498 1005 traditum
2548 951 2639 1014 sit,
2691 965 2880 1004 omnes
2932 956 3118 1015 gentes
3157 950 3389 1003 adventu
3438 948 3642 1003 Christi

2070 1042 2354 1103 fruituras.
2386 1050 2440 1097 et
2494 1041 2805 1097 Iudaeorum
2846 1043 3116 1110 ingentem
3153 1058 3438 1097 numerum
3489 1041 3558 1096 ab
3578 1057 3643 1096 ea

2070 1136 2450 1206 promissione,
2485 1150 2605 1202 quae
2634 1133 2699 1187 ad
2752 1132 2989 1201 majores
3036 1133 3276 1201 ipsorum
3335 1134 3479 1187 edita
3535 1140 3641 1196 est,

2070 1236 2288 1297 propter
2320 1226 2561 1295 ipsorum
2615 1240 2740 1294 erga
2777 1223 3055 1278 Christum
3106 1225 3489 1294 pervicaciam,
3521 1240 3645 1279 esse

2070 1334 2349 1374 casurum.
2387 1316 2597 1371 Paucos
2627 1332 2756 1370 vero
2788 1331 2977 1372 eorum
3019 1317 3283 1370 duntaxat
3312 1317 3363 1368 in
3398 1314 3647 1369 Salvato-

2068 1424 2181 1464 rem
2217 1417 2269 1462 et
2303 1407 2590 1460 Dominum
2634 1415 2884 1459 nostrum
2924 1406 3253 1465 credituros,
3279 1416 3332 1457 et
3389 1404 3491 1457 hac
3525 1403 3643 1472 ipsa

2071 1516 2129 1555 re
2156 1499 2482 1569 promissam
2517 1497 2816 1567 spiritalem
2850 1498 3277 1566 redemptionem
3314 1506 3646 1549 consecutu-

2071 1611 2184 1650 ros.
2211 1593 2284 1647 De
2308 1592 2509 1662 quibus
2533 1607 2665 1646 sane
2698 1591 2918 1647 divinus
2944 1606 3164 1661 quoque
3189 1589 3486 1658 Apostolus
3519 1601 3650 1657 quo-

2071 1685 2195 1739 dam
2246 1685 2366 1737 loeo
2418 1684 2488 1737 ita
2536 1682 2777 1736 scribit:
2817 1701 2835 1733 ‹
2881 1681 3051 1737 Isaias
3114 1690 3293 1736 autem
3327 1682 3525 1735 clamat
3549 1693 3648 1749 pro

2073 1774 2237 1832 Israel
2274 1795 2285 1829 :
2324 1775 2378 1829 Si
2431 1774 2594 1828 fuerit
2632 1790 2893 1829 numerus
2918 1775 3150 1830 filiorum
3183 1774 3350 1829 Israel
3386 1780 3647 1843 tanquam

2075 1882 2237 1922 arena
2294 1867 2484 1927 maris,
2523 1864 2766 1934 reliquiae
2811 1867 2973 1921 salvae
3027 1867 3175 1921 tient.
3207 1865 3444 1920 Verbum
3502 1863 3647 1919 enim

393 1970 563 2039 φυλῆς
585 1970 858 2040 Βενιαμίν.
884 1972 996 2023 Οὑκ
1019 1968 1275 2022 ἀπώσατο
1300 1971 1327 2021 ό
1351 1968 1481 2032 Θεὸς
1507 1969 1597 2022 τὸν
1631 1967 1756 2020 λαὸν
1783 1965 1967 2030 αὑτοῦ,

2076 1956 2385 2025 perficiens,
2411 1964 2465 2010 et
2495 1954 2831 2011 contrahens
2857 1955 2910 2010 in
2942 1958 3197 2027 :equitate
3227 1975 3240 2010 :
3269 1957 3397 2024 quia
3421 1955 3647 2011 verbum

389 2061 451 2116 ὃν
479 2062 728 2133 προέγνω
748 2080 761 2093 ·
788 2046 820 2131 ἢ
848 2063 948 2114 οὑκ
981 2061 1157 2115 οἴδατε
1188 2062 1245 2113 ὲν
1270 2061 1426 2132 Ἠλίᾳ
1447 2061 1497 2114 τί
1529 2060 1677 2128 λέγει
1702 2062 1735 2130 ἡ
1757 2057 1968 2130 Γραφὴ,

390 2153 468 2217 ὡς
510 2154 825 2224 ἐντυγχάνει
872 2152 948 2223 τῷ
994 2152 1145 2222 Θεῷ,
1177 2152 1351 2220 λέγων
1395 2153 1524 2223 περὶ
1570 2152 1662 2205 τοῦ
1726 2150 1968 2223 Ἰσραήλ.-

393 2242 585 2315 Κὺριε,
624 2247 751 2308 τοὺς
793 2244 1080 2317 προφήτας
1129 2260 1221 2296 σου
1275 2244 1638 2307 ἀπέκτειναν,
1682 2243 1752 2295 τὰ
1788 2243 1974 2296 θυσια-

393 2337 594 2407 στήριά
644 2353 738 2390 σου
789 2336 1172 2405 κατέσκαψαν·
1229 2334 1382 2402 κάγὼ
1422 2332 1752 2405 ὑπελείφθην
1793 2334 1971 2404 μόνος,

391 2427 487 2480 καὶ
520 2424 742 2497 ζητοῦσι
774 2429 874 2499 τὴν
902 2427 1079 2498 ψυχήν
1105 2445 1229 2498 μου,
1259 2425 1353 2479 τοῦ
1374 2425 1560 2478 λαϐεῖν
1593 2426 1779 2497 αὑτήν.
1816 2425 1972 2479 Ἀλλά

393 2514 446 2570 τί
477 2515 623 2585 λέγει
667 2519 695 2569 ὁ
739 2518 1156 2588 χρηματισμός;
1204 2516 1507 2568 Κατέλιπον
1553 2515 1774 2586 ἐμαυτῷ
1810 2517 1974 2570 ἐπτα-

392 2608 688 2678 κισχιλίους
717 2609 933 2679 ἄνδρας,
957 2609 1150 2672 οἵτινες
1172 2610 1269 2661 οὑκ
1291 2607 1544 2678 ἔκαμψαν
1567 2607 1695 2674 γόνυ
1718 2610 1779 2677 τῇ
1802 2607 1968 2662 Βάαλ.

391 2699 578 2763 Οὕτως
607 2697 701 2752 οὖν
736 2700 831 2753 καὶ
865 2702 922 2753 ἐν
953 2700 1030 2770 τῷ
1058 2700 1151 2754 νῦν
1186 2699 1364 2772 καιρῷ
1406 2700 1610 2769 λεῖμμα
1639 2699 1779 2752 κατὰ
1818 2699 1972 2752 ἐκλο-

392 2788 495 2858 γὴν
528 2790 749 2860 χάριτος
775 2789 1017 2857 γέγονεν.
1046 2810 1063 2841 ι
1098 2789 1195 2841 Διὰ
1223 2788 1426 2842 τούτων
1452 2789 1561 2860 γὰρ
1588 2790 1616 2839 ὁ
1654 2788 1973 2852 ’Λπόστολος

392 2877 599 2947 σαφῶς,
623 2878 714 2931 ἐπὶ
736 2881 801 2948 τῇ
821 2878 916 2931 τοῦ
944 2879 1142 2942 παντὸς
1158 2880 1424 2933 Ἰουδαίων
1454 2878 1636 2942 ἔθνους
1658 2878 1970 2932 ἀποπτώσει

391 2967 584 3023 ἑαυτὸν
620 2983 715 3022 και
744 2970 872 3033 τοὺς
902 2970 1049 3041 αὑτῷ
1101 2971 1514 3043 παραπλησίους
1557 2971 1887 3036 ἀποστόλους
1912 2989 1968 3025 τε

391 3059 485 3113 καὶ
535 3058 927 3127 εύαγγελιστάς
974 3059 1066 3113 τοὺ
1122 3061 1374 3132 Σωτῆρος
1420 3060 1612 3131 ἡμῶν,
1661 3061 1869 3124 πάντας
1911 3077 1969 3113 τε

387 3150 516 3211 τοὺς
541 3148 619 3201 ἔτι
647 3150 740 3201 καὶ
770 3148 863 3201 νῦν
889 3148 948 3213 ἐξ
977 3149 1243 3203 Ἰουδαίων
1270 3153 1349 3215 είς
1378 3152 1470 3205 τὸν
1493 3152 1727 3222 Χριστὸν
1751 3150 1971 3204 πιστεύ-

392 3258 612 3305 σαντας,
644 3241 704 3293 τὸ
730 3241 951 3312 σπέρμα
979 3238 1118 3295 εἶναι
1156 3242 1428 3312 διασαφεῖ,
1467 3244 1527 3297 τὸ
1570 3244 1675 3297 ὑπὸ
1718 3244 1810 3297 τοῦ
1838 3262 1971 3315 προ-

2073 2045 2414 2099 contractius
2447 2044 2607 2099 faciet
2645 2044 2910 2101 Dominus
2944 2047 2998 2100 in
3033 2055 3201 2100 terra.
3238 2046 3300 2099 Et
3332 2050 3477 2103 sicut
3511 2061 3649 2116 prm-

2072 2138 2208 2192 dixit
2236 2135 2405 2192 Isaias
2439 2156 2451 2191 :
2480 2137 2595 2192 Nisi
2626 2136 2891 2193 Dominus
2932 2136 3173 2191 Sabaoth
3207 2138 3518 2207 reliquisset
3548 2155 3646 2193 no-

2073 2226 2157 2281 bis
2181 2241 2388 2292 semen,
2422 2225 2579 2295 quasi
2637 2226 2874 2280 Sodoma
2920 2225 3050 2280 facti
3105 2243 3377 2291 essemus,
3402 2237 3457 2283 et
3509 2230 3653 2285 sicut

2073 2315 2375 2372 Gomorrha
2401 2317 2613 2373 similes
2643 2317 2942 2373 fuissemus
2963 2320 3009 2350 ¹⁵
3037 2339 3050 2373 :
3095 2336 3113 2370 ι
3150 2319 3349 2387 quibus
3369 2327 3491 2388 post
3519 2320 3649 2386 alia,

2074 2407 2188 2463 haec
2221 2424 2439 2479 quoque
2468 2408 2718 2479 adjungit
2745 2428 2758 2464 :
2792 2427 2810 2461 ‹
2843 2409 3101 2480 Nunquid
3146 2409 3290 2464 Deus
3331 2411 3530 2478 repulit
3553 2426 3653 2481 po-

2072 2500 2258 2569 pulum
2304 2501 2505 2556 suum?
2535 2501 2697 2556 absit.
2735 2501 2868 2555 Nam
2895 2510 2950 2557 et
2992 2517 3093 2570 ego
3125 2500 3371 2556 Israelita
3401 2518 3543 2565 sum,
3584 2519 3649 2559 ex

2073 2592 2281 2645 semine
2304 2592 2602 2658 Abraham,
2628 2594 2773 2646 tribu
2797 2592 3100 2661 Beniamin.
3130 2591 3249 2647 Non
3283 2595 3483 2663 repulit
3507 2594 3652 2652 Deus

2072 2681 2331 2750 populum
2358 2698 2539 2745 suum,
2563 2698 2724 2752 quem
2745 2683 3018 2752 prmscivit
3041 2702 3054 2737 :
3076 2682 3159 2737 An
3192 2684 3417 2739 nescitis
3450 2685 3503 2738 in
3534 2683 3651 2740 Elia

2073 2770 2205 2840 quid
2253 2772 2402 2825 dicat
2452 2774 2775 2841 Scriptura?
2826 2774 3285 2843 quemadmodum
3348 2775 3653 2846 interpellat

2073 2862 2265 2928 Deum,
2301 2863 2491 2921 dicens
2523 2865 2590 2921 de
2638 2865 2804 2922 Israel
2844 2887 2856 2922 :
2892 2867 3141 2931 Domine,
3180 2867 3476 2936 prophetas
3527 2875 3655 2925 tuos

2072 2956 2420 3020 occiderunt,
2454 2959 2648 3013 altaria
2681 2967 2775 3014 tua
2811 2959 3175 3027 sun‘oderunt,
3208 2968 3261 3013 et
3304 2975 3404 3028 ego
3427 2960 3659 3015 relictus

2073 3064 2193 3104 snm
2217 3051 2390 3115 solus,
2415 3059 2469 3105 et
2500 3063 2751 3121 quaerunt
2788 3052 3027 3106 animam
3079 3066 3277 3113 meam,
3311 3059 3370 3104 ut
3402 3051 3653 3106 auferant

2070 3157 2189 3197 eam
2225 3161 2238 3198 :
2274 3143 2369 3197 sed
2402 3144 2532 3212 quid
2583 3144 2717 3197 dicit
2766 3159 3092 3212 responsum
3128 3141 3421 3196 divinum?
3458 3143 3657 3213 reliqui»

2070 3235 2204 3289 mihi
2240 3235 2342 3305 ipsi
2376 3245 2582 3306 septem
2629 3237 2800 3290 millia
2831 3237 3095 3299 virorum,
3122 3237 3215 3307 qui
3249 3252 3361 3291 non
3385 3253 3651 3293 curvave-

390 3335 562 3405 φήτου
585 3335 989 3406 ὠνομασμένον,
1022 3337 1162 3389 κατὰ
1176 3336 1254 3389 τό·
1282 3356 1300 3387 ‹
1325 3338 1387 3389 Et
1413 3337 1486 3408 μὴ
1511 3337 1713 3409 Κύριος
1740 3336 1963 3389 Σαϐαὼθ

2072 3334 2348 3396 runtgenu
2377 3336 2503 3381 ante
2532 3326 2679 3381 Baal.
2710 3326 2800 3382 Sic
2826 3344 2955 3398 ergo
2983 3336 3037 3382 et
3059 3329 3235 3383 inboc
3255 3339 3496 3400 tempore
3526 3330 3657 3386 reli-

389 3425 748 3494 ἐγκατέλιπεν
777 3428 908 3496 ἡμῖν
937 3425 1158 3497 σπέρμα
1176 3442 1189 3456 °
1227 3446 1244 3476 ι
1283 3424 1441 3478 τοῦτο
1466 3427 1524 3479 δὲ
1553 3423 1692 3481 εἶναι
1723 3427 1817 3480 καὶ
1832 3425 1891 3478 τὸ
1908 3427 1964 3479 ἐν

390 3519 511 3580 ταῖς
542 3517 754 3581 λοιπαῖς
785 3519 1142 3589 προφητείαις
1169 3517 1495 3588 δηλούμενον
1530 3518 1841 3590 ὑπόλειμμα
1871 3518 1965 3571 τοῦ

392 3606 614 3669 παντὸς,
633 3607 769 3677 ὅπερ
791 3607 923 3677 φησι
946 3607 1062 3659 κατ’
1095 3605 1324 3676 ἐκλογὴν
1350 3605 1572 3677 χάριτος
1607 3605 1963 3676 πεφυλάχθαι.

392 3696 529 3769 Περὶ
559 3688 620 3748 οὗ
651 3695 1074 3766 ὑπολείμματος,
1114 3695 1245 3766 φέρε
1272 3693 1453 3756 πάλιν,
1488 3693 1547 3746 τὸ
1578 3693 1685 3747 ἀπὸ
1706 3692 1812 3745 τῶν
1837 3709 1969 3764 προ-

392 3787 579 3859 φητῶν
601 3786 1027 3859 ὲξαπλὼσωμεν,
1056 3789 1130 3852 ὡς
1154 3787 1220 3841 ἂν
1242 3788 1551 3858 παρασταίη
1576 3786 1665 3839 διὰ
1686 3785 1966 3844 πλειόνων,

389 3878 472 3930 ὅτι
498 3877 572 3948 μὴ
605 3875 930 3947 ἀδιακρίτως
957 3875 1121 3929 παντὶ⁸
1148 3874 1226 3944 τῷ
1266 3874 1531 3927 Ἰουδαίων
1567 3873 1708 3926 ἔθνει
1748 3872 1845 3943 τὴν
1874 3872 1967 3925 τοῦ

390 3966 629 4039 Χριστοῦ
687 3965 989 4037 παρουσίαν
1032 3969 1296 4037 σωτήριον
1346 3964 1562 4018 ἔσεσθαι
1629 3964 1894 4035 ὑπέσχετο
1941 3965 1970 4015 ὁ

391 4056 544 4122 Θεὸς,
563 4057 675 4110 ἀλλ’
694 4056 895 4124 ὀλίγοις
922 4058 1016 4110 καὶ
1039 4057 1233 4128 κομιδῆ
1268 4058 1511 4120 σπανίοις
1526 4059 1635 4120 τοῖς
1657 4057 1737 4119 είς
1751 4056 1842 4108 τὸν
1858 4057 1970 4108 Σω-

391 4146 533 4220 τῆρα
566 4148 661 4201 καὶ
683 4146 883 4217 Κύριον
909 4148 1068 4218 ήμῶν
1093 4148 1533 4213 πεπιστευκόσιν,
1564 4146 1845 4219 ὡσπεροῦν
1878 4148 1972 4200 καὶ

387 4239 451 4292 τὸ
473 4238 633 4312 ἔργον
653 4238 957 4304 ἀκολούθως
974 4243 1090 4303 ταῖς
1119 4241 1486 4313 προρρήσεσιν
1515 4238 1968 4310 ἐπηκολούθησεν.

2069 3415 2211 3485 quiae
2241 3416 2542 3471 secundum
2576 3417 2899 3473 electionem
2935 3418 3124 3490 gratiae
3172 3419 3331 3476 facta:
3370 3429 3502 3478 sunt
3523 3422 3589 3477 ιθ.
3626 3439 3654 3474 s-

2069 3508 2176 3578 63
2210 3506 2307 3562 liis
2337 3510 2483 3564 enim
2514 3509 2694 3565 verbis
2721 3510 3015 3580 Apostolus
3039 3512 3200 3580 plane
3228 3513 3283 3567 in
3330 3513 3450 3583 ipso
3481 3514 3651 3570 totius

2069 3598 2310 3655 Judaica:
2338 3602 2516 3672 gentis
2543 3618 2697 3667 casu,
2727 3602 2967 3673 seipsum
2989 3611 3041 3658 et
3073 3604 3174 3660 sibi
3202 3605 3428 3671 similes,
3460 3604 3654 3660 Salva-

2069 3693 2205 3747 toris
2235 3694 2411 3748 nostri
2451 3709 2577 3748 cum
2633 3696 2932 3764 apostolos,
2969 3705 3082 3748 tum
3119 3697 3502 3766 evangelistas,
3529 3713 3651 3752 om-

2069 3803 2275 3856 nesque
2297 3789 2390 3857 qui
2413 3803 2481 3841 ex
2511 3786 2718 3843 Iudaeis
2772 3788 2939 3841 etiam
2969 3804 3117 3843 nunc
3141 3789 3210 3843 ad
3238 3790 3520 3845 Christum
3552 3807 3649 3846 ac-

2070 3876 2294 3941 cedunt,
2326 3892 2509 3933 semen
2533 3894 2657 3933 esse
2688 3876 2821 3931 illud
2845 3877 3107 3943 declarat,
3132 3879 3279 3949 quod
3311 3884 3651 3937 nominatum

2071 3978 2155 4025 est
2187 3985 2216 4022 a
2246 3970 2508 4040 propheta
2549 3972 2613 4034 ‘7,
2645 3971 2734 4025 ubi
2766 3972 2842 4025 ait
2870 3990 2885 4026 :
2921 3991 2939 4023 ‹
2968 3971 3082 4028 Nisi
3109 3972 3370 4028 Dominus
3408 3954 3649 4030 Sabaoth

2072 4062 2401 4131 reliquisset,
2461 4063 2620 4118 nobis
2669 4079 2888 4129 semen;
2950 4084 2968 4114 ι
3012 4065 3224 4135 hocque
3279 4064 3456 4133 ipsum
3505 4082 3676 4141 esse“

2073 4153 2217 4223 quod
2262 4154 2317 4207 in
2368 4153 2595 4224 reliquis
2647 4156 2777 4211 item
2823 4154 3125 4224 prophetiis
3154 4154 3514 4226 significatur,
3550 4172 3651 4213 no-

2077 4243 2221 4299 mine
2253 4227 2605 4313 reliquiarum
2634 4246 2819 4310 totius,
2864 4261 3002 4315 quas
3041 4246 3173 4300 dicit
3212 4247 3513 4302 secundum
3540 4248 3651 4304 ele-

393 4337 629 4390 ctionem
657 4336 845 4406 gratiae
872 4343 1118 4392 servatas
1150 4352 1289 4392 esse.
1327 4335 1403 4391 De
1433 4336 1633 4406 quibus
1663 4351 1795 4391 sane
1824 4338 2095 4407 reliquiis,
2123 4354 2222 4409 age
2254 4355 2471 4407 rursus,
2504 4355 2626 4410 quae
2671 4341 2911 4394 dixerint
2943 4341 3242 4410 prophetas,
3292 4340 3457 4397 latius
3495 4357 3652 4398 exse-

390 4441 645 4496 quamur,
667 4436 726 4483 ut
756 4430 1006 4499 pluribus
1039 4429 1152 4500 jam
1186 4437 1421 4495 constet,
1460 4444 1569 4484 non
1600 4430 1851 4484 absolute
1876 4432 2147 4487 universa:
2184 4429 2497 4487 Judmorum
2528 4433 2759 4497 nationi,
2792 4431 3001 4487 Christi
3028 4432 3323 4487 adventum
3355 4433 3651 4488 salutarem

391 4518 634 4576 futurum
668 4523 964 4593 pollicitum
994 4538 1115 4578 esse
1150 4522 1342 4589 Deum,
1379 4525 1474 4580 sed
1506 4525 1694 4595 paucis
1719 4540 1929 4588 eorum,
1954 4534 2119 4596 atque
2148 4527 2440 4583 admodum
2471 4528 2634 4593 raris,
2673 4528 2742 4583 iis
2782 4529 3056 4591 videlicet,
3091 4528 3184 4598 qui
3207 4528 3262 4582 in
3290 4527 3649 4593 Salvatorem,

389 4615 446 4665 et
471 4609 761 4668 Dominum
809 4625 1055 4670 nostrum
1085 4614 1419 4671 crediderint
1450 4636 1463 4671 :
1514 4618 1975 4688 quemadmodum
2014 4626 2070 4675 et
2098 4635 2187 4676 res
2227 4622 2366 4692 ipsa,
2402 4622 2539 4692 ipsis
2575 4622 3029 4693 praedictionibus
3044 4606 3431 4678 [consentanea
3467 4621 3650 4677 decla-

387 4709 552 4767 tavit.

938 4806 1332 4859 ΚΕΦΑΛΑΙΟΝ
1363 4806 1436 4861 Δ’.

389 4885 532 4967 AG}
554 4890 845 4967 punitor?
893 4896 1151 4951 Ἡσαΐου.
1191 4899 1309 4950 Ὅτι
1337 4898 1422 4967 μὴ
1455 4901 1540 4965 είς
1564 4898 1688 4954 πᾶν
1728 4901 1793 4955 τὸ
1840 4902 1961 4957 Ἰου-

462 4958 648 5041 δαίους
675 4960 869 5041 ξθνος,
905 4967 1042 5019 ἀλλ’
1069 4971 1155 5041 είς
1184 4958 1426 5038 ὀλίγὸυξ·
1457 4958 1654 5024 αὐτῶν
1676 4970 1868 5041 διήκει
1894 4974 1970 5027 τὰ

461 5032 584 5083 ’τῶν
614 5032 787 5084 θείων
812 5032 1200 5106 ἐπαγγελιῶν.

469 5139 490 5172 r
533 5121 597 5173 Ἡ
645 5122 716 5191 γῆ
754 5123 907 5193 ὑμῶν
941 5127 1163 5199 ἔρημος,
1199 5133 1253 5184 αἱ
1296 5129 1479 5193 πόλεις
1511 5131 1663 5202 ὑμῶν
1701 5133 1969 5202 πυρίκαυ-

396 5229 529 5266 στοι·
567 5213 665 5284 τὴν
699 5213 882 5284 χώραν
910 5219 1082 5288 ὑμῶν,
1103 5216 1330 5275 ἐνώπιον
1360 5224 1513 5294 ὑμῶν
1531 5223 1801 5297 ἀλλότριοι
1830 5242 1964 5278 κατ-

390 5307 661 5361 εσθίουσιν
734 5311 939 5382 αὐτὴν,
996 5316 1090 5368 καὶ
1154 5320 1447 5389 ἠρήμωται
1506 5324 1964 5395 κατεστραμμένη

394 5399 500 5452 ὑπὸ
529 5400 672 5454 λαῶν
700 5402 1014 5475 ἀλλοτρίων.
1048 5407 1687 5485 Ἐγκαταλειιρθήσεταιή
1721 5412 1967 5486 θυγάτηρ

392 5489 553 5554 Σιὼν,
580 5493 655 5557 ὡς
684 5496 854 5565 σκηνὴ
885 5498 941 5548 ἐν
969 5498 1270 5567 ἀμπελῶνι,
1297 5503 1391 5555 καὶ
1422 5503 1498 5567 ὡς
1521 5506 1965 5577 ὀπωροφυλάκιον

392 5586 449 5636 ἐν
498 5588 829 5659 σικυηράτῳ,
864 5588 938 5653 ὠς
973 5590 1127 5654 πόλις
1172 5594 1619 5668 πολιορκουμένη.
1661 5600 1772 5652 Καὶ
1804 5601 1851 5652 εί
1895 5598 1969 5670 μὴ

391 5676 595 5748 Κύριος
627 5678 855 5733 Σαϐαὼθ
898 5683 1252 5750 ἐγκατέλιπεν
1296 5687 1427 5756 ἡμῖν
1483 5690 1722 5761 σπέρμα,
1765 5692 1841 5755 ὡς
1878 5693 1973 5745 Σό-

388 5762 527 5836 δομα
578 5767 643 5820 ἂν
685 5769 1040 5842 ἐγενήθημεν,
1082 5774 1175 5827 καὶ
1202 5773 1278 5838 ὡς
1316 5775 1566 5847 Γόμορρα
1599 5777 1663 5830 ἂν
1696 5776 1975 5849 ὡμοιώθη-

465 5923 505 5955 ¹³
539 5924 695 5979 Rom.
729 5941 803 5993 Ix,
844 5926 1027 5983 27-29.
1113 5930 1153 5961 ¹⁶
1177 5929 1333 5986 Rom.
1379 5946 1454 5996 χι,
1493 5932 1603 5986 1-3.

1690 5934 1730 5964 ¹⁷
1763 5932 1865 5990 lsa.
1894 5950 1931 5990 ι.
1967 5936 2021 5992 9.

2679 4808 2908 4865 CAPUT
2958 4809 3044 4864 IV.

2076 4900 2316 4961 XXXVI,
2352 4900 2427 4956 Ab
2475 4901 2647 4957 Isaia.
2682 4931 2754 4943 —
2794 4901 2948 4966 Quod
3010 4919 3113 4955 non
3179 4903 3232 4954 in
3286 4917 3486 4954 onmem
3547 4900 3650 4954 Ju-

2146 4972 2357 5026 daicam
2394 4983 2625 5042 gentem,
2665 4971 2756 5026 sed
2814 4975 2868 5025 in
2914 4988 3107 5031 paucas
3140 4987 3315 5024 eorum
3362 4971 3646 5038 duntaxat,

2144 5045 2441 5098 divinorum
2475 5044 2855 5111 promissorum
2880 5052 3060 5095 eventa
3085 5046 3424 5111 pervenerint.

2149 5155 2168 5187 ‹
2215 5134 2384 5191 Terra
2416 5143 2598 5191 vestra
2628 5133 2865 5198 deserta,
2902 5134 3157 5188 civitates
3190 5139 3385 5186 vestra:
3419 5147 3650 5187 succen-

2076 5244 2150 5283 sae
2192 5229 2345 5300 igni:
2400 5228 2674 5296 regionem
2724 5234 2984 5287 vestram,
3019 5227 3072 5279 in
3122 5232 3416 5294 conspectu
3466 5234 3650 5279 vestro

2076 5320 2236 5375 alieni
2269 5319 2531 5374 devorant
2564 5338 2576 5372 :
2602 5326 2656 5372 et
2681 5318 2897 5373 deserta
2927 5326 3029 5380 est,
3054 5331 3178 5370 cum
3208 5314 3471 5369 subversa
3513 5317 3584 5369 sit
3616 5330 3645 5367 a

2076 5412 2290 5481 populis
2322 5411 2533 5465 alienis.
2564 5409 2924 5479 Relinquetur
2956 5407 3063 5460 lilia
3092 5406 3245 5472 Sion,
3274 5414 3332 5461 ut
3358 5407 3652 5462 umbracu-

2075 5505 2185 5557 lum
2237 5506 2293 5558 in
2339 5504 2496 5558 vinea
2528 5543 2542 5567 ,
2592 5510 2646 5556 et
2683 5509 2941 5571 tanquam
2984 5499 3258 5553 fructuum
3303 5499 3550 5554 custodia
3594 5499 3650 5553 in

2075 5597 2472 5658 cucumerario,
2505 5604 2765 5664 tanquam
2803 5592 2994 5648 civitas
3025 5592 3078 5646 in
3111 5592 3413 5648 obsidione.
3441 5591 3505 5645 Et
3542 5592 3651 5647 nisi

2078 5687 2342 5741 Dominus
2392 5686 2629 5741 Sabaoth
2668 5684 2978 5753 reliquisset
3023 5686 3181 5741 nobis
3226 5701 3433 5749 semen,
3492 5683 3650 5754 quasi

2083 5779 2321 5834 Sodoma
2363 5778 2489 5832 facti
2517 5791 2781 5843 essemus,
2818 5783 2872 5831 et
2913 5776 3056 5832 sicut
3102 5775 3406 5833 Gomorrha
3441 5773 3650 5834 similes

2106 5935 2147 5968 ³⁸
2172 5934 2304 5991 ibid.
2331 5932 2445 5989 7-9.
