4106 6426
457 424 554 484 127

1093 397 1377 498 lEUSEBll
1409 426 1883 482 ειιΕδΑιιιεΝδιε
1921 425 2009 482 01>

2113 425 2293 480 PARS
2331 426 2396 484 ll.
2435 457 2504 469 —
2541 425 3042 482 APOLOGETICA.

3587 435 3689 490 128

453 547 746 601 fuissemus
776 547 838 601 ¹⁸.
881 564 901 598 ›
935 543 1232 599 Exordiens
1257 560 1485 614 magnus
1525 546 1850 617 divinusque
1894 562 2011 616 pro-

2125 566 2276 618 μεν.»
2310 547 2634 617 Ἀρχόμενος
2681 548 2709 598 ό
2741 547 2915 616 μέγας
2942 547 3038 598 καὶ
3071 545 3368 616 θαυμάσιος
3405 553 3690 624 προφήτης

451 639 614 708 pheta
659 653 820 692 suum
870 651 1027 706 opus,
1069 637 1301 705 primum
1356 637 1514 691 docet
1556 638 2013 707 quemadmodum

452 732 766 783 universum
809 743 920 782 suae
963 727 1262 796 prophetize
1305 731 1675 800 propositum,
1700 730 1833 784 nihil
1869 730 2017 784 aliud

451 821 710 882 continet,
747 835 906 889 quam
963 821 1227 874 visionem
1259 827 1314 874 et
1345 822 1858 890 contemplationem
1891 837 2012 890 qua:

450 909 654 964 feratur
715 921 901 964 contra
968 909 1207 964 Iudaeam
1240 952 1256 975 ,
1308 920 1362 965 et
1419 920 1609 964 contra
1655 910 1954 966 Jerusalem
1999 929 2012 966 :

449 999 640 1054 deinde
669 1009 920 1054 cunctam
944 999 1254 1054 Judaeorum
1281 1002 1553 1056 nationem
1583 1005 1877 1073 redarguit,
1905 1004 2016 1072 pri-

448 1107 593 1144 mum
642 1091 757 1146 haec
795 1091 1026 1147 dicens:
1063 1111 1080 1142 ι
1121 1093 1356 1162 Agnovit
1393 1094 1492 1148 bos
1536 1111 1931 1164 possessorem,
1962 1104 2016 1150 et

448 1183 636 1238 asinus
683 1195 922 1253 praesepe
958 1184 1167 1238 Domini
1213 1185 1332 1250 sui;
1364 1184 1530 1240 Israel
1581 1198 1760 1242 autem
1793 1205 1878 1242 me
1906 1204 2012 1242 non

449 1277 688 1344 agnovit,
725 1285 777 1329 et
807 1276 1039 1344 populus
1067 1291 1174 1329 non
1207 1277 1474 1332 intellexit
1508 1280 1572 1330 ι’.
1614 1298 1633 1329 ι
1670 1279 1868 1333 Deinde
1900 1281 2017 1334 uni-

446 1381 660 1420 versam
719 1376 932 1435 gentem
987 1366 1298 1436 deplorans,
1343 1369 1586 1440 adjungit
1622 1390 1634 1422 :
1686 1388 1704 1420 ι
1745 1369 1835 1424 Vm
1868 1373 2012 1440 genti

446 1459 760 1526 peccatrici,
820 1458 1018 1526 popqu
1076 1461 1234 1527 pleno
1283 1461 1556 1528 peccatis,
1586 1462 1778 1515 semini
1827 1479 2011 1530 pravo,

449 1548 574 1603 filiis
606 1549 807 1618 iniquis
831 1551 898 1603 ‘°.
937 1570 954 1600 ›
991 1549 1152 1605 Hisce
1175 1551 1327 1605 initio
1357 1551 1536 1620 operis
1560 1553 1648 1606 ubi
1679 1561 1868 1606 contra
1894 1555 2015 1608 illos

446 1655 581 1694 usus
611 1649 695 1694 est
737 1641 1230 1709 objurgationibus,
1259 1653 1312 1696 et
1344 1645 1624 1712 proposuit
1658 1659 1854 1700 causas
1893 1647 2015 1714 ejus

444 1733 707 1795 vaticinii,
731 1733 872 1802 quod
893 1744 1080 1787 contra
1101 1736 1218 1789 illos
1243 1735 1464 1794 feratur,
1485 1743 1598 1790 tum
1626 1737 1837 1791 initium
1866 1739 2012 1803 facit,

446 1823 634 1877 dicens
665 1865 678 1876 .
709 1843 724 1874 ι
761 1823 924 1878 Terra
951 1835 1129 1880 vestra
1151 1827 1383 1891 deserta,
1413 1847 1430 1880 ι
1449 1844 1568 1898 quae
1595 1836 1775 1882 tamen
1799 1830 2014 1886 deserta

2115 641 2213 709 τῆς
2240 640 2444 701 οίκείας
2475 638 2678 708 βίϐλου,
2713 637 2810 709 τὴν
2837 640 3017 692 πᾶσαν
3048 639 3146 710 τῆς
3178 643 3511 711 προφητείας
3553 645 3690 697 ὑπό-

2117 730 2282 792 θεσιν,
2307 729 2455 783 ²κατὰ
2481 730 2579 799 τῆς
2614 730 2872 793 Ἰουδαίας
2902 730 2994 782 καὶ
3022 729 3162 783 κατά
3194 732 3293 802 τῆς
3337 733 3690 806 Ἰερουσαλὴμ

2114 822 2302 891 ὅρασιν
2348 821 2440 872 καὶ
2483 819 2714 888 θεωρίαν
2762 819 3033 890 περιέχειν
3076 820 3343 873 διδάσκει·
3399 822 3586 876 ἔπειτα
3627 825 3689 876 τὸ

2116 913 2222 963 πᾶν
2269 909 2532 963 Ἰουδαίων
2578 910 2726 973 ἔθνος
2768 910 3079 980 ἁπελέγχει,
3125 911 3315 981 πρῶτα
3364 913 3462 982 μὲν
3493 914 3684 982 λέγιιοι·

2122 1019 2140 1052 ι
2169 1002 2348 1068 Ἔγνω
2379 1000 2504 1070 βοῦς
2547 1000 2636 1052 τὸν
2668 1001 3028 1070 κτησάμενον,
3074 1004 3168 1056 καὶ
3196 1003 3315 1067 δνος
3351 1003 3449 1074 τὴν
3482 1007 3687 1076 φάτνην

2113 1093 2207 1145 τοῦ
2254 1094 2441 1164 κυρίου
2489 1093 2672 1146 αὑτοῦ·
2711 1093 2923 1164 Ἰσραὴλ
2955 1093 3010 1146 δέ
3061 1111 3128 1162 με
3176 1095 3276 1148 οὐκ
3326 1095 3485 1164 ἔγνω,
3526 1099 3618 1151 καὶ
3657 1101 3687 1153 ὀ

2114 1184 2240 1248 λαός
2271 1203 2340 1254 με
2378 1185 2438 1236 οὑ
2467 1183 2746 1252 συνῆκεν.»
2780 1181 2911 1237 Εἶτα
2936 1186 2996 1237 τὸ
3035 1187 3140 1238 πᾶν
3182 1185 3331 1250 ἔθνος
3360 1187 3685 1254 ταλανίζων,

2115 1275 2414 1343 ἐπιφέρει-ι
2437 1275 2739 1338 οὐαϊέθνος
2761 1275 3098 1346 ἁμαρτωλὸν,
3122 1276 3246 1340 λαὸς
3271 1277 3480 1348 πλήρης
3508 1281 3688 1352 ἀμαρ-

2115 1360 2267 1422 τιῶν,
2319 1359 2536 1430 σπέρμα
2588 1361 2840 1431 πονηρὸν,
2891 1362 2996 1413 υἱοὶ
3041 1361 3250 1431 ἄνομοι.
3288 1382 3306 1413 ι
3359 1363 3580 1426 Τούτοις
3627 1369 3685 1418 ἐν

2115 1452 2254 1524 ἀρχῇ
2288 1452 2386 1520 τῆς
2431 1452 2612 1520 βίϐλου
2650 1452 2766 1504 κατ’
2797 1453 2973 1505 αὐτῶν
3015 1453 3358 1523 χρησάμενος
3398 1458 3510 1518 τοῖς
3541 1456 3688 1525 ἐλέγ-

2115 1562 2249 1614 χοις,
2297 1547 2388 1597 καὶ
2428 1543 2746 1614 προδιδάξας
2789 1544 2886 1608 τὰς
2914 1547 3091 1608 αἰτίας
3114 1547 3212 1616 τῆς
3237 1548 3531 1619 μελλούσης
3561 1553 3683 1602 ἐπι-

2116 1634 2376 1706 φέρεσθαι
2415 1637 2533 1689 κατ’
2581 1637 2756 1690 αὐτῶν
2801 1641 3175 1710 προρρήσεως,
3221 1641 3346 1710 ἑξῆς
3377 1643 3684 1714 ἀπάρχεται

2116 1726 2358 1793 φάσκωνο
2391 1746 2408 1778 ι
2452 1728 2515 1780 Ἠ
2555 1729 2624 1797 γῆ
2657 1728 2808 1798 ὑμῶν
2850 1729 3072 1800 ἔρημος,
3105 1721 3124 1780 ι
3166 1732 3238 1800 μὴ
3279 1731 3440 1802 οὔσης
3475 1735 3682 1805 ἐρήμου

2117 1818 2237 1870 καθ’
2261 1818 2353 1882 οὓς
2382 1821 2714 1889 προεφήτευε
2749 1821 2992 1891 χρόνους·
3032 1842 3048 1871 ι
3075 1823 3128 1874 αἱ
3161 1823 3340 1886 πόλεις
3364 1825 3514 1893 ὑμῶν
3532 1826 3687 1896 πυρί-

447 1931 554 1969 non
585 1923 721 1978 erat,
751 1931 816 1970 eo
846 1917 962 1985 ipso
1015 1934 1120 1988 quo
1148 1921 1482 1988 prophetiam
1523 1921 1719 1975 edebat
1751 1930 2010 1993 tempore.

2115 1927 2358 1963 καυστοιο
2394 1930 2410 1962 ι
2455 1912 2586 1980 μηδέ
2612 1911 2798 1964 τούτου
2831 1929 2917 1964 πω
2963 1915 3350 1984 γεγενημένου.
3401 1915 3536 1968 Ἀλλ’
3564 1917 3683 1969 οὐδὲ

451 2024 470 2055 ι
509 2006 769 2061 Civitates
810 2021 1003 2062 vestra;
1045 2026 1323 2065 succensze
1349 2012 1494 2080 igni:
1529 2030 1548 2062 ι
1577 2027 1701 2067 cum
1728 2021 1908 2069 tamen
1943 2031 2012 2070 ne

447 2097 549 2150 hoc
583 2097 795 2166 quidem
831 2101 1010 2153 adhuc
1047 2101 1247 2155 factum
1278 2112 1445 2158 esset.
1485 2103 1590 2158 Sed
1622 2121 1798 2173 neque
1835 2107 2013 2176 regio-

445 2203 567 2241 nem
617 2190 856 2257 ipsornm
889 2197 1017 2244 tunc
1055 2193 1214 2246 alieni
1251 2194 1603 2260 devorabant,
1639 2199 1753 2276 6!.
1776 2214 1898 2252 cum
1929 2208 2012 2253 ta-

447 2291 569 2330 men
615 2277 703 2331 ille
736 2281 814 2333 sic
860 2282 1026 2342 dicat,
1067 2302 1085 2332 ι
1139 2285 1414 2352 regionem
1462 2294 1722 2352 vestram,
1776 2289 1830 2343 in
1879 2307 2012 2345 con-

437 2371 628 2438 Spectu
661 2381 840 2425 vestro
870 2374 1030 2428 alieni
1063 2375 1352 2438 devorant,
1389 2397 1407 2427 ι
1445 2385 1498 2432 et
1531 2395 1652 2448 quae
1679 2391 2006 2450 sequuntur.

443 2465 512 2517 At
539 2467 682 2518 enim
713 2467 756 2520 si
788 2466 854 2520 ad
884 2467 1182 2522 Salvatoris
1211 2469 1382 2521 nostri
1410 2467 1538 2524 Jesu
1568 2470 1772 2528 Christi
1807 2473 2012 2527 adven.

443 2564 557 2608 tum
599 2559 906 2619 transieris,
943 2567 998 2613 et
1033 2560 1097 2612 ad
1127 2575 1189 2612 ea
1213 2577 1331 2628 qua:
1353 2561 1644 2616 subsecuta
1676 2573 1804 2618 sunt
1839 2581 2013 2635 usque

443 2647 496 2698 in
531 2648 673 2699 hunc
695 2647 834 2700 diem
859 2656 1122 2716 tempora,
1153 2648 1308 2702 facile
1335 2651 1608 2707 imre-neris
1637 2668 1700 2705 ea
1725 2669 1844 2722 qua:
1868 2655 2013 2709 dicta

443 2745 571 2792 sunt
615 2739 880 2807 completa
911 2755 1055 2792 esse.
1090 2738 1223 2793 Nam
1267 2749 1319 2795 et
1350 2741 1458 2794 tilia
1492 2741 1622 2796 Sion
1667 2745 1801 2814 (haec
1832 2754 2012 2802 autem

439 2838 558 2884 erat
586 2829 834 2884 adoratio
863 2847 983 2900 quae
1008 2833 1061 2886 in
1097 2839 1280 2886 monte
1308 2833 1708 2900 celebrabatur,
1737 2838 1829 2906 qui
1852 2853 2013 2891 voca—

441 2928 532 2974 tur
587 2919 740 2989 Sion)
783 2938 847 2976 ex
889 2939 998 2992 quo
1052 2924 1268 2978 advenit
1321 2922 1480 2980 Jesus
1519 2927 1768 2981 Salvator
1805 2939 2012 2994 noster,

441 3012 629 3066 relicta
657 3020 743 3066 est
783 3021 842 3066 ut
874 3016 1248 3069 utnbraculum
1282 3015 1335 3068 in
1387 3018 1562 3080 vinea,
1595 3027 1648 3072 et
1672 3021 1826 3088 quasi
1864 3021 2011 3076 fruc-

441 3112 592 3159 tuum
619 3107 867 3160 custodia
897 3107 949 3160 in
979 3111 1372 3173 cucumerario,
1407 3118 1498 3164 aut
1533 3112 1575 3166 si
1605 3112 1688 3167 his
1716 3114 2010 3184 quidquam

441 3194 673 3263 cogitari
731 3202 912 3267 potest
960 3196 1250 3262 desertius,
1299 3202 1686 3270 regionemque
1739 3205 2007 3273 ipsorum,

2115 2000 2212 2071 τὴν
2243 2001 2422 2072 χώραν
2462 2003 2638 2055 αὐτῶν
2677 2005 2798 2055 τότε
2827 2003 3010 2073 ἤσθιον
3062 2005 3327 2076 ἀλλότριοι
3348 2023 3362 2037 ο
3410 2007 3503 2059 καὶ
3535 2008 3685 2078 ὅμως

2114 2091 2265 2163 φησί·
2320 2113 2336 2142 ι
2364 2092 2472 2163 Τὴν
2519 2092 2700 2164 χώραν
2733 2095 2905 2164 ὑμῶν,
2955 2095 3182 2150 ἐνώπιον
3227 2098 3378 2166 ὑμῶν
3418 2099 3684 2170 ἀλλότριοι

2112 2185 2481 2237 κατεσθίουσιν
2511 2187 2698 2256 αὐτὴν,
2733 2207 2750 2238 ι
2773 2190 2864 2240 καὶ
2885 2188 2952 2240 τὰ
2982 2189 3127 2258 ἑξῆς.
3153 2191 3211 2242 Ei
3239 2187 3329 2243 οὖν
3358 2192 3449 2244 ἐπὶ
3474 2193 3570 2261 τὴν
3591 2191 3684 2246 τοῦ

2110 2275 2359 2344 Σωτῆρος
2388 2275 2542 2345 ἡμῶν
2586 2276 2756 2347 Ἰησοῦ
2789 2279 3022 2349 Χριστοῦ
3061 2281 3332 2350 μετέλθοις
3360 2283 3683 2353 παρουσίαν,

2113 2368 2205 2419 καὶ
2242 2369 2366 2429 τοὺς
2395 2369 2450 2433 ἐξ
2481 2369 2686 2422 ἐκείνου
2714 2370 2805 2422 καὶ
2847 2373 2926 2434 εἰς
2947 2371 3107 2444 δεῦρο
3137 2374 3376 2444 χρόνους,
3413 2377 3589 2430 πάντα
3617 2377 3684 2433 ἂν

2111 2457 2293 2529 εὕροις
2319 2459 2386 2512 τὰ
2418 2460 2682 2531 εἰρημένα
2711 2461 3077 2532 πληρούμενα.
3111 2466 3184 2518 Ἦ
3220 2484 3276 2519 τε
3307 2468 3412 2539 γὰρ
3438 2467 3684 2540 θυγάτηρ

2112 2549 2248 2602 Σιὼν
2293 2550 2452 2621 (αὕτη
2475 2553 2532 2606 δέ
2565 2550 2688 2625 ἧνή
2725 2556 2816 2606 ἐπὶ
2845 2554 3006 2626 δρους
3039 2556 3132 2610 τοῦ
3179 2558 3511 2630 καλουμένου
3545 2560 3686 2615 Σιὼν

2112 2644 2498 2718 ἐπιτελουμένη
2541 2646 2825 2720 θρησκεία)
2879 2650 2987 2702 άπὸ
3028 2650 3126 2720 τῆς
3168 2651 3339 2720 Ἰησοῦ
3369 2650 3464 2704 τοῦ
3495 2653 3682 2724 Σωτῆ-

2117 2754 2205 2806 ρος
2250 2737 2404 2807 ἡμῶν
2444 2740 2743 2809 παρουσίας
2791 2739 3273 2808 ἐγκαταλέλειπται
3307 2742 3383 2803 ὡς
3418 2742 3588 2814 σκηνὴ
3624 2746 3682 2796 ἐν

2113 2829 2415 2897 ἀμπελῶνι,
2448 2832 2541 2883 καὶ
2569 2830 2643 2892 ὼς
2669 2831 3112 2900 όπωροφυλάκιον
3135 2834 3192 2884 ἐν
3223 2848 3380 2902 σικυη
3393 2833 3556 2903 ράτῳ,
3589 2835 3684 2888 καὶ

2111 2920 2163 2972 εῑ
2192 2938 2242 2973 τι
2276 2921 2475 2974 τούτων
2513 2923 2860 2994 ἐρημότερονο
2893 2925 2992 2994 τήν
3026 2940 3084 2976 τε
3113 2923 3294 2994 χώραν
3318 2925 3496 2977 αὐτῶν
3524 2925 3680 2978 ἁλλό-

2109 3027 2248 3082 τριοι
2278 3012 2504 3066 ἐνώπιον
2547 3014 2722 3067 αὐτῶν
2759 3015 3122 3078 κατεσθίουσι,
3161 3017 3280 3068 τοτὲ
3320 3017 3416 3088 μὲν
3445 3018 3683 3088 δασμοὺς

2109 3105 2202 3158 καὶ
2231 3105 2426 3176 φόρους
2447 3107 2640 3169 αὐτοὺς
2657 3108 3128 3177 εἰσπραττόμενοι,
3165 3110 3284 3160 τοτέ
3309 3109 3364 3161 δέ
3386 3109 3514 3162 ἴδιον
3553 3112 3681 3164 ἐαυ-

2110 3197 2216 3252 τῶν
2233 3199 2415 3268 κτῆμα
2441 3198 2538 3268 τὴν
2563 3197 2728 3252 πάλαι
2759 3197 2865 3250 τῶν
2893 3198 3156 3251 Ἰουδαίων
3175 3200 3274 3269 γῆν
3304 3200 3676 3269 πεποιημένοι.

441 3286 604 3341 alieni
649 3300 833 3340 coram
877 3287 1010 3357 ipsis
1042 3288 1323 3355 devorant,
1357 3307 1504 3346 nunc
1528 3292 1742 3362 quidem
1775 3297 2010 3366 vectiga-

2125 3291 2282 3344 Ἀλλὰ
2319 3292 2412 3344 καὶ
2461 3291 2520 3343 τὸ
2563 3291 2706 3360 ἱερὸν
2746 3290 2808 3343 τὸ
2853 3291 3124 3361 εὐπρεπὲς
3165 3291 3264 3358 τῆς
3299 3292 3681 3361 μητροπόλεως

443 3376 539 3438 lia,
570 3391 634 3430 ac
681 3378 883 3432 trilmta
943 3379 1011 3433 ab
1060 3379 1168 3434 illis
1197 3380 1498 3451 exigentes,
1533 3399 1679 3438 nunc
1725 3401 1853 3440 vero
1883 3402 2010 3456 pro-

443 3469 622 3539 prium
657 3469 897 3538 ipsorum
928 3471 1212 3538 praedium,
1241 3487 1360 3525 eam
1397 3489 1517 3542 quae
1545 3476 1672 3528 olim
1698 3474 2010 3531 Judaaorum

441 3564 579 3620 erat,
604 3566 801 3612 terram
837 3557 1118 3614 facientes.
1155 3559 1260 3614 Sed
1291 3569 1346 3614 et
1383 3564 1639 3632 templum
1673 3565 1803 3620 illud
1837 3567 2010 3622 admi-

443 3649 634 3712 rabile,
661 3650 803 3718 quod
829 3662 945 3705 erat
971 3652 1024 3704 in
1051 3667 1237 3706 eorum
1269 3656 1576 3724 metrOpoli,
1603 3656 1658 3710 in
1689 3664 1888 3712 terram
1921 3675 2012 3714 ce-

442 3741 595 3804 cidit,
621 3756 652 3794 a
681 3744 894 3812 populis
927 3745 1117 3798 alienis
1141 3759 1390 3798 eversum
1415 3764 1427 3798 :
1459 3755 1514 3802 et
1545 3749 1790 3805 civitates
1821 3767 2009 3807 eorum

445 3831 551 3903 igni
591 3849 869 3889 succensae
912 3843 1079 3890 sunt:
1128 3845 1182 3890 et
1215 3835 1356 3890 facta
1398 3846 1483 3892 est
1540 3837 1842 3895 Jerusalem
1885 3857 2012 3896 vere

443 3925 634 3980 civitas
689 3927 741 3980 in
783 3928 1087 3983 obsidione.
1117 3928 1187 3980 At
1237 3943 1364 3981 vero
1391 3930 1518 3999 quia
1571 3941 1860 4002 postquam
1905 3934 2010 3989 illis

441 4015 556 4070 haec
597 4026 895 4073 evenerunt
945 4029 1000 4073 et
1043 4021 1247 4076 chorus
1293 4023 1686 4092 apostolorum,
1716 4033 1770 4079 et
1807 4026 1900 4095 qui
1943 4042 2008 4080 ex

445 4107 686 4163 llebrazis
729 4111 784 4164 in
842 4110 1122 4168 Christum
1172 4115 1542 4182 crediderunt,
1574 4115 1792 4171 fecundi
1835 4121 2012 4173 instar

442 4201 672 4255 seminis
702 4218 768 4255 ex
799 4202 906 4257 illis
936 4204 1071 4272 ipsis
1095 4204 1293 4260 servati
1322 4218 1470 4270 sunt,
1507 4216 1559 4262 et
1579 4224 1677 4278 per
1699 4210 2012 4265 universam

444 4300 666 4357 terram,
695 4303 856 4364 atque
882 4295 937 4350 in
958 4313 1116 4352 omne
1137 4315 1307 4368 genus
1342 4301 1616 4354 hominum
1638 4310 2010 4371 penetrantes,

443 4399 670 4440 omnem
689 4387 984 4453 civitatem,
1019 4405 1084 4444 ac
1131 4393 1329 4455 locum,
1375 4401 1429 4447 et
1482 4396 1752 4464 regionem
1791 4395 2012 4464 proprio

444 4487 607 4548 atque
635 4480 932 4536 Israelitico
957 4486 1165 4540 semine
1188 4487 1566 4555 impleverunt,
1597 4489 1732 4544 adeo
1766 4489 2009 4559 quidem,

445 4577 505 4623 ut
541 4587 608 4624 ex
645 4572 752 4628 illis
791 4577 947 4642 quasi
987 4577 1170 4646 spicae,
1211 4594 1332 4648 qua:
1369 4581 1424 4634 in
1455 4582 1676 4634 nomine
1705 4579 2010 4635 Salvatoris

443 4665 615 4718 nostri
649 4665 887 4721 fundata:
919 4679 1047 4723 sunt
1084 4669 1361 4734 Ecclesiae,
1395 4673 1506 4727 sint
1540 4684 1712 4727 enala:
1748 4692 1760 4726 :
1812 4675 2008 4727 merito

441 4756 660 4810 divinus
687 4759 970 4828 propheta,
1009 4762 1075 4817 iis
1105 4766 1288 4826 minis,
1323 4765 1522 4833 quibus
1555 4775 1742 4819 contra
1773 4766 1895 4820 illos
1926 4774 2012 4820 est

442 4863 597 4912 usus,
627 4850 872 4922 adiungit
901 4871 914 4906 :
951 4871 967 4902 ι
996 4852 1108 4909 Nisi
1137 4855 1396 4912 Dominus
1429 4855 1667 4911 Sabaoth
1701 4857 2012 4927 reliquisset

442 4941 600 4996 nobis
626 4959 832 5006 semen,
865 4947 1019 5014 quasi
1051 4947 1285 5001 Sodoma
1328 4948 1457 5002 facti
1492 4966 1763 5015 essemus,
1788 4959 1842 5004 et
1868 4951 2011 5003 sicut

441 5030 741 5087 Gomorrha
791 5037 996 5091 similes
1051 5037 1362 5096 fuissemus.
1429 5060 1446 5092 ι
1481 5041 1637 5107 Quod
1689 5041 1906 5110 quidem
1955 5040 2010 5094 in

444 5125 772 5192 apertiorem
831 5142 1050 5181 sensum
1095 5132 1426 5185 contrahens
1457 5143 1681 5186 sanctus
1710 5132 2006 5202 Apostolus

443 5211 496 5264 in
539 5212 777 5283 Epistola
815 5217 880 5270 ad
909 5216 1184 5275 Romanos
1211 5223 1600 5290 interpretatus
1621 5233 1704 5276 est
1732 5242 1744 5276 τ
1787 5239 1802 5272 ι
1845 5221 2012 5276 Isaias

443 5313 621 5359 autem
658 5309 856 5361 clamat
881 5325 978 5378 pro
998 5307 1184 5376 lsrael,
1214 5313 1260 5366 si
1303 5312 1464 5365 fuerit
1487 5329 1747 5369 numerus
1780 5313 2011 5368 filiorum

445 5393 602 5450 Israel
636 5401 778 5452 sicut
809 5417 972 5454 arena
1010 5405 1197 5464 maris,
1236 5404 1456 5472 reliquae
1492 5406 1655 5458 salva:
1691 5406 1838 5459 fient.
1875 5403 2012 5458 Ver-

443 5484 572 5540 bum
599 5487 742 5540 enim
785 5489 1070 5558 perliciens
1101 5499 1154 5544 et
1183 5494 1513 5548 contrahens
1555 5493 1717 5550 faciet
1750 5494 2012 5550 Dominus

444 5575 499 5630 in
552 5585 720 5633 terra.
760 5577 828 5632 Et
857 5581 999 5635 sicut
1041 5583 1290 5652 praedixit
1340 5581 1509 5641 Isaias
1544 5605 1556 5640 :
1589 5585 1705 5639 Nisi
1747 5585 2012 5640 Dominus

443 5665 682 5723 Sabaoth
733 5671 1041 5741 reliquisset
1085 5675 1243 5730 nobis
1291 5691 1498 5741 semen,
1557 5679 1712 5750 quasi
1767 5677 2003 5734 Sodoma

505 5823 562 5892 ."
590 5823 696 5880 lsa.
733 5842 770 5890 ι,
801 5826 854 5880 5.
931 5829 975 5860 ιο
999 5828 1130 5881 ibid.
1160 5829 1193 5883 ι

2111 3381 2288 3435 αὐτῶν
2319 3381 2662 3452 ἡρειπίωται,
2691 3381 3169 3451 κατεστραμμένον
3209 3380 3314 3433 ὑπὸ
3349 3379 3491 3433 λαῶν
3524 3380 3680 3434 ἀλλο-

2111 3474 2293 3544 τρίων⁸
2347 3473 2406 3525 αἴ
2453 3488 2513 3524 τε
2563 3472 2744 3534 πόλεις
2790 3472 2967 3524 αὐτῶν
3004 3471 3361 3542 πυρίκαυστοι
3403 3471 3680 3540 γεγόνασι,

2112 3563 2204 3615 καὶ
2257 3563 2447 3630 γέγονε
2505 3559 2857 3631 Ἰερουσαλὴμ
2915 3559 3128 3628 άληθῶς
3165 3559 3315 3622 πόλις
3362 3559 3682 3631 πολιορκου-

2115 3654 2267 3724 μένη.
2296 3652 2430 3705 Ἀλλ’
2464 3651 2606 3718 ἐπεὶ,
2639 3651 2842 3704 τούτων
2858 3651 2984 3720 περὶ
3012 3650 3206 3714 αὐτοὺς
3237 3649 3680 3721 συμδεὸηκότων,

2111 3746 2138 3796 ὁ
2175 3745 2280 3798 τῶν
2311 3743 2619 3798 ἀποστόλων
2673 3743 2850 3814 χορὸς,
2890 3742 2942 3794 οἵ
2978 3759 3037 3794 τε
3072 3740 3129 3806 ἐξ
3175 3741 3436 3812 Ἐϐραίων
3473 3743 3554 3804 εἰς
3590 3740 3684 3796 τὸν

2111 3835 2342 3907 Χριστὸν
2388 3833 2808 3894 πεπιστευκότες
2842 3830 3064 3900 γονίμου
3093 3829 3246 3898 δίκην
3279 3829 3590 3900 σπέρματος
3623 3827 3682 3894 ἐξ

2111 3927 2290 3979 αὐτῶν
2343 3925 2566 3978 ἐκείνων
2621 3921 3074 3993 διεφυλάχθησαν,
3137 3921 3261 3975 καθ’
3305 3921 3433 3992 ὅλης
3474 3938 3534 3974 τε
3581 3921 3684 3990 τῆς

2110 4017 2433 4087 οἰκουμένης
2465 4015 2558 4070 καὶ
2590 4016 2670 4079 εἰς
2703 4017 2809 4067 πᾶν
2852 4014 3006 4083 γένος
3039 4011 3341 4084 ἀνθρώπων
3365 4011 3683 4075 διελθόντες,

2112 4109 2290 4160 πᾶσαν
2335 4105 2488 4159 πόλιν
2535 4105 2629 4158 καὶ
2661 4105 2822 4157 τόπον
2861 4103 2955 4156 καὶ
2993 4100 3177 4172 χώραν
3207 4098 3302 4152 τοῦ
3345 4099 3545 4152 οἰκείου
3589 4095 3684 4151 καὶ

2124 4197 2511 4270 ἰσραηλιτικοῦ
2563 4195 2764 4267 σπόρου
2818 4192 3186 4262 κατέπλησαν,
3221 4189 3360 4242 ὥστε
3401 4189 3460 4255 ἐξ
3505 4187 3684 4242 αὺτόν

2114 4287 2311 4357 στάχυς
2338 4284 2435 4349 τὰς
2465 4286 2550 4338 ἐπ’
2579 4285 2838 4354 ὀνόματος
2865 4280 2956 4334 τοῦ
2988 4280 3237 4350 Σωτῆρος
3267 4277 3420 4348 ἡμῶν
3447 4276 3684 4330 ὑποστά-

2114 4395 2208 4440 σας
2267 4375 2592 4444 Ἐκκλησίας
2639 4372 2816 4442 φῦναι·
2867 4370 3088 4432 εἰκότως
3133 4370 3161 4421 ὁ
3212 4367 3351 4431 θεῖος
3398 4367 3685 4438 προφήτης

2113 4468 2350 4536 ἐπιλέγει
2373 4469 2492 4529 ταῖς
2518 4461 3047 4536 προαποφανθείσαις
3072 4461 3187 4512 κατ’
3210 4456 3388 4512 αὐτῶν
3413 4455 3680 4520 ἀπειλαῖς·

2119 4580 2136 4611 ι
2167 4562 2229 4613 Et
2259 4558 2331 4630 μὴ
2365 4557 2566 4628 Κύριος
2601 4553 2827 4609 Σαϐαὼθ
2873 4551 3231 4621 ἐγκατέλιπεν
3271 4552 3404 4621 ἡμῖν
3439 4549 3682 4620 σπέρμα,

2045 4627 2085 4680 D
2114 4652 2189 4715 ὡς
2518 4648 2585 4702 ἂν
2629 4646 2998 4718 ἐγενήθημεν,
3045 4645 3137 4697 καὶ
3181 4643 3258 4706 ὼς
3323 4642 3573 4712 Γόμορρα
3619 4640 3684 4694 ἂν

2115 4741 2494 4814 ὡμοιώθημεν.
2547 4760 2565 4792 ι
2607 4740 2780 4812 Ὅπερ
2816 4734 3132 4806 συναγαγὼν
3167 4736 3257 4788 ἐπὶ
3287 4735 3347 4789 τὺ
3392 4733 3560 4802 σαφὲς
3593 4734 3684 4805 ἐρ-

2120 4834 2341 4906 μηνεύει
2361 4835 2418 4886 ἐν
2447 4836 2512 4904 τῇ
2544 4833 2676 4904 πρὸς
2703 4831 3005 4901 Ῥωμαίους
3030 4826 3308 4896 Ἐπιστολῇ
3335 4828 3363 4878 ὁ
3393 4825 3534 4896 ἱερὸς
3553 4823 3687 4878 ἀπό-

2120 4921 2318 4985 στολος·
2361 4940 2378 4972 ι
2414 4921 2638 4982 Ἡσαΐας
2668 4919 2726 4972 δέ
2757 4917 3057 4990 κραυγάζει
3113 4915 3250 4985 ὑπὲρ
3306 4914 3398 4966 τοῦ
3445 4912 3680 4984 Ἰσραήλο

2131 5013 2256 5067 Ἐὰν
2380 5015 2408 5066 ὁ
2454 5011 2684 5083 ἀριθμὸς
2741 5009 2849 5062 τῶν
2876 5008 3006 5062 υίών
3063 5005 3277 5078 Ἰσραὴλ
3323 5007 3398 5069 ὡς
3433 5009 3466 5076 ἠ
3502 5008 3686 5076 ἄμμος

2113 5106 2211 5176 τῆς
2245 5105 2540 5173 θαλάσσης,
2574 5100 2976 5170 τδὺπόλειμμα
3021 5097 3339 5169 σωθήσεται.
3373 5097 3541 5164 Λόγον
3575 5095 3685 5168 γάρ

2117 5196 2380 5250 συντελῶν
2432 5195 2526 5249 καὶ
2579 5194 2886 5262 συντέμνων
2937 5191 3148 5259 ποιήσει
3184 5187 3386 5260 Κύριος
3439 5188 3530 5240 ἐπὶ
3585 5187 3684 5257 τῆς

2115 5290 2238 5360 γῆς.
2276 5291 2384 5344 Καὶ
2426 5284 2610 5349 καθὼς
2657 5284 2982 5356 προείρηκεν
3029 5282 3290 5344 Ἠσαῖαςο
3335 5281 3398 5332 Et
3453 5277 3527 5348 μὴ
3569 5279 3686 5331 Ro;

2122 5399 2232 5452 ριος
2271 5378 2492 5433 Σαϐαὼθ
2535 5375 2885 5446 ἐγκατέλιπεν
2925 5377 3058 5446 ἡμῖν
3103 5372 3346 5443 σπέρμα,
3376 5371 3450 5432 ὡς
3476 5369 3686 5440 Σόδομα

2118 5473 2182 5525 ἂν
2208 5470 2560 5540 ἐγενήθημεν,
2587 5470 2678 5522 καὶ
2697 5469 2769 5532 ὡς
2786 5469 2826 5520 Γ
2826 5468 3038 5544 ὀμορᾁ
3055 5465 3120 5518 ἂν
3141 5461 3395 5533 ὡμοιώθη
3405 5479 3520 5530 μεν.
3547 5481 3568 5513 ι
3591 5457 3687 5525 Οἷς

2118 5559 2271 5626 αὖθις
2306 5562 2644 5634 προστίθησι,
2667 5561 2856 5629 λέγων·
2895 5580 2912 5610 ι
2941 5557 3032 5627 Μὴ
3055 5553 3310 5608 ἀπώσατο
3351 5555 3380 5606 ὁ
3421 5551 3552 5615 θεὸς
3595 5552 3688 5604 τὸν

2111 5656 2238 5711 λαὸν
2295 5655 2500 5720 αὐτοῦς
2553 5653 2633 5724 μὴ
2673 5653 2911 5721 γένοιτοί
2973 5649 3085 5704 Καὶ
3134 5647 3241 5718 γὰρ
3301 5643 3416 5714 ἐγὼ
3475 5644 3689 5717 Ἰσραη-
