4106 6500
392 429 492 483 ιει)

1295 425 1945 500 οιιιιοινετιιιτιοΝιδ
1982 417 2461 486 ΕνΑΝοιὲῖῑιολΕ.
2501 411 2614 483 Lui
2649 430 2712 484 ιι.

3549 438 3648 494 ὶῧυ

389 544 539 613 λίτης
580 543 694 614 εἰμὶ
732 545 796 596 ἐκ
829 542 1141 614 σπέρματος
1184 541 1432 613 Ἀϐραὰμ
1484 543 1655 612 φυλῆς
1700 543 1966 614 Βενιαμίν.

2081 543 2208 599 facti
2249 562 2516 608 essemus,
2567 556 2618 600 et
2649 547 2792 602 sicut
2845 547 3146 604 Gomorrha
3198 551 3405 606 similes
3453 550 3650 608 fuisse-

389 639 502 690 Οὐκ
548 635 804 690 ἀπώσατο
846 638 874 686 ὁ
911 635 1042 698 Θεὸς
1078 635 1168 688 τὸν
1197 634 1324 688 λαὸν
1359 635 1546 698 αὑτοῦ,
1594 635 1652 688 ὃν
1697 637 1964 708 προέγνω·

387 729 422 798 ἢ
481 729 582 782 οὐκ
654 727 832 782 οἴδατε
879 729 936 779 ὲν
992 725 1146 797 Ἠλίᾳ
1218 727 1268 778 τί
1324 725 1472 796 λέγει
1605 727 1832 796 Γραφὴ,
1893 727 1968 790 ὡς

391 819 704 890 ἐντυγχάνει
779 817 856 888 τῷ
922 816 1038 886 Θεῷ
1098 815 1238 868 κατὰ
1298 815 1390 868 τοῦ
1463 817 1709 888 ’1σραήλ;
1773 819 1966 890 Κύριε,

390 914 516 976 τοὺς
571 913 849 983 προφήτας
913 926 1004 961 σου
1043 909 1422 969 ἀπέκτειναν,
1479 906 1546 960 τὰ
1611 907 1970 981 θυσιαστήριά

394 1021 484 1056 σου
553 1002 929 1070 κατέσκαψαν⁸
1003 997 1158 1067 κάγὼ
1226 999 1558 1068 ὑπελείφθην
1631 999 1808 1069 μόνος,
1878 1001 1970 1052 καὶ

393 1095 612 1167 ζητοῦσξ
651 1112 748 1166 μου
780 1095 877 1165 τὴν
919 1091 1115 1162 ψυχὴν,
1148 1090 1240 1143 τοῦ
1269 1091 1451 1143 λαϐεῖν
1484 1091 1670 1161 αὑτήν.
1711 1091 1867 1144 Ἀλλὰ
1917 1093 1969 1145 τί

391 1188 538 1257 λέγει
567 1187 715 1258 αὐτῷ
735 1189 763 1240 ὁ
792 1183 1202 1256 χρηματισμός;
1235 1182 1540 1236 Κατέλιπον
1562 1182 1786 1252 ἐμαυτῷ
1809 1185 1972 1235 ἑπτα-

393 1271 688 1350 κισχιλίους
743 1277 959 1348 ἄνδρας,
1014 1276 1207 1337 οἵτινες
1263 1275 1362 1328 οὐκ
1414 1275 1666 1346 ἔκαμψαν
1720 1275 1847 1344 γόνυ
1904 1277 1968 1345 τῇ

393 1372 558 1426 Βάαλ.
595 1371 779 1434 Οὕτως
833 1366 924 1422 οὖν
973 1368 1066 1422 καὶ
1103 1369 1160 1422 ἑν
1184 1367 1262 1439 τῷ
1298 1368 1391 1422 νῦν
1413 1368 1588 1440 καιρῷ
1619 1367 1824 1439 λεῖμμα
1853 1369 1970 1421 κατ’

391 1465 620 1534 ἐκλογὴν
643 1463 864 1535 χάριτος
887 1461 1128 1530 γέγονεν.
1169 1479 1186 1510 ι
1225 1461 1344 1513 Ὅτι
1373 1460 1416 1513 δ’
1447 1462 1546 1514 οὐκ
1573 1463 1651 1524 είς
1679 1459 1835 1514 ἄλλον
1859 1477 1973 1512 και-

394 1557 506 1628 ρὸν,
549 1557 660 1610 ἀλλ’
685 1557 764 1617 εἰς
797 1554 886 1607 τὸν
920 1553 1017 1623 τῆς
1057 1551 1375 1620 ἐπιφανείας
1403 1552 1496 1606 τοῦ
1527 1553 1778 1623 Σωτῆρος
1815 1550 1972 1622 ἡμῶν

403 1646 578 1718 Ἰησοῦ
601 1645 838 1720 Χριστοῦ
869 1643 1182 1714 συντείνειὴ
1213 1644 1536 1714 προφητεία,
1580 1644 1705 1713 ἑξῆς
1741 1646 1769 1696 ὁ
1797 1643 1970 1711 λόγος,

394 1739 533 1810 μετά
558 1739 618 1792 τὸ
653 1739 852 1808 φάναι,
893 1757 912 1789 ί
948 1740 1011 1792 Εἰ
1040 1741 1113 1811 μὴ
1145 1739 1348 1812 Κύριος
1373 1734 1597 1789 Σαϐαὼθ
1621 1735 1974 1804 ἐγκατέλιπεν

389 1832 521 1902 ἡμῖν
548 1831 790 1901 σπέρμα,
826 1829 900 1894 ὼς
929 1832 1138 1903 Σόδομα
1171 1831 1236 1885 ἂν
1261 1827 1492 1900 ἐγενήθη
1503 1845 1620 1899 μεν,
1646 1827 1740 1880 καὶ
1766 1827 1841 1890 ὼς
1876 1825 1972 1878 Γό-

2070 652 2194 691 mus
2227 641 2292 692 ".
2339 658 2357 689 ›
2404 639 2614 704 Quibus
2666 655 2860 694 rursus
2917 641 3032 695 haec
3071 642 3316 714 adjungit
3352 663 3366 698 :
3411 663 3429 694 ‹
3473 643 3644 698 Num-

2077 727 2228 796 quid,
2284 730 2478 799 inquit,
2528 733 2726 800 repulit
2779 731 2922 788 Deus
2949 736 3206 804 populum
3248 737 3641 792 suum?Absit.

2072 818 2205 872 Nam
2245 827 2298 874 et
2351 837 2449 891 ego
2504 821 2746 876 Israelita
2797 839 2916 876 sum
2977 841 3040 878 ex
3085 827 3292 880 semine
3344 827 3639 891 Abraham,

2071 913 2212 966 tribu
2228 913 2648 982 Benjamin.Non
2673 917 2868 984 repulit
2883 915 3021 972 Deus
3035 921 3288 988 pupulum
3307 935 3464 974 suum
3483 936 3643 990 quem

2072 1004 2344 1074 pnescivit
2364 1022 2375 1056 :
2396 1020 2584 1059 annon
2617 1015 2788 1060 nostis
2813 1007 2864 1060 in
2890 1006 3000 1061 Elia
3019 1011 3146 1077 quid
3167 1009 3312 1064 dicat
3331 1011 3645 1081 Scriptura?

2071 1096 2530 1164 quemadmodum
2555 1097 2843 1152 intercedit
2873 1100 3013 1168 apud
3045 1097 3211 1154 Deum
3232 1112 3419 1155 contra
3443 1101 3646 1158 Israel?

2070 1183 2178 1255 65
2214 1184 2461 1252 Domine,
2515 1189 2810 1258 prophetas
2878 1197 3002 1244 tuos
3051 1193 3389 1258 occiderunt,
3449 1195 3644 1250 altaria

2073 1283 2165 1328 tua
2201 1277 2562 1342 sutl‘oderunt,
2597 1287 2649 1333 et
2677 1295 2778 1350 ego
2799 1281 3022 1336 relictus
3053 1299 3172 1337 sunt
3203 1285 3372 1347 solus,
3413 1294 3466 1338 et
3495 1301 3644 1355 quae-

2073 1377 2200 1424 runt
2240 1373 2668 1429 animammeam
2703 1383 2760 1428 ut
2789 1375 3485 1432 auferanteam.Caeteruin
3510 1377 3641 1448 quid

2073 1461 2207 1515 dicit
2237 1463 2286 1518 ei
2311 1480 2636 1534 responsum
2673 1467 2963 1522 divinum?
2999 1469 3196 1538 reliqui
3255 1469 3386 1522 mihi
3435 1479 3638 1539 septem

2076 1556 2245 1610 millia
2281 1559 2548 1625 virorum,
2578 1561 2671 1630 qui
2733 1578 2843 1616 non
2901 1568 3266 1616 curvaverunt
3327 1577 3467 1632 genu
3516 1572 3643 1617 ante

2075 1645 2223 1702 Baal.
2278 1648 2368 1704 Sic
2396 1665 2526 1722 ergo
2559 1661 2613 1706 et
2642 1653 2695 1706 in
2744 1653 2846 1708 hoc
2894 1661 3138 1724 tempore
3169 1696 3186 1721 ,
3249 1653 3491 1724 reliquiae
3551 1670 3640 1709 se-

2075 1738 2315 1793 cundum
2345 1739 2664 1796 electionem
2701 1745 2888 1812 gratiae
2921 1742 3074 1798 factae
3095 1751 3224 1799 sunt
3253 1746 3318 1796 ²¹.
3359 1765 3376 1796 ι
3415 1741 3490 1796 Nc
3513 1758 3644 1798 vero

2077 1830 2130 1883 in
2162 1829 2310 1883 aliud
2350 1839 2564 1902 tempus
2602 1833 2942 1902 prephetiam
2971 1842 3220 1888 eventum
3255 1849 3413 1888 suum
3441 1834 3645 1904 dirige-

392 1898 568 1994 μορῲ
592 1898 1101 1994 ἂν⁷ὧμοιὼθημεν,⁷»
1122 1923 1212 1977 τὸν
1233 1898 1419 1976 πάντα
1430 1898 1538 1974 τῶν
1553 1917 1818 1972 Ἰουδαίων
1843 1915 1966 1970 λαὸν

2073 1934 2132 1972 re
2161 1920 2482 1988 suspiceris,
2513 1937 2676 1990 quam
2703 1923 2758 1975 in
2785 1923 3075 1976 adventum
3109 1922 3411 1978 Salvatoris
3468 1923 3642 1980 nostri

389 2013 670 2086 Γομόρρας
703 2015 994 2084 ὀνομάσας,
1028 2017 1154 2080 τοὺς
1190 2016 1247 2068 δὲ
1294 2017 1625 2088 ἡγουμένους
1659 2010 1836 2066 αὐτῶν
1867 2010 1968 2080 ἄρ-

387 2123 580 2176 χοντας
644 2106 919 2178 Σοδόμων,
987 2107 1232 2179 ἐπιφέρει
1303 2106 1628 2178 παραίτησιν
1681 2104 1779 2172 τῆς
1828 2101 1968 2156 κατά

387 2197 589 2250 Μωσέα
634 2196 950 2268 θρησκείας,
984 2201 1078 2252 καὶ
1122 2200 1220 2270 τῆς
1257 2199 1343 2252 διὰ
1391 2197 1486 2251 τοῦ
1525 2196 1776 2266 Σωτῆρος
1813 2193 1968 2266 ἡμῶν

387 2288 553 2341 πᾶσιν
581 2288 886 2360 ἀνθρώποις
925 2290 1374 2361 κατηγγελμένης
1402 2288 1676 2358 Διαοήκης
1713 2286 1804 2338 τὸν
1839 2285 1968 2356 τρό-

389 2395 510 2442 πον,
535 2381 680 2448 λέγω
717 2381 772 2433 δὲ
814 2380 904 2433 τδν
933 2381 1020 2434 διὰ
1057 2379 1282 2452 λουτροῦ
1334 2377 1768 2446 παλιγγενεσίας,
1811 2375 1967 2444 λόγον

389 2486 447 2522 τε
473 2471 731 2543 ἄντικρυς
758 2471 876 2524 νέον
907 2473 1000 2524 καὶ
1025 2471 1190 2542 νόμον
1222 2471 1472 2539 εἰσῆκται
1501 2471 1557 2522 ἑν
1593 2472 1658 2536 τῆ
1695 2468 1823 2540 περὶ
1859 2467 1964 2520 τῶν

387 2560 642 2614 τοιούτων
664 2565 984 2634 προρρήσει.
1014 2562 1174 2630 Λέγει
1193 2563 1248 2615 δὲ
1268 2560 1361 2616 οὖν
1386 2579 1398 2592 ο
1432 2581 1449 2612 ι
1491 2561 1783 2614 Ἀκούσατε
1809 2559 1964 2626 λόγον

389 2653 617 2724 Κυρίου,
662 2655 919 2726 ἄρχοντες
960 2655 1226 2725 Σοδόμων,
1277 2654 1571 2726 προσέχετε
1604 2653 1766 2722 νόμον
1805 2651 1960 2716 Θεοῦ,

389 2743 515 2807 λαὸς
541 2745 843 2816 Γομόρρας,
899 2747 952 2798 τί
991 2765 1080 2816 μοι.
1118 2747 1318 2816 πλῆθος
1351 2746 1458 2798 τῶν
1491 2744 1690 2798 θυσιῶν
1717 2742 1900 2814 ὑμῶν;
1939 2762 1956 2794 ι

387 2836 480 2888 καὶ
527 2835 595 2888 τά
639 2835 796 2906 ἑξῆς·
857 2837 998 2908 ἅπερ
1045 2840 1216 2892 οίκεῖα
1267 2839 1393 2891 ὄντα
1435 2838 1536 2908 τῆς
1577 2836 1716 2890 κατά
1765 2835 1964 2889 Μωσέα

385 2925 704 2996 νομοθεσίας
737 2925 960 2990 ἀνελὼν,
995 2929 1300 2998 ἀντεισάγει
1345 2927 1591 2997 ἀφέσεως
1636 2927 1964 2998 ἁμαρτημά-

384 3031 491 3068 των
522 3015 707 3088 ἓτερον
755 3017 974 3088 τρόπον,
1007 3018 1098 3071 τὸν
1129 3017 1217 3072 διὰ
1261 3017 1354 3070 τοῦ
1408 3017 1674 3088 σωτηρίου
1717 3016 1960 3088 λουτροῦ,

386 3107 482 3161 καὶ
513 3107 607 3160 τοῦ
633 3109 730 3161 σὺν
758 3108 931 3180 τούτῳ
961 3111 1362 3182 κηρυττομένου
1395 3109 1530 3180 βίου,
1565 3109 1768 3178 λέγων·
1796 3109 1963 3164 «Λού-

387 3199 572 3263 σασθε,
612 3199 842 3272 καθαροὶ
873 3201 1114 3270 γένεσθε,
1162 3202 1388 3272 ἀφέλετε
1429 3201 1526 3264 τὰς
1561 3200 1822 3272 πονηρίας
1855 3199 1961 3253 ἀπὸ
1992 3229 2032 3284 C

383 3289 492 3346 τῶν
522 3291 707 3364 ψυχῶν
736 3293 888 3364 ὑμῶν
909 3336 924 3358 ,
956 3314 972 3345 ι
999 3295 1093 3347 καὶ
1120 3293 1188 3348 τὰ
1223 3295 1368 3365 ἑξῆς.
1401 3295 1699 3365 Ἀρχοντας
1721 3292 1776 3344 δὲ
1810 3290 1964 3344 Σοδό-

387 3398 502 3452 μων
539 3385 632 3438 καὶ
661 3384 786 3438 λαὸν
809 3385 1098 3457 Γομόρρων
1128 3385 1193 3438 δι’
1221 3387 1286 3457 ἣν
1312 3386 1487 3438 αἰτίαν
1527 3386 1720 3448 αὐτοὺς
1750 3383 1964 3454 ὠνόμα-

385 3491 497 3539 σεν,
543 3475 704 3538 αὐτὸς
732 3475 1044 3546 παρέστησε
1091 3477 1431 3548 παραχρῆμα
1461 3475 1665 3529 εἰπών’
1702 3495 1720 3526 ‹
1754 3475 1818 3527 At
1853 3473 1961 3545 γὰρ

382 3568 563 3638 χεῖρες
594 3565 748 3637 ὑμῶν
781 3565 1006 3638 πλήρεις
1022 3567 1269 3635 αἵματος.
1298 3587 1316 3618 ο
1353 3567 1461 3620 Καὶ
1490 3563 1646 3630 αὖθις
1677 3567 1732 3620 δὲ
1753 3565 1960 3628 ὑποϐὰς

380 3655 562 3726 λέγει·
591 3677 608 3708 ι
643 3657 752 3729 Τὴν
775 3659 1004 3728 ἀνομίαν
1033 3657 1209 3712 αὐτῶν
1232 3658 1306 3722 ὼς
1331 3658 1573 3728 Σοδόμων
1603 3657 1952 3728 ἀνήγγειλάν,

381 3745 474 3798 καὶ
499 3745 839 3814 ἐνεφάνισαν.
864 3747 1000 3800 Οὐαὶ
1027 3751 1094 3818 τῇ
1123 3746 1266 3818 ψυχῇ
1302 3747 1479 3801 αὐτῶν
1502 3764 1514 3777 ·
1547 3747 1677 3800 διότι
1709 3745 1956 3800 ἐϐουλεύ-

382 3853 542 3890 σαντο
593 3838 784 3908 βουλὴν
828 3839 1070 3910 πονηρὰν
1117 3840 1237 3892 καθ’
1279 3841 1506 3903 ἑαυτῶν,
1557 3840 1822 3902 εἰπόντες,
1873 3826 1954 3893 δτι

379 3929 624 4000 Δήσομεν
664 3931 755 3982 τὸν
783 3931 1011 3995 δίκαιον,
1057 3932 1138 3984 ότι
1170 3931 1502 4002 δύσχρηστος
1544 3933 1674 4002 ἡμῖν
1710 3933 1855 3984 ἑστιν
1877 3969 1895 3996 ,
1931 3951 1948 3985 ι

380 4024 688 4094 σαφέστατα
732 4025 962 4094 αἵματός
991 4041 1132 4088 τινος
1172 4026 1264 4078 καὶ
1297 4025 1414 4089 ἑνὸς
1438 4025 1642 4078 δικαίου
1679 4025 1960 4096 μεμνημέ-

377 4129 467 4176 νος
509 4113 819 4184 ὲπιὸουλῆς.
875 4114 1030 4177 Τίνος
1061 4113 1116 4166 δὲ
1174 4114 1281 4186 ἄρα
1319 4115 1352 4184 ἢ
1391 4115 1484 4167 τοῦ
1532 4115 1780 4186 Σωτῆρος
1805 4114 1960 4186 ἡμῶν

2069 2007 2198 2063 Jcsu
2224 2007 2449 2072 Christi,
2483 2014 2648 2064 verba
2679 2027 2798 2072 qua:
2828 2020 3132 2082 sequuntur
3191 2021 3315 2082 post
3374 2013 3506 2067 illud
3557 2014 3645 2069 di-

2074 2107 2244 2164 ctum,
2310 2118 2330 2152 ι
2365 2099 2481 2155 Nisi
2517 2101 2778 2158 Dominus
2833 2101 3071 2158 Sabaoth
3137 2105 3449 2174 reliquisset
3481 2105 3646 2161 nobis

2071 2207 2277 2258 semen,
2303 2193 2458 2260 quasi
2507 2191 2742 2246 Sodoma
2778 2193 2904 2248 facti
2931 2209 3199 2258 essemus,
3241 2205 3295 2249 et
3350 2195 3492 2249 sicut
3532 2193 3640 2249 Go-

2067 2285 2290 2338 morrha
2337 2285 2542 2340 similes
2575 2285 2888 2347 fuissemus,
2925 2305 2944 2338 »
2981 2287 3296 2340 universum
3350 2285 3638 2342 Iudaicum

2069 2378 2348 2448 populum,
2387 2375 2728 2440 Gomorrhaa,
2752 2379 3034 2448 'populum
3071 2379 3420 2447 appellantia,
3445 2389 3496 2432 et
3541 2395 3638 2434 eoo

2067 2486 2188 2525 rum
2221 2471 2412 2535 duces,
2453 2491 2470 2521 ι
2514 2473 2786 2541 principes
2834 2470 3236 2533 .Sodoniorum,
3268 2491 3286 2524 ι
3334 2473 3638 2542 adjungunt

2069 2563 2418 2630 rejectionem
2450 2563 2670 2616 Mosaici
2703 2564 2864 2622 titus.
2901 2570 2955 2616 et
2985 2561 3106 2630 ejus
3139 2561 3470 2617 Testamenti
3521 2578 3639 2617 mo-

2067 2655 2215 2720 dum,
2246 2655 2388 2724 quod
2415 2671 2508 2723 per
2537 2653 2871 2708 Salvatorem
2907 2664 3156 2709 nostrum
3181 2655 3438 2710 omnibus
3471 2655 3642 2709 homi-

2067 2745 2231 2798 nibus
2253 2745 2630 2798 denuntiatum
2653 2754 2736 2798 est
2763 2741 2909 2814 (cum
2943 2742 3277 2798 Testamenti
3319 2744 3465 2808 dico,
3517 2744 3642 2813 ejus

2066 2835 2514 2906 regenerationis,
2547 2852 2669 2904 qua:
2701 2836 2759 2887 lit
2791 2851 2886 2906 per
2915 2836 3192 2890 lavacrum
3217 2836 3478 2905 intelligo)
3511 2852 3634 2890 ver-

2065 2927 2302 2996 bumque
2333 2927 2490 2996 plane
2521 2943 2718 2982 novum
2748 2943 2810 2981 ac
2838 2929 3005 2996 legem
3033 2927 3408 2991 introducunt,
3452 2927 3542 2981 ubi
3568 2927 3635 2981 de

2069 3017 2270 3070 talibus
2339 3017 2657 3086 praedicunt.
2718 3015 2807 3069 Sic
2860 3017 3024 3086 igitur
3071 3017 3314 3071 habent:
3363 3033 3382 3066 ‹
3441 3017 3638 3071 Audite

2064 3107 2289 3161 verbum
2339 3105 2574 3169 Domini,
2602 3107 2874 3176 principes
2936 3106 3321 3173 Sodomorum,
3372 3108 3636 3162 attendite

2066 3197 2238 3266 legem
2265 3195 2498 3263 Domini,
2533 3200 2766 3268 pupulus
2795 3197 3130 3253 Gomorrhm.
3165 3199 3303 3264 Quid
3337 3199 3466 3252 mihi
3500 3201 3633 3253 inul-

2069 3287 2246 3342 titudo
2271 3289 2612 3344 victimarum
2643 3299 2947 3344 vestrarum
2980 3292 3026 3322 ’³
3054 3291 3077 3344 ?
3107 3309 3124 3341 ι
3159 3300 3211 3344 et
3242 3301 3432 3345 uetera
3467 3306 3480 3342 :
3515 3307 3638 3360 quae

2069 3386 2127 3430 ut
2157 3379 2375 3448 propria
2411 3380 2584 3450 legum
2615 3395 2644 3433 a
2674 3379 2856 3451 Moyse
2885 3364 3183 3450 positarum
3211 3381 3464 3436 auferens
3497 3421 3510 3445 ,
3541 3396 3636 3434 co-

2066 3487 2184 3525 rum
2222 3473 2340 3526 loco
2364 3474 2528 3526 alium
2561 3473 2866 3527 remittendi
2895 3482 3114 3542 peccata
3139 3473 3356 3526 modum
3384 3473 3634 3526 introdu-

2063 3565 2162 3628 cit,
2193 3579 2314 3618 eum
2338 3563 2590 3618 videlicet
2615 3565 2706 3633 qui
2739 3579 2832 3634 per
2869 3565 3140 3618 lavacrum
3197 3564 3390 3618 salutis
3441 3574 3494 3618 et
3539 3580 3636 3635 per

2061 3671 2180 3708 eam
2228 3671 2348 3724 qua:
2369 3670 2492 3708 cum
2528 3654 2631 3708 hoc
2657 3654 2982 3724 prtcdicatur
3013 3655 3180 3709 vitam
3220 3655 3528 3708 celcbratur
3553 3657 3634 3711 sic

2061 3747 2279 3802 dicens:
2311 3765 2329 3796 ι
2353 3746 2655 3808 Lavamini,
2678 3748 2861 3800 mundi
2891 3755 3085 3810 estote,
3107 3747 3314 3800 auferte
3334 3747 3632 3816 pravitates

2062 3842 2131 3894 ab
2161 3840 2359 3894 animis
2389 3839 2585 3894 vestris
2615 3839 2682 3902 “,
2715 3857 2734 3890 ι
2761 3848 2813 3892 et
2835 3854 2954 3908 quae
2971 3838 3419 3907 sequuntur.Cur
3449 3849 3628 3892 autem

2062 3931 2338 4000 principes
2374 3929 2731 3983 Sodomorum
2763 3936 2815 3982 et
2861 3927 3118 3997 populum
3164 3927 3484 3981 Gomorrhte
3533 3942 3630 3984 eos

2064 4023 2444 4085 nominaverit,
2477 4022 2618 4075 idem
2653 4020 2799 4074 illico
2816 4018 3180 4088 exposuit.sic
3208 4019 3391 4073 dicens
3421 4039 3434 4073 :
3459 4038 3478 4069 ι
3511 4019 3626 4074 Ma-

2063 4131 2168 4170 nus
2193 4115 2336 4169 enim
2363 4120 2556 4168 vestra:
2583 4113 2754 4182 plenae
2783 4112 3046 4181 sanguine
3075 4112 3142 4163 ’³.
3177 4129 3196 4162 ι
3223 4110 3290 4164 Et
3316 4128 3507 4168 rursus
3537 4113 3628 4168 ubi

393 4203 563 4274 ’1ησοῦ
614 4205 882 4276 Χριστοῦ;
915 4206 980 4259 δι’
1006 4206 1072 4277 ἣν
1098 4207 1190 4260 καὶ
1218 4205 1336 4277 μεθ’
1366 4208 1430 4278 ἣν
1454 4207 1665 4260 ἅπαντα
1695 4207 1960 4278 μετῆλθον

2068 4208 2280 4278 paulum
2314 4219 2634 4276 progressus
2678 4211 2786 4268 est,
2817 4204 2892 4256 ait
2929 4222 2942 4256 :
2991 4221 3008 4252 ι
3054 4201 3394 4273 lniquitatem
3445 4220 3628 4270 suam,

379 4295 560 4359 αὐτοῖς
588 4295 656 4350 τὰ
684 4298 1153 4370 προηγορευμένα.

2068 4308 2122 4352 ιιι
2150 4297 2509 4352 Sodomorum
2552 4297 2938 4349 nuntiaverunt
2997 4303 3161 4364 atque
3226 4295 3624 4354 indicaverunt.

381 4385 473 4442 Vae
536 4389 732 4444 animm
785 4391 999 4446 illorum
1039 4395 1338 4464 :quoniam
1393 4396 1766 4464 cogitaverunt
1821 4395 2112 4451 consilium
2185 4409 2408 4463 pravum
2453 4401 2642 4446 contra
2709 4395 2919 4460 seipsos
2975 4391 3268 4446 dicentes:
3308 4390 3628 4462 Ligahimus

372 4480 606 4548 justum,
637 4485 894 4554 quoniam
924 4486 1133 4542 inutilis
1181 4489 1339 4542 nobis
1363 4501 1448 4544 est
1470 4489 1559 4544 ’σε
1601 4509 1620 4541 ι
1661 4491 1751 4545 ubi
1793 4506 1918 4546 cum
1975 4491 2043 4544 de
2076 4489 2310 4559 quodam
2359 4487 2622 4556 sanguine
2649 4492 2702 4540 et
2741 4485 2808 4540 de
2855 4483 3072 4539 insidiis
3116 4486 3378 4542 adversus
3412 4486 3622 4556 justum

377 4575 667 4645 quemdam
699 4578 1030 4637 mentionem
1075 4580 1282 4647 fecerit,
1331 4599 1492 4654 quem
1535 4584 1680 4640 hunc
1727 4585 1944 4640 tandem
1981 4585 2208 4655 intelligi
2237 4583 2372 4646 vult,
2429 4583 2532 4637 nisi
2571 4580 2906 4634 Salvatorcm
2949 4589 3198 4636 nostrum
3237 4579 3419 4636 Jesum
3464 4583 3626 4636 Chri-

379 4671 566 4724 stum?
589 4679 810 4742 prbpter
841 4691 1000 4745 quem
1030 4685 1084 4730 et
1136 4685 1259 4746 post
1321 4693 1481 4748 quem
1533 4680 1716 4734 omnia
1751 4680 1804 4734 iu
1828 4681 1950 4736 illos
1983 4694 2322 4751 quiscunque
2350 4677 2496 4732 dicta
2521 4683 2668 4741 sunt,
2698 4675 3096 4732 redundarunt.

373 4793 495 4864 AZ'_.
533 4791 852 4864 Τοῦ-αὐτοῦ
887 4792 1147 4848 Ἡσαΐου.
1180 4823 1248 4834 -ο
1277 4795 1404 4848 ’Ότι
1435 4794 1532 4848 διὰ
1568 4795 1674 4850 τὸν
1711 4795 1956 4864 Σωτῆρα

2068 4789 2317 4850 XXXVII.
2343 4793 2422 4848 Ab
2455 4794 2633 4864 eodem
2665 4793 2926 4864 Isaia._-—
2959 4791 3112 4858 Quod
3156 4803 3366 4862 propter
3421 4793 3625 4864 Salua-

445 4859 613 4934 ἡμῶν
657 4861 891 4934 Ἰησοῦν
919 4864 1176 4934 Χριστὸν
1196 4865 1293 4919 καὶ
1313 4866 1464 4934 μετά
1479 4867 1594 4934 τὴν
1607 4865 1792 4919 αὐτοῦ
1812 4859 1954 4934 πᾶρ-

2129 4876 2294 4920 torem
2333 4877 2569 4919 nostrum
2600 4859 2784 4919 Iesum
2817 4862 3107 4929 Christum,
3138 4859 3186 4916 et
3206 4859 3355 4934 ipost
3389 4863 3622 4932 ejusdem

443 4931 663 4984 ουσίαν
682 4931 946 5006 ﬁxas-nu
966 4931 1038 4987 τὰ
1081 4935 1200 4988 ὑπὸ
1258 4931 1367 5006 τοῦ
1410 4931 1718 5005 προφήτου
1767 4931 1948 5005 apori-

2127 4937 2426 4998 adventum,
2457 4936 2635 4990 omnia
2654 4951 2768 5006 quae
2805 4934 2950 4988 dicta
2987 4943 3109 4987 sunt
3139 4952 3171 4986 a
3198 4931 3476 5002 Prop/tcta,
3512 4934 3620 4988 illis

446 4999 772 5070 τορευμένα
797 5001 1097 5071 μετῆλθον
1133 5005 1354 5072 αὐτοῖς.
1448 4999 1464 5004 ⁷
1525 4999 1541 5005 ⁷
1596 4999 1605 5003 ⁷
1805 4999 1822 5005 ⁷
1907 4999 1918 5004 ⁷

2125 5007 2430 5060 acciderint.

447 5133 467 5166 ι
509 5114 586 5184 Τῇ
614 5113 669 5166 δὲ
694 5113 875 5184 ἡμέρᾳ
907 5115 1090 5188 ἑκεὶνῃ
1140 5116 1434 5188 ἐπιλάμψει
1471 5119 1500 5170 ὁ
1533 5117 1664 5182 Θεὸς
1692 5120 1749 5171 ὲν
1785 5117 1944 5192 βουλῇ

2131 5139 2149 5170 ι
2189 5119 2248 5174 ln
2272 5119 2358 5174 die
2375 5119 2489 5182 illa,
2521 5118 2801 5174 illucescet
2835 5115 2978 5172 Deus
3003 5114 3056 5168 in
3089 5113 3318 5168 consilio
3349 5127 3472 5166 cum
3503 5113 3620 5184 glo-

377 5206 510 5277 μετά
529 5206 685 5276 δόξης
701 5205 794 5258 ἐπὶ
810 5205 911 5274 τῆς
931 5206 1053 5276 γῆς,
1068 5207 1161 5260 τοῦ
1184 5208 1394 5278 ὑψῶσαι
1411 5211 1506 5264 καὶ
1527 5209 1622 5264 τοῦ
1647 5210 1862 5278 δοξάσαι
1882 5212 1948 5265 τὸ

2068 5214 2133 5268 ria
2165 5214 2219 5268 in
2258 5219 2424 5278 terra,
2465 5217 2524 5265 ut
2557 5209 2784 5266 extollat
2821 5215 2874 5262 et
2917 5207 3180 5278 gloriﬁcet
3217 5205 3292 5268 id,
3322 5205 3463 5274 quod
3491 5205 3619 5260 relic

373 5295 728 5366 καταλειφθὲν
760 5295 854 5349 τοῦ
893 5296 1106 5368 Ἰσραὴλ
1125 5299 1183 5351 ἑν
1205 5299 1362 5366 Σιὼν,
1385 5303 1478 5354 καὶ
1497 5303 1560 5355 τὸ
1589 5301 1947 5371 καταλειφθὲν

2068 5321 2212 5376 ιιιιιηι
2244 5303 2408 5359 fuerit
2441 5319 2508 5358 ex
2529 5302 2719 5366 Israel,
2751 5308 2806 5356 et
2841 5301 2946 5354 erit
2992 5297 3124 5353 illud
3160 5297 3426 5366 reliquum
3453 5311 3518 5349 ex
3543 5295 3623 5352 lsv

373 5391 429 5442 ἑν
465 5389 852 5460 Ἰερουσαλήμ*
889 5388 1034 5458 ἆγιοι
1083 5390 1442 5463 κληθήσονται
1487 5397 1684 5459 πάντες
1733 5396 1781 5448 οἱ
1813 5411 1950 5468 γρα-

2068 5397 2162 5451 'ael
2193 5398 2249 5451 in
2283 5395 2439 5458 Sion,
2473 5404 2526 5450 et
2547 5392 2692 5464 quod
2721 5393 2967 5446 relictum
3009 5389 3170 5444 fuerit
3209 5391 3260 5442 in
3293 5387 3622 5454 Jerusalem;

371 5481 560 5550 φέντες
582 5483 661 5544 είς
690 5479 834 5552 ζωὴν
859 5481 936 5543 εἰς
954 5481 1256 5554 Ἱερουσαλή
1265 5501 1322 5554 μ.
1349 5505 1370 5536 ι
1392 5487 1501 5538 Καὶ
1522 5486 1574 5539 τί
1593 5488 1634 5540 δ’
1659 5486 1725 5541 ἂν
1741 5487 1950 5556 γένοιτο

2068 5487 2156 5560 36
2183 5487 2360 5543 sancti
2411 5485 2772 5547 vocabuli-tur,
2810 5495 3001 5534 omnes
3041 5479 3132 5548 qui
3169 5479 3357 5547 scripti
3394 5483 3526 5532 sunt
3553 5475 3621 5530 ad

369 5573 428 5625 τὸ
459 5573 816 5642 καταλειφθὲν
863 5573 960 5626 τοῦ
1005 5573 1255 5646 Ἰσραὴλ,
1296 5575 1456 5639 αὐτὸς
1494 5577 1522 5628 ό
1557 5584 1841 5650 προφήτης
1875 5579 1954 5632 δι-

2068 5579 2215 5632 vitam
2270 5578 2323 5632 in
2369 5576 2668 5632 Jerusalem
2690 5575 2757 5628 ’⁷.
2799 5593 2817 5625 ι
2862 5572 3143 5637 Quodnam
3190 5586 3319 5626 vero
3361 5569 3433 5626 sit
3487 5569 3621 5624 illud

370 5663 638 5734 εσάφησεν
669 5664 858 5718 εἰπών’
894 5653 1152 5730 (Πάντες
1169 5667 1218 5718 οί
1237 5667 1534 5740 γραφέντες
1570 5672 1650 5734 εις
1691 5670 1956 5742 Ἰερουσα-

2068 5670 2316 5740 eliquum
2341 5683 2408 5723 ex
2451 5665 2641 5730 Israel,
2671 5665 2788 5734 ipse
2836 5660 3096 5732 propheta
3123 5660 3454 5730 explanavit,
3489 5673 3618 5712 cum

451 5779 492 5810 ἰ
522 5779 680 5853 Βοηι2
723 5795 799 5845 ix,
829 5779 1020 5853 27-29.
1111 5779 1365 5853 _”_Rom.
1401 5799 1479 5850 ιι,
1514 5783 1632 5840 1ο5.
1735 5785 1784 5818 ’³
1813 5783 1919 5842 lsa.
1953 5800 1966 5841 ι

2068 5783 2217 5840 0-H.
2293 5783 2338 5818 ⁸³
2367 5783 2498 5840 ibid.
2527 5779 2613 5838 l6.
2692 5780 2737 5812 ’⁵
2764 5776 2903 5834 ibid.
2931 5777 3019 5832 15.
3096 5777 3140 5811 ¹⁰
3171 5775 3275 5834 18a.
3319 5791 3402 5842 ιιι,
3437 5771 3618 5847 9,10;

374 5842 498 5914 Sap.
530 5865 588 5914 ιι,
621 5849 710 5906 12.
787 5842 832 5885 ⁵⁷
865 5851 969 5908 lsa.
1001 5850 1223 5924 “32,3.
