4106 6432
506 368 597 420 151

1139 358 1406 416 EUSEBII
1445 355 1925 412 C/ESARIENSIS
1965 354 2115 411 OPP.
2152 354 2331 411 PARS
2371 357 2436 411 ll.
2481 388 2548 397 ——
2584 355 3063 412 APOLOGETICA

3658 361 3762 415 l3?

498 483 680 538 dixit:
718 500 740 535 ‹
775 497 965 537 omnes
991 481 1082 550 qui
1129 479 1312 548 scripti
1349 486 1477 532 sunt
1515 479 1568 531 in
1609 474 1932 540 Jerusalem,
1970 494 1988 526 ι
2023 483 2076 529 et

2195 476 2306 547 ιὴμ,
2340 478 2432 530 καὶ
2468 478 2516 529 οἱ
2545 476 2832 547 κληθέντες
2862 480 3023 546 ἆγιοι.
3061 477 3157 539 Τίς
3198 470 3290 530 οῦν
3330 476 3466 548 αῦτη
3497 478 3530 548 ἡ
3561 480 3763 549 ἡμέρα,

499 575 591 643 qui
645 575 826 628 vocati
878 574 1074 628 sancti.
1114 590 1132 622 ι
1171 568 1302 637 Quae
1344 579 1524 623 autem
1573 569 1645 622 sit
1694 568 1813 621 dies
1872 567 1982 629 illa,
2022 566 2077 619 in

499 680 606 734 qua
640 665 784 720 Deus
827 663 1250 734 glorificaturus,
1276 670 1329 715 et
1357 662 1411 715 in
1457 660 1679 714 sublimi
1711 659 2077 712 collocaturus

499 758 724 819 dicitur,
759 777 776 808 ι
814 758 866 810 id
912 756 1054 826 quod
1105 755 1375 823 reliquum
1425 752 1589 807 fuerit
1629 768 1693 806 ex
1745 751 1931 814 Israel,
1972 770 1990 802 ι
2026 757 2079 804 et

500 864 614 909 eos,
656 850 746 919 qui
768 848 995 901 vocandi
1033 855 1156 901 sunt
1182 846 1378 907 sancti,
1407 851 1461 898 et
1488 842 1764 897 scribendi
1794 842 1859 895 ad
1890 843 2075 905 vitam,

500 935 543 987 ti
585 949 752 995 totam
795 941 960 1010 hujus
999 938 1350 993 sectiuncula!
1397 936 1759 989 narrationem
1791 949 2072 1004 percurre-

503 1033 602 1095 ris,
639 1032 797 1086 facile
828 1031 1030 1087 disces.
1059 1028 1221 1083 Initio
1254 1030 1420 1098 igitur
1452 1029 1619 1081 totius
1655 1027 1799 1088 libri,
1834 1042 1957 1080 cum
1987 1023 2080 1077 ad-

504 1140 697 1179 versus
742 1121 1024 1182 Judzeam,
1092 1136 1156 1173 ac
1200 1117 1500 1172 Jerusalem
1548 1117 1809 1171 visionem
1856 1116 2082 1169 vidisset

505 1216 788 1287 propheta,
823 1221 877 1268 et
910 1212 1159 1282 pluribus
1196 1211 1376 1264 verbis
1425 1210 1593 1264 totius
1626 1208 1867 1262 Iudaicae
1906 1208 2081 1277 gentis

508 1308 674 1377 impia
716 1307 959 1359 facinora
1004 1310 1384 1365 numerasset,
1432 1317 1666 1371 cumque
1714 1302 2080 1355 minabundus

507 1398 735 1451 dixisset
764 1397 830 1451 de
867 1396 1084 1449 illorum
1127 1394 1433 1457 eversione,
1484 1393 1658 1463 deque
1693 1400 1934 1447 extrema
1993 1390 2083 1445 Je-

506 1490 745 1545 rusalem
790 1488 1064 1548 vastitate,
1114 1494 1229 1539 tum
1267 1485 1424 1541 linem
1473 1486 1544 1551 ei,
1574 1503 1695 1555 qua:
1742 1492 1933 1539 contra
1960 1484 2082 1539 illos

505 1580 830 1635 versabatur
874 1577 1317 1647 contemplationi
1381 1576 1657 1645 imponit,
1708 1575 1793 1629 his
1847 1575 2022 1628 verbis
2065 1593 2078 1627 :

515 1689 534 1722 ι
580 1670 750 1724 Erunt
780 1670 924 1724 enim
956 1677 1015 1720 ut
1044 1669 1405 1729 terebinthus,
1436 1668 1663 1737 ahjcctis
1690 1665 1852 1735 loliis,
1884 1675 1937 1720 et
1957 1673 2082 1719 tan-

510 1778 673 1833 quam
729 1761 921 1815 hortus
971 1774 1165 1830 aquam
1213 1774 1321 1813 non
1371 1758 1599 1822 habens,
1647 1767 1700 1812 et
1748 1765 1907 1811 erunt
1940 1757 2083 1811 vires

2186 561 2305 640 ὲνῇ
2348 567 2589 630 δοξάσειν
2621 570 2649 620 6
2691 568 2873 631 Θεὸς,.
2893 570 2986 621 καὶ
3024 567 3257 636 ύψώσειν
3304 567 3363 619 τὸ
3408 566 3767 636 καταλειφθὲν

2184 657 2277 709 τοῦ
2331 657 2569 730 Ἰσραὴλ,
2624 661 2719 712 καὶ
2768 660 2893 722 τοὺς
2947 658 3385 729 κληθησομένους
3429 659 3636 727 ἁγίους,
3674 660 3768 713 καὶ

2186 749 2633 820 γραφησομένους
2666 751 2742 812 είς
2783 750 2950 821 ζωὴν,
2982 749 3219 816 λέγεται,
3263 748 3628 820 ἀναδραμόντι
3686 767 3768 802 σοι

2186 838 2282 908 τὴν
2322 838 2448 908 ὃλην
2493 839 2591 909 τῆς
2625 840 2928 910 περικοπῆς
2973 840 3221 911 διήγησιν
3264 839 3418 910 δῆλον
3468 840 3633 893 ἔσται.
3678 841 3768 893 Ἐν

2187 931 2324 1000 ἀρχῇ
2352 929 2638 1000 τοιγαροῦν
2683 931 2780 1000 τῆς
2810 930 2936 1000 ὅλης
2967 930 3147 999 βίίθιου
3191 930 3290 999 τὴν
3324 928 3462 981 κατὰ
3509 930 3607 998 τῆς
3641 930 3770 983 ’¹⁰’δ’

2186 1022 2339 1083 δαίας
2363 1022 2456 1074 καὶ
2485 1022 2627 1075 κατά
2665 1024 3015 1094 Ἰερουσαλὴμ
3045 1023 3167 1075 ἰδὼν
3187 1025 3375 1093 ὅρασιν
3406 1026 3435 1076 6
3464 1026 3765 1095 προφήτης,

2188 1113 2280 1164 καὶ
2309 1112 2395 1164 διὰ
2439 1112 2703 1165 πλείστων
2751 1114 3277 1186 ἀπαριθμησάμενος
3309 1115 3376 1169 τά
3419 1117 3510 1169 τοῦ
3570 1118 3769 1181 παντὸς

2201 1203 2464 1255 Ἰουδαίων
2492 1204 2673 1267 ἔθνους
2698 1206 3043 1276 ἀσεϐήματα,
3072 1208 3370 1278 ἀπειλήσας
3399 1226 3457 1261 τε
3482 1210 3575 1261 καὶ
3600 1209 3769 1263 εἰπὼν

2186 1295 2252 1347 τά
2302 1297 2427 1365 περὶ
2469 1297 2566 1365 τῆς
2588 1299 2971 1367 καταστροφῆς
2998 1299 3196 1362 αὐτῶν,
3229 1303 3322 1353 καὶ
3354 1302 3450 1371 τῆς
3471 1301 3769 1366 παντελοῦς

2188 1388 2419 1456 ἐρημίας
2455 1387 2826 1458 Ἰερουσαλὴμ,
2860 1390 3010 1453 τέλος
3041 1390 3140 1460 τῆς
3175 1393 3292 1443 κατ’
3318 1392 3496 1444 αὐτῶν
3534 1392 3768 1463 θεωρίας

2188 1480 2405 1546 ἐπάγει,
2458 1478 2651 1547 λέγων·
2685 1499 2704 1531 ι
2742 1483 2992 1533 Ἔσονται
3030 1482 3137 1552 γὰρ
3184 1483 3258 1545 ὡς
3292 1484 3596 1552 τερέϐινθος
3635 1486 3771 1537 ἀπο-

2190 1571 2483 1641 ϐεϐληκυῖα
2530 1572 2598 1625 τὰ
2637 1572 2828 1641 φύλλα,
2882 1575 2989 1626 xui;
3018 1574 3092 1637 ὡς
3142 1576 3467 1646 παράδεισος
3515 1576 3657 1647 ὕδωρ
3693 1577 3768 1647 μὴ

2189 1662 2362 1733 ἔχων·
2415 1666 2508 1717 καὶ
2551 1664 2700 1717 ἔσται
2733 1667 2766 1735 ή
2816 1668 2966 1735 ἰσχὺς
3015 1666 3192 1719 αὐτῶν
3248 1668 3321 1730 ῶς
3344 1667 3560 1740 καλάμη
3599 1686 3768 1721 στυπ-

2191 1756 2336 1820 πίου,
2355 1756 2448 1808 καὶ
2481 1759 2535 1809 αἱ
2560 1756 2804 1827 ἐργασίαι
2836 1757 3012 1811 αὐτῶν
3029 1758 3103 1822 ὡς
3127 1759 3421 1831 σπινθῆρες
3438 1761 3606 1832 πυρός
3630 1777 3644 1790 ·
3676 1766 3768 1814 καὶ

511 1870 698 1909 eorum
752 1860 1011 1922 tanquam
1065 1851 1319 1905 surculus
1358 1861 1585 1918 stuppae,
1620 1856 1673 1904 et
1709 1856 1950 1919 quaestus
1992 1864 2086 1903 eo-

2195 1848 2693 1919 κατακαυθήσονται
2720 1852 2767 1901 oi
2805 1850 3015 1921 ἄνομοι,
3061 1853 3152 1904 καὶ
3195 1854 3244 1904 οί
3285 1852 3599 1923 ἁμαρτωλοὶ
3627 1852 3766 1923 ἅμα,

512 1961 656 2008 rum,
690 1952 747 1999 ut
790 1945 1039 2000 scintilla:
1072 1944 1214 2014 ignis
1246 1961 1259 1995 :
1295 1953 1350 1998 ct
1392 1944 1786 1998 comburentur
1825 1944 1995 2013 iniqui
2030 1951 2085 1997 et

512 2046 827 2107 peccatores
851 2037 1034 2100 simul,
1066 2043 1118 2089 et
1142 2051 1246 2090 non
1278 2038 1380 2090 erit
1406 2037 1497 2105 qui
1526 2037 1837 2105 exstinguat
1858 2035 1957 2088 η.)
1986 2033 2087 2088 Ubi

512 2142 635 2180 cum
686 2127 949 2181 adversus
1005 2127 1127 2180 illos
1177 2127 1494 2180 vaticinium
1552 2126 2084 2196 circumscripserit,

510 2226 627 2273 tum
669 2220 920 2289 reprimit
949 2236 1027 2281 se,
1071 2229 1123 2273 et
1150 2234 1291 2272 novo
1321 2218 1478 2272 initio
1510 2217 1673 2282 facto,
1703 2219 1933 2272 alteram
1977 2234 2090 2271 ma-

509 2312 700 2365 teriam
734 2311 1071 2381 aggreditur,
1120 2310 1452 2380 exordioque
1498 2310 1663 2364 etiam
1706 2309 1786 2379 (ut
1817 2309 2087 2379 dicebam)

507 2404 601 2457 tali
650 2402 860 2456 utitur:
896 2392 1138 2457 Verbum
1185 2402 1331 2471 quod
1380 2403 1582 2455 factum
1643 2408 1728 2455 est
1775 2399 1841 2453 ad
1891 2398 2087 2453 Isaiam

508 2495 678 2549 ﬁlium
718 2494 888 2548 Amos
918 2496 1276 2563 prophetam,
1319 2492 1386 2547 de
1423 2491 1607 2545 Iudaea
1650 2500 1704 2546 et
1752 2492 1818 2546 de
1862 2490 2087 2547 Jerusa-

509 2585 615 2639 lem
636 2588 703 2644 ²⁹,
741 2606 759 2637 ι
794 2586 896 2646 vel,
927 2595 983 2638 ut
1009 2584 1370 2656 Symmachus
1403 2584 1792 2654 interpretatus
1813 2591 1917 2645 est,
1953 2601 1971 2632 ι
2003 2597 2090 2636 su—

512 2693 611 2748 per
649 2676 835 2731 .Iudaca
878 2684 932 2731 et
981 2694 1148 2747 super
1203 2674 1528 2731 Jerusalem.
1563 2692 1583 2726 ι
1642 2674 1719 2728 Ex
1764 2688 1871 2743 quo
1903 2673 2088 2728 forsan

515 2766 666 2820 illum
695 2768 1005 2837 suspicetur
1039 2767 1257 2836 aliquis,
1293 2769 1360 2820 de
1389 2766 1590 2836 quibus
1623 2765 1798 2820 tristia
1827 2765 1979 2835 prius
2019 2765 2090 2819 sit

514 2857 876 2922 vaticinatus,
913 2857 981 2912 de
1028 2857 1220 2911 iisdem
1275 2872 1420 2910 nunc
1476 2864 1809 2909 commutata
1856 2853 2087 2919 ratione,

513 2950 738 3004 meliora
772 2950 1019 3019 quaedam
1047 2950 1354 3021 praedicere.
1382 2947 1450 3001 At
1474 2963 1601 3002 vero
1630 2962 1838 3010 eorum,
1862 2961 1982 3017 qua:
2012 2960 2091 3001 se-

514 3049 761 3112 quuntur
814 3050 1126 3103 contextus,
1172 3056 1514 3111 nequaquam
1564 3040 1705 3095 istuc
1750 3039 1856 3094 dici
1889 3038 2089 3108 permi-

517 3134 651 3188 serit
680 3152 692 3186 :
728 3132 927 3203 quippe
961 3132 1053 3201 qui
1082 3148 1247 3203 super
1272 3130 1499 3186 Iudaica
1529 3140 1707 3200 gente,
1745 3139 1799 3183 et
1831 3144 1995 3198 super
2024 3144 2087 3182 eo

2188 1942 2278 1993 καὶ
2310 1941 2409 1993 οὐκ
2454 1940 2606 1995 ἔσται
2655 1945 2683 1995 6
2719 1942 2946 1999 σϐέσων.
2981 1963 2999 1995 ι
3035 1945 3387 2018 Περιγράψας
3429 1945 3484 1997 δὲ
3536 1944 3767 1999 ἐνταῦθα

2185 2032 2283 2102 τὴν
2332 2032 2450 2085 κατ’
2503 2033 2681 2085 αὐτῶν
2730 2036 3051 2107 πρόρρησιν,
3109 2037 3373 2106 ὑποστολῇ
3439 2039 3672 2109 χρῆταν
3707 2038 3767 2105 ἐξ

2187 2126 2377 2195 ἐτέρας
2413 2125 2468 2178 δὲ
2504 2127 2696 2198 ἀρχῆς,
2732 2126 2990 2198 δευτέρας
3036 2128 3343 2191 ὑποθέσεως
3393 2129 3640 2194 ἅπτεται,
3675 2133 3770 2182 καὶ

2189 2219 2455 2290 προοιμίῳ
2473 2236 2536 2286 γε
2564 2218 2640 2289 τῷ
2669 2219 2963 2289 λεγομένῳ,
2989 2220 3171 2289 τοιῷδε
3199 2221 3394 2291 χρῆται
3412 2236 3423 2247 ⁸
3460 2241 3477 2271 ι
3515 2221 3571 2273 Ὀ
3598 2221 3768 2289 Λόγος

2186 2310 2215 2362 ὁ
2248 2311 2537 2380 γενόμενος
2587 2312 2724 2382 πρὸς
2764 2312 2985 2364 Ἡσαΐαν
3026 2313 3138 2365 υἱον
3184 2312 3382 2382 Ἀμῶς,
3415 2312 3504 2363 τὸν
3557 2315 3768 2383 προφή-

2187 2418 2307 2469 την,
2335 2402 2573 2474 περίτῆς
2601 2404 2857 2465 Ἰουδαίας
2880 2404 2973 2456 καὶ
3000 2404 3126 2483 περὶ
3155 2404 3528 2473 Ἰερουσαλὴμ,
3553 2423 3571 2454 ι
3600 2405 3657 2474 ἦ,
3693 2404 3768 2466 ὡς

2187 2490 2528 2562 ὀΣύμμαχος
2580 2494 2960 2565 ἡρμήνευσεν,
3006 2512 3024 2545 ι
3065 2495 3205 2565 ὑπὲρ
3234 2495 3331 2564 τῆς
3378 2496 3634 2558 Ἰουδαίας
3675 2495 3770 2547 καὶ

2190 2584 2329 2655 ὑπὲρ
2361 2585 2733 2656 Ἰερουσαλήμ.
2784 2606 2801 2636 ι
2842 2589 3001 2650 Ἴσως
3038 2604 3122 2649 τις
3155 2586 3490 2657 ὑπολήψεται
3530 2587 3655 2657 περὶ
3692 2580 3769 2641 ὧν

2189 2674 2258 2727 τὰ
2279 2675 2577 2746 σκυθρωπά
2605 2677 2888 2749 προλαϐὼν
2912 2678 3188 2740 ἐθέσπισε,
3215 2678 3417 2730 τούτων
3442 2679 3619 2730 αὐτῶν
3642 2679 3769 2750 περὶ

2188 2763 2257 2817 τά
2302 2766 2637 2837 χρηστότερα
2693 2768 3064 2839 μεταϐαλόντα
3114 2768 3311 2836 λέγειν.
3359 2769 3496 2821 Ἀλλ’
3550 2770 3649 2822 οὐκ
3701 2768 3768 2821 ἂν

2190 2855 2363 2909 ταῦτα
2411 2858 2717 2930 ἐπιτρέψειε
2749 2861 2910 2928 φάναι
2956 2862 2988 2930 ἠ
3027 2859 3134 2913 τῶν
3183 2861 3590 2931 ἐπιφερομένων
3641 2862 3772 2914 ἀκο-

2190 2945 2394 3012 λουθία,
2428 2949 2568 3019 ὑπὲρ
2614 2952 2713 3020 μὲν
2758 2950 2849 3003 τοῦ
2894 2950 3158 3005 Ἰουδαίων
3195 2950 3465 3021 ἔθνους,ἢ
3517 2952 3653 3021 ὑπὲρ
3673 2950 3771 3005 τοῦ

2193 3039 2519 3110 καλουμένου
2567 3042 2801 3113 Ἰσραὴλ,
2834 3044 2981 3096 οὐδὲν
3011 3044 3128 3096 οὐδὲ
3162 3044 3295 3107 ὅλως
3329 3044 3559 3114 χρηστὸν
3590 3043 3774 3114 περιέ·

2193 3149 2383 3202 χουσα,
2420 3134 2540 3186 οὐδέ
2570 3151 2632 3202 γε
2663 3136 2800 3206 ὑπὲρ
2823 3136 2921 3205 τῆς
2962 3136 3239 3199 Ἰουδαίας,
3263 3138 3382 3189 οὐδὲ
3413 3138 3551 3207 ὑπὲρ
3584 3137 3774 3206 Ἰερου-

517 3224 611 3294 qui
652 3202 880 3277 vocatur
923 3220 1112 3288 Israel,
1154 3202 1294 3277 nihil
1335 3222 1558 3276 omnino
1601 3220 1727 3275 boni
1780 3221 2087 3280 contineat,

2195 3223 2393 3295 σαλὴμ,
2411 3227 2719 3279 τούναντίον
2734 3227 2789 3279 δὲ
2808 3227 3003 3297 μυρίας
3019 3228 3157 3279 κατά
3174 3227 3265 3280 τοῦ
3301 3227 3513 3297 Ἰσραὴλ
3538 3226 3772 3297 μέμψεις

516 3332 695 3387 neque
727 3316 855 3370 item
887 3331 1050 3385 super
1071 3314 1278 3377 Judiea,
1327 3329 1507 3384 neque
1547 3328 1710 3384 super
1740 3310 2040 3366 Jerusalem
2073 3328 2085 3364 :

518 3419 712 3464 contra
747 3419 925 3463 autem
977 3408 1408 3462 innumerabiles
1459 3408 1721 3462 adversus
1755 3404 1922 3460 Israel
1958 3420 2088 3473 que-

517 3502 684 3565 relas,
727 3509 891 3571 atque
937 3501 1334 3565 accusationes,
1368 3500 1655 3569 minasque
1701 3498 1962 3552 adversus
2003 3495 2094 3550 Je-

517 3594 755 3648 rusalem
790 3594 977 3647 tristes
1021 3581 1302 3646 recenseat
1329 3607 1341 3643 :
1372 3591 1631 3662 quodque
1661 3590 1932 3644 universis
1964 3605 2090 3659 geu-

518 3684 666 3739 tihus
699 3685 937 3739 salutare
979 3682 1228 3752 contigit,
1266 3683 1632 3746 vocationem,
1670 3691 1831 3750 atque
1870 3680 2097 3749 agnitio-

519 3789 643 3829 nem
685 3775 883 3829 sununi
928 3773 1020 3827 Dei
1061 3774 1295 3826 futuram
1346 3773 1589 3827 divinet:
1622 3783 1675 3828 et
1701 3772 1766 3827 ad
1808 3774 1943 3834 lucc,
1970 3772 2096 3825 novi

519 3867 803 3937 cujusdam
834 3868 1035 3922 montis
1067 3867 1430 3938 proditionem
1459 3868 1513 3921 in
1555 3868 1755 3932 lucem,
1786 3875 1839 3921 et
1869 3868 2095 3921 alterius

519 3959 714 4014 domus
730 3958 846 4021 Dei,
866 3968 1061 4028 ιιι-ποιοί·
1091 3974 1230 4019 eam,
1254 3973 1374 4028 qua:
1398 3964 1483 4011 est
1513 3958 1567 4011 in
1612 3956 1939 4019 Jerusalem,
1973 3972 2099 4010 con-

521 4050 881 4107 structionem
925 4048 1273 4101 manifestam
1318 4055 1619 4118 proponat,
1669 4047 1850 4115 itaque
1891 4046 1980 4099 ubi
2032 4045 2099 4098 de

522 4139 709 4196 Judzea
740 4148 794 4195 et
845 4141 911 4195 de
956 4139 1507 4194 .Ierusalemlocutus
1533 4145 1637 4201 est,
1668 4146 1797 4191 tunc
1826 4138 1902 4193 sic
1926 4137 2056 4191 dicit
2082 4154 2094 4189 :

529 4249 549 4283 ι
588 4230 734 4301 quod
769 4231 874 4284 erit
915 4231 969 4284 in
996 4229 1315 4283 novissimis
1355 4228 1549 4282 diebus
1590 4228 1915 4282 manifestus
1944 4243 2098 4281 mons

527 4319 785 4383 Domini,
826 4327 880 4373 et
932 4319 1128 4374 domus
1175 4318 1268 4372 Dei
1320 4320 1371 4372 in
1435 4320 1733 4374 verticibus
1789 4321 2051 4374 montium
2083 4359 2097 4383 ,

524 4409 633 4481 θ’]
661 4416 713 4462 et
747 4409 1037 4461 extolletur
1077 4424 1240 4477 super
1286 4409 1456 4463 colles
1483 4448 1496 4471 ,
1534 4421 1582 4463 et
1622 4411 1840 4464 venient
1873 4410 1938 4463 ad
1976 4425 2099 4464 eum

526 4516 718 4555 oumes
737 4510 947 4570 gentes,
967 4509 1021 4554 et
1051 4502 1206 4553 ibunt
1231 4508 1419 4570 gentes
1444 4501 1624 4554 multae
1652 4509 1705 4554 et
1734 4500 1916 4554 dicent
1950 4518 1963 4553 :
1996 4499 2099 4554 Ve-

526 4590 661 4654 nite,
695 4590 1054 4645 ascendamus
1092 4592 1144 4643 in
1183 4602 1421 4644 montem
1458 4590 1691 4653 Domini,
1727 4592 1853 4645 etin
1878 4592 2098 4645 domum

526 4683 620 4738 Dei
644 4683 811 4738 Jacob
836 4684 880 4714 ³⁸
910 4702 922 4737 :
957 4702 976 4734 ι
1015 4699 1077 4737 ac
1105 4683 1173 4738 de
1205 4685 1457 4753 gentibus
1482 4686 1700 4754 quidem
1728 4686 1942 4740 cunctis
1972 4686 2100 4739 talia

524 4776 735 4833 divinat
772 4793 785 4829 :
826 4774 898 4828 de
924 4774 1128 4830 Judzeis
1171 4791 1301 4830 vero
1341 4777 1599 4846 deinceps
1644 4777 1949 4845 cujusmodi
1991 4779 2100 4832 sint

526 4884 590 4924 ea
616 4909 630 4932 ,
663 4884 783 4940 qua:
817 4869 1063 4937 adjungit
1089 4909 1102 4932 ,
1137 4884 1282 4921 nunc
1311 4869 1434 4922 audi
1471 4888 1483 4922 ε
1524 4888 1543 4918 ε
1585 4869 1794 4923 dimisit
1830 4872 1973 4924 enim
2004 4886 2100 4940 po-

531 4962 717 5032 pulum
740 4976 898 5015 suum
924 5000 939 5022 ,
970 4960 1188 5014 domum
1215 4957 1386 5013 Iacob
1412 4979 1424 5014 :
1452 4962 1711 5030 quoniam
1741 4962 1945 5031 repleta
1975 4968 2060 5016 est
2084 5001 2099 5025 ,

530 5061 591 5107 ut
619 5055 687 5108 ab
716 5053 869 5107 initio
901 5092 917 5116 ,
951 5052 1099 5123 regio
1142 5068 1329 5107 eorum
1372 5052 1685 5107 hominibus
1712 5092 1727 5116 ,
1763 5054 1907 5107 sicut
1954 5055 2103 5123 regio

533 5145 957 5215 alienigenarum
991 5165 1003 5198 :
1043 5152 1095 5198 et
1142 5144 1234 5197 lilii
1274 5145 1428 5198 multi
1469 5145 1632 5198 alieni
1674 5146 1784 5197 nati
1817 5153 1945 5199 sunt
1972 5146 2102 5200 illis.

531 5234 753 5307 Repleta
784 5246 867 5292 est
896 5237 1040 5292 enim
1069 5236 1221 5305 regio
1255 5236 1469 5289 illorum
1502 5244 1727 5306 argento
1757 5244 1812 5292 et
1838 5252 1971 5290 auro
1999 5275 2014 5301 ,
2049 5244 2103 5291 et

533 5346 640 5384 non
682 5329 779 5383 fuit
819 5344 1079 5383 numerus
1122 5328 1396 5382 thesauris
1429 5344 1614 5383 eorum
1641 5331 1680 5360 ⁸⁸
1710 5371 1726 5395 ,
1765 5349 1783 5381 ι
1831 5339 1883 5384 ct
1911 5339 2104 5383 czetera

534 5436 654 5492 qua:
687 5429 990 5490 sequuntur
1013 5461 1029 5484 ,
1061 5435 1181 5489 quae
1211 5422 1378 5475 multo
1409 5422 1564 5490 plura
1589 5428 1749 5480 sunt;
1780 5420 1980 5491 quibus
2008 5419 2104 5472 ad-

533 5512 713 5581 jungit
746 5529 759 5565 :
795 5530 812 5562 ι
853 5524 905 5566 et
936 5512 1302 5567 adoraverunt
1335 5527 1396 5567 ea
1434 5553 1449 5577 ,
1493 5526 1614 5582 qum
1660 5511 1906 5566 fecerunt
1953 5510 2108 5580 digiti

538 5598 799 5669 ipsorum.
831 5598 894 5653 Et
921 5600 1209 5655 declinavit
1239 5617 1298 5675 se
1319 5601 1505 5668 homo,
1539 5609 1593 5657 et
1620 5601 1768 5655 humi
1801 5617 1859 5656 se
1883 5599 2104 5669 abiecit,

612 5780 659 5813 ιε
688 5777 794 5835 lsa.
823 5756 1066 5846 eum.
1148 5783 1194 5815 η
1228 5780 1333 5838 Isa.
1367 5799 1428 5850 ιι,
1463 5783 1515 5841 ι.
1590 5782 1642 5815 ιο
1676 5780 1810 5839 ibid.
1834 5780 1957 5836 2-3.

2192 3318 2286 3369 καὶ
2322 3318 2674 3388 κατηγορίας,
2718 3318 2944 3380 ἀπειλάς
2994 3335 3051 3370 τε
3094 3317 3235 3371 κατὰ
3270 3318 3371 3387 τῆς
3414 3312 3773 3385 Ἰερουσαλὴμ

2194 3408 2542 3479 σκυθριοιπάς,
2576 3410 2669 3462 καὶ
2702 3409 2799 3479 τὴν
2829 3411 2960 3462 πᾶσι
2980 3412 3089 3471 τοῖς
3123 3408 3299 3462 ἔθνεσι
3345 3409 3608 3478 σωτήριον
3641 3407 3773 3479 κλῆ-

2196 3515 2298 3562 σιν,
2326 3500 2418 3551 καὶ
2446 3498 2645 3566 γνῶσιν
2666 3498 2759 3552 τοῦ
2789 3500 2880 3552 ἐπὶ
2902 3500 3117 3552 πάντων
3138 3500 3273 3552 Θεοῦ
3298 3499 3646 3563 θεσπίζουσα,
3677 3497 3774 3549 καὶ

2195 3589 2273 3641 ἔτι
2308 3590 2440 3659 πρὸς
2476 3589 2702 3653 τούτοις,
2737 3590 2896 3660 ὅρους
2926 3591 3246 3659 ἐπιφάνειαν
3266 3590 3475 3653 καινοῦ,
3504 3591 3597 3643 καὶ
3621 3588 3772 3641 οἴκου

2195 3679 2331 3732 Θεοῦ
2384 3680 2570 3750 ἑτέρου
2629 3680 2776 3749 παρᾶ
2823 3682 2914 3734 τὸν
2965 3685 3021 3734 ὲν
3089 3681 3445 3752 Ἰερουσαλὴμ
3506 3680 3773 3745 ἀνάδειξιν

2198 3770 2525 3838 παριστᾶσα.
2592 3771 2750 3837 Λέγει
2818 3772 2861 3823 δ’
2921 3769 3034 3834 οὖν,
3085 3772 3221 3842 μετά
3284 3774 3344 3825 τὸ
3406 3773 3568 3841 φάναι
3646 3772 3773 3841 περὶ

2195 3860 2291 3930 τῆς
2336 3861 2621 3923 Ἰουδαίας,
2673 3862 2767 3913 καὶ
2816 3862 2943 3933 περὶ
2985 3863 3356 3934 Ἰερουσαλὴμ,
3402 3864 3483 3915 ὅτι
3522 3882 3539 3913 ι
3580 3863 3774 3915 Ἔσται

2197 3952 2254 4003 ὲν
2278 3956 2392 4015 ταῖς
2444 3955 2698 4022 ἐσχάταις
2738 3954 2973 4026 ἡμέραις
3013 3957 3253 4026 ἐμφανὲς
3282 3956 3339 4008 τὸ
3382 3956 3506 4026 ὅρος
3544 3956 3772 4026 Κυρίου,

2197 4043 2290 4095 καὶ
2352 4039 2499 4107 οἶκος
2551 4045 2645 4097 τοῦ
2688 4046 2822 4097 Θεοῦ
2882 4047 2969 4099 ἐπ’
3016 4047 3200 4117 ἄκρων
3261 4047 3370 4100 τῶν
3422 4049 3623 4118 ὀρέων,
3681 4045 3777 4099 καὶ

2198 4136 2543 4207 ὑψωθήσεται
2608 4139 2859 4207 ὑπεράνω
2895 4138 3001 4191 τῶν
3045 4138 3267 4206 βουνῶν,
3304 4140 3396 4191 καὶ
3437 4138 3654 4208 ἥξουσιν
3688 4139 3774 4191 ἐπ’

2200 4230 2331 4281 αὐτὸ
2386 4231 2562 4283 πάντα
2603 4230 2670 4283 τά
2720 4230 2868 4301 ἔθνη,
2893 4232 2986 4283 καὶ
3020 4231 3373 4298 πορεύσονται
3410 4231 3538 4301 ἔθνη
3585 4231 3775 4295 πολλὰ,

2202 4322 2295 4373 καὶ
2327 4322 2543 4393 ἐροῦσιν
2568 4340 2579 4352 ·
2628 4323 2791 4375 Δεῦτε
2829 4324 2921 4377 καὶ
2960 4323 3246 4394 ἀναδῶμεν
3288 4327 3367 4388 εἰς
3408 4324 3468 4377 τὸ
3509 4325 3632 4396 ὅρος
3666 4325 3778 4377 Κυ-

2207 4415 2344 4486 ρίου,
2377 4417 2471 4468 καὶ
2502 4418 2578 4479 εἰς
2603 4417 2694 4469 τὸν
2723 4412 2867 4469 οἷκον
2893 4416 2985 4469 τοῦ
3027 4416 3161 4469 Θεοῦ
3206 4417 3419 4471 Ἰακώϐ.
3446 4437 3464 4469 ι
3497 4418 3607 4471 Καὶ
3649 4418 3778 4487 περὶ

2208 4504 2305 4574 μὲν
2346 4504 2452 4556 τῶν
2494 4504 2660 4557 ἐθνῶν
2696 4506 2948 4559 ἁπάντων
2981 4506 3204 4559 τοιαῦτα
3244 4506 3519 4571 θεσπίζει·
3556 4508 3684 4579 περὶ
3718 4508 3775 4560 δὲ

2206 4594 2313 4647 τῶν
2340 4594 2606 4647 Ἰουδαίων
2636 4596 2760 4667 ὲξῆς
2783 4593 2870 4649 οἷα
2899 4598 3159 4665 ἐπιλέγει,
3193 4597 3358 4651 ἄκουε
3376 4614 3388 4626 ·
3415 4616 3433 4647 ι
3458 4596 3647 4667 Ἀνῆκε
3670 4595 3781 4668 γάρ

2206 4687 2296 4738 τὸν
2327 4686 2452 4739 λαὸν
2474 4688 2630 4740 αὑτοῦ
2654 4690 2745 4741 τὸν
2776 4687 2921 4742 οἷκον
2948 4689 3038 4743 τοῦ
3056 4688 3189 4742 Θεοῦ
3227 4688 3437 4752 Ἰακὼϐ,
3457 4690 3536 4741 δτι
3554 4688 3782 4759 ἐνεπλή-

2209 4779 2305 4847 σθη
2342 4780 2417 4842 ὡς
2442 4779 2502 4832 τὸ
2535 4782 2785 4851 ἀπαρχῆς
2807 4784 2839 4851 ἡ
2877 4781 3027 4851 χώρα
3049 4780 3227 4833 αὐτῶν
3243 4780 3716 4851 κληδονισμῶν,ὡς
3745 4780 3780 4850 ἡ

2206 4870 2313 4922 τῶν
2338 4870 2667 4940 ἀλλοφύλων,
2703 4873 2796 4925 καὶ
2824 4874 2985 4925 τέκνα
3020 4872 3187 4925 πολλά
3220 4871 3488 4941 ἀλλόφυλα
3520 4871 3780 4941 ἐγεννήθη

2210 4961 2410 5025 αὐτοῖς.
2453 4963 2783 5033 Ἐνεπλήσθη
2815 4962 2923 5032 γὰρ
2942 4965 2975 5031 ἡ
3001 4962 3152 5033 χώρα
3180 4961 3358 5016 αὐτῶν
3384 4962 3665 5034 ἀργυρίου,
3690 4962 3784 5016 καὶ

2211 5056 2455 5124 χρυσίου,
2496 5055 2590 5107 καὶ
2619 5055 2718 5107 ούκ
2753 5050 2819 5124 ἧν
2849 5054 3078 5124 ἀριθμὸς
3102 5054 3206 5105 τῶν
3232 5054 3517 5124 θησαυρῶν
3546 5054 3741 5115 αὐτῶν,
3759 5072 3776 5103 υ

2211 5146 2303 5197 καὶ
2336 5145 2403 5198 τὰ
2437 5146 2562 5215 ἑξῆς
2592 5147 2816 5207 τούτων,
2850 5147 2973 5198 ὄντα
3004 5145 3191 5197 πλείω’
3219 5140 3298 5208 οἷς
3326 5148 3600 5216 ἑπιφέρει’
3630 5164 3647 5195 ι
3674 5145 3782 5198 Καὶ

2212 5236 2621 5308 προσεκύνησαν
2657 5231 2736 5299 οἷς
2765 5238 3022 5307 ἐποίησαν
3060 5239 3107 5289 οἱ
3146 5237 3394 5290 δάκτυλοι
3431 5236 3643 5299 αὐτῶν,
3690 5237 3784 5288 καὶ

2210 5326 2408 5397 ἔκυψεν
2434 5327 2737 5396 ἄνθρωπος,
2764 5327 2857 5381 καὶ
2884 5326 3237 5397 ἐταπεινώθη,
3274 5328 3366 5380 καὶ
3393 5328 3453 5380 ού
3490 5327 3564 5399 μὴ
3599 5328 3783 5397 ἀνήσω

2210 5419 2426 5482 αὐτοὺς,
2463 5419 2556 5471 καὶ
2583 5418 2676 5471 νῦν
2713 5418 2979 5473 εἰσέλθετε
3023 5423 3099 5482 εἰς
3129 5420 3226 5483 τὰς
3269 5419 3493 5490 πέτρας,
3526 5419 3619 5472 καὶ
3651 5417 3783 5489 κρύ-

2214 5508 2409 5560 πτεσθε
2440 5510 2517 5571 εἰς
2543 5510 2638 5579 τὴν
2672 5510 2774 5579 γῆν
2799 5512 2905 5564 ἀπὸ
2929 5511 3219 5583 προσώπου
3246 5508 3337 5561 τοῦ
3364 5510 3527 5577 φόϐου
3555 5509 3780 5579 Κυρίου.

2212 5600 2306 5653 καὶ
2338 5600 2447 5652 ἀπὸ
2481 5599 2770 5672 προσώπου
2815 5604 2910 5674 τῆς
2954 5603 3111 5673 δόξης
3157 5599 3323 5655 αὑτοῦ
3347 5639 3363 5666 ,
3409 5601 3537 5657 ὅταν
3576 5602 3782 5671 ἀναστῇ

2034 5779 2075 5811 ³⁸
2102 5777 2234 5835 ibid.
2262 5776 2379 5837 6-8.
