4106 6430
433 420 537 475 155

1344 412 1999 470 DEMONSTRATIONIS
2039 412 2497 469 EVANGELlC/E
2532 413 2664 469 LIB.
2694 412 2759 468 ll.

3572 421 3674 474 154

431 532 664 606 θραῦσαι
692 533 790 603 τὴν
829 531 950 600 γῆν,
984 548 1003 579 ι
1030 531 1112 581 Δι’
1136 521 1209 582 ὧν
1230 528 1416 595 σαφῶς
1446 528 1738 581 ἀνάστασίν
1769 546 1887 581 τινα
1909 527 1983 579 τοὲ

2108 535 2159 581 et
2188 543 2293 580 non
2324 528 2590 581 dimittam
2616 543 2710 582 eos
2742 546 2754 581 :
2785 539 2837 582 et
2859 544 3004 583 nunc
3029 530 3372 599 ingredimini
3393 535 3445 589 in
3465 545 3671 605 petras,

429 625 631 696 Κυρίου
664 624 901 679 διδάσκει
933 622 1149 675 ἔσεσθαι
1170 660 1183 677 ,
1212 622 1267 671 ὲν
1357 619 1791 690 θραυσθήσεσθαι
1823 622 2018 682 ιιτιὶἰσαν⁹

428 716 527 787 τὴν
571 716 674 785 γῆν
721 715 813 768 τοῦ
853 712 1116 767 Ἰουδαίων
1160 704 1378 769 ἔθνουςο
1425 710 1553 781 περὶ
1596 709 1775 763 αὐτῶν
1821 709 1928 781 γάρ
1974 711 2003 762 6

431 809 537 872 πᾶς
558 804 623 879 ῆν
644 807 818 875 λόγος,
844 806 1029 875 ὥσπερ
1054 805 1144 859 καὶ
1177 815 1321 875 εςης,
1352 804 1418 856 δι’
1443 797 1502 856 οῦ
1530 820 1690 873 φησιν
1710 819 1722 829 ·
1750 822 1767 852 ι
1792 801 2000 872 Ἡμέρα

429 898 537 970 γὰρ
568 899 770 969 Κυρίου
796 896 1018 950 Σαϐαὼθ
1053 897 1142 949 ἐπὶ
1172 895 1346 948 πάντα
1377 894 1633 966 ὑϐριστὴν
1666 893 1759 946 καὶ
1792 894 2001 963 ὑπερή-

429 1006 624 1058 φανον,
659 990 753 1043 καὶ
783 990 874 1042 ἐπὶ
928 988 1101 1041 πάντα
1135 988 1334 1058 ὑψηλὸν
1388 987 1480 1040 καὶ
1516 985 1807 1056 μετέωρον,
1851 1003 1869 1033 ι
1908 983 2000 1035 καὶ

428 1081 495 1135 τά
526 1080 735 1143 τούτοις
761 1078 1043 1132 ἀκόλουθα.
1076 1080 1163 1131 Ἐν
1192 1077 1365 1148 ταύτῃ
1402 1075 1685 1145 τοιγαροῦν
1722 1077 1787 1144 τῇ
1820 1075 2001 1143 ἡμέρᾳ

426 1171 526 1240 τῆς
559 1169 903 1233 ἀναστάσεως
938 1169 1029 1221 τοῦ
1072 1167 1299 1239 Κυρίου,
1335 1167 1400 1218 τά
1444 1166 1584 1219 κατὰ
1629 1166 1737 1217 τῶν
1775 1166 1998 1235 ἐπαιρο-

433 1262 610 1332 μένων
644 1262 783 1314 κατά
815 1263 913 1331 τῆς
951 1259 1203 1321 γνώσεως
1244 1258 1336 1310 τοῦ
1380 1257 1516 1309 Θεοῦ
1556 1256 1995 1328 προαγορεύσας,

434 1371 452 1403 ι
490 1353 576 1404 Ἐν
612 1352 747 1421 αὐτῇ
772 1349 969 1421 ταύτῃ,
1003 1350 1156 1418 φησὶ,
1192 1350 1255 1417 τῇ
1288 1348 1469 1418 ἡμέρᾳ
1504 1345 1846 1417 ὑψωθήσεται
1887 1346 1998 1397 Κύ-

431 1460 561 1515 ριος,
593 1444 686 1496 καὶ
719 1442 786 1495 τὰ
818 1442 1163 1513 χειροποίητα
1197 1439 1377 1492 πάντα
1405 1438 1843 1510 κατακρύψουσιν
1886 1440 1997 1491 εἰσ-

427 1534 744 1601 ενέγκαντες
784 1535 863 1596 είς
893 1532 960 1585 τὰ
1006 1532 1272 1601 σπήλαια,
1313 1549 1330 1580 ι
1378 1528 1660 1601 μονονουχὶ
1697 1529 1868 1598 δηλῶν
1900 1528 1994 1599 τὴν

427 1626 770 1697 ἀποστροφὴν
802 1624 911 1677 τῶν
952 1624 1184 1676 εἰδώλων
1209 1664 1223 1687 ,
1262 1623 1327 1693 ἣν
1373 1623 1800 1693 ἀπεστράφησαν
1843 1621 1994 1674 αὐτοί

425 1734 483 1770 τε
521 1718 778 1780 Ἰουδαῖοι,
818 1717 911 1770 καὶ
947 1716 993 1768 οἱ
1041 1716 1216 1768 λοιποὶ
1272 1715 1468 1778 πάντες
1528 1714 1803 1785 ἄνθρωποι
1858 1714 1993 1784 μετά

425 1808 522 1878 τὴν
551 1808 642 1862 τοῦ
678 1809 923 1878 Σωτῆρος
966 1806 1122 1877 ἡμῶν
1160 1806 1499 1873 ἐπιφάνειαν,
1547 1806 1993 1871 καταπτύσαντες

2106 625 2160 670 et
2188 618 2585 671 abscondimini
2615 621 2669 672 in
2703 628 2901 674 terram
2938 638 2966 675 a
3004 623 3140 678 facie
3172 624 3386 680 timoris
3421 626 3670 690 Domini,

2104 712 2156 759 et
2197 721 2225 758 a
2272 706 2411 760 facie
2463 708 2648 771 gloriae
2690 709 2846 777 ejus,
2898 726 3019 763 cum
3067 714 3364 768 surrexerit
3409 730 3674 784 quassare

2102 806 2302 849 terram
2337 798 2403 849 ³¹.
2445 817 2467 874 ε
2501 798 2710 863 Quibus
2742 802 2919 855 verbis
2953 804 3110 872 plane
3140 816 3514 861 surrecturum
3548 822 3673 862 esse

2102 886 2388 941 Dominum
2422 888 2627 942 indicat
2653 929 2666 952 ,
2704 899 2765 962 et
2788 893 3098 948 universam
3125 904 3325 949 terram
3359 900 3536 966 gentis
3565 898 3670 952 Ju-

2101 979 2268 1033 daicaz
2297 989 2681 1049 quassaturum
2717 982 2816 1036 :de
2860 982 3060 1040 Judzeis
3094 988 3236 1041 enim
3278 991 3454 1043 omnis
3490 1006 3671 1047 sermo

2100 1079 2183 1124 est
2212 1111 2225 1132 ,
2260 1072 2716 1141 quemadmodum
2752 1075 2912 1128 etiam
2944 1078 2997 1129 in
3029 1080 3401 1147 sequentibus,
3436 1083 3525 1136 ubi
3550 1082 3666 1138 ait:

2107 1179 2126 1210 ι
2165 1160 2287 1214 Dies
2310 1163 2453 1215 enim
2481 1162 2691 1217 Domini
2720 1164 2953 1220 Sabaoth
2985 1184 3147 1237 super
3175 1186 3386 1225 omnem
3422 1174 3671 1242 petulan-

2100 1259 2203 1307 tem
2232 1263 2283 1307 et
2316 1255 2630 1323 superbum,
2662 1266 2717 1309 et
2753 1273 2918 1326 super
2948 1274 3161 1314 omnem
3184 1260 3457 1318 excelsum
3488 1276 3540 1320 et
3569 1283 3668 1320 su-

2098 1344 2314 1398 blimem
2348 1346 2413 1409 ³³,
2456 1365 2472 1395 ›
2508 1362 2738 1416 qumque
2770 1349 2855 1403 his
2884 1350 3142 1420 deinceps
3176 1364 3544 1410 consentanea
3577 1358 3665 1411 di-

2095 1443 2311 1490 cuntur.
2360 1436 2417 1489 In
2457 1437 2555 1490 hac
2600 1438 2764 1508 igitur
2798 1440 2920 1501 die,
2976 1441 3030 1493 in
3061 1457 3166 1510 qua
3204 1455 3552 1503 surrecturus
3579 1456 3666 1502 est

2095 1519 2375 1585 Dominus,
2411 1535 2695 1595 postquam
2732 1530 3059 1584 vaticinatus
3083 1538 3167 1585 est
3203 1543 3389 1587 contra
3423 1551 3536 1598 eos,
3572 1537 3665 1606 qui

2092 1613 2427 1666 extolluntur
2457 1615 2720 1673 adversus
2756 1620 3121 1689 cognitionem
3162 1621 3291 1687 Dei,
3333 1633 3444 1678 tum
3477 1628 3528 1678 in
3564 1627 3666 1681 hac

2089 1702 2229 1771 ipsa,
2264 1704 2505 1774 inquam,
2530 1708 2617 1761 die
2640 1747 2655 1771 ,
2692 1707 2979 1763 Dominum
3004 1711 3057 1764 id
3090 1710 3361 1767 facturum
3401 1717 3664 1785 pr0pheta

2095 1796 2364 1866 signiﬁcat
2406 1818 2417 1852 :
2456 1817 2474 1849 ι
2516 1799 2821 1856 Extolletur
2853 1823 2872 1854 ι
2913 1804 3135 1872 inquit,
3173 1805 3434 1862 Dominus
3477 1810 3529 1862 in
3577 1811 3665 1863 die

426 1900 606 1969 πάσης
660 1898 1096 1969 δεισιδαιμονίας·
1147 1917 1164 1948 ι
1218 1898 1295 1967 Τῇ
1340 1896 1467 1965 γοῦν
1521 1896 1699 1969 ἡμέρᾳ
1764 1896 1981 1964 ἐκείνῃκ

2086 1887 2177 1941 illa
2203 1907 2216 1942 :
2245 1897 2298 1944 et
2323 1890 2635 1945 manufacta
2667 1895 2847 1947 omnia
2874 1896 3250 1960 occultabunt,
3279 1899 3663 1956 introferentes

425 1992 609 2062 φησιν,
644 1990 865 2043 ἐκϐαλεῖ
934 1988 1217 2060 ἄνθρωπος
1258 1988 1326 2041 τὰ
1358 1987 1698 2058 βδελύγματα
1731 1984 1890 2040 αὑτοῦ
1922 1983 1990 2038 τά

426 2083 619 2153 χρυσᾶ,
648 2080 739 2133 καὶ
762 2081 830 2134 τὰ
870 2082 1088 2152 ἀργυρᾶ
1115 2080 1150 2133 ἃ
1201 2079 1459 2150 ἐποίησαν
1480 2119 1493 2142 ,
1528 2080 1850 2151 προσκυνεῖν
1878 2079 1990 2139 τοῖς

428 2173 703 2243 ματαίοις,
736 2192 754 2223 ι
783 2170 1032 2234 καθόλου,
1060 2172 1134 2233 ὡς
1166 2171 1330 2233 εἰκὸς,
1364 2170 1457 2223 καὶ
1494 2170 1621 2240 περὶ
1661 2168 1860 2230 παντὸς
1893 2168 1987 2220 ἀν-

424 2261 640 2335 θρώπου
666 2262 834 2318 ταῦτα
864 2261 1162 2331 ἀναφωνῶν
1190 2260 1277 2314 διὰ
1314 2261 1412 2331 τὴν
1446 2259 1740 2330 μέλλουσαν
1773 2258 1988 2311 ἔσεσθαι

421 2356 531 2409 τῶν
564 2356 729 2409 ὲθνῶν
757 2355 966 2424 κλῆσιν.
1002 2354 1170 2417 Ἰδίως
1195 2353 1252 2406 δὲ
1275 2349 1430 2415 αὖθις
1452 2350 1690 2422 περὶτοῦ
1728 2351 1989 2405 Ἰουδαίων

424 2444 610 2510 ἔθνους
653 2447 756 2499 ὑπὸ
799 2446 925 2515 μίαν
964 2445 1200 2497 διάνοιαν
1244 2443 1369 2514 ἑξῆς
1411 2442 1681 2511 ἐπιλέγειο
1733 2462 1751 2492 ι
1794 2443 1921 2495 Ἰδοὺ
1961 2445 1989 2495 6

425 2538 697 2607 Δεσπότης
734 2539 935 2608 Κύριος
962 2534 1185 2589 Σαϐαὼθ
1220 2535 1409 2604 ἀφελεῖ
1442 2535 1548 2587 ἀπὸ
1579 2535 1677 2604 τῆς
1712 2535 1986 2601 Ἰουδαίας,

425 2629 519 2681 καὶ
550 2628 657 2680 ἀπὸ
696 2628 1048 2698 Ἰερουσαλὴμ
1084 2625 1352 2695 ἰσχύοντα,
1384 2626 1477 2678 καὶ
1501 2624 1806 2694 ἰσχύουσαν,
1839 2626 1987 2695 ἰσχὺν

423 2716 611 2789 ἄρτου,
649 2719 742 2771 καὶ
769 2719 919 2788 ἰσχὺν
952 2717 1161 2779 ὓδατος,
1196 2716 1448 2784 γίγαντα,
1478 2715 1572 2767 καὶ
1606 2714 1874 2784 ἰσχύοντα,
1896 2717 1988 2768 καὶ

420 2808 701 2879 ἄνθρωπον
729 2807 1075 2877 πολεμιστὴν,
1102 2807 1196 2859 καὶ
1228 2806 1486 2875 δικαστὴν
1507 2845 1521 2868 ,
1551 2805 1646 2859 καί¹
1683 2807 1983 2876 προφήτην,

418 2899 515 2953 καὶ
545 2897 860 2968 στοχαστὴν,
897 2898 989 2951 καὶ
1029 2897 1417 2968 πρεσϐύτερον,
1459 2897 1552 2949 καὶ
1594 2896 1987 2969 πεντηκόνταρ-

419 3004 544 3056 χον,
600 2987 693 3039 κα¹ι
731 2984 1038 3056 θαυμαστὸν
1102 2984 1433 3055 σύμϐουλον,
1481 2984 1574 3036 καὶ
1626 2982 1786 3052 σοφὸν
1832 2985 1986 3057 ἀρχι-

416 3074 640 3128 τέκτονα
665 3114 679 3137 ,
724 3075 819 3128 καὶ
870 3075 1084 3128 συνετὸν
1140 3075 1447 3146 ἀκροατὴν,
1483 3093 1502 3127 ι
1547 3075 1640 3127 καὶ
1671 3075 1740 3128 τὰ
1781 3074 1985 3139 τούτοις

412 3164 565 3237 ἑξῆς.
601 3165 767 3219 Ἔνθα
794 3167 1110 3238 ἐπιστήσας,
1138 3165 1379 3238 παράθες
1398 3167 1466 3220 τὰ
1490 3166 1864 3237 προλεγόμενα
1886 3168 1985 3237 τῆς

418 3259 753 3328 προφητείας
786 3258 851 3310 δι’
877 3251 952 3311 ὧν
990 3256 1230 3329 εἴρηται,
1264 3277 1281 3309 ι
1318 3259 1374 3311 '0
1415 3259 1586 3326 Λόγος
1632 3260 1660 3311 6
1696 3259 1982 3329 γενόμενος

405 3351 565 3421 παρὰ
598 3351 800 3423 Κυρίου
844 3352 977 3422 πρὸς
1027 3351 1269 3415 Ἡσαΐαν,
1297 3352 1409 3405 υἱὸν
1456 3351 1655 3422 Ἀμὼς,
1702 3351 1842 3423 ὑπὲρ
1885 3352 1983 3422 τῆς

428 3442 683 3505 Ἰουδαίας
726 3443 820 3496 καὶ
851 3443 988 3514 ὑπὲρ
1041 3441 1409 3513 Ἰερουσαλὴμ,
1438 3462 1455 3494 ι
1495 3444 1568 3507 ὡς
1618 3442 1814 3514 μᾶλλον
1859 3446 1981 3495 κατ’

402 3533 593 3587 ταὺτῶν
635 3533 667 3604 ἢ
715 3534 853 3604 ὑπὲρ
900 3532 1078 3585 αὐτῶν
1127 3531 1196 3586 τὰ
1240 3533 1645 3603 ὲπενηνεγμένα
1689 3532 1977 3602 τυγχάνει·

418 3627 467 3678 εί
501 3629 572 3696 μή
608 3642 692 3688 τις
729 3625 838 3696 ἄρα
870 3626 924 3678 ἐν
958 3623 1164 3703 τούτοις
1188 3624 1461 3678 λανθάνων
1493 3624 1802 3695 περιέχεται
1834 3623 1977 3686 νοῦς.

403 3713 540 3776 ’Πῶς
572 3713 714 3784 γὰρ,
774 3713 979 3783 μέλλων
1025 3714 1279 3783 ἀφαιρεῖν
1325 3712 1430 3766 ἀπὸ
1457 3714 1553 3784 τῆς
1592 3714 1845 3776 Ἰουδαίας
1888 3715 1980 3767 καὶ

405 3804 521 3857 ἀπὸ
580 3803 933 3875 Ἰερουσαλὴμ
980 3805 1228 3874 ἰσχύοντα
1289 3804 1385 3856 καὶ
1447 3803 1731 3873 ἰσχύουσαν
1755 3842 1769 3866 ,
1829 3804 1981 3874 ἰσχὺν

407 3895 583 3965 -ᾶρτου
623 3894 714 3947 καὶ
740 3896 892 3965 ἰσχὺν
923 3893 1131 3957 ὓδατος,
1159 3894 1251 3947 καὶ
1278 3892 1452 3945 πάντα
1479 3895 1544 3947 τὰ
1583 3896 1639 3946 ὲν
1669 3895 1851 3956 αὐτοῖς
1880 3895 1980 3948 πά-

404 3988 503 4041 ’λαι
532 3987 1074 4058 διαπρέποντα,ύπὲρ
1091 3987 1192 4055 τῆς
1224 3986 1481 4049 Ἰουδαίας
1507 3987 1600 4040 καὶ
1622 3988 1761 4058 ὑπὲρ
1789 3989 1980 4059 Ἰερου-

406 4079 596 4150 σαλὴμ
650 4079 865 4133 ἔσεσθαι
919 4080 987 4134 τά
1026 4079 1389 4151 θεσπιζόμενα
1437 4077 1728 4149 προῠλεγε;
1770 4077 1885 4142 πῶς
1922 4079 1978 4131 δὲ

409 4170 551 4241 ὑπὲρ
609 4169 786 4223 αὐτῶν
845 4169 960 4222 ἔστι
1010 4170 1102 4223 καὶ
1161 4169 1229 4222 τὰ
1294 4168 1420 4238 ἑξῆς
1474 4166 1629 4232 αὖθις
1694 4169 1975 4238 λέγεσθαι;

406 4281 437 4311 4
480 4262 710 4315 Ἀνεῖται
744 4261 1117 4333 Ἰερουσαλὴμ,
1152 4261 1301 4331 καὶὴ
1339 4260 1565 4313 Ἰουδαία
1588 4260 1974 4330 συμπέπτωκε,

405 4353 505 4413 καὶ
562 4356 617 4405 αἱ
678 4353 916 4420 γλῶσσαι
966 4352 1142 4406 αὐτῶν
1202 4351 1339 4423 μετά
1399 4352 1657 4422 ἀνομίας,
1713 4352 1779 4404 τὰ
1840 4353 1975 4423 πρὸς

410 4440 612 4512 Κύριον
657 4441 1067 4503 ἀπειθοῦντες.»
1111 4440 1268 4493 Ἀλλά
1296 4441 1405 4510 γὰρ
1452 4443 1508 4495 ἐν
1551 4440 1734 4511 τοιῷδε
1777 4443 1970 4514 καιρῷ,

2090 1992 2156 2033 ea
2187 1979 2242 2031 in
2276 1980 2562 2048 speluncas
2598 1981 2684 2036 διε
2727 2001 2745 2032 ι
2782 1984 2873 2038 ubi
2916 1987 3304 2055 propemodum
3352 1990 3558 2044 indicat
3604 2006 3666 2044 a-

2090 2070 2392 2124 versionem
2426 2085 2454 2122 a
2485 2071 2812 2139 simulacris,
2849 2090 2954 2143 qua
2987 2078 3165 2132 aversi
3196 2088 3321 2132 sunt
3349 2089 3402 2134 et
3436 2082 3537 2150 ipsi
3565 2081 3662 2137 Ju-

2090 2158 2188 2213 dai
2220 2200 2236 2224 ,
2282 2169 2335 2215 et
2368 2176 2556 2217 omnes
2610 2164 2805 2234 reliqui
2848 2166 3096 2222 homines
3131 2211 3146 2235 ,
3198 2181 3319 2239 post
3363 2171 3662 2229 Salvatoris

2091 2247 2267 2303 nostri
2301 2249 2589 2304 adventum
2618 2294 2632 2315 ,
2687 2254 2906 2322 quando
2962 2271 3176 2311 omnem
3219 2261 3657 2327 superstitionem

2091 2342 2364 2409 aspernati
2398 2351 2543 2395 sunt.
2583 2362 2600 2392 ι
2636 2342 2777 2415 Ergo
2809 2345 2862 2399 in
2895 2347 2981 2401 die
3012 2348 3102 2401 illa
3129 2390 3144 2412 ,
3182 2350 3400 2418 inquit,-
3440 2352 3656 2422 abjiciet

2091 2431 2252 2484 homo
2281 2432 2713 2487 abominationes
2745 2449 2875 2490 suas
2905 2451 3100 2492 aureas
3126 2448 3288 2508 atque
3322 2450 3607 2509 argenteas
3637 2483 3653 2506 ,

2089 2539 2227 2592 quas
2258 2523 2539 2587 fecerunt,
2570 2534 2627 2579 ut
2661 2528 2952 2582 adorarent
2980 2532 3161 2584 inania
3180 2533 3257 2587 ⁷³⁸.
3296 2554 3314 2584 ι
3357 2533 3454 2588 Ubi
3487 2536 3601 2591 hzec
3638 2577 3657 2605 ,

2088 2621 2148 2667 ut
2174 2629 2270 2683 par
2299 2625 2379 2669 est
2403 2654 2417 2677 ,
2448 2615 2514 2669 de
2536 2618 2683 2670 omni
2717 2619 2934 2675 homine
2964 2624 3258 2678 enuntians
3284 2664 3297 2685 ,
3323 2636 3544 2696 propter
3567 2627 3655 2682 fu-

2087 2711 2261 2758 turam
2285 2706 2522 2775 gentium
2564 2710 2897 2783 vocationem
2923 2752 2936 2775 ,
2975 2721 3087 2766 tum
3119 2718 3408 2784 separatim
3457 2735 3655 2775 rursus

2089 2796 2190 2849 sub
2222 2812 2383 2850 unam
2416 2800 2737 2853 sententiam
2774 2802 2840 2856 de
2868 2801 3093 2857 Judaica
3124 2817 3282 2876 gente
3309 2811 3577 2880 adjungit,
3602 2820 3657 2866 et

2087 2885 2245 2942 dicit:
2271 2907 2288 2938 ι
2316 2888 2452 2943 Ecce
2468 2889 2777 2945 dominator
2799 2894 3059 2949 Dominus
3080 2895 3342 2965 Sabaoth,
3359 2901 3569 2957 auferet
3589 2902 3658 2960 dc

2084 2970 2270 3026 Judaea
2310 2981 2364 3030 et
2404 2974 2471 3030 de
2511 2975 2811 3033 Jerusalem
2843 2982 3017 3036 virum
3060 2986 3343 3041 robustum
3372 3031 3385 3053 ,
3415 2998 3468 3044 et
3499 2991 3655 3045 femi-

2087 3077 2212 3116 nam
2244 3065 2512 3121 valentem
2535 3109 2550 3133 ,
2592 3070 2762 3123 robur
2795 3074 2953 3142 panis
2981 3113 2995 3135 ,
3028 3085 3081 3129 et
3132 3079 3297 3132 robur
3336 3096 3487 3150 aquae
3510 3123 3524 3147 ,
3567 3083 3651 3152 gi-

2087 3165 2301 3224 gantem
2325 3196 2340 3221 ,
2372 3165 2426 3212 et
2458 3159 2742 3215 robustum
2773 3202 2787 3226 ,
2818 3171 2872 3217 et
2912 3164 3184 3222 hominem
3217 3170 3564 3234 bellatorem,
3599 3182 3654 3228 et

2081 3248 2340 3316 judicem,
2363 3258 2416 3304 et
2444 3252 2784 3320 prophetam,
2803 3263 2856 3309 et
2889 3258 3277 3327 coniectorem,
3301 3270 3347 3316 et
3377 3263 3488 3334 68
3504 3264 3650 3319 seui-

2084 3353 2274 3405 orem,
2307 3348 2361 3395 et
2396 3346 2695 3414 principem
2731 3362 2896 3416 super
2926 3350 3320 3421 quinquaginta
3357 3395 3370 3417 ,
3406 3367 3460 3409 et
3486 3357 3652 3410 mira-

2085 3431 2243 3485 bilem
2273 3435 2674 3502 consiliarium,
2713 3445 2766 3493 et
2788 3439 3005 3494 doctum
3039 3442 3422 3507 architectum,
3449 3453 3501 3499 et
3523 3463 3654 3515 pru-

2082 3518 2295 3574 dentem
2319 3523 2621 3579 auditorem
2651 3526 2716 3589 ³⁸,
2754 3546 2773 3578 ι
2799 3534 2854 3581 et
2882 3543 3002 3597 quae
3024 3540 3345 3598 sequuntur.
3371 3532 3502 3597 Quae
3526 3550 3650 3589 cum

2082 3610 2390 3680 diligentius
2421 3615 2714 3670 attenderis
2735 3658 2751 3679 ,
2789 3619 3047 3687 apponito
3077 3621 3144 3674 iis
3176 3637 3298 3690 quae
3329 3621 3484 3677 initio
3514 3638 3642 3691 pro-

2081 3701 2275 3769 phetiae
2300 3703 2444 3757 dicta
2475 3714 2623 3769 sunt,
2650 3722 2769 3775 quae
2797 3710 2877 3761 sic
2900 3709 3099 3764 habent
3125 3730 3137 3765 :
3173 3730 3190 3761 ι
3228 3712 3644 3782 Verbum'quod

2083 3792 2283 3845 factum
2316 3805 2397 3848 est
2440 3812 2469 3848 a
2503 3795 2731 3850 Domino
2766 3798 2831 3851 ad
2864 3799 3057 3852 Isaiam
3097 3802 3263 3854 tilium
3296 3803 3462 3858 Amos
3481 3820 3648 3873 super

2079 3881 2264 3938 Judaea
2287 3924 2301 3947 ,
2338 3892 2391 3938 et
2442 3900 2606 3954 super
2651 3884 2949 3942 Jerusalem
2974 3889 3016 3921 ³⁷
3042 3929 3057 3951 ,
3094 3900 3151 3943 ιιι
3181 3907 3300 3958 quae
3324 3892 3403 3946 sic
3435 3895 3645 3961 prolata

2081 3982 2228 4037 sunt,
2254 3977 2424 4045 magis
2453 3986 2642 4031 contra
2663 3979 2831 4047 ipsos,
2862 3995 3024 4048 quam
3061 3996 3159 4049 pro
3189 3981 3324 4050 ipsis
3350 3982 3641 4048 exsistant,

2078 4067 2183 4121 nisi
2210 4066 2347 4120 forte
2382 4068 2437 4121 in
2470 4069 2555 4123 his
2582 4070 2777 4139 aliquis
2812 4072 2983 4125 latens
3014 4072 3491 4141 comprehenditur
3518 4090 3646 4129 sen-

2078 4174 2193 4212 sus.
2228 4157 2330 4223 Qui
2359 4160 2501 4212 enim
2536 4159 2647 4214 ﬁeri
2682 4169 2860 4229 potest
2892 4201 2906 4225 ,
2959 4171 3015 4215 ut
3050 4164 3095 4216 is
3131 4164 3223 4230 qui
3256 4165 3538 4218 ablaturus
3572 4166 3645 4218 sit

2077 4252 2145 4303 ab
2171 4249 2354 4304 Judaea
2387 4289 2401 4313 ,
2428 4258 2482 4304 et
2538 4252 2607 4304 ab
2643 4251 2943 4308 Jerusalem
2974 4295 2987 4314 ,
3034 4253 3205 4306 virum
3239 4255 3518 4309 robustum
3547 4296 3561 4320 ,
3590 4263 3644 4311 et

2077 4343 2330 4397 feminam
2365 4344 2628 4398 valentem
2657 4384 2671 4406 ,
2718 4345 2885 4398 robur
2924 4346 3080 4412 panis
3110 4384 3124 4406 ,
3158 4352 3211 4396 et
3244 4346 3409 4399 robur
3440 4362 3595 4415 aquae
3624 4387 3640 4407 ,

2075 4444 2129 4489 et
2158 4437 2339 4490 omnia
2382 4452 2721 4506 quaecunque
2764 4438 2891 4489 olim
2934 4437 2986 4489 in
3019 4436 3099 4490 eis
3128 4436 3444 4507 dignitatem
3475 4438 3643 4493 habe-

410 4536 465 4587 ὲν
493 4528 537 4602 ᾧ
561 4535 620 4588 τὸ
645 4534 768 4605 ὅρος
808 4533 1011 4605 Κυρίου
1054 4535 1185 4587 πᾶσι
1232 4536 1342 4596 τοῖς
1384 4533 1589 4586 ἔθνεσιν
1624 4533 1836 4602 ἀνάγκη
1875 4551 1972 4603 κη-

2085 4528 2242 4588 bant,
2298 4543 2396 4596 pro
2422 4527 2607 4581 Judzea
2633 4568 2647 4591 ,
2694 4538 2749 4581 et
2793 4542 2889 4596 pro
2926 4525 3222 4581 Jerusalem
3263 4528 3439 4582 futura
3465 4546 3589 4585 esse
3621 4569 3638 4594 ,

404 4627 719 4698 ρύττεσθαι,
750 4627 778 4680 ὅ
808 4643 866 4679 τε
894 4627 985 4678 ἐπὶ
1007 4624 1099 4679 τοῦ
1134 4624 1292 4695 ὅρους
1327 4621 1474 4688 οἶκος
1498 4624 1592 4678 τοῦ
1625 4624 1780 4685 Θεοῦ,
1805 4626 1889 4694 ἐφ’
1912 4618 1972 4678 οὗ

410 4717 586 4771 πάντα
610 4717 680 4770 τὰ
708 4717 832 4788 ἔθνη
862 4717 1107 4771 συνιόντα
1130 4716 1285 4785 φασίο
1311 4734 1329 4766 ι
1352 4716 1536 4779 Δεῦτε,
1566 4716 1661 4768 καὶ
1686 4715 1973 4784 ἀναδῶμεν

406 4809 490 4870 εἰς
518 4808 579 4860 τὸ
609 4808 732 4878 ὅρος
770 4808 995 4879 Κυρίου,
1031 4807 1125 4861 καὶ
1152 4810 1229 4869 είς
1259 4807 1348 4859 τὸν
1373 4801 1517 4858 οἷκον
1563 4804 1657 4859 τοῦ
1698 4805 1829 4858 Θεοῦ
1873 4807 1973 4858 Ἰα-

406 4897 558 4950 κὼὃο
600 4916 618 4949 ι
655 4899 926 4961 τοιαύταις
968 4901 996 4951 6
1038 4898 1192 4966 λόγος
1220 4898 1579 4969 ,χρησάμενος
1621 4896 1971 4967 κατηγορίαις

405 4988 500 5042 τοῦ
529 4988 793 5043 Ἰουδαίων
814 4990 1017 5056 ἔθνους,
1049 4990 1347 5059 ἀπειλήσας
1367 5007 1426 5043 τε
1450 4990 1630 5052 αὐτοῖς
1653 4989 1721 5041 τά
1745 4989 1964 5058 ἔσχατα,

406 5078 760 5132 ὲπισυνάπτει
810 5078 1016 5142 τούτοις
1060 5081 1190 5131 πᾶσι
1237 5078 1336 5141 τὰς
1385 5077 1798 5148 προεκτεθείσας
1835 5079 1967 5147 ἡμῖν

405 5168 596 5232 λέξεις,
634 5168 916 5233 διδάσκων,
945 5169 1045 5227 ὅτι,
1084 5169 1177 5222 τοῦ
1226 5168 1423 5233 παντὸς
1475 5166 1734 5221 Ἰουδαίων
1781 5167 1965 5230 ἔθνους

408 5258 688 5329 μέλλοντος
722 5259 1108 5312 ἀποπεσεῖσθαι
1168 5262 1264 5330 τῆς
1314 5258 1454 5313 κατά
1494 5259 1583 5311 τὸν
1635 5258 1767 5310 Θεὸν
1808 5258 1963 5310 εὐσε-

406 5349 576 5414 ϐείας,
614 5349 1119 5422 περιλειφθὴσονταί
1150 5367 1293 5412 τινες
1331 5353 1387 5402 ὲν
1420 5351 1602 5413 αὐτοῖς
1644 5350 1703 5401 ού
1739 5366 1971 5404 συναπο-

403 5438 699 5504 λαύσαντες
727 5443 837 5502 τοῖς
862 5441 993 5492 πᾶσι
1036 5438 1143 5492 τῶν
1188 5439 1400 5492 κακῶν·
1460 5439 1693 5510 ἔμπαλιν
1724 5439 1779 5491 δὲ
1822 5438 1970 5491 ὠσάν

403 5531 467 5583 ἐκ
503 5530 787 5603 μοχθηρῶν
825 5531 919 5585 καὶ
952 5530 1277 5601 παρανόμων
1313 5530 1752 5605 διασεσωσμένοι,
1788 5530 1881 5582 καὶ
1910 5530 1971 5583 τὸ

402 5621 686 5693 εἰλικρινὲς
716 5623 812 5693 τῆς
838 5621 1112 5685 εὐσεϐείας
1140 5619 1559 5688 ὲπιδεδεγμένοι,
1595 5622 1691 5690 τῆς
1724 5619 1871 5691 παρὰ
1893 5619 1969 5690 τῷ

509 5739 675 5796 "lsa.
703 5743 934 5802 11.8-10.
1008 5740 1199 5796 ”ibid.
1226 5740 1311 5793 12.
1390 5738 1434 5771 ³⁵
1469 5738 1596 5792 ibid.
1632 5739 1823 5800 17,18.

402 5808 445 5840 ”
486 5810 585 5865 lsa.
625 5829 685 5877 ιι,
726 5813 779 5867 5.

1905 5740 1946 5773 ’⁸
1971 5738 2106 5794 ibid.
2146 5738 2236 5795 90.
2313 5737 2358 5769 ⁸⁸
2397 5735 2504 5791 isa.
2542 5749 2625 5802 HI,
2650 5734 2772 5791 1-3.
2802 5733 2933 5789 "lsa
2962 5777 2977 5792 .
3012 5751 3074 5803 ιι,
3113 5738 3164 5795 1.

2077 4616 2188 4671 haec
2233 4618 2347 4686 ipsa
2389 4633 2508 4686 quae
2550 4617 2933 4672 divinabanlur
2983 4617 3336 4684 przedixerit?
3368 4620 3640 4689 quomodo

2075 4712 2257 4759 autem
2294 4715 2421 4759 sunt
2445 4720 2544 4775 pro
2576 4706 2795 4768 iisdem,
2826 4720 2889 4759 ea
2914 4719 3034 4773 quae
3065 4704 3321 4773 deinceps
3348 4704 3643 4758 dicuntur?

2078 4814 2096 4845 ι
2141 4795 2326 4849 Soluta
2372 4804 2457 4849 est
2479 4794 2800 4857 Jerusalem,
2835 4801 2887 4847 et
2914 4791 3101 4847 Judzea
3129 4792 3405 4856 concidit,
3452 4799 3505 4845 et
3535 4792 3639 4844 lin-

2069 4901 2189 4955 guae
2232 4901 2420 4939 eorum
2472 4900 2594 4938 cum
2639 4884 2927 4953 iniquitate
2956 4923 2970 4947 ,
3007 4899 3069 4936 ea
3104 4898 3223 4953 quae
3254 4884 3318 4936 ad
3350 4881 3636 4936 Dominum

2074 4987 2320 5048 spei-tant
2361 4993 2469 5030 non
2517 4976 2803 5031 credentes
2845 4975 2910 5029 ³⁸.
2951 4995 2970 5027 ι
3020 4975 3180 5045 Atqui
3237 4990 3343 5043 quo
3391 4982 3634 5044 tempore

2072 5077 2312 5122 montem
2339 5066 2552 5120 Domini
2581 5067 2835 5121 omnibus
2861 5066 3114 5136 gentibus
3145 5066 3379 5119 nuntiari
3410 5080 3637 5120 necesse

2071 5167 2186 5214 erat
2211 5200 2226 5224 ,
2263 5159 2463 5227 Deique
2497 5160 2552 5214 in
2605 5160 2695 5212 illo
2729 5171 2914 5213 monte
2959 5159 3181 5212 domum
3211 5194 3225 5216 ,
3258 5156 3310 5208 in
3340 5172 3500 5227 quam
3540 5156 3634 5212 ubi

2070 5266 2259 5306 omnes
2306 5259 2494 5321 gentes
2536 5250 2964 5311 convenissent,
2998 5257 3109 5302 tum
3156 5248 3356 5303 dicturi
3404 5258 3587 5305 essent
3621 5270 3634 5305 :

2076 5361 2094 5393 ι
2137 5342 2366 5405 Venite,
2422 5343 2783 5396 ascendamus
2831 5341 2885 5394 in
2927 5348 3163 5393 montem
3200 5339 3452 5405 Domini,
3496 5343 3636 5397 etin

2067 5437 2289 5491 domum
2328 5434 2419 5488 Dei
2450 5432 2620 5488 Jacob
2643 5434 2685 5466 ³9
2720 5444 2739 5488 :‘
2769 5452 2786 5483 ι
2820 5433 2874 5485 in
2908 5446 2973 5485 eo
2999 5469 3014 5494 ,
3044 5431 3264 5500 inquam
3296 5473 3309 5495 ,
3345 5434 3463 5502 ipso
3496 5440 3635 5488 tem—

2067 5542 2217 5598 pore.
2258 5526 2346 5580 ubi
2373 5541 2553 5579 sermo
2584 5524 2803 5579 divinus
2833 5523 3035 5578 talibus
3057 5522 3297 5578 Judaica:
3331 5525 3508 5593 gentis
3537 5540 3631 5577 ac-

2066 5616 2444 5673 cusationibus
2490 5622 2573 5668 est
2621 5630 2754 5669 usus
2784 5656 2800 5682 ,
2855 5614 3030 5685 iisque
3073 5616 3309 5671 minatus
3340 5625 3579 5671 extrema
3617 5635 3629 5669 :

3242 5737 3286 5770 ³⁸
3320 5736 3424 5793 lsa.
3459 5751 3541 5799 ιιι,
3575 5735 3629 5790 8.
