4106 6444
472 367 566 420 ΙΞὸ

1100 371 1364 426 EUSEDII
1400 373 1881 429 (ItESARIENSIS
1921 374 2070 430 OPP.
2113 373 2292 429 PARS
2326 375 2389 430 Il.
2432 407 2500 417 -——
2543 375 3040 432 APOLOGETICA.

3611 375 3712 430 I36

461 496 576 544 tum
607 491 692 543 his
721 491 974 544 omnibus
1008 529 1022 552 ,
1055 507 1116 546 ea
1149 510 1271 562 qua:
1299 502 1424 548 ante
1466 497 1822 564 exposuimus
1866 499 2017 550 verba

2131 497 2250 567 Θεῷ
2276 499 2500 572 ι’ραφῆς
2528 501 3043 570 καταξιωθήσονται,
3080 497 3170 552 τοῦ
3198 497 3332 551 Θεοῦ
3358 515 3414 551 τε
3451 499 3540 550 καὶ
3567 498 3711 566 ἅγιοι

462 581 710 652 adjungit
740 622 755 646 ,
783 583 1046 655 docetque
1071 602 1134 640 ex
1171 585 1315 638 omni
1358 584 1584 640 Judaica
1613 595 1771 656 gente
1801 627 1815 650 ,
1847 603 1968 657 quae
2005 602 2034 640 a

461 690 592 728 vero
623 674 716 728 Dei
748 677 893 730 cultu
933 693 1129 732 casura
1160 680 1233 732 sit
1254 719 1267 738 ,
1301 678 1686 747 super-futuros
1719 680 1984 748 quosdam
2018 719 2033 744 ,

459 767 550 838 qui
583 784 690 822 non
723 769 908 822 eadem
941 785 1064 823 cum
1109 771 1364 823 omnibus
1415 773 1554 823 mala
1601 771 1712 825 sint
1757 771 2032 836 subituri,

459 859 590 927 quin
635 866 824 913 contra
872 861 1054 926 potius
1085 900 1098 921 ,
1149 869 1405 929 tanquam
1437 877 1502 914 ex
1539 861 1720 930 pravis
1749 869 1911 930 atque
1949 861 2033 913 in-

453 948 618 1014 justis
663 948 830 1000 relicti
879 949 1204 1016 superstites
1233 989 1247 1012 ,
1281 949 1801 1018 comprobatamque
1828 965 1891 1003 ac
1915 951 2029 1004 sin-

457 1053 635 1094 ceram
669 1040 921 1109 pietatem
956 1040 1189 1109 amplexi
1220 1079 1234 1099 ,
1287 1053 1349 1092 ea
1403 1041 1674 1108 scriptura
1707 1057 1827 1110 quze
1859 1057 1888 1094 a
1923 1041 2031 1094 Deo

452 1131 699 1208 proiecta
727 1132 819 1190 sit,
855 1131 1002 1200 digni
1037 1131 1145 1182 sint
1176 1129 1431 1190 habendi,
1465 1146 1527 1183 ac
1558 1131 1698 1184 servi
1733 1131 1820 1184 Dei
1856 1130 2030 1186 sancti

453 1221 705 1279 \ocandi,
738 1220 939 1290 quibus
971 1234 1104 1272 sane
1135 1219 1315 1273 verbis
1347 1220 1504 1287 plane
1537 1220 1806 1289 signiﬁcat
1841 1221 2030 1273 Salva-

453 1329 540 1369 tor
568 1321 759 1368 noster
787 1352 800 1373 ,
839 1311 1114 1390 apostolos
1143 1327 1206 1364 ac
1237 1312 1537 1381 discipulus
1561 1352 1576 1376 ,
1618 1323 1779 1381 atque
1803 1328 2030 1382 evange-

453 1406 610 1461 listas
641 1447 657 1471 ,
691 1404 1043 1472 reliquosque
1075 1417 1262 1456 omnes
1302 1445 1315 1464 ,
1362 1404 1453 1473 qui
1500 1404 1567 1457 de
1609 1403 2028 1458 circumcisione

451 1495 718 1566 assumpti
751 1496 805 1548 in
837 1495 1012 1564 ipsum
1057 1493 1430 1557 crediderint,
1471 1510 1580 1563 quo
1604 1502 1847 1563 tempore
1891 1511 2024 1563 gens

450 1605 642 1645 eorum
673 1589 927 1641 universa
951 1587 1165 1640 cecidit.
1198 1586 1369 1640 Porro
1390 1586 1502 1640 haec
1522 1587 1609 1640 ille
1623 1587 2018 1652 sermoinnuit,

445 1681 546 1749 qui
593 1681 673 1735 sic
706 1680 911 1734 habet:
953 1697 970 1729 ι
1013 1678 1069 1732 In
1111 1679 1199 1732 die
1228 1679 1319 1734 illa
1365 1677 1441 1747 (in
1486 1693 1590 1746 qua
1647 1677 1898 1731 videlicet
1957 1693 2022 1733 ea

449 1787 574 1848 qua-
601 1773 857 1842 praadicta
891 1781 1019 1826 sunt
1043 1771 1224 1824 omnia
1258 1771 1324 1824 de
1356 1770 1636 1824 vocatione
1669 1772 1932 1840 gentium,
1966 1779 2019 1825 et

447 1859 521 1918 de
547 1861 856 1917 Judarorum
899 1863 1057 1914 ruina
1112 1860 1297 1914 futura
1334 1861 1482 1930 sunt)
1535 1860 1816 1916 illucescet
1877 1860 2020 1916 Deus
2053 1853 2095 1907 Β

449 1953 507 2008 in
560 1953 791 2007 consilio
829 1968 952 2006 cum
1009 1952 1182 2022 gloria
1240 1952 1292 2005 in
1337 1961 1484 2005 terra
1519 1991 1535 2015 ,
1578 1959 1636 2004 ut
1685 1953 1908 2007 extollat
1968 1962 2024 2009 et

447 2044 713 2118 gloriﬁcet
751 2045 893 2113 quod
941 2045 1192 2098 relictum
1239 2043 1401 2096 fuerit
1447 2060 1510 2097 ex
1565 2043 1774 2107 Israel,
1810 2053 1864 2098 et
1920 2045 2025 2099 erit

444 2135 592 2208 quod
622 2137 868 2189 relictum
917 2134 1078 2188 fuerit
1127 2134 1180 2188 in
1226 2133 1356 2187 Sion
1385 2174 1398 2197 ,
1453 2141 1508 2189 et
1559 2135 1704 2204 quod
1768 2136 2019 2189 relictum

447 2224 609 2285 Interit
705 2229 756 2282 in
857 2227 1225 2290 Jerusalem,
1310 2228 1485 2280 sancti
1584 2227 1924 2282 vocabuntur
2001 2244 2018 2279 :

453 2319 554 2390 59
610 2335 801 2374 omnes
849 2319 940 2389 qui
979 2319 1167 2388 scripti
1208 2327 1336 2373 sunt
1379 2319 1446 2373 ad
1484 2319 1647 2373 vitam
1697 2321 1752 2373 in
1795 2317 2020 2374 Jerusa-

444 2415 549 2466 lem
575 2411 642 2476 ‘°,
682 2431 702 2464 ι
741 2421 960 2482 propter
984 2428 1123 2481 quos
1155 2411 1468 2481 prodituros
1509 2411 1576 2465 de
1613 2410 1916 2466 Jerusalem
1947 2412 2023 2465 vi-

441 2505 640 2558 delicet
662 2519 726 2558 ac
757 2505 823 2559 de
849 2503 1057 2567 Judaea,
1094 2504 1289 2559 merito
1320 2521 1484 2574 super
1527 2503 1735 2568 Judaea,
1768 2515 1822 2560 et
1853 2522 2021 2576 super

441 2594 764 2655 Jerusalem,
817 2593 1152 2662 prophetiam
1177 2591 1325 2646 illam
1343 2593 1813 2662 dici,prommium
1841 2595 2018 2664 ipsum

445 2684 706 2745 ostendit,
757 2694 850 2738 aut
889 2686 1050 2739 etiam
1088 2691 1312 2754 pr0pter
1363 2699 1548 2737 veram
1593 2683 1915 2753 Jerusalem,
1965 2693 2020 2740 et

449 2784 668 2846 propter
695 2774 938 2829 Judaeam
975 2776 1146 2839 illam,
1181 2792 1302 2846 qua:
1327 2778 1370 2831 si
1395 2793 1458 2831 ex
1490 2777 1785 2841 sententia,
1819 2793 1926 2830 non
1951 2793 2017 2832 ex

447 2869 652 2936 scripto
680 2868 1080 2932 consideretur,
1119 2870 1250 2924 huic
1303 2869 1460 2925 alteri
1518 2871 1868 2940 proportione
1925 2885 2014 2924 re-

445 2961 726 3030 Spondeot.
759 2960 879 3027 Qua
923 2961 991 3016 de
1021 2978 1080 3015 re
1110 2979 1233 3016 cum
1261 2964 1363 3017 erit
1413 2971 1650 3032 tempus,
1686 2961 2008 3025 videbimus,

443 3062 495 3108 τι
540 3055 666 3123 quis
711 3056 930 3109 tandem
983 3055 1222 3108 divinam
1283 3057 1656 3126 apostolorum
1711 3055 2012 3110 Salvatoris

443 3147 638 3208 nostri,
691 3153 745 3202 et
801 3149 1259 3217 evangelistarnm
1311 3165 1544 3203 cernens
1592 3149 1868 3212 virtutem,
1923 3164 2011 3204 se-
2041 3187 2080 3243 ε

441 3239 680 3292 eundum
711 3255 873 3308 quam
933 3240 984 3292 in
1034 3254 1250 3294 omnem
1291 3249 1488 3294 terram
1519 3241 1685 3295 exivit
1713 3257 1883 3294 sonus
1915 3256 2010 3296 eo-

442 3346 582 3394 rum,
606 3338 658 3384 et
685 3332 737 3386 in
767 3331 901 3386 ﬁnes
921 3332 1068 3386 orbis
1091 3340 1247 3386 terra:
1275 3335 1438 3386 verlza
1464 3349 1678 3395 eorum,
1709 3349 2008 3403 omnesque

439 3437 506 3476 ex
541 3421 635 3476 illo
663 3422 728 3476 ad
755 3423 860 3478 hoc
890 3439 1063 3491 usque
1085 3431 1301 3493 tempus
1331 3424 1535 3478 Christi
1568 3423 1860 3486 Ecclesias,
1888 3442 2008 3494 qua:

439 3514 604 3568 verba
637 3529 827 3568 eorum
879 3515 932 3568 in
978 3530 1071 3569 ore
1120 3524 1498 3585 praeceptaque
1529 3515 1753 3580 habent,
1787 3525 1842 3570 et
1871 3516 2006 3571 Novi

437 3603 770 3660 Testamenti
809 3622 904 3675 per
949 3622 1045 3662 eos
1077 3608 1384 3677 publicatas
1435 3608 1639 3664 Christi
1693 3611 1840 3680 leges
1895 3627 2003 3665 non

436 3697 563 3750 huic
621 3697 920 3768 pr0phetite
985 3700 1358 3753 testimonium
1413 3701 1662 3756 veritatis
1715 3703 2008 3757 exhibeat?

435 3795 622 3856 utpote
668 3789 716 3841 ei
766 3803 886 3857 qua:
918 3787 1203 3842 manifeste
1235 3788 1404 3853 dicat,
1455 3807 1474 3839 ι
1515 3789 1569 3842 in
1600 3790 1854 3853 consilio,
1899 3808 1918 3840 ι
1953 3797 2008 3844 et

437 3894 456 3927 ι
497 3893 618 3932 cum
649 3877 846 3948 gloria,
879 3898 898 3930 ι
936 3877 992 3930 in
1022 3893 1238 3932 omnem
1267 3887 1468 3932 terram
1498 3876 1667 3932 Deum
1701 3879 1755 3931 in
1784 3878 2005 3932 sublimi

2141 589 2499 660 κληθήσονται
2531 591 2725 646 δοῦλοι.
2775 593 2935 663 Δηλοί
2975 591 3028 644 δὲ
3071 590 3158 644 διὰ
3195 591 3396 644 τούτων
3444 591 3569 654 τοὺς
3614 589 3709 642 τοῦ

2139 678 2391 749 Σωτῆρος
2428 679 2581 748 ἡμῶν
2615 680 2943 742 ἀποστόλους
2988 680 3080 732 καὶ
3117 679 3382 750 μαθητὰς,
3423 678 3516 732 καὶ¹
3549 679 3712 746 εὐαγ-

2135 769 2419 836 γελιστάς,
2457 770 2550 822 καὶ
2581 770 2706 832 τοὺς
2744 769 2961 832 λοιποὺς
2992 770 3232 834 ἅπαντας
3279 773 3402 832 τοὺς
3445 773 3500 823 ὲν
3555 786 3709 839 περι-

2133 863 2272 930 τομῇ
2305 861 2384 923 είς
2411 860 2572 912 αὑτὸν
2605 861 3064 923 πεπιστευκότας,
3101 861 3238 912 κατὰ
3275 861 3365 912 τὸν
3395 861 3581 930 χρόνον
3609 861 3707 929 τῆς

2132 952 2499 1014 ἁποπτὼσεως
2535 952 2624 1004 τοῦ
2651 953 2847 1014 παντὸς
2871 953 3046 1004 αὐτῶν
3065 952 3264 1014 ἔθνους.
3289 951 3471 1004 Ταῦτα
3509 952 3566 1004 δὲ
3622 954 3706 1005 alo

2131 1045 2360 1097 νίττεται
2393 1045 2614 1114 φάσκων
2641 1046 2670 1096 6
2697 1044 2849 1112 λόγος
2869 1061 2881 1073 ·
2914 1063 2932 1095 ι
2976 1045 3062 1097 Ἐν
3113 1047 3178 1114 τῇ
3207 1046 3386 1116 pq.
3417 1044 3596 1117 ἐκείνῃ
3621 1047 3706 1114 (ἐν

2129 1131 2428 1209 ᾖδηλονότι
2472 1137 2539 1189 τά
2573 1137 3020 1208 προηγορευμένα
3063 1139 3236 1189 πάντα
3281 1137 3404 1206 περὶ
3444 1137 3542 1205 τῆς
3571 1137 3705 1208 κλή-

2130 1243 2268 1288 σεως
2298 1226 2406 1277 τῶν
2441 1225 2629 1288 ἐθνῶν,
2675 1227 2768 1277 καὶ
2815 1226 2940 1294 περὶ
2974 1226 3068 1295 τῆς
3103 1226 3210 1276 τῶν
3261 1225 3529 1277 Ἰουδαίων
3570 1225 3706 1279 ἀπο-

2127 1315 2386 1380 πτώσεως
2405 1315 2718 1387 γενήσεται)
2766 1316 3058 1386 ἐπιλάμψει
3092 1319 3119 1369 6
3141 1317 3272 1379 Θεὸς
3299 1317 3356 1368 ἐν
3380 1316 3539 1388 βουλῇ
3566 1319 3704 1388 μετά

2123 1406 2279 1478 δόξης
2307 1409 2396 1460 ἐπὶ
2426 1408 2525 1479 τῆς
2554 1409 2678 1478 γῆς,
2710 1407 2802 1461 τοῦ
2839 1407 3050 1476 ὑψῶσαι
3077 1408 3170 1460 καὶ
3196 1407 3413 1471 δοξάσαι
3446 1407 3508 1459 τὸ
3535 1424 3703 1461 κατα-

2122 1499 2336 1566 λειφθὲν
2365 1499 2456 1552 τοῦ
2484 1500 2720 1571 Ἰσραὴλ,
2740 1501 2834 1553 καὶ
2858 1500 3028 1563 ἔσται,
3052 1499 3109 1552 τὸ
3137 1500 3454 1568 ὑπολειφθὲν
3485 1501 3541 1552 ἐν
3564 1498 3702 1552 Σιὼν

2122 1590 2215 1642 καὶ
2241 1589 2298 1642 τὸ
2318 1589 2674 1658 καταλειφθὲν
2691 1593 2746 1643 ὲν
2763 1591 3136 1662 Ἰερουσαλὴμ,
3163 1591 3304 1658 ἆγιοι
3322 1590 3698 1661 κληθήσονται·

2121 1681 2320 1744 πάντες
2361 1684 2408 1734 οί
2448 1683 2747 1752 γραφέντες
2781 1683 2863 1745 εἱς
2889 1681 3033 1751 ζωὴν
3077 1685 3134 1734 ὲν
3175 1681 3545 1752 Ἰερουσαλὴμ,
3586 1700 3604 1732 ι
3631 1680 3696 1733 δι’

2120 1772 2212 1836 οὓς
2243 1773 2336 1826 καὶ
2367 1774 2590 1837 εἰκότως
2619 1776 2728 1828 ἀπὸ
2760 1776 2860 1844 τῆς
2906 1775 3162 1836 Ἰουδαίας
3197 1774 3289 1826 καὶ
3316 1774 3454 1843 ὑπὲρ
3497 1774 3696 1842 Ἰερου-

2125 1865 2303 1936 σαλὴμ
2319 1867 2393 1932 (1)
2409 1866 2502 1936 τὴν
2517 1866 2846 1937 προφητείαν
2860 1865 3044 1936 ἐδήλου
3060 1865 3308 1933 λέγεσθαι
3322 1865 3382 1917 τὺ
3400 1865 3696 1934 προοίμιον,

2123 1959 2156 2029 ἢ
2186 1959 2277 2011 καὶ
2303 1957 2388 2010 διὰ
2416 1960 2512 2028 τὴν
2544 1957 2717 2027 ἀληθῆ
2761 1956 3129 2034 Ἰερουσαλὴμ,
3176 1956 3266 2008 καὶ
3297 1956 3392 2026 τὴν
3423 1955 3699 2022 ἀναλόγως

2124 2051 2258 2121 αὐτῇ
2288 2051 2427 2104 κατά
2462 2051 2701 2104 διάνοιαν
2739 2049 3112 2119 θεωρουμένην
3158 2048 3442 2100 Ἰουδαίαν·
3485 2047 3607 2117 περὶ
3638 2040 3697 2100 οὗ

2123 2140 2262 2192 κατὰ
2285 2140 2472 2210 καιρὸν
2502 2140 2778 2209 εἰσόμεθα.
2805 2139 2911 2193 Kal
2937 2139 3016 2200 τίς
3047 2155 3107 2205 γε
3134 2138 3241 2190 τῶν
3263 2135 3574 2190 ἀποστόλων
3604 2135 3695 2187 τοῦ

2123 2231 2368 2303 Σωτῆρος
2399 2232 2553 2302 ἡμῶν
2578 2233 2669 2286 καὶ
2696 2233 2800 2285 τῶν
2827 2231 3224 2300 εὐαγγελιστῶν
3253 2229 3347 2298 τὴν
3374 2228 3550 2280 ἔνθεον
3573 2244 3697 2280 συν-⁹

2120 2322 2262 2390 ορῶν
2310 2321 2558 2391 δύναμιν,
2609 2322 2731 2375 καθ’
2758 2325 2822 2393 ἢν
2851 2324 2927 2384 είς
2957 2324 3135 2374 πᾶσαν
3163 2321 3262 2390 τὴν
3289 2321 3390 2389 γῆν
3417 2317 3636 2381 ἐξῆλθεν
3667 2323 3696 2370 ο

2121 2413 2354 2482 φθόγγος
2385 2413 2586 2475 αὐτῶν,
2624 2416 2717 2467 καὶ
2765 2417 2843 2476 εἱς
2881 2413 2948 2466 τὰ
2982 2413 3190 2483 πέρατα
3234 2413 3336 2482 τῆς
3369 2408 3694 2480 οἰκουμένης

2117 2505 2186 2558 τὰ
2217 2507 2432 2576 ῥήματα
2459 2505 2657 2569 αὐτῶν,
2687 2505 2856 2559 πᾶσαί
2889 2522 2945 2557 τε
2970 2505 3027 2569 ἐξ
3065 2504 3275 2557 ἐκείνου
3305 2503 3398 2556 καὶ
3431 2504 3510 2564 εἰς
3536 2499 3695 2570 δεῦρο

2120 2599 2175 2649 αἱ
2215 2597 2308 2649 τοῦ
2341 2597 2575 2668 Χριστοῦ
2617 2598 2935 2668 Ἐκκλησίαι
2976 2597 3098 2661 τοὺς
3139 2597 3330 2664 λόγους
3375 2594 3555 2648 αὐτῶν
3590 2591 3693 2646 ἀνὰ

2122 2689 2292 2757 στόμα
2342 2693 2433 2742 καὶ
2484 2688 2781 2759 μαθήματα
2825 2690 3026 2758 ἔχουσι,
3082 2689 3174 2741 καὶ
3217 2687 3313 2770 τὰς
3362 2687 3462 2755 τῆς
3491 2685 3692 2754 Καινῆς

2118 2779 2390 2849 Διαθήκης
2426 2780 2490 2832 δι’
2519 2779 2695 2832 αὐτῶν
2729 2779 3091 2850 κηρυχθείσας
3130 2777 3222 2830 τοῦ
3263 2775 3498 2845 Χριστοῦ
3534 2792 3692 2846 νομοσ

2119 2871 2422 2936 θεσίας,οὺκ
2449 2871 2514 2925 ἀν
2544 2871 2801 2940 ἀλήθειαν
2822 2874 2884 2941 τῇ
2905 2871 3207 2942 προφητείᾳ
3229 2871 3498 2939 ὲπιμαρτυ
3511 2869 3690 2937 ρήσαι,

2117 2965 2332 3036 φησάσῃ
2358 2965 2632 3036 ἐμφανῶς,
2670 2985 2687 3015 ι
2717 2966 2773 3017 ὲν
2805 2962 2963 3033 βουλῇ
2996 2983 3012 3012 ι
3049 2963 3141 3015 καὶ
3163 2981 3180 3011 ‹
3209 2961 3344 3030 μετά
3366 2960 3520 3030 δόξης
3551 2979 3567 3008 ι
3598 2959 3690 3010 ἐπὶ

2117 3059 2296 3110 πᾶσαν
2324 3057 2422 3127 τὴν
2448 3057 2549 3126 γῆν
2571 3055 2803 3124 ὑψώσειν
2819 3055 2909 3108 τὸν
2931 3055 3062 3106 Θεὸν
3086 3055 3179 3107 καὶ
3206 3053 3446 3118 δοξάσειν
3474 3071 3490 3101 ι
3515 3052 3574 3102 τὸ
3592 3067 3690 3103 κα-

2115 3146 2399 3216 ταλειφθὲν
2433 3147 2682 3218 Ἰσραήλς
2711 3166 2728 3197 ι
2758 3147 2852 3198 καὶ
2875 3146 2948 3208 ὡς
2973 3145 3078 3216 ἄρα
3114 3164 3130 3193 ι
3159 3143 3218 3196 τὺ
3244 3141 3602 3210 καταλειφθὲν
3632 3143 3690 3194 ὲν

2117 3236 2252 3290 Σιὼν
2293 3237 2386 3290 καὶ
2417 3237 2476 3289 τὸ
2504 3235 2860 3304 καταλειφθὲν
2892 3238 2947 3286 ὲν
2993 3231 3346 3304 Ἰερουσαλὴμ
3380 3231 3524 3298 ἆγιοι
3554 3230 3685 3298 κλη-

2116 3327 2368 3398 θήσονται
2414 3327 2612 3391 πάντες
2661 3329 2709 3379 οἱ
2739 3327 3041 3396 γραφέντες
3070 3327 3148 3386 είς
3183 3324 3358 3394 ζωήν;
3397 3343 3413 3374 ι
3457 3323 3600 3376 Ἀντὶ
3631 3323 3687 3376 δὲ

2112 3420 2205 3471 τοῦ
2241 3419 2531 3488 λεγομένου
2570 3419 2718 3488 παρά
2743 3421 2853 3482 τοῖς
2891 3418 3304 3487 Ἑϐδομήκοντα,
3337 3436 3355 3467 ι
3399 3417 3486 3468 Ἐν
3525 3415 3685 3484 βουλῇ

2116 3510 2253 3581 μετά
2276 3509 2454 3580 δόξης,
2469 3529 2486 3561 ι
2503 3511 2530 3562 6
2559 3511 2787 3574 Ἀκύλας
2807 3509 2900 3562 καὶ
2915 3510 3203 3562 Θεοδοτίων
3227 3507 3526 3578 συμφώνως
3548 3527 3564 3557 ι
3608 3509 3688 3570 είς

2111 3603 2337 3672 δύναμιν
2368 3604 2460 3656 καὶ
2485 3603 2641 3666 δόξαν
2662 3623 2680 3655 ι
2709 3604 3075 3674 ήρμήνευσαν,
3097 3603 3192 3672 τὴν
3216 3602 3421 3654 ὑπὸτοῦ
3453 3600 3584 3652 θεοῦ
3611 3600 3689 3652 δο-

2113 3693 2299 3747 θεῖσαν
2338 3697 2449 3757 τοῖς
2480 3695 2794 3757 ἀποστόλοις
2828 3693 3084 3764 δύναμιν,
3122 3694 3213 3747 καὶ
3257 3693 3353 3763 τὴν
3387 3694 3479 3746 ἐπὶ
3514 3691 3685 3762 ταύτῃ

2113 3786 2262 3858 παρά
2295 3785 2371 3857 τῷ
2404 3787 2521 3857 Θεῴ
2553 3789 2706 3853 δόξαν
2735 3787 3126 3858 παριστῶντες,
3161 3787 3299 3841 κατά
3322 3785 3401 3838 τό·
3426 3805 3444 3836 ι
3477 3785 3677 3854 Κύριος

2111 3877 2272 3931 δώσει
2295 3879 2447 3950 ῥῆμα
2485 3883 2598 3942 τοῖς
2642 3879 3144 3949 εὑαγγελιζομένοις
3188 3877 3626 3947 δυνάμειπολλῇ.
3659 3894 3676 3926 ι

432 3975 824 4028 «.o'locaturum
871 3982 924 4028 et
967 3973 1396 4044 gloriﬁcaturum
1428 3993 1447 4025 ι
1483 3975 1537 4028 id
1571 3975 1715 4044 quod
1760 3976 2012 4030 relictum

2118 3976 2212 4029 erit
2258 3991 2323 4029 ex
2375 3975 2576 4030 Israel?
2619 3996 2636 4028 ι
2673 3977 2800 4030 item
2868 3976 3324 4046 quemadmodum
3354 3993 3372 4024 ι
3419 3972 3471 4027 id
3535 3972 3680 4041 quod

431 4069 682 4123 relictum
716 4070 881 4123 fuerit
919 4068 974 4121 in
1004 4067 1156 4133 Sion,
1192 4077 1247 4123 et
1275 4070 1421 4139 quod
1486 4071 1733 4124 relictum
1777 4071 1940 4124 fuerit
1996 4070 2051 4124 in
2099 4070 2423 4135 Jerusalem,
2470 4073 2645 4126 sancti
2712 4071 3074 4134 vocabuntur,
3127 4085 3316 4123 omnes
3350 4071 3443 4136 qui
3494 4065 3682 4135 scripti

431 4165 500 4218 ad
530 4166 737 4218 vitam?
771 4183 790 4214 ι
827 4179 926 4234 pro
955 4181 1020 4218 eo
1049 4173 1228 4220 autem
1261 4167 1405 4236 quod
1477 4167 1679 4222 dicitur
1707 4167 1849 4237 apud
1873 4165 2038 4230 LXX,
2087 4185 2105 4218 ι
2149 4169 2200 4220 in
2239 4168 2471 4221 consilio
2491 4183 2615 4220 cum
2677 4167 2847 4236 gloria
2879 4184 2892 4220 :
2935 4185 2952 4216 ι
3011 4164 3206 4232 Aquila
3232 4172 3286 4214 et
3317 4161 3680 4220 Thcodctiou,

431 4257 575 4314 inter
609 4275 669 4314 se
697 4260 1116 4324 concordantes,
1155 4280 1174 4312 ι
1220 4262 1274 4315 in
1316 4264 1568 4318 virtutem
1605 4271 1659 4318 et
1690 4265 1938 4334 gloriam,
1975 4282 1994 4314 ι
2035 4265 2375 4334 interpretati
2444 4273 2571 4318 sunt
2621 4281 2633 4316 :
2672 4264 2751 4316 sic
2790 4264 2978 4332 utique
3022 4277 3140 4325 eam
3210 4259 3462 4313 virtutem
3493 4273 3614 4326 qua:
3647 4272 3677 4309 a

381 4425 384 4430 _
434 4355 545 4412 Deo
591 4357 854 4427 apostolis
889 4356 1015 4411 data
1059 4365 1164 4423 cst,
1197 4369 1250 4414 et
1279 4375 1442 4429 quam
1476 4368 1598 4430 post
1647 4363 1810 4415 talem
1871 4362 2126 4416 virtutem
2191 4361 2331 4432 apud
2399 4361 2566 4434 Deum
2635 4359 2874 4414 habituri
2923 4365 3100 4422 erant,
3161 4357 3386 4428 gloriam
3435 4354 3683 4408 indican-

432 4455 536 4512 tes,
558 4450 714 4519 juxta
745 4450 875 4504 illud
907 4470 919 4504 :
959 4469 977 4501 ι
1019 4451 1283 4508 Dominus
1330 4454 1480 4512 dabit
1509 4457 1737 4509 verbum
1781 4456 2284 4525 evangelizantibns
2313 4457 2512 4509 virtute
2543 4455 2712 4507 multa
2743 4453 2808 4506 ιι.
2857 4471 2874 4503 ι

503 4540 789 4596 XXXVIII.
828 4541 956 4596 Item
997 4543 1141 4614 quod
1188 4561 1246 4600 re
1286 4546 1402 4615 ipsa
1434 4544 1637 4600 factum
1670 4553 1752 4601 est
1791 4565 1804 4599 :
1846 4564 1864 4596 ι
1903 4563 2002 4600 au-

2175 4547 2304 4602 AH'.
2337 4547 2447 4600 Kal
2500 4546 2629 4598 αὐτὸ
2673 4543 3064 4613 γεγενημένον·
3119 4560 3137 4590 ι
3189 4542 3349 4609 Ἀκοῇ
3395 4539 3678 4598 ἀκούσετε,

427 4633 547 4688 ditu
573 4633 828 4696 audietis,
852 4644 905 4690 et
928 4651 1034 4689 non
1065 4636 1398 4706 intelligetis,
1423 4645 1476 4690 et
1506 4637 1832 4706 aspicientes
1856 4636 2002 4705 aspi-

425 4727 608 4791 cietis,
637 4735 692 4781 et
726 4741 837 4780 non
869 4726 1142 4782 videbitis.
1177 4728 1440 4782 Crassum
1481 4729 1626 4782 enim
1679 4731 1882 4782 factum
1919 4737 2004 4782 est

427 4834 526 4873 cor
549 4819 734 4889 populi
770 4818 956 4888 hujus,
1002 4826 1056 4874 et
1083 4820 1312 4875 auribus
1343 4820 1582 4890 graviter
1610 4819 1920 4882 audierunt,
1948 4825 2002 4872 et

429 4910 618 4964 oculos
643 4925 774 4965 suos
797 4910 1135 4976 clauserunt,
1162 4927 1232 4966 ne
1257 4911 1476 4982 quando
1511 4911 1728 4964 videant
1753 4911 1927 4964 oculis
1949 4917 2002 4965 et

441 5003 667 5057 auribus
698 5003 942 5065 audiant,
966 5010 1019 5056 et
1049 5011 1458 5064 convertantur,
1493 5013 1546 5056 et
1577 5018 1762 5056 sanem
1792 5017 1906 5057 eos.
1937 5001 2002 5054 Et.

431 5093 547 5152 dixi
577 5114 592 5149 :
627 5111 934 5166 quousque,
966 5093 1236 5149 Domine?
1259 5108 1311 5149 et
1341 5095 1480 5149 dixit
1519 5109 1538 5148 :
1569 5094 1748 5148 Donec
1781 5102 2002 5150 vasten-

426 5194 519 5241 tur
549 5185 819 5250 civitates,
871 5185 1027 5247 adeo,
1063 5194 1122 5240 ut
1153 5201 1260 5239 non
1307 5186 1644 5248 habitentur,
1681 5191 1734 5238 et
1778 5184 1997 5246 domus,

428 5279 584 5342 adeo,
623 5286 682 5332 ut
710 5295 818 5333 non
860 5280 932 5334 sit
983 5279 1146 5332 homo
1199 5298 1210 5332 :
1247 5289 1301 5332 et
1333 5287 1478 5335 terra
1513 5279 1855 5354 relinquetur
1906 5278 2006 5332 de-

429 5379 594 5425 serta.
635 5370 698 5423 Et
728 5379 852 5442 post
889 5371 1001 5424 haec
1031 5372 1302 5424 amovehit
1327 5373 1514 5440 procul
1545 5370 1690 5426 Deus
1723 5371 1997 5428 homines.

427 5471 483 5516 et
503 5463 1031 5532 multiplicabuntur,
1063 5464 1154 5534 qui
1190 5464 1365 5519 relicti
1397 5463 1597 5518 fuerint
1623 5465 1676 5516 in
1708 5471 1852 5516 terra
1874 5463 1938 5514 “.
1971 5486 1991 5513 ι

427 5554 727 5609 Considera
761 5557 926 5627 igitur
944 5543 1048 5611 hic
1095 5573 1332 5628 quoque,
1369 5572 1606 5626 quonam
1669 5557 1852 5616 modo,
1901 5555 1995 5624 qui

425 5645 599 5702 relicti
647 5647 757 5701 sint
791 5663 983 5702 rursus
1017 5648 1070 5702 in
1103 5655 1272 5712 terra,
1308 5663 1433 5702 cum
1480 5647 1688 5716 reliqua
1736 5646 1994 5700 universa

528 5738 577 5770 ⁸⁵
605 5735 710 5792 lsa.
743 5754 814 5804 Iv,
838 5739 949 5793 2-5.
1025 5739 1068 5772 “
1096 5739 1240 5794 Psal.
1279 5755 1444 5801 vau,
1473 5738 1562 5792 η.

2108 4641 2202 4693 καὶ
2239 4639 2298 4691 οὐ
2339 4637 2412 4709 μὴ
2457 4638 2680 4708 συνῆτε·
2719 4639 2810 4690 καὶ
2861 4635 3146 4706 βλέποντες
3195 4633 3438 4702 βλέψετε,
3483 4631 3577 4682 καὶ
3615 4630 3674 4683 οὐ

2111 4731 2184 4803 μὴ
2215 4731 2381 4800 ἴδητε.
2423 4728 2728 4800 Ἐπαχύνθη
2754 4731 2861 4798 γὰρ
2895 4729 2926 4797 ἡ
2965 4726 3158 4797 καρδία
3189 4725 3280 4777 τοῦ
3308 4723 3436 4776 λαοῦ
3461 4723 3674 4786 τούτου,

2107 4823 2202 4875 καὶ
2230 4824 2342 4884 τοῖς
2383 4821 2484 4873 ὠσὶ
2526 4821 2733 4892 βαρέως
2765 4820 3032 4890 ἥκουσαν,
3075 4817 3167 4870 καὶ
3204 4817 3330 4878 τοὺς
3366 4814 3673 4886 ὀφθαλμοὺς

2108 4909 2287 4962 αὐτῶν
2330 4910 2688 4980 ἐκάμμυσαν,
2763 4909 2969 4978 μήποτε
3015 4906 3166 4958 ἴδωσι
3201 4908 3310 4967 τοῖς
3350 4904 3669 4974 ὀφθαλμοῖς,

2110 5003 2202 5055 καὶ
2230 5003 2340 5064 τοῖς
2367 5001 2499 5053 ὠσὶν
2525 5001 2817 5058 ἀκούσωσι,
2853 4998 2945 5050 καὶ
2977 4995 3364 5067 ὲπιστρὲψωσι,
3390 4996 3483 5048 καὶ
3509 4995 3673 5048 ἰάσω·

2113 5110 2208 5163 μαι
2232 5091 2449 5155 αὐτούς.
2473 5093 2582 5144 Kal
2607 5087 2764 5144 εἶπα·
2795 5090 2938 5152 Ἕως
2965 5090 3115 5151 πότε,
3147 5087 3346 5157 Κύριες
3371 5087 3463 5140 καὶ
3498 5085 3669 5138 εἶπεν·

2109 5185 2254 5247 Ἕως
2287 5184 2352 5237 ἂν
2397 5183 2724 5255 ἐρημωθῶσι
2759 5182 2937 5246 πόλεις
2981 5181 3129 5253 παρά
3175 5182 3235 5234 τὸ
3281 5182 3355 5251 μὴ
3401 5181 3671 5232 κατοικεῖ-

2108 5277 2253 5338 σθαι,
2299 5281 2388 5329 καὶ
2417 5272 2582 5336 ο’κοι,
2620 5273 2765 5345 παρά
2804 5275 2863 5327 τὸ
2902 5275 2973 5345 μὴ
3009 5270 3146 5327 εἶναι
3181 5271 3532 5343 ἀνθρώπους·
3580 5272 3670 5323 καὶ

2105 5371 2138 5440 ἡ
2167 5369 2238 5438 γῆ
2276 5367 2762 5437 καταλειφθήσεται
2791 5367 3013 5438 ἕρημος.
3043 5368 3149 5420 Καὶ
3177 5383 3310 5437 μετλ
3345 5363 3518 5418 ταῦτα
3565 5379 3670 5434 μα·

2107 5462 2294 5529 κρυνεῖ
2329 5461 2358 5512 6
2387 5457 2518 5521 Θεὸς
2545 5459 2670 5522 τοὺς
2706 5458 3044 5536 ἀνθρώπους,
3077 5458 3169 5510 καὶ
3207 5455 3675 5525 πληθυνθήσονται

2106 5549 2552 5617 καταλειφθέντες
2583 5548 2674 5601 ἐπὶ
2705 5551 2805 5621 τῆς
2830 5550 2953 5619 γῆς.
2991 5567 3009 5598 ι
3043 5549 3181 5617 Ὅρα
3217 5546 3280 5615 δὴ
3307 5545 3400 5598 καὶ
3441 5543 3672 5596 ἐνταῦθα

2101 5642 2222 5696 τίνα
2264 5643 2460 5715 τρόπον
2509 5644 2558 5697 οἱ
2605 5641 3054 5711 καταλειφθέντες
3090 5639 3251 5692 πάλιν
3283 5639 3374 5691 ἐπὶ
3415 5638 3514 5707 τῆς
3545 5637 3665 5706 γῆς,

1637 5737 1682 5771 δ’
1716 5735 1822 5792 Isa.
1847 5752 1922 5800 VI,
1949 5734 2102 5789 9-12.

494 5829 572 5898 (I)
591 5829 789 5888 Decsse
805 5831 1006 5898 aliquid
1028 5839 1194 5898 patet,
1211 5841 1325 5887 tum
1339 5848 1403 5888 ex
1427 5831 1781 5899 ἀνακολουθίᾳ
1798 5829 1864 5899 pb
1875 5844 1929 5882 ra
1939 5843 2017 5882 εει

2123 5843 2210 5881 um
2228 5841 2292 5880 ex
2308 5825 2590 5881 collatione
2605 5821 2811 5877 Latime
2826 5818 3311 5887 interpretationis.
3327 5813 3480 5870 Eutr.
3499 5814 3598 5867 I’n
3614 5830 3646 5867 ιι
