4106 6456
348 428 457 527 137
1268 463 1923 526 DEMONS’I‘RATlONlS
1951 462 2410 523 EVANGELICAE
2441 464 2571 519 LIB.
2612 464 2679 520 u.
3494 466 3595 526 I38

346 590 448 660 τῆς
475 586 668 660 λοιπῆς
701 584 916 661 ἁπάσης
943 588 1150 663 ἐρήμου
1186 586 1573 657 γενησομένης,
1608 584 1757 655 μόνοι
1788 583 1905 655 πλη-

2026 581 2389 638 vastationem
2421 596 2650 652 passura
2677 581 2770 645 sit,
2801 581 2902 637 soli
2932 580 3190 637 dicantur
3219 583 3595 654 murtiplican-

347 676 708 751 θυνθήσεσθαι
737 680 1004 752 λέγονται.
1052 676 1176 735 Εἶεν
1209 680 1253 734 δ’
1296 679 1362 732 ἂν
1408 678 1500 730 καὶ
1543 673 1687 730 οὗτοι
1732 677 1780 730 οἱ
1821 675 1905 729 τοῐ

2021 671 2102 730 di.
2129 672 2300 728 Erunt
2326 681 2506 729 autem
2530 675 2609 739 hi,
2637 675 2743 745 ipsi
2776 672 3079 729 Salvatoris
3111 675 3287 731 nostri
3311 674 3592 747 discipuli,

344 764 595 842 Σωτῆρος
644 770 803 841 ήμῶν
868 771 1104 842 μαθηταὶ
1164 768 1224 834 ἐξ
1280 767 1545 839 Ἐϐραίων
1587 767 1667 829 εἰς
1713 766 1918 828 πάντας

343 860 663 932 ἀνθρώπους
691 862 1063 935 προελθόντες,
1092 861 1139 915 οἳ
1168 862 1261 915 καὶ
1288 860 1440 931 δίκην
1463 857 1779 932 σπέρματος
1815 874 1917 910 κα-

342 953 751 1022 ταλειφθέντες,
804 953 1067 1025 πολύχουν
1114 954 1494 1026 προσήνεγκαν
1541 951 1633 1005 τὸν
1681 950 1914 1021 καρπὸν,

339 1043 442 1111 τὰς
465 1044 584 1098 καθ’
606 1044 736 1117 ὅλης
756 1046 855 1116 τῆς
880 1044 1203 1116 οἰκουμένης
1223 1043 1332 1097 τῶν
1357 1041 1529 1096 ὲθνῶν
1565 1041 1911 1113 Ἐκκλησίαςδ

342 1137 435 1191 καὶ
461 1137 557 1191 θέα
590 1153 673 1207 γε,
704 1137 779 1201 ὡς
812 1137 952 1192 κατὰ
975 1128 1036 1191 τὸ
1063 1135 1193 1190 αὐτό
1227 1152 1358 1207 φησι
1389 1133 1612 1197 τούτους
1649 1135 1748 1205 μὲν
1781 1134 1918 1205 πλη-

341 1227 699 1300 θυνθήσεσθαι
764 1228 961 1300 μόνους
1017 1224 1473 1295 καταλειφθέντας
1538 1224 1604 1278 ὲκ
1658 1223 1757 1295 τῆς
1806 1224 1916 1278 τῶν

352 1312 618 1374 Ἰουδαίων
673 1316 1063 1383 ἀποπτώσεως,
1112 1316 1353 1380 ἐκείνους
1408 1332 1472 1384 γε
1523 1314 1631 1386 μὴν
1682 1313 1915 1384 πάμπαν

339 1411 578 1483 ἐρήμους
603 1409 840 1465 έσεσθαν
878 1429 897 1461 ι
941 1408 1007 1464 Ἥ
1040 1409 1110 1480 γῆ
1139 1409 1248 1480 γὰρ
1265 1407 1464 1473 αὐτῶν,
1484 1407 1638 1477 φησὶ,
1669 1405 1918 1460 καταλει-

338 1502 605 1576 φθήσεται
643 1503 867 1575 ερημος.
914 1521 935 1554 ι
975 1500 1145 1555 Τοῦτο
1187 1499 1245 1555 δὲ
1276 1502 1370 1554 καὶ
1420 1499 1678 1572 ἀνωτέρω
1732 1499 1916 1564 αὐτοῖς

339 1597 553 1666 ἐλέγετο
586 1595 692 1650 ὑπὸ
715 1594 809 1649 τοῦ
843 1593 1007 1651 αὑτοῦ
1036 1596 1339 1668 προφήτου,
1377 1592 1516 1648 κατὰ
1542 1592 1623 1659 τὸ,
1672 1611 1689 1644 ι
1735 1594 1799 1646 Ἠ
1843 1592 1916 1663 γῆ

338 1688 493 1760 ὑμῶν
525 1687 748 1760 ἔρημος,
782 1690 838 1743 αἱ
871 1688 1054 1751 πόλεις
1084 1686 1237 1759 ὑμῶν
1263 1687 1623 1757 πυρίκαυστοι
1643 1698 1656 1715 ⁸
1685 1686 1783 1758 τὴν
1804 1683 1914 1756 χώ-

281 1790 291 1812 ²
340 1793 439 1848 ραν
486 1777 661 1849 ὑμῶν,
715 1776 945 1831 ἐνώπιον
994 1777 1149 1848 ὑμῶν
1207 1775 1479 1847 ἀλλότριοι
1538 1762 1914 1829 κατεσθίουσιν

270 1861 273 1865 ’
336 1869 528 1940 αὐτήν.
581 1884 600 1920 ι
640 1869 777 1922 Πότε
809 1868 866 1921 δὲ
911 1868 1006 1922 καὶ
1048 1867 1220 1923 ταῦτα
1257 1865 1561 1938 ἐπληροῦτο
1598 1866 1630 1938 ἢ
1667 1866 1773 1919 ἀπὸ
1806 1864 1913 1918 τῶν

2020 768 2116 839 qui
2144 768 2212 823 ab
2241 767 2505 833 Hebraeis,
2539 768 2608 823 ad
2644 784 2836 826 omnes
2867 769 3115 825 homines
3148 768 3402 840 profecti,
3432 779 3600 842 atque

2019 859 2197 916 instar
2222 860 2449 916 seminis
2472 860 2672 926 relicti,
2701 861 2926 916 uberem
2959 855 3068 932 7o
3084 860 3322 916 fructum
3351 864 3596 932 protule-

2018 959 2169 1017 runt,
2190 951 2339 1022 ipsas
2366 952 2606 1022 gentium
2625 950 2681 1006 in
2705 959 2821 1007 toto
2839 952 2968 1007 orbe
2985 960 3252 1007 terrarum
3276 951 3550 1009 Ecclesias
3577 972 3591 1009 :

2016 1051 2072 1099 et
2100 1042 2311 1110 inspice
2334 1057 2488 1107 sane,
2517 1043 2980 1113 quemadmodum
3006 1044 3195 1099 eodem
3225 1050 3473 1116 tempore
3493 1045 3595 1100 hos

2018 1134 2166 1190 solos
2189 1132 2500 1189 Iuda-orum
2524 1135 2699 1190 ruinae
2725 1136 3051 1206 superstites
3076 1135 3494 1207 multiplicatum
3525 1136 3595 1190 iri

2017 1223 2269 1290 afﬁrmat,
2320 1224 2445 1281 illos
2483 1235 2663 1281 autem
2719 1225 3072 1281 solitudinem
3116 1227 3359 1296 penitus,
3413 1234 3594 1281 vasta-

2016 1319 2331 1389 tionemque
2368 1333 2649 1389 passuros.
2689 1336 2709 1371 ι
2761 1317 2930 1376 Terra
2961 1320 3129 1384 enim,
3175 1320 3373 1391 inquit,
3400 1335 3591 1376 eorum

2016 1412 2359 1482 relinquetur
2394 1413 2632 1468 deserta.
2672 1433 2693 1465 ι
2731 1411 2902 1468 Porro
2954 1413 3060 1469 hoc
3110 1413 3290 1483 ipsum
3337 1413 3592 1483 superius

2015 1518 2234 1573 quoque
2265 1504 2474 1559 dictum
2510 1514 2616 1570 est,
2641 1506 2710 1560 ab
2742 1504 2932 1561 eodem
2967 1505 3234 1576 propheta
3258 1504 3326 1559 ad
3348 1505 3590 1566 eosdem.

2018 1593 2113 1647 illo
2147 1593 2270 1649 loco
2323 1612 2337 1649 :
2377 1612 2398 1644 ι
2439 1602 2586 1650 terra
2632 1604 2820 1677 vestra
2851 1596 3092 1664 deserta,
3121 1596 3374 1652 civitates
3397 1605 3594 1651 vestra:

2017 1701 2296 1742 succensae
2352 1687 2462 1758 igni
2516 1708 2529 1743 :
2587 1690 2866 1760 regionem
2910 1699 3173 1754 vestram,
3207 1689 3264 1743 in
3293 1698 3590 1760 conspectu

2016 1786 2200 1834 vestro
2254 1778 2414 1833 alieni
2470 1780 2733 1835 devorant
2779 1782 2844 1833 ⁸³.
2902 1802 2920 1833 ι
2971 1780 3203 1848 Quando
3253 1788 3434 1836 autem
3476 1780 3593 1835 haec

2016 1872 2236 1928 tandem
2272 1873 2543 1942 completa
2574 1878 2723 1936 sunt,
2756 1875 2802 1929 si
2829 1889 2937 1928 non
2987 1886 3113 1945 post
3147 1871 3451 1929 Salvatoris
3484 1888 3589 1928 no-

336 1962 544 2033 χρόνων
569 1961 663 2014 τοῦ
693 1961 939 2032 Σωτῆρος
967 1961 1155 2033 ἡμῶν;
1187 1962 1291 2026 ἕως
1323 1960 1420 2033 μὲν
1444 1959 1552 2031 γὰρ
1574 1959 1786 2012 οὐδέπω
1812 1957 1905 2021 τὰς

2017 1960 2120 2016 stri
2146 1962 2434 2033 tempora?
2487 1964 2791 2034 Antequam
2836 1965 2983 2019 enim
3027 1976 3219 2020 contra
3274 1967 3425 2021 illum
3479 1975 3589 2019 tam

336 2051 458 2107 κατ’
504 2051 668 2106 αὐτοῦ
714 2052 1116 2123 τετολμήκεσαν
1161 2053 1499 2118 δυσσεϐείας,
1534 2054 1635 2107 οὐκ
1668 2048 1797 2123 ἦνή
1841 2051 1913 2122 γῆ

336 2143 514 2198 αὐτῶν
546 2144 767 2216 ἕρημος,
803 2145 922 2199 οὐδὲ
956 2147 1012 2200 αἱ
1051 2146 1233 2210 πόλεις
1266 2147 1644 2219 πυρίκαυστοι,
1667 2142 1787 2198 οὐδὲ
1816 2144 1914 2215 τὴν

336 2234 519 2306 χώραν
557 2234 1033 2306 αὐτῶνάλλότριοι
1066 2235 1388 2306 κατήσθιον·
1432 2234 1541 2288 ἀπὸ
1581 2234 1638 2286 δὲ
1681 2234 1783 2302 τῆς
1829 2235 1914 2285 ὲνα

339 2328 461 2382 θέου
500 2328 680 2400 φωνῆς
713 2329 950 2399 ἐκείνης,
984 2324 1049 2382 δι’
1074 2324 1142 2400 ἦς
1168 2327 1229 2381 τὸ
1263 2329 1453 2399 μέλλον
1479 2328 1662 2391 αὐτοῖς
1696 2325 1912 2379 ἔσεσθαι

337 2419 731 2490 προύθέσπισεν
770 2419 931 2485 αὐτὸς
968 2421 997 2472 ὁ
1032 2420 1224 2491 Σωτὴρ
1253 2419 1348 2472 καὶ
1380 2416 1585 2489 Κύριος
1625 2415 1802 2488 ἡμῶν,
1838 2418 1914 2469 εἱ-

337 2511 475 2575 πὼν,
507 2530 526 2562 ι
570 2506 813 2581 ’Δφίεται
838 2513 866 2564 ὁ
892 2507 1038 2573 οἶκος
1069 2508 1294 2581 ἔρημος,
1333 2529 1351 2559 ι
1389 2508 1450 2573 ἐξ
1478 2508 1688 2562 ἐκείνου
1728 2507 1823 2562 καλ⁷
1848 2508 1911 2561 οὐ

341 2602 457 2672 μετ’
491 2603 551 2656 οὐ
593 2601 727 2655 πολὺ
771 2601 872 2671 τῆς
909 2602 1287 2672 προρρήσεως,
1321 2591 1767 2670 πολιορκηθέντες
1806 2585 1912 2652 ὑπὸ

346 2684 651 2765 Ῥωμαίων,
701 2697 782 2758 εὶς
825 2694 1030 2764 ἔρημον
1072 2692 1435 2763 κατέστησαν.
1480 2692 1591 2745 Καὶ
1629 2690 1689 2744 τό
1723 2708 1784 2759 γε
1822 2690 1909 2745 αἷ-

333 2802 447 2839 τιον
501 2786 605 2856 τῆς
643 2782 976 2856 ἐρημώσεως
1014 2784 1191 2837 αὐτῶν
1235 2785 1571 2856 προφητικὸς
1611 2785 1767 2853 λόγος
1806 2786 1911 2838 ἁπ-

332 2876 564 2948 ελέγχει,
606 2862 890 2948 μονονουχὶ
928 2875 1114 2945 σαφῶς
1142 2874 1531 2946 διερμηνεύων,
1567 2878 1660 2930 καὶ⁹
1698 2878 1796 2948 τὴν
1824 2877 1908 2932 αί-

329 2968 450 3022 τίαν
480 2970 579 3040 τῆς
607 2967 977 3032 ἀποπτώσεως
1006 2964 1184 3019 αὐτῶν
1220 2968 1505 3039 παριστὰς.
1551 2968 1768 3039 Ἐπειδὴ
1800 2969 1906 3041 γὰρ

329 3055 423 3111 τοῦ
446 3056 694 3129 Σωτῆρος
716 3057 874 3129 ήμῶν
899 3056 1238 3121 διδάσκοντος
1257 3060 1316 3112 ὲν
1339 3059 1521 3123 αὐτοῖς
1550 3059 1901 3125 ἀκούσαντες,

328 3147 431 3201 ὠσὶ
455 3148 695 3212 διανοίας
727 3147 826 3203 οὐκ
866 3149 1124 3221 ήκουσαν,
1168 3148 1288 3202 οὐδὲ
1341 3149 1582 3220 συνῆκαν
1619 3151 1766 3215 ὅστις
1800 3146 1899 3222 ἦν’

335 3238 535 3303 ἰδόντες
561 3238 619 3292 δὲ
642 3239 803 3294 αὑτὸν
821 3239 1023 3311 σαρκδς
1053 3238 1373 3311 ὀφθαλμοῖς,
1407 3234 1518 3305 τοῖς
1643 3241 1903 3313 ψυχῆς·οὐ

331 3328 635 3396 τεθέανται,
668 3331 943 3402 ὲπάχυνάν
965 3348 1025 3385 τε
1058 3332 1263 3387 ἑαυτῶν
1294 3331 1391 3403 τὴν
1415 3333 1663 3406 καρδίαν,
1686 3334 1779 3388 καὶ
1809 3352 1902 3404 μοί
1928 3357 1971 3415 ο

329 3422 539 3493 νονουχὶ
582 3423 708 3487 τοὺς
751 3422 1061 3494 ὀφθαλμοὺς
1104 3425 1203 3496 τῆς
1253 3425 1491 3489 διανοίας
1542 3425 1768 3497 ἕμυσαν,
1810 3429 1903 3480 καὶ

325 3513 395 3570 τὰ
432 3509 546 3570 ὦτα
585 3514 874 3587 έϐάρυναν,
913 3517 988 3581 ῶς
1029 3523 1192 3588 φησιν
1242 3519 1274 3589 ή
1321 3519 1626 3589 προφητεία
1650 3559 1664 3584 ,
1710 3520 1901 3573 τούτου

324 3607 487 3680 χάριν
512 3606 966 3680 ὲρημωθήσεσθαι
1000 3607 1179 3663 αὐτῶν
1210 3627 1342 3681 φησι
1379 3610 1478 3674 τὰς
1516 3610 1719 3674 πόλεις,
1752 3612 1903 3683 παρὰ

323 3695 385 3750 τὸ
415 3695 493 3769 μή
518 3697 909 3762 κατοικεῖσθαι,
943 3699 1039 3751 καὶ
1064 3698 1162 3769 τὴν
1188 3699 1292 3769 γῆν
1319 3699 1642 3770 γενήσεσθαι
1673 3700 1769 3772 ἔρη
1780 3717 1899 3770 μον,

326 3786 546 3860 βραχεῖς
576 3788 633 3843 δέ
680 3806 828 3853 τινας
863 3789 923 3854 ἐξ
967 3789 1147 3843 αὐτῶν
1182 3790 1693 3861 ὑπολειφθήσεσθαι,
1744 3791 1901 3863 δίκην

323 3880 545 3951 γονίμου
576 3881 670 3933 καὶ
699 3877 952 3952 ζωπύρου
984 3880 1299 3951 σπέρματος
1331 3882 1808 3953 πεφυλαγμένουςο
1850 3883 1900 3936 οἳ

321 3971 416 4025 καὶ
458 3971 538 4034 εἰς
571 3970 779 4034 πάντας
819 3971 1172 4042 προελθόντες
1210 3971 1553 4044 ἀνθρώπους,
1588 3973 1898 4048 πληθυνθή-

322 4060 509 4114 σεσθαι
549 4060 642 4114 ἐπὶ
672 4061 771 4132 τῆς
812 4061 915 4131 γῆς
964 4060 1231 4129 λέγονται.
1279 4062 1424 4135 Πλὴν
1454 4062 1591 4119 ἀλλὰ
1631 4066 1726 4118 καὶ
1762 4065 1900 4136 μετὰ

320 4153 416 4225 τὴν
456 4152 680 4225 πρόοδον
721 4153 926 4207 τούτων
968 4153 1164 4219 αὐτῶν,
1207 4154 1408 4228 δηλαδὴ
1448 4156 1558 4209 τῶν
1585 4157 1897 4211 ἀποστόλων

319 4244 412 4300 τοῦ
455 4247 708 4320 Σωτῆρος
737 4246 917 4318 ἡμῶν,
953 4246 1033 4301 ἔτι
1067 4245 1229 4321 φησὶν
1277 4251 1363 4303 ἐπ’
1405 4251 1575 4322 αὐτῆς
1621 4252 1718 4323 τῆς
1770 4252 1899 4307 Ἰου-

315 4336 471 4402 δαίας
497 4336 677 4409 χώρας
706 4334 979 4408 διαμεῖναι
1004 4337 1064 4390 τὸ
1085 4337 1422 4404 ἐπιδέκατον,
1447 4341 1541 4393 καὶ
1565 4340 1702 4412 μετὰ
1724 4341 1897 4396 ταῦτα

317 4423 470 4492 αὖθις
518 4428 735 4484 ἔσεσθαι
766 4430 960 4494 αὐτοὺς
1006 4431 1085 4494 εἰς
1131 4432 1406 4504 προνομὴν
1452 4433 1526 4498 ὡς
1564 4435 1894 4510 τερέϐινθος,

317 4518 411 4573 καὶ
437 4519 513 4584 ὡς
550 4519 778 4591 βάλανος
815 4521 943 4573 ὅταν
978 4521 1184 4592 ἐκπέσῃ
1215 4521 1315 4593 τῆς
1345 4521 1519 4593 θήκης
1550 4525 1740 4596 αὐτῆς.
1786 4529 1895 4581 Πα-

317 4612 532 4685 ρίστησι
573 4613 651 4677 δὲ,
689 4611 766 4677 ὡς
802 4609 974 4684 οἶμαι,
1011 4612 1099 4667 διὰ
1134 4613 1339 4668 τούτων
1369 4613 1398 4667 ό
1423 4610 1599 4685 λόγος,
1640 4619 1721 4671 ὅτι
1759 4620 1897 4690 μετὰ

2017 2055 2183 2124 impia
2219 2054 2461 2111 facinora
2498 2056 2619 2111 ausi
2649 2064 2857 2120 essent,
2887 2068 3165 2126 nunquam
3195 2057 3372 2113 fuerat
3397 2070 3589 2113 eorum

2016 2156 2161 2203 terra
2185 2147 2401 2203 deserta
2428 2167 2443 2204 :
2475 2163 2653 2219 neque
2684 2148 2934 2204 civitates
2964 2163 3153 2203 eorum
3177 2149 3418 2205 incensae
3451 2150 3586 2220 igni,

2014 2256 2192 2311 neque
2223 2240 2496 2310 regionem
2519 2256 2707 2295 eorum
2735 2240 2897 2318 alieni
2925 2238 3342 2295 devoraverant.
3369 2239 3449 2295 Ex
3477 2256 3588 2311 quo

2015 2336 2194 2384 autem
2226 2329 2466 2384 divinam
2495 2330 2642 2383 illam
2670 2344 2856 2384 vocem
2886 2330 3002 2398 ipse
3024 2327 3275 2385 Salvator
3307 2337 3361 2384 et
3405 2330 3589 2383 Domi-

2012 2436 2120 2477 nus
2166 2429 2354 2476 noster
2395 2421 2601 2486 emisit,
2655 2437 2762 2493 qua
2806 2421 2937 2484 illis,
2986 2422 3132 2491 quod
3167 2420 3411 2476 futurum
3445 2429 3586 2487 erat,

2013 2511 2296 2574 indicavit,
2329 2514 2411 2569 sic
2465 2514 2679 2576 dicens,
2711 2531 2729 2564 ι
2766 2511 3133 2583 Relinquetur
3170 2513 3368 2568 domus
3405 2521 3587 2569 vestra

2011 2603 2227 2658 deserta
2252 2603 2322 2669 “,
2358 2624 2376 2655 ι
2410 2619 2476 2659 ex
2503 2604 2621 2668 illo,
2658 2604 2906 2675 inquam,
2940 2619 3117 2674 neque
3156 2605 3231 2659 ita
3265 2606 3437 2661 multo
3466 2617 3591 2676 post

2009 2696 2174 2752 talem
2208 2697 2640 2767 praedictionem,
2680 2697 2756 2752 illi
2786 2698 3072 2754 obsidione
3115 2700 3292 2769 pressi
3331 2714 3359 2753 a
3394 2699 3593 2754 Roma-

2009 2787 2119 2851 nis,
2169 2787 2226 2841 in
2287 2788 2640 2843 solitudinem
2692 2803 2757 2842 ac
2811 2790 3120 2845 vastitatem
3172 2789 3381 2846 redacti
3432 2799 3586 2848 sunt.

2008 2875 2245 2933 Causam
2271 2880 2435 2933 etiam
2467 2879 2794 2935 vastationis
2839 2895 3028 2935 eorum
3075 2895 3256 2936 sermo
3301 2882 3586 2953 propheti-

2007 2982 2108 3023 cus
2136 2969 2454 3039 exprobrat,
2492 2968 2586 3022 ubi
2616 2976 2804 3038 aperte
2832 2968 3223 3039 pr0pemodum
3259 2969 3587 3041 interpreta-

2007 3066 2121 3124 tur,
2149 3066 2206 3113 et
2245 3057 2595 3114 manifestum
2625 3057 2899 3130 proponit,
2925 3060 3187 3130 quidnam
3226 3060 3391 3116 fuerit
3426 3061 3586 3130 illud,

2006 3147 2151 3219 quod
2176 3148 2284 3202 illis
2313 3148 2528 3202 ruinam
2566 3148 2833 3205 attulerit.
2864 3147 3163 3220 Postquam
3208 3150 3357 3206 enim
3399 3150 3586 3206 Salva-

2006 3248 2181 3295 torem
2236 3244 2486 3295 nostrum
2519 3244 2660 3311 apud
2703 3243 2853 3313 ipsos
2889 3243 3180 3298 docentem
3217 3244 3324 3315 ipsi
3357 3245 3587 3300 audien-

2008 3340 2110 3395 tes,
2141 3333 2366 3388 auribus
2400 3333 2602 3387 mentis
2645 3348 2756 3388 non
2798 3334 3113 3399 audierunt,
3162 3346 3342 3406 neque
3369 3337 3587 3393 intelle-

2007 3432 2206 3479 xerunt
2237 3427 2491 3494 quisnam
2526 3433 2692 3493 esset,
2725 3438 2781 3481 et
2806 3427 2959 3481 illum
2980 3428 3158 3483 oculis
3186 3430 3436 3499 corporis
3462 3444 3583 3484 cer—

2005 3526 2223 3582 nentes,
2250 3520 2416 3574 animi
2437 3520 2616 3576 oculis
2644 3535 2752 3573 non
2774 3528 3196 3591 perspexerunt,
3226 3534 3587 3591 crassumque

2006 3624 2167 3664 suum
2227 3611 2473 3680 ipsorum
2531 3625 2629 3666 cor
2679 3611 3059 3677 reddiderunt,
3109 3618 3164 3668 et
3211 3624 3352 3684 pene
3392 3613 3585 3668 oculos

2006 3704 2206 3757 mentis
2230 3704 2571 3767 clauserunt,
2601 3710 2766 3774 atque
2812 3717 2975 3759 aures
3002 3710 3394 3775 gravaverunt,
3418 3711 3481 3760 ut
3508 3705 3586 3759 ait

2015 3794 2321 3864 prophetia.
2360 3788 2499 3848 Tum
2531 3800 2754 3864 propter
2775 3795 2913 3848 hanc
2937 3806 3188 3858 causam,
3218 3790 3472 3850 civitates
3495 3811 3586 3849 eo-

2003 3898 2125 3937 rum
2165 3884 2299 3939 dicit
2322 3898 2445 3941 esse
2483 3883 2799 3949 vastandas,
2835 3883 2972 3940 adeo
3006 3892 3068 3939 ut
3105 3898 3216 3939 non
3244 3884 3581 3947 habitentur,

2004 3991 2069 4032 ac
2095 3986 2296 4034 terram
2328 3992 2519 4033 eorum
2545 3976 2662 4032 fore
2683 3977 2977 4042 desertam,
3016 3988 3228 4047 paucos
3253 3989 3383 4031 vero
3412 3991 3583 4046 quos-

2003 4069 2129 4124 dam
2182 4086 2251 4125 ex
2286 4069 2396 4125 illis
2454 4067 2858 4139 superfuturos,
2894 4068 2987 4142 qui
3026 4067 3119 4124 ubi
3158 4067 3335 4124 instar
3361 4066 3582 4125 fecundi

2006 4178 2071 4217 ac
2100 4163 2209 4218 vivi
2238 4163 2465 4219 seminis
2513 4163 2822 4218 conservati
2867 4160 3091 4227 fuerint,
3128 4159 3198 4217 ad
3243 4176 3434 4217 omnes
3482 4160 3582 4214 ιιοο

2001 4256 2179 4312 mines
2205 4262 2583 4328 penetrantes,
2608 4253 3012 4325 multiplicandi
3055 4240 3183 4310 esse
3228 4254 3285 4308 in
3316 4261 3463 4309 terra
3497 4256 3580 4309 di-

2000 4355 2223 4403 cuntur.
2270 4346 2658 4404 Verumtamen
2705 4354 2829 4419 post
2871 4347 3069 4402 horum
3120 4346 3366 4417 ipsorum
3400 4347 3581 4416 profe-

2001 4441 2264 4503 ctionem,
2307 4441 2680 4510 apostolorum
2732 4439 2987 4494 videlicet
3018 4436 3324 4493 Salvatoris
3381 4441 3577 4503 nostri,

2002 4528 2182 4583 adhuc
2212 4530 2287 4584 ait
2322 4530 2379 4585 in
2409 4530 2529 4601 ipsa
2560 4531 2780 4600 regione
2808 4529 3121 4585 Iudaeorum
3150 4526 3418 4584 decimam
3457 4545 3578 4600 paro

2000 4625 2109 4674 tem
2141 4635 2479 4687 mansuram,
2506 4636 2570 4676 ac
2608 4622 2867 4691 deinceps
2900 4637 3097 4678 rursus
3126 4620 3345 4677 futuros
3381 4636 3478 4677 eos
3520 4623 3576 4676 in

313 4705 411 4775 τὴν
445 4703 667 4776 πρώτην
710 4704 1049 4777 πολιορκίαν,
1077 4705 1145 4776 ἢν
1182 4705 1322 4759 κατὰ
1363 4707 1490 4771 τοὺς
1520 4708 1628 4761 τῶν
1667 4711 1896 4764 ἀποστό-

2007 4708 2385 4780 Llireptionein,
2418 4713 2579 4781 quasi
2610 4712 3005 4779 terebinthum,
3038 4720 3094 4769 et
3124 4714 3285 4783 quasi
3320 4712 3574 4785 glandem

312 4788 419 4845 λων
452 4791 693 4862 χρόνους,
719 4792 975 4848 καὶκατὰ
1019 4793 1308 4864 Ῥωμαίων
1342 4795 1718 4872 αὐτοκράτορα
1750 4802 1886 4854 Οὑε-

316 4882 612 4935 σπασιανὸν
641 4880 973 4955 ἱστοροῦνται
1002 4880 1350 4950 πεπονθέναι,
1382 4884 1538 4953 αὖθις
1559 4892 1649 4943 ἐπὶ
1684 4892 1889 4964 Ἀδρια-

311 4972 406 5027 νοῦ
429 4974 678 5044 δεύτερον
706 4975 1152 5049 πολιορκηθέντες
1181 4980 1459 5045 παντελῶς
1482 4978 1776 5053 εἴρχθησαν
1791 4986 1885 5039 τοῦ

309 5064 495 5129 τόπου,
517 5063 592 5128 ὡς
622 5062 753 5137 μηδὲ
777 5066 870 5119 τοῦ
896 5067 1122 5136 ἐδάφους
1150 5070 1248 5141 τῆς
1290 5072 1647 5145 Ἰερουσαλὴμ
1671 5076 1880 5130 ἐπιϐαί-

310 5168 423 5208 νειν
449 5153 856 5225 ἐπιτρέπεσθαι.
900 5155 1069 5212 Τοῦτο
1098 5159 1141 5210 δ’
1179 5156 1270 5215 οὖν
1309 5162 1679 5233 αἰνιττόμενός
1724 5182 1877 5235 φησι·

1998 4815 2100 4855 suo
2126 4800 2304 4870 spolio
2328 4811 2570 4858 exutam.
2605 4801 2955 4859 Demonstrat
2996 4811 3202 4870 autem,
3226 4813 3286 4858 ut
3311 4803 3572 4869 arbitror,

1994 4891 2082 4947 his
2111 4893 2293 4948 verbis
2339 4896 2646 4962 oraculum,
2701 4904 2829 4968 post
2872 4898 3103 4970 primam
3145 4897 3294 4952 illam
3325 4895 3571 4950 obsidio-

1993 5002 2140 5051 nem,
2187 5002 2351 5058 quam
2401 4990 2773 5060 apostolorum
2818 4990 3182 5062 temporibus,
3217 4988 3323 5045 sub
3364 4985 3563 5056 Vespa-

1992 5081 2148 5135 siano
2184 5079 2557 5137 Romanorum
2601 5083 2933 5153 imperatore
2970 5080 3216 5154 perpessi
3254 5089 3569 5144 narrantur,

1992 5185 2189 5227 rursus
2232 5173 2335 5228 sub
2378 5173 2620 5230 Adriano
2655 5176 2827 5230 altera
2856 5172 2959 5246 71
2995 5172 3282 5229 obsidione
3315 5170 3567 5235 afﬂictos,

315 5264 333 5294 ι
372 5244 483 5299 Καὶ
509 5245 671 5299 πάλιν
693 5245 843 5300 ἔσται
886 5250 964 5313 εἰς
989 5250 1287 5322 προνομήν,
1311 5253 1385 5316 ὡς
1421 5254 1752 5325 τερέϐινθος,
1789 5257 1881 5310 καὶ

2007 5261 2056 5317 le
2091 5262 2211 5319 loco
2243 5265 2337 5319 illo
2364 5266 2584 5335 penitus
2620 5272 2887 5322 arcendos
2921 5267 3058 5330 fore,
3095 5263 3229 5318 adeo
3265 5274 3324 5318 ut
3355 5281 3423 5320 ne
3451 5267 3569 5319 solo

307 5336 554 5407 βάλανος,
589 5338 716 5392 ὅταν
755 5339 962 5414 ἐκπέσῃ
995 5344 1057 5395 ὲκ
1082 5343 1182 5412 τῆς
1212 5344 1385 5415 θήκης
1430 5346 1599 5417 αὐτῆς

1989 5357 2213 5428 quidem
2237 5360 2391 5418 urbis
2415 5360 2754 5417 Hierusalem
2791 5363 3049 5417 insistere
3082 5358 3193 5415 illis
3231 5361 3302 5415 sit
3341 5360 3568 5431 permit-

307 5431 701 5529 lendum.lloc
722 5434 889 5506 igitur
916 5437 1169 5497 innuens.
1206 5439 1287 5493 sic
1320 5441 1395 5493 ait
1431 5460 1443 5494 :
1505 5461 1523 5491 ι
1574 5442 1636 5496 Ει
1675 5446 1874 5501 iterum
1909 5451 2013 5504 erit
2069 5454 2123 5509 in
2160 5455 2542 5525 direptionem,
2604 5467 2664 5511 ut
2696 5455 3061 5522 terebinthus,
3094 5461 3148 5510 et
3175 5454 3320 5529 sicut
3384 5454 3563 5526 glans.

305 5542 428 5581 cum
459 5526 661 5582 excidit
690 5529 758 5585 de
784 5533 958 5600 spolio
985 5532 1168 5587 suo”.
1217 5553 1235 5586 ι

374 5615 496 5671 ΛΘ.
544 5638 563 5670 ι
605 5621 717 5675 Καὶ
748 5621 899 5676 ἔσται
926 5626 982 5677 έν
1015 5628 1079 5696 τῇ
1112 5627 1294 5700 ἡμέρᾳ
1323 5630 1522 5702 ἐκείνῃ
1558 5631 1754 5702 Θρένᾷει
1786 5633 1882 5688 ἄν-

303 5701 517 5775 θρωπος
540 5710 770 5782 δάμαλιν
804 5713 961 5784 βοῶν,
1002 5719 1094 5772 καὶ
1131 5716 1223 5773 δύο
1266 5701 1542 5792 πρόϐατα’
1591 5701 1682 5777 καὶ
1716 5726 1874 5781 ἔσται

371 5818 419 5902 ξ’
443 5818 547 5875 lsa.
580 5835 621 5885 ι,
655 5821 705 5876 7.
785 5824 830 5856 “
859 5826 1046 5882 Matth.
1078 5845 1234 5892 XXIII.
1260 5833 1346 5887 58.
1428 5832 1470 5863 ⁸⁵
1509 5830 1610 5891 13³.
1645 5850 1716 5902 Vl,
1755 5830 1867 5902 1³ιῖ

372 5901 447 5978 (l)
489 5905 840 5966 Desideratur
859 5916 978 5986 τῆς.
1010 5917 1167 5973 Enrr.
1203 5918 1378 5975 Pun.
1704 5898 1712 5902 '
1854 5898 1859 5911 ί

495 6007 767 6067 ΡΑτιιθι..
801 6010 915 6069 Gn.
958 6013 1004 6070 Χ
1022 6012 1161 6076 ΧΗ.

2061 5635 2305 5694 XXXIX.
2341 5658 2357 5688 ι
2390 5639 2457 5693 Et
2487 5640 2592 5695 erit
2621 5639 2675 5693 in
2720 5637 2807 5694 die
2836 5640 2928 5693 illa
2961 5656 2973 5690 :
3006 5639 3224 5698 Nutriet
3274 5640 3438 5696 homo
3467 5640 3561 5711 ju-

1984 5714 2425 5799 vencam‘boum,
2448 5743 2502 5807 et
2530 5733 2668 5787 duas
2700 5746 2848 5798 oves,
2867 5741 2921 5789 et
2940 5735 3045 5790 erit
3072 5750 3140 5791 ex
3167 5751 3233 5791 eo
3263 5732 3409 5805 quod
3438 5734 3563 5803 pluo

3184 6020 3234 6081 εὗ
