4106 6444
519 416 629 473 459

1160 414 1424 470 EUSEBll
1461 414 1945 470 CESARIENSIS
1984 416 2136 469 OPP.
2177 415 2360 471 PARS
2391 417 2454 472 ll.
2494 444 2562 458 -—-
2596 418 3103 476 APULOCETICA.

3672 422 3770 477 MO

526 533 724 587 rimum
747 529 917 587 faciet
946 532 1028 584 lac
1062 548 1074 583 :
1109 529 1357 584 comedet
1395 530 1671 600 butyrum,
1711 536 1768 583 et
1812 533 1917 582 mel
1942 542 2064 583 com

2198 528 2306 580 ἀπὸ
2346 531 2440 581 τού
2489 530 2738 582 πλεῖστον
2780 534 2953 584 ποιεῖν
2999 530 3159 599 γάλα,
3215 531 3443 600 φάγεται
3493 529 3770 602 βούτυρον,

524 620 649 676 edet
678 623 988 692 quicunque
1036 618 1257 693 relictus
1287 618 1448 673 fuerit
1489 622 1543 674 in
1587 627 1732 673 terra
1752 618 1818 673 “.
1855 638 1873 670 ι
1918 617 2016 671 Hic
2048 618 2095 670 si

526 712 672 766 illam
697 711 839 766 diem
859 724 1020 780 quam
1050 709 1311 779 propheta
1341 709 1609 780 signiﬁcat
1630 709 1932 779 quaesieris,
1957 717 2098 764 tem-

525 820 627 875 pus
655 804 921 857 adventus
963 800 1263 858 Salvatoris
1312 804 1487 858 nostri
1519 804 1784 858 invenies.
1814 804 1916 859 Ubi
1947 803 2093 859 enim

523 897 658 950 dixit
686 895 945 965 pr0pheta
972 913 985 948 :
1016 914 1035 947 ι
1067 894 1211 951 Ecce
1243 896 1396 967 virgo
1435 896 1488 949 in
1518 904 1672 951 utero
1717 895 2009 965 concipiet,
2039 904 2095 951 et

520 989 694 1057 pariet
726 986 893 1040 lilium
919 1004 931 1039 :
968 1006 987 1038 ι
1020 986 1255 1057 plurima
1286 986 1878 1056 interponens,divinat
1909 987 1977 1043 de
2002 988 2091 1053 iis,

518 1095 637 1149 qua:
658 1095 752 1149 per
773 1079 1018 1135 eamdem
1039 1078 1203 1144 diem,
1223 1079 1323 1133 hoc
1343 1087 1445 1145 est,
1476 1078 1773 1137 Salvatoris
1799 1080 1974 1136 nostri
1997 1080 2094 1134 ad-

518 1180 713 1226 ventus
744 1177 1012 1239 tempore,
1048 1168 1230 1224 futura
1259 1178 1407 1227 sunt.
1450 1170 1692 1226 Virtutes
1721 1173 1867 1226 enim
1901 1172 2094 1228 invisi-

518 1262 675 1325 biles,
701 1272 757 1316 et
779 1260 1046 1331 quosdam
1097 1261 1368 1323 inimicos.
1420 1273 1584 1333 atque
1632 1265 1838 1329 hostes,
1871 1279 2091 1319 muscas

516 1361 569 1406 et
611 1368 742 1424 apes
780 1353 1053 1425 allegoriae
1103 1354 1315 1422 legibus
1359 1356 1683 1417 nominans.
1741 1357 2088 1427 ingressuros

515 1460 638 1501 esse
686 1452 889 1500 terram
918 1443 1227 1499 Iudaeorum
1267 1444 1422 1513 dicit,
1470 1455 1634 1517 atque
1665 1447 1738 1501 ita
1774 1445 2084 1511 Dominum,

515 1533 757 1590 hostium
789 1536 1035 1605 ipsorum
1076 1535 1365 1596 novacula,
1396 1541 1655 1606 tanquam
1686 1536 1866 1605 magni
1901 1536 2090 1606 cujus-

513 1624 640 1679 dam
670 1624 942 1695 corporis,
974 1624 1146 1694 ipsius
1168 1623 1411 1678 Iudaica:
1441 1625 1617 1694 gentis
1651 1633 1837 1694 caput,
1873 1633 1927 1678 et
1947 1625 2087 1693 pilos

516 1716 739 1786 pedum,
770 1722 825 1768 et
858 1714 1107 1776 barbam,
1158 1722 1213 1768 et
1242 1712 1479 1781 denique
1514 1726 1675 1765 omne
1704 1718 2084 1766 ornamentum

515 1823 704 1862 eorum
761 1807 1107 1861 abrasurum.
1144 1803 1281 1858 Cum
1330 1818 1461 1857 vero
1504 1803 1621 1857 haec
1654 1803 1708 1856 in
1755 1803 1847 1857 illa
1877 1804 1985 1868 die,
2018 1803 2085 1858 de

2198 619 2291 670 καὶ
2321 618 2440 686 μέλι
2477 619 2705 687 φάγεται
2742 623 2848 683 πᾶς
2880 622 2908 673 6
2938 620 3317 690 καταλειφθεὶς
3346 622 3440 674 ἐπὶ
3470 621 3569 691 τῆς
3592 622 3714 691 γῆς.
3747 640 3767 673 ι

2210 707 2472 762 Ἐνταῦθα
2489 709 2586 779 τὴν
2605 709 2938 782 δηλουμένην
2970 711 3182 782 ἡμέραν
3217 713 3572 783 ἐπιζητήσας,
3595 711 3770 781 εῦροις

2195 799 2357 851 αὐτὸν
2384 800 2473 852 τὸν
2500 801 2688 871 χρόνον
2714 802 2813 873 τῆς
2839 801 2932 855 τοῦ
2961 803 3211 873 Σωτῆρος
3249 804 3403 874 ἡμῶν
3432 803 3768 873 ἐπιφανείας.

2194 891 2377 945 Εἰπὼν
2405 891 2514 963 γάρ
2542 895 2571 946 6
2601 896 2906 967 προφήτης,
2954 913 2973 948 ι
3021 894 3151 948 Ἰδοὺ
3191 896 3455 968 παρθένος
3493 898 3551 950 ἐν
3577 899 3769 969 γαστρὶ

2194 982 2439 1055 λήψεται,
2489 986 2582 1039 καὶ
2620 985 2833 1053 τέξεται
2874 987 3010 1052 υἱὸν,
3047 1006 3065 1040 ι
3110 987 3333 1042 πλεῖστα
3360 989 3447 1044 διά
3486 988 3652 1060 μέσου
3681 989 3767 1043 θε-

2194 1074 2376 1139 σπίζει
2409 1077 2536 1149 περὶ
2567 1076 2676 1132 τῶν
2703 1077 2837 1132 κατὰ
2867 1079 2967 1151 τὴν
2992 1080 3161 1152 αὐτὴν
3194 1080 3429 1152 ἡμέραν,
3453 1080 3595 1135 τοῦτ’
3625 1081 3768 1135 ἐστιν

2192 1167 2340 1237 ἀμφὶ
2378 1167 2470 1220 τὸν
2502 1169 2688 1240 χρόνον
2717 1170 2819 1240 τῆς
2845 1170 2939 1225 τοῦ
2980 1172 3231 1245 Σωτῆρος
3262 1173 3422 1249 ήμῶν
3452 1174 3767 1243 ἐπιφανείας

2191 1258 2593 1329 γενησομένων.
2649 1261 2917 1333 Δυνάμεις
2982 1264 3091 1337 γάρ
3150 1265 3415 1338 ἀοράτους
3468 1266 3562 1320 καί
3620 1284 3766 1330 τινας

2191 1348 2437 1421 ἐχθροὺς,
2481 1352 2574 1404 καὶ
2620 1352 2930 1424 πολεμίους,
2966 1357 3130 1427 μυίας
3160 1358 3254 1411 καὶ
3290 1357 3549 1428 μελίσσας
3586 1357 3765 1428 νόμοις

2188 1443 2516 1514 ἀλληγορίας
2541 1443 2971 1516 ὀνομαζομένους
3006 1446 3364 1518 ἐπιϐήσεσθαι
3401 1450 3466 1518 τῇ
3502 1446 3608 1499 τῶν
3650 1447 3765 1500 Ἰου-

2187 1532 2347 1587 δαίων
2359 1534 2510 1605 χώρᾳ
2532 1536 2716 1606 φησὶν,
2740 1536 2935 1591 καὶτὸν
2953 1537 3154 1609 Κύριον
3178 1537 3325 1609 ξυρῷ
3346 1538 3455 1592 τῶν
3475 1537 3765 1609 πολεμίων,

2187 1624 2336 1679 ὡσάν
2377 1626 2617 1697 μεγάλου
2671 1629 2941 1698 σώματος,
2978 1629 3072 1683 τοῦ
3132 1630 3399 1683 Ἰουδαίων
3442 1629 3625 1693 ἔθνους
3669 1628 3766 1699 τὴν

2188 1718 2448 1790 κεφαλὴν.
2476 1721 2569 1774 καὶ
2599 1720 2697 1783 τὰς
2715 1723 2907 1794 τρίχας
2928 1721 3037 1776 τῶν
3062 1723 3258 1788 ποδῶν,
3283 1723 3484 1776 καὶτὸν
3505 1720 3763 1790 πώγωνα,

2188 1811 2281 1864 καὶ
2314 1813 2512 1875 πάντα,
2549 1812 2850 1883 συλλήϐδην
2880 1815 3074 1878 εἰπεῖν,
3114 1815 3203 1868 τὸν
3227 1815 3429 1885 κόσμον
3463 1814 3640 1867 αὐτῶν
3670 1814 3762 1879 ξυ-

516 1916 621 1970 qua
653 1899 831 1972 agitur
864 1898 1047 1951 futura
1076 1898 1205 1959 sint,
1232 1896 1288 1949 in
1335 1908 1441 1964 qua
1473 1894 1720 1976 videlicet
1752 1895 1843 1950 ille
1882 1895 1950 1950 de
1976 1911 2079 1966 quo

2187 1905 2393 1975 ρήσειν.
2430 1904 2647 1958 Τούτων
2681 1905 2726 1959 δ’
2748 1905 3018 1977 ἐσομένων
3050 1908 3108 1960 ἐν
3136 1910 3201 1979 τῇ
3232 1906 3597 1979 θεσπιζομὲνῃ
3627 1906 3763 1977 ήμέ-

515 1992 756 2064 loqnitur
799 1997 1059 2046 nascetur
1085 1989 1152 2043 de
1198 1985 1441 2057 Virgine,
1475 1994 1588 2040 tum
1616 2001 1739 2039 eum
1780 1986 2080 2053 hominem,

514 2083 607 2155 qui
639 2082 858 2137 relictus
886 2078 1049 2135 fuerit
1070 2078 1137 2133 de
1166 2077 1333 2131 totius
1355 2078 1533 2145 gentis
1568 2076 1808 2139 interitu,
1845 2076 1944 2130 hoc
1973 2084 2079 2142 est,

513 2190 727 2231 omnem
758 2174 1069 2245 quicunque
1090 2189 1156 2227 ex
1188 2173 1293 2227 illis
1314 2175 1368 2226 in
1396 2169 1674 2223 Christum
1701 2166 1799 2223 Dei
1834 2169 2080 2224 credide-

512 2269 603 2330 rit,
636 2267 973 2321 nutriturum
996 2265 1287 2335 juvencam
1315 2263 1501 2327 boum,
1529 2269 1583 2315 et
1617 2260 1756 2317 duas
1783 2276 1911 2316 oves
1941 2276 2081 2331 pm

511 2357 645 2413 dicit
680 2374 693 2408 :
732 2364 787 2411 ει
805 2371 872 2412 ει
906 2370 973 2411 eo
998 2355 1140 2426 quod
1175 2355 1472 2425 plurimum
1504 2354 1665 2407 faciet
1695 2354 1800 2417 lac,
1824 2354 2079 2424 butyrum

509 2454 566 2504 et
596 2449 703 2503 mel
733 2462 1103 2504 comesurum.
1139 2445 1311 2500 Porro
1348 2446 1461 2500 haec
1496 2446 1540 2500 si
1589 2446 1814 2516 mystice
1835 2453 2082 2500 contem-

510 2541 778 2614 plaberis,‘
812 2538 1083 2608 intelliges
1122 2538 1177 2591 in
1225 2536 1524 2592 Salvatoris
1569 2537 1745 2591 nostri
1793 2537 2076 2606 apostolis.

513 2647 674 2687 suum
704 2630 863 2685 ﬁnem
893 2628 1191 2699 accepisse.
1218 2628 1459 2694 Quorum
1490 2627 1689 2697 singuli
1721 2628 1776 2682 in
1801 2628 1867 2682 iis
1893 2627 2083 2682 Eccle-

513 2724 633 2789 siis,
674 2723 729 2777 in
768 2722 968 2793 quibus
1007 2721 1208 2775 virtute
1250 2720 1454 2775 Christi
1507 2720 1883 2784 constiterint,
1924 2721 2080 2775 binas

512 2832 663 2879 oves,
697 2815 801 2870 hoc
833 2822 938 2879 est,
976 2813 1137 2868 binos
1167 2811 1387 2867 ordines
1418 2812 1591 2868 instar
1620 2813 1825 2876 ovium,
1855 2811 1921 2867 ad
1954 2827 2079 2883 gre-

509 2923 632 2980 gem
660 2905 867 2962 Christi
901 2905 1309 2969 convenientes,
1340 2907 1571 2959 alterum
1607 2903 1824 2974 quidem
1873 2903 1929 2957 in
1964 2903 2079 2974 pri-

511 3003 617 3058 mis
660 3001 840 3056 adhuc
867 3000 1153 3056 elementis
1192 3005 1522 3062 versantem,
1558 2999 1791 3052 alterum
1826 3011 1955 3051 vero
1983 2995 2079 3065 qui

507 3095 621 3165 jam
644 3108 743 3164 per
771 3092 1049 3147 lavacrum
1086 3090 1158 3146 sit
1200 3090 1532 3152 illustratus,
1580 3104 1644 3142 ac
1688 3095 1950 3158 prieterea
1989 3085 2080 3157 ju-

512 3200 738 3242 vencam
788 3199 976 3247 unam,
1025 3181 1456 3238 ecclesiasticum
1504 3180 1690 3250 utique
1735 3194 1946 3241 eorum,
1983 3176 2078 3248 qui

2190 2010 2262 2066 ρᾳ
2285 1994 2379 2048 τοῦ
2407 1995 2472 2049 ἐκ
2498 1995 2600 2066 τῆς
2628 1997 2907 2070 Παρθένου
2953 1999 3339 2070 γενησομένου,
3386 1997 3483 2052 τὸν
3513 1998 3763 2052 καταλει-

2190 2087 2390 2157 φθέντα
2410 2089 2693 2162 ἄνθρωπον
2717 2093 2780 2143 ἐκ
2799 2091 2899 2160 τῆς
2916 2089 3011 2143 τοῦ
3036 2091 3233 2155 παντὸς
3258 2090 3440 2153 ἔθνους
3467 2087 3760 2152 ἀπωλείας,

2187 2180 2329 2232 τοῦτ’
2360 2181 2505 2234 ἐστιν
2539 2184 2753 2236 ᾶπαντα
2782 2183 2872 2234 τὸν
2896 2180 2953 2247 ἐξ
2980 2182 3154 2235 αὐτῶν
3187 2185 3264 2242 εἰς
3296 2181 3386 2234 τὸν
3416 2182 3457 2233 X
3466 2181 3644 2251 ριστὸν
3667 2177 3763 2233 τοῦ

2187 2268 2322 2324 Θεοῦ
2357 2275 2778 2337 πεπιστευκότα,
2829 2275 3045 2346 θρέψειν
3082 2275 3309 2345 δάμαλιν
3351 2273 3509 2344 βοῶν,
3550 2271 3763 2326 καὶδύο

2190 2363 2434 2435 πρόϐατα
2465 2368 2819 2438 προφητεύει,
2842 2368 2950 2422 ἀπό
2981 2384 3036 2420 τε
3064 2365 3157 2419 τοῦ
3187 2367 3433 2420 πλεῖστον
3467 2366 3639 2418 ποιεῖν
3669 2363 3763 2430 γά-

2187 2454 2273 2519 λα,
2293 2455 2560 2525 φάγεσθαι
2585 2457 2844 2529 βούτυρον
2868 2458 2961 2512 καὶ
2987 2459 3125 2530 μέλι.
3149 2458 3381 2527 Νοήσεις
3399 2455 3455 2509 δέ
3480 2452 3761 2509 καὶταῦτα

2187 2545 2326 2599 κατά
2372 2549 2637 2618 μυστικὴν
2670 2547 2901 2618 θεωρίαν
2937 2550 3030 2602 ἐπὶ
3062 2548 3169 2602 τῶν
3197 2549 3289 2602 τοῦ
3323 2546 3572 2618 Σωτῆρος
3604 2543 3762 2616 ἡμῶν

2188 2636 2499 2690 ἀποστόλων
2539 2638 2917 2709 τετελεσμένα.
2966 2634 3065 2692 ’Ὧν
3098 2640 3324 2701 ἕκαστος
3354 2640 3410 2691 ἐν
3438 2631 3524 2701 αἷς
3562 2636 3658 2688 σὺν
3692 2636 3757 2704 τῇ

2186 2728 2280 2781 τοῦ
2309 2728 2545 2802 Χριστοῦ
2578 2729 2801 2801 δυνάμει
2845 2731 3211 2801 συνεστήσατο
3252 2726 3627 2797 Ἐκκλησίαις,
3666 2723 3760 2778 δύο

2186 2821 2441 2892 τάγματα
2476 2820 2631 2892 δίκην
2659 2820 2967 2894 προϐάτων,
3001 2822 3095 2875 ἐπὶ
3117 2821 3214 2891 τὴν
3243 2818 3335 2872 τοῦ
3365 2815 3599 2888 Χριστοῦ
3638 2816 3760 2870 ποί-

2191 2929 2328 2984 μνην
2362 2912 2631 2966 συνιόντα·
2664 2911 2726 2966 τὸ
2774 2912 2872 2983 μὲν
2904 2912 3071 2965 εἰσέτι
3122 2908 3570 2980 στοιχειούμενον,
3618 2907 3678 2960 τὺ
3710 2907 3758 2961 δ’

2186 3001 2287 3072 ήδη
2316 3000 2403 3054 διά
2438 2999 2534 3053 τοῦ
2576 3000 2798 3075 λουτροῦ
2838 3001 3263 3074 πεφωτισμένον⁸
3306 2999 3399 3051 καί
3430 2998 3521 3050 ἐπὶ
3550 2996 3757 3059 τούτοις

2190 3091 2317 3162 μίαν
2340 3090 2571 3163 δάμαλιν
2602 3093 2701 3164 τὴν
2727 3082 3180 3163 ἐκκλησιαστικὴν
3210 3090 3316 3143 τῶν
3353 3086 3629 3159 προέδρων
3658 3084 3759 3156 ἀρ-

2186 3183 2285 3256 χὴν
2303 3186 2424 3248 ταῖς
2444 3183 2647 3248 ἐνθέοις
2669 3184 2762 3238 καὶ
2780 3183 3021 3252 λογικαῖς
3047 3185 3273 3254 τροφαῖς
3303 3180 3592 3252 ἐκθρέψας,
3610 3178 3757 3251 γόνιτ

509 3276 807 3348 prasidcnt
822 3275 1216 3346 principatum,
1240 3273 1439 3328 divinis
1460 3281 1514 3327 et
1537 3272 1895 3327 rationalibus
1937 3270 2075 3326 cibis

2184 3291 2278 3346 μον
2306 3273 2368 3339 ἐξ
2406 3274 2586 3329 αὐτῶν
2617 3275 2780 3343 γάλα,
2816 3276 2906 3328 καὶ
2959 3275 3075 3345 μέλι
3116 3273 3216 3343 τῆς
3247 3271 3572 3342 πονηθείσης
3606 3268 3757 3340 αὐτῷ

510 3369 811 3425 nutrientes
840 3385 853 3421 :
886 3365 1173 3422 fecundum
1211 3380 1275 3419 ex
1323 3363 1430 3417 illis
1471 3363 1573 3424 lac,
1600 3372 1655 3417 et
1684 3361 1810 3425 mel,
1842 3362 1962 3431 ejus
2002 3362 2081 3415 vi-

509 3459 706 3516 delicet
729 3460 861 3524 cibi,
890 3473 1050 3530 quem
1083 3459 1185 3528 ipsi
1222 3458 1643 3521 elaboraverint,
1686 3457 1921 3511 fructum
1957 3472 2080 3528 per-

508 3559 793 3623 ceperunt.
826 3549 894 3604 Et
920 3549 1066 3620 quod
1095 3549 1311 3620 quidem
1342 3565 1459 3605 eam
1504 3549 1929 3613 multitudinem,
1959 3564 2079 3619 quae

507 3662 572 3699 ex
610 3642 1103 3716 imperfectioribus
1133 3649 1348 3697 constat
1389 3643 1602 3703 ovibus.
1633 3642 1852 3697 divinus
1895 3656 2077 3698 sermo

508 3748 827 3805 comparare
851 3732 1217 3796 consueverit,
1237 3747 1344 3787 non
1370 3743 1453 3788 εει
1482 3748 1618 3804 Opus
1641 3742 1699 3788 ut
1727 3734 1924 3797 dicam,
1951 3749 2076 3789 cum

507 3826 609 3881 hoc
629 3841 819 3882 omnes
847 3823 1043 3880 divina:
1066 3824 1259 3878 litterae
1282 3823 1592 3879 ostendant.
1628 3822 1734 3895 72
1763 3823 1916 3890 Quod
1950 3838 2079 3880 vero

505 3934 652 3983 eum,
706 3919 799 3989 qui
848 3916 1141 3989 perfectior
1186 3916 1278 3983 sit,
1312 3926 1368 3973 et
1417 3917 1641 3983 multos,
1690 3917 1848 3987 quasi
1898 3918 2076 3973 bonus

503 4009 740 4079 agricola
787 4016 1062 4076 exerceat,
1098 4006 1466 4079 Ecclesizeque
1512 4008 1825 4078 praesideat,
1869 4009 2076 4065 rustico

506 4100 670 4154 boum
712 4100 887 4155 labori
940 4101 1069 4155 item
1112 4099 1363 4155 conferre
1412 4100 1604 4158 soleat.
1645 4107 1871 4155 sanctus
1914 4100 2075 4156 nobis

505 4194 844 4245 demonstrat
870 4188 1187 4259 Apostolus,
1210 4190 1300 4243 ubi
1331 4191 1407 4244 ait
1433 4210 1445 4245 :
1475 4208 1493 4241 ι
1524 4186 1781 4260 Nunquid
1804 4191 1871 4245 de
1898 4190 2075 4246 bubus

506 4291 746 4336 curaest
787 4280 937 4336 Deo?
969 4295 1037 4335 an
1068 4291 1288 4351 propter
1326 4297 1426 4335 nos
1466 4283 1687 4336 omnino
1736 4281 1904 4336 dicit?
1934 4297 2073 4352 quo-

505 4376 653 4430 niam
683 4374 844 4430 debet
880 4374 935 4429 in
960 4391 1077 4445 spe,
1102 4374 1195 4445 qui
1234 4384 1371 4438 arat,
1402 4389 1559 4429 arare
1584 4393 1595 4426 :
1620 4381 1673 4429 et
1704 4376 1796 4445 qui
1829 4376 2071 4439 triturat,

507 4468 561 4522 in
590 4482 706 4537 spe,
725 4473 787 4520 ut
816 4467 885 4523 sit
912 4468 1187 4537 particeps
1210 4464 1277 4519 "'.
1306 4490 1323 4518 ι
1354 4465 1507 4533 Quod
1526 4466 1571 4521 si
1605 4466 1729 4537 quis
1763 4465 2072 4528 istiusmodi

508 4556 694 4628 liguris
722 4555 975 4627 loquendi
997 4555 1321 4620 offeindatur,
1357 4556 1498 4610 idem
1523 4556 1722 4625 poterit
1747 4562 1803 4610 et
1828 4570 2067 4620 muscas,

2180 3366 2385 3438 τροφῆς
2427 3366 2519 3420 τὸν
2563 3367 2773 3440 καρπὸν
2810 3368 3179 3438 ἀπηνέγκατο.
3214 3366 3399 3428 Ὅπως
3432 3363 3532 3433 μὲν
3564 3359 3657 3416 οὖν
3685 3361 3755 3414 τά

2177 3454 2286 3509 τῶν
2331 3456 2699 3528 ἀτελεστέρων
2749 3457 2925 3530 πλήθη
2976 3457 3264 3531 προϐάτοις
3314 3454 3503 3509 εἴωθεν
3544 3453 3575 3507 δ
3612 3453 3753 3518 θεῖος

2176 3548 2470 3623 ἀφομοιοῦν
2513 3551 2689 3620 λόγος,
2736 3552 2888 3605 οὐδὲν
2932 3553 3013 3605 δεῖ
3051 3551 3247 3619 λέγειν,
3298 3549 3478 3618 πάσης
3530 3546 3752 3618 Γραφῆς

2178 3642 2335 3697 τοῦτο
2370 3643 2484 3697 διδα
2497 3641 2745 3713 σκούσης.
2778 3643 2881 3695 Τὸν
2907 3642 2963 3695 δέ
2996 3660 3058 3712 γε
3096 3641 3467 3710 ἐντελέστερον
3504 3639 3596 3692 καὶ
3627 3638 3757 3699 τοὺς

2178 3733 2405 3799 πολλοὺς
2428 3734 2774 3805 γεωργοῦντα
2796 3735 2893 3804 τῆς
2923 3734 3245 3804 Ἑκκλησίας
3262 3729 3392 3803 ἠγού
3402 3746 3582 3801 μενον,
3604 3730 3754 3790 ὅπως

2177 3827 2255 3899 τῷ
2279 3829 2538 3898 γεωπόνῳ
2566 3828 2675 3881 τῶν
2706 3827 2846 3896 βοῶν
2884 3825 3247 3896 παραϐάλλει.
3286 3819 3595 3892 συνίστησιν
3619 3823 3647 3873 6
3676 3822 3754 3872 ἰε-

2180 3918 2271 3988 ρὺς
2302 3918 2617 3983 ἀπόστολος,
2649 3917 2840 3987 λέγων·
2875 3937 2891 3968 ι
3043 3916 3150 3969 τῶν
3170 3914 3305 3985 βοῶν
3335 3914 3484 3984 μέλει
3508 3912 3584 3982 τῷ
3611 3911 3753 3982 Θεῷ,

2175 4009 2209 4078 ἢ
2250 4008 2316 4061 δι’
2345 4011 2491 4079 ἡμᾶς
2538 4009 2754 4073 πάντως
2790 4009 2966 4077 λέγει;
3006 4009 3085 4061 ὅτι
3124 4005 3326 4074 ὀφείλει
3369 4003 3456 4056 ἐπ’
3504 4001 3677 4056 ἐλπίδι
3720 4001 3752 4053 ὁ

2177 4098 2444 4170 ἀροτριῶν
2487 4096 2767 4171 ἀροτριᾷν,
2819 4100 2912 4154 καὶ
2973 4100 3001 4151 6
3058 4097 3251 4160 ἀλοῶν,
3297 4097 3383 4149 ἐπ’
3429 4094 3603 4147 ἐλπίδι
3653 4091 3749 4146 τοῦ

2180 4191 2446 4262 μετέχειν.
2486 4209 2504 4241 ι
2546 4190 2609 4243 Ei
2639 4189 2697 4242 δὲ
2732 4189 3062 4262 προσκόπτοι
3101 4205 3183 4251 τις
3219 4189 3339 4250 ταῖς
3368 4185 3600 4238 τοιαῖσδε
3628 4199 3752 4255 τρο-

2178 4281 2475 4350 πολογίαις,
2503 4279 2621 4353 ὥρα
2642 4280 2829 4334 τοῦτον
2857 4280 2991 4351 μηδὲ
3015 4279 3112 4342 τὰς
3136 4275 3536 4349 ὀνομαζομένας
3562 4276 3750 4347 μυίας.

2176 4371 2208 4442 ἢ
2244 4371 2519 4443 μελίσσας,
2563 4372 2697 4443 μηδὲ
2731 4372 2791 4424 τὺ
2820 4370 2996 4443 ξυρὸν,
3037 4370 3171 4441 μηδὲ
3204 4370 3294 4423 τὸν
3322 4368 3575 4437 πώγωνα,
3615 4366 3748 4440 μηδὲ

2172 4463 2274 4527 τὰς
2316 4463 2506 4535 τρίχας
2544 4462 2653 4515 τῶν
2704 4463 2878 4517 ποδῶν
2922 4462 3065 4517 κατά
3108 4462 3345 4516 διάνοιαν
3384 4461 3627 4531 θεωρεῖν,
3671 4459 3754 4523 είς

2176 4555 2413 4618 ἀτόπους
2434 4554 2490 4607 δὲ
2518 4556 2609 4607 καὶ
2638 4555 2971 4618 ἀσυστάτους
2996 4554 3283 4608 ἐκπίπτειν
3312 4551 3653 4624 μυθολογίας.
3685 4550 3750 4602 Εἰ

503 4627 561 4699 et
584 4660 736 4716 apes,
771 4645 839 4701 de
888 4644 1087 4715 quibus
1137 4644 1345 4698 dictum
1389 4650 1495 4707 est,
1543 4651 1597 4699 et
1634 4644 1983 4707 novaculum,
2018 4652 2071 4699 et

2184 4646 2220 4699 δ’
2251 4648 2464 4717 ἀνάγκη
2517 4646 2689 4699 ταῦτα
2728 4646 2802 4718 μὴ
2836 4647 3008 4710 ἄλλως
3049 4646 3082 4717 ἣ
3130 4646 3272 4700 κατὰ
3316 4645 3481 4716 μόνην
3515 4642 3750 4715 θεωρίαν

504 4738 753 4801 barbam,
780 4745 834 4792 et
876 4736 1013 4805 pilos
1042 4735 1263 4807 pedum,
1297 4751 1405 4790 non
1442 4750 1507 4790 ex
1541 4735 1837 4799 sententia,
1870 4735 1966 4791 sed
2000 4752 2068 4792 ex

2173 4738 2445 4809 δέχεσθαι,
2480 4738 2635 4809 δῆλον
2662 4741 2740 4792 ὅτι
2763 4739 2858 4792 καὶ
2881 4739 2951 4791 τά
2978 4724 3246 4792 ἀκόλουθα
3276 4734 3687 4808 παραπλησίως.

503 4829 710 4899 scripto
738 4827 1118 4898 contemplari,
1152 4834 1313 4897 atque
1369 4828 1443 4881 ita
1471 4827 1628 4897 plane
1655 4827 1711 4881 in
1754 4827 1987 4883 ridicula
2022 4836 2077 4883 et
2134 4830 2373 4885 absurda
2426 4830 2732 4885 fabularum
2778 4832 3134 4885 deliramenta
3182 4829 3443 4883 recidere.
3505 4825 3561 4880 Si
3619 4838 3751 4880 vero

504 4935 610 4975 non
632 4920 790 4975 aliter
819 4918 935 4974 haec
964 4918 1216 4988 accipere
1258 4933 1482 4972 necesse
1509 4926 1611 4982 est,
1638 4932 1802 4988 quam
1838 4918 1904 4973 ad
1951 4935 2173 4975 sensum
2238 4920 2529 4991 quemdam
2584 4923 2921 4985 interiorem,
2952 4920 3121 4984 ,baud
3157 4920 3383 4976 dubium
3436 4927 3542 4983 est,
3585 4917 3752 4989 quin-

503 5012 661 5067 etiam
684 5026 747 5066 ea
777 5026 899 5082 qua:
923 5018 1247 5082 sequuntur,
1276 5010 1439 5065 simili
1476 5010 1703 5063 ratione.
1810 5028 1823 5043 ο

568 5101 681 5158 XL.
712 5121 731 5154 ι
767 5104 825 5157 ln
854 5102 941 5157 die
965 5102 1055 5155 illa
1088 5101 1506 5172 exstinguentur
1539 5111 1772 5167 montes,
1797 5109 1851 5156 et
1878 5102 2069 5166 colles,

503 5200 556 5247 et
594 5193 763 5257 silva},
788 5203 836 5249 et
861 5193 1203 5249 devorabunt
1233 5192 1301 5245 ab
1328 5191 1510 5245 anima
1534 5206 1707 5261 usque
1738 5191 1805 5244 ad
1834 5206 2064 5247 carnes:

502 5291 555 5338 et
587 5284 689 5339 erit
729 5285 824 5354 qui
866 5283 1054 5356 fugiet,
1093 5292 1355 5354 tanquam
1406 5281 1622 5351 fugiens
1664 5296 1695 5335 a
1728 5280 1944 5335 ﬂamma
1980 5296 2068 5335 ar-

502 5374 661 5431 dente
692 5392 705 5428 :
732 5385 787 5432 et
834 5377 926 5447 qui
962 5375 1137 5430 relicti
1174 5374 1378 5430 fuerint
1403 5388 1470 5429 ex
1506 5372 1635 5440 illis,
1682 5381 1845 5429 erunt
1876 5390 2070 5429 nume-

508 5478 634 5518 rus:
665 5472 719 5519 et
765 5478 901 5533 puer
946 5464 1205 5536 parvulus
1246 5462 1452 5520 scribet
1492 5477 1610 5529 eos,
1652 5470 1707 5517 et
1746 5462 1850 5518 erit
1889 5464 1943 5517 in
1978 5462 2069 5519 die

502 5553 632 5607 illa:
666 5569 775 5608 non
825 5556 962 5610 ultra
1017 5555 1234 5625 adjiciet
1274 5553 1421 5626 quod
1464 5555 1733 5624 reliquum
1780 5552 1946 5610 fuerit
1996 5570 2064 5609 ex

503 5641 686 5708 Israel,
715 5651 766 5698 et
813 5646 900 5713 1ui
926 5650 1234 5702 conservati
1267 5662 1335 5701 ex
1365 5644 1556 5707 Jacob,
1583 5661 1692 5702 non
1720 5646 1863 5707 ultra
1891 5647 2063 5702 confl-

603 5818 648 5854 “
682 5817 784 5876 lsa.
820 5833 915 5885 vn,
938 5816 1126 5873 21-22.

2250 5098 2339 5151 Μ’.
2387 5117 2405 5149 ι
2451 5098 2530 5169 Τῇ
2577 5097 2759 5170 ἡμέρᾳ
2788 5100 2972 5171 ἐκείνῃ
2999 5096 3465 5169 ἀποσϐεσθήσεται
3509 5098 3579 5152 τά
3611 5100 3748 5173 ὅρη,

2177 5191 2269 5243 καὶ
2302 5190 2351 5244 οἱ
2387 5190 2585 5260 βουνοί,
2630 5190 2724 5242 καὶ
2761 5191 2812 5243 οἱ
2849 5190 3063 5262 δρυμοὶ,
3105 5190 3197 5244 καὶ
3234 5191 3609 5260 καταφάγεται
3640 5194 3748 5248 ἀπὸ

2173 5279 2354 5350 ψυχῆς
2377 5281 2483 5343 ἐως
2510 5280 2746 5350 σαρκῶν·
2773 5281 2865 5333 καὶ
2890 5281 3041 5335 ἔσται
3068 5282 3097 5334 6
3118 5281 3354 5350 φεύγων,
3384 5282 3458 5344 ὡς
3482 5284 3510 5335 6
3530 5283 3746 5352 φεύγων

2175 5369 2283 5422 ἀπὸ
2305 5369 2502 5439 φλογὸς
2525 5370 2837 5440 καιομένης·
2863 5372 2954 5424 καὶ
2975 5372 3024 5424 οἱ
3054 5371 3504 5441 καταλειφθέντες
3531 5374 3624 5426 ἀπ’
3650 5375 3745 5427 αύ-

2174 5459 2283 5514 τῶν
2315 5459 2524 5515 ἔσονται
2553 5462 2801 5535 ἀριθμὸς,
2837 5465 2930 5517 καὶ
2964 5463 3171 5517 παιδίον
3201 5462 3395 5533 μικρὸν
3423 5464 3623 5535 γράψει
3650 5466 3743 5517 αύ-

2173 5553 2317 5616 τούς·
2350 5555 2445 5608 καὶ
2480 5554 2632 5609 ἔσται
2658 5558 2715 5609 ἐν
2753 5560 2817 5628 τῇ
2856 5558 3042 5629 ἡμέρᾳ
3072 5555 3277 5628 ἐκείνῃ,
3311 5554 3493 5608 οὐκέτι
3524 5571 3744 5626 προστεο

2173 5649 2395 5723 θήσεται
2423 5653 2484 5707 τὸ
2513 5653 2869 5724 καταλειφθὲν
2905 5654 2999 5709 τοῦ
3045 5653 3282 5722 Ἰσραὴλ,
3328 5654 3420 5708 καὶ
3462 5655 3510 5707 oi
3549 5652 3744 5707 διασω-

1207 5820 1251 5853 δτ
1281 5819 1415 5878 Ibid.
1450 5823 1537 5877 Η.
1616 5822 1706 5876 ιιι
1740 5821 1867 5880 Cor.
1904 5839 1978 5893 ix,
2016 5823 2069 5893 9,
2107 5825 2195 5882 10.
