  <div class='ocr_page' id='page_1' title='image "/cluster/home/n/w/nwhite01/storage/ocr_20150623/22:no.4/coo.31924054873025/084.png"; bbox 0 0 4106 6436; ppageno 0'>
   <div class='ocr_carea' id='block_1_1' title="bbox 390 442 485 495">
    <p class='ocr_par' dir='ltr' id='par_1_1' title="bbox 390 442 485 495">
     <span class='ocr_line' id='line_1_1' title="bbox 390 442 485 495; baseline 0.011 -1"><span class='ocrx_word' id='word_1_1' title='bbox 390 442 485 495; x_wconf 64' lang='grc' dir='ltr'><strong>ιιι</strong></span> 
     </span>
    </p>
   </div>
   <div class='ocr_carea' id='block_1_2' title="bbox 383 649 1951 721">
    <p class='ocr_par' dir='ltr' id='par_1_2' title="bbox 383 649 1951 721">
     <span class='ocr_line' id='line_1_2' title="bbox 383 649 1951 721; baseline -0.002 -16"><span class='ocrx_word' id='word_1_2' title='bbox 383 650 751 721; x_wconf 76' lang='grc' dir='ltr'><strong>ἀδικήσαντας</strong></span> <span class='ocrx_word' id='word_1_3' title='bbox 784 650 998 712; x_wconf 77' lang='grc' dir='ltr'>αὐτοὺς,</span> <span class='ocrx_word' id='word_1_4' title='bbox 1022 649 1373 703; x_wconf 74' lang='grc' dir='ltr'>ἀλλ’έσονται</span> <span class='ocrx_word' id='word_1_5' title='bbox 1405 649 1723 713; x_wconf 82' lang='grc' dir='ltr'><strong>πεποιθότες</strong></span> <span class='ocrx_word' id='word_1_6' title='bbox 1751 649 1842 702; x_wconf 72' lang='grc' dir='ltr'><strong>ἐπὶ</strong></span> <span class='ocrx_word' id='word_1_7' title='bbox 1860 649 1951 703; x_wconf 91' lang='grc' dir='ltr'><strong>τὸν</strong></span> 
     </span>
    </p>
   </div>
   <div class='ocr_carea' id='block_1_3' title="bbox 384 739 1951 813">
    <p class='ocr_par' dir='ltr' id='par_1_3' title="bbox 384 739 1951 813">
     <span class='ocr_line' id='line_1_3' title="bbox 384 739 1951 813; baseline -0.001 -18"><span class='ocrx_word' id='word_1_8' title='bbox 384 739 517 795; x_wconf 84' lang='grc' dir='ltr'>Θεὸν</span> <span class='ocrx_word' id='word_1_9' title='bbox 546 739 635 795; x_wconf 90' lang='grc' dir='ltr'><strong>τὸν</strong></span> <span class='ocrx_word' id='word_1_10' title='bbox 669 741 819 810; x_wconf 76' lang='grc' dir='ltr'>ἅγιον</span> <span class='ocrx_word' id='word_1_11' title='bbox 846 740 938 793; x_wconf 76' lang='grc' dir='ltr'>τοῦ</span> <span class='ocrx_word' id='word_1_12' title='bbox 974 741 1186 812; x_wconf 82' lang='grc' dir='ltr'>Ἰσραήλ</span> <span class='ocrx_word' id='word_1_13' title='bbox 1212 744 1277 813; x_wconf 76' lang='grc' dir='ltr'>τῇ</span> <span class='ocrx_word' id='word_1_14' title='bbox 1308 741 1666 813; x_wconf 74' lang='grc' dir='ltr'>ἀληθείᾳ,καὶ</span> <span class='ocrx_word' id='word_1_15' title='bbox 1693 741 1951 811; x_wconf 84' lang='grc' dir='ltr'>ἀναστρέ-</span> 
     </span>
    </p>
   </div>
   <div class='ocr_carea' id='block_1_4' title="bbox 385 831 1946 904">
    <p class='ocr_par' dir='ltr' id='par_1_4' title="bbox 385 831 1946 904">
     <span class='ocr_line' id='line_1_4' title="bbox 385 831 1946 904; baseline -0.001 -18"><span class='ocrx_word' id='word_1_16' title='bbox 385 834 480 902; x_wconf 80' lang='grc' dir='ltr'><strong>ψει</strong></span> <span class='ocrx_word' id='word_1_17' title='bbox 512 831 571 886; x_wconf 87' lang='grc' dir='ltr'><strong>τὸ</strong></span> <span class='ocrx_word' id='word_1_18' title='bbox 596 832 951 901; x_wconf 78' lang='grc' dir='ltr'>καταλειφθὲν</span> <span class='ocrx_word' id='word_1_19' title='bbox 991 832 1083 885; x_wconf 76' lang='grc' dir='ltr'><strong>τοῦ</strong></span> <span class='ocrx_word' id='word_1_20' title='bbox 1136 833 1353 904; x_wconf 82' lang='grc' dir='ltr'>Ἰσραὴλ</span> <span class='ocrx_word' id='word_1_21' title='bbox 1390 833 1483 885; x_wconf 75' lang='grc' dir='ltr'><strong>ἐπὶ</strong></span> <span class='ocrx_word' id='word_1_22' title='bbox 1511 832 1644 886; x_wconf 84' lang='grc' dir='ltr'>Θεὸν</span> <span class='ocrx_word' id='word_1_23' title='bbox 1681 832 1946 902; x_wconf 72' lang='grc' dir='ltr'>ἰσχύοντα·</span> 
     </span>
    </p>
   </div>
   <div class='ocr_carea' id='block_1_5' title="bbox 388 923 1947 996">
    <p class='ocr_par' dir='ltr' id='par_1_5' title="bbox 388 923 1947 996">
     <span class='ocr_line' id='line_1_5' title="bbox 388 923 1947 996; baseline -0.001 -18"><span class='ocrx_word' id='word_1_24' title='bbox 388 925 484 978; x_wconf 63' lang='grc' dir='ltr'><strong>καὶ⁵</strong></span> <span class='ocrx_word' id='word_1_25' title='bbox 524 924 614 977; x_wconf 79' lang='grc' dir='ltr'>ἐὰν</span> <span class='ocrx_word' id='word_1_26' title='bbox 645 924 868 993; x_wconf 85' lang='grc' dir='ltr'>γένηται</span> <span class='ocrx_word' id='word_1_27' title='bbox 899 926 926 975; x_wconf 89' lang='lat'><strong>6</strong></span> <span class='ocrx_word' id='word_1_28' title='bbox 956 924 1185 995; x_wconf 81' lang='grc' dir='ltr'>ἀριθμὸς</span> <span class='ocrx_word' id='word_1_29' title='bbox 1217 925 1324 977; x_wconf 87' lang='grc' dir='ltr'><strong>τῶν</strong></span> <span class='ocrx_word' id='word_1_30' title='bbox 1357 923 1490 977; x_wconf 83' lang='grc' dir='ltr'>υἱῶν</span> <span class='ocrx_word' id='word_1_31' title='bbox 1549 923 1761 996; x_wconf 82' lang='grc' dir='ltr'>Ἰσραὴλ</span> <span class='ocrx_word' id='word_1_32' title='bbox 1800 926 1876 988; x_wconf 84' lang='grc' dir='ltr'>ὡς</span> <span class='ocrx_word' id='word_1_33' title='bbox 1913 926 1947 995; x_wconf 90' lang='grc' dir='ltr'><strong>ή</strong></span> 
     </span>
    </p>
   </div>
   <div class='ocr_carea' id='block_1_6' title="bbox 389 1015 1951 1088">
    <p class='ocr_par' dir='ltr' id='par_1_6' title="bbox 389 1015 1951 1088">
     <span class='ocr_line' id='line_1_6' title="bbox 389 1015 1951 1088; baseline 0.001 -20"><span class='ocrx_word' id='word_1_34' title='bbox 389 1016 568 1087; x_wconf 76' lang='grc' dir='ltr'>ἄμμος</span> <span class='ocrx_word' id='word_1_35' title='bbox 602 1016 697 1087; x_wconf 78' lang='grc' dir='ltr'>τῆς</span> <span class='ocrx_word' id='word_1_36' title='bbox 731 1015 1022 1087; x_wconf 76' lang='grc' dir='ltr'><strong>θαλάσσης,</strong></span> <span class='ocrx_word' id='word_1_37' title='bbox 1054 1016 1114 1068; x_wconf 87' lang='grc' dir='ltr'><strong>τὸ</strong></span> <span class='ocrx_word' id='word_1_38' title='bbox 1142 1016 1486 1087; x_wconf 85' lang='grc' dir='ltr'>κατάλειμμα</span> <span class='ocrx_word' id='word_1_39' title='bbox 1518 1015 1694 1070; x_wconf 83' lang='grc' dir='ltr'>αὐτῶν</span> <span class='ocrx_word' id='word_1_40' title='bbox 1720 1015 1951 1088; x_wconf 85' lang='grc' dir='ltr'>σωθήσε-</span> 
     </span>
    </p>
   </div>
   <div class='ocr_carea' id='block_1_7' title="bbox 388 1104 1952 1178">
    <p class='ocr_par' dir='ltr' id='par_1_7' title="bbox 388 1104 1952 1178">
     <span class='ocr_line' id='line_1_7' title="bbox 388 1104 1952 1178; baseline 0 -18"><span class='ocrx_word' id='word_1_41' title='bbox 388 1124 493 1160; x_wconf 88' lang='grc' dir='ltr'>ται.</span> <span class='ocrx_word' id='word_1_42' title='bbox 533 1107 701 1174; x_wconf 80' lang='grc' dir='ltr'>Λόγον</span> <span class='ocrx_word' id='word_1_43' title='bbox 740 1106 847 1178; x_wconf 79' lang='grc' dir='ltr'><strong>γὰρ</strong></span> <span class='ocrx_word' id='word_1_44' title='bbox 889 1104 1152 1159; x_wconf 56' lang='grc' dir='ltr'>συντελῶν</span> <span class='ocrx_word' id='word_1_45' title='bbox 1187 1106 1280 1160; x_wconf 75' lang='grc' dir='ltr'>καὶ</span> <span class='ocrx_word' id='word_1_46' title='bbox 1317 1107 1625 1177; x_wconf 83' lang='grc' dir='ltr'>συντέμνων</span> <span class='ocrx_word' id='word_1_47' title='bbox 1663 1109 1720 1160; x_wconf 84' lang='grc' dir='ltr'>ὲν</span> <span class='ocrx_word' id='word_1_48' title='bbox 1753 1106 1952 1161; x_wconf 75' lang='grc' dir='ltr'>δικαιοο</span> 
     </span>
    </p>
   </div>
   <div class='ocr_carea' id='block_1_8' title="bbox 387 1195 1949 1267">
    <p class='ocr_par' dir='ltr' id='par_1_8' title="bbox 387 1195 1949 1267">
     <span class='ocr_line' id='line_1_8' title="bbox 387 1195 1949 1267; baseline 0 -18"><span class='ocrx_word' id='word_1_49' title='bbox 387 1196 537 1267; x_wconf 83' lang='grc' dir='ltr'>σύνῃ·</span> <span class='ocrx_word' id='word_1_50' title='bbox 575 1197 657 1249; x_wconf 83' lang='grc' dir='ltr'>ὅτι</span> <span class='ocrx_word' id='word_1_51' title='bbox 693 1195 847 1263; x_wconf 91' lang='grc' dir='ltr'>λόγον</span> <span class='ocrx_word' id='word_1_52' title='bbox 886 1196 1315 1267; x_wconf 78' lang='grc' dir='ltr'>συντετμημένον</span> <span class='ocrx_word' id='word_1_53' title='bbox 1351 1196 1563 1267; x_wconf 87' lang='grc' dir='ltr'>ποιήσει</span> <span class='ocrx_word' id='word_1_54' title='bbox 1588 1198 1616 1250; x_wconf 99' lang='lat'><strong>6</strong></span> <span class='ocrx_word' id='word_1_55' title='bbox 1638 1196 1769 1261; x_wconf 83' lang='grc' dir='ltr'>Θεὸς</span> <span class='ocrx_word' id='word_1_56' title='bbox 1798 1198 1855 1249; x_wconf 80' lang='grc' dir='ltr'>ὲν</span> <span class='ocrx_word' id='word_1_57' title='bbox 1882 1198 1949 1267; x_wconf 79' lang='grc' dir='ltr'>τῇ</span> 
     </span>
    </p>
   </div>
   <div class='ocr_carea' id='block_1_9' title="bbox 381 1284 1948 1358">
    <p class='ocr_par' dir='ltr' id='par_1_9' title="bbox 381 1284 1948 1358">
     <span class='ocr_line' id='line_1_9' title="bbox 381 1284 1948 1358; baseline 0.001 -21"><span class='ocrx_word' id='word_1_58' title='bbox 381 1285 670 1356; x_wconf 82' lang='grc' dir='ltr'><strong>οἰκουμένῃ</strong></span> <span class='ocrx_word' id='word_1_59' title='bbox 714 1284 827 1357; x_wconf 77' lang='grc' dir='ltr'><strong>ὅλῃ.</strong></span> <span class='ocrx_word' id='word_1_60' title='bbox 870 1303 889 1335; x_wconf 71' lang='grc' dir='ltr'><strong>ι</strong></span> <span class='ocrx_word' id='word_1_61' title='bbox 941 1284 1228 1339; x_wconf 81' lang='grc' dir='ltr'>Κάνταῦθα</span> <span class='ocrx_word' id='word_1_62' title='bbox 1276 1287 1539 1357; x_wconf 85' lang='grc' dir='ltr'>πρόσχες,</span> <span class='ocrx_word' id='word_1_63' title='bbox 1586 1287 1668 1339; x_wconf 82' lang='grc' dir='ltr'>ὅτι</span> <span class='ocrx_word' id='word_1_64' title='bbox 1716 1306 1735 1337; x_wconf 75' lang='grc' dir='ltr'>ί</span> <span class='ocrx_word' id='word_1_65' title='bbox 1783 1287 1840 1339; x_wconf 81' lang='grc' dir='ltr'>ἐν</span> <span class='ocrx_word' id='word_1_66' title='bbox 1880 1290 1948 1358; x_wconf 79' lang='grc' dir='ltr'><strong>τῇ</strong></span> 
     </span>
    </p>
   </div>
   <div class='ocr_carea' id='block_1_10' title="bbox 386 1377 1951 1449">
    <p class='ocr_par' dir='ltr' id='par_1_10' title="bbox 386 1377 1951 1449">
     <span class='ocr_line' id='line_1_10' title="bbox 386 1377 1951 1449; baseline -0.001 -17"><span class='ocrx_word' id='word_1_67' title='bbox 386 1377 721 1449; x_wconf 82' lang='grc' dir='ltr'>σκυθρωπῶν</span> <span class='ocrx_word' id='word_1_68' title='bbox 770 1377 987 1447; x_wconf 83' lang='grc' dir='ltr'>ἀπειλῇ,</span> <span class='ocrx_word' id='word_1_69' title='bbox 1035 1381 1218 1449; x_wconf 73' lang='grc' dir='ltr'>φησὶν,</span> <span class='ocrx_word' id='word_1_70' title='bbox 1269 1378 1420 1433; x_wconf 78' lang='grc' dir='ltr'>ἔσται</span> <span class='ocrx_word' id='word_1_71' title='bbox 1462 1382 1490 1433; x_wconf 92' lang='lat'><strong>6</strong></span> <span class='ocrx_word' id='word_1_72' title='bbox 1539 1379 1773 1448; x_wconf 79' lang='grc' dir='ltr'><strong>φεύγων,</strong></span> <span class='ocrx_word' id='word_1_73' title='bbox 1810 1380 1885 1443; x_wconf 82' lang='grc' dir='ltr'>ὡς</span> <span class='ocrx_word' id='word_1_74' title='bbox 1921 1379 1951 1431; x_wconf 89' lang='lat'><strong>6</strong></span> 
     </span>
    </p>
   </div>
   <div class='ocr_carea' id='block_1_11' title="bbox 380 1468 1952 1541">
    <p class='ocr_par' dir='ltr' id='par_1_11' title="bbox 380 1468 1952 1541">
     <span class='ocr_line' id='line_1_11' title="bbox 380 1468 1952 1541; baseline 0.002 -20"><span class='ocrx_word' id='word_1_75' title='bbox 380 1468 598 1538; x_wconf 79' lang='grc' dir='ltr'>φεύγων</span> <span class='ocrx_word' id='word_1_76' title='bbox 628 1468 737 1521; x_wconf 84' lang='grc' dir='ltr'>ἀπὸ</span> <span class='ocrx_word' id='word_1_77' title='bbox 761 1468 957 1537; x_wconf 70' lang='grc' dir='ltr'>φλογὸς</span> <span class='ocrx_word' id='word_1_78' title='bbox 985 1469 1301 1541; x_wconf 83' lang='grc' dir='ltr'><strong>καιομένης·</strong></span> <span class='ocrx_word' id='word_1_79' title='bbox 1327 1472 1420 1524; x_wconf 76' lang='grc' dir='ltr'>καὶ</span> <span class='ocrx_word' id='word_1_80' title='bbox 1436 1470 1486 1523; x_wconf 79' lang='grc' dir='ltr'>οἱ</span> <span class='ocrx_word' id='word_1_81' title='bbox 1506 1469 1952 1540; x_wconf 79' lang='grc' dir='ltr'>καταλειφθέντες</span> 
     </span>
    </p>
   </div>
   <div class='ocr_carea' id='block_1_12' title="bbox 379 1560 1951 1638">
    <p class='ocr_par' dir='ltr' id='par_1_12' title="bbox 379 1560 1951 1638">
     <span class='ocr_line' id='line_1_12' title="bbox 379 1560 1951 1638; baseline 0.001 -23"><span class='ocrx_word' id='word_1_82' title='bbox 379 1562 478 1615; x_wconf 82' lang='grc' dir='ltr'><strong>ἀπ’</strong></span> <span class='ocrx_word' id='word_1_83' title='bbox 502 1561 680 1614; x_wconf 72' lang='grc' dir='ltr'>αὐτῶν</span> <span class='ocrx_word' id='word_1_84' title='bbox 703 1560 932 1632; x_wconf 80' lang='grc' dir='ltr'>ἀριθμὸς</span> <span class='ocrx_word' id='word_1_85' title='bbox 965 1560 1136 1625; x_wconf 79' lang='grc' dir='ltr'>ἔσται,</span> <span class='ocrx_word' id='word_1_86' title='bbox 1171 1564 1264 1616; x_wconf 76' lang='grc' dir='ltr'>καὶ</span> <span class='ocrx_word' id='word_1_87' title='bbox 1293 1564 1501 1617; x_wconf 81' lang='grc' dir='ltr'>παιδίον</span> <span class='ocrx_word' id='word_1_88' title='bbox 1530 1564 1723 1637; x_wconf 86' lang='grc' dir='ltr'>μικρὸν</span> <span class='ocrx_word' id='word_1_89' title='bbox 1752 1565 1951 1638; x_wconf 81' lang='grc' dir='ltr'>γράψει</span> 
     </span>
    </p>
   </div>
   <div class='ocr_carea' id='block_1_13' title="bbox 334 1646 1952 1726">
    <p class='ocr_par' dir='ltr' id='par_1_13' title="bbox 334 1646 1952 1726">
     <span class='ocr_line' id='line_1_13' title="bbox 334 1646 1952 1726; baseline 0.003 -23"><span class='ocrx_word' id='word_1_90' title='bbox 334 1674 342 1685; x_wconf 89' lang='grc'><strong>·</strong></span> <span class='ocrx_word' id='word_1_91' title='bbox 381 1651 593 1714; x_wconf 84' lang='grc' dir='ltr'>αὐτούς·</span> <span class='ocrx_word' id='word_1_92' title='bbox 628 1672 646 1703; x_wconf 73' lang='grc' dir='ltr'><strong>ι</strong></span> <span class='ocrx_word' id='word_1_93' title='bbox 680 1652 745 1705; x_wconf 84' lang='grc' dir='ltr'>δι’</span> <span class='ocrx_word' id='word_1_94' title='bbox 772 1646 846 1705; x_wconf 85' lang='grc' dir='ltr'>ὧν</span> <span class='ocrx_word' id='word_1_95' title='bbox 876 1652 937 1706; x_wconf 89' lang='grc' dir='ltr'><strong>τὸ</strong></span> <span class='ocrx_word' id='word_1_96' title='bbox 963 1653 1187 1706; x_wconf 77' lang='grc' dir='ltr'>σπάνιον</span> <span class='ocrx_word' id='word_1_97' title='bbox 1214 1653 1321 1706; x_wconf 92' lang='grc' dir='ltr'><strong>τῶν</strong></span> <span class='ocrx_word' id='word_1_98' title='bbox 1351 1655 1692 1726; x_wconf 79' lang='grc' dir='ltr'>φευξομένων</span> <span class='ocrx_word' id='word_1_99' title='bbox 1720 1656 1810 1708; x_wconf 87' lang='grc' dir='ltr'><strong>τὸν</strong></span> <span class='ocrx_word' id='word_1_100' title='bbox 1836 1655 1952 1709; x_wconf 75' lang='grc' dir='ltr'>ὁλε-</span> 
     </span>
    </p>
   </div>
   <div class='ocr_carea' id='block_1_14' title="bbox 384 1744 1952 1821">
    <p class='ocr_par' dir='ltr' id='par_1_14' title="bbox 384 1744 1952 1821">
     <span class='ocr_line' id='line_1_14' title="bbox 384 1744 1952 1821; baseline 0.003 -24"><span class='ocrx_word' id='word_1_101' title='bbox 384 1744 509 1816; x_wconf 90' lang='grc' dir='ltr'>θρον</span> <span class='ocrx_word' id='word_1_102' title='bbox 552 1747 615 1798; x_wconf 63' lang='grc' dir='ltr'>ὲκ</span> <span class='ocrx_word' id='word_1_103' title='bbox 659 1746 957 1817; x_wconf 83' lang='grc' dir='ltr'>περιτομῆς</span> <span class='ocrx_word' id='word_1_104' title='bbox 995 1745 1159 1810; x_wconf 89' lang='grc' dir='ltr'>λαοῦ,</span> <span class='ocrx_word' id='word_1_105' title='bbox 1205 1747 1299 1799; x_wconf 76' lang='grc' dir='ltr'>καὶ</span> <span class='ocrx_word' id='word_1_106' title='bbox 1335 1747 1423 1800; x_wconf 88' lang='grc' dir='ltr'><strong>τὸν</strong></span> <span class='ocrx_word' id='word_1_107' title='bbox 1456 1748 1555 1817; x_wconf 82' lang='grc' dir='ltr'>τῆς</span> <span class='ocrx_word' id='word_1_108' title='bbox 1602 1748 1952 1821; x_wconf 79' lang='grc' dir='ltr'>Ἰερουσαλὴμ</span> 
     </span>
    </p>
   </div>
   <div class='ocr_carea' id='block_1_15' title="bbox 382 1838 1949 1913">
    <p class='ocr_par' dir='ltr' id='par_1_15' title="bbox 382 1838 1949 1913">
     <span class='ocr_line' id='line_1_15' title="bbox 382 1838 1949 1913; baseline 0.004 -23"><span class='ocrx_word' id='word_1_109' title='bbox 382 1839 708 1910; x_wconf 71' lang='grc' dir='ltr'>ἐμπρησμὸν</span> <span class='ocrx_word' id='word_1_110' title='bbox 743 1839 1089 1911; x_wconf 83' lang='grc' dir='ltr'>παρίστησιν.</span> <span class='ocrx_word' id='word_1_111' title='bbox 1141 1859 1159 1891; x_wconf 78' lang='grc' dir='ltr'><strong>ι</strong></span> <span class='ocrx_word' id='word_1_112' title='bbox 1193 1840 1252 1893; x_wconf 84' lang='grc' dir='ltr'>Οί</span> <span class='ocrx_word' id='word_1_113' title='bbox 1285 1840 1340 1893; x_wconf 85' lang='grc' dir='ltr'>δὲ</span> <span class='ocrx_word' id='word_1_114' title='bbox 1372 1842 1819 1913; x_wconf 68' lang='grc' dir='ltr'>καταλειφθέντες</span> <span class='ocrx_word' id='word_1_115' title='bbox 1859 1838 1949 1896; x_wconf 75' lang='grc' dir='ltr'>οὗ-</span> 
     </span>
    </p>
   </div>
   <div class='ocr_carea' id='block_1_16' title="bbox 1298 432 2707 492">
    <p class='ocr_par' dir='ltr' id='par_1_16' title="bbox 1298 432 2707 492">
     <span class='ocr_line' id='line_1_16' title="bbox 1298 432 2707 492; baseline 0.001 -2"><span class='ocrx_word' id='word_1_116' title='bbox 1298 435 1946 492; x_wconf 77' lang='lat' dir='ltr'><strong>DEMONSTRATIONIS</strong></span> <span class='ocrx_word' id='word_1_117' title='bbox 1983 432 2436 491; x_wconf 62' lang='lat' dir='ltr'><strong>EVANGELICIE</strong></span> <span class='ocrx_word' id='word_1_118' title='bbox 2476 434 2601 491; x_wconf 78' lang='lat' dir='ltr'><strong>LIB.</strong></span> <span class='ocrx_word' id='word_1_119' title='bbox 2643 434 2707 491; x_wconf 81' lang='grc' dir='ltr'><strong>ΙΙ.</strong></span> 
     </span>
    </p>
   </div>
   <div class='ocr_carea' id='block_1_17' title="bbox 387 553 1953 633">
    <p class='ocr_par' dir='ltr' id='par_1_17' title="bbox 387 553 1950 622">
     <span class='ocr_line' id='line_1_17' title="bbox 387 553 1950 622; baseline -0.003 -9"><span class='ocrx_word' id='word_1_120' title='bbox 387 558 577 622; x_wconf 71' lang='grc' dir='ltr'>θέντες</span> <span class='ocrx_word' id='word_1_121' title='bbox 601 555 693 610; x_wconf 80' lang='grc' dir='ltr'>τοῦ</span> <span class='ocrx_word' id='word_1_122' title='bbox 735 556 928 611; x_wconf 77' lang='grc' dir='ltr'>Ἰακὼσ</span> <span class='ocrx_word' id='word_1_123' title='bbox 960 556 1138 611; x_wconf 76' lang='grc' dir='ltr'>οὐκέτι</span> <span class='ocrx_word' id='word_1_124' title='bbox 1175 558 1491 621; x_wconf 82' lang='grc' dir='ltr'>πεποιθότες</span> <span class='ocrx_word' id='word_1_125' title='bbox 1531 553 1663 611; x_wconf 83' lang='grc' dir='ltr'>ὦσιν</span> <span class='ocrx_word' id='word_1_126' title='bbox 1708 558 1802 609; x_wconf 62' lang='lat' dir='ltr'><strong>sui</strong></span> <span class='ocrx_word' id='word_1_127' title='bbox 1826 557 1950 620; x_wconf 77' lang='grc' dir='ltr'>τοὺς</span> 
     </span>
    </p>
   </div>
   <div class='ocr_carea' id='block_1_18' title="bbox 2054 553 3719 633">
    <p class='ocr_par' dir='ltr' id='par_1_18' title="bbox 2054 558 3719 633">
     <span class='ocr_line' id='line_1_18' title="bbox 2054 558 3719 633; baseline 0.008 -24"><span class='ocrx_word' id='word_1_128' title='bbox 2054 559 2244 612; x_wconf 91' lang='lat' dir='ltr'><strong>dentes</strong></span> <span class='ocrx_word' id='word_1_129' title='bbox 2266 565 2430 611; x_wconf 90' lang='lat' dir='ltr'><strong>erunt</strong></span> <span class='ocrx_word' id='word_1_130' title='bbox 2458 558 2513 612; x_wconf 91' lang='lat' dir='ltr'><strong>in</strong></span> <span class='ocrx_word' id='word_1_131' title='bbox 2539 558 2639 624; x_wconf 89' lang='lat' dir='ltr'><strong>eis,</strong></span> <span class='ocrx_word' id='word_1_132' title='bbox 2663 560 2756 629; x_wconf 99' lang='lat' dir='ltr'><strong>qui</strong></span> <span class='ocrx_word' id='word_1_133' title='bbox 2779 558 2997 629; x_wconf 84' lang='lat' dir='ltr'><strong>injuriis</strong></span> <span class='ocrx_word' id='word_1_134' title='bbox 3030 560 3178 633; x_wconf 85' lang='lat' dir='ltr'><strong>ipsos</strong></span> <span class='ocrx_word' id='word_1_135' title='bbox 3198 564 3497 631; x_wconf 84' lang='lat' dir='ltr'><strong>affecerint,</strong></span> <span class='ocrx_word' id='word_1_136' title='bbox 3522 568 3619 622; x_wconf 81' lang='lat' dir='ltr'><strong>sed</strong></span> <span class='ocrx_word' id='word_1_137' title='bbox 3716 624 3719 631; x_wconf 67' lang='grc'><strong>,</strong></span> 
     </span>
    </p>
   </div>
   <div class='ocr_carea' id='block_1_19' title="bbox 3519 448 3617 506">
    <p class='ocr_par' dir='ltr' id='par_1_19' title="bbox 3519 448 3617 506">
     <span class='ocr_line' id='line_1_19' title="bbox 3519 448 3617 506; baseline 0.031 -3"><span class='ocrx_word' id='word_1_138' title='bbox 3519 448 3617 506; x_wconf 67' lang='grc' dir='ltr'><strong>ιιι</strong></span> 
     </span>
    </p>
   </div>
   <div class='ocr_carea' id='block_1_20' title="bbox 2056 648 3615 711">
    <p class='ocr_par' dir='ltr' id='par_1_20' title="bbox 2056 648 3615 711">
     <span class='ocr_line' id='line_1_20' title="bbox 2056 648 3615 711; baseline 0.008 -11"><span class='ocrx_word' id='word_1_139' title='bbox 2056 658 2218 701; x_wconf 88' lang='lat' dir='ltr'><strong>erunt</strong></span> <span class='ocrx_word' id='word_1_140' title='bbox 2244 648 2576 705; x_wconf 90' lang='lat' dir='ltr'><strong>conﬁdentes</strong></span> <span class='ocrx_word' id='word_1_141' title='bbox 2607 650 2663 704; x_wconf 88' lang='lat' dir='ltr'><strong>in</strong></span> <span class='ocrx_word' id='word_1_142' title='bbox 2698 648 2808 705; x_wconf 90' lang='lat' dir='ltr'><strong>Deo</strong></span> <span class='ocrx_word' id='word_1_143' title='bbox 2835 660 3026 707; x_wconf 88' lang='lat' dir='ltr'><strong>sancto</strong></span> <span class='ocrx_word' id='word_1_144' title='bbox 3053 652 3215 709; x_wconf 86' lang='lat' dir='ltr'><strong>Israel</strong></span> <span class='ocrx_word' id='word_1_145' title='bbox 3245 654 3301 708; x_wconf 90' lang='lat' dir='ltr'><strong>in</strong></span> <span class='ocrx_word' id='word_1_146' title='bbox 3352 656 3578 711; x_wconf 83' lang='lat' dir='ltr'><strong>veritate</strong></span> <span class='ocrx_word' id='word_1_147' title='bbox 3601 674 3615 690; x_wconf 73' lang='lat'><strong>-</strong></span> 
     </span>
    </p>
   </div>
   <div class='ocr_carea' id='block_1_21' title="bbox 2057 740 3617 813">
    <p class='ocr_par' dir='ltr' id='par_1_21' title="bbox 2057 740 3617 813">
     <span class='ocr_line' id='line_1_21' title="bbox 2057 740 3617 813; baseline 0.006 -21"><span class='ocrx_word' id='word_1_148' title='bbox 2057 747 2489 794; x_wconf 80' lang='lat' dir='ltr'><strong>etconvertetur</strong></span> <span class='ocrx_word' id='word_1_149' title='bbox 2517 740 2663 809; x_wconf 89' lang='lat' dir='ltr'><strong>quod</strong></span> <span class='ocrx_word' id='word_1_150' title='bbox 2701 742 2968 812; x_wconf 90' lang='lat' dir='ltr'><strong>reliquum</strong></span> <span class='ocrx_word' id='word_1_151' title='bbox 3019 743 3181 800; x_wconf 88' lang='lat' dir='ltr'><strong>fuerit</strong></span> <span class='ocrx_word' id='word_1_152' title='bbox 3224 760 3291 800; x_wconf 78' lang='lat' dir='ltr'><strong>es</strong></span> <span class='ocrx_word' id='word_1_153' title='bbox 3329 746 3516 813; x_wconf 89' lang='lat' dir='ltr'><strong>lsrael,</strong></span> <span class='ocrx_word' id='word_1_154' title='bbox 3550 747 3617 802; x_wconf 87' lang='lat' dir='ltr'><strong>ad</strong></span> 
     </span>
    </p>
   </div>
   <div class='ocr_carea' id='block_1_22' title="bbox 2057 826 3618 892">
    <p class='ocr_par' dir='ltr' id='par_1_22' title="bbox 2057 826 3618 892">
     <span class='ocr_line' id='line_1_22' title="bbox 2057 826 3618 892; baseline 0.006 -11"><span class='ocrx_word' id='word_1_155' title='bbox 2057 826 2225 882; x_wconf 89' lang='lat' dir='ltr'><strong>Deum</strong></span> <span class='ocrx_word' id='word_1_156' title='bbox 2257 827 2452 884; x_wconf 91' lang='lat' dir='ltr'><strong>fortem</strong></span> <span class='ocrx_word' id='word_1_157' title='bbox 2492 837 2585 884; x_wconf 90' lang='lat' dir='ltr'><strong>:et</strong></span> <span class='ocrx_word' id='word_1_158' title='bbox 2619 830 2666 884; x_wconf 88' lang='lat' dir='ltr'><strong>si</strong></span> <span class='ocrx_word' id='word_1_159' title='bbox 2703 829 2864 885; x_wconf 89' lang='lat' dir='ltr'><strong>fuerit</strong></span> <span class='ocrx_word' id='word_1_160' title='bbox 2894 849 3154 889; x_wconf 90' lang='lat' dir='ltr'><strong>numerus</strong></span> <span class='ocrx_word' id='word_1_161' title='bbox 3190 835 3424 891; x_wconf 88' lang='lat' dir='ltr'><strong>ﬁliorum</strong></span> <span class='ocrx_word' id='word_1_162' title='bbox 3451 835 3618 892; x_wconf 87' lang='lat' dir='ltr'><strong>Israel</strong></span> 
     </span>
    </p>
   </div>
   <div class='ocr_carea' id='block_1_23' title="bbox 2056 917 3619 991">
    <p class='ocr_par' dir='ltr' id='par_1_23' title="bbox 2056 917 3619 991">
     <span class='ocr_line' id='line_1_23' title="bbox 2056 917 3619 991; baseline 0.005 -19"><span class='ocrx_word' id='word_1_163' title='bbox 2056 917 2200 973; x_wconf 90' lang='lat' dir='ltr'><strong>sicut</strong></span> <span class='ocrx_word' id='word_1_164' title='bbox 2224 933 2389 973; x_wconf 88' lang='lat' dir='ltr'><strong>arena</strong></span> <span class='ocrx_word' id='word_1_165' title='bbox 2417 920 2608 985; x_wconf 90' lang='lat' dir='ltr'><strong>maris,</strong></span> <span class='ocrx_word' id='word_1_166' title='bbox 2632 919 2876 991; x_wconf 70' lang='lat' dir='ltr'><strong>reliquiae</strong></span> <span class='ocrx_word' id='word_1_167' title='bbox 2905 937 3090 977; x_wconf 91' lang='lat' dir='ltr'><strong>eorum</strong></span> <span class='ocrx_word' id='word_1_168' title='bbox 3124 925 3287 980; x_wconf 65' lang='lat' dir='ltr'><strong>salva</strong></span> <span class='ocrx_word' id='word_1_169' title='bbox 3321 926 3470 981; x_wconf 87' lang='lat' dir='ltr'><strong>ﬁent.</strong></span> <span class='ocrx_word' id='word_1_170' title='bbox 3492 925 3619 982; x_wconf 80' lang='lat' dir='ltr'><strong>Ver-</strong></span> 
     </span>
    </p>
   </div>
   <div class='ocr_carea' id='block_1_24' title="bbox 2057 1007 3617 1086">
    <p class='ocr_par' dir='ltr' id='par_1_24' title="bbox 2057 1007 3617 1086">
     <span class='ocr_line' id='line_1_24' title="bbox 2057 1007 3617 1086; baseline 0.006 -24"><span class='ocrx_word' id='word_1_171' title='bbox 2057 1007 2185 1062; x_wconf 88' lang='lat' dir='ltr'><strong>bum</strong></span> <span class='ocrx_word' id='word_1_172' title='bbox 2207 1008 2353 1063; x_wconf 87' lang='lat' dir='ltr'><strong>enim</strong></span> <span class='ocrx_word' id='word_1_173' title='bbox 2384 1008 2477 1079; x_wconf 86' lang='lat' dir='ltr'><strong>qui</strong></span> <span class='ocrx_word' id='word_1_174' title='bbox 2508 1008 2742 1080; x_wconf 88' lang='lat' dir='ltr'><strong>perﬁcit,</strong></span> <span class='ocrx_word' id='word_1_175' title='bbox 2772 1018 2826 1065; x_wconf 92' lang='lat' dir='ltr'><strong>et</strong></span> <span class='ocrx_word' id='word_1_176' title='bbox 2860 1012 2952 1082; x_wconf 87' lang='lat' dir='ltr'><strong>qui</strong></span> <span class='ocrx_word' id='word_1_177' title='bbox 2974 1015 3248 1069; x_wconf 85' lang='lat' dir='ltr'><strong>contrahit</strong></span> <span class='ocrx_word' id='word_1_178' title='bbox 3277 1016 3331 1070; x_wconf 90' lang='lat' dir='ltr'><strong>in</strong></span> <span class='ocrx_word' id='word_1_179' title='bbox 3363 1016 3617 1086; x_wconf 75' lang='lat' dir='ltr'><strong>iustitia;</strong></span> 
     </span>
    </p>
   </div>
   <div class='ocr_carea' id='block_1_25' title="bbox 2057 1098 3620 1168">
    <p class='ocr_par' dir='ltr' id='par_1_25' title="bbox 2057 1098 3620 1168">
     <span class='ocr_line' id='line_1_25' title="bbox 2057 1098 3620 1168; baseline 0.009 -15"><span class='ocrx_word' id='word_1_180' title='bbox 2057 1098 2315 1168; x_wconf 88' lang='lat' dir='ltr'><strong>quoniam</strong></span> <span class='ocrx_word' id='word_1_181' title='bbox 2347 1100 2576 1156; x_wconf 82' lang='lat' dir='ltr'><strong>verbum</strong></span> <span class='ocrx_word' id='word_1_182' title='bbox 2614 1104 2947 1160; x_wconf 87' lang='lat' dir='ltr'><strong>contractius</strong></span> <span class='ocrx_word' id='word_1_183' title='bbox 2994 1104 3157 1162; x_wconf 90' lang='lat' dir='ltr'><strong>faciet</strong></span> <span class='ocrx_word' id='word_1_184' title='bbox 3200 1107 3344 1164; x_wconf 84' lang='lat' dir='ltr'><strong>Deus</strong></span> <span class='ocrx_word' id='word_1_185' title='bbox 3388 1109 3446 1164; x_wconf 92' lang='lat' dir='ltr'><strong>in</strong></span> <span class='ocrx_word' id='word_1_186' title='bbox 3487 1109 3620 1167; x_wconf 86' lang='lat' dir='ltr'><strong>orbe</strong></span> 
     </span>
    </p>
   </div>
   <div class='ocr_carea' id='block_1_26' title="bbox 2058 1191 3621 1267">
    <p class='ocr_par' dir='ltr' id='par_1_26' title="bbox 2058 1191 3621 1267">
     <span class='ocr_line' id='line_1_26' title="bbox 2058 1191 3621 1267; baseline 0.01 -24"><span class='ocrx_word' id='word_1_187' title='bbox 2058 1197 2217 1246; x_wconf 73' lang='lat' dir='ltr'><strong>terra:</strong></span> <span class='ocrx_word' id='word_1_188' title='bbox 2249 1191 2507 1248; x_wconf 89' lang='lat' dir='ltr'><strong>universo</strong></span> <span class='ocrx_word' id='word_1_189' title='bbox 2526 1192 2594 1248; x_wconf 73' lang='lat'><strong>&quot;.</strong></span> <span class='ocrx_word' id='word_1_190' title='bbox 2636 1212 2656 1245; x_wconf 72' lang='grc' dir='ltr'><strong>ι</strong></span> <span class='ocrx_word' id='word_1_191' title='bbox 2688 1192 2788 1250; x_wconf 85' lang='lat' dir='ltr'><strong>Hic</strong></span> <span class='ocrx_word' id='word_1_192' title='bbox 2829 1212 3046 1267; x_wconf 91' lang='lat' dir='ltr'><strong>quoque</strong></span> <span class='ocrx_word' id='word_1_193' title='bbox 3084 1201 3320 1263; x_wconf 87' lang='lat' dir='ltr'><strong>attende,</strong></span> <span class='ocrx_word' id='word_1_194' title='bbox 3362 1201 3493 1256; x_wconf 86' lang='lat' dir='ltr'><strong>dum</strong></span> <span class='ocrx_word' id='word_1_195' title='bbox 3521 1202 3621 1257; x_wconf 91' lang='lat' dir='ltr'><strong>tri-</strong></span> 
     </span>
    </p>
   </div>
   <div class='ocr_carea' id='block_1_27' title="bbox 2057 1281 3619 1364">
    <p class='ocr_par' dir='ltr' id='par_1_27' title="bbox 2057 1281 3619 1364">
     <span class='ocr_line' id='line_1_27' title="bbox 2057 1281 3619 1364; baseline 0.007 -27"><span class='ocrx_word' id='word_1_196' title='bbox 2057 1281 2161 1337; x_wconf 87' lang='lat' dir='ltr'><strong>stia</strong></span> <span class='ocrx_word' id='word_1_197' title='bbox 2175 1284 2474 1349; x_wconf 87' lang='lat' dir='ltr'><strong>minitatur,</strong></span> <span class='ocrx_word' id='word_1_198' title='bbox 2496 1285 2949 1355; x_wconf 82' lang='lat' dir='ltr'><strong>quemadmodum</strong></span> <span class='ocrx_word' id='word_1_199' title='bbox 2970 1306 2991 1340; x_wconf 78' lang='grc' dir='ltr'><strong>ι</strong></span> <span class='ocrx_word' id='word_1_200' title='bbox 3012 1290 3136 1356; x_wconf 88' lang='lat' dir='ltr'><strong>erit,</strong></span> <span class='ocrx_word' id='word_1_201' title='bbox 3159 1311 3181 1342; x_wconf 73' lang='grc' dir='ltr'><strong>ι</strong></span> <span class='ocrx_word' id='word_1_202' title='bbox 3204 1291 3397 1362; x_wconf 89' lang='lat' dir='ltr'><strong>inquit,</strong></span> <span class='ocrx_word' id='word_1_203' title='bbox 3419 1293 3511 1364; x_wconf 89' lang='lat' dir='ltr'><strong>qui</strong></span> <span class='ocrx_word' id='word_1_204' title='bbox 3532 1294 3619 1347; x_wconf 84' lang='lat' dir='ltr'><strong>fu-</strong></span> 
     </span>
    </p>
   </div>
   <div class='ocr_carea' id='block_1_28' title="bbox 2055 1375 3621 1456">
    <p class='ocr_par' dir='ltr' id='par_1_28' title="bbox 2055 1375 3621 1456">
     <span class='ocr_line' id='line_1_28' title="bbox 2055 1375 3621 1456; baseline 0.009 -29"><span class='ocrx_word' id='word_1_205' title='bbox 2055 1375 2166 1443; x_wconf 84' lang='lat' dir='ltr'><strong>giet</strong></span> <span class='ocrx_word' id='word_1_206' title='bbox 2196 1384 2452 1447; x_wconf 89' lang='lat' dir='ltr'><strong>tanquam</strong></span> <span class='ocrx_word' id='word_1_207' title='bbox 2485 1376 2698 1449; x_wconf 75' lang='lat' dir='ltr'><strong>fugiens</strong></span> <span class='ocrx_word' id='word_1_208' title='bbox 2723 1393 2754 1432; x_wconf 86' lang='lat' dir='ltr'><strong>a</strong></span> <span class='ocrx_word' id='word_1_209' title='bbox 2784 1378 2999 1435; x_wconf 85' lang='lat' dir='ltr'><strong>ﬂamma</strong></span> <span class='ocrx_word' id='word_1_210' title='bbox 3030 1380 3254 1437; x_wconf 82' lang='lat' dir='ltr'><strong>ardente</strong></span> <span class='ocrx_word' id='word_1_211' title='bbox 3285 1401 3299 1436; x_wconf 90' lang='lat'><strong>:</strong></span> <span class='ocrx_word' id='word_1_212' title='bbox 3330 1392 3384 1438; x_wconf 85' lang='lat' dir='ltr'><strong>et</strong></span> <span class='ocrx_word' id='word_1_213' title='bbox 3415 1384 3508 1456; x_wconf 89' lang='lat' dir='ltr'><strong>qui</strong></span> <span class='ocrx_word' id='word_1_214' title='bbox 3533 1401 3621 1442; x_wconf 86' lang='lat' dir='ltr'><strong>re-</strong></span> 
     </span>
    </p>
   </div>
   <div class='ocr_carea' id='block_1_29' title="bbox 2055 1467 3621 1547">
    <p class='ocr_par' dir='ltr' id='par_1_29' title="bbox 2055 1467 3621 1547">
     <span class='ocr_line' id='line_1_29' title="bbox 2055 1467 3621 1547; baseline 0.007 -27"><span class='ocrx_word' id='word_1_215' title='bbox 2055 1467 2190 1537; x_wconf 87' lang='lat' dir='ltr'><strong>liqui</strong></span> <span class='ocrx_word' id='word_1_216' title='bbox 2217 1467 2419 1523; x_wconf 87' lang='lat' dir='ltr'><strong>fuerint</strong></span> <span class='ocrx_word' id='word_1_217' title='bbox 2453 1484 2520 1524; x_wconf 76' lang='lat' dir='ltr'><strong>ex</strong></span> <span class='ocrx_word' id='word_1_218' title='bbox 2550 1470 2680 1537; x_wconf 89' lang='lat' dir='ltr'><strong>illis,</strong></span> <span class='ocrx_word' id='word_1_219' title='bbox 2713 1486 2976 1527; x_wconf 88' lang='lat' dir='ltr'><strong>numerus</strong></span> <span class='ocrx_word' id='word_1_220' title='bbox 3012 1481 3211 1527; x_wconf 89' lang='lat' dir='ltr'><strong>erunt:</strong></span> <span class='ocrx_word' id='word_1_221' title='bbox 3242 1481 3295 1528; x_wconf 89' lang='lat' dir='ltr'><strong>et</strong></span> <span class='ocrx_word' id='word_1_222' title='bbox 3339 1490 3472 1545; x_wconf 91' lang='lat' dir='ltr'><strong>puer</strong></span> <span class='ocrx_word' id='word_1_223' title='bbox 3494 1490 3621 1547; x_wconf 87' lang='lat' dir='ltr'><strong>par-</strong></span> 
     </span>
    </p>
   </div>
   <div class='ocr_carea' id='block_1_30' title="bbox 2057 1560 3617 1634">
    <p class='ocr_par' dir='ltr' id='par_1_30' title="bbox 2057 1560 3617 1634">
     <span class='ocr_line' id='line_1_30' title="bbox 2057 1560 3617 1634; baseline 0.005 -21"><span class='ocrx_word' id='word_1_224' title='bbox 2057 1560 2216 1614; x_wconf 89' lang='lat' dir='ltr'><strong>vulus</strong></span> <span class='ocrx_word' id='word_1_225' title='bbox 2246 1560 2448 1615; x_wconf 87' lang='lat' dir='ltr'><strong>scribet</strong></span> <span class='ocrx_word' id='word_1_226' title='bbox 2467 1575 2585 1625; x_wconf 90' lang='lat' dir='ltr'><strong>eos,</strong></span> <span class='ocrx_word' id='word_1_227' title='bbox 2623 1579 2643 1613; x_wconf 72' lang='grc' dir='ltr'><strong>ι</strong></span> <span class='ocrx_word' id='word_1_228' title='bbox 2669 1562 2883 1632; x_wconf 83' lang='lat' dir='ltr'><strong>quibus</strong></span> <span class='ocrx_word' id='word_1_229' title='bbox 2901 1577 3033 1618; x_wconf 86' lang='lat' dir='ltr'><strong>sane</strong></span> <span class='ocrx_word' id='word_1_230' title='bbox 3067 1562 3268 1626; x_wconf 90' lang='lat' dir='ltr'><strong>verbis,</strong></span> <span class='ocrx_word' id='word_1_231' title='bbox 3292 1567 3617 1634; x_wconf 83' lang='lat' dir='ltr'><strong>paucitatem</strong></span> 
     </span>
    </p>
   </div>
   <div class='ocr_carea' id='block_1_31' title="bbox 2056 1652 3621 1723">
    <p class='ocr_par' dir='ltr' id='par_1_31' title="bbox 2056 1652 3621 1723">
     <span class='ocr_line' id='line_1_31' title="bbox 2056 1652 3621 1723; baseline 0.005 -17"><span class='ocrx_word' id='word_1_232' title='bbox 2056 1665 2269 1716; x_wconf 89' lang='lat' dir='ltr'><strong>eorum,</strong></span> <span class='ocrx_word' id='word_1_233' title='bbox 2300 1652 2391 1721; x_wconf 91' lang='lat' dir='ltr'><strong>qui</strong></span> <span class='ocrx_word' id='word_1_234' title='bbox 2409 1668 2474 1707; x_wconf 84' lang='lat' dir='ltr'><strong>ex</strong></span> <span class='ocrx_word' id='word_1_235' title='bbox 2507 1653 2707 1723; x_wconf 89' lang='lat' dir='ltr'><strong>populo</strong></span> <span class='ocrx_word' id='word_1_236' title='bbox 2723 1653 3172 1712; x_wconf 87' lang='lat' dir='ltr'><strong>Circumcisionis</strong></span> <span class='ocrx_word' id='word_1_237' title='bbox 3198 1657 3475 1713; x_wconf 90' lang='lat' dir='ltr'><strong>interitum</strong></span> <span class='ocrx_word' id='word_1_238' title='bbox 3507 1659 3621 1715; x_wconf 86' lang='lat' dir='ltr'><strong>sint</strong></span> 
     </span>
    </p>
   </div>
   <div class='ocr_carea' id='block_1_32' title="bbox 2055 1743 3623 1816">
    <p class='ocr_par' dir='ltr' id='par_1_32' title="bbox 2055 1743 3623 1816">
     <span class='ocr_line' id='line_1_32' title="bbox 2055 1743 3623 1816; baseline 0.004 -16"><span class='ocrx_word' id='word_1_239' title='bbox 2055 1743 2299 1807; x_wconf 79' lang='lat' dir='ltr'><strong>evasuri,</strong></span> <span class='ocrx_word' id='word_1_240' title='bbox 2326 1758 2434 1797; x_wconf 92' lang='lat' dir='ltr'><strong>una</strong></span> <span class='ocrx_word' id='word_1_241' title='bbox 2468 1757 2592 1798; x_wconf 90' lang='lat' dir='ltr'><strong>eum</strong></span> <span class='ocrx_word' id='word_1_242' title='bbox 2623 1745 2777 1802; x_wconf 87' lang='lat' dir='ltr'><strong>urbis</strong></span> <span class='ocrx_word' id='word_1_243' title='bbox 2819 1744 3159 1803; x_wconf 82' lang='lat' dir='ltr'><strong>Hierusalem</strong></span> <span class='ocrx_word' id='word_1_244' title='bbox 3206 1749 3480 1816; x_wconf 89' lang='lat' dir='ltr'><strong>incendio,</strong></span> <span class='ocrx_word' id='word_1_245' title='bbox 3519 1765 3623 1808; x_wconf 59' lang='lat' dir='ltr'><strong>no.</strong></span> 
     </span>
    </p>
   </div>
   <div class='ocr_carea' id='block_1_33' title="bbox 2022 1834 3618 1911">
    <p class='ocr_par' dir='ltr' id='par_1_33' title="bbox 2022 1834 3618 1911">
     <span class='ocr_line' id='line_1_33' title="bbox 2022 1834 3618 1911; baseline 0.004 -21"><span class='ocrx_word' id='word_1_246' title='bbox 2022 1840 2025 1845; x_wconf 82' lang='lat'>&#39;</span> <span class='ocrx_word' id='word_1_247' title='bbox 2057 1835 2142 1890; x_wconf 90' lang='lat' dir='ltr'><strong>bis</strong></span> <span class='ocrx_word' id='word_1_248' title='bbox 2162 1835 2419 1891; x_wconf 86' lang='lat' dir='ltr'><strong>ostendit.</strong></span> <span class='ocrx_word' id='word_1_249' title='bbox 2452 1854 2472 1887; x_wconf 75' lang='grc' dir='ltr'><strong>ι</strong></span> <span class='ocrx_word' id='word_1_250' title='bbox 2518 1834 2584 1889; x_wconf 81' lang='lat' dir='ltr'><strong>Hi</strong></span> <span class='ocrx_word' id='word_1_251' title='bbox 2610 1851 2759 1900; x_wconf 86' lang='lat' dir='ltr'><strong>vero,</strong></span> <span class='ocrx_word' id='word_1_252' title='bbox 2808 1837 3006 1908; x_wconf 90' lang='lat' dir='ltr'><strong>inquit,</strong></span> <span class='ocrx_word' id='word_1_253' title='bbox 3052 1840 3144 1910; x_wconf 89' lang='lat' dir='ltr'><strong>qui</strong></span> <span class='ocrx_word' id='word_1_254' title='bbox 3173 1840 3365 1911; x_wconf 89' lang='lat' dir='ltr'><strong>reliqui</strong></span> <span class='ocrx_word' id='word_1_255' title='bbox 3396 1840 3618 1907; x_wconf 87' lang='lat' dir='ltr'><strong>fuerint,</strong></span> 
     </span>
    </p>
   </div>
   <div class='ocr_carea' id='block_1_34' title="bbox 370 1923 1953 2007">
    <p class='ocr_par' dir='ltr' id='par_1_34' title="bbox 370 1930 1949 2007">
     <span class='ocr_line' id='line_1_34' title="bbox 370 1930 1949 2007; baseline 0.003 -25"><span class='ocrx_word' id='word_1_256' title='bbox 370 1947 482 1993; x_wconf 91' lang='grc' dir='ltr'>-τοι,</span> <span class='ocrx_word' id='word_1_257' title='bbox 526 1931 707 2000; x_wconf 77' lang='grc' dir='ltr'>φησὶν,</span> <span class='ocrx_word' id='word_1_258' title='bbox 749 1930 978 2000; x_wconf 76' lang='grc' dir='ltr'>ἀριθμὸς</span> <span class='ocrx_word' id='word_1_259' title='bbox 1012 1931 1243 1999; x_wconf 75' lang='grc' dir='ltr'>ἔσονται,</span> <span class='ocrx_word' id='word_1_260' title='bbox 1281 1951 1298 1983; x_wconf 77' lang='grc' dir='ltr'><strong>ι</strong></span> <span class='ocrx_word' id='word_1_261' title='bbox 1327 1932 1470 1986; x_wconf 77' lang='grc' dir='ltr'>τοῦτ’</span> <span class='ocrx_word' id='word_1_262' title='bbox 1528 1934 1674 1988; x_wconf 76' lang='grc' dir='ltr'>ἔστιν</span> <span class='ocrx_word' id='word_1_263' title='bbox 1731 1934 1949 2007; x_wconf 80' lang='grc' dir='ltr'>ἀριθμῷ</span> 
     </span>
    </p>
   </div>
   <div class='ocr_carea' id='block_1_35' title="bbox 2054 1923 3622 2007">
    <p class='ocr_par' dir='ltr' id='par_1_35' title="bbox 2054 1928 3622 2004">
     <span class='ocr_line' id='line_1_35' title="bbox 2054 1928 3622 2004; baseline 0.006 -23"><span class='ocrx_word' id='word_1_264' title='bbox 2054 1943 2316 1984; x_wconf 92' lang='lat' dir='ltr'><strong>numerus</strong></span> <span class='ocrx_word' id='word_1_265' title='bbox 2345 1939 2525 1993; x_wconf 90' lang='lat' dir='ltr'><strong>erunt,</strong></span> <span class='ocrx_word' id='word_1_266' title='bbox 2558 1947 2577 1981; x_wconf 82' lang='grc'>›</span> <span class='ocrx_word' id='word_1_267' title='bbox 2603 1928 2708 1984; x_wconf 91' lang='lat' dir='ltr'><strong>hoc</strong></span> <span class='ocrx_word' id='word_1_268' title='bbox 2737 1934 2842 1994; x_wconf 80' lang='lat' dir='ltr'><strong>est,</strong></span> <span class='ocrx_word' id='word_1_269' title='bbox 2876 1946 2984 1985; x_wconf 91' lang='lat' dir='ltr'><strong>non</strong></span> <span class='ocrx_word' id='word_1_270' title='bbox 3014 1932 3196 2001; x_wconf 87' lang='lat' dir='ltr'><strong>plures</strong></span> <span class='ocrx_word' id='word_1_271' title='bbox 3226 1948 3389 2004; x_wconf 88' lang='lat' dir='ltr'><strong>quam</strong></span> <span class='ocrx_word' id='word_1_272' title='bbox 3426 1942 3486 1989; x_wconf 93' lang='lat' dir='ltr'><strong>ut</strong></span> <span class='ocrx_word' id='word_1_273' title='bbox 3518 1951 3622 1990; x_wconf 87' lang='lat' dir='ltr'><strong>nu-</strong></span> 
     </span>
    </p>
   </div>
   <div class='ocr_carea' id='block_1_36' title="bbox 381 2020 1950 2098">
    <p class='ocr_par' dir='ltr' id='par_1_36' title="bbox 381 2020 1950 2098">
     <span class='ocr_line' id='line_1_36' title="bbox 381 2020 1950 2098; baseline 0.003 -24"><span class='ocrx_word' id='word_1_274' title='bbox 381 2020 573 2092; x_wconf 77' lang='grc' dir='ltr'>ληπτοὶ</span> <span class='ocrx_word' id='word_1_275' title='bbox 619 2023 957 2093; x_wconf 85' lang='grc' dir='ltr'>γενήσονται,</span> <span class='ocrx_word' id='word_1_276' title='bbox 1002 2022 1144 2077; x_wconf 77' lang='grc' dir='ltr'>οὕτω</span> <span class='ocrx_word' id='word_1_277' title='bbox 1193 2024 1411 2096; x_wconf 77' lang='grc' dir='ltr'>βραχεῖς</span> <span class='ocrx_word' id='word_1_278' title='bbox 1452 2025 1546 2079; x_wconf 79' lang='grc' dir='ltr'><strong>καὶ</strong></span> <span class='ocrx_word' id='word_1_279' title='bbox 1594 2026 1950 2098; x_wconf 79' lang='grc' dir='ltr'>εὐαρίθμητοι</span> 
     </span>
    </p>
   </div>
   <div class='ocr_carea' id='block_1_37' title="bbox 381 2111 1950 2189">
    <p class='ocr_par' dir='ltr' id='par_1_37' title="bbox 381 2111 1950 2189">
     <span class='ocr_line' id='line_1_37' title="bbox 381 2111 1950 2189; baseline 0.003 -23"><span class='ocrx_word' id='word_1_280' title='bbox 381 2112 552 2178; x_wconf 70' lang='grc' dir='ltr'>ὄντες.</span> <span class='ocrx_word' id='word_1_281' title='bbox 599 2113 853 2168; x_wconf 81' lang='grc' dir='ltr'>Τοσοῦτοι</span> <span class='ocrx_word' id='word_1_282' title='bbox 878 2115 922 2168; x_wconf 75' lang='grc' dir='ltr'>δ’</span> <span class='ocrx_word' id='word_1_283' title='bbox 948 2111 1061 2181; x_wconf 81' lang='grc' dir='ltr'>οὖν,</span> <span class='ocrx_word' id='word_1_284' title='bbox 1106 2116 1182 2180; x_wconf 85' lang='grc' dir='ltr'>ὡς</span> <span class='ocrx_word' id='word_1_285' title='bbox 1220 2118 1277 2171; x_wconf 74' lang='grc' dir='ltr'>ἐν</span> <span class='ocrx_word' id='word_1_286' title='bbox 1321 2117 1600 2189; x_wconf 80' lang='grc' dir='ltr'>συγκρίσει</span> <span class='ocrx_word' id='word_1_287' title='bbox 1628 2118 1720 2170; x_wconf 77' lang='grc' dir='ltr'>τοῦ</span> <span class='ocrx_word' id='word_1_288' title='bbox 1753 2118 1950 2181; x_wconf 87' lang='grc' dir='ltr'>παντὸς</span> 
     </span>
    </p>
   </div>
   <div class='ocr_carea' id='block_1_38' title="bbox 383 2204 1952 2278">
    <p class='ocr_par' dir='ltr' id='par_1_38' title="bbox 383 2204 1952 2278">
     <span class='ocr_line' id='line_1_38' title="bbox 383 2204 1952 2278; baseline 0.002 -20"><span class='ocrx_word' id='word_1_289' title='bbox 383 2204 617 2277; x_wconf 79' lang='grc' dir='ltr'>πλήθους</span> <span class='ocrx_word' id='word_1_290' title='bbox 648 2205 740 2259; x_wconf 79' lang='grc' dir='ltr'>τοῦ</span> <span class='ocrx_word' id='word_1_291' title='bbox 784 2207 1049 2261; x_wconf 85' lang='grc' dir='ltr'>Ἰουδαίων</span> <span class='ocrx_word' id='word_1_292' title='bbox 1070 2208 1274 2271; x_wconf 80' lang='grc' dir='ltr'>ἔθνους,</span> <span class='ocrx_word' id='word_1_293' title='bbox 1301 2210 1348 2261; x_wconf 89' lang='grc' dir='ltr'>οἱ</span> <span class='ocrx_word' id='word_1_294' title='bbox 1384 2211 1462 2271; x_wconf 80' lang='grc' dir='ltr'>εἰς</span> <span class='ocrx_word' id='word_1_295' title='bbox 1494 2209 1582 2260; x_wconf 89' lang='grc' dir='ltr'><strong>τὸν</strong></span> <span class='ocrx_word' id='word_1_296' title='bbox 1607 2208 1833 2278; x_wconf 78' lang='grc' dir='ltr'>Σωτῆρα</span> <span class='ocrx_word' id='word_1_297' title='bbox 1857 2209 1952 2262; x_wconf 74' lang='grc' dir='ltr'>καὶ</span> 
     </span>
    </p>
   </div>
   <div class='ocr_carea' id='block_1_39' title="bbox 383 2296 1952 2368">
    <p class='ocr_par' dir='ltr' id='par_1_39' title="bbox 383 2296 1952 2368">
     <span class='ocr_line' id='line_1_39' title="bbox 383 2296 1952 2368; baseline 0.001 -19"><span class='ocrx_word' id='word_1_298' title='bbox 383 2296 583 2368; x_wconf 81' lang='grc' dir='ltr'>Κύριον</span> <span class='ocrx_word' id='word_1_299' title='bbox 616 2297 773 2368; x_wconf 83' lang='grc' dir='ltr'>ήμῶν</span> <span class='ocrx_word' id='word_1_300' title='bbox 806 2298 1227 2361; x_wconf 78' lang='grc' dir='ltr'>πεπιστευκότες</span> <span class='ocrx_word' id='word_1_301' title='bbox 1274 2299 1580 2366; x_wconf 83' lang='grc' dir='ltr'>γεγόνασιν,</span> <span class='ocrx_word' id='word_1_302' title='bbox 1631 2299 1679 2352; x_wconf 84' lang='grc' dir='ltr'>οἳ</span> <span class='ocrx_word' id='word_1_303' title='bbox 1717 2298 1810 2352; x_wconf 76' lang='grc' dir='ltr'>καὶ</span> <span class='ocrx_word' id='word_1_304' title='bbox 1854 2315 1952 2351; x_wconf 89' lang='grc' dir='ltr'>κα-</span> 
     </span>
    </p>
   </div>
   <div class='ocr_carea' id='block_1_40' title="bbox 383 2386 1953 2460">
    <p class='ocr_par' dir='ltr' id='par_1_40' title="bbox 383 2386 1953 2460">
     <span class='ocr_line' id='line_1_40' title="bbox 383 2386 1953 2460; baseline 0.003 -22"><span class='ocrx_word' id='word_1_305' title='bbox 383 2386 725 2457; x_wconf 80' lang='grc' dir='ltr'>τηξιώθησαν</span> <span class='ocrx_word' id='word_1_306' title='bbox 770 2389 869 2458; x_wconf 81' lang='grc' dir='ltr'>τῆς</span> <span class='ocrx_word' id='word_1_307' title='bbox 912 2390 1005 2441; x_wconf 82' lang='grc' dir='ltr'><strong>ὑπ’</strong></span> <span class='ocrx_word' id='word_1_308' title='bbox 1040 2389 1204 2441; x_wconf 80' lang='grc' dir='ltr'>αὑτοῦ</span> <span class='ocrx_word' id='word_1_309' title='bbox 1244 2389 1484 2459; x_wconf 81' lang='grc' dir='ltr'>Γραφῆς,</span> <span class='ocrx_word' id='word_1_310' title='bbox 1539 2389 1614 2452; x_wconf 86' lang='grc' dir='ltr'>ὡς</span> <span class='ocrx_word' id='word_1_311' title='bbox 1659 2388 1807 2460; x_wconf 86' lang='grc' dir='ltr'>δηλοῖ</span> <span class='ocrx_word' id='word_1_312' title='bbox 1850 2388 1953 2458; x_wconf 81' lang='grc' dir='ltr'><strong>φά-</strong></span> 
     </span>
    </p>
   </div>
   <div class='ocr_carea' id='block_1_41' title="bbox 386 2478 1951 2555">
    <p class='ocr_par' dir='ltr' id='par_1_41' title="bbox 386 2478 1951 2555">
     <span class='ocr_line' id='line_1_41' title="bbox 386 2478 1951 2555; baseline 0.005 -27"><span class='ocrx_word' id='word_1_313' title='bbox 386 2492 528 2530; x_wconf 90' lang='grc' dir='ltr'>σκων</span> <span class='ocrx_word' id='word_1_314' title='bbox 555 2478 584 2529; x_wconf 87' lang='grc' dir='ltr'>ὀ</span> <span class='ocrx_word' id='word_1_315' title='bbox 620 2478 797 2547; x_wconf 86' lang='grc' dir='ltr'>λόγος,</span> <span class='ocrx_word' id='word_1_316' title='bbox 839 2498 857 2531; x_wconf 80' lang='grc' dir='ltr'><strong>ι</strong></span> <span class='ocrx_word' id='word_1_317' title='bbox 894 2480 1005 2533; x_wconf 72' lang='grc' dir='ltr'><strong>Καὶ</strong></span> <span class='ocrx_word' id='word_1_318' title='bbox 1032 2480 1241 2534; x_wconf 84' lang='grc' dir='ltr'>παιδίον</span> <span class='ocrx_word' id='word_1_319' title='bbox 1265 2480 1464 2552; x_wconf 77' lang='grc' dir='ltr'>γράψει</span> <span class='ocrx_word' id='word_1_320' title='bbox 1497 2482 1713 2546; x_wconf 81' lang='grc' dir='ltr'>αὐτούς·</span> <span class='ocrx_word' id='word_1_321' title='bbox 1759 2502 1778 2535; x_wconf 85' lang='grc'><strong>›</strong></span> <span class='ocrx_word' id='word_1_322' title='bbox 1818 2501 1951 2555; x_wconf 86' lang='grc' dir='ltr'>προ-</span> 
     </span>
    </p>
   </div>
   <div class='ocr_carea' id='block_1_42' title="bbox 381 2566 1945 2642">
    <p class='ocr_par' dir='ltr' id='par_1_42' title="bbox 381 2566 1945 2642">
     <span class='ocr_line' id='line_1_42' title="bbox 381 2566 1945 2642; baseline 0.004 -20"><span class='ocrx_word' id='word_1_323' title='bbox 381 2568 598 2634; x_wconf 76' lang='grc' dir='ltr'>διδάξας</span> <span class='ocrx_word' id='word_1_324' title='bbox 649 2569 677 2622; x_wconf 86' lang='grc' dir='ltr'><strong>ὄ</strong></span> <span class='ocrx_word' id='word_1_325' title='bbox 723 2570 774 2623; x_wconf 92' lang='grc' dir='ltr'><strong>τί</strong></span> <span class='ocrx_word' id='word_1_326' title='bbox 821 2588 953 2623; x_wconf 87' lang='grc' dir='ltr'>ποτε</span> <span class='ocrx_word' id='word_1_327' title='bbox 996 2566 1066 2642; x_wconf 80' lang='grc' dir='ltr'>ἦν</span> <span class='ocrx_word' id='word_1_328' title='bbox 1113 2572 1175 2624; x_wconf 89' lang='grc' dir='ltr'><strong>τὸ</strong></span> <span class='ocrx_word' id='word_1_329' title='bbox 1211 2571 1449 2639; x_wconf 86' lang='grc' dir='ltr'>παιδίον,</span> <span class='ocrx_word' id='word_1_330' title='bbox 1500 2574 1559 2625; x_wconf 81' lang='grc' dir='ltr'>ἐν</span> <span class='ocrx_word' id='word_1_331' title='bbox 1606 2568 1687 2636; x_wconf 76' lang='grc' dir='ltr'>οἷς</span> <span class='ocrx_word' id='word_1_332' title='bbox 1735 2574 1945 2642; x_wconf 73' lang='grc' dir='ltr'>ἔλεγενο</span> 
     </span>
    </p>
   </div>
   <div class='ocr_carea' id='block_1_43' title="bbox 386 2661 1946 2733">
    <p class='ocr_par' dir='ltr' id='par_1_43' title="bbox 386 2661 1946 2733">
     <span class='ocr_line' id='line_1_43' title="bbox 386 2661 1946 2733; baseline 0.004 -21"><span class='ocrx_word' id='word_1_333' title='bbox 386 2678 408 2713; x_wconf 70' lang='grc' dir='ltr'><strong>ι</strong></span> <span class='ocrx_word' id='word_1_334' title='bbox 462 2661 589 2713; x_wconf 76' lang='grc' dir='ltr'>Ἰδοὺ</span> <span class='ocrx_word' id='word_1_335' title='bbox 618 2662 649 2731; x_wconf 84' lang='grc' dir='ltr'><strong>ή</strong></span> <span class='ocrx_word' id='word_1_336' title='bbox 677 2661 947 2733; x_wconf 81' lang='grc' dir='ltr'>Παρθένος</span> <span class='ocrx_word' id='word_1_337' title='bbox 970 2663 1027 2714; x_wconf 79' lang='grc' dir='ltr'>ἐν</span> <span class='ocrx_word' id='word_1_338' title='bbox 1052 2665 1247 2733; x_wconf 81' lang='grc' dir='ltr'>γαστρὶ</span> <span class='ocrx_word' id='word_1_339' title='bbox 1282 2663 1411 2729; x_wconf 73' lang='grc' dir='ltr'>ἔξει,</span> <span class='ocrx_word' id='word_1_340' title='bbox 1451 2666 1545 2717; x_wconf 78' lang='grc' dir='ltr'><strong>καὶ</strong></span> <span class='ocrx_word' id='word_1_341' title='bbox 1583 2665 1791 2731; x_wconf 79' lang='grc' dir='ltr'>τέξεται</span> <span class='ocrx_word' id='word_1_342' title='bbox 1815 2667 1946 2721; x_wconf 76' lang='grc' dir='ltr'>υἱόνο</span> 
     </span>
    </p>
   </div>
   <div class='ocr_carea' id='block_1_44' title="bbox 381 2749 1951 2828">
    <p class='ocr_par' dir='ltr' id='par_1_44' title="bbox 381 2749 1951 2828">
     <span class='ocr_line' id='line_1_44' title="bbox 381 2749 1951 2828; baseline 0.006 -28"><span class='ocrx_word' id='word_1_343' title='bbox 381 2750 476 2801; x_wconf 77' lang='grc' dir='ltr'>καὶ</span> <span class='ocrx_word' id='word_1_344' title='bbox 519 2750 646 2819; x_wconf 74' lang='grc' dir='ltr'>πρὶν</span> <span class='ocrx_word' id='word_1_345' title='bbox 687 2749 720 2819; x_wconf 86' lang='grc' dir='ltr'>ἧ</span> <span class='ocrx_word' id='word_1_346' title='bbox 762 2751 962 2817; x_wconf 88' lang='grc' dir='ltr'>γνῶναι</span> <span class='ocrx_word' id='word_1_347' title='bbox 1005 2752 1065 2804; x_wconf 89' lang='grc' dir='ltr'><strong>τὸ</strong></span> <span class='ocrx_word' id='word_1_348' title='bbox 1095 2752 1304 2806; x_wconf 85' lang='grc' dir='ltr'>παιδίον</span> <span class='ocrx_word' id='word_1_349' title='bbox 1330 2754 1512 2808; x_wconf 84' lang='grc' dir='ltr'>καλεῖν</span> <span class='ocrx_word' id='word_1_350' title='bbox 1540 2755 1746 2826; x_wconf 81' lang='grc' dir='ltr'>πατέρα</span> <span class='ocrx_word' id='word_1_351' title='bbox 1784 2756 1815 2827; x_wconf 85' lang='grc' dir='ltr'><strong>ῆ</strong></span> <span class='ocrx_word' id='word_1_352' title='bbox 1848 2775 1951 2828; x_wconf 86' lang='grc' dir='ltr'>μη-</span> 
     </span>
    </p>
   </div>
   <div class='ocr_carea' id='block_1_45' title="bbox 380 2839 1946 2919">
    <p class='ocr_par' dir='ltr' id='par_1_45' title="bbox 380 2839 1946 2919">
     <span class='ocr_line' id='line_1_45' title="bbox 380 2839 1946 2919; baseline 0.006 -28"><span class='ocrx_word' id='word_1_353' title='bbox 380 2839 528 2911; x_wconf 86' lang='grc' dir='ltr'>τέρα·</span> <span class='ocrx_word' id='word_1_354' title='bbox 568 2860 587 2891; x_wconf 72' lang='grc' dir='ltr'><strong>ι</strong></span> <span class='ocrx_word' id='word_1_355' title='bbox 624 2842 716 2893; x_wconf 70' lang='grc' dir='ltr'>καὶ</span> <span class='ocrx_word' id='word_1_356' title='bbox 748 2842 1044 2913; x_wconf 80' lang='grc' dir='ltr'>ἐπειδήπερ</span> <span class='ocrx_word' id='word_1_357' title='bbox 1086 2843 1337 2907; x_wconf 79' lang='grc' dir='ltr'>ἐνταῦθα,</span> <span class='ocrx_word' id='word_1_358' title='bbox 1386 2864 1405 2896; x_wconf 77' lang='grc' dir='ltr'><strong>ι</strong></span> <span class='ocrx_word' id='word_1_359' title='bbox 1446 2846 1682 2909; x_wconf 89' lang='grc' dir='ltr'>Παιδίον,</span> <span class='ocrx_word' id='word_1_360' title='bbox 1735 2866 1753 2898; x_wconf 74' lang='grc' dir='ltr'><strong>ι</strong></span> <span class='ocrx_word' id='word_1_361' title='bbox 1795 2849 1946 2919; x_wconf 75' lang='grc' dir='ltr'>φησὶ,</span> 
     </span>
    </p>
   </div>
   <div class='ocr_carea' id='block_1_46' title="bbox 386 2927 1943 3007">
    <p class='ocr_par' dir='ltr' id='par_1_46' title="bbox 386 2927 1943 3007">
     <span class='ocr_line' id='line_1_46' title="bbox 386 2927 1943 3007; baseline 0.008 -28"><span class='ocrx_word' id='word_1_362' title='bbox 386 2945 405 2979; x_wconf 72' lang='grc' dir='ltr'><strong>ι</strong></span> <span class='ocrx_word' id='word_1_363' title='bbox 440 2927 639 3007; x_wconf 74' lang='grc' dir='ltr'>γράψει</span> <span class='ocrx_word' id='word_1_364' title='bbox 662 2929 875 2995; x_wconf 79' lang='grc' dir='ltr'>αὐτοὺς,</span> <span class='ocrx_word' id='word_1_365' title='bbox 917 2951 935 2982; x_wconf 76' lang='grc' dir='ltr'><strong>ι</strong></span> <span class='ocrx_word' id='word_1_366' title='bbox 964 2931 1189 2996; x_wconf 81' lang='grc' dir='ltr'>εἰκότως</span> <span class='ocrx_word' id='word_1_367' title='bbox 1216 2934 1272 2985; x_wconf 79' lang='grc' dir='ltr'>ὲν</span> <span class='ocrx_word' id='word_1_368' title='bbox 1306 2936 1417 2997; x_wconf 85' lang='grc' dir='ltr'>τοῖς</span> <span class='ocrx_word' id='word_1_369' title='bbox 1442 2935 1675 3007; x_wconf 84' lang='grc' dir='ltr'>πρόσθεν</span> <span class='ocrx_word' id='word_1_370' title='bbox 1709 2936 1943 3006; x_wconf 76' lang='grc' dir='ltr'>ἐλέγετο·</span> 
     </span>
    </p>
   </div>
   <div class='ocr_carea' id='block_1_47' title="bbox 387 3000 1950 3097">
    <p class='ocr_par' dir='ltr' id='par_1_47' title="bbox 387 3000 1950 3097">
     <span class='ocr_line' id='line_1_47' title="bbox 387 3000 1950 3097; baseline 0.01 -30"><span class='ocrx_word' id='word_1_371' title='bbox 387 3035 406 3067; x_wconf 77' lang='grc' dir='ltr'><strong>ι</strong></span> <span class='ocrx_word' id='word_1_372' title='bbox 439 3017 547 3070; x_wconf 78' lang='grc' dir='ltr'><strong>Καὶ</strong></span> <span class='ocrx_word' id='word_1_373' title='bbox 570 3000 719 3071; x_wconf 75' lang='grc' dir='ltr'>ἔσται</span> <span class='ocrx_word' id='word_1_374' title='bbox 752 3020 812 3072; x_wconf 89' lang='grc' dir='ltr'><strong>τὸ</strong></span> <span class='ocrx_word' id='word_1_375' title='bbox 847 3021 1166 3097; x_wconf 75' lang='grc' dir='ltr'>ὑπολειφθὲν</span> <span class='ocrx_word' id='word_1_376' title='bbox 1204 3025 1259 3075; x_wconf 81' lang='grc' dir='ltr'>ἐν</span> <span class='ocrx_word' id='word_1_377' title='bbox 1296 3022 1453 3089; x_wconf 86' lang='grc' dir='ltr'>Σιὼν,</span> <span class='ocrx_word' id='word_1_378' title='bbox 1485 3000 1589 3079; x_wconf 34' lang='grc' dir='ltr'>*καὶ</span> <span class='ocrx_word' id='word_1_379' title='bbox 1610 3026 1672 3079; x_wconf 84' lang='grc' dir='ltr'><strong>τὸ</strong></span> <span class='ocrx_word' id='word_1_380' title='bbox 1700 3000 1950 3083; x_wconf 79' lang='grc' dir='ltr'>καταλει-</span> 
     </span>
    </p>
   </div>
   <div class='ocr_carea' id='block_1_48' title="bbox 382 3108 1948 3189">
    <p class='ocr_par' dir='ltr' id='par_1_48' title="bbox 382 3108 1948 3189">
     <span class='ocr_line' id='line_1_48' title="bbox 382 3108 1948 3189; baseline 0.009 -28"><span class='ocrx_word' id='word_1_381' title='bbox 382 3108 512 3181; x_wconf 67' lang='grc' dir='ltr'>φθὲν</span> <span class='ocrx_word' id='word_1_382' title='bbox 554 3111 610 3163; x_wconf 75' lang='grc' dir='ltr'>ἐν</span> <span class='ocrx_word' id='word_1_383' title='bbox 669 3111 1039 3184; x_wconf 83' lang='grc' dir='ltr'>Ἰερουσαλὴμ,</span> <span class='ocrx_word' id='word_1_384' title='bbox 1083 3114 1225 3183; x_wconf 82' lang='grc' dir='ltr'>ἆγιοι</span> <span class='ocrx_word' id='word_1_385' title='bbox 1268 3115 1625 3189; x_wconf 85' lang='grc' dir='ltr'>κληθήσονται</span> <span class='ocrx_word' id='word_1_386' title='bbox 1658 3121 1855 3184; x_wconf 88' lang='grc' dir='ltr'>πάντες</span> <span class='ocrx_word' id='word_1_387' title='bbox 1898 3123 1948 3174; x_wconf 88' lang='grc' dir='ltr'><strong>οί</strong></span> 
     </span>
    </p>
   </div>
   <div class='ocr_carea' id='block_1_49' title="bbox 382 3201 1950 3279">
    <p class='ocr_par' dir='ltr' id='par_1_49' title="bbox 382 3201 1950 3279">
     <span class='ocr_line' id='line_1_49' title="bbox 382 3201 1950 3279; baseline 0.008 -26"><span class='ocrx_word' id='word_1_388' title='bbox 382 3201 680 3272; x_wconf 69' lang='grc' dir='ltr'>γραφέντες</span> <span class='ocrx_word' id='word_1_389' title='bbox 704 3205 783 3267; x_wconf 76' lang='grc' dir='ltr'>εἰς</span> <span class='ocrx_word' id='word_1_390' title='bbox 813 3202 973 3276; x_wconf 74' lang='grc' dir='ltr'>ζωήν.</span> <span class='ocrx_word' id='word_1_391' title='bbox 1026 3224 1046 3257; x_wconf 71' lang='grc' dir='ltr'><strong>ι</strong></span> <span class='ocrx_word' id='word_1_392' title='bbox 1093 3207 1302 3279; x_wconf 83' lang='grc' dir='ltr'>’Ὠσπερ</span> <span class='ocrx_word' id='word_1_393' title='bbox 1347 3208 1476 3277; x_wconf 77' lang='grc' dir='ltr'>γοῦν</span> <span class='ocrx_word' id='word_1_394' title='bbox 1520 3212 1577 3262; x_wconf 84' lang='grc' dir='ltr'>ὲν</span> <span class='ocrx_word' id='word_1_395' title='bbox 1618 3211 1843 3277; x_wconf 75' lang='grc' dir='ltr'>ἐκείνοις</span> <span class='ocrx_word' id='word_1_396' title='bbox 1888 3214 1950 3266; x_wconf 90' lang='grc' dir='ltr'><strong>τὸ</strong></span> 
     </span>
    </p>
   </div>
   <div class='ocr_carea' id='block_1_50' title="bbox 383 3273 2021 3377">
    <p class='ocr_par' dir='ltr' id='par_1_50' title="bbox 383 3273 2021 3377">
     <span class='ocr_line' id='line_1_50' title="bbox 383 3273 2021 3377; baseline 0.009 -31"><span class='ocrx_word' id='word_1_397' title='bbox 383 3293 735 3364; x_wconf 69' lang='grc' dir='ltr'>καταλειφθὲν</span> <span class='ocrx_word' id='word_1_398' title='bbox 770 3273 1070 3367; x_wconf 70' lang='grc' dir='ltr'>ιῦνόμαστο,</span> <span class='ocrx_word' id='word_1_399' title='bbox 1123 3301 1171 3351; x_wconf 89' lang='grc' dir='ltr'><strong>οί</strong></span> <span class='ocrx_word' id='word_1_400' title='bbox 1208 3299 1250 3351; x_wconf 86' lang='grc' dir='ltr'>δ’</span> <span class='ocrx_word' id='word_1_401' title='bbox 1273 3273 1440 3356; x_wconf 64' lang='grc' dir='ltr'>αὐτοὶ</span> <span class='ocrx_word' id='word_1_402' title='bbox 1473 3304 1772 3375; x_wconf 81' lang='grc' dir='ltr'>γραφέντες</span> <span class='ocrx_word' id='word_1_403' title='bbox 1813 3273 1951 3377; x_wconf 71' lang='grc' dir='ltr'>ήσαν</span> <span class='ocrx_word' id='word_1_404' title='bbox 1979 3273 2021 3331; x_wconf 75' lang='lat' dir='ltr'><strong><em>C</em></strong></span> 
     </span>
    </p>
   </div>
   <div class='ocr_carea' id='block_1_51' title="bbox 383 3388 1950 3468">
    <p class='ocr_par' dir='ltr' id='par_1_51' title="bbox 383 3388 1950 3468">
     <span class='ocr_line' id='line_1_51' title="bbox 383 3388 1950 3468; baseline 0.009 -28"><span class='ocrx_word' id='word_1_405' title='bbox 383 3388 463 3453; x_wconf 83' lang='grc' dir='ltr'><strong>είς</strong></span> <span class='ocrx_word' id='word_1_406' title='bbox 494 3388 657 3461; x_wconf 74' lang='grc' dir='ltr'>ζωήν·</span> <span class='ocrx_word' id='word_1_407' title='bbox 686 3390 855 3455; x_wconf 72' lang='grc' dir='ltr'>οὕτως</span> <span class='ocrx_word' id='word_1_408' title='bbox 889 3393 981 3446; x_wconf 78' lang='grc' dir='ltr'>καὶ</span> <span class='ocrx_word' id='word_1_409' title='bbox 1009 3395 1263 3454; x_wconf 72' lang='grc' dir='ltr'>ἐνταῦθα,</span> <span class='ocrx_word' id='word_1_410' title='bbox 1294 3398 1343 3449; x_wconf 89' lang='grc' dir='ltr'>οἱ</span> <span class='ocrx_word' id='word_1_411' title='bbox 1385 3398 1833 3468; x_wconf 80' lang='grc' dir='ltr'>καταλειφθέντες</span> <span class='ocrx_word' id='word_1_412' title='bbox 1858 3402 1950 3454; x_wconf 78' lang='grc' dir='ltr'><strong>ἀπ’</strong></span> 
     </span>
    </p>
   </div>
   <div class='ocr_carea' id='block_1_52' title="bbox 383 3482 1949 3564">
    <p class='ocr_par' dir='ltr' id='par_1_52' title="bbox 383 3482 1949 3564">
     <span class='ocr_line' id='line_1_52' title="bbox 383 3482 1949 3564; baseline 0.008 -30"><span class='ocrx_word' id='word_1_413' title='bbox 383 3482 559 3536; x_wconf 82' lang='grc' dir='ltr'>αὐτῶν</span> <span class='ocrx_word' id='word_1_414' title='bbox 596 3503 614 3535; x_wconf 80' lang='grc' dir='ltr'><strong>ι</strong></span> <span class='ocrx_word' id='word_1_415' title='bbox 654 3484 882 3557; x_wconf 83' lang='grc' dir='ltr'>ἀριθμὸς</span> <span class='ocrx_word' id='word_1_416' title='bbox 904 3486 1133 3551; x_wconf 80' lang='grc' dir='ltr'>ἔσονται,</span> <span class='ocrx_word' id='word_1_417' title='bbox 1168 3489 1261 3542; x_wconf 74' lang='grc' dir='ltr'>καὶ</span> <span class='ocrx_word' id='word_1_418' title='bbox 1286 3490 1490 3544; x_wconf 86' lang='grc' dir='ltr'>παιδίον</span> <span class='ocrx_word' id='word_1_419' title='bbox 1513 3491 1711 3564; x_wconf 77' lang='grc' dir='ltr'>γράψει</span> <span class='ocrx_word' id='word_1_420' title='bbox 1735 3493 1949 3557; x_wconf 84' lang='grc' dir='ltr'>αὐτούς.</span> 
     </span>
    </p>
   </div>
   <div class='ocr_carea' id='block_1_53' title="bbox 383 3573 1953 3652">
    <p class='ocr_par' dir='ltr' id='par_1_53' title="bbox 383 3573 1953 3652">
     <span class='ocr_line' id='line_1_53' title="bbox 383 3573 1953 3652; baseline 0.006 -25"><span class='ocrx_word' id='word_1_421' title='bbox 383 3573 553 3628; x_wconf 76' lang='grc' dir='ltr'>Τοῦτο</span> <span class='ocrx_word' id='word_1_422' title='bbox 584 3574 642 3628; x_wconf 85' lang='grc' dir='ltr'>δὲ</span> <span class='ocrx_word' id='word_1_423' title='bbox 682 3576 1039 3647; x_wconf 78' lang='grc' dir='ltr'>καταλειφθὲν</span> <span class='ocrx_word' id='word_1_424' title='bbox 1064 3579 1130 3631; x_wconf 79' lang='grc' dir='ltr'>ὲκ</span> <span class='ocrx_word' id='word_1_425' title='bbox 1162 3576 1255 3631; x_wconf 79' lang='grc' dir='ltr'><strong>τοῦ</strong></span> <span class='ocrx_word' id='word_1_426' title='bbox 1295 3579 1532 3652; x_wconf 77' lang='grc' dir='ltr'>Ἰσραὴλ,</span> <span class='ocrx_word' id='word_1_427' title='bbox 1569 3582 1661 3635; x_wconf 73' lang='grc' dir='ltr'>καὶ</span> <span class='ocrx_word' id='word_1_428' title='bbox 1685 3583 1732 3635; x_wconf 84' lang='grc' dir='ltr'>οἱ</span> <span class='ocrx_word' id='word_1_429' title='bbox 1758 3582 1953 3635; x_wconf 77' lang='grc' dir='ltr'>διασω-</span> 
     </span>
    </p>
   </div>
   <div class='ocr_carea' id='block_1_54' title="bbox 384 3666 1951 3744">
    <p class='ocr_par' dir='ltr' id='par_1_54' title="bbox 384 3666 1951 3744">
     <span class='ocr_line' id='line_1_54' title="bbox 384 3666 1951 3744; baseline 0.006 -25"><span class='ocrx_word' id='word_1_430' title='bbox 384 3666 566 3731; x_wconf 84' lang='grc' dir='ltr'>θέντες</span> <span class='ocrx_word' id='word_1_431' title='bbox 603 3669 711 3721; x_wconf 82' lang='grc' dir='ltr'>ἀπὸ</span> <span class='ocrx_word' id='word_1_432' title='bbox 745 3669 838 3723; x_wconf 82' lang='grc' dir='ltr'><strong>τοῦ</strong></span> <span class='ocrx_word' id='word_1_433' title='bbox 885 3670 1077 3724; x_wconf 79' lang='grc' dir='ltr'>Ἰακὼϐ</span> <span class='ocrx_word' id='word_1_434' title='bbox 1123 3691 1141 3722; x_wconf 80' lang='grc' dir='ltr'><strong>ι</strong></span> <span class='ocrx_word' id='word_1_435' title='bbox 1178 3673 1379 3737; x_wconf 78' lang='grc' dir='ltr'>οὐκέτι,</span> <span class='ocrx_word' id='word_1_436' title='bbox 1415 3692 1433 3725; x_wconf 75' lang='grc' dir='ltr'><strong>ι</strong></span> <span class='ocrx_word' id='word_1_437' title='bbox 1476 3675 1659 3744; x_wconf 79' lang='grc' dir='ltr'>φησὶν,</span> <span class='ocrx_word' id='word_1_438' title='bbox 1692 3694 1711 3726; x_wconf 73' lang='grc' dir='ltr'><strong>ι</strong></span> <span class='ocrx_word' id='word_1_439' title='bbox 1741 3674 1951 3729; x_wconf 71' lang='grc' dir='ltr'>ἔσονται</span> 
     </span>
    </p>
   </div>
   <div class='ocr_carea' id='block_1_55' title="bbox 383 3759 1953 3832">
    <p class='ocr_par' dir='ltr' id='par_1_55' title="bbox 383 3759 1953 3832">
     <span class='ocr_line' id='line_1_55' title="bbox 383 3759 1953 3832; baseline 0.006 -22"><span class='ocrx_word' id='word_1_440' title='bbox 383 3760 474 3811; x_wconf 79' lang='grc' dir='ltr'><strong>ἰπὶ</strong></span> <span class='ocrx_word' id='word_1_441' title='bbox 504 3759 628 3823; x_wconf 84' lang='grc' dir='ltr'>τοὺς</span> <span class='ocrx_word' id='word_1_442' title='bbox 650 3760 1013 3832; x_wconf 80' lang='grc' dir='ltr'>ἀδικήσαντας</span> <span class='ocrx_word' id='word_1_443' title='bbox 1041 3763 1256 3827; x_wconf 77' lang='grc' dir='ltr'>αὐτοὺς,</span> <span class='ocrx_word' id='word_1_444' title='bbox 1301 3764 1412 3817; x_wconf 82' lang='grc' dir='ltr'>ἀλλ’</span> <span class='ocrx_word' id='word_1_445' title='bbox 1450 3764 1659 3819; x_wconf 77' lang='grc' dir='ltr'>ἔσονται</span> <span class='ocrx_word' id='word_1_446' title='bbox 1700 3767 1953 3820; x_wconf 89' lang='grc' dir='ltr'>πεποιθό-</span> 
     </span>
    </p>
   </div>
   <div class='ocr_carea' id='block_1_56' title="bbox 382 3852 1951 3927">
    <p class='ocr_par' dir='ltr' id='par_1_56' title="bbox 382 3852 1951 3927">
     <span class='ocr_line' id='line_1_56' title="bbox 382 3852 1951 3927; baseline 0.004 -24"><span class='ocrx_word' id='word_1_447' title='bbox 382 3868 471 3913; x_wconf 89' lang='grc' dir='ltr'><strong>τες</strong></span> <span class='ocrx_word' id='word_1_448' title='bbox 496 3852 586 3904; x_wconf 71' lang='grc' dir='ltr'><strong>ἐπὶ</strong></span> <span class='ocrx_word' id='word_1_449' title='bbox 608 3852 696 3904; x_wconf 87' lang='grc' dir='ltr'><strong>τὸν</strong></span> <span class='ocrx_word' id='word_1_450' title='bbox 722 3852 852 3906; x_wconf 82' lang='grc' dir='ltr'>Θεὸν</span> <span class='ocrx_word' id='word_1_451' title='bbox 872 3853 964 3907; x_wconf 88' lang='grc' dir='ltr'><strong>τὸν</strong></span> <span class='ocrx_word' id='word_1_452' title='bbox 988 3854 1139 3921; x_wconf 76' lang='grc' dir='ltr'>ἅγιον</span> <span class='ocrx_word' id='word_1_453' title='bbox 1167 3854 1263 3908; x_wconf 84' lang='grc' dir='ltr'>τοῦ</span> <span class='ocrx_word' id='word_1_454' title='bbox 1310 3855 1543 3926; x_wconf 82' lang='grc' dir='ltr'>Ἰσραήλ.</span> <span class='ocrx_word' id='word_1_455' title='bbox 1580 3875 1598 3905; x_wconf 68' lang='grc' dir='ltr'><strong>ι</strong></span> <span class='ocrx_word' id='word_1_456' title='bbox 1627 3857 1735 3909; x_wconf 74' lang='grc' dir='ltr'><strong>Καὶ</strong></span> <span class='ocrx_word' id='word_1_457' title='bbox 1767 3857 1866 3927; x_wconf 84' lang='grc' dir='ltr'><strong>δρα</strong></span> <span class='ocrx_word' id='word_1_458' title='bbox 1889 3873 1951 3924; x_wconf 83' lang='grc' dir='ltr'>γε</span> 
     </span>
    </p>
   </div>
   <div class='ocr_carea' id='block_1_57' title="bbox 382 3942 1951 4016">
    <p class='ocr_par' dir='ltr' id='par_1_57' title="bbox 382 3942 1951 4016">
     <span class='ocr_line' id='line_1_57' title="bbox 382 3942 1951 4016; baseline 0.004 -20"><span class='ocrx_word' id='word_1_459' title='bbox 382 3945 431 3996; x_wconf 82' lang='grc' dir='ltr'>εί</span> <span class='ocrx_word' id='word_1_460' title='bbox 462 3942 536 4013; x_wconf 83' lang='grc' dir='ltr'>μὴ</span> <span class='ocrx_word' id='word_1_461' title='bbox 559 3942 729 4015; x_wconf 75' lang='grc' dir='ltr'>ταύτῃ</span> <span class='ocrx_word' id='word_1_462' title='bbox 767 3960 830 4011; x_wconf 90' lang='grc' dir='ltr'><strong>γε</strong></span> <span class='ocrx_word' id='word_1_463' title='bbox 863 3947 928 4013; x_wconf 73' lang='grc' dir='ltr'>τῇ</span> <span class='ocrx_word' id='word_1_464' title='bbox 979 3944 1298 4016; x_wconf 78' lang='grc' dir='ltr'>πεποιθήσει</span> <span class='ocrx_word' id='word_1_465' title='bbox 1352 3946 1401 3997; x_wconf 85' lang='grc' dir='ltr'>οἱ</span> <span class='ocrx_word' id='word_1_466' title='bbox 1444 3948 1507 3999; x_wconf 78' lang='grc' dir='ltr'>ἐκ</span> <span class='ocrx_word' id='word_1_467' title='bbox 1548 3946 1639 3999; x_wconf 84' lang='grc' dir='ltr'>τοῦ</span> <span class='ocrx_word' id='word_1_468' title='bbox 1688 3947 1951 4003; x_wconf 85' lang='grc' dir='ltr'>Ἰουδαίων</span> 
     </span>
    </p>
   </div>
   <div class='ocr_carea' id='block_1_58' title="bbox 384 4034 1950 4107">
    <p class='ocr_par' dir='ltr' id='par_1_58' title="bbox 384 4034 1950 4107">
     <span class='ocr_line' id='line_1_58' title="bbox 384 4034 1950 4107; baseline 0.003 -19"><span class='ocrx_word' id='word_1_469' title='bbox 384 4034 568 4098; x_wconf 78' lang='grc' dir='ltr'>ἔθνους</span> <span class='ocrx_word' id='word_1_470' title='bbox 617 4034 986 4106; x_wconf 84' lang='grc' dir='ltr'>προελθόντες,</span> <span class='ocrx_word' id='word_1_471' title='bbox 1034 4036 1087 4088; x_wconf 78' lang='grc' dir='ltr'>οἵ</span> <span class='ocrx_word' id='word_1_472' title='bbox 1127 4053 1186 4088; x_wconf 85' lang='grc' dir='ltr'><strong>τε</strong></span> <span class='ocrx_word' id='word_1_473' title='bbox 1228 4037 1292 4088; x_wconf 80' lang='grc' dir='ltr'>ὲκ</span> <span class='ocrx_word' id='word_1_474' title='bbox 1330 4037 1425 4107; x_wconf 84' lang='grc' dir='ltr'>τῆς</span> <span class='ocrx_word' id='word_1_475' title='bbox 1468 4036 1836 4104; x_wconf 85' lang='grc' dir='ltr'>ἀποπτὼσεως</span> <span class='ocrx_word' id='word_1_476' title='bbox 1856 4039 1950 4093; x_wconf 79' lang='grc' dir='ltr'><strong>τοῦ</strong></span> 
     </span>
    </p>
   </div>
   <div class='ocr_carea' id='block_1_59' title="bbox 396 4126 1950 4199">
    <p class='ocr_par' dir='ltr' id='par_1_59' title="bbox 396 4126 1950 4199">
     <span class='ocr_line' id='line_1_59' title="bbox 396 4126 1950 4199; baseline 0.003 -20"><span class='ocrx_word' id='word_1_477' title='bbox 396 4126 608 4199; x_wconf 78' lang='grc' dir='ltr'>Ἰσραήλ</span> <span class='ocrx_word' id='word_1_478' title='bbox 640 4126 1073 4197; x_wconf 70' lang='grc' dir='ltr'>περιλειφθέντες</span> <span class='ocrx_word' id='word_1_479' title='bbox 1119 4127 1358 4199; x_wconf 78' lang='grc' dir='ltr'>μαθηταὶ</span> <span class='ocrx_word' id='word_1_480' title='bbox 1402 4129 1495 4181; x_wconf 74' lang='grc' dir='ltr'>καὶ</span> <span class='ocrx_word' id='word_1_481' title='bbox 1531 4128 1814 4183; x_wconf 84' lang='grc' dir='ltr'>ἀπόστολοι</span> <span class='ocrx_word' id='word_1_482' title='bbox 1858 4130 1950 4184; x_wconf 72' lang='grc' dir='ltr'><strong>τοῦ</strong></span> 
     </span>
    </p>
   </div>
   <div class='ocr_carea' id='block_1_60' title="bbox 385 4217 1952 4295">
    <p class='ocr_par' dir='ltr' id='par_1_60' title="bbox 385 4217 1952 4295">
     <span class='ocr_line' id='line_1_60' title="bbox 385 4217 1952 4295; baseline 0.004 -25"><span class='ocrx_word' id='word_1_483' title='bbox 385 4217 633 4289; x_wconf 80' lang='grc' dir='ltr'>Σωτῆρος</span> <span class='ocrx_word' id='word_1_484' title='bbox 651 4218 827 4289; x_wconf 85' lang='grc' dir='ltr'>ήμῶν,</span> <span class='ocrx_word' id='word_1_485' title='bbox 855 4219 1054 4291; x_wconf 87' lang='grc' dir='ltr'>μηδένα</span> <span class='ocrx_word' id='word_1_486' title='bbox 1080 4219 1236 4288; x_wconf 90' lang='grc' dir='ltr'>λόγον</span> <span class='ocrx_word' id='word_1_487' title='bbox 1264 4220 1619 4293; x_wconf 81' lang='grc' dir='ltr'>ποιησάμενοι</span> <span class='ocrx_word' id='word_1_488' title='bbox 1634 4221 1741 4276; x_wconf 88' lang='grc' dir='ltr'><strong>τῶν</strong></span> <span class='ocrx_word' id='word_1_489' title='bbox 1758 4222 1952 4295; x_wconf 75' lang='grc' dir='ltr'><strong>ἀρχόν⁴⁸</strong></span> 
     </span>
    </p>
   </div>
   <div class='ocr_carea' id='block_1_61' title="bbox 384 4310 1954 4385">
    <p class='ocr_par' dir='ltr' id='par_1_61' title="bbox 384 4310 1954 4385">
     <span class='ocr_line' id='line_1_61' title="bbox 384 4310 1954 4385; baseline 0.003 -23"><span class='ocrx_word' id='word_1_490' title='bbox 384 4326 491 4362; x_wconf 90' lang='grc' dir='ltr'><strong>των</strong></span> <span class='ocrx_word' id='word_1_491' title='bbox 528 4310 620 4364; x_wconf 83' lang='grc' dir='ltr'>τοῦ</span> <span class='ocrx_word' id='word_1_492' title='bbox 659 4310 851 4375; x_wconf 80' lang='grc' dir='ltr'>αἰῶνος</span> <span class='ocrx_word' id='word_1_493' title='bbox 873 4310 1083 4377; x_wconf 89' lang='grc' dir='ltr'>τούτου,</span> <span class='ocrx_word' id='word_1_494' title='bbox 1113 4311 1276 4381; x_wconf 84' lang='grc' dir='ltr'>ἢτῶν</span> <span class='ocrx_word' id='word_1_495' title='bbox 1308 4313 1582 4385; x_wconf 82' lang='grc' dir='ltr'>ἀρχόντων</span> <span class='ocrx_word' id='word_1_496' title='bbox 1621 4312 1715 4367; x_wconf 79' lang='grc' dir='ltr'><strong>τοῦ</strong></span> <span class='ocrx_word' id='word_1_497' title='bbox 1764 4315 1826 4368; x_wconf 81' lang='grc' dir='ltr'>ὲκ</span> <span class='ocrx_word' id='word_1_498' title='bbox 1867 4332 1954 4367; x_wconf 85' lang='grc' dir='ltr'>πε-</span> 
     </span>
    </p>
   </div>
   <div class='ocr_carea' id='block_1_62' title="bbox 389 4402 1950 4475">
    <p class='ocr_par' dir='ltr' id='par_1_62' title="bbox 389 4402 1950 4475">
     <span class='ocr_line' id='line_1_62' title="bbox 389 4402 1950 4475; baseline 0.001 -19"><span class='ocrx_word' id='word_1_499' title='bbox 389 4403 610 4475; x_wconf 85' lang='grc' dir='ltr'>ριτομῆς</span> <span class='ocrx_word' id='word_1_500' title='bbox 643 4402 771 4456; x_wconf 81' lang='grc' dir='ltr'>λαοῦ</span> <span class='ocrx_word' id='word_1_501' title='bbox 793 4402 901 4456; x_wconf 89' lang='grc' dir='ltr'><strong>τῶν</strong></span> <span class='ocrx_word' id='word_1_502' title='bbox 932 4403 1096 4457; x_wconf 75' lang='grc' dir='ltr'>παλαι</span> <span class='ocrx_word' id='word_1_503' title='bbox 1122 4402 1446 4458; x_wconf 81' lang='grc' dir='ltr'>ἀδικούντων</span> <span class='ocrx_word' id='word_1_504' title='bbox 1480 4404 1694 4468; x_wconf 78' lang='grc' dir='ltr'>αὐτοὺς,</span> <span class='ocrx_word' id='word_1_505' title='bbox 1731 4402 1950 4475; x_wconf 76' lang='grc' dir='ltr'>ἐξῆλθον</span> 
     </span>
    </p>
   </div>
   <div class='ocr_carea' id='block_1_63' title="bbox 385 4491 1948 4565">
    <p class='ocr_par' dir='ltr' id='par_1_63' title="bbox 385 4491 1948 4565">
     <span class='ocr_line' id='line_1_63' title="bbox 385 4491 1948 4565; baseline 0 -20"><span class='ocrx_word' id='word_1_506' title='bbox 385 4495 464 4557; x_wconf 81' lang='grc' dir='ltr'><strong>είς</strong></span> <span class='ocrx_word' id='word_1_507' title='bbox 498 4493 671 4547; x_wconf 87' lang='grc' dir='ltr'>πάντα</span> <span class='ocrx_word' id='word_1_508' title='bbox 713 4492 779 4545; x_wconf 75' lang='grc' dir='ltr'><strong>τὰ</strong></span> <span class='ocrx_word' id='word_1_509' title='bbox 828 4492 954 4564; x_wconf 78' lang='grc' dir='ltr'>ἔθνη</span> <span class='ocrx_word' id='word_1_510' title='bbox 1001 4491 1355 4565; x_wconf 86' lang='grc' dir='ltr'>κηρύττοντες</span> <span class='ocrx_word' id='word_1_511' title='bbox 1379 4493 1468 4547; x_wconf 90' lang='grc' dir='ltr'><strong>τὸν</strong></span> <span class='ocrx_word' id='word_1_512' title='bbox 1511 4495 1741 4565; x_wconf 84' lang='grc' dir='ltr'>Χριστὸν</span> <span class='ocrx_word' id='word_1_513' title='bbox 1773 4492 1948 4563; x_wconf 85' lang='grc' dir='ltr'>λόγον,</span> 
     </span>
    </p>
   </div>
   <div class='ocr_carea' id='block_1_64' title="bbox 386 4581 2025 4664">
    <p class='ocr_par' dir='ltr' id='par_1_64' title="bbox 386 4581 2025 4664">
     <span class='ocr_line' id='line_1_64' title="bbox 386 4581 2025 4664; baseline -0.001 -27"><span class='ocrx_word' id='word_1_514' title='bbox 386 4584 705 4655; x_wconf 82' lang='grc' dir='ltr'>πεποιθήσει</span> <span class='ocrx_word' id='word_1_515' title='bbox 744 4601 803 4637; x_wconf 88' lang='grc' dir='ltr'>τε</span> <span class='ocrx_word' id='word_1_516' title='bbox 852 4586 916 4655; x_wconf 76' lang='grc' dir='ltr'>τῇ</span> <span class='ocrx_word' id='word_1_517' title='bbox 955 4584 1089 4654; x_wconf 88' lang='grc' dir='ltr'>πρὸς</span> <span class='ocrx_word' id='word_1_518' title='bbox 1130 4582 1219 4637; x_wconf 89' lang='grc' dir='ltr'><strong>τὸν</strong></span> <span class='ocrx_word' id='word_1_519' title='bbox 1257 4583 1393 4637; x_wconf 83' lang='grc' dir='ltr'>Θεὸν</span> <span class='ocrx_word' id='word_1_520' title='bbox 1417 4581 1666 4655; x_wconf 75' lang='grc' dir='ltr'>(ἐπείπερ</span> <span class='ocrx_word' id='word_1_521' title='bbox 1688 4583 1829 4661; x_wconf 79' lang='grc' dir='ltr'>κατὰ</span> <span class='ocrx_word' id='word_1_522' title='bbox 1852 4583 1950 4654; x_wconf 79' lang='grc' dir='ltr'>τὴν</span> <span class='ocrx_word' id='word_1_523' title='bbox 1981 4611 2025 4664; x_wconf 77' lang='lat' dir='ltr'><strong>D</strong></span> 
     </span>
    </p>
   </div>
   <div class='ocr_carea' id='block_1_65' title="bbox 387 4669 1948 4747">
    <p class='ocr_par' dir='ltr' id='par_1_65' title="bbox 387 4669 1948 4747">
     <span class='ocr_line' id='line_1_65' title="bbox 387 4669 1948 4747; baseline -0.001 -19"><span class='ocrx_word' id='word_1_524' title='bbox 387 4674 719 4747; x_wconf 73' lang='grc' dir='ltr'>προφητείαν</span> <span class='ocrx_word' id='word_1_525' title='bbox 747 4672 1063 4738; x_wconf 86' lang='grc' dir='ltr'>πεποιθότες</span> <span class='ocrx_word' id='word_1_526' title='bbox 1084 4669 1222 4744; x_wconf 78' lang='grc' dir='ltr'>ἦσαν</span> <span class='ocrx_word' id='word_1_527' title='bbox 1247 4675 1340 4727; x_wconf 80' lang='grc' dir='ltr'><strong>ἐπὶ</strong></span> <span class='ocrx_word' id='word_1_528' title='bbox 1362 4674 1450 4726; x_wconf 88' lang='grc' dir='ltr'><strong>τὸν</strong></span> <span class='ocrx_word' id='word_1_529' title='bbox 1483 4674 1614 4728; x_wconf 88' lang='grc' dir='ltr'>Θεὸν</span> <span class='ocrx_word' id='word_1_530' title='bbox 1660 4675 1812 4742; x_wconf 75' lang='grc' dir='ltr'>ἅγιον</span> <span class='ocrx_word' id='word_1_531' title='bbox 1854 4672 1948 4727; x_wconf 82' lang='grc' dir='ltr'><strong>τοῦ</strong></span> 
     </span>
    </p>
   </div>
   <div class='ocr_carea' id='block_1_66' title="bbox 402 4764 1950 4839">
    <p class='ocr_par' dir='ltr' id='par_1_66' title="bbox 402 4764 1950 4839">
     <span class='ocr_line' id='line_1_66' title="bbox 402 4764 1950 4839; baseline -0.003 -17"><span class='ocrx_word' id='word_1_532' title='bbox 402 4765 612 4839; x_wconf 78' lang='grc' dir='ltr'>Ἰσραὴλ</span> <span class='ocrx_word' id='word_1_533' title='bbox 631 4767 686 4818; x_wconf 78' lang='grc' dir='ltr'>ἐν</span> <span class='ocrx_word' id='word_1_534' title='bbox 721 4765 962 4837; x_wconf 73' lang='grc' dir='ltr'>ἀληθείᾳ-</span> <span class='ocrx_word' id='word_1_535' title='bbox 992 4766 1053 4818; x_wconf 81' lang='grc' dir='ltr'>οὐ</span> <span class='ocrx_word' id='word_1_536' title='bbox 1084 4764 1192 4837; x_wconf 82' lang='grc' dir='ltr'><strong>γὰρ</strong></span> <span class='ocrx_word' id='word_1_537' title='bbox 1216 4765 1482 4831; x_wconf 79' lang='grc' dir='ltr'>ὑπούλως,</span> <span class='ocrx_word' id='word_1_538' title='bbox 1519 4766 1640 4821; x_wconf 78' lang='grc' dir='ltr'>οὐδὲ</span> <span class='ocrx_word' id='word_1_539' title='bbox 1668 4766 1785 4836; x_wconf 76' lang='grc' dir='ltr'>μεθ’</span> <span class='ocrx_word' id='word_1_540' title='bbox 1817 4767 1950 4819; x_wconf 73' lang='lat'><strong>67:0-</strong></span> 
     </span>
    </p>
   </div>
   <div class='ocr_carea' id='block_1_67' title="bbox 385 4852 1952 4930">
    <p class='ocr_par' dir='ltr' id='par_1_67' title="bbox 385 4852 1952 4930">
     <span class='ocr_line' id='line_1_67' title="bbox 385 4852 1952 4930; baseline 0.001 -19"><span class='ocrx_word' id='word_1_541' title='bbox 385 4858 640 4930; x_wconf 84' lang='grc' dir='ltr'>κρίσεως,</span> <span class='ocrx_word' id='word_1_542' title='bbox 668 4859 764 4911; x_wconf 79' lang='grc' dir='ltr'>σὺν</span> <span class='ocrx_word' id='word_1_543' title='bbox 806 4858 1031 4930; x_wconf 67' lang='grc' dir='ltr'>ἀληθεία</span> <span class='ocrx_word' id='word_1_544' title='bbox 1074 4857 1131 4911; x_wconf 83' lang='grc' dir='ltr'>δὲ</span> <span class='ocrx_word' id='word_1_545' title='bbox 1168 4857 1320 4922; x_wconf 82' lang='grc' dir='ltr'>ὅλους</span> <span class='ocrx_word' id='word_1_546' title='bbox 1363 4858 1586 4922; x_wconf 75' lang='grc' dir='ltr'>ἑαυτοὺς</span> <span class='ocrx_word' id='word_1_547' title='bbox 1624 4852 1952 4913; x_wconf 78' lang='grc' dir='ltr'>ὲπιδέδονται</span> 
     </span>
    </p>
   </div>
   <div class='ocr_carea' id='block_1_68' title="bbox 388 4948 1954 5022">
    <p class='ocr_par' dir='ltr' id='par_1_68' title="bbox 388 4948 1954 5022">
     <span class='ocr_line' id='line_1_68' title="bbox 388 4948 1954 5022; baseline 0.001 -19"><span class='ocrx_word' id='word_1_548' title='bbox 388 4950 605 5018; x_wconf 69' lang='grc' dir='ltr'>ἑλπίδι),</span> <span class='ocrx_word' id='word_1_549' title='bbox 632 4950 691 5002; x_wconf 87' lang='grc' dir='ltr'>οὐ</span> <span class='ocrx_word' id='word_1_550' title='bbox 720 4951 877 5021; x_wconf 86' lang='grc' dir='ltr'>μόνον</span> <span class='ocrx_word' id='word_1_551' title='bbox 897 4948 1163 5022; x_wconf 84' lang='grc' dir='ltr'>προῆλθον</span> <span class='ocrx_word' id='word_1_552' title='bbox 1202 4950 1301 5021; x_wconf 81' lang='grc' dir='ltr'>τῆς</span> <span class='ocrx_word' id='word_1_553' title='bbox 1326 4948 1534 5004; x_wconf 73' lang='grc' dir='ltr'>ἑαυτῶν</span> <span class='ocrx_word' id='word_1_554' title='bbox 1575 4948 1779 5021; x_wconf 82' lang='grc' dir='ltr'>χώρας,</span> <span class='ocrx_word' id='word_1_555' title='bbox 1819 4949 1954 5005; x_wconf 83' lang='grc' dir='ltr'>ἀλλὰ</span> 
     </span>
    </p>
   </div>
   <div class='ocr_carea' id='block_1_69' title="bbox 388 5038 1953 5113">
    <p class='ocr_par' dir='ltr' id='par_1_69' title="bbox 388 5038 1953 5113">
     <span class='ocr_line' id='line_1_69' title="bbox 388 5038 1953 5113; baseline -0.002 -16"><span class='ocrx_word' id='word_1_556' title='bbox 388 5039 753 5113; x_wconf 80' lang='grc' dir='ltr'>κατώρθωσαν</span> <span class='ocrx_word' id='word_1_557' title='bbox 770 5041 830 5093; x_wconf 90' lang='grc' dir='ltr'><strong>τὸ</strong></span> <span class='ocrx_word' id='word_1_558' title='bbox 854 5041 1321 5111; x_wconf 79' lang='grc' dir='ltr'>προστεθειμένον.</span> <span class='ocrx_word' id='word_1_559' title='bbox 1355 5040 1524 5094; x_wconf 84' lang='grc' dir='ltr'>Τοῦτο</span> <span class='ocrx_word' id='word_1_560' title='bbox 1549 5039 1604 5094; x_wconf 84' lang='grc' dir='ltr'>δὲ</span> <span class='ocrx_word' id='word_1_561' title='bbox 1626 5040 1758 5096; x_wconf 83' lang='grc' dir='ltr'>αὐτὸ</span> <span class='ocrx_word' id='word_1_562' title='bbox 1794 5038 1953 5095; x_wconf 81' lang='grc' dir='ltr'>πάλιν</span> 
     </span>
    </p>
   </div>
   <div class='ocr_carea' id='block_1_70' title="bbox 387 5129 1955 5204">
    <p class='ocr_par' dir='ltr' id='par_1_70' title="bbox 387 5129 1955 5204">
     <span class='ocr_line' id='line_1_70' title="bbox 387 5129 1955 5204; baseline -0.001 -19"><span class='ocrx_word' id='word_1_563' title='bbox 387 5132 448 5186; x_wconf 87' lang='grc' dir='ltr'><strong>τὸ</strong></span> <span class='ocrx_word' id='word_1_564' title='bbox 468 5129 842 5201; x_wconf 75' lang='grc' dir='ltr'>καταλειφθὲν,</span> <span class='ocrx_word' id='word_1_565' title='bbox 877 5132 1037 5185; x_wconf 73' lang='grc' dir='ltr'>οἱονεὶ</span> <span class='ocrx_word' id='word_1_566' title='bbox 1077 5131 1138 5185; x_wconf 92' lang='grc' dir='ltr'><strong>τὸ</strong></span> <span class='ocrx_word' id='word_1_567' title='bbox 1178 5132 1394 5204; x_wconf 82' lang='grc' dir='ltr'>σπέρμα</span> <span class='ocrx_word' id='word_1_568' title='bbox 1443 5131 1544 5201; x_wconf 81' lang='grc' dir='ltr'>τῆς</span> <span class='ocrx_word' id='word_1_569' title='bbox 1589 5130 1955 5196; x_wconf 58' lang='lat' dir='ltr'><strong>damnabat-mg</strong></span> 
     </span>
    </p>
   </div>
   <div class='ocr_carea' id='block_1_71' title="bbox 387 5224 1956 5296">
    <p class='ocr_par' dir='ltr' id='par_1_71' title="bbox 387 5224 1956 5296">
     <span class='ocr_line' id='line_1_71' title="bbox 387 5224 1956 5296; baseline -0.001 -18"><span class='ocrx_word' id='word_1_570' title='bbox 387 5225 482 5281; x_wconf 79' lang='grc' dir='ltr'>τοῦ</span> <span class='ocrx_word' id='word_1_571' title='bbox 515 5226 707 5280; x_wconf 81' lang='grc' dir='ltr'>Ἰακὼϐ</span> <span class='ocrx_word' id='word_1_572' title='bbox 743 5226 951 5295; x_wconf 83' lang='grc' dir='ltr'>γέγονε,</span> <span class='ocrx_word' id='word_1_573' title='bbox 994 5224 1247 5290; x_wconf 81' lang='grc' dir='ltr'>πεποιθὸς</span> <span class='ocrx_word' id='word_1_574' title='bbox 1288 5226 1380 5279; x_wconf 65' lang='lat' dir='ltr'><strong>emt</strong></span> <span class='ocrx_word' id='word_1_575' title='bbox 1408 5225 1538 5279; x_wconf 87' lang='grc' dir='ltr'>Θεὸν</span> <span class='ocrx_word' id='word_1_576' title='bbox 1567 5224 1833 5296; x_wconf 78' lang='grc' dir='ltr'>ἰσχύοντα·</span> <span class='ocrx_word' id='word_1_577' title='bbox 1863 5226 1956 5278; x_wconf 79' lang='grc' dir='ltr'><strong>καὶ</strong></span> 
     </span>
    </p>
   </div>
   <div class='ocr_carea' id='block_1_72' title="bbox 389 5304 1957 5392">
    <p class='ocr_par' dir='ltr' id='par_1_72' title="bbox 389 5304 1957 5392">
     <span class='ocr_line' id='line_1_72' title="bbox 389 5304 1957 5392; baseline -0.001 -19"><span class='ocrx_word' id='word_1_578' title='bbox 389 5321 519 5374; x_wconf 82' lang='grc' dir='ltr'>αὐτὸ</span> <span class='ocrx_word' id='word_1_579' title='bbox 538 5320 601 5392; x_wconf 80' lang='grc' dir='ltr'>δὴ</span> <span class='ocrx_word' id='word_1_580' title='bbox 623 5321 780 5375; x_wconf 84' lang='grc' dir='ltr'>τοῦτο</span> <span class='ocrx_word' id='word_1_581' title='bbox 812 5320 872 5373; x_wconf 93' lang='grc' dir='ltr'><strong>τὸ</strong></span> <span class='ocrx_word' id='word_1_582' title='bbox 905 5304 1249 5391; x_wconf 82' lang='grc' dir='ltr'>κατάλειμμα</span> <span class='ocrx_word' id='word_1_583' title='bbox 1285 5320 1377 5374; x_wconf 81' lang='grc' dir='ltr'><strong>τοῦ</strong></span> <span class='ocrx_word' id='word_1_584' title='bbox 1425 5320 1624 5384; x_wconf 87' lang='grc' dir='ltr'>παντὸς</span> <span class='ocrx_word' id='word_1_585' title='bbox 1653 5318 1837 5383; x_wconf 72' lang='grc' dir='ltr'>ἔθνους</span> <span class='ocrx_word' id='word_1_586' title='bbox 1860 5314 1957 5372; x_wconf 83' lang='grc' dir='ltr'>αύ-</span> 
     </span>
    </p>
   </div>
   <div class='ocr_carea' id='block_1_73' title="bbox 390 5409 1953 5484">
    <p class='ocr_par' dir='ltr' id='par_1_73' title="bbox 390 5409 1953 5484">
     <span class='ocr_line' id='line_1_73' title="bbox 390 5409 1953 5484; baseline -0.001 -18"><span class='ocrx_word' id='word_1_587' title='bbox 390 5412 517 5477; x_wconf 75' lang='grc' dir='ltr'>τῶν,</span> <span class='ocrx_word' id='word_1_588' title='bbox 543 5413 831 5484; x_wconf 82' lang='grc' dir='ltr'>γενομένου</span> <span class='ocrx_word' id='word_1_589' title='bbox 858 5412 932 5475; x_wconf 83' lang='grc' dir='ltr'>ὡς</span> <span class='ocrx_word' id='word_1_590' title='bbox 962 5413 995 5482; x_wconf 81' lang='grc' dir='ltr'>ἡ</span> <span class='ocrx_word' id='word_1_591' title='bbox 1031 5411 1211 5481; x_wconf 81' lang='grc' dir='ltr'>ἄμμος</span> <span class='ocrx_word' id='word_1_592' title='bbox 1252 5411 1353 5481; x_wconf 79' lang='grc' dir='ltr'>τῆς</span> <span class='ocrx_word' id='word_1_593' title='bbox 1403 5411 1699 5483; x_wconf 76' lang='grc' dir='ltr'>θαλάσσης,</span> <span class='ocrx_word' id='word_1_594' title='bbox 1736 5409 1850 5464; x_wconf 78' lang='grc' dir='ltr'>ἀλλ’</span> <span class='ocrx_word' id='word_1_595' title='bbox 1890 5412 1953 5465; x_wconf 79' lang='grc' dir='ltr'>οὐ</span> 
     </span>
    </p>
   </div>
   <div class='ocr_carea' id='block_1_74' title="bbox 389 5502 1957 5576">
    <p class='ocr_par' dir='ltr' id='par_1_74' title="bbox 389 5502 1957 5576">
     <span class='ocr_line' id='line_1_74' title="bbox 389 5502 1957 5576; baseline -0.002 -18"><span class='ocrx_word' id='word_1_596' title='bbox 389 5504 531 5558; x_wconf 81' lang='grc' dir='ltr'>κατὰ</span> <span class='ocrx_word' id='word_1_597' title='bbox 557 5503 628 5557; x_wconf 83' lang='grc' dir='ltr'>τὰ</span> <span class='ocrx_word' id='word_1_598' title='bbox 650 5503 821 5576; x_wconf 78' lang='grc' dir='ltr'>ἄστρα</span> <span class='ocrx_word' id='word_1_599' title='bbox 844 5503 937 5557; x_wconf 78' lang='grc' dir='ltr'>τοῦ</span> <span class='ocrx_word' id='word_1_600' title='bbox 956 5502 1205 5573; x_wconf 81' lang='grc' dir='ltr'>ούρανοῦ,</span> <span class='ocrx_word' id='word_1_601' title='bbox 1227 5503 1324 5574; x_wconf 83' lang='grc' dir='ltr'>τῆς</span> <span class='ocrx_word' id='word_1_602' title='bbox 1345 5503 1495 5575; x_wconf 84' lang='grc' dir='ltr'>παρὰ</span> <span class='ocrx_word' id='word_1_603' title='bbox 1513 5503 1592 5575; x_wconf 85' lang='grc' dir='ltr'>τῷ</span> <span class='ocrx_word' id='word_1_604' title='bbox 1620 5502 1740 5574; x_wconf 84' lang='grc' dir='ltr'><strong>Θεῷ</strong></span> <span class='ocrx_word' id='word_1_605' title='bbox 1779 5520 1957 5574; x_wconf 60' lang='grc' dir='ltr'>σωτηα·</span> 
     </span>
    </p>
   </div>
   <div class='ocr_carea' id='block_1_75' title="bbox 394 5592 1950 5666">
    <p class='ocr_par' dir='ltr' id='par_1_75' title="bbox 394 5592 1950 5666">
     <span class='ocr_line' id='line_1_75' title="bbox 394 5592 1950 5666; baseline -0.001 -19"><span class='ocrx_word' id='word_1_606' title='bbox 394 5594 515 5665; x_wconf 82' lang='grc' dir='ltr'>ρίας</span> <span class='ocrx_word' id='word_1_607' title='bbox 566 5593 796 5666; x_wconf 72' lang='grc' dir='ltr'>ἠξιώθη,</span> <span class='ocrx_word' id='word_1_608' title='bbox 829 5592 1112 5666; x_wconf 81' lang='grc' dir='ltr'>ὡσπεροῦν</span> <span class='ocrx_word' id='word_1_609' title='bbox 1147 5592 1523 5665; x_wconf 83' lang='grc' dir='ltr'>ἐμαρτύρησεν</span> <span class='ocrx_word' id='word_1_610' title='bbox 1551 5595 1580 5646; x_wconf 90' lang='lat'><strong>6</strong></span> <span class='ocrx_word' id='word_1_611' title='bbox 1611 5593 1950 5655; x_wconf 83' lang='grc' dir='ltr'>Ἀπόστολος,</span> 
     </span>
    </p>
   </div>
   <div class='ocr_carea' id='block_1_76' title="bbox 391 5681 1956 5758">
    <p class='ocr_par' dir='ltr' id='par_1_76' title="bbox 391 5681 1956 5758">
     <span class='ocr_line' id='line_1_76' title="bbox 391 5681 1956 5758; baseline 0.001 -21"><span class='ocrx_word' id='word_1_612' title='bbox 391 5682 580 5739; x_wconf 74' lang='grc' dir='ltr'>εἰπών·</span> <span class='ocrx_word' id='word_1_613' title='bbox 620 5704 638 5736; x_wconf 81' lang='grc' dir='ltr'><strong>ι</strong></span> <span class='ocrx_word' id='word_1_614' title='bbox 680 5684 904 5748; x_wconf 72' lang='grc' dir='ltr'>Ἡσαΐας</span> <span class='ocrx_word' id='word_1_615' title='bbox 922 5685 977 5741; x_wconf 85' lang='grc' dir='ltr'>δὲ</span> <span class='ocrx_word' id='word_1_616' title='bbox 1014 5681 1206 5755; x_wconf 76' lang='grc' dir='ltr'>κράζει</span> <span class='ocrx_word' id='word_1_617' title='bbox 1244 5684 1385 5756; x_wconf 83' lang='grc' dir='ltr'>ὑπὲρ</span> <span class='ocrx_word' id='word_1_618' title='bbox 1424 5681 1517 5737; x_wconf 82' lang='grc' dir='ltr'>τοῦ</span> <span class='ocrx_word' id='word_1_619' title='bbox 1572 5684 1808 5758; x_wconf 81' lang='grc' dir='ltr'>Ἰσραὴλ,</span> <span class='ocrx_word' id='word_1_620' title='bbox 1859 5684 1956 5738; x_wconf 71' lang='grc' dir='ltr'><strong>ἐὰν</strong></span> 
     </span>
    </p>
   </div>
   <div class='ocr_carea' id='block_1_77' title="bbox 2055 2020 3617 2098">
    <p class='ocr_par' dir='ltr' id='par_1_77' title="bbox 2055 2020 3617 2098">
     <span class='ocr_line' id='line_1_77' title="bbox 2055 2020 3617 2098; baseline 0.007 -25"><span class='ocrx_word' id='word_1_621' title='bbox 2055 2036 2208 2076; x_wconf 89' lang='lat' dir='ltr'><strong>mero</strong></span> <span class='ocrx_word' id='word_1_622' title='bbox 2268 2020 2655 2091; x_wconf 85' lang='lat' dir='ltr'><strong>comprehendi</strong></span> <span class='ocrx_word' id='word_1_623' title='bbox 2708 2023 2951 2091; x_wconf 88' lang='lat' dir='ltr'><strong>possint:</strong></span> <span class='ocrx_word' id='word_1_624' title='bbox 2991 2031 3178 2093; x_wconf 86' lang='lat' dir='ltr'><strong>utpote</strong></span> <span class='ocrx_word' id='word_1_625' title='bbox 3219 2020 3311 2096; x_wconf 87' lang='lat' dir='ltr'><strong>qui</strong></span> <span class='ocrx_word' id='word_1_626' title='bbox 3353 2036 3406 2083; x_wconf 90' lang='lat' dir='ltr'><strong>et</strong></span> <span class='ocrx_word' id='word_1_627' title='bbox 3436 2032 3617 2098; x_wconf 91' lang='lat' dir='ltr'><strong>pauci.</strong></span> 
     </span>
    </p>
   </div>
   <div class='ocr_carea' id='block_1_78' title="bbox 2055 2108 3622 2190">
    <p class='ocr_par' dir='ltr' id='par_1_78' title="bbox 2055 2108 3622 2190">
     <span class='ocr_line' id='line_1_78' title="bbox 2055 2108 3622 2190; baseline 0.006 -27"><span class='ocrx_word' id='word_1_628' title='bbox 2055 2117 2109 2164; x_wconf 89' lang='lat' dir='ltr'><strong>et</strong></span> <span class='ocrx_word' id='word_1_629' title='bbox 2131 2110 2288 2165; x_wconf 84' lang='lat' dir='ltr'><strong>facile</strong></span> <span class='ocrx_word' id='word_1_630' title='bbox 2319 2108 2684 2167; x_wconf 82' lang='lat' dir='ltr'><strong>numerabiles</strong></span> <span class='ocrx_word' id='word_1_631' title='bbox 2710 2112 2877 2166; x_wconf 87' lang='lat' dir='ltr'><strong>futuri</strong></span> <span class='ocrx_word' id='word_1_632' title='bbox 2909 2113 3017 2168; x_wconf 92' lang='lat' dir='ltr'><strong>sint</strong></span> <span class='ocrx_word' id='word_1_633' title='bbox 3047 2129 3191 2168; x_wconf 87' lang='lat' dir='ltr'><strong>:non</strong></span> <span class='ocrx_word' id='word_1_634' title='bbox 3226 2117 3410 2185; x_wconf 90' lang='lat' dir='ltr'><strong>plures</strong></span> <span class='ocrx_word' id='word_1_635' title='bbox 3457 2118 3622 2190; x_wconf 77' lang='lat' dir='ltr'><strong>igitur</strong></span> 
     </span>
    </p>
   </div>
   <div class='ocr_carea' id='block_1_79' title="bbox 2055 2203 3620 2267">
    <p class='ocr_par' dir='ltr' id='par_1_79' title="bbox 2055 2203 3620 2267">
     <span class='ocr_line' id='line_1_79' title="bbox 2055 2203 3620 2267; baseline 0.006 -9"><span class='ocrx_word' id='word_1_636' title='bbox 2055 2203 2405 2266; x_wconf 78' lang='lat' dir='ltr'><strong>exstiterunt,</strong></span> <span class='ocrx_word' id='word_1_637' title='bbox 2429 2203 2695 2258; x_wconf 78' lang='lat' dir='ltr'><strong>duntaxat</strong></span> <span class='ocrx_word' id='word_1_638' title='bbox 2722 2206 2991 2261; x_wconf 69' lang='lat' dir='ltr'><strong>universae</strong></span> <span class='ocrx_word' id='word_1_639' title='bbox 3031 2205 3341 2263; x_wconf 61' lang='lat' dir='ltr'><strong>Iudaeorum</strong></span> <span class='ocrx_word' id='word_1_640' title='bbox 3375 2211 3620 2267; x_wconf 90' lang='lat' dir='ltr'><strong>multitu-</strong></span> 
     </span>
    </p>
   </div>
   <div class='ocr_carea' id='block_1_80' title="bbox 2056 2292 3620 2364">
    <p class='ocr_par' dir='ltr' id='par_1_80' title="bbox 2056 2292 3620 2364">
     <span class='ocr_line' id='line_1_80' title="bbox 2056 2292 3620 2364; baseline 0.007 -18"><span class='ocrx_word' id='word_1_641' title='bbox 2056 2295 2171 2347; x_wconf 88' lang='lat' dir='ltr'><strong>dini</strong></span> <span class='ocrx_word' id='word_1_642' title='bbox 2204 2294 2524 2364; x_wconf 85' lang='lat' dir='ltr'><strong>comparati,</strong></span> <span class='ocrx_word' id='word_1_643' title='bbox 2557 2293 2649 2363; x_wconf 89' lang='lat' dir='ltr'><strong>qui</strong></span> <span class='ocrx_word' id='word_1_644' title='bbox 2682 2294 2736 2348; x_wconf 90' lang='lat' dir='ltr'><strong>in</strong></span> <span class='ocrx_word' id='word_1_645' title='bbox 2761 2292 3099 2350; x_wconf 86' lang='lat' dir='ltr'><strong>Salvatorem</strong></span> <span class='ocrx_word' id='word_1_646' title='bbox 3127 2305 3182 2350; x_wconf 92' lang='lat' dir='ltr'><strong>et</strong></span> <span class='ocrx_word' id='word_1_647' title='bbox 3206 2295 3493 2352; x_wconf 85' lang='lat' dir='ltr'><strong>Dominum</strong></span> <span class='ocrx_word' id='word_1_648' title='bbox 3519 2314 3620 2357; x_wconf 79' lang='lat' dir='ltr'><strong>no—</strong></span> 
     </span>
    </p>
   </div>
   <div class='ocr_carea' id='block_1_81' title="bbox 2057 2386 3619 2460">
    <p class='ocr_par' dir='ltr' id='par_1_81' title="bbox 2057 2386 3619 2460">
     <span class='ocr_line' id='line_1_81' title="bbox 2057 2386 3619 2460; baseline 0.004 -18"><span class='ocrx_word' id='word_1_649' title='bbox 2057 2394 2231 2442; x_wconf 91' lang='lat' dir='ltr'><strong>strum</strong></span> <span class='ocrx_word' id='word_1_650' title='bbox 2276 2386 2641 2451; x_wconf 89' lang='lat' dir='ltr'><strong>crediderunt,</strong></span> <span class='ocrx_word' id='word_1_651' title='bbox 2676 2388 2770 2456; x_wconf 92' lang='lat' dir='ltr'><strong>qui</strong></span> <span class='ocrx_word' id='word_1_652' title='bbox 2804 2388 3023 2458; x_wconf 89' lang='lat' dir='ltr'><strong>quidem</strong></span> <span class='ocrx_word' id='word_1_653' title='bbox 3064 2388 3229 2443; x_wconf 88' lang='lat' dir='ltr'><strong>etiam</strong></span> <span class='ocrx_word' id='word_1_654' title='bbox 3276 2390 3422 2460; x_wconf 80' lang='lat' dir='ltr'><strong>digni</strong></span> <span class='ocrx_word' id='word_1_655' title='bbox 3450 2391 3619 2449; x_wconf 85' lang='lat' dir='ltr'><strong>habiti</strong></span> 
     </span>
    </p>
   </div>
   <div class='ocr_carea' id='block_1_82' title="bbox 2058 2478 3623 2553">
    <p class='ocr_par' dir='ltr' id='par_1_82' title="bbox 2058 2478 3623 2553">
     <span class='ocr_line' id='line_1_82' title="bbox 2058 2478 3623 2553; baseline 0.006 -23"><span class='ocrx_word' id='word_1_656' title='bbox 2058 2478 2191 2543; x_wconf 89' lang='lat' dir='ltr'><strong>sint,</strong></span> <span class='ocrx_word' id='word_1_657' title='bbox 2234 2478 2329 2548; x_wconf 88' lang='lat' dir='ltr'><strong>qui</strong></span> <span class='ocrx_word' id='word_1_658' title='bbox 2371 2478 2440 2533; x_wconf 87' lang='lat' dir='ltr'><strong>ab</strong></span> <span class='ocrx_word' id='word_1_659' title='bbox 2478 2494 2544 2534; x_wconf 90' lang='lat' dir='ltr'><strong>eo</strong></span> <span class='ocrx_word' id='word_1_660' title='bbox 2583 2480 2914 2549; x_wconf 85' lang='lat' dir='ltr'><strong>scripturam</strong></span> <span class='ocrx_word' id='word_1_661' title='bbox 2961 2482 3272 2552; x_wconf 86' lang='lat' dir='ltr'><strong>acciperent</strong></span> <span class='ocrx_word' id='word_1_662' title='bbox 3311 2500 3325 2535; x_wconf 91' lang='lat'><strong>:</strong></span> <span class='ocrx_word' id='word_1_663' title='bbox 3359 2485 3623 2553; x_wconf 81' lang='lat' dir='ltr'><strong>quemad-</strong></span> 
     </span>
    </p>
   </div>
   <div class='ocr_carea' id='block_1_83' title="bbox 2056 2570 3621 2645">
    <p class='ocr_par' dir='ltr' id='par_1_83' title="bbox 2056 2570 3621 2645">
     <span class='ocr_line' id='line_1_83' title="bbox 2056 2570 3621 2645; baseline 0.006 -22"><span class='ocrx_word' id='word_1_664' title='bbox 2056 2570 2278 2624; x_wconf 90' lang='lat' dir='ltr'><strong>modum</strong></span> <span class='ocrx_word' id='word_1_665' title='bbox 2332 2572 2498 2625; x_wconf 87' lang='lat' dir='ltr'><strong>verba</strong></span> <span class='ocrx_word' id='word_1_666' title='bbox 2556 2571 2649 2625; x_wconf 89' lang='lat' dir='ltr'><strong>illa</strong></span> <span class='ocrx_word' id='word_1_667' title='bbox 2710 2571 3115 2637; x_wconf 87' lang='lat' dir='ltr'><strong>demonstrant,</strong></span> <span class='ocrx_word' id='word_1_668' title='bbox 3170 2591 3191 2625; x_wconf 76' lang='grc' dir='ltr'><strong>ι</strong></span> <span class='ocrx_word' id='word_1_669' title='bbox 3247 2582 3302 2629; x_wconf 88' lang='lat' dir='ltr'><strong>et</strong></span> <span class='ocrx_word' id='word_1_670' title='bbox 3358 2579 3621 2645; x_wconf 83' lang='lat' dir='ltr'><strong>puerulus</strong></span> 
     </span>
    </p>
   </div>
   <div class='ocr_carea' id='block_1_84' title="bbox 2058 2661 3634 2743">
    <p class='ocr_par' dir='ltr' id='par_1_84' title="bbox 2058 2661 3634 2743">
     <span class='ocr_line' id='line_1_84' title="bbox 2058 2661 3634 2743; baseline 0.005 -27"><span class='ocrx_word' id='word_1_671' title='bbox 2058 2661 2262 2716; x_wconf 86' lang='lat' dir='ltr'><strong>scribet</strong></span> <span class='ocrx_word' id='word_1_672' title='bbox 2309 2677 2405 2718; x_wconf 91' lang='lat' dir='ltr'><strong>eos</strong></span> <span class='ocrx_word' id='word_1_673' title='bbox 2447 2680 2462 2717; x_wconf 92' lang='lat'><strong>:</strong></span> <span class='ocrx_word' id='word_1_674' title='bbox 2514 2679 2537 2715; x_wconf 74' lang='grc' dir='ltr'><strong>ι</strong></span> <span class='ocrx_word' id='word_1_675' title='bbox 2592 2661 2861 2731; x_wconf 87' lang='lat' dir='ltr'><strong>siquidem</strong></span> <span class='ocrx_word' id='word_1_676' title='bbox 2927 2665 3079 2735; x_wconf 90' lang='lat' dir='ltr'><strong>prius</strong></span> <span class='ocrx_word' id='word_1_677' title='bbox 3143 2675 3426 2724; x_wconf 86' lang='lat' dir='ltr'><strong>ostensum</strong></span> <span class='ocrx_word' id='word_1_678' title='bbox 3500 2679 3634 2743; x_wconf 46' lang='lat' dir='ltr'><strong>est.t</strong></span> 
     </span>
    </p>
   </div>
   <div class='ocr_carea' id='block_1_85' title="bbox 2055 2753 3631 2823">
    <p class='ocr_par' dir='ltr' id='par_1_85' title="bbox 2055 2753 3631 2823">
     <span class='ocr_line' id='line_1_85' title="bbox 2055 2753 3631 2823; baseline 0.007 -17"><span class='ocrx_word' id='word_1_679' title='bbox 2055 2756 2306 2823; x_wconf 90' lang='lat' dir='ltr'><strong>quisnam</strong></span> <span class='ocrx_word' id='word_1_680' title='bbox 2362 2753 2452 2808; x_wconf 87' lang='lat' dir='ltr'><strong>hic</strong></span> <span class='ocrx_word' id='word_1_681' title='bbox 2498 2762 2645 2811; x_wconf 86' lang='lat' dir='ltr'><strong>esset</strong></span> <span class='ocrx_word' id='word_1_682' title='bbox 2696 2756 2994 2823; x_wconf 89' lang='lat' dir='ltr'><strong>puerulus,</strong></span> <span class='ocrx_word' id='word_1_683' title='bbox 3065 2759 3155 2814; x_wconf 93' lang='lat' dir='ltr'><strong>ubi</strong></span> <span class='ocrx_word' id='word_1_684' title='bbox 3220 2759 3427 2816; x_wconf 88' lang='lat' dir='ltr'><strong>dictum</strong></span> <span class='ocrx_word' id='word_1_685' title='bbox 3473 2768 3557 2817; x_wconf 85' lang='lat' dir='ltr'><strong>est</strong></span> <span class='ocrx_word' id='word_1_686' title='bbox 3599 2775 3631 2823; x_wconf 62' lang='grc' dir='ltr'><strong>ε</strong></span> 
     </span>
    </p>
   </div>
   <div class='ocr_carea' id='block_1_86' title="bbox 2056 2844 3627 2922">
    <p class='ocr_par' dir='ltr' id='par_1_86' title="bbox 2056 2844 3627 2922">
     <span class='ocr_line' id='line_1_86' title="bbox 2056 2844 3627 2922; baseline 0.007 -24"><span class='ocrx_word' id='word_1_687' title='bbox 2056 2844 2160 2915; x_wconf 81' lang='lat'><strong>73</strong></span> <span class='ocrx_word' id='word_1_688' title='bbox 2225 2844 2364 2901; x_wconf 85' lang='lat' dir='ltr'><strong>Ecce</strong></span> <span class='ocrx_word' id='word_1_689' title='bbox 2413 2845 2567 2918; x_wconf 85' lang='lat' dir='ltr'><strong>virgo</strong></span> <span class='ocrx_word' id='word_1_690' title='bbox 2612 2845 2667 2900; x_wconf 89' lang='lat' dir='ltr'><strong>in</strong></span> <span class='ocrx_word' id='word_1_691' title='bbox 2719 2854 2876 2902; x_wconf 88' lang='lat' dir='ltr'><strong>utero</strong></span> <span class='ocrx_word' id='word_1_692' title='bbox 2923 2848 3175 2915; x_wconf 86' lang='lat' dir='ltr'><strong>habebit,</strong></span> <span class='ocrx_word' id='word_1_693' title='bbox 3223 2858 3279 2905; x_wconf 89' lang='lat' dir='ltr'><strong>et</strong></span> <span class='ocrx_word' id='word_1_694' title='bbox 3338 2853 3512 2922; x_wconf 89' lang='lat' dir='ltr'><strong>pariet</strong></span> <span class='ocrx_word' id='word_1_695' title='bbox 3561 2854 3627 2909; x_wconf 80' lang='lat' dir='ltr'><strong>ﬂ-</strong></span> 
     </span>
    </p>
   </div>
   <div class='ocr_carea' id='block_1_87' title="bbox 2058 2937 3622 3015">
    <p class='ocr_par' dir='ltr' id='par_1_87' title="bbox 2058 2937 3622 3015">
     <span class='ocr_line' id='line_1_87' title="bbox 2058 2937 3622 3015; baseline 0.006 -26"><span class='ocrx_word' id='word_1_696' title='bbox 2058 2938 2188 2990; x_wconf 77' lang='lat' dir='ltr'><strong>liurn</strong></span> <span class='ocrx_word' id='word_1_697' title='bbox 2218 2937 2307 2990; x_wconf 80' lang='lat'><strong>&#39;°:</strong></span> <span class='ocrx_word' id='word_1_698' title='bbox 2352 2956 2371 2988; x_wconf 70' lang='grc' dir='ltr'><strong>ι</strong></span> <span class='ocrx_word' id='word_1_699' title='bbox 2405 2944 2459 2992; x_wconf 91' lang='lat' dir='ltr'><strong>et</strong></span> <span class='ocrx_word' id='word_1_700' title='bbox 2494 2956 2514 2989; x_wconf 77' lang='grc' dir='ltr'><strong>ι</strong></span> <span class='ocrx_word' id='word_1_701' title='bbox 2554 2945 2842 3008; x_wconf 87' lang='lat' dir='ltr'><strong>antequam</strong></span> <span class='ocrx_word' id='word_1_702' title='bbox 2895 2941 3036 2995; x_wconf 87' lang='lat' dir='ltr'><strong>sciat</strong></span> <span class='ocrx_word' id='word_1_703' title='bbox 3088 2956 3223 3012; x_wconf 88' lang='lat' dir='ltr'><strong>puer</strong></span> <span class='ocrx_word' id='word_1_704' title='bbox 3277 2958 3472 3000; x_wconf 87' lang='lat' dir='ltr'><strong>vocare</strong></span> <span class='ocrx_word' id='word_1_705' title='bbox 3523 2959 3622 3015; x_wconf 83' lang='lat' dir='ltr'><strong>pa-</strong></span> 
     </span>
    </p>
   </div>
   <div class='ocr_carea' id='block_1_88' title="bbox 2057 3031 3615 3106">
    <p class='ocr_par' dir='ltr' id='par_1_88' title="bbox 2057 3031 3615 3106">
     <span class='ocr_line' id='line_1_88' title="bbox 2057 3031 3615 3106; baseline 0.005 -24"><span class='ocrx_word' id='word_1_706' title='bbox 2057 3038 2209 3091; x_wconf 86' lang='lat' dir='ltr'><strong>trem,</strong></span> <span class='ocrx_word' id='word_1_707' title='bbox 2231 3038 2325 3083; x_wconf 87' lang='lat' dir='ltr'><strong>aut</strong></span> <span class='ocrx_word' id='word_1_708' title='bbox 2346 3031 2633 3099; x_wconf 34' lang='lat' dir='ltr'><strong>matrem,“</strong></span> <span class='ocrx_word' id='word_1_709' title='bbox 2659 3050 2673 3084; x_wconf 89' lang='lat'><strong>:</strong></span> <span class='ocrx_word' id='word_1_710' title='bbox 2706 3049 2725 3082; x_wconf 73' lang='grc' dir='ltr'><strong>ι</strong></span> <span class='ocrx_word' id='word_1_711' title='bbox 2755 3039 2809 3087; x_wconf 91' lang='lat' dir='ltr'><strong>et</strong></span> <span class='ocrx_word' id='word_1_712' title='bbox 2833 3032 3088 3102; x_wconf 89' lang='lat' dir='ltr'><strong>quoniam</strong></span> <span class='ocrx_word' id='word_1_713' title='bbox 3119 3033 3221 3088; x_wconf 92' lang='lat' dir='ltr'><strong>hoc</strong></span> <span class='ocrx_word' id='word_1_714' title='bbox 3244 3035 3364 3091; x_wconf 88' lang='lat' dir='ltr'><strong>loco</strong></span> <span class='ocrx_word' id='word_1_715' title='bbox 3383 3053 3403 3088; x_wconf 81' lang='grc' dir='ltr'><strong>ι</strong></span> <span class='ocrx_word' id='word_1_716' title='bbox 3428 3051 3615 3106; x_wconf 76' lang='lat' dir='ltr'><strong>puer,s</strong></span> 
     </span>
    </p>
   </div>
   <div class='ocr_carea' id='block_1_89' title="bbox 2057 3120 3620 3196">
    <p class='ocr_par' dir='ltr' id='par_1_89' title="bbox 2057 3120 3620 3196">
     <span class='ocr_line' id='line_1_89' title="bbox 2057 3120 3620 3196; baseline 0.005 -22"><span class='ocrx_word' id='word_1_717' title='bbox 2057 3120 2249 3191; x_wconf 88' lang='lat' dir='ltr'><strong>inquit,</strong></span> <span class='ocrx_word' id='word_1_718' title='bbox 2288 3140 2307 3173; x_wconf 76' lang='grc' dir='ltr'><strong>ι</strong></span> <span class='ocrx_word' id='word_1_719' title='bbox 2349 3122 2553 3177; x_wconf 81' lang='lat' dir='ltr'><strong>scribet</strong></span> <span class='ocrx_word' id='word_1_720' title='bbox 2579 3137 2705 3188; x_wconf 90' lang='lat' dir='ltr'><strong>eos,</strong></span> <span class='ocrx_word' id='word_1_721' title='bbox 2749 3141 2768 3175; x_wconf 72' lang='grc' dir='ltr'><strong>ι</strong></span> <span class='ocrx_word' id='word_1_722' title='bbox 2821 3124 3017 3178; x_wconf 82' lang='lat' dir='ltr'><strong>merito</strong></span> <span class='ocrx_word' id='word_1_723' title='bbox 3046 3124 3097 3178; x_wconf 91' lang='lat' dir='ltr'><strong>in</strong></span> <span class='ocrx_word' id='word_1_724' title='bbox 3133 3125 3506 3196; x_wconf 78' lang='lat' dir='ltr'><strong>superioribus</strong></span> <span class='ocrx_word' id='word_1_725' title='bbox 3533 3127 3620 3182; x_wconf 74' lang='lat' dir='ltr'><strong>di-</strong></span> 
     </span>
    </p>
   </div>
   <div class='ocr_carea' id='block_1_90' title="bbox 2055 3211 3621 3286">
    <p class='ocr_par' dir='ltr' id='par_1_90' title="bbox 2055 3211 3621 3286">
     <span class='ocr_line' id='line_1_90' title="bbox 2055 3211 3621 3286; baseline 0.006 -19"><span class='ocrx_word' id='word_1_726' title='bbox 2055 3213 2212 3268; x_wconf 89' lang='lat' dir='ltr'><strong>cebat</strong></span> <span class='ocrx_word' id='word_1_727' title='bbox 2242 3234 2254 3268; x_wconf 91' lang='lat'>:</span> <span class='ocrx_word' id='word_1_728' title='bbox 2300 3232 2319 3265; x_wconf 76' lang='grc' dir='ltr'><strong>ι</strong></span> <span class='ocrx_word' id='word_1_729' title='bbox 2362 3211 2427 3268; x_wconf 87' lang='grc' dir='ltr'><strong>Ει</strong></span> <span class='ocrx_word' id='word_1_730' title='bbox 2456 3214 2562 3269; x_wconf 84' lang='lat' dir='ltr'><strong>erit</strong></span> <span class='ocrx_word' id='word_1_731' title='bbox 2590 3213 2735 3285; x_wconf 92' lang='lat' dir='ltr'><strong>quod</strong></span> <span class='ocrx_word' id='word_1_732' title='bbox 2776 3216 3043 3286; x_wconf 89' lang='lat' dir='ltr'><strong>reliquum</strong></span> <span class='ocrx_word' id='word_1_733' title='bbox 3086 3216 3249 3273; x_wconf 90' lang='lat' dir='ltr'><strong>fuerit</strong></span> <span class='ocrx_word' id='word_1_734' title='bbox 3284 3219 3337 3273; x_wconf 92' lang='lat' dir='ltr'><strong>in</strong></span> <span class='ocrx_word' id='word_1_735' title='bbox 3362 3215 3621 3276; x_wconf 82' lang='lat' dir='ltr'><strong>Hierusa-</strong></span> 
     </span>
    </p>
   </div>
   <div class='ocr_carea' id='block_1_91' title="bbox 2054 3305 3622 3379">
    <p class='ocr_par' dir='ltr' id='par_1_91' title="bbox 2054 3305 3622 3379">
     <span class='ocr_line' id='line_1_91' title="bbox 2054 3305 3622 3379; baseline 0.006 -21"><span class='ocrx_word' id='word_1_736' title='bbox 2054 3305 2181 3367; x_wconf 91' lang='lat' dir='ltr'><strong>lem,</strong></span> <span class='ocrx_word' id='word_1_737' title='bbox 2209 3306 2381 3372; x_wconf 82' lang='lat' dir='ltr'><strong>sancti</strong></span> <span class='ocrx_word' id='word_1_738' title='bbox 2408 3305 2749 3361; x_wconf 86' lang='lat' dir='ltr'><strong>vocabuntur</strong></span> <span class='ocrx_word' id='word_1_739' title='bbox 2780 3322 3003 3372; x_wconf 85' lang='lat' dir='ltr'><strong>omnes,</strong></span> <span class='ocrx_word' id='word_1_740' title='bbox 3043 3309 3136 3379; x_wconf 88' lang='lat' dir='ltr'><strong>qui</strong></span> <span class='ocrx_word' id='word_1_741' title='bbox 3168 3310 3357 3379; x_wconf 84' lang='lat' dir='ltr'><strong>scripti</strong></span> <span class='ocrx_word' id='word_1_742' title='bbox 3387 3318 3515 3367; x_wconf 89' lang='lat' dir='ltr'><strong>sunt</strong></span> <span class='ocrx_word' id='word_1_743' title='bbox 3550 3309 3622 3367; x_wconf 78' lang='lat' dir='ltr'><strong>ad</strong></span> 
     </span>
    </p>
   </div>
   <div class='ocr_carea' id='block_1_92' title="bbox 2053 3396 3622 3473">
    <p class='ocr_par' dir='ltr' id='par_1_92' title="bbox 2053 3396 3622 3473">
     <span class='ocr_line' id='line_1_92' title="bbox 2053 3396 3622 3473; baseline 0.007 -24"><span class='ocrx_word' id='word_1_744' title='bbox 2053 3396 2220 3450; x_wconf 88' lang='lat' dir='ltr'><strong>vitam</strong></span> <span class='ocrx_word' id='word_1_745' title='bbox 2240 3398 2307 3452; x_wconf 75' lang='grc'><strong>⁸⁸.</strong></span> <span class='ocrx_word' id='word_1_746' title='bbox 2346 3415 2365 3449; x_wconf 75' lang='grc' dir='ltr'><strong>ι</strong></span> <span class='ocrx_word' id='word_1_747' title='bbox 2399 3396 2541 3468; x_wconf 86' lang='lat' dir='ltr'><strong>Ergo</strong></span> <span class='ocrx_word' id='word_1_748' title='bbox 2566 3404 2625 3451; x_wconf 90' lang='lat' dir='ltr'><strong>ut</strong></span> <span class='ocrx_word' id='word_1_749' title='bbox 2659 3396 2771 3452; x_wconf 90' lang='lat' dir='ltr'><strong>illic</strong></span> <span class='ocrx_word' id='word_1_750' title='bbox 2820 3399 3086 3469; x_wconf 89' lang='lat' dir='ltr'><strong>reliquum</strong></span> <span class='ocrx_word' id='word_1_751' title='bbox 3132 3400 3468 3457; x_wconf 87' lang='lat' dir='ltr'><strong>nominatum</strong></span> <span class='ocrx_word' id='word_1_752' title='bbox 3491 3409 3577 3459; x_wconf 82' lang='lat' dir='ltr'><strong>est</strong></span> <span class='ocrx_word' id='word_1_753' title='bbox 3598 3440 3622 3473; x_wconf 71' lang='grc' dir='ltr'><strong><em>ο</em></strong></span> 
     </span>
    </p>
   </div>
   <div class='ocr_carea' id='block_1_93' title="bbox 2053 3486 3615 3561">
    <p class='ocr_par' dir='ltr' id='par_1_93' title="bbox 2053 3486 3615 3561">
     <span class='ocr_line' id='line_1_93' title="bbox 2053 3486 3615 3561; baseline 0.006 -21"><span class='ocrx_word' id='word_1_754' title='bbox 2053 3486 2250 3558; x_wconf 85' lang='lat' dir='ltr'><strong>hicque</strong></span> <span class='ocrx_word' id='word_1_755' title='bbox 2284 3488 2387 3559; x_wconf 87' lang='lat' dir='ltr'><strong>ipsi</strong></span> <span class='ocrx_word' id='word_1_756' title='bbox 2417 3497 2607 3556; x_wconf 89' lang='lat' dir='ltr'><strong>erant,</strong></span> <span class='ocrx_word' id='word_1_757' title='bbox 2658 3509 2677 3542; x_wconf 73' lang='grc' dir='ltr'><strong>ι</strong></span> <span class='ocrx_word' id='word_1_758' title='bbox 2714 3492 2806 3561; x_wconf 89' lang='lat' dir='ltr'><strong>qui</strong></span> <span class='ocrx_word' id='word_1_759' title='bbox 2844 3491 3031 3561; x_wconf 86' lang='lat' dir='ltr'><strong>scripti</strong></span> <span class='ocrx_word' id='word_1_760' title='bbox 3061 3502 3190 3551; x_wconf 89' lang='lat' dir='ltr'><strong>sunt</strong></span> <span class='ocrx_word' id='word_1_761' title='bbox 3238 3494 3306 3549; x_wconf 86' lang='lat' dir='ltr'><strong>ad</strong></span> <span class='ocrx_word' id='word_1_762' title='bbox 3338 3494 3542 3549; x_wconf 87' lang='lat' dir='ltr'><strong>vitam:</strong></span> <span class='ocrx_word' id='word_1_763' title='bbox 3592 3512 3615 3550; x_wconf 67' lang='grc' dir='ltr'><strong>ι</strong></span> 
     </span>
    </p>
   </div>
   <div class='ocr_carea' id='block_1_94' title="bbox 2054 3579 3621 3651">
    <p class='ocr_par' dir='ltr' id='par_1_94' title="bbox 2054 3579 3621 3651">
     <span class='ocr_line' id='line_1_94' title="bbox 2054 3579 3621 3651; baseline 0.006 -21"><span class='ocrx_word' id='word_1_764' title='bbox 2054 3580 2127 3631; x_wconf 88' lang='lat' dir='ltr'><strong>ita</strong></span> <span class='ocrx_word' id='word_1_765' title='bbox 2151 3579 2312 3634; x_wconf 90' lang='lat' dir='ltr'><strong>etiam</strong></span> <span class='ocrx_word' id='word_1_766' title='bbox 2338 3580 2447 3644; x_wconf 89' lang='lat' dir='ltr'><strong>hic,</strong></span> <span class='ocrx_word' id='word_1_767' title='bbox 2478 3598 2497 3630; x_wconf 74' lang='grc' dir='ltr'><strong>ι</strong></span> <span class='ocrx_word' id='word_1_768' title='bbox 2537 3580 2630 3650; x_wconf 84' lang='lat' dir='ltr'><strong>qui</strong></span> <span class='ocrx_word' id='word_1_769' title='bbox 2659 3581 2853 3651; x_wconf 88' lang='lat' dir='ltr'><strong>reliqui</strong></span> <span class='ocrx_word' id='word_1_770' title='bbox 2885 3580 3084 3637; x_wconf 88' lang='lat' dir='ltr'><strong>fuerint</strong></span> <span class='ocrx_word' id='word_1_771' title='bbox 3110 3599 3175 3638; x_wconf 82' lang='lat' dir='ltr'><strong>ex</strong></span> <span class='ocrx_word' id='word_1_772' title='bbox 3202 3584 3282 3640; x_wconf 83' lang='lat' dir='ltr'><strong>eis</strong></span> <span class='ocrx_word' id='word_1_773' title='bbox 3301 3622 3317 3649; x_wconf 91' lang='lat'><strong>,</strong></span> <span class='ocrx_word' id='word_1_774' title='bbox 3357 3599 3621 3640; x_wconf 84' lang='lat' dir='ltr'><strong>numerus</strong></span> 
     </span>
    </p>
   </div>
   <div class='ocr_carea' id='block_1_95' title="bbox 2053 3672 3626 3747">
    <p class='ocr_par' dir='ltr' id='par_1_95' title="bbox 2053 3672 3626 3747">
     <span class='ocr_line' id='line_1_95' title="bbox 2053 3672 3626 3747; baseline 0.004 -22"><span class='ocrx_word' id='word_1_775' title='bbox 2053 3678 2234 3735; x_wconf 88' lang='lat' dir='ltr'><strong>erunt,</strong></span> <span class='ocrx_word' id='word_1_776' title='bbox 2264 3677 2318 3725; x_wconf 91' lang='lat' dir='ltr'><strong>et</strong></span> <span class='ocrx_word' id='word_1_777' title='bbox 2349 3672 2609 3739; x_wconf 88' lang='lat' dir='ltr'><strong>puerulus</strong></span> <span class='ocrx_word' id='word_1_778' title='bbox 2644 3673 2845 3728; x_wconf 88' lang='lat' dir='ltr'><strong>scribet</strong></span> <span class='ocrx_word' id='word_1_779' title='bbox 2879 3690 2994 3729; x_wconf 86' lang='lat' dir='ltr'><strong>eos.</strong></span> <span class='ocrx_word' id='word_1_780' title='bbox 3038 3692 3058 3726; x_wconf 74' lang='grc' dir='ltr'><strong>ι</strong></span> <span class='ocrx_word' id='word_1_781' title='bbox 3091 3674 3203 3729; x_wconf 90' lang='lat' dir='ltr'><strong>lloc</strong></span> <span class='ocrx_word' id='word_1_782' title='bbox 3234 3690 3399 3746; x_wconf 90' lang='lat' dir='ltr'><strong>porro</strong></span> <span class='ocrx_word' id='word_1_783' title='bbox 3440 3676 3626 3747; x_wconf 67' lang='lat' dir='ltr'><strong>ipsum</strong></span> 
     </span>
    </p>
   </div>
   <div class='ocr_carea' id='block_1_96' title="bbox 2059 3761 3625 3835">
    <p class='ocr_par' dir='ltr' id='par_1_96' title="bbox 2059 3761 3625 3835">
     <span class='ocr_line' id='line_1_96' title="bbox 2059 3761 3625 3835; baseline 0.008 -25"><span class='ocrx_word' id='word_1_784' title='bbox 2059 3778 2077 3810; x_wconf 86' lang='grc'><em>‹</em></span> <span class='ocrx_word' id='word_1_785' title='bbox 2115 3761 2257 3830; x_wconf 87' lang='lat' dir='ltr'><strong>quod</strong></span> <span class='ocrx_word' id='word_1_786' title='bbox 2283 3762 2530 3817; x_wconf 91' lang='lat' dir='ltr'><strong>relictum</strong></span> <span class='ocrx_word' id='word_1_787' title='bbox 2559 3762 2721 3819; x_wconf 91' lang='lat' dir='ltr'><strong>fuerit</strong></span> <span class='ocrx_word' id='word_1_788' title='bbox 2756 3779 2823 3819; x_wconf 74' lang='lat' dir='ltr'><strong>ex</strong></span> <span class='ocrx_word' id='word_1_789' title='bbox 2851 3763 3053 3831; x_wconf 88' lang='lat' dir='ltr'><strong>lsraei,</strong></span> <span class='ocrx_word' id='word_1_790' title='bbox 3091 3775 3144 3818; x_wconf 88' lang='lat' dir='ltr'><strong>et</strong></span> <span class='ocrx_word' id='word_1_791' title='bbox 3171 3765 3263 3835; x_wconf 90' lang='lat' dir='ltr'><strong>qui</strong></span> <span class='ocrx_word' id='word_1_792' title='bbox 3307 3767 3507 3822; x_wconf 81' lang='lat' dir='ltr'><strong>servati</strong></span> <span class='ocrx_word' id='word_1_793' title='bbox 3551 3782 3625 3825; x_wconf 60' lang='lat' dir='ltr'><strong>cx&#39;</strong></span> 
     </span>
    </p>
   </div>
   <div class='ocr_carea' id='block_1_97' title="bbox 2052 3850 3621 3927">
    <p class='ocr_par' dir='ltr' id='par_1_97' title="bbox 2052 3850 3621 3927">
     <span class='ocr_line' id='line_1_97' title="bbox 2052 3850 3621 3927; baseline 0.005 -23"><span class='ocrx_word' id='word_1_794' title='bbox 2052 3850 2241 3915; x_wconf 86' lang='lat' dir='ltr'><strong>Jacob,</strong></span> <span class='ocrx_word' id='word_1_795' title='bbox 2272 3868 2382 3906; x_wconf 89' lang='lat' dir='ltr'><strong>non</strong></span> <span class='ocrx_word' id='word_1_796' title='bbox 2407 3853 2569 3920; x_wconf 88' lang='lat' dir='ltr'><strong>ultra,</strong></span> <span class='ocrx_word' id='word_1_797' title='bbox 2595 3873 2613 3905; x_wconf 84' lang='grc'><strong>›</strong></span> <span class='ocrx_word' id='word_1_798' title='bbox 2635 3854 2828 3926; x_wconf 89' lang='lat' dir='ltr'><strong>inquit,</strong></span> <span class='ocrx_word' id='word_1_799' title='bbox 2866 3873 2884 3905; x_wconf 76' lang='grc' dir='ltr'><strong>ι</strong></span> <span class='ocrx_word' id='word_1_800' title='bbox 2925 3855 2978 3908; x_wconf 94' lang='lat' dir='ltr'><strong>in</strong></span> <span class='ocrx_word' id='word_1_801' title='bbox 3010 3855 3090 3910; x_wconf 91' lang='lat' dir='ltr'><strong>eis</strong></span> <span class='ocrx_word' id='word_1_802' title='bbox 3120 3855 3211 3925; x_wconf 90' lang='lat' dir='ltr'><strong>qui</strong></span> <span class='ocrx_word' id='word_1_803' title='bbox 3243 3854 3392 3925; x_wconf 89' lang='lat' dir='ltr'><strong>ipsos</strong></span> <span class='ocrx_word' id='word_1_804' title='bbox 3421 3855 3621 3927; x_wconf 80' lang='lat' dir='ltr'><strong>injuria</strong></span> 
     </span>
    </p>
   </div>
   <div class='ocr_carea' id='block_1_98' title="bbox 2052 3941 3621 4009">
    <p class='ocr_par' dir='ltr' id='par_1_98' title="bbox 2052 3941 3621 4009">
     <span class='ocr_line' id='line_1_98' title="bbox 2052 3941 3621 4009; baseline 0.006 -13"><span class='ocrx_word' id='word_1_805' title='bbox 2052 3941 2359 4009; x_wconf 79' lang='lat' dir='ltr'><strong>affecerint,</strong></span> <span class='ocrx_word' id='word_1_806' title='bbox 2419 3943 2515 4000; x_wconf 91' lang='lat' dir='ltr'><strong>sed</strong></span> <span class='ocrx_word' id='word_1_807' title='bbox 2571 3946 2627 3999; x_wconf 93' lang='lat' dir='ltr'><strong>in</strong></span> <span class='ocrx_word' id='word_1_808' title='bbox 2673 3946 2782 4001; x_wconf 91' lang='lat' dir='ltr'><strong>Deo</strong></span> <span class='ocrx_word' id='word_1_809' title='bbox 2835 3954 3026 4001; x_wconf 86' lang='lat' dir='ltr'><strong>saneto</strong></span> <span class='ocrx_word' id='word_1_810' title='bbox 3074 3944 3237 4002; x_wconf 87' lang='lat' dir='ltr'><strong>Israel</strong></span> <span class='ocrx_word' id='word_1_811' title='bbox 3283 3946 3621 4004; x_wconf 83' lang='lat' dir='ltr'><strong>conﬁdentes</strong></span> 
     </span>
    </p>
   </div>
   <div class='ocr_carea' id='block_1_99' title="bbox 2052 4036 3621 4110">
    <p class='ocr_par' dir='ltr' id='par_1_99' title="bbox 2052 4036 3621 4110">
     <span class='ocr_line' id='line_1_99' title="bbox 2052 4036 3621 4110; baseline 0.003 -20"><span class='ocrx_word' id='word_1_812' title='bbox 2052 4043 2212 4090; x_wconf 90' lang='lat' dir='ltr'><strong>erunt</strong></span> <span class='ocrx_word' id='word_1_813' title='bbox 2241 4054 2255 4090; x_wconf 91' lang='lat'><strong>:</strong></span> <span class='ocrx_word' id='word_1_814' title='bbox 2300 4055 2318 4088; x_wconf 76' lang='grc' dir='ltr'><strong>ι</strong></span> <span class='ocrx_word' id='word_1_815' title='bbox 2355 4043 2410 4091; x_wconf 92' lang='lat' dir='ltr'><strong>et</strong></span> <span class='ocrx_word' id='word_1_816' title='bbox 2446 4050 2579 4093; x_wconf 90' lang='lat' dir='ltr'><strong>sane</strong></span> <span class='ocrx_word' id='word_1_817' title='bbox 2604 4036 2719 4106; x_wconf 90' lang='lat' dir='ltr'><strong>jam</strong></span> <span class='ocrx_word' id='word_1_818' title='bbox 2753 4045 2958 4107; x_wconf 86' lang='lat' dir='ltr'><strong>specta,</strong></span> <span class='ocrx_word' id='word_1_819' title='bbox 2984 4047 3165 4092; x_wconf 92' lang='lat' dir='ltr'><strong>utrum</strong></span> <span class='ocrx_word' id='word_1_820' title='bbox 3213 4036 3330 4110; x_wconf 87' lang='lat' dir='ltr'><strong>ipsa</strong></span> <span class='ocrx_word' id='word_1_821' title='bbox 3358 4039 3461 4093; x_wconf 86' lang='lat' dir='ltr'><strong>hac</strong></span> <span class='ocrx_word' id='word_1_822' title='bbox 3487 4054 3621 4094; x_wconf 86' lang='lat' dir='ltr'><strong>con-</strong></span> 
     </span>
    </p>
   </div>
   <div class='ocr_carea' id='block_1_100' title="bbox 2054 4125 3622 4200">
    <p class='ocr_par' dir='ltr' id='par_1_100' title="bbox 2054 4125 3622 4200">
     <span class='ocr_line' id='line_1_100' title="bbox 2054 4125 3622 4200; baseline 0.002 -18"><span class='ocrx_word' id='word_1_823' title='bbox 2054 4126 2273 4182; x_wconf 88' lang='lat' dir='ltr'><strong>ﬁdentia</strong></span> <span class='ocrx_word' id='word_1_824' title='bbox 2304 4126 2364 4190; x_wconf 91' lang='lat' dir='ltr'><strong>ii,</strong></span> <span class='ocrx_word' id='word_1_825' title='bbox 2389 4127 2482 4197; x_wconf 89' lang='lat' dir='ltr'><strong>qui</strong></span> <span class='ocrx_word' id='word_1_826' title='bbox 2516 4142 2582 4182; x_wconf 79' lang='lat' dir='ltr'><strong>ex</strong></span> <span class='ocrx_word' id='word_1_827' title='bbox 2623 4125 2848 4182; x_wconf 74' lang='lat' dir='ltr'><strong>Iudaica</strong></span> <span class='ocrx_word' id='word_1_828' title='bbox 2898 4136 3058 4199; x_wconf 90' lang='lat' dir='ltr'><strong>gente</strong></span> <span class='ocrx_word' id='word_1_829' title='bbox 3099 4127 3325 4200; x_wconf 86' lang='lat' dir='ltr'><strong>profecti</strong></span> <span class='ocrx_word' id='word_1_830' title='bbox 3358 4137 3527 4195; x_wconf 89' lang='lat' dir='ltr'><strong>sunt,</strong></span> <span class='ocrx_word' id='word_1_831' title='bbox 3564 4136 3622 4185; x_wconf 83' lang='lat' dir='ltr'><strong>et</strong></span> 
     </span>
    </p>
   </div>
   <div class='ocr_carea' id='block_1_101' title="bbox 2053 4213 3621 4287">
    <p class='ocr_par' dir='ltr' id='par_1_101' title="bbox 2053 4213 3621 4287">
     <span class='ocr_line' id='line_1_101' title="bbox 2053 4213 3621 4287; baseline 0.003 -18"><span class='ocrx_word' id='word_1_832' title='bbox 2053 4216 2144 4286; x_wconf 89' lang='lat' dir='ltr'><strong>qui</strong></span> <span class='ocrx_word' id='word_1_833' title='bbox 2185 4214 2252 4269; x_wconf 90' lang='lat' dir='ltr'><strong>de</strong></span> <span class='ocrx_word' id='word_1_834' title='bbox 2278 4215 2434 4269; x_wconf 84' lang='lat' dir='ltr'><strong>ruina</strong></span> <span class='ocrx_word' id='word_1_835' title='bbox 2468 4213 2633 4271; x_wconf 88' lang='lat' dir='ltr'><strong>lsrael</strong></span> <span class='ocrx_word' id='word_1_836' title='bbox 2653 4214 2826 4271; x_wconf 87' lang='lat' dir='ltr'><strong>relicti</strong></span> <span class='ocrx_word' id='word_1_837' title='bbox 2857 4222 2985 4270; x_wconf 89' lang='lat' dir='ltr'><strong>sunt</strong></span> <span class='ocrx_word' id='word_1_838' title='bbox 3014 4216 3267 4287; x_wconf 86' lang='lat' dir='ltr'><strong>discipuli</strong></span> <span class='ocrx_word' id='word_1_839' title='bbox 3296 4225 3351 4272; x_wconf 86' lang='lat' dir='ltr'><strong>et</strong></span> <span class='ocrx_word' id='word_1_840' title='bbox 3389 4218 3621 4287; x_wconf 86' lang='lat' dir='ltr'><strong>apostoli</strong></span> 
     </span>
    </p>
   </div>
   <div class='ocr_carea' id='block_1_102' title="bbox 2055 4306 3621 4379">
    <p class='ocr_par' dir='ltr' id='par_1_102' title="bbox 2055 4306 3621 4379">
     <span class='ocr_line' id='line_1_102' title="bbox 2055 4306 3621 4379; baseline 0.001 -18"><span class='ocrx_word' id='word_1_841' title='bbox 2055 4306 2351 4363; x_wconf 83' lang='lat' dir='ltr'><strong>Salvatoris</strong></span> <span class='ocrx_word' id='word_1_842' title='bbox 2393 4306 2590 4371; x_wconf 88' lang='lat' dir='ltr'><strong>nostri,</strong></span> <span class='ocrx_word' id='word_1_843' title='bbox 2621 4307 2755 4362; x_wconf 86' lang='lat' dir='ltr'><strong>nihil</strong></span> <span class='ocrx_word' id='word_1_844' title='bbox 2795 4307 3184 4363; x_wconf 64' lang='lat' dir='ltr'><strong>aestimaverint</strong></span> <span class='ocrx_word' id='word_1_845' title='bbox 3213 4308 3486 4379; x_wconf 85' lang='lat' dir='ltr'><strong>principes</strong></span> <span class='ocrx_word' id='word_1_846' title='bbox 3515 4323 3621 4363; x_wconf 64' lang='lat' dir='ltr'><strong>saa—</strong></span> 
     </span>
    </p>
   </div>
   <div class='ocr_carea' id='block_1_103' title="bbox 2053 4395 3619 4471">
    <p class='ocr_par' dir='ltr' id='par_1_103' title="bbox 2053 4395 3619 4471">
     <span class='ocr_line' id='line_1_103' title="bbox 2053 4395 3619 4471; baseline 0.001 -18"><span class='ocrx_word' id='word_1_847' title='bbox 2053 4398 2162 4453; x_wconf 92' lang='lat' dir='ltr'><strong>culi</strong></span> <span class='ocrx_word' id='word_1_848' title='bbox 2198 4398 2383 4468; x_wconf 86' lang='lat' dir='ltr'><strong>hujus,</strong></span> <span class='ocrx_word' id='word_1_849' title='bbox 2422 4412 2518 4453; x_wconf 89' lang='lat' dir='ltr'><strong>seu</strong></span> <span class='ocrx_word' id='word_1_850' title='bbox 2567 4397 2837 4468; x_wconf 87' lang='lat' dir='ltr'><strong>principes</strong></span> <span class='ocrx_word' id='word_1_851' title='bbox 2860 4395 3093 4463; x_wconf 84' lang='lat' dir='ltr'><strong>Judaiei,</strong></span> <span class='ocrx_word' id='word_1_852' title='bbox 3125 4400 3216 4471; x_wconf 88' lang='lat' dir='ltr'><strong>qui</strong></span> <span class='ocrx_word' id='word_1_853' title='bbox 3243 4401 3372 4455; x_wconf 88' lang='lat' dir='ltr'><strong>olim</strong></span> <span class='ocrx_word' id='word_1_854' title='bbox 3418 4400 3619 4471; x_wconf 84' lang='lat' dir='ltr'><strong>injuria</strong></span> 
     </span>
    </p>
   </div>
   <div class='ocr_carea' id='block_1_104' title="bbox 2053 4488 3619 4561">
    <p class='ocr_par' dir='ltr' id='par_1_104' title="bbox 2053 4488 3619 4561">
     <span class='ocr_line' id='line_1_104' title="bbox 2053 4488 3619 4561; baseline -0.001 -17"><span class='ocrx_word' id='word_1_855' title='bbox 2053 4505 2148 4545; x_wconf 89' lang='lat' dir='ltr'><strong>eos</strong></span> <span class='ocrx_word' id='word_1_856' title='bbox 2176 4488 2500 4554; x_wconf 83' lang='lat' dir='ltr'><strong>aiiiciebant,</strong></span> <span class='ocrx_word' id='word_1_857' title='bbox 2541 4495 2594 4543; x_wconf 90' lang='lat' dir='ltr'><strong>et</strong></span> <span class='ocrx_word' id='word_1_858' title='bbox 2624 4488 2704 4543; x_wconf 90' lang='lat' dir='ltr'><strong>sic</strong></span> <span class='ocrx_word' id='word_1_859' title='bbox 2753 4488 2808 4542; x_wconf 93' lang='lat' dir='ltr'><strong>in</strong></span> <span class='ocrx_word' id='word_1_860' title='bbox 2842 4503 3031 4545; x_wconf 90' lang='lat' dir='ltr'><strong>omnes</strong></span> <span class='ocrx_word' id='word_1_861' title='bbox 3081 4499 3268 4561; x_wconf 87' lang='lat' dir='ltr'><strong>gentes</strong></span> <span class='ocrx_word' id='word_1_862' title='bbox 3302 4500 3619 4561; x_wconf 85' lang='lat' dir='ltr'><strong>penetrave-</strong></span> 
     </span>
    </p>
   </div>
   <div class='ocr_carea' id='block_1_105' title="bbox 2054 4579 3621 4650">
    <p class='ocr_par' dir='ltr' id='par_1_105' title="bbox 2054 4579 3621 4650">
     <span class='ocr_line' id='line_1_105' title="bbox 2054 4579 3621 4650; baseline 0 -15"><span class='ocrx_word' id='word_1_863' title='bbox 2054 4583 2184 4645; x_wconf 88' lang='lat' dir='ltr'><strong>rint,</strong></span> <span class='ocrx_word' id='word_1_864' title='bbox 2216 4579 2492 4635; x_wconf 88' lang='lat' dir='ltr'><strong>Christum</strong></span> <span class='ocrx_word' id='word_1_865' title='bbox 2518 4579 2741 4635; x_wconf 80' lang='lat' dir='ltr'><strong>verbum</strong></span> <span class='ocrx_word' id='word_1_866' title='bbox 2776 4579 3154 4650; x_wconf 70' lang='lat' dir='ltr'><strong>praedieantes,</strong></span> <span class='ocrx_word' id='word_1_867' title='bbox 3195 4596 3264 4635; x_wconf 85' lang='lat' dir='ltr'><strong>an</strong></span> <span class='ocrx_word' id='word_1_868' title='bbox 3310 4594 3439 4636; x_wconf 84' lang='lat' dir='ltr'><strong>vero</strong></span> <span class='ocrx_word' id='word_1_869' title='bbox 3482 4579 3621 4635; x_wconf 86' lang='lat' dir='ltr'><strong>nihil</strong></span> 
     </span>
    </p>
   </div>
   <div class='ocr_carea' id='block_1_106' title="bbox 2056 4670 3619 4743">
    <p class='ocr_par' dir='ltr' id='par_1_106' title="bbox 2056 4670 3619 4743">
     <span class='ocr_line' id='line_1_106' title="bbox 2056 4670 3619 4743; baseline -0.001 -16"><span class='ocrx_word' id='word_1_870' title='bbox 2056 4673 2251 4727; x_wconf 89' lang='lat' dir='ltr'><strong>horum</strong></span> <span class='ocrx_word' id='word_1_871' title='bbox 2296 4672 2414 4728; x_wconf 83' lang='lat' dir='ltr'><strong>ausi</strong></span> <span class='ocrx_word' id='word_1_872' title='bbox 2456 4671 2586 4735; x_wconf 89' lang='lat' dir='ltr'><strong>sint,</strong></span> <span class='ocrx_word' id='word_1_873' title='bbox 2618 4680 2781 4742; x_wconf 86' lang='lat' dir='ltr'><strong>atque</strong></span> <span class='ocrx_word' id='word_1_874' title='bbox 2827 4678 3008 4728; x_wconf 91' lang='lat' dir='ltr'><strong>utrum</strong></span> <span class='ocrx_word' id='word_1_875' title='bbox 3054 4673 3239 4728; x_wconf 88' lang='lat' dir='ltr'><strong>eadem</strong></span> <span class='ocrx_word' id='word_1_876' title='bbox 3288 4687 3413 4743; x_wconf 84' lang='lat' dir='ltr'><strong>erga</strong></span> <span class='ocrx_word' id='word_1_877' title='bbox 3450 4670 3619 4727; x_wconf 89' lang='lat' dir='ltr'><strong>Deum</strong></span> 
     </span>
    </p>
   </div>
   <div class='ocr_carea' id='block_1_107' title="bbox 2054 4762 3621 4837">
    <p class='ocr_par' dir='ltr' id='par_1_107' title="bbox 2054 4762 3621 4837">
     <span class='ocr_line' id='line_1_107' title="bbox 2054 4762 3621 4837; baseline -0.001 -17"><span class='ocrx_word' id='word_1_878' title='bbox 2054 4764 2382 4821; x_wconf 88' lang='lat' dir='ltr'><strong>conﬁdentia</strong></span> <span class='ocrx_word' id='word_1_879' title='bbox 2414 4765 2581 4834; x_wconf 88' lang='lat' dir='ltr'><strong>(nam.</strong></span> <span class='ocrx_word' id='word_1_880' title='bbox 2614 4771 2675 4819; x_wconf 93' lang='lat' dir='ltr'><strong>ut</strong></span> <span class='ocrx_word' id='word_1_881' title='bbox 2703 4764 2986 4837; x_wconf 89' lang='lat' dir='ltr'><strong>prophetia</strong></span> <span class='ocrx_word' id='word_1_882' title='bbox 3017 4764 3199 4828; x_wconf 86' lang='lat' dir='ltr'><strong>habet,</strong></span> <span class='ocrx_word' id='word_1_883' title='bbox 3228 4781 3248 4814; x_wconf 75' lang='grc' dir='ltr'><strong>ι</strong></span> <span class='ocrx_word' id='word_1_884' title='bbox 3285 4762 3621 4819; x_wconf 86' lang='lat' dir='ltr'><strong>conﬁdentes</strong></span> 
     </span>
    </p>
   </div>
   <div class='ocr_carea' id='block_1_108' title="bbox 2055 4853 3615 4914">
    <p class='ocr_par' dir='ltr' id='par_1_108' title="bbox 2055 4853 3615 4914">
     <span class='ocr_line' id='line_1_108' title="bbox 2055 4853 3615 4914; baseline -0.003 -4"><span class='ocrx_word' id='word_1_885' title='bbox 2055 4865 2209 4911; x_wconf 90' lang='lat' dir='ltr'><strong>erant</strong></span> <span class='ocrx_word' id='word_1_886' title='bbox 2241 4858 2296 4911; x_wconf 90' lang='lat' dir='ltr'><strong>in</strong></span> <span class='ocrx_word' id='word_1_887' title='bbox 2327 4855 2438 4913; x_wconf 90' lang='lat' dir='ltr'><strong>Deo</strong></span> <span class='ocrx_word' id='word_1_888' title='bbox 2481 4863 2671 4914; x_wconf 88' lang='lat' dir='ltr'><strong>sancto</strong></span> <span class='ocrx_word' id='word_1_889' title='bbox 2704 4857 2868 4914; x_wconf 88' lang='lat' dir='ltr'><strong>lsrael</strong></span> <span class='ocrx_word' id='word_1_890' title='bbox 2902 4858 2957 4911; x_wconf 86' lang='lat' dir='ltr'><strong>in</strong></span> <span class='ocrx_word' id='word_1_891' title='bbox 2987 4855 3235 4912; x_wconf 83' lang='lat' dir='ltr'><strong>veritate.</strong></span> <span class='ocrx_word' id='word_1_892' title='bbox 3270 4873 3290 4908; x_wconf 77' lang='grc' dir='ltr'><strong>ι</strong></span> <span class='ocrx_word' id='word_1_893' title='bbox 3325 4853 3443 4911; x_wconf 84' lang='lat' dir='ltr'><strong>Non</strong></span> <span class='ocrx_word' id='word_1_894' title='bbox 3470 4854 3615 4906; x_wconf 89' lang='lat' dir='ltr'><strong>enim</strong></span> 
     </span>
    </p>
   </div>
   <div class='ocr_carea' id='block_1_109' title="bbox 2056 4944 3620 5019">
    <p class='ocr_par' dir='ltr' id='par_1_109' title="bbox 2056 4944 3620 5019">
     <span class='ocr_line' id='line_1_109' title="bbox 2056 4944 3620 5019; baseline -0.003 -15"><span class='ocrx_word' id='word_1_895' title='bbox 2056 4948 2282 5005; x_wconf 89' lang='lat' dir='ltr'><strong>subdole</strong></span> <span class='ocrx_word' id='word_1_896' title='bbox 2319 4959 2412 5005; x_wconf 87' lang='lat' dir='ltr'><strong>aut</strong></span> <span class='ocrx_word' id='word_1_897' title='bbox 2439 4949 2690 5006; x_wconf 89' lang='lat' dir='ltr'><strong>simulate</strong></span> <span class='ocrx_word' id='word_1_898' title='bbox 2711 4992 2728 5019; x_wconf 97' lang='lat'><strong>,</strong></span> <span class='ocrx_word' id='word_1_899' title='bbox 2774 4949 2867 5006; x_wconf 87' lang='lat' dir='ltr'><strong>sed</strong></span> <span class='ocrx_word' id='word_1_900' title='bbox 2900 4964 3027 5005; x_wconf 79' lang='lat' dir='ltr'><strong>vere</strong></span> <span class='ocrx_word' id='word_1_901' title='bbox 3060 4956 3204 5009; x_wconf 85' lang='lat' dir='ltr'><strong>totos</strong></span> <span class='ocrx_word' id='word_1_902' title='bbox 3253 4947 3461 5018; x_wconf 83' lang='lat' dir='ltr'><strong>seipsos</strong></span> <span class='ocrx_word' id='word_1_903' title='bbox 3501 4944 3620 5016; x_wconf 85' lang='lat' dir='ltr'><strong>spei</strong></span> 
     </span>
    </p>
   </div>
   <div class='ocr_carea' id='block_1_110' title="bbox 2054 5034 3619 5110">
    <p class='ocr_par' dir='ltr' id='par_1_110' title="bbox 2054 5034 3619 5110">
     <span class='ocr_line' id='line_1_110' title="bbox 2054 5034 3619 5110; baseline -0.002 -16"><span class='ocrx_word' id='word_1_904' title='bbox 2054 5040 2408 5106; x_wconf 72' lang='lat' dir='ltr'><strong>dediderant)</strong></span> <span class='ocrx_word' id='word_1_905' title='bbox 2463 5056 2572 5097; x_wconf 90' lang='lat' dir='ltr'><strong>non</strong></span> <span class='ocrx_word' id='word_1_906' title='bbox 2617 5041 2792 5099; x_wconf 85' lang='lat' dir='ltr'><strong>solum</strong></span> <span class='ocrx_word' id='word_1_907' title='bbox 2849 5040 2917 5096; x_wconf 90' lang='lat' dir='ltr'><strong>de</strong></span> <span class='ocrx_word' id='word_1_908' title='bbox 2969 5054 3068 5095; x_wconf 89' lang='lat' dir='ltr'><strong>sua</strong></span> <span class='ocrx_word' id='word_1_909' title='bbox 3118 5040 3336 5110; x_wconf 80' lang='lat' dir='ltr'><strong>regione</strong></span> <span class='ocrx_word' id='word_1_910' title='bbox 3389 5034 3619 5108; x_wconf 78' lang='lat' dir='ltr'><strong>profecti</strong></span> 
     </span>
    </p>
   </div>
   <div class='ocr_carea' id='block_1_111' title="bbox 2056 5126 3623 5205">
    <p class='ocr_par' dir='ltr' id='par_1_111' title="bbox 2056 5126 3623 5205">
     <span class='ocr_line' id='line_1_111' title="bbox 2056 5126 3623 5205; baseline -0.003 -17"><span class='ocrx_word' id='word_1_911' title='bbox 2056 5133 2182 5199; x_wconf 90' lang='lat' dir='ltr'><strong>sint,</strong></span> <span class='ocrx_word' id='word_1_912' title='bbox 2219 5148 2404 5189; x_wconf 85' lang='lat' dir='ltr'><strong>verum</strong></span> <span class='ocrx_word' id='word_1_913' title='bbox 2444 5132 2497 5186; x_wconf 92' lang='lat' dir='ltr'><strong>id</strong></span> <span class='ocrx_word' id='word_1_914' title='bbox 2533 5133 2678 5205; x_wconf 90' lang='lat' dir='ltr'><strong>quod</strong></span> <span class='ocrx_word' id='word_1_915' title='bbox 2708 5132 2843 5204; x_wconf 88' lang='lat' dir='ltr'><strong>ipsis</strong></span> <span class='ocrx_word' id='word_1_916' title='bbox 2892 5132 3226 5202; x_wconf 86' lang='lat' dir='ltr'><strong>propositum</strong></span> <span class='ocrx_word' id='word_1_917' title='bbox 3262 5127 3478 5187; x_wconf 83' lang='lat' dir='ltr'><strong>fuerat.</strong></span> <span class='ocrx_word' id='word_1_918' title='bbox 3523 5126 3623 5183; x_wconf 79' lang='lat' dir='ltr'><strong>ab-</strong></span> 
     </span>
    </p>
   </div>
   <div class='ocr_carea' id='block_1_112' title="bbox 2054 5222 3621 5296">
    <p class='ocr_par' dir='ltr' id='par_1_112' title="bbox 2054 5222 3621 5296">
     <span class='ocr_line' id='line_1_112' title="bbox 2054 5222 3621 5296; baseline -0.003 -17"><span class='ocrx_word' id='word_1_919' title='bbox 2054 5225 2197 5279; x_wconf 90' lang='lat' dir='ltr'><strong>unde</strong></span> <span class='ocrx_word' id='word_1_920' title='bbox 2226 5225 2574 5296; x_wconf 83' lang='lat' dir='ltr'><strong>perfecerint,</strong></span> <span class='ocrx_word' id='word_1_921' title='bbox 2601 5241 2669 5281; x_wconf 86' lang='lat' dir='ltr'><strong>an</strong></span> <span class='ocrx_word' id='word_1_922' title='bbox 2694 5240 2824 5281; x_wconf 89' lang='lat' dir='ltr'><strong>non.</strong></span> <span class='ocrx_word' id='word_1_923' title='bbox 2857 5224 3057 5293; x_wconf 80' lang='lat' dir='ltr'><strong>Nempe</strong></span> <span class='ocrx_word' id='word_1_924' title='bbox 3079 5223 3183 5277; x_wconf 89' lang='lat' dir='ltr'><strong>hoc</strong></span> <span class='ocrx_word' id='word_1_925' title='bbox 3213 5222 3391 5293; x_wconf 85' lang='lat' dir='ltr'><strong>ipsum</strong></span> <span class='ocrx_word' id='word_1_926' title='bbox 3424 5234 3621 5275; x_wconf 88' lang='lat' dir='ltr'><strong>rursus</strong></span> 
     </span>
    </p>
   </div>
   <div class='ocr_carea' id='block_1_113' title="bbox 2055 5312 3622 5389">
    <p class='ocr_par' dir='ltr' id='par_1_113' title="bbox 2055 5312 3622 5389">
     <span class='ocr_line' id='line_1_113' title="bbox 2055 5312 3622 5389; baseline -0.003 -20"><span class='ocrx_word' id='word_1_927' title='bbox 2055 5315 2106 5370; x_wconf 89' lang='lat' dir='ltr'><strong>id</strong></span> <span class='ocrx_word' id='word_1_928' title='bbox 2140 5316 2309 5384; x_wconf 78' lang='lat' dir='ltr'><strong>fuisse</strong></span> <span class='ocrx_word' id='word_1_929' title='bbox 2350 5316 2616 5381; x_wconf 86' lang='lat' dir='ltr'><strong>invenies,</strong></span> <span class='ocrx_word' id='word_1_930' title='bbox 2646 5315 2792 5389; x_wconf 84' lang='lat' dir='ltr'><strong>quod</strong></span> <span class='ocrx_word' id='word_1_931' title='bbox 2839 5315 3086 5371; x_wconf 90' lang='lat' dir='ltr'><strong>relictum</strong></span> <span class='ocrx_word' id='word_1_932' title='bbox 3119 5319 3203 5368; x_wconf 85' lang='lat' dir='ltr'><strong>est</strong></span> <span class='ocrx_word' id='word_1_933' title='bbox 3229 5312 3388 5385; x_wconf 88' lang='lat' dir='ltr'><strong>quasi</strong></span> <span class='ocrx_word' id='word_1_934' title='bbox 3431 5324 3622 5367; x_wconf 87' lang='lat' dir='ltr'><strong>semen</strong></span> 
     </span>
    </p>
   </div>
   <div class='ocr_carea' id='block_1_114' title="bbox 2054 5401 3620 5475">
    <p class='ocr_par' dir='ltr' id='par_1_114' title="bbox 2054 5401 3620 5475">
     <span class='ocr_line' id='line_1_114' title="bbox 2054 5401 3620 5475; baseline -0.005 -13"><span class='ocrx_word' id='word_1_935' title='bbox 2054 5407 2229 5463; x_wconf 68' lang='lat' dir='ltr'><strong>ruinae</strong></span> <span class='ocrx_word' id='word_1_936' title='bbox 2251 5406 2421 5463; x_wconf 77' lang='lat' dir='ltr'><strong>Iacob</strong></span> <span class='ocrx_word' id='word_1_937' title='bbox 2447 5447 2464 5475; x_wconf 95' lang='lat'><strong>,</strong></span> <span class='ocrx_word' id='word_1_938' title='bbox 2523 5408 2578 5463; x_wconf 92' lang='lat' dir='ltr'><strong>in</strong></span> <span class='ocrx_word' id='word_1_939' title='bbox 2612 5406 2721 5462; x_wconf 88' lang='lat' dir='ltr'><strong>Deo</strong></span> <span class='ocrx_word' id='word_1_940' title='bbox 2756 5405 2880 5461; x_wconf 87' lang='lat' dir='ltr'><strong>forti</strong></span> <span class='ocrx_word' id='word_1_941' title='bbox 2922 5403 3239 5462; x_wconf 88' lang='lat' dir='ltr'><strong>conﬁdens:</strong></span> <span class='ocrx_word' id='word_1_942' title='bbox 3300 5411 3461 5474; x_wconf 83' lang='lat' dir='ltr'><strong>atque</strong></span> <span class='ocrx_word' id='word_1_943' title='bbox 3490 5401 3620 5456; x_wconf 88' lang='lat' dir='ltr'><strong>item</strong></span> 
     </span>
    </p>
   </div>
   <div class='ocr_carea' id='block_1_115' title="bbox 2052 5493 3623 5570">
    <p class='ocr_par' dir='ltr' id='par_1_115' title="bbox 2052 5493 3623 5570">
     <span class='ocr_line' id='line_1_115' title="bbox 2052 5493 3623 5570; baseline -0.003 -18"><span class='ocrx_word' id='word_1_944' title='bbox 2052 5498 2157 5554; x_wconf 90' lang='lat' dir='ltr'><strong>hoc</strong></span> <span class='ocrx_word' id='word_1_945' title='bbox 2207 5498 2383 5570; x_wconf 90' lang='lat' dir='ltr'><strong>ipsum</strong></span> <span class='ocrx_word' id='word_1_946' title='bbox 2432 5499 2700 5555; x_wconf 61' lang='lat' dir='ltr'><strong>universa:</strong></span> <span class='ocrx_word' id='word_1_947' title='bbox 2746 5498 2866 5566; x_wconf 86' lang='lat' dir='ltr'><strong>ejus</strong></span> <span class='ocrx_word' id='word_1_948' title='bbox 2914 5495 3091 5563; x_wconf 79' lang='lat' dir='ltr'><strong>gentis</strong></span> <span class='ocrx_word' id='word_1_949' title='bbox 3133 5493 3411 5551; x_wconf 89' lang='lat' dir='ltr'><strong>residuum</strong></span> <span class='ocrx_word' id='word_1_950' title='bbox 3469 5494 3623 5563; x_wconf 78' lang='lat' dir='ltr'><strong>(quat</strong></span> 
     </span>
    </p>
   </div>
   <div class='ocr_carea' id='block_1_116' title="bbox 2054 5581 3680 5662">
    <p class='ocr_par' dir='ltr' id='par_1_116' title="bbox 2054 5581 3680 5662">
     <span class='ocr_line' id='line_1_116' title="bbox 2054 5581 3680 5662; baseline -0.007 -16"><span class='ocrx_word' id='word_1_951' title='bbox 2054 5591 2271 5662; x_wconf 88' lang='lat' dir='ltr'><strong>quidem</strong></span> <span class='ocrx_word' id='word_1_952' title='bbox 2302 5607 2435 5662; x_wconf 85' lang='lat' dir='ltr'><strong>gens</strong></span> <span class='ocrx_word' id='word_1_953' title='bbox 2463 5609 2482 5643; x_wconf 75' lang='grc' dir='ltr'><strong>ι</strong></span> <span class='ocrx_word' id='word_1_954' title='bbox 2502 5589 2665 5646; x_wconf 89' lang='lat' dir='ltr'><strong>fuerit</strong></span> <span class='ocrx_word' id='word_1_955' title='bbox 2682 5585 2835 5659; x_wconf 86' lang='lat' dir='ltr'><strong>quasi</strong></span> <span class='ocrx_word' id='word_1_956' title='bbox 2855 5600 3020 5641; x_wconf 85' lang='lat' dir='ltr'><strong>arena</strong></span> <span class='ocrx_word' id='word_1_957' title='bbox 3045 5587 3235 5652; x_wconf 88' lang='lat' dir='ltr'><strong>maris,</strong></span> <span class='ocrx_word' id='word_1_958' title='bbox 3275 5605 3294 5640; x_wconf 76' lang='grc' dir='ltr'><strong>ι</strong></span> <span class='ocrx_word' id='word_1_959' title='bbox 3328 5600 3439 5641; x_wconf 89' lang='lat' dir='ltr'><strong>non</strong></span> <span class='ocrx_word' id='word_1_960' title='bbox 3462 5581 3620 5654; x_wconf 81' lang='lat' dir='ltr'><strong>quasi</strong></span> <span class='ocrx_word' id='word_1_961' title='bbox 3670 5607 3680 5629; x_wconf 77' lang='grc' dir='ltr'><strong>ι</strong></span> 
     </span>
    </p>
   </div>
   <div class='ocr_carea' id='block_1_117' title="bbox 2056 5672 3628 5755">
    <p class='ocr_par' dir='ltr' id='par_1_117' title="bbox 2056 5672 3628 5755">
     <span class='ocr_line' id='line_1_117' title="bbox 2056 5672 3628 5755; baseline -0.008 -15"><span class='ocrx_word' id='word_1_962' title='bbox 2056 5684 2225 5740; x_wconf 71' lang='lat' dir='ltr'><strong>stella:</strong></span> <span class='ocrx_word' id='word_1_963' title='bbox 2255 5683 2400 5754; x_wconf 67' lang='lat' dir='ltr'><strong>caeli)</strong></span> <span class='ocrx_word' id='word_1_964' title='bbox 2426 5683 2648 5755; x_wconf 76' lang='lat' dir='ltr'><strong>dignum</strong></span> <span class='ocrx_word' id='word_1_965' title='bbox 2696 5678 2942 5735; x_wconf 85' lang='lat' dir='ltr'><strong>habitum</strong></span> <span class='ocrx_word' id='word_1_966' title='bbox 2966 5694 3110 5748; x_wconf 87' lang='lat' dir='ltr'><strong>esse,</strong></span> <span class='ocrx_word' id='word_1_967' title='bbox 3135 5678 3226 5735; x_wconf 83' lang='lat' dir='ltr'><strong>cui</strong></span> <span class='ocrx_word' id='word_1_968' title='bbox 3272 5679 3420 5736; x_wconf 86' lang='lat' dir='ltr'><strong>salus</strong></span> <span class='ocrx_word' id='word_1_969' title='bbox 3448 5691 3480 5731; x_wconf 89' lang='lat' dir='ltr'><strong>a</strong></span> <span class='ocrx_word' id='word_1_970' title='bbox 3515 5672 3628 5728; x_wconf 75' lang='lat' dir='ltr'><strong>Deo</strong></span> 
     </span>
    </p>
   </div>
   <div class='ocr_carea' id='block_1_118' title="bbox 462 5830 1953 5936">
    <p class='ocr_par' dir='ltr' id='par_1_118' title="bbox 462 5830 1953 5930">
     <span class='ocr_line' id='line_1_118' title="bbox 462 5830 1953 5930; baseline -0.001 -12"><span class='ocrx_word' id='word_1_971' title='bbox 462 5862 506 5894; x_wconf 81' lang='lat'>“</span> <span class='ocrx_word' id='word_1_972' title='bbox 534 5863 639 5919; x_wconf 84' lang='lat' dir='ltr'><strong>lsa.</strong></span> <span class='ocrx_word' id='word_1_973' title='bbox 678 5880 732 5930; x_wconf 82' lang='lat' dir='ltr'><strong>s,</strong></span> <span class='ocrx_word' id='word_1_974' title='bbox 766 5865 947 5918; x_wconf 71' lang='lat' dir='ltr'><strong>l7-23.</strong></span> <span class='ocrx_word' id='word_1_975' title='bbox 1027 5862 1074 5895; x_wconf 78' lang='grc'>³⁸</span> <span class='ocrx_word' id='word_1_976' title='bbox 1102 5860 1204 5918; x_wconf 86' lang='lat' dir='ltr'><strong>lsa.</strong></span> <span class='ocrx_word' id='word_1_977' title='bbox 1240 5877 1335 5926; x_wconf 86' lang='lat' dir='ltr'><strong>vn,</strong></span> <span class='ocrx_word' id='word_1_978' title='bbox 1373 5861 1453 5920; x_wconf 73' lang='grc' dir='ltr'>ιι.</span> <span class='ocrx_word' id='word_1_979' title='bbox 1531 5856 1572 5893; x_wconf 81' lang='grc'><strong><em>⁸⁸</em></strong></span> <span class='ocrx_word' id='word_1_980' title='bbox 1609 5830 1710 5916; x_wconf 54' lang='grc' dir='ltr'>ιειιξ</span> <span class='ocrx_word' id='word_1_981' title='bbox 1753 5876 1868 5927; x_wconf 84' lang='lat' dir='ltr'><strong>vm,</strong></span> <span class='ocrx_word' id='word_1_982' title='bbox 1904 5860 1953 5917; x_wconf 76' lang='grc' dir='ltr'>ι.</span> 
     </span>
    </p>
   </div>
   <div class='ocr_carea' id='block_1_119' title="bbox 2054 5830 2575 5936">
    <p class='ocr_par' dir='ltr' id='par_1_119' title="bbox 2054 5841 2575 5936">
     <span class='ocr_line' id='line_1_119' title="bbox 2054 5841 2575 5936; baseline 0.004 -24"><span class='ocrx_word' id='word_1_983' title='bbox 2054 5861 2078 5892; x_wconf 56' lang='grc' dir='ltr'>π’</span> <span class='ocrx_word' id='word_1_984' title='bbox 2119 5858 2223 5915; x_wconf 84' lang='lat' dir='ltr'><strong>lsa.</strong></span> <span class='ocrx_word' id='word_1_985' title='bbox 2256 5858 2409 5923; x_wconf 47' lang='grc' dir='ltr'><strong>ηδε.</strong></span> <span class='ocrx_word' id='word_1_986' title='bbox 2474 5841 2479 5846; x_wconf 56' lang='grc'><em>’</em></span> 
     </span>
    </p>
   </div>
  </div>
