4106 6434
341 406 449 462 ιιιὸ

1226 393 1882 491 ΒΙξΜΟΝΞΤΗΑΤΙΟΝΙὸ
1918 389 2376 449 EVANGELICE
2414 390 2540 445 LIB.
2586 387 2658 460 II.

3473 382 3573 437 H6

335 536 429 574 ται
462 516 657 588 ῥάϐδος
692 519 756 570 ἐκ
788 515 887 584 τῆς
937 514 1089 586 ῥίζης
1134 515 1349 576 Ἰεσσαὶ,
1394 514 1486 567 καὶ
1517 512 1674 577 ἄνθος
1704 514 1769 566 ἐκ
1808 513 1889 583 τῆς

2008 508 2187 565 dietur
2211 509 2361 579 virga
2376 507 2441 562 de
2455 504 2640 561 radice
2657 502 2829 570 Iesse,
2849 503 2954 574 75
2980 512 3032 559 et
3056 501 3153 559 ﬂos
3170 502 3235 556 de
3254 499 3433 555 radice
3448 498 3569 569 ejus

337 607 517 683 ῥίζης,
532 607 694 663 αὐτοῦ
730 606 1087 678 ἀναϐήσεται,
1130 625 1149 652 ι
1178 606 1272 659 καὶ
1299 604 1368 658 τὰ
1397 603 1541 674 ἐξῆς.
1584 602 1904 672 Σαφέστατα

334 703 435 774 τὴν
462 704 528 755 ἐκ
551 699 703 773 ῥίζης
741 699 935 753 Ἰεσσαὶ
971 698 1170 769 (πατὴρ
1198 697 1255 751 δὲ
1280 692 1349 769 ἦν
1377 688 1532 759 οὗτος
1570 695 1662 748 τοῦ
1716 694 1901 763 Δαὸὶδ)

336 795 550 864 γένεσιν
600 790 694 847 τοῦ
730 790 965 862 Χριστοῦ
1004 789 1293 859 παριστὰς,
1336 789 1420 857 ἐφ’
1465 781 1500 862 ᾖ
1547 785 1756 855 γενέσει
1805 785 1901 856 τὴν

338 884 447 938 τῶν
477 882 642 936 ἐθνῶν
680 882 870 951 κλῆσιν
902 880 1159 953 πρότερον
1198 880 1296 952 μὲν
1330 880 1396 932 δι’
1421 878 1738 949 αἰνίγματος
1767 893 1901 949 προ-

342 977 549 1049 φητικῷ
581 977 764 1048 τρόπῳ
796 974 1088 1041 ἀναφωνεῖ·
1127 971 1188 1025 τὸ
1215 970 1341 1041 γὰρ,
1390 987 1409 1019 ι
1452 964 1903 1039 Συμϐοσκηθήσε-

340 1085 427 1122 ται
462 1068 622 1130 λύκος
656 1066 770 1136 μετ’
813 1064 994 1136 ἀρνὸς,
1038 1063 1133 1116 καὶ
1164 1059 1422 1132 πάρδαλις
1444 1059 1539 1112 σὺν
1573 1056 1743 1128 ἐρίφῳ
1778 1071 1901 1121 συν-

337 1159 726 1222 αναπαύσεται,
760 1175 782 1209 ι
818 1156 912 1211 καὶ
939 1153 1006 1208 τὰ
1040 1153 1282 1216 τοιαῦτα,
1328 1151 1479 1203 οὐδὲν
1500 1149 1685 1220 ἕτερον
1716 1148 1749 1217 ἢ
1793 1146 1900 1200 τῶν

332 1252 541 1324 ἀγρίων
587 1251 679 1304 καὶ
722 1247 943 1319 ἀπηνῶν
982 1245 1073 1300 τὸν
1110 1246 1307 1315 τρόπον
1345 1244 1439 1296 καὶ
1497 1243 1658 1313 μηδὲν
1700 1240 1899 1312 θηρίων

330 1342 693 1414 διαφερόντων
719 1338 907 1401 ἐθνῶν,
938 1337 1037 1408 τὴν
1067 1338 1159 1390 ἐπὶ
1200 1339 1291 1389 τὸν
1329 1334 1523 1405 εὐσεϐῆ
1556 1333 1648 1387 καὶ
1692 1332 1899 1403 ἥμερόν

336 1453 391 1490 τε
434 1437 530 1490 καὶ
573 1432 884 1488 κοινωνικὸν
924 1431 1121 1502 τρόπον
1163 1427 1459 1501 μεταδολὴν
1497 1426 1711 1498 ἐδήλου·
1746 1424 1901 1478 τοῦτο

334 1529 389 1584 δὲ
417 1527 547 1582 αὐτὸ
582 1528 663 1588 εἰς
696 1524 920 1595 ὕστερον
965 1523 1299 1595 γυμνότερον
1332 1521 1593 1583 διδάσκει,
1641 1519 1893 1588 φάσκων·

334 1637 357 1672 ι
415 1616 744 1689 Ἐνεπλήσθη
769 1618 802 1687 ή
833 1614 1095 1686 σύμπασα
1114 1616 1187 1686 γῆ
1208 1612 1301 1667 τοῦ
1323 1612 1524 1682 γνῶναι
1555 1613 1645 1666 τὸν
1672 1611 1894 1683 Κύριον,

330 1708 405 1773 ῶς
429 1708 572 1779 ὕδωρ
614 1707 747 1761 πολὺ
775 1705 1142 1775 κατακαλύψει
1187 1704 1476 1769 θαλάσσας.
1520 1723 1539 1755 ι
1571 1703 1679 1758 Καὶ
1717 1701 1799 1755 ἐτι
1835 1718 1896 1770 γε

329 1801 489 1863 αὐτὸς
510 1800 698 1854 ἐαυτὸν
718 1797 1032 1871 ἑρμηνεύων
1054 1799 1082 1850 ὁ
1107 1796 1440 1869 προφητικὸς
1457 1795 1613 1865 λόγος
1633 1793 1894 1863 ἐπιλέγευ

2012 601 2344 664 ascendet",
2378 619 2396 652 ›
2417 609 2469 657 et
2487 605 2699 653 caetera.
2716 596 2777 651 In
2802 597 2999 667 quibus
3029 593 3486 653 manifestissime,
3502 605 3574 645 ex

2009 692 2195 749 radice
2239 691 2392 751 Jesse
2437 690 2613 762 (pater
2654 697 2833 744 autem
2871 688 2960 742 hic
3003 685 3105 741 fuit
3148 684 3338 756 David)
3390 689 3569 737 ortum

2010 789 2210 844 Christi
2259 787 2547 859 signiﬁcat,
2582 788 2638 847 in
2665 800 2772 859 quo
2806 794 2949 850 ortu,
2980 784 3312 841 vocationem
3329 779 3569 852 gentium

2009 881 2159 950 prius
2202 894 2297 950 per
2324 876 2615 949 quamdam
2669 876 2939 937 sermonis
2977 873 3385 938 obscuritatem,
3420 883 3571 924 more

2007 973 2320 1043 prophetico
2342 972 2593 1041 explicat.
2635 969 2768 1024 Illud
2797 970 2939 1025 enim
2981 988 2995 1023 :
3036 987 3054 1018 ι
3099 966 3360 1021 Pascetur
3407 960 3570 1017 simul

2008 1067 2169 1136 lupus
2205 1080 2330 1119 cum
2358 1078 2518 1134 agno,
2543 1069 2595 1117 et
2624 1061 2826 1131 pardus
2859 1075 2981 1115 cum
3025 1059 3187 1119 haedo
3217 1056 3377 1113 simul
3411 1055 3568 1125 quie-

2008 1168 2122 1215 scet
2144 1160 2211 1222 ⁸⁸,
2260 1180 2277 1211 ι
2305 1165 2358 1213 et
2387 1173 2507 1228 quae
2542 1164 2670 1212 sunt
2698 1154 3009 1225 huiusmodi
3038 1153 3172 1209 nihil
3215 1150 3359 1205 aliud
3409 1162 3567 1218 quam

2007 1252 2245 1321 gentium
2292 1250 2793 1317 indomitarum,_et
2840 1245 3180 1309 immanium,
3208 1251 3262 1299 et
3318 1243 3373 1297 in
3420 1240 3568 1295 nulla

2007 1359 2065 1398 re
2098 1360 2129 1398 a
2160 1343 2357 1399 helluis
2391 1342 2779 1405 diii'erentium,
2825 1339 2892 1394 ad
2922 1339 3042 1408 pios
3069 1346 3125 1392 et
3146 1341 3482 1398 mansuetos,
3512 1341 3567 1387 et

2004 1435 2151 1489 omni
2186 1436 2453 1489 charitate
2481 1432 2712 1487 refertos
2741 1446 2943 1494 mores,
2978 1428 3386 1484 conversionem
3421 1423 3567 1478 futu-

2006 1542 2119 1580 ram
2155 1526 2420 1581 indicant.
2454 1523 2561 1581 Sed
2588 1525 2693 1579 hoc
2733 1525 2912 1594 ipsum
2947 1521 3106 1578 docet
3139 1521 3381 1591 apertius
3413 1519 3467 1571 in
3497 1516 3565 1570 iis

2004 1633 2124 1688 quae
2146 1626 2464 1688 sequuntur,
2502 1616 2582 1671 sic
2615 1615 2803 1672 dicens
2834 1633 2846 1668 :
2887 1633 2906 1664 ι
2949 1613 3170 1684 Repleta
3198 1617 3281 1667 est
3313 1608 3567 1663 universa

2003 1717 2149 1762 terra
2182 1705 2491 1777 cognitione
2524 1702 2760 1767 Domini,
2796 1704 2939 1758 sicut
2979 1717 3119 1774 aqua
3156 1701 3324 1755 multa
3357 1698 3424 1753 ad
3473 1711 3567 1751 co-

2002 1797 2293 1868 Operienda
2319 1796 2493 1851 maria
2509 1793 2575 1848 ".
2616 1814 2634 1845 ι
2660 1793 2929 1849 Praeterea
2961 1796 3076 1863 ipse
3121 1792 3362 1861 seipsum
3398 1789 3566 1843 inter-

336 1909 356 1942 ι
402 1892 511 1944 Καὶ
551 1890 701 1943 ἔσται
728 1892 784 1943 ἐν
812 1893 878 1962 τῇ
917 1890 1103 1962 ἡμέρᾳ
1132 1890 1314 1959 ἐκείνῃ
1342 1889 1375 1959 ή
1404 1886 1528 1960 ῥίζα
1567 1887 1783 1951 Ἰεσσαὶ,
1805 1886 1889 1938 καΊ

2001 1899 2219 1959 pretans
2276 1903 2457 1945 sermo
2501 1886 2851 1956 propheticus
2890 1883 3171 1953 sequitur?
3217 1901 3235 1932 ι
3283 1881 3349 1935 Ει
3376 1880 3481 1939 erit.
3507 1881 3563 1934 in

329 1983 358 2036 ό
382 1981 732 2051 ἀνιστάμενος
752 1982 940 2052 ἄρχειν
964 1980 1153 2045 ἐθνῶν,
1175 1979 1260 2032 ἐπ’
1281 1978 1427 2050 αὐτῷ
1452 1979 1577 2052 ἔθνη
1594 1977 1866 2032 ἐλπιοῦσιν
1881 1994 1896 2007 ·

328 2074 423 2127 καὶ
448 2073 599 2127 ἔσται
631 2077 658 2147 ἡ
687 2075 991 2138 ἀνάπαυσις
1021 2073 1188 2127 αὐτοῦ
1216 2076 1372 2146 τιμή.
1414 2094 1432 2125 ι
1480 2073 1695 2144 Ἐπειδὴ
1722 2072 1900 2126 τοίνυν

326 2163 584 2235 ἀνωτέρω
626 2165 725 2236 μέν
771 2164 868 2236 τὴν
920 2166 1235 2220 ἀπόπτωσιν
1279 2165 1371 2219 τοῦ
1408 2164 1671 2218 Ἰουδαίων
1716 2163 1900 2226 ἔθνους

325 2256 618 2327 ἐσήμαινεν
647 2256 1188 2328 ἐπικεκαλυμμένως,
1217 2256 1356 2327 μετὰ
1385 2255 1440 2308 δὲ
1462 2254 1633 2308 ταῦτα
1662 2254 1759 2325 τὴν
1789 2253 1897 2306 τῶν

325 2345 493 2401 ἐθνῶν
519 2347 730 2418 κλῆσιν,
759 2348 881 2402 τοτέ
925 2349 1022 2419 μὲν
1070 2346 1515 2418 κεκαλυμμένως,
1559 2346 1678 2399 τοτὲ
1716 2344 1774 2399 δέ
1799 2362 1897 2413 γυ-

329 2438 504 2508 μνῶς·
540 2439 763 2504 εἰκότως
788 2435 942 2503 αὖθις
968 2437 1430 2510 ἐπαναλαμϐἀνων
1456 2438 1547 2490 τὸν
1576 2436 1753 2506 λόγον,
1788 2436 1897 2489 τῶν

326 2532 390 2583 ἐκ
416 2531 715 2602 περιτομῆς
751 2534 829 2596 είς
869 2532 961 2585 τὸν
1002 2531 1235 2601 Χριστὸν
1285 2530 1643 2584 πιστευόντων
1689 2546 1897 2602 μνημοο

324 2620 489 2687 νεύει,
522 2623 662 2694 ὑπὲρ
692 2622 785 2676 τοῦ
816 2624 890 2693 μὴ
915 2623 1088 2694 πάντῃ
1117 2622 1433 2676 ἀποκλεῖσαι
1475 2620 1652 2674 αὐτῶν
1692 2620 1790 2692 τὴν
1818 2623 1896 2683 είς

321 2709 414 2764 τὸν
446 2712 678 2781 Χριστὸν
707 2713 918 2767 ἐλπίδα’
943 2732 962 2764 ι
999 2714 1191 2766 Ἔσται
1227 2712 1325 2782 μὲν
1369 2712 1496 2783 γὰρ,
1532 2729 1551 2762 ι
1586 2711 1767 2782 φησὶν,
1808 2729 1827 2761 ι
1866 2711 1895 2763 ὁ

321 2799 675 2869 ἀνιστάμενος
703 2801 890 2872 ἄρχειν
917 2800 1104 2855 ἐθνῶν.
1149 2820 1167 2852 ι
1201 2802 1296 2865 Τίς
1329 2802 1374 2855 δ’
1401 2796 1468 2871 ἦν
1493 2803 1521 2853 ὁ
1539 2800 1893 2870 ἀνιστάμενος

320 2888 492 2959 ἀλλ’ἢ
522 2889 646 2959 ῥίζα
686 2891 780 2944 τοῦ
814 2892 1027 2954 Ἰεσσαὶ,
1066 2891 1126 2946 ὃν
1158 2892 1252 2946 καὶ
1292 2891 1478 2962 σαφῶς
1510 2907 1673 2961 φησιν
1708 2889 1892 2961 ἄρξειν

320 2975 508 3040 ἐθνῶν,
553 2976 666 3029 ἀλλ’
706 2979 825 3049 ούχὶ
860 2979 1109 3052 Ἰσραήλ;
1158 2979 1373 3051 Ἐπειδὴ
1416 2979 1593 3033 τοίνυν
1624 2979 1891 3052 διαφόρως

318 3067 419 3140 τὴν
450 3068 557 3122 τῶν
580 3069 749 3124 ἐθνῶν
778 3072 1108 3144 ἐπιστροφὴν
1145 3072 1239 3126 ἐπὶ
1269 3073 1361 3125 τὸν
1400 3074 1464 3126 ἐκ
1499 3072 1653 3143 ῥίζης
1698 3072 1892 3125 Ἰεσσαὶ

320 3157 492 3227 φύντα
544 3162 636 3214 καὶ
677 3160 1048 3233 βλαστήσαντα
1097 3161 1353 3227 ἐδίδαξεν,
1387 3161 1538 3215 οὐδὲν
1580 3159 1635 3213 δὲ
1682 3159 1890 3213 οὐδέπω

1999 1979 2088 2034 die
2124 1980 2236 2043 ilia,
2267 1978 2422 2035 radix
2456 1976 2626 2041 Iesse,
2658 1985 2713 2032 et
2732 1976 2825 2046 qui
2861 1977 3033 2043 surgit
3058 1984 3120 2029 ut
3143 1974 3370 2045 imperet
3390 1972 3566 2043 genti-

1998 2072 2120 2136 bus,
2150 2071 2208 2125 in
2241 2085 2307 2126 eo
2334 2078 2518 2141 gentes
2552 2069 2853 2139 sperabunt
2890 2087 2903 2124 :
2946 2075 3000 2124 et
3042 2067 3148 2123 erit
3181 2066 3397 2136 requies
3444 2064 3564 2133 ejus

1997 2176 2122 2215 cum
2153 2161 2438 2216 honore“.
2480 2180 2496 2211 ι
2538 2159 2804 2226 Quoniam
2839 2159 3004 2228 igitur
3037 2157 3289 2227 superius
3325 2153 3564 2211 Iudaicae

1998 2253 2173 2322 gentis
2206 2252 2417 2306 ruinam
2451 2252 2693 2308 involute
2723 2250 3067 2322 signiﬁcavit,
3103 2255 3228 2318 post
3264 2235 3393 2302 vero
3428 2264 3562 2318 gen-

1997 2342 2135 2396 tium
2181 2342 2540 2406 vocationem,
2600 2356 2746 2397 nunc
2786 2341 3004 2411 quidem
3064 2339 3380 2400 involutius,
3419 2353 3562 2392 nunc

1997 2439 2178 2512 autem
2225 2433 2583 2503 explicatius:
2618 2433 2812 2488 merito
2866 2445 3064 2486 rursus.
3108 2429 3357 2486 eumdem
3408 2443 3579 2499 repe-.

1995 2532 2119 2580 tens
2172 2540 2503 2590 sermonem,
2554 2524 2621 2579 de
2673 2525 2739 2579 iis
2774 2524 2868 2594 qui
2923 2539 2988 2576 ex
3044 2522 3460 2577 circumcisione
3505 2521 3576 2585 in.

1994 2617 2274 2672 Christum
2305 2615 2565 2671 credituri
2595 2624 2741 2680 sunt,
2777 2619 3104 2672 mentionem
3141 2614 3291 2678 facit,
3323 2629 3390 2669 ne
3412 2613 3583 2671 omni,

1993 2705 2207 2761 ratione
2252 2719 2284 2758 a
2330 2704 2551 2761 Christo
2596 2721 2747 2776 Spem
2794 2707 3009 2765 illorum
3064 2704 3333 2761 excludat.
3371 2723 3390 2755 ι
3447 2703 3579 2767 ΕΜ.¹

1994 2800 2160 2863 enim,
2214 2796 2410 2869 inquit,
2458 2797 2552 2867 qui
2599 2799 2792 2867 surgit,
2843 2806 2903 2851 ut
2957 2797 3185 2865 imperet
3217 2795 3491 2865 gentibus.
3535 2815 3553 2847 ι

1997 2887 2102 2943 Sed
2137 2887 2258 2958 quis
2287 2887 2505 2942 tandem
2540 2886 2630 2942 hic
2658 2894 2741 2942 est
2763 2888 2856 2959 qui
2881 2887 3075 2959 surgit,
3113 2886 3219 2940 nisi
3248 2885 3402 2940 radix
3434 2876 3558 2940 Jes-

1994 2981 2090 3036 se?
2119 2956 2280 3052 quem
2311 2979 2474 3034 etiam
2508 2980 2759 3049 gentibus
2780 2956 2893 3037 non
2927 2956 3032 3050 ipsi
3061 2979 3229 3035 Israel
3262 2956 3569 3051 imperatu:

1991 3086 2113 3126 rum
2141 3070 2388 3125 aiiirmat.
2424 3070 2691 3138 Quoniam
2720 3086 2851 3142 ergo
2880 3072 3028 3127 varie
3051 3072 3235 3126 docuit
3269 3071 3407 3124 hanc
3427 3086 3560 3141 gen-

1992 3164 2127 3217 tium
2181 3163 2618 3227 conversionem,
2654 3163 2722 3218 ad
2757 3179 2879 3219 eum
2923 3163 3013 3234 qui
3063 3164 3130 3219 de
3188 3163 3374 3218 radice
3404 3161 3559 3218 Jesse

320 3251 550 3322 Χριστὸν
588 3255 716 3324 περὶ
762 3252 871 3309 τῶν
915 3254 980 3309 ἐκ
1030 3253 1329 3325 περιτομῆς
1373 3254 1618 3324 εἰρήκειο
1667 3252 1889 3315 εἰκότως

1993 3260 2265 3320 nascetur,
2296 3261 2350 3310 et
2374 3255 2683 3327 pullulabit,
2709 3254 2938 3310 necdum
2985 3256 3112 3311 boni
3171 3256 3466 3325 quidquam
3490 3257 3558 3311 de

318 3341 380 3394 τὸ
426 3341 665 3408 ἐλλειπὲς
712 3344 814 3415 τῆς
869 3346 1224 3417 προρρήσεως
1264 3345 1577 3407 ἀποδίδωσι,
1628 3344 1881 3415 φάσκωψ

324 3451 345 3485 ι
389 3434 496 3487 Καὶ
528 3433 679 3490 ἔσται
712 3438 769 3490 ἐν
798 3440 866 3508 τῇ
919 3437 1100 3510 ἡμέρᾳ
1146 3437 1350 3511 ἐκείνῃ,
1391 3457 1411 3489 ι
1453 3437 1599 3491 τοῦτ’
1637 3437 1784 3490 ἐστιν
1828 3438 1886 3488 ἐν

317 3524 397 3596 τῷ
420 3527 595 3600 χρόνῳ
624 3529 723 3601 τῆς
753 3520 1072 3601 ἐπιφανείας
1101 3529 1196 3584 τοῦ
1236 3533 1303 3585 ἐκ
1336 3529 1493 3602 ῥίζης
1524 3529 1717 3584 Ἰεσσαὶ
1752 3530 1884 3599 φύν-

316 3634 428 3682 τος,
461 3637 481 3669 (
516 3620 808 3692 προσθήσει
837 3620 1040 3693 Κύριος
1065 3621 1159 3674 τοῦ
1189 3621 1357 3686 δεῖξαι
1390 3622 1487 3692 τήν
1520 3623 1677 3693 χεῖρα
1698 3621 1882 3685 αὐτοῦ,

316 3709 569 3781 ζητῆσαι,
597 3714 689 3766 καὶ
717 3713 955 3785 ζηλῶσαι
986 3713 1047 3766 τὸ
1084 3710 1436 3781 καταλειφθὲν
1473 3711 1758 3765 ὑπόλοιπον
1788 3712 1883 3765 τοῦ

316 3798 467 3865 λαοῦ,
497 3801 526 3855 ὃ
551 3801 619 3855 ἂν
649 3803 981 3876 καταλειφθῇ
1013 3805 1120 3858 ἀπὸ
1148 3803 1311 3857 τῶνδε
1343 3803 1438 3858 καὶ
1466 3803 1633 3856 τῶνδε
1643 3801 1764 3855 ,τῶν
1789 3819 1883 3855 πο-

314 3889 535 3962 λεμίων.
573 3912 592 3946 ι
639 3894 780 3955 Ἀνθ’
823 3891 883 3948 οὗ
932 3898 963 3949 ὁ
1018 3896 1116 3967 μὲν
1161 3895 1389 3959 Ἀκύλας
1440 3894 1725 3962 πεποίηκε·
1772 3892 1885 3947 Καὶ

315 3981 465 4038 ἕσται
497 3987 556 4038 ἐν
586 3988 651 4057 τῇ
680 3986 861 4058 ἡμέρᾳ
891 3987 1095 4058 ἐκείνῃ,
1134 3986 1427 4058 προσθήσει
1461 3984 1664 4055 Κύριος
1704 3984 1885 4038 δεύτε-

315 4089 408 4146 ρον
439 4074 540 4145 τὴν
581 4077 735 4145 χεῖρα
777 4074 962 4146 αὐτοῦ,
1002 4076 1095 4130 τοῦ
1145 4075 1444 4147 κτήσασθαι
1474 4076 1538 4129 τὸ
1570 4074 1883 4146 ὑπόλειμμα

313 4162 407 4218 τοῦ
437 4164 566 4219 λαοῦ
596 4166 781 4231 αὐτοῦ,
821 4167 850 4220 ὃ
891 4167 1346 4239 ύπολειφθήσεται
1395 4168 1504 4221 ἀπὸ
1545 4166 1653 4222 τῶν
1691 4168 1887 4225 Ἀσσυτ

317 4257 466 4327 ρίων,
488 4258 584 4313 καὶ
610 4259 723 4319 τῶν
741 4258 883 4331 ἐξῆς.
910 4260 1139 4331 Νοήσεις
1161 4260 1219 4314 δὲ
1236 4261 1329 4315 καὶ
1340 4260 1572 4314 ἐνταῦθα
1596 4259 1881 4331 πολεμίους

312 4349 404 4404 τοῦ
430 4349 560 4404 λαοῦ
587 4350 681 4404 τοῦ
711 4351 846 4405 Θεοῦ
878 4353 1100 4424 νοητούς
1134 4370 1286 4417 τινας
1316 4354 1412 4409 καὶ
1456 4353 1876 4423 πνευματικοὺς,

310 4442 429 4512 ἦτοι
457 4442 712 4515 δαίμονας
741 4446 1089 4518 πονηροὺς,·ή
1120 4446 1375 4517 δυνάμεις
1409 4445 1782 4531 ἀντικειμένας
1800 4443 1889 4515 τῷ,

1992 3344 2059 3402 iis
2080 3347 2174 3417 qui
2197 3348 2254 3401 in
2282 3347 2702 3403 circumcisione
2736 3356 2883 3413 sunt,
2907 3349 3157 3418 protulit:
3186 3349 3381 3402 merito
3409 3348 3563 3418 quod

1990 3436 2329 3506 pmdictioni
2350 3437 2620 3506 ejusmodi
2668 3436 2873 3502 deerat,
2914 3438 3113 3503 reddit,
3145 3437 3334 3494 dicens
3370 3457 3385 3494 :
3425 3458 3443 3492 ι
3489 3438 3558 3493 Et

1991 3527 2092 3580 erit
2130 3526 2186 3581 in
2233 3526 2323 3583 die
2372 3528 2487 3592 illa,
2526 3545 2545 3579 ι
2579 3527 2684 3582 hoc
2713 3536 2821 3597 est,
2846 3529 2903 3584 in
2940 3529 3034 3584 illo
3063 3537 3307 3601 tempore
3355 3531 3411 3585 in
3444 3546 3555 3602 quo

1991 3617 2238 3673 adveniet
2262 3617 2310 3681 is
2330 3618 2423 3688 qui
2454 3625 2676 3675 orturus
2702 3628 2787 3674 est
2821 3619 2888 3675 de
2915 3606 3098 3677 radice
3144 3619 3318 3697 Iesse,
3355 3641 3375 3674 ι
3411 3624 3557 3692 adii--

1989 3709 2096 3764 ciet
2130 3708 2389 3775 Dominus
2419 3711 2794 3767 demonStrare
2831 3727 3051 3777 manum
3079 3727 3256 3776 suam,
3292 3721 3350 3767 ut
3382 3730 3552 3768 aemu-

1989 3800 2151 3864 letur,
2182 3809 2236 3855 et
2272 3809 2480 3871 quierat
2502 3802 2648 3871 quod
2693 3802 3017 3857 remanserit
3049 3803 3317 3872 reliquum
3344 3806 3549 3874 populi.

1989 3903 2313 3960 quocunque
2338 3891 2590 3946 relictum
2637 3890 2801 3946 fuerit
2835 3891 2902 3957 “,
2938 3910 2956 3943 ι
2996 3899 3089 3945 aut
3122 3893 3190 3947 ab
3219 3893 3324 3956 his,
3358 3900 3451 3946 aut
3483 3894 3552 3947 ab

1989 3980 2097 4035 illis
2123 3981 2391 4037 hostibus.
2424 3980 2596 4047 Quem
2623 3982 2844 4053 quidem
2874 3982 3055 4037 locum
3087 3982 3281 4053 Aquila
3313 3984 3387 4037 ita
3416 3998 3549 4038 con-

1987 4073 2219 4127 vertitzc
2259 4071 2322 4127 Et
2347 4073 2451 4128 erit
2502 4072 2560 4127 in
2614 4073 2702 4128 die
2757 4072 3119 4144 illa,adjiciet
3168 4072 3431 4130 Dominus
3465 4089 3566 4130 se-.

1988 4164 2168 4219 eundo
2197 4179 2415 4218 manum
2451 4179 2608 4220 suam
2632 4165 2697 4220 ad
2724 4165 3114 4235 acquirendum
3151 4164 3428 4221 residuum
3452 4180 3550 4236 po-

1987 4259 2099 4329 puli
2132 4260 2240 4328 sui,
2261 4259 2407 4330 quod
2432 4261 2773 4330 relinquetur
2795 4260 2863 4315 ab
2901 4260 3164 4331 Assyriis,
3203 4278 3223 4313 ι
3249 4269 3303 4315 et
3331 4266 3548 4315 caetera.

1985 4350 2251 4408 Caeterum
2298 4353 2413 4407 haec
2466 4366 2687 4422 quoque
2729 4360 2782 4407 te
2828 4351 3179 4407 considerare
3228 4351 3501 4421 oportebit
3531 4369 3550 4406 :

1986 4444 2173 4500 hostes
2206 4445 2391 4514 populi
2419 4444 2513 4499 Dei
2541 4445 2844 4502 censendos
2881 4444 3254 4515 intelligibiles
3280 4443 3549 4514 quosdam

311 4532 454 4605 λόγῳ
480 4533 805 4601 θεοσεϐείας,
826 4536 897 4602 οἳ,
920 4536 1028 4591 τῶν
1058 4538 1560 4609 κατωνομασμένων
1583 4536 1751 4599 ἐθνῶν
1781 4535 1880 4588 πά-

1993 4543 2038 4593 et
2091 4536 2423 4606 spirituales,
2468 4539 2573 4592 hoc
2610 4543 2714 4598 est,
2753 4537 2924 4592 malos
2984 4534 3280 4602 daemones,
3310 4536 3424 4592 sive
3451 4551 3550 4607 po-

310 4601 401 4676 λαι
424 4601 693 4698 πρότερον
723 4626 969 4698 ἀοράτως
1007 4601 1367 4700 προεστῶτες,
1388 4601 1500 4691 ’τὰς
1538 4625 1714 4698 ψυχὰς
1746 4627 1877 4679 ἐπορ

1993 4601 2227 4693 Lestates,
2263 4625 2577 4699 quaeVerbo
2608 4626 2982 4684 adversentur.
3016 4626 3081 4681 Hi
3121 4643 3284 4698 porro
3317 4601 3553 4684 sunt'illi

309 4713 555 4785 λιόρκουν
575 4715 669 4769 τοῦ
703 4717 938 4790 Ἰσραὴλ,
971 4717 1233 4781 ποικίλοις
1275 4718 1501 4785 πάθεσιν
1533 4717 1701 4781 αὐτὰς
1725 4732 1880 4788 περι-

308 4804 613 4869 ϐάλλοντες,
654 4806 1014 4879 ύποσύροντές
1056 4825 1117 4862 τε
1153 4809 1247 4863 καὶ
1272 4790 1774 4880 ἀἰχμαλωτίζοντες
1799 4809 1880 4877 είς

309 4897 400 4951 τὸν
431 4898 615 4966 ὅμοιον
639 4897 738 4967 τῆς
762 4897 870 4951 τῶν
913 4899 1222 4973 ἀλλοφύλων
1245 4900 1467 4971 ἀγωγῆς
1505 4900 1640 4971 βίον.
1676 4899 1876 4952 Τούτου

306 4987 372 5059 δὴ
399 4983 491 5041 οὖν
540 4987 740 5050 παντὸς
784 4989 967 5059 σχεδὸν
1005 4993 1176 5045 εἰπεῖν
1218 4991 1314 5046 τοῦ
1357 4990 1485 5047 λαοῦ
1525 4990 1677 5045 κατάι
1702 4989 1878 5061 ψυχὴν

308 5074 653 5148 αἰχμαλώτου
685 5076 973 5147 ληφθέντος
999 5080 1102 5139 ὑπὸ
1128 5079 1237 5135 τῶν
1263 5080 1664 5152 δεδηλωμένων,
1698 5080 1746 5132 οί
1781 5094 1884 5146 φυ-

308 5169 593 5242 λαχθέντες
631 5168 726 5223 καὶ
771 5170 1216 5240 καταλειφθέντες
1268 5172 1499 5244 ἄτρωτοι
1545 5173 1639 5226 καὶ
1689 5170 1877 5226 ἀσυλοι

307 5262 450 5316 κατά
473 5262 571 5334 τὴν
596 5261 926 5339 πρρφητείαν
942 5263 1042 5333 τῆς
1060 5264 1389 5336 δηλουμένης
1418 5263 1745 5333 ἐπαγγελίας
1762 5263 1877 5317 τεύ-

308 5351 508 5425 ξονται,
548 5353 798 5425 ὀψόμενοι
834 5354 926 5409 τοῦ
968 5354 1172 5426 Κυρίου
1216 5355 1314 5427 τὴν
1354 5360 1511 5428 χεῖρα
1553 5357 1645 5410 καὶ
1690 5355 1876 5426 κτῆμα

308 5440 474 5499 αὑτοῦ
501 5443 870 5515 γενησόμενοι,
906 5444 1044 5498 κατά
1072 5445 1131 5498 τὸ
1165 5446 1369 5514 φάσκον
1398 5448 1571 5517 λόγιον
1592 5465 1604 5477 ο
1646 5467 1664 5498 ι
1702 5449 1875 5521 Προσ-

310 5532 467 5603 θήσει
488 5531 690 5605 Κύριος
710 5535 803 5588 τοῦ
827 5535 993 5600 δεῖξαι
1018 5535 1113 5607 τὴν
1135 5539 1291 5608 χεῖρα
1316 5538 1608 5602 αὐτοῦ,τοῦ
1634 5540 1871 5612 ζηλῶσαι

311 5623 371 5675 τὸ
405 5624 758 5695 καταλειφθὲν
785 5628 1070 5682 ὑπόλοιπον
1098 5630 1189 5682 τοῦ
1220 5629 1369 5686 λαοῦ.
1407 5650 1424 5681 ι
1458 5632 1520 5684 Τί
1548 5632 1602 5685 δέ
1639 5634 1869 5705 προσθή-

378 5803 664 5872 ιτιεει,χι,
712 5808 761 5864 ι.
834 5810 878 5842 ιε
914 5808 1040 5867 Ibid.
1073 5810 1125 5866 8.
1204 5810 1246 5844 ω
1277 5808 1409 5865 Ibid.
1443 5810 1494 5867 9.
1573 5813 1892 5873 “lbidJO.

1979 4716 2071 4785 qui
2099 4717 2228 4771 olim
2261 4716 2328 4771 iis
2359 4717 2612 4787 gentibus
2640 4733 2761 4787 qua:
2795 4716 2881 4771 hic
2914 4719 3206 4774 nominatae
3233 4708 3365 4791 ‘76
3395 4728 3541 4784 sunt,

1976 4792 2321 4863 invisibiliter
2333 4812 2619 4877 praeerant,
2632 4815 2686 4863 et
2697 4808 2908 4863 animas
2926 4809 3089 4864 Israel
3106 4796 3544 4873 vastabant,cum

1976 4913 2071 4953 eas
2097 4898 2153 4952 in
2181 4899 2364 4955 varios
2393 4897 2618 4954 euectus
2644 4898 2984 4966 inducerent,
3023 4908 3076 4957 et
3105 4903 3351 4972 captivas
3393 4901 3543 4955 face-

1976 4994 2119 5053 rent,
2142 4996 2199 5042 et
2227 4988 2295 5043 ad
2324 5004 2530 5044 morem
2554 4990 2751 5052 victus,
2782 4989 3080 5046 alienarum
3109 4991 3349 5063 gentium
3375 4991 3543 5046 victui

1979 5081 2234 5147 similem,
2272 5081 2625 5145 attraherent.
2678 5082 2814 5137 Cum
2875 5084 3043 5155 igitur
3095 5084 3183 5139 hic
3228 5082 3540 5147 universus.
3588 5090 3589 5093 “

1980 5189 2148 5244 prope
2175 5175 2426 5241 dixerim,
2453 5174 2719 5247 populus,
2747 5177 2946 5232 animis
2980 5175 3157 5230 factus
3195 5183 3340 5230 esset
3370 5176 3544 5247 capti-

1979 5282 2080 5322 vus
2113 5267 2182 5322 ab
2214 5268 2306 5334 iis,
2338 5283 2481 5338 quos
2506 5270 2744 5331 diximus
2779 5271 3046 5335 hostibus,
3066 5271 3157 5340 qui
3193 5271 3417 5334 servati,
3452 5282 3541 5323 re-

1978 5360 2199 5430 lictique
2226 5371 2355 5417 sunt
2382 5363 2502 5428 sine
2537 5364 2777 5429 vulnere,
2810 5380 2918 5419 non
2954 5362 3169 5433 spoliati
3200 5363 3315 5420 suis
3355 5364 3540 5429 rebus,

1978 5453 2309 5522 promissum
2347 5453 2503 5519 illud,
2538 5453 2605 5509 de
2651 5470 2761 5524 quo
2786 5454 3072 5524 praplietia
3100 5454 3363 5524 loquitur,
3401 5454 3542 5509 obti-

1978 5543 2184 5598 nebunt
2214 5562 2230 5598 :
2258 5551 2445 5614 utpote
2473 5545 2567 5614 qui
2600 5545 2773 5601 visuri
2800 5545 2912 5600 sint
2955 5560 3177 5600 manum
3208 5545 3448 5613 Domini,
3485 5556 3542 5603 et

1978 5636 2123 5692 illius
2153 5637 2429 5706 possessio
2460 5635 2659 5704 futuri;
2700 5636 3160 5707 quemadmodum
3196 5640 3331 5697 illud
3380 5640 3541 5700 habet

1972 5818 2014 5849 ⁶¹
2048 5817 2181 5874 Ibid.
2217 5819 2300 5874 Η.
