4106 6458
412 302 519 357 M9

1300 298 1959 358 DEMONS’IRATIONIS
1989 301 2446 358 EVANGELICE
2488 300 2613 357 LIB.
2660 301 2723 359 ll.

3560 310 3658 365 1εο

487 421 620 476 MB’.
672 440 691 473 ι
734 423 840 475 Καὶ
872 420 1189 491 ἐντελοῦμαι
1235 422 1301 490 τῇ
1353 421 1643 495 οἰκουμένη
1679 424 1775 495 ὅλῃ
1817 422 1983 487 κακά,

2157 421 2314 480 XLII.
2343 442 2362 475 ι
2394 420 2459 478 Ει
2490 424 2765 479 mandabo
2793 423 2911 479 orbi
2936 425 3191 480 universo
3220 425 3380 489 mala,
3406 434 3456 480 et
3477 425 3659 497 impiis

356 532 363 537 ’
412 514 508 567 καὶ
527 515 638 574 τοῖς
660 512 879 565 ἀσεϐέσι
898 511 995 575 τὰς
1015 513 1286 583 ἁμαρτίας
1300 512 1497 576 αὐτῶν,
1523 514 1617 566 καὶ
1632 512 1813 566 ἀπολῶ
1829 511 1984 582 ὕϐριν

413 604 650 677 ἀνόμων,
705 605 799 657 καὶ
860 603 1017 676 ὓϐριν
1067 606 1430 676 ὑπερηφάνων
1480 605 1821 659 ταπεινώσω.
1874 608 1984 660 Kal.

413 698 627 751 ἔσονται
675 698 724 749 οἱ
774 697 1324 768 ἐγκαταλελειμμένα
1371 697 1580 770 ἔντιμοι
1629 698 1889 770 μᾶλλονῆ
1923 697 1985 751 τὺ

416 788 636 859 χρυσίον
656 788 718 842 τὸ
746 787 976 860 ἄπυρον·
1006 790 1099 841 καὶ
1121 789 1404 861 ἄνθρωπος
1433 789 1647 860 ἔντιμος
1671 789 1822 844 ἔσται
1851 789 1986 861 μᾶλ-

416 878 576 949 λονῆ
614 881 645 933 ὁ
677 878 821 943 λίθος
859 881 888 932 ὁ
929 881 993 934 ἐκ
1042 880 1293 953 Σουφείρ.
1334 900 1353 933 ›
1402 882 1511 936 Καὶ
1550 881 1676 954 ἑξῆς
1719 881 1979 950 ἐπιλέγει⁸

426 990 445 1025 ι
474 972 581 1025 Kal.
602 970 818 1026 ἔσονται
844 974 893 1025 οἱ
924 973 1403 1045 καταλελειμμένοι
1433 975 1507 1040 ὼς
1537 975 1824 1046 δορκάδιονι
1851 974 1982 1045 φεῦ-

420 1082 531 1134 γον,
556 1065 650 1119 καὶ
668 1064 745 1128 ὡς
775 1065 1044 1136 πρόδατον
1072 1066 1441 1138 πλανώμενον.
1479 1086 1498 1119 ι
1535 1068 1647 1121 Kal.
1673 1068 1759 1121 διὰ
1781 1068 1983 1122 τούτων

423 1157 475 1210 τὸ
507 1157 735 1211 σπάνιον
760 1156 868 1209 τῶν
908 1156 1302 1228 σωθησομένων
1345 1158 1403 1212 ὲν
1430 1156 1508 1228 τῷ
1536 1158 1712 1230 καιρῷ
1749 1158 1848 1228 τῆς
1876 1158 1984 1211 τῶν

417 1248 624 1302 ἀσεϐῶν
674 1247 945 1311 ἀπωλείας
998 1248 1310 1316 σαφέστατα
1356 1250 1385 1301 ὁ
1426 1247 1582 1316 λόγος
1623 1249 1977 1320 παρίστησιν·

415 1340 553 1392 ὥστε
590 1339 664 1410 μὴ
716 1337 898 1411 χώραν
932 1338 1074 1409 ἔχειν
1116 1340 1360 1392 ὑπονοεῖν
1400 1339 1729 1412 ἀδιακρίτως
1775 1340 1982 1404 πάντας

416 1429 749 1497 ἁπαξαπλῶς
774 1432 901 1493 τοὺς
924 1432 987 1484 ὲκ
1007 1431 1328 1502 περιτομῆς,
1361 1432 1455 1484 καὶ
1482 1432 1591 1485 πᾶν
1608 1430 1672 1485 τὸ
1712 1431 1983 1487 Ἰουδαίων

413 1525 582 1589 ἐθνος,
616 1522 725 1577 τιῖςν
748 1522 842 1577 τοῦ
867 1522 1001 1577 Θεοῦ
1034 1523 1314 1589 τεύξεσθαι
1344 1524 1699 1594 ἐπαγγελιῶν.

2085 523 2313 584 peccata
2337 514 2580 585 ipsorum
2607 555 2621 579 ,
2672 523 2725 570 et
2764 514 2997 585 perdam.
3040 516 3295 584 injuriam
3323 518 3654 587 iniquorum.

2085 614 2139 660 et
2165 608 2554 661 contumeliam
2607 607 2969 678 superborum
3025 608 3345 663 humiliabo.
3388 609 3451 662 Et
3497 622 3657 666 erunt

2083 696 2177 765 qni
2207 697 2568 751 remanserint
2597 697 2823 767 pretiosi
2847 698 3041 769 magis,
3073 713 3236 769 quam
3294 714 3491 755 aurum
3511 702 3655 771 quod

2084 787 2261 859 ignem
2295 802 2404 841 non
2451 789 2653 842 sentit:
2684 797 2739 843 et
2778 788 2941 843 homo
2984 789 3258 859 pretiosus
3303 790 3408 845 erit
3459 791 3654 861 magis,

2084 893 2248 949 quam
2300 878 2436 948 lapis
2490 879 2545 932 in
2593 877 2796 949 Suphir
2828 880 2895 944 ⁸³,
2946 895 3011 933 ac
3044 880 3302 950 deinceps
3363 881 3654 953 adjungit:

2091 986 2109 1017 ι
2146 967 2212 1022 Et
2233 975 2414 1034 erunt,
2453 986 2472 1018 ι
2525 970 2619 1038 qui
2658 967 2834 1023 relicti
2892 967 3116 1032 fuerint,
3151 989 3171 1022 ι
3204 972 3363 1041 quasi
3404 973 3657 1042 capreoli

2087 1055 2318 1127 fugiens,
2353 1066 2409 1111 et
2447 1057 2604 1126 quasi
2631 1056 2750 1110 ovis
2771 1054 3081 1110 errabunda
3104 1055 3151 1088 “
3183 1072 3194 1107 :
3240 1075 3258 1108 ι
3291 1065 3452 1126 atque
3483 1057 3537 1111 in
3571 1057 3658 1114 his

2084 1149 2300 1218 quidem
2333 1149 2659 1219 paucitatem
2675 1163 2888 1213 eorum,
2921 1148 3013 1218 qui
3028 1147 3360 1218 superfuturi
3383 1149 3494 1203 sint
3516 1155 3657 1203 tem-

2083 1256 2215 1309 pore
2271 1240 2522 1296 interitus
2575 1240 2906 1310 impiorum,
2972 1239 3061 1294 hic
3108 1254 3289 1296 sermo
3339 1240 3658 1310 planissime

2084 1335 2458 1391 ostenditzex
2486 1350 2597 1404 quo
2657 1333 2712 1388 id
2767 1332 3144 1403 intelligimus,
3202 1332 3320 1388 sine
3346 1334 3452 1389 ulla
3501 1349 3657 1389 exce-

2085 1427 2300 1498 ptione,
2339 1428 2608 1482 carituros
2646 1441 2768 1482 esse
2799 1425 3015 1496 propria
3050 1425 3272 1493 regione
3309 1440 3501 1480 omnes
3537 1441 3657 1480 om~

2085 1517 2235 1584 nino,
2272 1519 2364 1588 qui
2398 1518 2465 1573 ad
2494 1516 2967 1573 circumcisiouem
2998 1516 3289 1587 pertinent,
3342 1523 3504 1585 atque
3540 1531 3657 1571 om-

2085 1624 2209 1664 nem
2239 1606 2526 1663 Judaicam
2577 1617 2814 1678 gentem,
2866 1608 3134 1676 promissa
3171 1607 3354 1662 divina
3386 1623 3491 1662 non
3534 1624 3657 1663 esse

2086 1708 2524 1756 consecuturam.

486 1784 615 1839 Ml".
657 1801 677 1835 ι
713 1784 823 1838 Kal.
851 1782 1001 1836 ἔσται
1044 1783 1102 1836 ὲν
1126 1785 1193 1853 τῇ
1217 1781 1399 1854 ήμέρᾳ
1427 1783 1608 1855 ἐκείνῃ
1642 1782 1877 1852 ἔκλειψις
1898 1783 1984 1837 δό-

2160 1792 2341 1848 XLIII.
2389 1811 2414 1843 (ο
2446 1790 2515 1844 Et
2542 1791 2719 1859 eritin
2748 1792 2836 1845 die
2868 1791 2960 1845 illa
2981 1791 3230 1848 defectus
3259 1791 3445 1862 gloriae
3464 1788 3655 1849 Jacob.

415 1874 513 1945 ξης
551 1862 765 1939 Ἰακὼϐ,
792 1875 884 1929 καὶ
910 1872 980 1928 τὰ
1003 1874 1159 1928 πίονα
1181 1874 1281 1944 τῆς
1307 1873 1464 1946 δόξης
1482 1874 1645 1929 αὐτοῦ
1676 1874 1985 1947 σεισθήσον-

415 1984 523 2020 ται.
558 1969 664 2020 Καὶ
696 1966 847 2020 ἔσται
881 1967 940 2020 ὃν
972 1966 1175 2039 τρόπον
1212 1967 1307 2020 ὲάν
1338 1983 1422 2030 τις
1462 1968 1745 2040 συναγάγῃ
1774 1967 1991 2038 ἀμητὸν

415 2060 701 2130 ἑστηκότα,
744 2060 835 2114 καὶ
884 2060 1107 2133 σπέρμα
1151 2059 1398 2130 σταχύων
1441 2060 1649 2132 ἀμήσῃ·
1696 2061 1788 2114 καὶ
1831 2060 1983 2113 ἔσται

412 2152 474 2205 ὃν
510 2153 707 2224 τρόπον
759 2152 853 2206 ὲάν
900 2168 982 2216 τις
1022 2152 1307 2222 συναγάγῃ
1348 2151 1582 2221 στάχυας
1635 2153 1693 2203 ἐν
1742 2150 1984 2222 φάραγγι

417 2244 630 2315 στερεᾷ,
664 2244 757 2298 καὶ
780 2243 1107 2314 καταλειφθῇ
1139 2245 1197 2296 ὲν
1222 2243 1358 2313 αὐτῇ
1385 2243 1620 2314 καλάμτγ
1656 2244 1688 2313 ἢ
1715 2245 1789 2307 ὡς
1812 2243 1985 2314 ρῶγες

413 2334 599 2398 ἐλαίας
624 2334 737 2401 δύο,
765 2334 799 2404 ἢ
823 2338 974 2407 τρεῖς
1001 2335 1087 2387 ἐπ’
1114 2334 1285 2405 ἄκρου
1320 2333 1615 2405 μετεώρου,
1642 2336 1675 2405 ἥ
1700 2335 1981 2406 τέσσαρες,

421 2425 449 2493 ἢ
482 2427 640 2480 πέντε
672 2425 768 2478 ἐπὶ
797 2425 905 2480 τῶν
944 2424 1152 2479 κλάδων
1181 2424 1360 2478 αὐτῶν
1390 2424 1808 2493 καταλειφθῶσι.
1848 2426 1986 2479 Τάδε

417 2516 561 2583 λέγει
599 2515 802 2588 Κύριος
828 2520 856 2568 ὁ
887 2514 1021 2578 Θεὸς
1047 2514 1141 2569 τοῦ
1193 2515 1408 2587 Ἰσραήλ
1429 2533 1442 2546 δ
1478 2516 1555 2587 Τῇ
1590 2516 1772 2588 ήμέρᾳ
1803 2517 1984 2588 ἐκείνῃ

424 2605 691 2670 πεποιθὼς
719 2606 869 2659 ἔσται
911 2606 1193 2677 ἄνθρωπος
1237 2607 1330 2660 ἐπὶ
1371 2606 1448 2677 τῷ
1480 2608 1763 2677 ποιήσαντι
1802 2608 1981 2661 αὐτόν’

417 2699 465 2752 οὶ
493 2698 548 2750 δὲ
580 2696 849 2768 ὀφθαλμοὶ
880 2696 1041 2750 αὑτοῦ
1073 2700 1151 2760 εἰς
1174 2697 1265 2750 τὸν
1297 2697 1450 2765 ἅγιον
1489 2697 1582 2750 τοῦ
1632 2699 1843 2770 Ἰσραὴλ
1887 2701 1986 2770 έμ-

421 2787 720 2856 ὃλέψονται,
758 2789 848 2840 καὶ
879 2788 940 2839 οὐ
979 2788 1052 2859 μὴ
1088 2787 1403 2850 πεποιθότες
1447 2781 1701 2843 ὧσιν¹ὲπὶ
1730 2792 1842 2853 τοῖς
1879 2790 1985 2858 βω-

419 2882 555 2950 μοῖς,
609 2878 731 2933 οὐδὲ
773 2880 867 2931 ἐπὶ
910 2881 1023 2941 τοῖς
1075 2877 1254 2949 ἔργοις
1293 2879 1400 2931 τῶν
1454 2880 1652 2951 χειρῶν
1696 2882 1895 2945 αὐτῶν,
1950 2880 1986 2934 ἆ

419 2974 676 3044 εποίησαν
699 2974 749 3026 οἱ
782 2972 1031 3027 δάκτυλοι
1058 2972 1258 3026 αὐτῶν.
1295 2993 1314 3024 ι
1353 2973 1463 3027 Καὶ
1480 2973 1568 3027 διὰ
1592 2973 1794 3027 τούτων
1822 2974 1983 3046 ἐναρ-

426 3065 527 3135 γῶς
565 3065 876 3129 θεσπίζεται
923 3068 956 3136 ἡ
993 3063 1119 3130 δόξα
1168 3063 1262 3118 τοῦ
1311 3066 1525 3136 Ἰσραὴλ
1568 3068 1660 3120 καὶ
1703 3067 1879 3120 πάντα
1917 3066 1987 3120 τὰ

422 3157 577 3211 πίονα
622 3155 801 3211 αὐτῶν
830 3155 1342 3228 καθαιρεθήσεσθαι,
1392 3156 1561 3225 ὀλίγοι
1598 3157 1655 3210 δὲ
1701 3154 1853 3222 αὖθις
1890 3158 1985 3212 καὶ

421 3247 633 3319 ἀριθμῷ
662 3248 877 3319 ληπτοὶ,
900 3248 1048 3301 ὼσάν
1071 3248 1257 3312 ἐλαίας
1283 3251 1341 3303 ὲν
1365 3248 1516 3319 φυτῷ
1541 3230 1717 3321 ρῶγες
1745 3250 1989 3322 βραχεῖς,

419 3338 945 3410 καταλειφθήσεσθαι
976 3339 1245 3407 λέγονται·
1295 3334 1439 3394 οὗτοι
1480 3338 1536 3392 δὲ
1581 3340 1646 3393 ἂν
1683 3335 1793 3394 εἷεν
1845 3343 1893 3394 oi
1927 3340 1986 3406 ἐξ

420 3430 596 3484 αὐτῶν
633 3431 714 3493 εἰς
752 3431 843 3484 τὸν
884 3429 1089 3501 Κύριον
1139 3430 1296 3501 ήμῶν
1339 3431 1784 3495 πεπιστευκότες.
1830 3432 1986 3485 Ἀκο-

419 3520 619 3584 Αούθως
675 3521 733 3574 δὲ
785 3520 920 3592 μετά
966 3520 1035 3575 τά
1092 3523 1220 3593 περὶ
1269 3522 1494 3576 ἐκείνων
1541 3522 1825 3595 εἰρημένα,
1858 3524 1987 3595 περὶ

419 3612 616 3678 παντὸς
677 3613 979 3685 ἀνθρώπων
1029 3614 1218 3683 γένους
1276 3615 1829 3686 ἀποστραφησομένου
1888 3616 1987 3686 τὴν

419 3706 560 3759 κατά
596 3703 668 3758 τά
699 3704 891 3760 εἴδωλα
921 3705 1152 3775 πλάνην,
1191 3705 1627 3776 ὲπιγνωσομένου
1655 3706 1711 3760 δὲ
1742 3705 1830 3759 τὸν
1856 3705 1999 3760 Θεὸν>

429 3798 665 3870 Ἰσραὴλ,
700 3797 1125 3868 προφητεύεται.

488 3890 616 3943 MA'.
654 3907 674 3941 ι
728 3890 1040 3954 Ἀκούσατε,
1073 3890 1248 3960 νῆσοι.
1295 3891 1846 3963 ἐγκαταλελειμμένα
1894 3894 1994 3946 καῖ

419 3977 765 4050 ὀδυνώμενοι,
801 3979 1093 4043 ἀκούσατε,
1120 3980 1159 4034 ἃ.
1203 3980 1413 4051 ἥκουσα
1444 3980 1594 4051 παρά
1630 3984 1836 4055 Κυρίου
1880 3985 1989 4038 Xa-

417 4070 584 4124 ϐαώθ·
615 4073 644 4124 ό
687 4071 818 4136 Θεὸς
850 4070 952 4124 τοῦ.
986 4072 1200 4143 Ἰσραὴλ
1241 4075 1559 4145 ἀνήγγειλεν
1595 4079 1746 4147 ἡμῖν.
1786 4096 1804 4127 ι
1842 4078 1983 4149 Ὅρα

421 4163 536 4217 τίνα
574 4164 772 4236 τρόπον
814 4166 907 4219 κα).
950 4165 1182 4220 ἐνταῦθα
1229 4168 1289 4220 οὐ
1324 4169 1528 4233 πάντας
1564 4170 1692 4234 τοὺς
1733 4173 1796 4224 ὲκ
1831 4188 1986 4243 περι-

418 4257 589 4329 τομῆς
628 4257 720 4310 ἐπὶ
747 4259 845 4329 τὴν
866 4258 975 4311 τῶν
1007 4261 1333 4332 ἀπορρήτων
1362 4262 1623 4333 ἀκρόασιν
1656 4263 1983 4333 παρακαλεῖ,

418 4347 530 4401 ἀλλ’
582 4348 615 4419 ἢ
662 4349 876 4420 μόνους,
912 4349 1005 4414 οὓς
1042 4349 1300 4420 ὀνομάζει
1332 4352 1859 4423 καταλελειμμένους
1892 4356 1984 4409 καὶ

416 4438 813 4510 ὀδυνωμένους·
872 4436 973 4495 οἷοι
1017 4439 1156 4515 ἦσαν
1205 4447 1255 4497 oi
1303 4443 1447 4497 κατά
1488 4442 1578 4495 τὸν
1641 4443 1980 4507 ’Δπόστολον,

419 4530 767 4596 στενάζοντες
805 4533 899 4586 καὶ
936 4532 1331 4605 ἁποκλαόμενοι
1375 4532 1473 4605 τὴν
1513 4533 1710 4586 κακίαν
1748 4533 1845 4599 τοῦ,
1874 4534 1981 4588 τῶν

417 4621 717 4694 ἀνθρώπων
747 4622 882 4693 βίου.

487 4715 620 4769 ME’.
659 4733 677 4767 ι
730 4716 1063 4789 Ἐπένθησαν
1102 4718 1150 4770 οἱ
1181 4717 1374 4789 ὑψηλοὶ
1421 4717 1519 4787 τῆς
1562 4718 1697 4789 γῆς,
1745 4718 1777 4788 ἡ
1817 4716 1873 4771 δὲ
1914 4717 1986 4787 γῆ

419 4807 659 4877 ήνόμησε
715 4807 803 4862 διὰ
849 4811 976 4873 τοὺς
1015 4810 1402 4873 κατοικοῦντας
1452 4811 1642 4881 αὑτήν.
1694 4810 1793 4863 Διά
1827 4810 1987 4864 τοῦτο

420 4900 624 4968 πτωχοὶ
647 4898 859 4954 ἔσονται
885 4901 936 4954 οἱ
972 4899 1309 4964 ἐνοικοῦντες
1342 4903 1435 4955 ἐπὶ
1463 4902 1561 4972 τῆς
1605 4901 1727 4972 γῆς,
1760 4902 1854 4955 καὶ
1889 4919 1986 4955 κα-

424 4986 865 5059 ταλειφθήσονται
902 4988 1175 5062 ἄνθρωποι
1207 4990 1397 5060 ὀλίγοι.
1443 5010 1461 5042 ι
1513 4992 1623 5044 Kal
1670 4991 1727 5042 ἐν
1778 4989 1989 5054 τούτοις

419 5081 542 5143 τοὺς
595 5080 1044 5153 παραϐεϐηκότας
1093 5084 1185 5138 τὸν
1227 5084 1411 5153 νόμον,
1452 5083 1547 5138 καὶ
1589 5082 1693 5153 τὴν
1725 5081 1986 5143 τοῦιθεοῦ

419 5172 680 5243 διαθήκην
705 5171 799 5225 τοῦ
824 5173 889 5224 ὲκ
923 5173 1223 5243 περιτομῆς
1249 5173 1379 5227 λαοῦ
1405 5170 1730 5240 ἀπελέγξας,
1762 5172 1989 5243 ἀπειλή-

420 5279 518 5326 σας
537 5278 597 5315 τε
627 5262 817 5324 αὐτοῖς
844 5261 914 5315 τά
947 5262 1429 5335 ἀναγεγραμμένα,
1461 5261 1987 5333 καταλειφθήσεσθαι

333 5352 348 5422 ζ
419 5352 733 5426 ἀνθρώπους
767 5352 827 5417 ἐξ
851 5352 1030 5407 αὐτῶν
1068 5354 1279 5421 ὀλίγους
1312 5354 1669 5427 προφητεύεγ
1702 5349 1811 5407 εἷεν
1852 5353 1895 5406 δ’
1922 5353 1988 5407 ἂν

348 5446 362 5475 ’έ
419 5440 563 5502 οὗτοι
602 5448 663 5501 τὸ
690 5447 1085 5519 ὠνομασμένον
1117 5448 1267 5517 παρὰ
1303 5448 1381 5518 τῷ
1435 5448 1738 5519 Ἀποστόλῳ
1781 5448 1987 5518 λεῖμμα

421 5541 535 5597 κατ’
563 5538 788 5612 ἐκλογὴν
822 5539 949 5610 χάρ.
963 5556 1063 5600 τος.

488 5718 535 5751 ⁵⁸
562 5716 906 5789 lsa.xul.ll,
937 5720 1022 5775 I2.
1104 5721 1146 5754 εδ
1182 5720 1316 5775 Ibid.
1351 5721 1431 5777 lii.
1511 5720 1835 5779 "-Isa.xvu.
1865 5720 1981 5776 1-8.
2061 5722 2105 5755 εκ
2136 5719 2241 5777 Isa.
2277 5736 2422 5777 xux.
2460 5719 2513 5773 I.
2541 5718 2594 5772 2.
2677 5716 2841 5772 "Isa.
2873 5716 3148 5775 nuntii.

2085 1895 2139 1941 et
2169 1887 2387 1957 pinguia
2411 1884 2596 1955 glorias
2616 1883 2790 1953 ipsius
2818 1885 3247 1952 quassabuntur.
3267 1880 3332 1936 Et
3345 1882 3449 1937 erit
3475 1896 3658 1951 quem-

2086 1977 2378 2033 admodum
2410 1976 2458 2030 si
2485 1974 2608 2044 quis
2625 1975 2847 2043 colligat
2869 1989 3099 2030 messem
3125 1980 3382 2039 stantem,
3400 1981 3455 2027 et
3472 1985 3658 2027 semen

2087 2067 2360 2136 spicarum
2387 2070 2587 2131 metut;
2624 2070 2678 2117 et
2705 2064 2808 2116 erit
2829 2062 3287 2132 quemadmodum
3318 2062 3367 2117 si
3388 2062 3514 2132 quis
3546 2061 3658 2115 col-

2086 2160 2217 2228 ligat
2241 2159 2420 2227 spicas
2465 2157 2523 2210 in
2578 2157 2826 2211 convalle
2854 2154 3051 2218 solida,
3087 2162 3141 2210 et
3174 2154 3285 2224 78
3318 2154 3508 2210 relicta
3541 2153 3657 2207 fue-

2088 2253 2157 2304 rit
2184 2251 2240 2303 in
2290 2264 2355 2303 ea
2396 2247 2635 2318 stipula;
2666 2254 2761 2300 aut
2792 2245 2951 2317 quasi
2975 2245 3157 2299 bacca:
3181 2245 3338 2300 oliva:
3371 2244 3512 2304 duas.
3543 2246 3658 2299 sive

2087 2349 2198 2396 tres
2236 2341 2293 2393 in
2343 2338 2629 2393 cacumine
2658 2334 2902 2399 sublimi,
2935 2349 3031 2389 seu
3061 2341 3318 2404 quatuor,
3354 2348 3451 2389 seu
3497 2332 3670 2402 (μείης.

2086 2448 2192 2502 que
2220 2434 2276 2486 in
2312 2431 2479 2487 ramis
2500 2428 2636 2500 ipsis
2657 2428 2862 2483 relictae
2893 2424 3114 2481 fuerint.
3152 2424 3277 2481 Hm
3309 2425 3443 2480 dicit
3474 2422 3658 2478 Domi.-

2087 2540 2192 2579 nus
2222 2522 2363 2578 Deus
2391 2521 2558 2577 Israel
2596 2536 2609 2570 :
2646 2517 2703 2572 In
2734 2517 2823 2572 die
2848 2516 2940 2571 illa
2960 2515 3241 2571 conﬁdens
3270 2514 3374 2570 erit
3410 2514 3572 2569 homo
3603 2513 3657 2566 in

2086 2631 2171 2675 eo,
2196 2613 2288 2683 qui
2321 2611 2448 2667 fecit
2496 2610 2674 2683 ipsum
2709 2628 2726 2663 :
2757 2607 2909 2662 oculi:
2933 2614 3114 2660 autem
3152 2606 3273 2675 ejus
3310 2606 3378 2660 ad
3407 2610 3657 2662 sanctum

2086 2706 2253 2760 Israel
2309 2703 2622 2773 respicient,
2650 2708 2706 2756 et
2731 2714 2839 2754 non
2890 2705 3053 2754 erunt
3081 2698 3418 2754 conﬁdentes
3438 2699 3494 2751 in
3521 2697 3660 2750 altar

2086 2800 2258 2859 ribus,
2290 2812 2465 2867 neque
2488 2797 2543 2851 in
2565 2796 2824 2867 operibus
2844 2808 3104 2850 manuum
3142 2805 3387 2854 suarum,
3427 2803 3549 2859 qua:
3580 2787 3673 2843 fec.

2087 2902 2281 2944 cerium
2313 2887 2470 2958 digiti
2495 2887 2835 2957 ipsorum“.
2860 2905 2880 2938 ι
2915 2883 2976 2939 In
3017 2883 3102 2938 his
3135 2896 3355 2952 quoque
3378 2880 3670 2934 evidenter:

2088 2980 2344 3043 canitun;
2380 2977 2839 3051 quemadmodum
2894 2977 3066 3049 gloria
3109 2974 3294 3035 Israel,
3355 2981 3410 3028 et
3460 2980 3675 3027 cuncta.

2091 3072 2310 3143 pinguia
2337 3087 2526 3127 eorum
2559 3071 2854 3127 auferenda
2885 3071 3016 3137 sint,
3055 3077 3109 3124 et
3151 3066 3309 3137 pauci
3339 3079 3532 3120 rursus
3554 3079 3659 3117 nuo

2090 3180 2350 3234 meroque
2405 3162 2930 3235 eomprehensibiles
2975 3157 3362 3230 relinquendi:
3396 3164 3563 3225 atque
3602 3154 3657 3208 hi

2086 3257 2302 3328 quidem
2327 3265 2509 3322 erunt,
2546 3255 2639 3326 qui
2664 3271 2727 3311 ex
2759 3257 2840 3312 eis
2863 3256 2919 3310 in
2941 3253 3229 3309 Dominum
3261 3257 3657 3307 nostrumcre-

2085 3350 2343 3406 diderint.
2377 3348 2644 3419 Deinceps
2675 3354 2855 3403 autem
2877 3356 3000 3418 post
3030 3362 3094 3402 ea
3127 3361 3253 3417 qua)
3280 3344 3348 3401 de
3376 3346 3484 3401 illis
3509 3344 3671 3400 dicta.

2086 3450 2233 3507 sunt,
2262 3442 2332 3498 de
2363 3442 2622 3498 universo
2650 3456 2849 3513 genere
2890 3441 3184 3507 hominum
3207 3479 3222 3503 ,
3259 3438 3404 3510 quod
3435 3454 3657 3494 aversu-

2086 3549 2207 3587 rum
2237 3549 2297 3589 se
2325 3532 2396 3587 sit
2416 3532 2486 3586 ab
2504 3541 2692 3587 errore
2724 3530 3164 3594 simulacrorum,
3184 3526 3463 3597 Deumque
3494 3525 3681 3582 Israel.

2087 3626 2417 3696 agniturum,
2435 3621 2753 3678 vaticinium
2791 3620 3057 3691 sequitur.

2156 3884 2339 3940 XLIV.
2374 3901 2394 3936 ι
2424 3883 2642 3948 Audite,
2665 3881 2887 3945 insulaz,
2903 3878 3191 3951 quirelicti
3223 3876 3360 3933 estis
3386 3884 3441 3932 et
3470 3874 3673 3931 dolore-

2087 3974 2410 4032 cruciamini
2435 3991 2449 4029 :
2477 3974 2661 4028 audite
2685 3988 2809 4043 qua;
2839 3970 3022 4026 audivi
3062 3986 3091 4024 a
3116 3968 3346 4024 Domino
3377 3966 3616 4023 Sabaoth
3650 4006 3659 4019 .

2086 4068 2234 4123 Deus
2262 4066 2432 4124 Israel
2481 4064 2754 4121 nuntiavit
2805 4062 2964 4118 nobis
2986 4062 3054 4115 “.
3095 4082 3114 4114 ι
3147 4059 3360 4130 Specta.
3393 4057 3657 4128 quemado

2086 4158 2308 4214 modum
2333 4157 2425 4212 hic
2460 4160 2687 4227 quoque
2711 4170 2820 4211 nun
2861 4169 3075 4217 omnes,
3128 4152 3219 4221 qui
3256 4152 3325 4206 ad
3369 4150 3652 4206 circumci-

2089 4254 2300 4310 sionem
2324 4257 2594 4322 spectant,
2629 4249 2709 4304 ad
2723 4246 2994 4319 ejusmodi
3041 4259 3246 4300 arcana
3276 4242 3544 4301 audienda
3579 4244 3657 4297 in-

2088 4344 2243 4409 vitet,
2266 4343 2361 4400 sed
2384 4344 2535 4400 solos
2552 4358 2671 4410 eos,
2715 4357 2856 4414 quos
2876 4339 3009 4394 dicit
3048 4339 3270 4393 relictos
3304 4351 3448 4401 esse,
3471 4351 3535 4390 ac
3556 4333 3660 4389 do-

2089 4437 2204 4493 lore
2227 4435 2463 4492 cruciari
2492 4434 2743 4505 :.quales
2776 4438 2954 4497 erant,
2992 4430 3108 4500 qui,
3134 4436 3194 4483 ut
3236 4426 3313 4481 ait
3341 4426 3660 4499 Apostolus,

2084 4529 2368 4601 gemebant
2403 4542 2468 4581 ac
2487 4525 2844 4596 deplorabant
2890 4523 3151 4578 malitiam
3192 4520 3315 4574 vitae
3354 4519 3658 4574 hominum.

2156 4710 2321 4769 XLV.
2363 4711 2686 4765 «Llixerunt
2712 4707 2915 4764 excelsi
2958 4714 3138 4771 terra,
3184 4714 3240 4760 et
3293 4712 3442 4759 terra
3473 4701 3661 4769 inique

2083 4807 2193 4876 egit
2222 4814 2439 4875 propter
2470 4803 2777 4857 habitantes
2806 4815 2955 4856 eam.
3000 4798 3211 4853 Idcirco
3266 4797 3457 4865 inopes
3500 4796 3662 4847 erunt

2085 4896 2466 4952 inhabitantes
2508 4895 2564 4949 in
2625 4903 2790 4956 terra,
2853 4899 2909 4946 et
2972 4891 3351 4960 relinquentur
3411 4885 3663 4940 homines

2084 4987 2243 5058 pauci
2276 4989 2343 5043 °".
2366 5006 2386 5039 ι
2424 4985 2480 5041 In
2508 4986 2606 5041 his.
2636 5001 2854 5056 quoque
2884 4983 2979 5037 ubi
3035 4998 3131 5037 eos
3160 4975 3529 5050 reprehendit,
3566 4979 3661 5046 qui

2085 5093 2150 5133 ex
2181 5076 2383 5147 populo
2415 5074 2854 5132 circumcisionis
2892 5073 3063 5142 legem
3123 5069 3240 5132 Dei,
3266 5076 3321 5124 et
3359 5075 3664 5123 testamen-

2085 5178 2201 5223 tum
2223 5168 2671 5238 contempserint,
2701 5174 2756 5223 el.
2775 5166 2857 5222 eis
2886 5166 3128 5220 minatus
3154 5170 3240 5217 est
3284 5174 3347 5216 ea
3377 5176 3500 5231 quae
3524 5160 3663 5215 scri-

2087 5274 2177 5333 pta
2204 5269 2367 5328 sunt;
2399 5270 2515 5317 tum
2547 5278 2614 5316 ex
2665 5261 2779 5315 illis
2805 5274 3009 5330 paucos
3057 5255 3307 5311 homines
3357 5268 3481 5309 esse
3497 5253 3674 5307 relin-.

2088 5354 2341 5426 quendos
2360 5353 2710 5408 vaticinatur.
2737 5352 2804 5406 Hi
2835 5367 2964 5408 vero
2987 5348 3097 5404 siut
3120 5362 3253 5403 sane
3280 5347 3404 5410 illae,
3425 5362 3546 5418 quae
3566 5361 3663 5400 noe

2086 5449 2367 5503 minantur
2421 5445 2566 5516 apud
2630 5445 2951 5514 Apostolum
2988 5461 3005 5490 ι
3055 5440 3300 5510 reliquia:
3364 5435 3674 5494 secundum.

2086 5538 2405 5594 electionem
2422 5535 2608 5605 gnatis:
2633 5535 2696 5586 ⁸⁸.
2722 5554 2741 5585 ι

3230 5719 3269 5747 τε
3311 5716 3476 5772 Rom.
3499 5727 3587 5769 1L-
3612 5709 3663 5768 5.
