4106 6458
454 295 553 348 is:
1054 285 1325 344 EUSEBII
1361 282 1840 341 CAESARIENSIS
1877 283 2027 340 opp.
2068 284 2250 340 rans
2286 285 2348 339 ιι.
2389 315 2460 326 -
2499 280 2995 343 APOLOGETICA.
3599 291 3706 351 153

524 408 707 465 XLVI.
739 429 758 463 ι
784 409 1180 480 Relinquentur
1210 410 1460 465 civitates
1478 410 1728 473 desertae,
1747 418 1797 465 et
1829 410 2006 465 domu:

2199 409 2349 474 MC’.
2427 427 2445 459 ι
2506 406 3043 479 Καταλειφθήσονται
3101 408 3280 473 πόλεις
3337 410 3553 481 ἔρημοι,
3609 415 3703 469 καὶ

452 517 577 573 qua:
606 502 807 557 relicta:
843 500 1066 563 fuerint,
1112 500 1432 555 interibunt.
1468 498 1595 555 Haec
1626 501 1816 556 omnia
1864 516 2006 556 erun‘

2127 502 2176 555 οι
2231 496 2370 553 οἶκοι
2428 501 2478 551 οἱ
2526 498 3072 569 ἐγκαταλελειμμένα
3125 499 3470 554 ἀπολοῦνται.
3516 502 3702 558 Ταῦτα

450 591 508 647 In
538 598 687 647 terra
708 591 762 645 in
798 590 978 645 medio
1037 591 1314 661 gentium:
1340 592 1799 661 quemadmodum
1822 592 1870 647 si
1902 592 2006 662 qui:

2127 591 2302 645 πάντα
2330 590 2481 643 ἔσται
2518 592 2575 642 ἐν
2607 593 2671 660 τῇ
2708 592 2778 660 γῇ
2802 591 2860 643 ὲν
2890 589 3041 660 μέσῳ
3059 590 3167 643 τῶν
3197 589 3387 644 ἐθνῶνο
3415 591 3474 645 δν
3503 592 3701 663 τρόπον

451 681 675 752 colligat
708 694 912 750 paucas
945 679 1164 744 baccas,
1223 696 1346 751 quae
1384 680 1441 737 in
1465 682 1609 737 oliva
1635 682 2000 745 remanserint

2125 683 2221 741 ἐάν
2265 700 2349 746 τις
2394 682 2781 753 καλαμήσηται
2821 680 3029 747 ἐλαίαν,
3074 682 3248 746 οὕτως
3290 682 3701 755 καλαμήσονται

451 774 535 830 sic
558 773 814 842 colligent
835 785 969 836 eos;
998 781 1054 825 et
1092 772 1140 826 si
1169 772 1278 843 '79
1306 774 1604 835 cessaverit
1651 773 1948 837 vindemia,
1968 773 2003 830 lt

2125 773 2351 837 αὐτούς·
2386 774 2480 828 καὶ
2524 773 2618 829 ἐὰν
2650 773 2924 846 παύσηται
2964 776 2994 830 6
3032 775 3321 845 τρυγητδς,
3351 766 3499 830 οὗτοι
3542 780 3695 851 φωνῇ

452 880 583 922 voce
601 863 916 920 clamabunt
949 877 963 914 :
996 863 1089 932 qui
1120 872 1303 919 autem
1325 864 1502 919 relicti
1533 865 1738 920 fuerint
1765 865 1817 919 in
1853 873 2023 931 terra,

450 958 777 1013 laetabuntur
809 955 975 1013 simul
1004 969 1132 1010 cum
1161 956 1334 1026 gloria
1349 956 1566 1012 Domini
1595 958 1661 1013 θ’.
1706 978 1725 1011 ι
1764 957 1864 1012 Hic
1884 975 2023 1029 quo-

445 1065 551 1121 que
574 1048 676 1105 soli
699 1047 793 1119 qui
834 1047 1011 1103 relicti
1046 1046 1273 1111 fuerint,
1316 1049 1557 1120 gavisuri
1580 1049 1861 1115 dicuntur,
1894 1065 2018 1104 cum

445 1140 640 1211 reliqui
669 1153 862 1195 omnes
916 1136 1027 1204 bis,
1057 1153 1181 1207 qua:
1223 1140 1279 1193 in
1334 1140 1599 1196 vaticinio
1644 1140 2016 1207 continentur,

443 1232 557 1287 sint
581 1230 856 1287 tradendi.

508 1322 720 1379 XLVII.
757 1342 776 1377 ι
812 1322 1245 1380 Conculcabitur
1266 1337 1467 1377 corona
1492 1323 1856 1390 contumelias,
1874 1338 2020 1386 mer-

438 1417 644 1472 cenarii
678 1415 938 1486 prraim
978 1434 992 1471 :
1027 1427 1082 1470 et
1107 1415 1213 1470 erit
1246 1414 1366 1482 Ilos,
1396 1414 1490 1485 qui
1538 1412 1752 1471 decidet
1795 1414 1864 1470 de
1919 1429 2017 1488 spe

437 1507 627 1577 gloriae
657 1508 712 1562 in
746 1509 1035 1563 cacumine
1078 1507 1284 1562 montis
1330 1507 1553 1571 excelsi,
1590 1506 1750 1577 quasi
1797 1521 2016 1578 praecox

439 1600 578 1654 licus
616 1598 755 1668 :qui
786 1598 925 1655 vidit
956 1614 1081 1654 eum
1131 1598 1449 1669 priusquam
1507 1598 1561 1650 in
1620 1611 1815 1652 manus
1867 1596 2015 1650 acci--

437 1690 573 1762 piat,
617 1692 780 1751 vellet
813 1706 939 1747 eum
981 1691 1266 1757 devorare.
1319 1689 1416 1744 Die
1469 1690 1560 1744 illa
1616 1689 1879 1744 Dominus
1909 1688 2015 1744 erit

437 1797 644 1840 corona
676 1784 814 1854 spei,
845 1791 1097 1840 contexta
1125 1783 1312 1854 gloriae
1340 1783 1414 1847 ei,
1462 1783 1554 1852 qui
1586 1783 1814 1847 relictus
1844 1782 1917 1838 sit
1944 1782 2013 1838 de

437 1875 639 1945 populo
698 1858 875 1944 ipsius
914 1893 927 1931 :
963 1875 1340 1947 relinquentur
1380 1874 1527 1928 enim
1574 1873 1631 1927 in
1690 1874 1886 1943 spiritu
1917 1873 2010 1942 ju-

436 1964 589 2032 dicii.
616 1984 636 2018 ι
666 1963 842 2021 Etiam
872 1966 963 2020 hic
985 1966 1057 2039 ei,
1084 1966 1176 2036 qui
1202 1966 1425 2024 relictus
1458 1966 1530 2020 sit
1555 1965 1622 2021 de
1648 1966 1869 2036 populo,
1900 1980 2011 2020 non

438 2057 709 2113 universae
734 2057 809 2112 illi
840 2057 1007 2128 genti,
1039 2057 1191 2112 solis~
1224 2058 1412 2127 utique
1442 2057 1571 2121 illis,
1615 2058 1708 2127 qui
1743 2057 2006 2127 reliquia-

434 2163 559 2202 rum
589 2150 810 2205 nomine
841 2150 1239 2221 significantur,
1269 2148 1556 2204 Dominum
1576 2165 1837 2215 coronam
1868 2152 2006 2221 spei,

431 2246 488 2293 et
518 2240 704 2309 gloria:
732 2239 1000 2306 futurum,
1029 2239 1361 2294 vaticinatur
1397 2259 1410 2294 :
1460 2242 1597 2296 alios
1629 2257 1758 2299 vero
1808 2249 2008 2312 praeter

433 2332 616 2402 populi
641 2332 925 2403 reliquias,
952 2347 1214 2387 coronam
1237 2333 1606 2399 contumelia},
1636 2341 1691 2388 et
1724 2349 2007 2390 mercena-

427 2421 543 2481 rios
576 2421 833 2494 Ephraim
862 2423 1129 2481 nominat.

497 2602 733 2657 XLVIII.
771 2620 789 2657 ι
826 2602 895 2657 Et
919 2610 1103 2667 erunt,
1132 2601 1228 2672 qui
1261 2600 1438 2657 relicti
1474 2598 1678 2665 fuerint
1710 2599 1768 2655 in
1793 2598 2002 2665 Iudaea,

427 2698 650 2753 mittent
679 2695 919 2753 radicem
956 2695 1238 2759 deorsum,
1269 2703 1324 2750 et
1358 2693 1563 2749 facient
1606 2692 1844 2750 fructum
1885 2710 2007 2749 sur-

428 2804 553 2845 sum
608 2789 867 2859 quoniam
919 2802 984 2842 ex
1039 2786 1378 2862 Hierusalem
1426 2793 1613 2851 erunt,
1684 2786 1779 2856 qui
1830 2786 2006 2842 relicti

428 2882 652 2948 fuerint,
699 2889 754 2937 et
796 2881 891 2954 qui
937 2881 1075 2938 salvi
1126 2879 1293 2935 futuri
1341 2887 1566 2939 suntex
1600 2888 1785 2937 monte
1819 2879 1948 2936 Sion
1987 2902 1999 2937 :

427 2973 705 3031 emulatio
729 2972 944 3029 Domini
976 2971 1219 3033 Sabaoth
1247 2970 1411 3027 faciet
1435 2972 1550 3027 haec
1577 2973 1619 3004 ⁷³
1653 2992 1666 3026 :
1711 2992 1730 3025 ι
1769 2988 1885 3035 eos,
1908 2974 2002 3043 qui

428 3067 731 3124 secundum
762 3066 1085 3122 electionem
1115 3065 1303 3135 gratiae
1348 3065 1523 3120 relicti
1576 3064 1781 3123 fuerint
1809 3081 1877 3121 ex
1904 3065 2000 3121 Ju-

425 3161 669 3218 dteorum
693 3166 854 3230 gente
879 3158 1148 3215 missuros
1174 3157 1410 3231 radicem
1435 3158 1716 3226 deorsum,
1745 3167 1799 3214 et
1827 3158 2005 3214 factu-

426 3267 519 3308 ros
550 3266 736 3307 semen
765 3266 986 3307 sursum
1016 3250 1367 3305 vaticinatur.
1416 3249 1520 3304 Ubi
1555 3250 2004 3308 manifestissime

426 3344 805 3419 apostolorum
834 3351 889 3399 et
930 3343 1327 3413 discipulorum
1360 3342 1661 3399 Salvatoris
1688 3344 1865 3400 nostri
1894 3346 2005 3400 ele-

427 3435 668 3490 ctionem
705 3434 998 3506 signiﬁcat.
1030 3434 1314 3504 Siquidem
1337 3435 1416 3499 hi,
1447 3452 1516 3491 ex
1547 3436 1615 3491 iis
1660 3436 1752 3507 qui
1796 3440 1864 3495 ad
1896 3437 2006 3492 cir-

426 3524 822 3589 cumcisionem
855 3525 1148 3594 pertinent,
1178 3524 1378 3593 relicti,
1415 3525 1673 3583 deorsum
1704 3526 1761 3579 in
1798 3532 2001 3581 terram

425 3617 690 3673 doctrinae
737 3632 851 3677 suae
900 3617 1116 3673 radices
1165 3617 1456 3681 miserunt,
1495 3616 1632 3672 adeo
1666 3616 1908 3687 quidem,
1944 3625 2004 3671 ut

423 3708 519 3767 ila
551 3709 670 3779 ipsa
707 3708 1023 3765 eorumdem
1051 3708 1301 3763 doctrina
1333 3708 1496 3764 inﬁxa
1526 3709 1620 3774 sit,
1649 3715 1704 3763 et
1724 3707 2004 3764 radicibus

428 3798 641 3856 ﬁrmata
665 3815 763 3873 per
792 3807 965 3855 totum
994 3808 1268 3856 terrarum
1297 3800 1487 3854 orbem
1514 3819 1526 3853 :
1565 3814 1785 3854 sursum
1819 3806 2001 3854 autem

424 3891 569 3948 ferre
618 3885 805 3953 semen
855 3899 910 3947 et
940 3892 1181 3947 fructum
1214 3892 1281 3947 ad
1315 3892 1587 3963 promissa
1626 3892 1872 3947 coelestia
1902 3906 2003 3947 ex-

423 3984 626 4041 bortati
655 3993 806 4041 sunt.
855 3983 923 4040 Hi
967 4001 1094 4042 vero
1144 3986 1251 4057 ipsi
1282 3986 1350 4041 de
1379 3993 1540 4057 gente
1569 3985 1881 4051 Iudaeorum
1912 4001 2002 4041 re—

422 4078 561 4143 licti,
620 4078 836 4136 ueteris
870 4079 1250 4149 pereuntibus,
1312 4079 1413 4142 soli
1465 4078 1673 4133 servari
1714 4079 1998 4134 dicuntur.

422 4169 552 4226 ﬂare
593 4179 773 4230 autem
815 4171 1021 4235 omnia,
1065 4171 1341 4227 aemulatio
1392 4170 1605 4225 Domini
1664 4172 1808 4227 fecit.
1867 4170 2000 4226 Nam

2124 866 2482 935 φωνήσουσιν·
2525 865 2573 917 οἱ
2606 863 2663 916 δὲ
2696 864 3149 937 καταλειφθέντες
3191 867 3283 918 ἐπὶ
3320 865 3419 935 τῆς
3455 867 3561 937 γῆς
3602 867 3696 921 εὐ-

2129 955 2527 1028 φρανθήσονται
2550 957 2666 1027 ἅμα
2694 960 2759 1027 τῇ
2787 957 2916 1031 δόξῃ
2938 960 3162 1029 Κυρίου.
3197 975 3214 1008 ι
3250 959 3358 1011 Καὶ
3392 959 3624 1014 ἐνταῦθα
3647 962 3696 1014 οἱ

2122 1043 2574 1113 καταλειφθέντες
2611 1045 2761 1116 μόνοι
2786 1044 3257 1116 εὐφρανθήσεσθαι
3294 1045 3563 1115 λέγονται,
3589 1049 3697 1104 τῶν

2120 1135 2321 1199 λοιπῶν
2371 1136 2627 1189 ἁπάντων
2685 1138 2799 1199 τοῖς
2858 1134 3270 1208 θεσπιζομένοις
3323 1138 3693 1209 παραδοθησο-

2114 1226 2315 1297 μένων.

2191 1317 2316 1370 ιιΖυ.
2354 1319 2941 1389 (Καταπατηθήσεται
2972 1319 3001 1370 ὁ
3032 1320 3292 1388 στέφανος
3330 1320 3429 1391 τῆς
3462 1320 3692 1392 ὕϐρεως,

2116 1412 2164 1463 οἱ
2198 1408 2457 1481 μισθωτοὶ
2483 1408 2579 1463 τοῦ
2625 1410 2894 1482 Ἐφραῖμο
2928 1411 3021 1465 καὶ
3049 1411 3202 1465 ἐσται
3233 1411 3294 1465 16
3322 1411 3480 1475 ἄνθος
3515 1414 3576 1466 16
3603 1415 3695 1469 ἐκ-

2115 1501 2280 1554 πεσὸν
2325 1502 2423 1572 τῆς
2473 1502 2686 1566 ἐλπίδος
2735 1503 2836 1573 τῆς
2883 1501 3046 1573 δόξης
3079 1505 3165 1556 ἐπ’
3213 1504 3381 1575 ἄκρου
3412 1503 3505 1557 τοῦ
3535 1505 3693 1577 δρους

2115 1592 2207 1647 τοῦ
2254 1592 2493 1665 ὑψηλοῦ,
2542 1594 2617 1658 ὼς
2675 1594 2981 1665 πρόδρομος
3037 1597 3241 1649 σύκου’
3290 1599 3319 1650 6
3368 1595 3489 1650 ἰδὼν
3540 1598 3690 1664 αὐτὸ,

2116 1685 2245 1756 πρὶν
2276 1686 2309 1755 ἢ
2346 1687 2425 1748 εἰς
2457 1686 2555 1758 τὴν
2586 1689 2744 1757 χεῖρα
2774 1687 2960 1741 λαϐεῖν
3003 1689 3156 1754 αὐτὸ,
3189 1689 3401 1760 θελήσει
3433 1692 3565 1745 αὐτὸ
3595 1710 3694 1748 κα·-

2047 1757 2095 1827 Β
2118 1782 2350 1833 ταπιεῖν.
2393 1780 2472 1850 Τῇ
2502 1757 2685 1851 μόρα
2710 1780 2894 1854 ἐκείνῃ
2925 1782 3128 1854 Κύριος
3175 1757 3327 1837 ἔσται
3364 1786 3394 1836 6
3435 1784 3692 1852 στέφανος

2118 1869 2216 1939 τῆς
2248 1869 2480 1934 ἐλπίδος,
2507 1873 2537 1923 6
2575 1869 2802 1936 πλακεὶς
2834 1872 2933 1942 τῆς
2972 1873 3129 1943 δόξης
3159 1874 3237 1945 τῷ
3262 1874 3690 1943 ’καταληφθέντι

2117 1962 2211 2015 τοῦ
2241 1961 2372 2015 λαοῦ
2419 1961 2606 2016 αὐτοῦ’
2643 1962 3166 2034 καταλειφθήσονται
3193 1966 3300 2037 γὰρ
3333 1967 3390 2018 ἐν
3425 1965 3691 2035 πνεύματι

2119 2054 2367 2125 κρίσεως.
2415 2073 2434 2108 ι
2462 2055 2572 2109 Καὶ
2604 2055 2834 2113 ἐνταῦθα
2864 2054 2941 2125 τῷ
2980 2056 3387 2124 καταλειφθέντι
3416 2057 3508 2110 τοῦ
3537 2056 3690 2123 λαοῦ,

2115 2147 2235 2218 οὐχὶ
2262 2147 2320 2200 δὲ
2353 2148 2516 2200 παντὶ
2546 2147 2624 2219 τῷ
2655 2147 2798 2202 ἔθνει
2834 2148 3033 2213 αὐτῶν,
3064 2148 3203 2203 ἀλλά
3242 2149 3423 2220 μόνοις
3450 2153 3563 2214 τοῖς
3604 2150 3693 2204 διὰ

2115 2236 2208 2289 τοῦ
2250 2236 2694 2309 καταλείμματος
2739 2239 3179 2309 σημαινομένοις,
3208 2241 3301 2293 τὸν
3326 2242 3529 2313 Κυριον
3568 2241 3695 2307 στέτ

2115 2343 2281 2396 φανον
2326 2326 2545 2383 ἔσεσθαι
2590 2328 2805 2393 ἐλπίδος
2848 2331 2942 2384 καὶ
2984 2330 3144 2401 δόξης
3190 2332 3539 2403 προφητεύει,
3569 2334 3695 2395 τοὺς

2114 2418 2306 2484 ἄλλους
2364 2420 2519 2493 παρά
2571 2422 2632 2475 16
2686 2422 3034 2493 κατάλειμμα
3085 2423 3177 2476 τοῦ
3238 2424 3368 2478 λαοῦ
3431 2424 3690 2493 στέφανον

2114 2510 2324 2584 ὓϐρεως
2352 2516 2446 2567 καὶ
2474 2513 2779 2585 μισθωτοὺς
2808 2516 2903 2569 τοῦ
2948 2515 3188 2587 Ἐφραῒμ
3211 2516 3512 2589 ὀνομάζων.

2182 2605 2320 2658 MH’.
2369 2622 2389 2656 ι
2427 2605 2536 2659 Καὶ
2568 2605 2781 2660 ἔσονται
2824 2608 2873 2671 οἱ
2921 2608 3475 2681 ἐγκαταλελειμμένα
3521 2614 3580 2666 ἐν
3623 2615 3687 2683 τῇ

2126 2697 2378 2769 Ἰουδαίᾳ,
2401 2699 2667 2769 φυήσουσι
2685 2698 2840 2771 ῥίζαν
2863 2699 3034 2765 κάτω,
3053 2701 3147 2754 καὶ
3169 2703 3451 2773 ποιήσουσι
3470 2704 3690 2775 σπέρμα

2111 2790 2244 2855 ἄνω,
2292 2791 2375 2843 ὅτι
2422 2791 2483 2855 ἐξ
2537 2791 2894 2862 Ἰερουσαλὴμ
2940 2790 3153 2847 ἔσονται
3194 2794 3245 2847 οί
3293 2794 3586 2865 σωζόμενοι
3634 2793 3691 2862 ἐξ

2110 2879 2269 2951 ὅρους
2291 2879 2448 2933 Σιών.
2481 2881 2540 2933 '0
2561 2880 2720 2952 ζῆλος
2741 2882 2947 2952 Κυρίου
2968 2880 3195 2936 Σαϐαὼθ
3220 2885 3435 2956 ποιήσει
3457 2883 3648 2938 ταῦτα.
3662 2872 3691 2937 ιη

2111 2971 2249 3035 Τοὺς
2293 2973 2412 3025 κατ’
2452 2971 2682 3044 ἐκλογὴν
2729 2974 2950 3044 χάριτος
2999 2974 3455 3045 καταλειφθέντας
3499 2979 3563 3032 ἐκ
3594 2976 3689 3032 τοῦ

2122 3065 2390 3123 Ἰουδαίων
2422 3066 2607 3131 ἐθνους
2639 3069 2863 3139 φυήσειν
2899 3067 3054 3139 ῥίζαν
3086 3068 3255 3132 κάτω,
3301 3069 3395 3137 καὶ
3441 3071 3689 3141 ποιήσειν

2107 3156 2328 3228 σπέρμα
2359 3155 2471 3210 ἀνω
2506 3157 2836 3228 προφητεύει
2855 3198 2869 3220 ,
2918 3158 3231 3225 σαφέστατα
3263 3159 3361 3228 τὴν
3410 3158 3517 3212 τῶν
3549 3162 3688 3213 ἀπο-

2109 3249 2312 3303 στόλων
2344 3250 2439 3303 καὶ
2466 3249 2725 3320 μαθητῶν
2748 3249 2841 3325 τοῦ
2869 3250 3119 3321 Σωτῆρος
3150 3251 3308 3321 ήμῶν
3334 3234 3562 3321 ἐκλογὴν
3593 3269 3690 3304 πει-

2108 3342 2318 3413 ριστάς.
2356 3337 2515 3397 Οὗτοι
2542 3341 2673 3413 γὰρ,
2709 3343 2817 3397 ἀπὺ
2857 3341 2966 3395 τῶν
3007 3343 3072 3396 ἐκ
3107 3344 3407 3414 περιτομῆς
3432 3346 3687 3399 καταλει-

2107 3434 2356 3504 φθέντες,
2391 3436 2542 3499 κάτω
2569 3434 2667 3505 μὲν
2689 3436 2770 3499 είς
2796 3435 2899 3505 γῆν
2923 3435 3021 3498 τὰς
3049 3435 3204 3505 ῥίζας
3228 3437 3324 3508 τῆς
3343 3437 3688 3499 διδασκαλίας

2104 3525 2281 3579 αὐτῶν
2313 3526 2659 3589 κατέϐαλλον,
2690 3528 2766 3591 ὼς
2796 3527 3129 3605 ἐμπαγῆναι,
3170 3527 3263 3580 καὶ
3300 3528 3525 3599 ῥιζῶσαι
3562 3528 3685 3582 καθ’

2103 3617 2231 3687 ὅλης
2266 3617 2369 3687 τῆς
2407 3618 2731 3689 οἰκουμένης
2771 3617 2871 3688 τὴν
2899 3618 3118 3689 διδαχὴν
3154 3619 3334 3675 αὐτῶν
3356 3637 3368 3650 ⁸
3402 3619 3514 3687 ᾇνω
3541 3621 3599 3674 δὲ
3626 3620 3689 3675 16

2106 3711 2326 3781 σπέρμα
2357 3709 2452 3762 καὶ
2492 3710 2584 3763 τὸν
2626 3711 2838 3782 καρπὸν
2880 3709 3142 3782 φέρεσθαι
3181 3713 3261 3774 εἰς
3308 3697 3408 3774 τάς
3452 3712 3687 3783 ἐπουρα-

2104 3802 2247 3866 νίους
2281 3803 2614 3871 ἐπαγγελίας
2662 3803 3149 3875 παρεκελεύσαντο.
3183 3806 3244 3858 Οἱ
3286 3804 3331 3858 δ’
3363 3806 3517 3861 αὐτοὶ
3543 3800 3686 3859 οὗτοι

2105 3896 2168 3948 ἐκ
2213 3894 2307 3949 τοῦ
2370 3894 2637 3949 Ἰουδαίων
2671 3894 2855 3959 ἔθνους
2889 3880 3395 3966 καταλελειμμένοι,
3429 3894 3535 3950 τῶν
3580 3896 3689 3949 λοι-

2106 3985 2221 4038 πῶν
2254 3984 2661 4057 ἀπολλυμένων,
2699 3986 2851 4057 μόνοι
2875 3984 3172 4057 σωζόμενοι
3201 3985 3469 4054 λέγονται.
3504 3986 3687 4039 Ταῦτα

2104 4076 2159 4129 δὲ
2198 4076 2374 4131 πάντα
2402 4078 2431 4130 6
2468 4076 2630 4147 ζῆλος
2670 4078 2877 4149 Κυρίου
2911 4078 3187 4147 ἐποίησεν.
3224 4078 3318 4139 Εἰς
3343 4076 3454 4148 γὰρ
3490 4076 3553 4129 16
3584 4095 3687 4130 πα-

2107 4168 2416 4241 ραζηλῶσαι
2447 4171 2572 4233 τοὺς
2601 4169 2820 4232 ἀσεϐεῖς
2860 4169 2970 4222 τῶν
3003 4170 3069 4220 ἐκ
3097 4168 3423 4239 περιτομῆς,
3465 4168 3687 4237 ἐκλεξά-

423 4263 701 4318 temulatio
751 4262 990 4327 Domini,
1023 4278 1146 4333 quae
1192 4262 1294 4318 hos
1345 4262 1413 4317 ad
1469 4263 1878 4333 provocandum
1907 4278 2003 4326 eos

2110 4277 2265 4337 μενος
2307 4262 2336 4313 6
2368 4258 2527 4332 ζῆλος
2558 4261 2767 4331 Κυρίου
2815 4260 3064 4323 τούτους,
3111 4259 3494 4332 παρεζήλωσεν
3536 4261 3684 4315 ἐκεί-

427 4354 646 4424 impios,
679 4356 771 4425 qui
803 4355 859 4410 in
880 4354 1302 4413 circumcisione
1324 4364 1647 4417 manserunt
1670 4357 1852 4426 elegit,
1879 4356 2003 4410 illos

2110 4369 2227 4416 νους
2245 4370 2258 4383 ο
2308 4352 2448 4411 κατά
2490 4352 2552 4405 16
2594 4351 2745 4424 παρά
2771 4353 2961 4412 Μωσεῖ
2991 4351 3278 4423 λεγόμενον
3298 4369 3312 4383 ’
3336 4371 3355 4403 ι
3389 4355 3552 4407 Αὐτοὶ
3579 4370 3686 4408 πα-

424 4438 769 4527 provocavit,
796 4454 954 4505 utest
977 4445 1109 4501 illud
1137 4445 1281 4517 apud
1299 4445 1538 4518 Moysem
1565 4449 1773 4503 dictum
1799 4467 1811 4501 :
1847 4469 1865 4500 ‹
1899 4449 2003 4519 ipsi

2110 4444 2421 4524 ρεζήλωσάν
2444 4462 2511 4517 με
2531 4445 2617 4498 ἐπ’
2648 4445 2710 4497 οὐ
2735 4444 2874 4517 Θεῷ,
2903 4442 3060 4512 κάγὼ
3087 4443 3466 4517 παραζηλώσω
3485 4448 3684 4512 αὐτοὺς

424 4524 513 4590 me
536 4524 974 4607 provocaverunt
1006 4539 1063 4593 in
1091 4553 1179 4606 eo,
1212 4539 1306 4615 qui
1349 4555 1460 4595 non
1489 4548 1574 4595 est
1604 4539 1751 4597 Deus
1784 4549 1878 4621 aet
1899 4557 2000 4611 ego

2110 4540 2193 4592 ἐπ’
2217 4538 2318 4591 οὐκ
2347 4534 2489 4591 ἔθνει
2512 4554 2525 4568 ·
2559 4538 2645 4591 ἐπ’
2676 4535 2816 4591 ἔθνει
2837 4536 3081 4607 ἀσυνέτῳ
3106 4536 3389 4609 παροργιῶ
3417 4538 3633 4604 αὐτούς.
3658 4558 3680 4592 ι

423 4628 735 4702 provocabo
787 4644 885 4694 eos
940 4631 995 4685 in
1051 4645 1138 4696 ea,
1172 4618 1297 4702 quae
1335 4648 1444 4687 non
1490 4640 1575 4689 est
1603 4648 1736 4707 gens
1772 4618 1876 4688 :vin
1910 4641 2070 4704 gente
2102 4635 2270 4691 stulta
2310 4631 2536 4687 irritabo
2560 4645 2656 4686 eos
2678 4631 2745 4683 "'.
2782 4648 2801 4683 ι

493 4719 683 4791 XLIX.
716 4738 737 4772 ι
776 4719 869 4775 Sic
888 4721 1022 4777 dicit
1053 4720 1317 4780 Dominus
1345 4740 1358 4778 :
1394 4722 1865 4793 Quemadmodum
1890 4725 2004 4797 ευ

424 4812 735 4875 invenietur
772 4811 963 4868 acinus
986 4812 1043 4868 in
1065 4828 1307 4879 racemo,
1343 4823 1400 4871 et
1436 4815 1644 4880 dicent,
1676 4833 1745 4872 ne
1767 4811 2002 4888 dissipa-

422 4905 570 4961 veris
597 4920 721 4961 eum
746 4947 761 4971 ,
821 4906 1078 4974 quoniam
1111 4905 1423 4962 benedictio
1459 4908 1672 4969 Domini
1708 4917 1795 4965 est
1824 4911 1879 4964 in
1909 4925 1998 4977 eo,

422 4998 506 5051 sic
535 4996 735 5052 faciam
769 5004 992 5067 prOpter
1018 5012 1166 5067 eum,
1219 4999 1312 5069 qui
1364 5000 1535 5057 servit
1582 5001 1713 5056 mihi
1761 5019 1774 5055 :
1839 5002 2003 5071 hujus

422 5105 591 5147 causa
617 5107 725 5147 non
753 5090 976 5161 perdam
1010 5107 1206 5149 omnes
1234 5113 1247 5149 :
1278 5102 1331 5149 ct
1365 5093 1592 5149 educam
1629 5109 1697 5159 ex
1720 5092 1891 5149 Iacob
1913 5109 2002 5149 se-

422 5195 568 5241 men,
594 5189 648 5235 et
676 5197 743 5235 ex
783 5181 923 5237 Juda
957 5203 969 5237 :
1009 5190 1063 5237 et
1105 5184 1446 5239 haereditabit
1484 5193 1722 5243 montem
1753 5192 2003 5243 sanctum

422 5283 627 5331 meum,
670 5281 724 5326 ct
756 5273 1151 5329 literedilabunt
1179 5274 1340 5329 electi
1385 5277 1489 5331 mei
1520 5283 1575 5331 et
1607 5276 1751 5331 servi
1785 5278 1915 5341 mei,
1952 5284 2006 5329 et

422 5359 749 5419 habitabunt
780 5365 910 5420 illic.
950 5365 1016 5420 Et
1044 5367 1148 5421 erit
1190 5367 1246 5422 in
1278 5367 1412 5422 silva
1445 5369 1722 5423 stabulum
1757 5381 2003 5437 gregum.

423 5456 479 5503 et
500 5453 660 5509 vallis
691 5455 872 5510 Acbor
921 5456 976 5511 in
1026 5462 1271 5528 requiem
1304 5467 1675 5513 armentorum
1707 5458 1870 5512 boum
1908 5472 2005 5527 po-

424 5544 555 5613 pulo
589 5561 730 5611 meo,
761 5548 855 5617 qui
890 5550 1305 5620 exquisiverunt
1351 5566 1459 5604 me.
1520 5549 1632 5606 Vos
1662 5559 1867 5616 autem,
1902 5551 1998 5620 qui

2180 4724 2311 4779 ΜΘ¹.
2346 4721 2589 4786 «Ὀῦτως
2610 4721 2754 4791 λέγει
2783 4720 3005 4793 Κύριοςο
3040 4722 3136 4775 ’ον
3165 4721 3364 4794 τρόπον
3392 4722 3683 4795 εὑρήσεται

2109 4820 2138 4870 6
2173 4816 2281 4887 ρὼξ
2310 4817 2368 4869 ἐν
2395 4814 2473 4887 τῷ
2503 4814 2707 4887 βότρυῖ,
2731 4815 2823 4868 καὶ
2854 4812 3103 4886 ἐροῦσιν·
3142 4815 3234 4885 Μὴ
3260 4814 3472 4889 λυμήνῃ
3498 4817 3680 4881 αὑτὸν,

2108 4911 2191 4963 ὅτι
2226 4906 2440 4978 εὐλογία
2484 4907 2690 4979 Κυρίου
2730 4906 2881 4960 ἐστὶν
2930 4907 2987 4959 ἐν
3031 4905 3210 4978 αὐτῷ·
3253 4906 3424 4971 οὕτως
3475 4912 3685 4981 ποιήσω

2111 5001 2299 5055 ἕνεκεν
2334 5000 2427 5054 τοῦ
2481 4998 2819 5062 δουλεύοντός
2870 5015 2988 5069 μοι’
3038 4996 3228 5051 τούτου
3280 4998 3463 5053 ἕνεκεν
3510 5001 3574 5054 οὐ
3608 5001 3684 5073 μὴ

2110 5094 2360 5149 ἀπολέσω
2402 5092 2636 5155 πάντας·
2683 5091 2777 5144 καὶ¹
2816 5088 2990 5153 ἐξάξω
3026 5090 3086 5144 τὺ
3109 5089 3167 5158 ἐξ
3206 5090 3399 5145 Ἰακὼϐ
3444 5095 3680 5165 σπέρμα,

2110 5188 2202 5241 καὶ⁸
2235 5187 2298 5239 16
2326 5184 2385 5251 ἐξ
2423 5184 2611 5237 Ἰούδα·
2647 5184 2740 5237 καὶ
2777 5184 3173 5256 κληρονομήσει
3197 5183 3257 5236 16
3287 5184 3412 5256 ὅρος
3438 5186 3497 5239 16
3530 5185 3685 5255 ἅγιόν

2110 5295 2211 5349 μου
2237 5296 2248 5307 ·
2287 5277 2380 5332 καὶ
2423 5275 2920 5346 κληρονομήσουσιν
2960 5276 3011 5329 οί
3051 5274 3294 5328 ἐκλεκτοί
3345 5290 3447 5346 μου
3493 5277 3589 5332 καὶ
3631 5280 3683 5332 οί

2106 5366 2280 5420 δοῦλοί
2311 5384 2432 5437 μου,
2469 5365 2564 5418 καὶ
2596 5366 3010 5436 κατοικήσουσιν
3031 5366 3165 5419 ἐκεῖ.
3196 5367 3306 5419 Καὶ
3338 5365 3491 5419 ἔσται
3514 5369 3573 5421 ἐν
3604 5366 3683 5438 τῷ

2107 5458 2299 5528 δρυμῷ
2345 5456 2569 5519 ἔπαυλις
2620 5455 2912 5525 ποιμνίων,
2962 5458 3056 5511 καὶ
3106 5456 3325 5529 φάραγξ
3378 5456 3555 5529 ’Λχὼρ
3601 5460 3683 5525 είς

2109 5550 2411 5603 ἀνάπαυσιν
2454 5547 2742 5617 βουκολέων
2772 5549 2849 5620 τῷ
2879 5549 2993 5619 λαῷ
3038 5567 3158 5621 μου,
3194 5549 3244 5602 οἳ
3282 5548 3549 5619 ἐζήτησάν
3591 5566 3678 5621 με.

496 5699 539 5733 ⁴⁹
569 5697 672 5759 Isa.
698 5716 844 5759 xxxv.
878 5703 1059 5761 10-”.
1138 5707 1181 5738 7°
1208 5705 1305 5761 lsa.
1341 5723 1529 5765 xxx-nl.
1563 5705 1668 5762 5'6.
1750 5706 1791 5739 τι
1823 5704 1926 5762 lsa.
1960 5718 2167 5761 xxxv".
2193 5703 2377 5765 31,52.
2457 5707 2501 5737 7’
2532 5704 2686 5760 Deut.
2718 5721 2887 5763 χχχιι.
2921 5705 3011 5761 ΞΗ.
