4106 6458
389 339 491 395 153

1274 332 1927 388 DEMONSTRATIONIS
1963 332 2419 400 EYANGELICAS
2459 332 2585 387 LIB.
2627 331 2688 386 ll.

3524 334 3624 390 I55

396 455 587 526 Ὑμεῖς
612 454 668 507 δὲ
697 455 746 507 οἱ
777 452 1228 520 ἐγκαταλιπόντες
1258 468 1324 520 με
1356 451 1450 504 καὶ
1477 450 1953 521 ἐπιλανθανόμενοι

2060 450 2360 520 reliquistis
2391 466 2498 515 me,
2537 458 2592 504 et
2638 448 3024 516 obliviscimini
3069 456 3306 506 montem
3372 461 3622 508 sanctum

387 546 446 600 τὸ
473 547 597 616 ὅρος
618 545 678 598 τὸ
705 544 857 614 ἅγιόν
893 561 1013 614 μου,
1047 545 1138 596 καὶ
1166 544 1542 614 ἐτοιμάζοντες
1565 547 1630 615 τῇ
1661 544 1796 616 τύχῃ
1825 545 1957 615 τρά-

388 637 591 700 πεζαν,
637 636 732 690 καὶ
776 633 1105 706 πληροῦντες
1145 633 1223 703 τῷ
1267 633 1480 704 δαίμονι
1527 633 1802 705 κέρασμα,
1845 636 1955 702 ἐγὼ

388 727 696 800 παραδώσω
721 727 866 798 ὑμᾶς
897 728 976 790 εἰς
1009 727 1298 798 μάχαιραν.
1325 726 1533 790 Πάντες
1561 729 1618 779 ἐν
1645 729 1823 797 σφαγῇ
1859 744 1956 778 πε-

389 820 570 874 σεῖσθε
590 837 602 850 ·
632 819 713 872 ὅτι
759 819 990 872 ἐκάλεσα
1014 818 1176 888 ὑμᾶς,
1209 819 1300 870 καὶ
1329 818 1426 887 οὐχ
1455 817 1822 888 ὑπηκούσατε,
1863 819 1956 870 καὶ

388 913 678 982 ἐποιήσατε
728 911 788 966 τὸ
845 910 1078 980 πονηρὸν
1137 909 1378 963 ἐναντίον
1435 909 1590 978 ἐμοῦ,
1640 911 1732 962 καὶ
1780 908 1815 962 ἃ
1856 909 1956 961 οὐκ

387 1002 684 1073 ἐϐουλόμην
722 1001 1058 1068 ἐξελέξασθε.
1105 1021 1122 1051 ι
1158 1000 1354 1054 Διελὼν
1379 1001 1470 1054 καὶ
1509 1003 1566 1054 ἐν
1592 1000 1799 1064 τούτοις
1823 1003 1851 1053 ὁ
1873 999 1958 1052 λό-

388 1112 502 1165 γος,
537 1093 710 1165 βραχὺ
746 1091 843 1160 μέν
875 1093 925 1145 τί
956 1109 1085 1162 φησι
1116 1092 1334 1170 σπέρμα
1359 1091 1415 1158 ἐξ
1450 1091 1644 1144 Ἰακὼϐ
1672 1091 1956 1158 τεύξεσθαι

391 1186 498 1239 τῶν
538 1183 990 1255 ἐπηγγελμένων
1025 1183 1311 1246 ἐκλεκτούς
1351 1201 1408 1236 τε
1446 1179 1737 1246 εἶναιτοὺς
1781 1201 1959 1238 κατοι-

395 1279 662 1347 κήσαντας
699 1277 758 1329 ἐν
781 1276 860 1346 τῷ
885 1274 1104 1346 δρυμῷσ
1132 1275 1303 1338 οῦτως
1327 1274 1608 1345 ὀνομάζων
1638 1275 1735 1344 τὴν
1765 1275 1958 1344 κλῆσιν

392 1369 498 1423 τῶν
526 1369 711 1431 ἐθνῶν,
742 1369 801 1420 ἐν
894 1369 942 1419 οἰ
972 1367 1214 1420 ἐκλεκτοὶ
1247 1367 1339 1419 τοῦ
1374 1367 1600 1438 Κυρίου,
1632 1368 1725 1420 καὶ
1760 1366 1820 1418 τὸ
1855 1367 1960 1418 Ἰα-

391 1460 504 1515 κὼὸ
528 1461 765 1532 σπέρμα,
797 1455 904 1512 εἷεν
934 1458 977 1510 δ’
1013 1458 1086 1528 (1)
1114 1458 1179 1511 ἂν
1207 1461 1254 1510 οἱ
1281 1457 1565 1512 ἀπόστολοι
1594 1459 1686 1510 καὶ⁹
1723 1456 1959 1527 μαθηταὶ

389 1551 480 1605 τοῦ
506 1552 753 1623 Σωτῆρος
787 1549 946 1621 ἡμῶν,
963 1567 974 1580 ·
1004 1551 1054 1602 οἱ
1073 1549 1129 1602 δὲ
1155 1548 1330 1602 λοιποὶ
1352 1549 1550 1612 πάντες
1576 1549 1726 1620 παρὰ
1744 1548 1960 1612 τούτους

386 1647 506 1706 ταῖς
542 1642 897 1714 δηλουμέναις
934 1641 1184 1704 ἀπειλαῖς
1220 1640 1643 1710 ὑποϐέϐληνται’
1681 1643 1960 1712 μονονουχὶ

384 1734 478 1789 τοῦ
503 1735 660 1803 λόγου
686 1733 996 1804 γυμνότατα
1024 1732 1413 1805 παριστῶντος,
1449 1733 1522 1804 μὴ
1553 1733 1627 1797 ὡς
1653 1733 1839 1803 ἔτυχεν
1869 1735 1960 1786 ἐπὶ

386 1828 496 1879 πᾶν
526 1826 588 1878 τὸ
632 1825 898 1878 Ἰουδαίων
926 1823 1076 1888 ἔθνος
1118 1824 1344 1894 φθάσειν
1379 1823 1477 1888 τὰς
1507 1823 1602 1877 τοῦ
1629 1825 1763 1879 Θεοῦ
1787 1827 1960 1892 ἐπαγ-

387 1917 592 1986 γελίας,
653 1918 766 1972 ἀλλ’
804 1918 896 1971 ἐπὶ
959 1918 1116 1987 μόνον
1177 1918 1238 1970 τὸ
1273 1918 1658 1995 ὠνομασμένον
1709 1921 1950 1990 σπέρμα.

389 2010 482 2062 καὶ
515 2009 641 2072 τοὺς
671 2010 1126 2081 ἐπικαλουμένους
1158 2010 1446 2074 ἐκλεκτοὺς
1470 2011 1562 2064 τοῦ
1595 2009 1760 2065 Θεοῦ·
1794 2032 1813 2062 ι
1839 2014 1960 2066 ἐπεὶ

389 2101 573 2153 πολλοὶ
609 2100 815 2172 κλητοὶ,
863 2101 1032 2170 ὀλίγοι
1073 2103 1130 2155 δέ
1175 2102 1438 2156 ἐκλεκτοί.
1474 2121 1492 2154 ι
1523 2102 1744 2166 Τούτοις
1779 2103 1836 2156 δὲ
1867 2106 1961 2157 καὶ

385 2193 480 2246 νῦν
507 2192 674 2262 ὄνομα
713 2194 896 2246 καινὸν
936 2193 1348 2264 ἐπιτεθήσεσθαι
1385 2193 1514 2264 ἑξῆς
1545 2197 1574 2247 ὀ
1597 2194 1751 2262 λόγος
1773 2194 1962 2247 θεσπί-

386 2281 490 2348 ζει,
524 2284 747 2352 φάσκων
784 2284 922 2356 πρὸς
951 2285 1076 2346 τοὺς
1113 2283 1357 2347 ἀσεϐεῖςο
1392 2302 1410 2334 ι
1449 2283 1959 2354 Καταλειφθήσεται

384 2372 492 2446 γὰρ
533 2373 594 2426 τὸ
630 2373 799 2445 δνομα
847 2373 1000 2444 ὑμῶν
1046 2375 1126 2437 εἰς
1171 2372 1488 2444 πλησμονὴν
1525 2375 1639 2435 τοῖς
1686 2372 1960 2438 ἐκλεκτοῖς

388 2482 517 2535 μου⁹
551 2465 695 2536 ὑμᾶς
717 2465 760 2518 δ’
795 2466 972 2518 ἀνελεῖ
999 2464 1200 2536 Κύριος
1222 2482 1235 2495 ·
1267 2467 1379 2528 τοῖς
1405 2465 1460 2517 δὲ
1494 2464 1837 2519 δουλεύσουσί
1869 2484 1958 2534 μοι

386 2556 715 2629 κληθήσεται
739 2557 910 2628 ὄνομα
940 2557 1142 2610 καινόν.
1185 2575 1204 2608 ι
1242 2556 1314 2607 Τὸ
1341 2556 1405 2627 δὴ
1435 2553 1526 2610 οῦν
1553 2557 1722 2628 ὄνομα
1749 2559 1954 2618 καινὸν,

385 2648 412 2704 ὃ
439 2649 513 2720 μὴ
544 2649 692 2721 παρά
722 2653 836 2712 τοῖς
859 2648 1106 2712 παλαιοῖς
1137 2649 1394 2715 ἔγνωστο,
1434 2651 1585 2701 ποῖον
1613 2649 1678 2702 ἂν
1713 2651 1795 2721 εἴη
1839 2652 1871 2720 ἢ
1898 2652 1958 2704 τὸ

383 2740 490 2794 ἀπὸ
519 2741 618 2810 τῆς
645 2740 740 2794 τοῦ
771 2741 1021 2810 Σωτῆρος
1050 2740 1209 2810 ἡμῶν
1251 2739 1422 2809 Ἰησοῦ
1448 2740 1540 2792 τοῦ
1567 2741 1806 2812 Χριστοῦ
1835 2761 1960 2814 προ⁶

385 2830 664 2901 σωνυμίας
711 2830 832 2884 καθ’
885 2831 1014 2902 ὅλης
1065 2830 1165 2902 τῆς
1218 2831 1545 2904 οἰκουμένης
1596 2833 1956 2906 εὐλογημένον

383 2922 722 2994 Χριστιανῶν
753 2923 923 2994 ὄνομα
946 2939 960 2987 ;

801 3095 884 3148 N’.
930 3093 1071 3148 Ἀπὸ
1113 3095 1218 3150 τοῦ
1247 3096 1526 3166 Μιχαίου.

459 3204 479 3237 ι
513 3186 623 3239 Καὶ
651 3185 802 3241 ἔσται
827 3188 892 3241 ἐκ
929 3187 1029 3256 τῆς
1066 3186 1326 3256 σταγόνος
1353 3187 1448 3241 τοῦ
1482 3187 1612 3242 λαοῦ
1638 3188 1830 3242 τούτου
1873 3204 1958 3240 συ-

382 3273 677 3344 ναγόμενος
701 3292 713 3304 ·
750 3275 1147 3347 συναχθήσεται
1211 3275 1404 3330 Ἰακὼϐ
1455 3279 1551 3330 σὺν
1605 3278 1788 3330 πᾶσιν.
1844 3277 1958 3336 Ἐκ-

380 3365 666 3435 δεχόμενος
706 3366 994 3437 ἐκδέξομαι
1021 3368 1152 3430 τοὺς
1183 3367 1542 3432 καταλοίπους
1569 3367 1662 3421 τοῦ
1704 3368 1949 3441 Ἰσραήλ·

381 3457 474 3509 ἐπὶ
494 3457 555 3510 τὸ
580 3457 712 3511 αὐτὸ
745 3458 982 3530 θήσομαι
1010 3458 1106 3530 τὴν
1131 3461 1482 3532 ἀποστροφὴν
1517 3459 1713 3514 αὐτῶν.
1757 3480 1776 3511 ι
1814 3461 1956 3530 Συμ-

383 3548 574 3616 φὼνως
599 3554 713 3614 τοῖς
746 3551 1148 3621 προεκτεθεϊσιν
1189 3553 1253 3604 ἐκ
1283 3551 1376 3604 τοῦ
1425 3552 1643 3605 Ἡσαΐου
1674 3553 1766 3604 καὶ
1797 3555 1825 3605 ό
1850 3554 1955 3605 Μι-

381 3637 540 3706 χαίας
573 3637 888 3705 ἐκδέξασθαι
927 3639 1016 3692 τὸν
1045 3639 1177 3692 Θεὸν
1218 3640 1314 3709 ούχ
1349 3640 1532 3703 ἁπλῶς
1559 3640 1784 3704 πάντας,
1817 3642 1954 3696 ἀλλὰ

385 3729 576 3798 μόνους
614 3729 742 3792 τοῦς
771 3730 1132 3794 καταλοίπους
1167 3731 1442 3801 ὀνομάζει.
1478 3732 1687 3803 Ὥσπερ
1713 3732 1770 3784 δὲ
1803 3732 1953 3803 παρὰ

378 3818 458 3889 τῷ
500 3820 696 3892 Ἠσαῖᾳ
737 3821 958 3893 σπέρμα
990 3822 1301 3896 ὠνομάζετο
1328 3822 1388 3874 τὸ
1420 3819 1480 3888 ἐξ
1517 3822 1693 3875 αὐτῶν
1724 3823 1949 3894 λεῖμμα,

379 3910 553 3974 οὕτως
583 3912 677 3992 καὶ
709 3911 805 3967 νῦν
829 3897 1061 3980 σταγόνα
1102 3911 1356 3983 ὀνομάζει
1391 3913 1519 3975 τοὺς
1555 3913 1613 3978 ἐξ
1643 3913 1820 3966 αὐτῶν
1849 3929 1953 3968 σω-

381 4001 732 4074 Θησομένους.
758 4002 1019 4074 Δηλοῦται
1050 4003 1106 4057 δὲ
1139 4005 1231 4056 καὶ
1257 4003 1346 4057 διά
1374 4003 1576 4057 τούτων
1618 4007 1646 4057 ὁ
1684 4004 1789 4057 τῶν
1819 4005 1953 4059 ἀπο-

386 4094 585 4148 στόλων
612 4095 789 4165 χορὸς,
818 4095 893 4158 ὡς
925 4094 1138 4162 σταγών
1175 4112 1258 4157 τις
1298 4096 1392 4148 καὶ
1437 4095 1655 4166 σπέρμα
1691 4095 1784 4148 τοῦ
1823 4097 1951 4150 Ἰου-

383 4183 548 4241 δαίων
575 4183 760 4248 ἔθνους
791 4185 1155 4255 γεγενημένος
1173 4201 1187 4214 ο
1217 4184 1276 4253 ἐξ
1300 4181 1367 4256 ἧς
1398 4187 1653 4254 σταγόνος
1677 4187 1877 4253 πάντες
1902 4191 1950 4242 οἱ

385 4276 502 4330 καθ’
534 4275 662 4347 ὅλης
695 4277 796 4347 τῆς
825 4276 1146 4347 οἰκουμένης
1179 4277 1269 4330 τὸν
1307 4277 1542 4346 Χριστὸν
1575 4279 1951 4346 ἐπεγνωκότες

379 4363 474 4420 τοῦ
510 4363 667 4428 Θεοῦ,
708 4366 801 4418 καὶ
836 4365 934 4437 τὴν
975 4364 1318 4420 διδασκαλίαν
1351 4367 1514 4420 αὑτοῦ
1549 4368 1951 4440 παραδεδεγμέ-

2059 558 2264 606 meum,
2295 549 2349 597 et
2372 543 2580 612 paratis
2601 540 2835 595 fortunae
2869 555 3138 606 mensam,
3160 550 3213 597 et
3243 542 3478 614 impletis
3509 543 3622 607 dae-

2058 633 2206 687 moni
2255 635 2508 704 poculum
2544 634 2763 688 mistum
2812 652 2824 685 :
2878 647 2979 704 ego
3029 634 3234 689 tradam
3273 651 3370 692 vos
3417 636 3472 690 in
3508 638 3625 708 gla-

2057 723 2228 779 dium.
2264 722 2465 780 Omnes
2497 726 2550 779 in
2573 727 2845 782 occisione
2867 726 3079 782 cadetis
3105 745 3120 795 ;
3152 728 3410 798 quoniam
3434 729 3623 789 vocavi

2061 830 2181 878 vos,
2207 823 2261 871 et
2291 831 2402 870 non
2424 818 2800 882 auscultastis,
2826 825 2880 874 et
2912 817 3122 873 fecistis
3162 820 3363 892 malum
3404 820 3458 884 in
3488 836 3624 876 con-

2059 915 2250 976 spectu
2277 923 2419 971 meo,
2444 918 2497 962 et
2523 924 2644 980 quae
2669 910 2940 976 nolebam,
2975 911 3220 980 elegistis
3240 910 3308 966 ⁷³.
3339 929 3357 962 ›
3398 912 3532 966 Cum
3566 913 3626 968 in

2063 999 2150 1054 his
2182 999 2456 1055 divisione
2497 1000 2730 1070 quadam
2769 1017 2950 1066 sermo
2989 1001 3208 1058 divinus
3250 1010 3454 1068 utatur,
3507 1011 3625 1060 tum

2058 1087 2317 1158 exiguum
2363 1089 2636 1158 quoddam
2670 1105 2856 1146 semen
2885 1087 3074 1154 Jacob,
3116 1105 3178 1144 ea
3208 1107 3327 1160 quae
3355 1091 3628 1162 promissa

2059 1188 2188 1234 sunt
2229 1189 2654 1237 consecuturum
2696 1179 2926 1236 atlii'mat
2974 1201 2986 1238 :
3036 1182 3238 1238 electos
3283 1194 3458 1238 autem
3503 1200 3628 1240 esse

2060 1287 2178 1336 eos,
2227 1273 2322 1342 qui
2368 1273 2612 1328 habitent
2658 1274 2716 1330 in
2767 1274 2924 1330 silva.
2980 1272 3115 1328 Nam
3166 1275 3246 1330 sic
3292 1276 3629 1340 vocationem

2063 1363 2307 1432 gentium
2342 1367 2610 1431 nominat,
2641 1367 2696 1421 in
2727 1383 2834 1438 qua
2879 1368 3037 1424 electi
3069 1368 3306 1433 Domini,
3341 1377 3396 1425 et
3443 1385 3628 1425 semen

2062 1453 2233 1509 Jacob
2265 1455 2402 1522 sint,
2435 1473 2568 1514 sane
2599 1459 2700 1528 ipsi
2737 1460 2968 1530 apostoli
3009 1467 3063 1515 et
3089 1459 3343 1529 discipuli
3387 1459 3629 1516 Salvato-

2061 1545 2142 1600 ris
2172 1550 2349 1606 nostri
2383 1567 2395 1602 :
2427 1555 2622 1620 praeter
2649 1565 2790 1620 quos
2820 1553 2912 1621 qui
2940 1551 3132 1622 reliqui
3166 1559 3312 1616 sunt,
3349 1566 3540 1607 omnes
3572 1552 3628 1607 in

2062 1654 2180 1703 eas,
2219 1655 2342 1708 quae
2369 1642 2631 1711 exposita:
2656 1652 2806 1708 sunt,
2835 1644 3011 1699 minas
3049 1643 3361 1702 reciderunt
3408 1663 3420 1698 :
3457 1659 3628 1715 quan-

2066 1727 2360 1798 doquidem
2412 1729 2532 1800 ipsa
2569 1732 2745 1786 oratio
2791 1747 2959 1803 prope
3010 1734 3356 1804 apertissime
3402 1734 3630 1790 demon-

2066 1824 2226 1881 strat,
2277 1835 2386 1877 non
2439 1835 2572 1876 casu
2609 1823 2843 1893 quodam
2904 1825 2959 1877 in
3008 1833 3263 1881 cunctam
3319 1824 3632 1884 Iudaeorum

2063 1918 2278 1980 gentem
2327 1914 2598 1981 promissa
2639 1914 2821 1969 divina
2855 1930 2980 1970 esse
3013 1926 3263 1984 ventura,
3317 1917 3415 1973 sed
3468 1918 3525 1972 in
3578 1918 3630 1973 id

2063 2003 2240 2057 solum
2289 2005 2436 2074 quod
2485 2021 2672 2061 semen
2707 2015 2790 2062 est
2823 2007 3185 2072 nominatum,
3216 2016 3271 2064 et
3299 2009 3357 2066 in
3391 2025 3507 2075 eos,
3539 2011 3634 2082 qui

2060 2092 2246 2146 vocari
2282 2093 2459 2148 solent
2491 2095 2650 2149 electi
2682 2093 2776 2150 Dei
2803 2115 2815 2150 ι
2860 2113 2878 2145 ι
2918 2096 3072 2150 multi
3103 2099 3248 2151 enim
3279 2107 3409 2159 sunt
3430 2099 3631 2164 vocati,

2062 2183 2222 2254 pauci
2253 2198 2383 2239 vero
2407 2185 2563 2240 electi
2593 2185 2659 2240 ⁷⁸.
2698 2206 2717 2240 ι
2752 2188 2962 2255 Quibus
2990 2189 3156 2244 etiam
3186 2205 3385 2245 nomen
3430 2205 3634 2244 novum

2061 2273 2452 2344 imponendum
2486 2276 2750 2348 deinceps
2784 2280 3066 2334 oraculum
3094 2281 3262 2347 canit,
3301 2281 3383 2336 sic
3429 2281 3497 2335 ad
3531 2281 3635 2334 im-

2061 2366 2180 2437 pios
2211 2365 2443 2422 dicens:
2484 2384 2502 2418 ι
2542 2365 2904 2438 Relinquetur
2945 2370 3093 2424 enim
3142 2385 3344 2426 nomen
3385 2376 3630 2428 vestrum

2060 2459 2117 2513 in
2160 2461 2466 2516 satietatem
2518 2463 2707 2518 electis
2764 2465 2923 2518 meis.
2959 2463 3070 2520 Vos
3116 2471 3294 2519 autem
3344 2463 3635 2519 interficiat

2063 2549 2324 2610 Dominus
2357 2572 2370 2606 :
2415 2553 2453 2606 ii
2485 2569 2636 2619 vero,
2683 2556 2775 2624 qui
2823 2556 2957 2610 mihi
2996 2555 3257 2620 servient,
3288 2553 3636 2624 vocabuntur

2061 2643 2283 2698 nomine
2311 2660 2452 2700 novo
2472 2646 2539 2700 ⁷⁵.
2579 2666 2597 2698 ι
2629 2645 2794 2717 Atqui
2815 2663 3019 2702 novum
3056 2647 3202 2702 istud
3234 2661 3456 2711 nomen,
3485 2645 3633 2717 quod

2059 2737 2302 2805 antiquis
2347 2737 2592 2808 ignotum
2649 2737 2834 2805 fuerit,
2876 2739 3153 2810 quodnam
3207 2755 3393 2810 quaeso
3447 2737 3634 2804 fuerit,

2058 2828 2165 2884 nisi
2199 2827 2682 2889 Christianorum?
2716 2833 2863 2902 quod
2893 2849 2924 2887 a
2957 2832 3262 2889 Salvatoris
3293 2833 3472 2890 nostri
3500 2831 3632 2889 Iesu

2057 2919 2260 2976 Christi
2289 2921 2653 2992 appellatione
2681 2922 2974 2978 deductum
3017 2923 3070 2978 in
3125 2933 3240 2979 toto
3291 2925 3424 2986 orbe
3452 2936 3630 2983 terra-

2060 3027 2186 3066 rum
2211 3012 2462 3068 laudibus
2493 3021 2548 3069 et
2575 3013 2761 3077 favore
2791 3015 3137 3069 celebratur?

2582 3106 2688 3176 81
2728 3104 2790 3161 L.
2821 3105 2864 3158 Α
2902 3105 3146 3161 Micltwa.

2135 3211 2153 3242 ε
2198 3191 2264 3248 Et
2289 3194 2393 3250 erit
2421 3195 2488 3251 de
2516 3197 2662 3251 stilla
2712 3197 2897 3268 populi
2949 3198 3138 3268 hujus,
3196 3199 3290 3270 qui
3326 3215 3632 3273 congrega-

2055 3289 2144 3336 tur
2177 3302 2189 3338 :
2219 3286 2638 3356 congregabitur
2675 3285 2842 3344 Jacob
2871 3302 3000 3342 cum
3029 3289 3308 3345 omnibus.
3339 3289 3632 3362 Excipiens

2055 3375 2324 3444 excipiam
2358 3378 2599 3447 reliquos
2629 3395 2696 3433 ex
2724 3377 2890 3434 lsrael
2923 3397 2939 3434 :
2981 3381 3037 3435 in
3069 3397 3237 3438 unum
3273 3399 3472 3452 ponam
3496 3400 3630 3439 con-

2053 3467 2362 3523 versionem
2391 3485 2580 3524 eorum
2605 3469 2670 3524 ⁷⁸.
2738 3491 2758 3526 ι
2810 3470 3190 3530 Consentanea
3253 3473 3342 3539 iis,
3393 3492 3514 3546 qua:
3560 3475 3631 3532 ab

2054 3556 2196 3614 Isaia
2225 3568 2448 3630 accepta
2475 3570 2622 3627 sunt,
2668 3579 2943 3635 supraque
2971 3581 3002 3620 a
3031 3567 3191 3621 nobis
3219 3569 3490 3639 exposita,
3524 3567 3630 3623 Mi-

2053 3651 2234 3706 chaeas
2272 3663 2489 3723 qquue
2520 3654 2724 3709 indicat
2756 3675 2770 3710 :
2800 3657 2895 3725 qui
2931 3655 3099 3711 Deum
3144 3673 3253 3712 non
3311 3659 3629 3730 simpliciter

2053 3754 2268 3803 omnes,
2306 3741 2400 3796 sed
2436 3742 2584 3798 solos
2607 3758 2725 3807 eos,
2755 3745 2849 3813 qui
2873 3745 3067 3815 reliqui
3097 3746 3320 3810 fuerint,
3357 3757 3629 3818 exceptu-

2053 3844 2176 3882 rum
2201 3837 2389 3885 narrat
2417 3849 2430 3885 :
2467 3841 2523 3886 et
2553 3833 3012 3901 quemadmodum
3045 3836 3186 3905 apud
3230 3836 3424 3890 Isaiam
3461 3838 3505 3869 ⁷⁷
3536 3853 3628 3893 se-

2053 3938 2180 3977 men
2216 3923 2606 3979 nominabatur
2637 3925 2816 3998 ipsum
2848 3927 3067 3982 illorum
3098 3929 3401 3993 residuum,
3432 3929 3506 3983 ita
3537 3930 3627 3984 hic

2054 4015 2256 4071 stillam
2283 4031 2378 4072 eos
2412 4017 2678 4081 nominat,
2711 4019 2804 4088 qui
2851 4035 2919 4075 ex
2957 4020 3066 4075 illis
3102 4019 3426 4090 superstites
3454 4019 3626 4076 futui

2054 4115 2202 4161 sunt.
2262 4107 2613 4180 Significatur
2665 4119 2846 4167 autem
2888 4111 2976 4166 his
3024 4112 3204 4167 verbis
3261 4112 3378 4182 ipse
3423 4112 3626 4168 chorus

2053 4197 2446 4264 apostolorum,
2477 4184 2759 4270 qui-quasi
2815 4201 2963 4260 stilla
3013 4201 3283 4272 quaedam,
3335 4209 3390 4258 et
3436 4219 3622 4260 semen

2054 4285 2296 4344 Judaicze
2324 4290 2504 4360 gentis
2547 4293 2874 4356 exstiterunt
2910 4311 2924 4348 :
2960 4292 3028 4348 de
3074 4309 3182 4362 qua
3237 4293 3384 4349 stilla
3433 4309 3624 4351 omnes

2054 4376 2368 4449 quicunque
2396 4396 2464 4435 ex
2493 4387 2610 4437 toto
2642 4383 2772 4438 urbe
2795 4381 3077 4438 Christum
3121 4383 3214 4439 Dei
3245 4386 3621 4455 cognoverint,

380 4475 480 4526 νοι,
512 4460 611 4530 τῆς
637 4457 1030 4542 θεσπιξομένης
1059 4459 1476 4531 ἐπισυναγωγῆς
1509 4459 1942 4532 κατηξιώθησαν,

2056 4475 2102 4532 et
2131 4467 2436 4528 doctrinam
2465 4471 2586 4542 ejus
2617 4473 2949 4542 acceperint,
2999 4487 3063 4526 ea
3113 4488 3279 4542 quam
3337 4474 3622 4528 oraculum

377 4548 473 4621 τὴν
499 4551 605 4604 ἀπὸ
630 4549 737 4604 τῶν
771 4549 1041 4620 πολεμίων
1064 4549 1330 4622 λύτρωσιν
1362 4550 1673 4622 εὑράμενοι.

446 4727 571 4783 NA’.
615 4746 633 4778 ι
679 4730 786 4782 Καὶ
817 4730 880 4782 σὺ
916 4727 1180 4801 Βηθλεὲμ,
1207 4723 1352 4793 οἶκος
1393 4729 1486 4783 τοῦ
1521 4729 1802 4800 Εὐφραθά,
1833 4731 1944 4784 ὀλι-

376 4817 566 4886 γοστὸς
604 4814 653 4872 εἷ
677 4821 732 4873 ἐν
787 4820 1020 4890 χιλιάσιν
1054 4820 1223 4874 Ἰούδα
1250 4839 1263 4851 ⁸
1303 4824 1369 4874 ἐκ
1412 4822 1505 4875 σοῦ
1536 4839 1626 4894 μοι
1663 4822 1943 4887 ἐξελεύσε-

375 4926 465 4964 ται
504 4909 823 4980 ἡγούμενος,
865 4912 958 4966 τοῦ
998 4907 1135 4967 εἶναι
1181 4917 1260 4977 εἰς
1303 4913 1538 4986 ἄρχοντα
1580 4914 1656 4985 τῷ
1701 4917 1937 4990 Ἰσραὴλ,

375 5003 470 5056 καὶ
514 5001 680 5066 ἔξοδοι
713 5003 874 5056 αὑτοῦ
903 5005 998 5060 ἀπ’
1037 5006 1212 5077 ἀρχῆς
1245 5005 1303 5070 ἐξ
1335 5007 1556 5077 ἡμερῶν
1600 5008 1812 5072 αἰῶνος.
1845 5011 1943 5062 Διά

371 5090 528 5146 τοῦτο
559 5091 719 5145 δώσει
753 5093 949 5158 αὐτοὺς
987 5096 1090 5160 ἕως
1124 5096 1316 5160 καιροῦ
1347 5097 1633 5170 τικτούσης
1655 5115 1668 5129 ·
1707 5099 1937 5166 τέξεται,

371 5183 468 5237 καὶ
501 5185 550 5238 οἱ
576 5183 845 5237 ἐπίλοιποι
870 5185 974 5238 τῶν
1006 5187 1248 5258 ἀδελφῶν
1275 5189 1452 5246 αὒτῶν
1481 5190 1882 5261 ἐπιστρέφουσι.
1917 5214 1933 5259 ι

371 5275 481 5328 Καὶ
525 5275 664 5346 μετά
710 5275 915 5347 βραχέα
960 5278 1226 5348 ἐπιλέγει⁹
1283 5299 1301 5332 ι
1360 5281 1468 5335 Καὶ
1507 5281 1658 5334 ἐσται
1704 5283 1765 5336 τὸ
1811 5285 1943 5338 ὑπό-

370 5365 576 5440 λειμμα
606 5368 699 5422 τοῦ
752 5369 946 5422 Ἰακὼὸ
987 5373 1044 5424 ἐν
1086 5373 1196 5435 τοῖς
1241 5371 1464 5442 ἔθνεσιν,
1500 5377 1557 5428 ἐν
1601 5373 1752 5446 μέσῳ
1791 5374 1936 5430 λαῶν

370 5460 605 5526 ¹πολλῶν,
636 5460 712 5525 ὡς
752 5461 941 5534 δρόσος
979 5463 1128 5532 παρά
1161 5465 1364 5533 Κυρίου
1413 5466 1702 5538 πίπτουσα,
1736 5471 1827 5523 καὶ
1859 5469 1934 5535 ὡς

343 5575 944 5674 ⁷ξ¹⁵ἓ·¹”¹ν’⁸·¹²ι
1022 5582 1069 5622 ⁷⁸
1099 5580 1286 5636 Malm
1319 5599 1454 5648 xm.
1488 5585 1572 5642 14.
1648 5589 1695 5620 τε
1731 5587 1833 5644 lsa.
1863 5606 1988 5664 va,
2024 5596 2107 5654 l5.
2186 5598 2417 5659 "Mich.
2471 5603 2744 5673 ιι,ιι,ιε.
2825 5606 2866 5636 π
2906 5605 3008 5662 lsa.
3045 5622 3168 5674 ωιν,
3205 5608 3259 5663 9.

372 5659 422 5706 ν,
455 5645 514 5709 Ξ,
546 5648 600 5701 5.

445 5733 522 5800 tl)
549 5735 718 5797 'Forte
755 5743 1134 5818 corrigendum
1173 5745 1226 5813 γ’
1259 5762 1356 5810 pro
1393 5747 1456 5802 δ’.
1502 5747 1653 5806 Eon.
1689 5751 1858 5811 Pun.

2049 4561 2197 4615 canit
2229 4564 2650 4634 congregatione
2674 4564 2824 4636 digni
2860 4563 3039 4620 effecti
3072 4572 3222 4632 sunt,
3257 4572 3312 4621 et
3339 4565 3620 4621 liberatio-

2045 4667 2170 4706 nem
2205 4652 2273 4708 ab
2303 4653 2555 4710 hostibus
2585 4655 2751 4709 nacti.

2117 4743 2202 4799 Ll.
2240 4762 2259 4796 ι
2283 4743 2348 4798 Et
2379 4753 2437 4800 tu
2470 4744 2804 4810 Bethlehem,
2836 4747 3033 4803 domus
3059 4745 3298 4818 Ephrata
3325 4786 3340 4812 ,
3391 4745 3618 4800 minima

2045 4851 2138 4899 es,
2180 4843 2239 4890 ut
2285 4837 2364 4892 sis
2394 4837 2450 4892 in
2484 4838 2731 4896 millibus
2767 4837 2941 4906 Juda;
2976 4855 3042 4895 ex
3073 4849 3128 4895 te
3157 4839 3290 4894 mihi
3312 4838 3621 4911 egredietur

2045 4931 2139 5000 qui
2171 4922 2354 5002 praesit
2376 4973 2392 4999 ,
2422 4939 2484 4986 ut
2519 4933 2589 4988 sit
2620 4933 2676 4988 in
2707 4933 3010 5004 principem
3038 4933 3142 5003 ipsi
3173 4931 3344 4988 lsrael
3364 4971 3380 4996 ,
3415 4937 3470 4984 et
3499 4929 3620 4984 exi.

2046 5029 2133 5076 tus
2173 5020 2294 5090 ejus
2338 5021 2406 5077 ab
2445 5022 2600 5094 initio
2643 5038 2708 5078 ex
2752 5022 2944 5080 diebus
2986 5023 3192 5078 saeculi.
3239 5020 3468 5090 Propter
3513 5021 3617 5075 hoc

2044 5109 2192 5165 dabit
2233 5126 2329 5170 eos
2374 5128 2549 5183 usque
2589 5115 2657 5167 ad
2704 5121 2921 5184 tempus
2967 5111 3268 5182 parientis:
3311 5109 3519 5182 pariet,
3561 5117 3617 5164 et

2043 5203 2238 5274 reliqui
2290 5220 2357 5259 ex
2403 5205 2672 5260 fratribus
2717 5221 2905 5260 eorum
2953 5210 3341 5259 convertentur
3375 5203 3440 5258 ⁷⁸.
3480 5222 3499 5256 ι
3549 5201 3616 5258 Et
3655 5241 3661 5254 κ

2049 5302 2172 5364 post
2210 5311 2385 5366 pauca
2417 5298 2663 5370 adjungit
2691 5317 2704 5354 :
2741 5317 2759 5351 ι
2789 5297 2854 5352 Ει
2887 5298 2990 5353 erit
3019 5297 3164 5367 quod
3197 5296 3466 5366 reliquum
3498 5295 3616 5350 fue-

2043 5387 2114 5441 rit
2142 5403 2208 5444 ex
2242 5387 2413 5446 Jacob
2442 5391 2496 5446 in
2527 5392 2781 5464 gentibus
2811 5392 2866 5444 in
2900 5389 3080 5444 medio
3113 5389 3439 5461 populorum
3471 5389 3615 5444 mul-

2044 5486 2260 5549 torum,
2305 5484 2461 5553 quasi
2512 5501 2604 5542 ros
2651 5501 2681 5540 a
2719 5485 2948 5542 Domino
2997 5485 3236 5551 cadens,
3266 5491 3321 5542 et
3350 5489 3611 5553 tanquam

3366 5607 3411 5640 ⁷⁸
3443 5603 3605 5662 Micb.
