4126 6412
0 1708 7 1971 ἰ

0 1980 6 2225 l

503 301 609 358 155
1108 305 1376 363 EUSEBH
1416 306 1897 366 CJ£SAIUENSIS
1926 308 2077 368 OPP.
2113 308 2296 365 PARS
2336 310 2398 364 ll.
2438 340 2508 351 —
2543 306 3040 365 APOLOGETICA.
3641 308 3743 364 £56

509 418 629 489 agni
681 434 848 490 super
896 437 1153 491 gramen,
1199 433 1259 479 ut
1301 440 1410 480 non
1442 436 1805 498 congregetur
1836 429 2068 499 aliquis,

2173 428 2332 500 ἄρνες
2364 427 2449 481 ἐπ’
2484 427 2779 497 ἄγρωστιν,
2813 428 2960 490 ὅπως
2990 424 3065 496 μὴ
3096 422 3334 495 συναχθῇ
3368 422 3575 493 μηδεὶς,
3609 425 3744 496 μηδέ

500 527 681 582 neque
723 514 991 569 subsistat
1030 515 1084 569 in
1130 515 1255 572 ﬁliis
1310 518 1636 575 hominum:
1678 531 1734 575 et
1779 521 1883 576 erit
1925 519 2070 590 quod

492 602 772 674 'reliquum
808 603 964 659 fuerit
997 621 1062 658 ex
1114 605 1281 661 Jacob
1332 606 1384 660 in
1432 610 1726 679 gentibus,
1779 611 1835 665 in
1889 612 2071 665 medio

499 696 826 765 populorum
873 696 1200 761 multorum,
1257 709 1516 768 tanquam
1569 702 1656 755 leo
1707 702 1759 755 in
1796 702 2067 771 iumentis

501 785 689 851 silm,
723 794 777 842 et
806 786 960 856 quasi
991 789 1207 844 catulus
1238 790 1414 845 leonis
1455 791 1510 845 in
1553 793 1807 863 gregibus
1850 795 2065 861 ovium,

466 866 958 945 lquemadmodum
1003 893 1130 933 cum
1171 883 1457 935 transierit
1509 891 1562 938 et
1602 883 1933 952 dispertiens
1983 901 2069 942 ra-

499 969 716 1039 puerit,
763 977 818 1024 et
856 985 966 1024 non
1010 971 1082 1025 sit
1121 974 1215 1042 qui
1259 975 1497 1044 eripiat:
1542 977 1834 1032 extolletur
1874 994 2069 1036 manus

497 1069 588 1113 tua
621 1075 787 1129 super
816 1059 1115 1131 allligentes
1150 1072 1236 1127 te,
1266 1071 1321 1119 et
1347 1080 1537 1121 omnes
1594 1067 1799 1123 inimici
1835 1070 1914 1123 tui
1947 1086 2069 1139 per-

497 1151 695 1203 dentur
720 1151 764 1182 "
793 1169 805 1203 :
834 1170 851 1202 ι
879 1151 967 1205 his
995 1154 1241 1221 profecto
1269 1154 1405 1209 nihil
1443 1156 1557 1211 lieri
1590 1168 1776 1227 posset
1806 1160 2063 1226 lucidius,

494 1258 616 1309 qum:
644 1249 698 1296 et
732 1251 916 1296 ortum
944 1242 1248 1301 Salvatoris
1275 1246 1329 1300 in
1355 1246 1666 1303 Bethlebem
1690 1290 1705 1314 ,
1740 1259 1794 1306 et
1819 1252 2067 1321 ejusdem

495 1337 565 1388 ab
594 1342 804 1389 αξιοι·ηο
853 1339 1327 1407 propagationem,
1369 1350 1421 1395 et
1449 1340 1689 1413 Virginis
1726 1356 1974 1414 partum,
2014 1354 2069 1402 et

496 1426 870 1495 apostolorum
910 1436 964 1482 et
1005 1428 1401 1500 discipulorum
1446 1433 1568 1502 ejus
1604 1436 1979 1502 vocationem,
2013 1446 2070 1491 et

496 1515 942 1586 praedicationem
965 1518 1032 1573 de
1060 1518 1310 1586 Christo,
1345 1526 1439 1593 qui
1471 1525 1523 1579 in
1555 1534 1727 1579 totum
1754 1526 1939 1581 orbem
1972 1543 2068 1598 per

494 1622 591 1662 eos
620 1606 912 1679 importata
943 1618 1066 1676 est,
1100 1611 1364 1668 referunt.
1395 1615 1532 1669 Cum
1561 1616 1704 1671 enim
1735 1618 1782 1673 is
1814 1618 2069 1690 princeps

496 1698 567 1753 de
608 1714 719 1770 quo
763 1702 1041 1771 prophetia
1081 1702 1339 1774 loquitur,
1385 1716 1438 1762 et
1469 1709 1832 1777 cujus,exitus
1856 1727 1922 1766 ex
1954 1711 2070 1766 die-

2178 520 2384 588 ὑποστῇ
2410 520 2469 571 ὲν
2502 519 2636 580 υἱοῖς
2665 516 2968 589 ἀνθρώπων
2986 532 2999 546 ³
3033 516 3127 568 καὶ
3148 513 3302 568 ἔσται
3332 512 3393 567 τὺ
3432 513 3744 585 ὑπόλειμμα

2187 610 2381 665 Ἰακὼϐ
2426 611 2485 663 έν
2521 611 2635 671 τοῖς
2679 608 2908 675 ἔθνεσιν,
2944 610 3002 660 ἐν
3043 606 3191 677 μέσῳ
3234 605 3377 659 λαῶν
3411 604 3640 669 πολλῶν,
3666 605 3743 670 ὡς

2175 702 2311 756 λέων
2343 703 2401 754 ὲν
2431 702 2545 763 τοῖς
2590 700 2813 769 κτήνεσι
2855 697 2948 751 τοῦ
2991 695 3220 768 δρυμοῦ,
3253 698 3348 750 καὶ
3395 696 3470 759 ὡς
3508 695 3743 766 σκύμνος

2176 797 2234 847 ἐν
2261 793 2528 864 ποιμνίοις
2555 790 2861 862 προϐάτων,
2910 790 2968 842 δν
3005 790 3202 859 τρόπον
3242 790 3370 842 ὅταν
3412 788 3615 861 διέλθῃ,
3651 788 3745 840 καὶ

2173 884 2478 947 διαστείλας
2507 883 2750 955 ἁρπάσῃ,
2774 882 2867 934 καὶ
2904 882 2977 951 μὴ
3068 883 3097 933 ό
3138 881 3520 952 ἐξαιρούμενος
3538 898 3551 910 ο
3594 881 3743 949 ὑψωο

2175 971 2398 1042 θήσεται
2429 974 2462 1041 ἡ
2495 972 2617 1042 χείρ
2652 988 2742 1023 σου
2774 971 2869 1022 ἐπὶ
2907 972 3031 1033 τοὺς
3071 969 3346 1033 θλίϐοντάς
3377 987 3455 1045 σε,
3491 971 3581 1023 καὶ
3613 973 3744 1023 πάνυ

2174 1080 2266 1126 τες
2295 1064 2345 1116 οἱ
2370 1062 2554 1135 ἐχθροί
2572 1079 2664 1116 σου
2684 1060 3243 1134 ἐξολοθρευθήσονται.
3271 1081 3289 1111 ι
3312 1059 3526 1113 Τούτων
3543 1061 3650 1114 οὐδ’
3669 1064 3745 1131 (l)

2176 1157 2241 1210 ἄν
2265 1173 2317 1209 τι
2346 1156 2556 1224 γένοιτο
2582 1154 2921 1225 λευκότερον,
2946 1153 3087 1207 κατά
3119 1152 3180 1207 τδ
3207 1154 3339 1206 αὐτὸ
3363 1155 3459 1207 καὶ
3482 1153 3580 1224 τὴν
3605 1157 3754 1223 γένε-

2176 1265 2259 1300 σιν
2283 1248 2379 1318 τὴν
2407 1250 2465 1300 ἐν
2490 1246 2736 1316 Βηθλεὲμ
2765 1244 2858 1299 τοῦ
2900 1245 3152 1316 Σωτῆρος
3186 1246 3630 1315 ἀναφωνούντων,
3654 1249 3747 1301 καὶ

2173 1342 2272 1411 τὴν
2306 1341 2411 1409 πρὸ
2444 1339 2639 1403 αίῶνος
2681 1339 2936 1392 ούσίωσιν
2975 1337 3163 1401 αὑτοῦ,
3201 1340 3295 1390 καὶ
3342 1339 3433 1391 τὸν
3477 1340 3575 1408 τῆς
3604 1340 3749 1408 Παρ-

2175 1430 2328 1484 θένου
2361 1430 2600 1495 τοκετὸν,
2632 1430 2725 1482 καὶ
2762 1430 2873 1483 τῶν
2906 1428 3216 1483 ἀποστόλων
3241 1429 3333 1481 καὶ⁵
3362 1427 3615 1498 μαθητῶν
3653 1430 3750 1483 αὑ-

2175 1520 2268 1575 τοῦ
2309 1522 2409 1593 τὴν
2438 1521 2651 1591 κλῆσιν,
2691 1522 2785 1575 καὶ
2825 1521 2886 1573 τὸ
2914 1521 3178 1592 κήρυγμα
3217 1520 3279 1572 τὸ
3324 1518 3442 1573 καθ’
3488 1520 3614 1590 ὅλης
3648 1521 3748 1590 τῆς

2173 1614 2494 1686 οίκουμένης
2539 1614 2671 1685 περὶ
2711 1612 2805 1666 τοῦ
2838 1612 3073 1682 Χριστοῦ
3104 1611 3169 1665 δι’
3221 1610 3400 1665 αὑτῶν
3449 1611 3749 1681 κατηγγελ-

2178 1702 2353 1772 μένον.
2389 1703 2495 1756 Τοῦ
2527 1704 2636 1776 γὰρ
2659 1702 2986 1773 δηλουμένου
3016 1703 3297 1772 ἄρχοντος,
3324 1693 3386 1755 οῦ
3412 1703 3510 1764 τάς
3537 1702 3748 1767 ἐξόδους

498 1790 603 1846 bus
629 1791 847 1847 aeternis
876 1807 1000 1849 esse
1042 1794 1318 1862 declarat,
1364 1797 1432 1854 de
1476 1798 1790 1855 Bethlehem
1830 1802 1901 1857 sit
1940 1818 2066 1873 pro-

2173 1795 2196 1845 ό
2220 1793 2375 1862 λόγος
2400 1794 2460 1859 ἐξ
2479 1792 2701 1865 ἡμερῶν
2726 1793 2921 1857 αίῶνος
2943 1789 3081 1846 εἶναι
3099 1793 3267 1863 δηλοῖ,
3286 1797 3351 1848 ὲκ
3375 1795 3473 1865 τῆς
3500 1794 3745 1867 Βηθλεὲμ

498 1881 743 1939 tecturus
766 1923 783 1949 ,
816 1884 1074 1955 buncque
1103 1887 1282 1957 ipsum
1315 1904 1378 1945 ea
1410 1906 1531 1961 qua:
1565 1892 1786 1962 pariens
1822 1895 2072 1949 nomina-

500 1983 612 2040 tur,
646 1984 837 2030 sancta
868 1974 1037 2048 Virgo
1068 1978 1141 2032 sit
1170 1980 1420 2049 paritura
1447 2001 1459 2037 :
1492 1998 1603 2037 non
1638 1998 1831 2039 omnes
1865 1985 1957 2055 qui
2003 1984 2071 2038 ad

497 2067 973 2123 circumcisionem
1001 2080 1252 2140 spectant
1271 2114 1285 2131 .
1318 2073 1413 2129 sed
1444 2074 1593 2130 solos
1621 2090 1719 2130 eos
1744 2076 1839 2146 qui
1876 2077 2070 2147 reliqui

496 2158 733 2224 fuerint,
768 2161 950 2216 salvos
979 2161 1191 2219 futuros
1223 2164 1483 2232 animat,
1527 2184 1665 2237 quos
1697 2176 1751 2222 ct
1795 2168 2068 2225 residuum

495 2249 614 2305 fore
648 2247 817 2305 Iacob
837 2290 852 2315 ,
883 2259 937 2305 et
969 2252 1113 2308 roris
1146 2255 1321 2309 instar
1349 2255 1405 2309 in
1437 2271 1628 2312 omnes
1658 2257 1845 2312 datum
1875 2257 1941 2311 iri
1968 2273 2069 2313 na-

493 2341 690 2398 tiones.
727 2360 747 2394 t
782 2341 898 2397 Erit
948 2345 1117 2409 enim,
1190 2347 1390 2415 inquit,
1454 2349 1736 2404 residuum
1784 2346 1956 2407 Jacob
2009 2351 2067 2404 in

493 2436 747 2504 gentibus
768 2475 783 2497 ,
815 2444 877 2491 ut
906 2452 997 2493 ros
1030 2452 1061 2490 a
1099 2437 1328 2493 Domino
1361 2440 1564 2496 cadens
1584 2481 1599 2506 ,
1643 2449 1698 2496 et
1741 2442 1899 2512 quasi
1942 2444 2068 2514 agni

493 2543 662 2598 super
708 2544 931 2598 gramen
955 2569 969 2593 ,
999 2548 1018 2581 ι
1045 2545 1144 2600 pro
1186 2547 1330 2601 quo,
1370 2550 1389 2583 ι
1420 2534 1577 2603 quasi
1628 2534 1790 2589 stilla:
1838 2536 1895 2589 in
1941 2535 2069 2591 her-

494 2621 655 2685 bam,
687 2639 708 2672 ι
732 2620 843 2690 82
871 2621 1097 2691 Aquila;
1146 2620 1488 2678 Theodotion
1516 2633 1697 2681 autent
1720 2668 1735 2693 ,
1766 2634 2068 2698 «tanquam

496 2713 589 2765 nix
640 2727 808 2782 super
857 2711 1074 2777 fenum,
1110 2734 1127 2764 ι
1159 2715 1466 2771 reddidere.
1500 2717 1631 2772 ltem
1664 2734 1765 2788 pro
1798 2719 1928 2782 illo,
1958 2737 1978 2771 ι
2008 2726 2068 2773 ut

494 2816 605 2857 non
651 2814 1013 2874 congregetur
1048 2805 1283 2875 aliquis,
1330 2822 1505 2876 neque
1544 2810 1809 2865 subsistat
1851 2811 1905 2865 in
1940 2810 2068 2868 ﬁliis

494 2893 775 2950 hominum
798 2936 814 2960 ,
846 2913 1022 2968 neque
1062 2898 1301 2953 oll'endat
1346 2899 1490 2956 ﬁlius
1532 2902 1769 2957 hominis
1790 2943 1806 2968 ,
1838 2923 1856 2955 ι
1889 2902 2068 2959 Theo-

492 2985 683 3041 dotion
723 2990 1003 3058 reposuit,
1035 3008 1053 3041 ι
1079 2991 1173 3061 qui
1220 3006 1329 3046 non
1370 2994 1710 3064 exspectabit
1752 2995 2062 3060 hominem,

491 3090 548 3134 et
594 3094 708 3183 non
758 3082 998 3151 sperabit
1052 3083 1108 3137 in
1156 3083 1267 3139 lilio
1320 3085 1577 3141 hominis.
1613 3087 1853 3159 iAquila
1902 3103 2065 3151 vero,
2096 3123 2142 3183 Ο

498 3188 521 3221 σ
555 3170 649 3240 qui
697 3186 808 3226 non
850 3174 1191 3243 exspectabit
1234 3176 1448 3243 virum,
1495 3187 1550 3234 et
1599 3194 1708 3233 non
1749 3195 1881 3249 erga
1928 3181 2068 3237 lilios

494 3262 776 3318 hominum
802 3284 815 3319 :
861 3285 880 3317 ι
908 3265 963 3320 in
993 3266 1195 3338 quibus
1214 3311 1229 3335 ,
1256 3269 1438 3324 omnis
1469 3271 1843 3339 apostolorum
1879 3270 2070 3326 Salva-

493 3354 634 3409 toris
663 3356 835 3410 nostri
865 3372 1026 3428 spes,
1064 3373 1186 3428 qua:
1215 3374 1323 3413 non
1358 3359 1412 3413 in
1447 3360 1701 3424 homine,
1733 3360 1827 3415 sed
1862 3360 1915 3414 in
1949 3359 2070 3415 Sal-

496 3455 704 3512 vatore,
726 3458 781 3503 et
805 3446 1036 3504 Domino
1064 3464 1167 3505 suo
1202 3449 1386 3505 futura
1413 3452 1485 3506 sit
1512 3449 1943 3515 demonstratur,
1973 3451 2069 3522 qui

496 3540 693 3611 utique
726 3539 977 3597 Salvator
1032 3540 1129 3597 Dei
1160 3540 1400 3598 Verbum
1429 3551 1567 3598 erat.
1608 3541 1708 3598 His
1740 3558 1870 3599 vero
1910 3545 2068 3600 dein-

496 3648 627 3705 ceps
675 3634 966 3704 adjungit:
1000 3653 1017 3686 ι
1048 3645 1104 3690 et
1142 3636 1249 3691 erit
1296 3635 1443 3706 quod
1490 3636 1761 3706 reliquum
1797 3634 1961 3691 fuerit
2000 3653 2069 3692 ex

495 3724 668 3780 «Ιοεοὺ
716 3726 970 3797 gentibus
1015 3726 1070 3780 in
1121 3726 1303 3782 medio
1348 3727 1674 3797 populorum
1727 3728 2065 3792 multorum,

497 3817 657 3888 quasi
686 3817 771 3872 leo
802 3818 857 3872 in
882 3818 1157 3888 iumentis
1178 3818 1330 3876 silva:
1352 3858 1368 3883 ,
1400 3825 1455 3874 et
1495 3820 1655 3889 quasi
1701 3820 1920 3875 catulus
1960 3821 2071 3876 leo-

494 3912 582 3967 nis
610 3911 663 3966 in
691 3912 948 3984 gregibus
976 3914 1162 3968 ovium
1190 3932 1203 3967 :
1234 3914 1691 3983 quemadmodum
1726 3929 1851 3969 cum
1890 3924 2070 3970 trans-

497 4003 659 4065 ierit,
690 4014 744 4059 et
772 4004 1101 4074 dispertiens
1139 4005 1420 4076 rapuerit,
1466 4013 1520 4061 et
1549 4021 1659 4060 non
1704 4007 1775 4062 sit
1818 4006 1913 4077 qui
1960 4006 2071 4061 eri-

499 4094 616 4165 piat
645 4113 658 4149 :
694 4115 713 4147 ι
738 4095 940 4166 quibus
980 4096 1191 4158 verbis,
1220 4105 1280 4150 ut
1314 4097 1571 4162 arbitror,
1631 4097 1966 4153 conﬁdentia
2015 4105 2070 4152 et

500 4186 830 4256 intrepidum
867 4186 1040 4241 robur
1082 4188 1493 4257 praedicationis
1530 4190 1845 4260 apostolica:
1885 4189 2073 4243 decla-

500 4285 677 4331 ratur.
720 4275 1002 4348 Siquidem
1034 4279 1212 4334 instar
1244 4280 1418 4337 leonis
1447 4291 1500 4338 et
1529 4282 1697 4336 catuli
1718 4322 1733 4343 ,
1778 4282 1836 4336 in
1878 4281 2072 4337 silvam

501 4371 743 4441 gentium
767 4409 781 4436 ,
812 4378 868 4426 et
904 4371 962 4425 in
990 4372 1174 4425 ovium
1203 4372 1567 4428 humanarum
1602 4388 1793 4445 greges
1813 4412 1828 4439 ,
1860 4372 1939 4427 illi
1993 4372 2072 4425 ir—

2174 1885 2653 1957 προελευσομένου,
2688 1886 2781 1940 καὶ⁵
2819 1886 2923 1955 τῆς
2941 1885 3130 1939 τοῦτον
3157 1887 3550 1957 ἀποτικτούσης
3588 1888 3747 1956 άγίας

2173 1977 2447 2048 Παρθένου
2480 1977 2793 2049 τεξομένης,
2827 1979 2885 2030 οῦ
2923 1979 3131 2042 πάντας
3162 1979 3295 2049 φησὶ
3333 1980 3457 2043 τοὺς
3491 1983 3553 2034 ὲκ
3595 1998 3749 2053 περι·-

2170 2068 2363 2139 τομῆς,
2394 2068 2529 2122 ἀλλὰ
2565 2068 2756 2139 μόνους
2789 2071 2916 2133 τοὺς
2949 2069 3250 2133 ἐπιλοίποις
3277 2071 3745 2141 ἀνασωθήσεσθαι,

2170 2160 2264 2223 οῦς
2309 2161 2403 2214 καὶ
2443 2161 2651 2230 λεῖμμα
2696 2161 3023 2232 γενήσεσθαι
3065 2162 3160 2214 τοῦ
3201 2160 3413 2224 Ἰακὼϐ,
3457 2164 3551 2215 καὶ
3592 2165 3748 2235 δίκην

2169 2252 2358 2323 δρόσου
2379 2251 2472 2304 ἐπὶ
2503 2252 2680 2305 πάντα
2701 2251 3018 2323 δοθήσεσθαι
3041 2252 3110 2306 τὰ
3131 2252 3278 2324 ἐθνη.
3308 2272 3327 2305 ‹
3358 2255 3552 2308 Ἔσται
3583 2257 3741 2326 γάρ,›

2170 2343 2323 2414 φησὶ,
2369 2362 2388 2393 ι
2442 2342 2505 2395 τὸ
2547 2343 2858 2414 ὑπόλειμμα
2892 2343 2987 2397 τοῦ
3029 2345 3219 2398 Ἰακὼϐ
3262 2349 3318 2399 ἐν
3362 2349 3477 2410 τοῖς
3538 2348 3749 2401 ἔθνεσιν

2169 2435 2242 2497 ὡς
2266 2434 2454 2504 δρόσος
2484 2434 2634 2505 παρά
2658 2435 2864 2506 Κυρίου
2908 2436 3205 2502 πίπτουσα,
3246 2440 3342 2491 καὶ
3371 2437 3446 2501 ὡς
3479 2439 3638 2509 ἄρνες
3661 2442 3746 2491 ἐπ’

2168 2525 2459 2597 ἄγρωστιν.
2494 2546 2512 2577 ι
2557 2526 2697 2581 Ἀνθ⁹
2724 2524 2806 2591 οῦ,
2842 2546 2862 2579 ι
2892 2529 2986 2581 καὶ
3017 2529 3095 2592 ὡς
3121 2529 3356 2599 ψεκάδες
3387 2532 3478 2582 ἐπὶ
3504 2532 3689 2595 πόνῳ
3719 2535 3749 2588 ό

2182 2619 2428 2683 ’Axdhg,
2461 2622 2493 2673 ὁ
2516 2620 2573 2673 δὲ
2600 2620 2912 2683 Θεοδοτίων,
2942 2639 2961 2672 t
2994 2621 3087 2674 καὶ
3105 2622 3235 2675 ὡσεὶ
3261 2623 3472 2691 νιφετὸς
3501 2624 3592 2675 ἐπὶ
3623 2624 3747 2694 χόρ-

2171 2729 2311 2773 τον,»
2338 2710 2684 2765 ἐκδεδώκασι.
2704 2713 2813 2765 Καὶ
2835 2712 2995 2765 πάλιν
3023 2713 3144 2765 ἀντὶ
3164 2713 3278 2776 τοῦ,
3308 2715 3493 2777 Ὅπως
3520 2714 3595 2787 μὴ
3615 2732 3742 2769 συν-

2171 2802 2307 2874 αχθῇ
2346 2803 2534 2874 μηδεὶς
2569 2804 2703 2874 μηδὲ
2735 2804 2941 2875 ὑποστῇ
2976 2804 3035 2856 ὲν
3069 2805 3203 2867 υἱοῖς
3240 2804 3560 2875 ἀνθρώπων,
3605 2806 3743 2878 μηδὲ

2171 2894 2453 2968 προσκόψῃ
2484 2894 2595 2957 υίὸς
2623 2893 2931 2967 ἀνθρώπου,
2960 2897 3165 2966 φησὶνό
3192 2896 3499 2957 Θεοδοτίων,
3521 2916 3539 2948 t
3559 2898 3652 2960 Ὃς
3682 2895 3744 2950 οὐ

2174 2986 2636 3057 μενείάνθρωπον,
2654 2987 2747 3040 καὶ
2775 2988 2875 3040 οὑκ
2900 2987 3109 3040 ἐλπίσει
3136 2988 3227 3040 ἐπὶ
3253 2989 3367 3040 υἱὸν
3394 2988 3696 3058 ἀνθρώπου.
3720 3007 3742 3040 ο

2171 3082 2283 3134 Καὶ
2300 3083 2328 3134 ό
2356 3081 2634 3146 Ἀκύλας,‹
2652 3083 2748 3145 ’ος
2778 3083 2877 3153 οὑχ
2907 3083 3167 3152 ὑπομενεῖ
3191 3082 3377 3153 ἄνδρα,
3413 3084 3506 3136 καὶ
3530 3084 3591 3135 οὑ
3619 3083 3748 3154 περὶ

2173 3175 2321 3237 υἱοὺς
2362 3172 2690 3245 ἀνθρώπων·
2733 3192 2752 3225 ι
2790 3172 2859 3226 δι’
2891 3166 2967 3228 ὧν
2999 3175 3147 3227 πᾶσα
3178 3172 3288 3225 τῶν
3315 3173 3622 3226 ἀποστόλων
3650 3173 3745 3226 τοῦ

2172 3265 2419 3337 Σωτῆρος
2442 3265 2598 3336 ἡμῶν
2629 3264 2783 3328 ἐλπὶς
2806 3264 2929 3319 οὔτε
2956 3263 3035 3335 (2)
3068 3266 3148 3327 είς
3190 3263 3493 3334 ἄνθρωπον,
3526 3264 3639 3318 ἀλλ’
3667 3268 3747 3328 εἰς

2170 3356 2261 3410 τὸν
2275 3358 2504 3429 Σωτῆρα
2535 3359 2629 3411 καὶ
2660 3356 2862 3427 Κύριον
2890 3354 3087 3410 αὐτῶν·
3122 3350 3271 3418 οὗτος
3300 3355 3355 3410 δὲ
3369 3352 3435 3425 ἦν
3461 3357 3595 3409 ότοῦ
3612 3357 3746 3410 Θεοῦ

2171 3444 2346 3514 λόγος.
2381 3441 2476 3510 Οἷς
2505 3446 2630 3517 ἑξῆς
2663 3445 2903 3513 ἐπιλέγει
2927 3460 2943 3471 -
2982 3462 3000 3494 ι
3031 3444 3140 3496 Καὶ
3161 3443 3311 3498 ἔσται
3342 3444 3402 3497 τὸ
3435 3446 3746 3515 ὑπόλειμμα

2184 3537 2377 3591 Ἰακὼϐ
2424 3540 2481 3590 ἐν
2513 3541 2624 3600 τοῖς
2666 3537 2893 3595 ἔθνεσιν,
2926 3536 2984 3589 ἐν
3020 3535 3171 3607 μέσῳ
3215 3535 3358 3588 λαῶν
3408 3535 3636 3599 πολλῶν,
3670 3535 3745 3596 ὡς

2171 3628 2306 3683 λέων
2339 3631 2397 3682 ὲν
2428 3633 2539 3693 τοῖς
2570 3630 2789 3701 κτήνεσι
2818 3628 2912 3681 τοῦ
2936 3628 3161 3700 δρυμοῦ,
3196 3628 3289 3681 καὶ
3317 3626 3392 3689 ὡς
3423 3626 3658 3696 σκύμνος
3688 3628 3746 3677 ἐν

2173 3723 2444 3793 ποιμνίοις
2468 3723 2756 3795 προϐάτων
2775 3739 2787 3752 ·
2820 3722 2880 3775 δν
2905 3722 3105 3793 τρόπον
3131 3721 3259 3773 ὅταν
3283 3718 3484 3790 διέλθῃ.
3520 3719 3614 3771 καὶ
3640 3717 3746 3770 δια-

2174 3817 2386 3881 στείλας
2417 3816 2661 3888 άρπάσῃ,
2695 3814 2789 3867 καὶ
2820 3812 2894 3885 μὴ
2987 3814 3017 3864 ό
3044 3809 3427 3882 ἐξαιρούμενος
3449 3826 3461 3837 ·
3505 3828 3523 3860 ι
3559 3809 3627 3863 δι’
3667 3803 3744 3863 ὧν

2171 3904 2322 3979 οἶμαι
2344 3904 2633 3978 δηλοῦσθαι
2656 3904 2717 3957 τὸ
2744 3903 3039 3974 θαρσαλέον
3074 3902 3167 3955 καὶ
3198 3899 3614 3966 ἀκατάπληκτον
3650 3898 3744 3951 τοῦ

2174 3997 2527 4055 ἀποστολικοῦ
2576 3996 2950 4069 κηρύγματος.
2999 3993 3163 4061 Δίκην
3214 3992 3344 4059 γοῦν
3384 3990 3594 4052 λέοντος
3651 3989 3744 4043 καὶ

2176 4091 2413 4163 σκύμνου
2460 4094 2518 4144 ἐν
2548 4089 2624 4159 τῷ
2657 4087 2847 4161 δρυμῷ
2891 4087 2999 4139 τῶν
3026 4086 3216 4148 ἐθνῶν,
3249 4085 3341 4137 καὶ
3374 4086 3433 4137 έν
3477 4086 3596 4147 ταῖς
3636 4083 3744 4136 τῶν

2173 4182 2523 4257 ἀνθρωπίνων
2547 4182 2831 4253 προϐάτων
2864 4179 3086 4248 ἀγέλαις
3124 4177 3481 4240 εἰσϐαλόντες,
3509 4177 3605 4229 καὶ
3632 4176 3743 4229 διας

2177 4275 2478 4336 στείλαντες
2498 4277 2623 4335 τοὺς
2651 4270 2832 4337 ἀξίους
2858 4270 2967 4323 ἀπὸ
2997 4267 3102 4320 τῶν
3125 4267 3379 4334 ἀναξίων,
3403 4267 3744 4337 ὑπηγάγοντο

2174 4367 2251 4439 τῷ
2273 4364 2509 4436 Χριστοῦ
2539 4363 2682 4433 λόγῳ
2705 4379 2719 4392 ο
2751 4361 2885 4432 πρὸς
2912 4360 2971 4413 δν
2996 4360 3122 4428 ἑξῆς
3162 4360 3521 4428 ἀναφωνεῖται
3553 4357 3619 4411 τὰ
3652 4357 3744 4411 ἀπ’

501 4470 761 4527 ruentes,
796 4469 850 4517 et
880 4462 1266 4534 dispertientes
1310 4464 1506 4536 dignos
1549 4466 1618 4521 ab
1660 4465 1902 4536 indignis
1925 4504 1939 4529 ,
1972 4479 2069 4519 eos

2173 4459 2336 4516 αὑτοῦ
2362 4476 2375 4489 ο
2410 4477 2428 4509 ι
2476 4454 2853 4527 ’Υψωθήσεται
2902 4454 2935 4523 ή
2966 4452 3086 4522 χείρ
3117 4468 3209 4504 σου
3254 4452 3347 4505 ἐπὶ
3386 4451 3512 4513 τοὺς
3543 4449 3732 4503 θλίϐον

499 4551 705 4608 Christi
738 4553 907 4609 verbo
935 4554 1310 4623 subjecerunt.
1348 4556 1427 4610 Ad
1458 4572 1619 4627 quem
1651 4555 1911 4627 deinceps
1943 4571 2070 4626 pro-

500 4647 772 4709 feruntur,
801 4660 923 4714 quae
953 4646 1022 4700 ab
1060 4647 1180 4716 ipso
1219 4646 1331 4702 sint
1375 4657 1695 4702 manatura:
1730 4665 1747 4697 ι
1780 4648 2071 4701 extolletur

498 4755 695 4793 manus
727 4747 817 4792 tua
848 4754 1015 4809 super
1041 4738 1346 4810 amigentes
1391 4747 1480 4804 te,
1525 4750 1579 4794 et
1616 4754 1812 4794 omnes
1862 4738 2070 4792 inimici

497 4830 573 4884 tui
605 4829 901 4901 perdentnr
928 4849 946 4886 εΔ
983 4849 1002 4882 ι
1032 4831 1180 4901 quod
1213 4832 1557 4901 lpsum‘sane
1588 4831 1754 4886 etiam
1774 4830 1960 4923 pculis
1989 4831 2071 4883 in-

498 4923 637 4977 tueri
671 4924 818 4978 licet.
852 4924 1115 4990 Quamvis
1162 4924 1307 4979 enim
1348 4923 1567 4986 multis,
1612 4924 1861 4993 quamvis
1906 4923 2070 4976 innu-

497 5013 852 5070 merabilibus
874 5055 890 5078 ,
919 5014 1128 5071 Christi
1157 5014 1385 5071 verbum
1421 5015 1651 5070 antehac
1684 5012 2069 5084 alﬂigentihus,

496 5111 553 5161 et
581 5105 742 5161 hodie
779 5122 1000 5178 quoque
1039 5107 1484 5179 oppugnantibus
1506 5146 1522 5171 ,
1556 5107 1722 5163 altius
1755 5115 1936 5162 tamen
1983 5121 2069 5177 Ip-

499 5214 619 5254 sum
651 5200 822 5268 abiit,
864 5211 920 5258 et
951 5204 1228 5274 potentius
1260 5202 1475 5258 cunctis
1516 5201 1768 5258 eﬂ‘ectum
1807 5211 1911 5259 est.
1964 5197 2073 5257 Sed

2168 4555 2267 4617 τάς
2308 4568 2389 4615 σε,
2424 4549 2518 4604 καὶ
2579 4547 2780 4609 πάντες
2819 4546 2868 4597 οἱ
2902 4545 3081 4614 ἐχθροί
3130 4561 3222 4597 σου
3273 4541 3743 4614 ἐξολοθρευθησονο

2171 4662 2290 4701 ται·
2321 4644 2349 4697 δ
2375 4644 2467 4697 καὶ
2498 4640 2630 4696 αὐτὸ
2664 4639 2925 4710 πάρεστιν
2954 4636 3252 4707 ὀφθαλμοῖς
3281 4633 3726 4706 παραλαμϐάνειν

2171 4736 2397 4808 Μυρίων
2425 4734 2534 4804 γάρ
2559 4734 2698 4787 ὅσων
2723 4732 2813 4785 τὸν
2847 4729 3083 4803 Χριστοῦ
3116 4730 3273 4797 λόγον
3303 4726 3624 4795 θλιψάντων,
3655 4727 3743 4777 καὶ

2172 4827 2340 4881 είσέτι
2391 4826 2485 4879 νῦν
2539 4822 2936 4894 πολεμούντων,
2992 4817 3279 4892 ὑπερήρθη
3338 4818 3428 4870 καὶ
3488 4815 3743 4886 κρείττων

2172 4921 2387 4974 πάντων
2416 4918 2657 4987 γέγονεν.
2702 4914 2861 4967 Ἀλλά
2892 4914 2988 4966 καὶ
3020 4910 3210 4980 ὑψώθη
3255 4912 3288 4981 ἡ
3324 4909 3444 4980 χεὶρ
3472 4907 3566 4960 τοῦ
3614 4907 3739 4975 Χρι-

2171 5011 2297 5066 στοῦ
2351 5010 2491 5065 κατά
2539 5008 2757 5063 πάντων
2805 5005 2912 5058 τῶν
2963 5004 3266 5072 θλιψάντων
3318 5000 3481 5054 αὐτόν
3502 5016 3516 5029 ·
3577 4999 3630 5052 οἰ
3689 5013 3750 5049 τε.

2171 5104 2355 5178 ἐχθροὶ
2378 5098 2541 5155 αὑτοῦ
2572 5100 2790 5162 πάντες,
2825 5099 2875 5149 οί
2908 5095 3049 5149 κατά
3081 5094 3304 5163 χρόνους
3327 5091 3749 5159 ἐπανιστάμενοι

2172 5194 2337 5253 αὑτοῦ
2362 5197 2426 5265 τῇ
2466 5188 2779 5260 Ἐκκλησία,
2805 5183 3345 5269 ὲξολοθρευθήσεσθαι
3373 5182 3642 5249 λέγονται.

498 5293 661 5348 etiam
715 5294 769 5349 in
826 5297 1045 5353 sublimi
1101 5299 1365 5354 collocata
1424 5309 1508 5356 est
1538 5315 1735 5356 manus
1781 5297 2015 5362 Christi,
2074 5303 2268 5350 contra
2300 5307 2490 5348 omnes
2531 5289 2623 5358 qui
2660 5286 2837 5355 ipsum
2886 5282 3217 5337 aﬂlixerint:
3268 5280 3500 5350 ejusque
3538 5276 3743 5330 inimici

501 5384 774 5449 universi,
811 5386 977 5443 variis
1006 5390 1344 5458 temporibus
1378 5397 1570 5445 contra
1599 5390 1720 5461 ejus
1751 5387 2051 5443 Ecclesiam
2082 5385 2429 5452 insurgentes
2450 5423 2463 5446 ,
2498 5375 2757 5450 perdendi
2786 5390 2907 5430 esse
2937 5374 3217 5428 dicuntur.

1027 5477 1136 5533 LII.
1177 5481 1218 5534 A
1252 5479 1537 5551 Sophonia.

580 5587 599 5621 ι
627 5568 764 5636 Quia
791 5578 923 5627 tunc
952 5587 1267 5629 convertam
1295 5577 1348 5630 in
1376 5575 1607 5646 pooulos
1633 5576 1910 5647 linguam,
1939 5571 2077 5630 utin

576 5659 623 5690 "
658 5660 817 5715 Mich.
854 5678 909 5725 ν,
949 5662 1065 5719 7-9.

583 5753 657 5824 (ll
696 5754 851 5809 οὐδ’.
879 5753 1040 5815 Forte
1064 5756 1180 5811 οὑκ.
1216 5754 1374 5811 Enn.
1411 5753 1583 5811 Pun.

2598 5469 2721 5523 ΝΒ.
2749 5469 2881 5523 Ἀπὸ
2912 5466 3018 5520 τοῦ
3049 5461 3362 5533 Σοφονιόυ.

2316 5564 2438 5621 Ὀτι
2472 5562 2591 5616 τότε
2634 5556 2989 5631 μεταστρέψω
3034 5555 3123 5607 ἐπὶ
3171 5552 3332 5613 λαοὺς
3377 5548 3628 5619 γλῶσσαν
3673 5546 3754 5608 εἰς

2253 5743 2329 5811 (2)
2375 5744 2540 5800 Οὔτε.
2574 5741 2734 5801 Forte
2762 5742 2882 5796 οὐκ.
2911 5739 3068 5798 Enn.
3096 5737 3269 5794 Pun.
