4126 6454
421 369 521 423 157

1304 361 1955 420 DEMONSTRATIONIS
2001 360 2461 418 EVANGELICAL
2500 363 2627 415 LIB.
2670 366 2734 415 ιι.

3541 363 3643 418 158

416 482 584 553 ὄνομα
615 481 843 552 Κυρίου,
886 476 984 531 τοῦ
1016 477 1285 531 δουλεύειν
1327 476 1477 547 αὑτῷ
1523 476 1628 530 ὑπὸ
1659 474 1820 546 ζυγὸν
1861 475 1981 528 ἕνα.

2084 474 2305 529 nomine
2326 472 2541 529 Domini
2573 471 2818 529 serviant
2846 469 2898 525 ei
2925 470 3027 527 sub
3048 469 3181 541 jugo
3210 485 3339 527 uno.
3365 470 3411 525 A
3440 470 3642 529 finibus

427 572 523 625 Ἐκ
555 570 803 641 περάτων
849 566 1109 637 ποταμῶν
1149 567 1430 631 Αἰθιοπίας
1462 564 1822 638 προσδέξαμαι
1850 566 1981 629 τοὺς

417 661 755 725 ίκετεύοντάς
786 677 852 731 με
875 676 888 689 ·
928 659 1034 717 υἱοὶ
1068 658 1175 712 τῶν
1201 658 1608 729 διεσπαρμένων
1648 658 1851 712 οἴσουσι
1881 656 1976 710 θυ-

418 754 536 817 σίας
586 769 695 823 μοι.
742 751 831 805 Ἐν
860 753 929 823 τῇ
960 749 1142 820 ἡμέρᾳ
1170 748 1351 821 ἐκείνῃ
1383 750 1445 802 οὑ
1464 750 1550 822 μὴ
1577 749 1978 821 καταισχυνθῇς

414 850 480 904 ὲκ
512 852 725 903 πάντων
756 846 863 901 τῶν
894 843 1334 917 ἐπιτηδευμάτων
1356 858 1471 905 σου,
1496 834 1570 894 ὧν
1603 840 1873 912 ἠσέϐησας
1900 842 1982 903 εἰς

413 938 546 1009 ἐμέ·
586 938 666 995 ὅτι
695 936 815 990 τότε
855 935 1089 1008 περιελῶ
1127 934 1234 987 ἀπὸ
1276 931 1368 985 σοῦ
1398 929 1467 984 τὰ
1498 930 1841 1001 φαυλίσματα
1878 929 1979 999 τῆς

414 1028 623 1102 ὕϐρεώς
657 1045 773 1093 σου,
798 1028 892 1085 καὶ
925 1028 1111 1081 οὐκέτι
1159 1027 1219 1079 οὐ
1256 1024 1330 1096 μὴ
1359 1023 1657 1096 προστεθῇς
1682 1024 1776 1076 τοῦ
1815 1040 1980 1095 μεγα-

413 1123 675 1194 λαυχῆααι
708 1123 799 1175 ἐπὶ
826 1123 885 1175 τὸ
910 1122 1033 1193 ὅρος
1055 1122 1117 1174 τὸ
1151 1119 1304 1189 ἅγιόν
1337 1137 1458 1191 μου,
1489 1120 1583 1173 καὶ
1623 1118 1983 1188 ὑπολείψομαι

415 1216 472 1269 ὲν
508 1215 589 1268 σο).
630 1215 756 1270 λαὸν
797 1217 970 1286 πρᾶον
1003 1214 1096 1268 καὶ
1136 1214 1423 1268 ταπεινόν⁸
1472 1212 1567 1265 κα)⁹
1598 1210 1982 1281 εὑλαϐήσονται

416 1307 473 1358 ὲν
495 1305 577 1377 τῷ.
596 1305 818 1376 ὀνόματι
847 1305 1052 1378 Κυρίου
1085 1306 1135 1357 oi
1163 1302 1593 1357 κατάλοιποιτοῦ
1633 1300 1864 1372 Ἰσραὴλ,
1889 1299 1984 1353 καὶ

413 1397 476 1450 οὑ
505 1398 822 1466 ποιήσουσιν
845 1395 1076 1458 ἀδικίαν,
1109 1394 1205 1448 καὶ
1232 1394 1293 1447 οὑ
1316 1393 1605 1465 λαλήσουσι
1638 1391 1859 1462 μάταια,
1893 1391 1985 1442 καὶ

411 1487 477 1541 οὑ
511 1487 584 1559 μὴ
607 1487 802 1559 εὑρεθῇ
836 1488 893 1539 ὲν
927 1486 1152 1557 στόματι
1182 1484 1360 1539 αὑτῶν
1379 1482 1596 1553 γλῶσσα
1637 1481 1817 1536 δολία*
1852 1474 1985 1532 διότί

412 1579 565 1633 αὐτοὶ
588 1581 914 1651 νεμήσονται
945 1578 1038 1632 καὶ
1077 1576 1543 1648 κοιτασθήσονται,
1583 1574 1678 1628 καὶ
1708 1574 1809 1629 οὑκ
1832 1571 1989 1625 ἕσται

410 1673 441 1727 ὁ
480 1670 724 1741 ἐκφοϐῶν
775 1669 988 1733 αὑτούς.
1032 1688 1052 1722 ι
1107 1669 1217 1723 Καὶ
1250 1671 1308 1722 ὲν
1360 1667 1568 1731 τούτοις
1603 1662 1986 1734 ὑπολείψεσθαι

411 1762 593 1834 ἑαυτῷ
628 1762 755 1817 λαὸν
791 1762 975 1835 πραῢν
1001 1763 1095 1816 καὶ¹
1128 1760 1380 1814 ταπεινὸν
1406 1760 1435 1811 ὁ
1476 1759 1679 1830 Κύριος
1716 1756 1986 1829 ἐπήγγελ-

2076 564 2360 621 ﬂuminum
2397 565 2688 636 )Ethiopiaa
2731 565 3027 634 suscipiam
3064 564 3437 634 supplicantes
3463 564 3641 618 mihi:

2077 659 2448 730 dispersorum
2500 659 2683 714 ferent.
2723 657 2932 713 hostias
2978 657 3136 711 mihi.
3186 655 3245 711 In
3288 657 3377 713 die
3406 659 3499 713 illa
3529 674 3641 713 non

2078 752 2371 807 erubesces
2409 766 2476 807 ex
2519 750 2785 805 omnibus.
2817 749 3015 804 studiis
3060 749 3198 814 tuis,
3234 750 3434 819 quibus
3477 751 3643 819 impie

2078 842 2234 915 egisti
2265 843 2552 899 adversum
2582 858 2668 897 me
2686 861 2710 909 ;,
2736 842 2864 913 quia
2897 848 3027 895 tunc
3075 840 3316 896 auferam
3359 850 3471 899 ate
3514 859 3643 914 pro-

2080 937 2176 990 bra
2206 936 2552 991 contumeliae
2582 943 2687 989 tua:
2707 974 2721 996 ,
2754 945 2808 989 et
2837 950 2945 989 non
2977 935 3121 988 ultra
3161 933 3389 1004 adjicies
3418 936 3645 1007 gloriari

2081 1042 2248 1097 super
2274 1034 2455 1082 monte
2483 1034 2678 1083 sancto
2707 1040 2869 1089 meo,
2908 1033 2962 1080 et
3004 1026 3309 1095 relinquam
3350 1026 3406 1081 in
3446 1033 3501 1083 te
3542 1043 3645 1098 po-

2082 1118 2266 1187 pulum
2325 1125 2671 1172 mansuetum
2728 1124 2783 1171 et
2833 1115 3125 1180 humilem,
3168 1123 3222 1170 et
3271 1117 3543 1172 cavebunt
3586 1117 3647 1173 in
3727 1141 3745 1179 ;.

2084 1210 2306 1264 nomine
2350 1208 2606 1273 Domini,
2650 1209 2743 1271 qui
2789 1208 2985 1278 reliqui
3032 1207 3234 1262 fuerint
3261 1225 3325 1264 ex
3356 1208 3560 1276 Israel,
3591 1220 3647 1265 et
3732 1194 3737 1202 ’

2082 1317 2190 1356 non
2219 1301 2421 1356 facient
2451 1301 2805 1370 injustitiam,
2836 1309 2892 1355 et
2923 1316 3030 1355 non
3062 1301 3353 1370 loquentur
3385 1317 3522 1356 vana
3544 1342 3560 1366 ,
3592 1309 3648 1357 et

2082 1408 2192 1447 non
2226 1394 2533 1449 invenietur
2561 1394 2617 1447 in
2644 1410 2739 1449 ore
2776 1408 2966 1448 eorum
3010 1393 3193 1464 lingua
3235 1393 3423 1449 dolosa
3446 1412 3473 1461 ;,
3509 1409 3648 1465 quo-

2083 1484 2230 1539 niam
2267 1486 2370 1555 ipsi
2406 1493 2700 1555 pascentur
2728 1494 2782 1540 et
2816 1486 3131 1550 cubahu-nt,
3174 1493 3227 1541 et
3263 1501 3381 1543 non
3408 1486 3514 1542 erit
3551 1487 3649 1557 qui

2084 1580 2357 1630 exterreat
2384 1591 2478 1630 eos
2508 1577 2575 1631 ⁸ο.
2609 1596 2628 1628 ι
2655 1576 2765 1647 83
2794 1575 2853 1630 In
2901 1577 2988 1633 his
3020 1579 3148 1632 item
3188 1578 3501 1633 relicturum
3542 1577 3648 1632 sibi

2086 1664 2341 1735 populum
2362 1674 2702 1720 mansuetum
2729 1675 2782 1720 et
2810 1667 3067 1722 humilem
3089 1666 3348 1724 Dominus
3369 1648 3648 1740 pollicitus

2085 1766 2167 1812 est
2188 1798 2202 1820 ,
2235 1773 2341 1812 non
2374 1758 2539 1811 alium
2572 1761 2763 1829 utique
2793 1760 3109 1832 signiﬁcans
3130 1802 3145 1824 ,
3173 1776 3338 1831 quam
3363 1776 3487 1817 eum
3510 1801 3526 1826 ,
3554 1763 3650 1831 qui

410 1872 523 1916 ται,
553 1855 665 1907 οὑκ
697 1854 853 1914 ἀλλον
900 1852 1093 1925 δηλῶν,
1128 1854 1161 1925 ἢ
1206 1852 1298 1905 τὸν
1337 1854 1403 1904 ὲκ
1444 1849 1743 1923 περιτομῆς
1777 1850 1858 1911 εἰς
1892 1848 1979 1901 τὸν

2085 1848 2152 1903 de
2180 1848 2601 1904 circumcisione
2627 1850 2679 1904 in
2711 1850 2993 1907 Christum
3020 1852 3193 1922 ipsius
3222 1853 3293 1908 sit
3317 1853 3650 1909 crediturus.

411 1945 646 2017 Χριστὸν
673 1946 835 2000 αὑτοῦ
875 1947 1293 2000 πεπιστευκότα.
1322 1946 1431 1998 Καὶ
1463 1943 1623 1998 πάλιν
1662 1943 1787 2005 τοὺς
1816 1958 1983 1993 κατα-

411 2038 628 2104 λοίπους
671 2041 765 2095 τοῦ
813 2039 1025 2112 Ἰσραὴλ
1074 2039 1268 2109 μόνους
1308 2036 1646 2109 σωθήσεσθαι
1699 2032 1837 2105 μετά
1878 2032 1982 2101 τῆς

410 2131 520 2188 τῶν
553 2130 752 2186 λοιπῶν
778 2130 946 2185 ὲθνῶν
973 2132 1236 2203 κλήσεως,
1265 2131 1333 2203 ἢν
1376 2130 1436 2184 ὲν
1461 2131 1575 2192 τοῖς
1618 2125 1852 2198 πρώτοις
1882 2125 1983 2195 τῆς

411 2224 747 2296 προφητείας
777 2224 869 2295 ἒσή
878 2241 1084 2295 μαινεν.

793 2338 915 2391 NI".
959 2336 1103 2391 Ἀπὸ
1132 2335 1238 2390 τοῦ
1270 2335 1588 2404 Ζαχαρίου.

487 2445 506 2477 ι
548 2424 680 2479 Ἰδοὺ
714 2425 896 2497 ἡμέρα
933 2424 1150 2496 ἔρχεται
1178 2428 1236 2479 ὲν
1262 2424 1365 2488 σοὶ,
1388 2424 1482 2478 καὶ
1510 2420 1982 2495 διαμερισθήσεται

407 2514 479 2569 τὲ
509 2514 682 2568 σκῦλά
713 2531 808 2568 σου
840 2517 897 2568 ὲν
935 2516 1017 2569 σοί
1039 2533 1052 2547 ·
1086 2516 1181 2569 καὶ
1213 2513 1521 2577 ὲπισυνάξω
1555 2513 1730 2566 πάντα
1758 2511 1827 2565 τά
1852 2510 1981 2582 ἔθνη

410 2607 502 2660 ἐπὶ
544 2605 893 2677 Ἰερουσαλὴμ
915 2609 995 2671 είς
1029 2607 1285 2677 πόλεμον,
1316 2605 1410 2658 καὶ
1441 2602 1706 2657 ἁλώσεται
1734 2605 1767 2673 ή
1804 2602 1978 2665 πόλις,

409 2697 503 2750 καὶ
535 2696 1000 2768 διαρπαγήσονται
1036 2696 1225 2759 οἰκίαι,
1273 2696 1367 2748 καὶ
1398 2696 1452 2749 αἱ
1491 2696 1749 2763 γυναῖκες
1789 2694 1981 2763 μολυν-

408 2784 683 2856 θήσονται,
734 2787 828 2839 καὶ
862 2784 1201 2852 ἐξελεύσεται
1231 2785 1293 2838 τὸ
1333 2786 1501 2855 ἥμισυ
1544 2784 1647 2854 τῆς
1688 2782 1892 2847 πόλεως
1923 2785 1982 2836 ἐν

409 2877 775 2949 αἰχμαλωσίᾳ·
815 2879 865 2930 οἱ
905 2877 963 2930 δὲ
1007 2876 1323 2931 κατάλοιποι
1370 2875 1465 2930 τοῦ
1511 2875 1640 2930 λαοῦ
1677 2892 1777 2947 μου
1808 2875 1868 2928 οὐ
1908 2874 1981 2946 μὴ

408 2967 949 3040 έξολοθρευθήσονται
994 2973 1059 3024 ὲκ
1098 2969 1201 3040 τῆς
1250 2968 1479 3031 πόλεως.
1539 2986 1559 3019 ›
1610 2967 1834 3038 Συνᾴδει
1889 2967 1982 3020 καὶ

405 3060 578 3113 ταῦτα
604 3061 713 3122 τοῖς
740 3058 1177 3131 προτεθειμένοις
1202 3057 1294 3112 ἐπὶ
1319 3057 1398 3129 τῷ
1418 3056 1624 3128 ὀλέθρῳ
1654 3055 1749 3110 τοῦ
1782 3056 1982 3120 παντὸς

420 3149 683 3204 Ἰουδαίων
726 3148 927 3213 ἔθνους,
972 3150 1293 3221 μετελθόντι,
1321 3150 1518 3213 αὐτοὺς
1568 3147 1705 3229 μετά
1743 3149 1843 3220 τὴν
1886 3147 1981 3202 τοῦ
2009 3174 2051 3229 c

407 3241 641 3312 Χριστοῦ
666 3242 965 3312 παρουσίαν
990 3241 1413 3313 πεπληρωμένα,
1441 3239 1596 3294 Μετᾶ
1623 3236 1715 3294 οὖν
1746 3238 1844 3311 τὴν
1877 3240 1983 3293 ἀπὸ

408 3330 723 3395 Βαϐυλῶνος
763 3333 1017 3385 ἐπάνοδον
1046 3332 1218 3386 ταῦτα
1251 3334 1280 3385 ὁ
1316 3332 1590 3405 Ζαχαρίας
1623 3332 1979 3404 προφητεύει,

409 3421 679 3487 θεσπίζων
721 3423 818 3493 τὴν
852 3424 958 3477 ὑπὸ
1008 3424 1291 3494 Ῥωμαίων
1334 3424 1704 3496 γενησομένην
1739 3425 1977 3495 ὑστάτην

410 3514 726 3587 πολιορκίαν
752 3514 845 3568 τοῦ
884 3513 1033 3579 λαοῦ,
1066 3518 1149 3584 ἐφ’
1258 3516 1351 3569 τοῦ
1384 3518 1583 3581 παντὸς
1612 3516 1797 3581 ἔθνους
1848 3517 1982 3569 Ἰου-

409 3605 573 3661 δαίων
590 3606 906 3679 ὑποχειρίου
930 3609 1040 3669 τοῖς
1062 3606 1190 3659 πολε
1199 3609 1341 3677 μίοις
1367 3609 1759 3680 γενησομένου,
1792 3611 1983 3681 μόνους

412 3697 678 3769 φησὶξτοὺς
688 3698 1050 3762 καταλοίπους
1070 3697 1164 3752 τοῦ
1185 3698 1313 3752 λαοῦ
1334 3699 1692 3771 σωθήσεσθαι,
1719 3702 1980 3773 ἄντικρυς

410 3791 605 3855 αὐτοὺς
652 3791 778 3854 τοὺς
822 3791 1261 3856 ἀποστόλουςτοῦ
1313 3792 1564 3864 Σωτῆρος
1607 3792 1761 3865 ήμῶν
1787 3793 1980 3865 δηλῶν.

801 3903 926 3957 NA‘.
969 3904 1113 3959 Ἀπὸ
1148 3905 1254 3960 τοῦ
1290 3891 1586 3975 ’1ερεμίὸυ.

489 4015 507 4048 ι
556 3996 982 4068 Ἐπιστράφητε,
1015 3996 1124 4049 υίοὶ
1154 3997 1543 4066 ἀφεστηκότες,
1574 3997 1720 4066 λέγει
1758 3998 1979 4070 Κύριος⁹

410 4088 545 4142 διότι
566 4086 677 4155 ἐγὼ
697 4085 1111 4157 κατακυριεύσω
1132 4085 1306 4157 ὑμῶν,
1330 4088 1425 4141 καὶ
1438 4086 1676 4158 λήψομαι
1701 4089 1863 4158 ὑμᾶς,
1888 4088 1982 4141 ἕνα

412 4180 477 4232 ἐκ
505 4177 730 4242 πόλεως,
765 4177 858 4230 καὶ
884 4176 978 4230 δύο
1000 4178 1062 4230 ὲκ
1096 4177 1348 4247 πατριᾶς·
1384 4177 1477 4231 καὶ
1509 4176 1708 4244 είσάξω
1734 4179 1877 4249 ὑμᾶς
1904 4180 1982 4242 εἰς

412 4268 569 4333 Σιὼν,
596 4269 689 4321 καὶ
715 4266 870 4322 δώσω
893 4270 1022 4340 ὑμῖν
1042 4269 1308 4340 ποιμένας
1330 4268 1470 4323 κατά
1488 4269 1586 4341 τὴν
1603 4270 1831 4342 καρδίαν
1856 4288 1979 4342 μου,

411 4359 505 4413 καὶ
534 4358 893 4429 ποιμανοῦσιν
914 4361 1080 4431 ὑμᾶς,
1110 4361 1487 4432 ποιμαίνοντες
1511 4362 1628 4432 μετ’
1650 4364 1977 4434 ἐπιστήμης.

411 4450 520 4505 Καὶ
578 4450 751 4514 ἔσται,
795 4451 892 4505 ἐὰν
940 4451 1301 4525 πληθυνθῆτε,
1347 4453 1441 4506 καὶ
1498 4453 1788 4525 αὐξηθῆτε,
1831 4454 1978 4522 λέγει

412 4541 632 4613 Κύριος,
685 4544 743 4596 ὲν
782 4545 902 4606 ταῖς
935 4543 1177 4617 ⁴ἡμέραις
1204 4544 1440 4608 ἐκείναις
1470 4545 1568 4598 οὑκ
1617 4544 1832 4616 ἐροῦσιν
1871 4544 1975 4598 ἔτι·

413 4632 654 4696 Κιϐωτὸς
695 4634 969 4707 Διαθήκης
1005 4634 1210 4707 Κυρίου
1264 4635 1481 4708 Ἰσραὴλ
1516 4636 1616 4690 οὑκ
1648 4637 1978 4708 ἀναϐήσεται

414 4723 507 4775 ἐπὶ
535 4724 780 4795 καρδίαν,
804 4726 923 4780 οὐδὲ
943 4725 1395 4799 ὀνομασθήσεται,
1423 4727 1518 4781 καὶ
1539 4727 1601 4780 οὑ
1623 4726 1977 4797 ποιηθήσεται

411 4813 510 4866 ἔτι.
569 4832 589 4864 ι
651 4815 818 4887 Ὀμοῦ
866 4817 960 4870 καὶ¹
1001 4818 1059 4872 ὲν
1086 4816 1303 4881 τούτοις
1354 4817 1452 4888 τὴν
1508 4817 1839 4889 ἐπιστροφὴν
1883 4817 1977 4870 τοῦ

425 4905 639 4976 Ἰσραὴλ
671 4907 769 4977 τὴν
800 4910 857 4962 ὲν
885 4912 951 4981 τῇ
985 4910 1253 4982 παρουσίᾳ
1282 4907 1376 4963 τοῦ
1407 4909 1659 4981 Σωτῆρος
1682 4910 1837 4981 ήμῶν
1874 4910 1978 4979 Ἰη-

412 4996 509 5051 σοῦ
540 4996 777 5068 Χριστοῦ
810 5002 1173 5073 γενησομένην
1204 5001 1467 5067 θεσπίζει,
1497 5000 1616 5055 καθ’
1650 5000 1736 5072 ἢν,
1784 5000 1883 5054 ἕνα
1910 5003 1979 5054 ὲκ

412 5090 641 5155 πόλεως,
658 5089 855 5144 καὶδύο
871 5094 934 5146 ὲκ
951 5097 1205 5166 πατριᾶς,
1226 5096 1319 5148 καὶ
1336 5093 1535 5165 σφόδρα
1554 5092 1864 5161 ὀλιγοστοὺς
1881 5092 1974 5147 καὶ

412 5181 627 5253 ἀριθμῷ
653 5181 871 5254 βραχεῖς
899 5184 1273 5257 ἐκλεξάμενος,
1297 5186 1560 5259 ποιμένας
1579 5185 1684 5239 τῶν
1708 5187 1788 5249 είς
1813 5184 1974 5238 αὑτὸν

413 5273 849 5328 πεπιστευκότων
896 5273 1064 5329 ἐθνῶν
1106 5278 1204 5348 (l),
1240 5279 1333 5332 καὶ
1368 5277 1711 5350 αὐξηθέντων
1741 5277 1835 5329 ἐπὶ
1875 5276 1975 5347 τῆς

419 5364 513 5434 γῆς
530 5368 587 5419 ἐν
603 5366 669 5437 τῇ
690 5364 756 5418 δι’
770 5365 945 5419 αὐτῶν
967 5368 1195 5440 ἐσομένη
1225 5370 1413 5441 κλήσει
1435 5388 1544 5427 των
1566 5368 1752 5424 ὲθνῶψ
1783 5387 1801 5420 ι
1829 5369 1971 5422 Οὑκ-

416 5456 512 5519 ίτι,
531 5459 710 5528 φησὶν,
728 5456 958 5530 ἐροῦσιν
978 5461 1221 5525 Κιϐωτδς
1237 5464 1504 5533 Διαθήκης
1521 5463 1743 5534 Κυρίου⁹
1758 5481 1776 5514 ι
1792 5460 1974 5515 οὐκέτι

418 5550 518 5618 γὰρ
549 5548 641 5603 ἐπὶ
673 5546 771 5613 τὰς
795 5549 1037 5615 Μωσέως
1063 5552 1492 5624 ἁναδραμοῧνται
1521 5552 1975 5625 σωμαςωεέοας

2083 1938 2150 1992 Ει
2181 1954 2372 1994 rursus
2400 1953 2497 1994 eos
2527 1981 2542 2005 ,
2575 1941 2668 2010 qui
2707 1941 2904 2010 reliqui
2942 1941 3143 1998 iuerint
3169 1958 3236 1999 ex
3267 1942 3469 2009 Israel,
3505 1945 3654 2001 solos

2084 2031 2265 2086 salvos
2294 2028 2508 2085 futuros
2532 2070 2544 2088 ,
2584 2046 2709 2085 cum
2754 2033 3089 2103 reliquarum
3132 2035 3374 2104 gentium
3410 2038 3652 2091 vocatio-

2082 2139 2179 2188 ne,
2217 2138 2380 2194 quam
2414 2124 2569 2178 initio
2601 2126 2901 2195 prophetia:
2934 2126 3283 2197 significavit.

2595 2321 2726 2380 LIII.
2777 2323 2820 2377 Α
2859 2322 2905 2376 Ζ
2907 2324 3143 2380 acharia.

2159 2431 2177 2462 ι
2207 2411 2346 2468 Ecce
2372 2411 2489 2468 dies
2518 2414 2699 2469 veniet
2726 2414 2780 2468 in
2810 2422 2882 2478 te,
2913 2421 2970 2470 et
3016 2414 3332 2471 dividentur
3355 2418 3528 2487 spolia
3561 2427 3656 2474 tua

2082 2503 2137 2556 iu
2169 2511 2222 2558 te
2254 2522 2267 2557 :
2298 2510 2352 2558 et
2380 2505 2721 2577 congregabo
2767 2519 2958 2559 omnes
2989 2513 3178 2575 gentes
3219 2506 3283 2561 in
3316 2505 3654 2565 Hierusalem

2083 2594 2150 2649 ad
2190 2595 2409 2660 bellum,
2455 2604 2510 2650 et
2548 2597 2795 2666 capietur
2838 2596 3052 2659 civitas,
3104 2607 3158 2654 et
3199 2598 3527 2670 diripientur
3554 2602 3656 2657 do-

2083 2702 2225 2749 mus,
2257 2695 2313 2742 et
2335 2686 2594 2742 mulieres
2616 2688 3067 2759 inquinabuntur,
3092 2697 3145 2745 et
3169 2691 3337 2746 exibit
3368 2692 3654 2748 dimidium

2082 2778 2320 2834 civitatis
2351 2779 2405 2833 in
2434 2780 2751 2851 captivitate
2780 2800 2794 2835 :
2826 2781 3021 2852 reliqui
3056 2798 3188 2837 vero
3208 2798 3276 2839 ex
3306 2785 3512 2855 populo
3530 2801 3655 2840 meo

2082 2882 2192 2921 non
2237 2866 2534 2939 perdentur
2576 2869 2644 2925 de
2689 2869 2913 2926 civitate
2931 2871 2999 2926 δι.
3030 2887 3051 2923 ι
3099 2872 3481 2929 Consentanea
3528 2882 3660 2931 sunt

2083 2957 2197 3012 haec
2241 2957 2310 3014 iis
2338 2974 2462 3027 qum
2508 2960 2789 3030 proposita
2844 2973 2975 3016 sunt
3003 2961 3069 3016 de
3117 2962 3342 3018 interitu
3388 2964 3658 3021 universa:

2084 3051 2320 3107 nationis
2345 3049 2681 3124 Judaaorum,
2699 3051 2790 3122 qui
2822 3051 2890 3106 ad
2917 3053 3037 3109 illas
3065 3063 3188 3124 post
3216 3054 3422 3111 Christi
3452 3054 3656 3113 adven-

2082 3150 2197 3197 tum
2232 3145 2497 3213 pervenit.
2541 3144 2667 3199 Ilaac
2709 3146 2855 3200 enim
2906 3144 3200 3202 Zacharias
3252 3155 3376 3218 post
3422 3148 3656 3204 reditum

2084 3236 2152 3292 de
2196 3236 2468 3309 Babylone
2504 3240 2856 3301 vaticinatur,
2905 3255 3110 3295 canens
3151 3250 3450 3297 extremam
3507 3244 3655 3298 illam

2085 3328 2267 3398 populi
2298 3320 2679 3395 vastationem,
2713 3347 2836 3402 qua:
2857 3347 2888 3386 a
2918 3331 3182 3390 Romanis
3208 3335 3490 3392 inferenda
3516 3345 3654 3403 erat,

2084 3423 2139 3476 in
2169 3438 2275 3494 qua
2312 3437 2436 3477 cum
2472 3431 2587 3480 tota
2612 3423 2839 3480 Iudaica
2867 3442 3000 3497 gens
3033 3429 3089 3482 in
3130 3429 3370 3483 hostium
3413 3430 3655 3502 potesta-

2084 3520 2190 3568 tem
2221 3522 2451 3569 ventura
2483 3526 2648 3583 esset,
2684 3517 2832 3572 solos
2870 3531 2967 3571 eos
3014 3516 3172 3582 dicit,
3206 3519 3301 3589 qui
3343 3520 3410 3575 de
3458 3520 3656 3590 populo

2081 3606 2275 3676 reliqui
2308 3605 2531 3669 fuerint.
2563 3609 2745 3664 salvos
2777 3608 2894 3664 fore
2929 3628 2943 3664 :
2971 3610 3052 3666 sic
3072 3625 3204 3665 sane
3227 3612 3504 3682 apostolos
3538 3611 3659 3666 Sal-

2085 3697 2287 3753 vatoris
2318 3699 2491 3753 nostri
2513 3700 2858 3770 apertissime
2885 3700 3229 3771 significans.

2584 3898 2719 3953 LIV.
2775 3898 2855 3952 Ab
2893 3897 3149 3954 Jeremia.

2158 4007 2177 4042 ε
2210 3990 2625 4058 Convertimini,
2668 3991 2787 4056 ﬁlii,
2820 3991 2914 4062 qui
2960 3987 3260 4055 defecistis,
3306 3988 3441 4044 dicit
3480 3989 3658 4047 Domi-

2083 4097 2229 4149 nus;
2285 4080 2543 4151 quoniam
2582 4096 2684 4152 ego
2722 4080 3046 4135 dominabor
3088 4080 3145 4134 in
3181 4079 3357 4144 vobis,
3411 4086 3466 4135 et
3510 4083 3657 4136 acci-

2082 4175 2228 4247 piam
2250 4190 2371 4239 vos,
2408 4191 2580 4229 unum
2614 4176 2682 4231 de
2722 4175 2963 4242 civitate,
2992 4182 3048 4230 et
3072 4176 3212 4231 duos
3239 4173 3308 4230 de
3343 4173 3568 4241 familia,
3602 4185 3659 4233 et

2084 4266 2349 4322 adducam
2381 4282 2480 4323 vos
2518 4268 2576 4322 in
2607 4266 2762 4333 Sion,
2809 4275 2863 4324 et
2890 4268 3033 4323 dabo
3080 4266 3235 4323 vobis
3271 4274 3522 4335 pastores
3567 4284 3658 4324 se-
3699 4341 3705 4346 _

2084 4362 2321 4414 cundum
2351 4373 2446 4414 cor
2477 4374 2680 4425 meum,
2711 4368 2766 4415 et
2800 4369 3026 4430 pascent
3060 4374 3177 4424 vos,
3211 4365 3496 4429 pascentes
3528 4376 3654 4415 cum

2085 4452 2332 4507 scientia.
2385 4450 2448 4506 Et
2477 4452 2602 4516 erit,
2635 4466 2760 4507 cum
2809 4451 3159 4523 multiplicati
3187 4451 3406 4506 fueritis
3448 4461 3503 4507 et
3531 4468 3652 4507 cre-

2079 4544 2291 4608 veritis,
2338 4542 2471 4598 dicit
2515 4543 2803 4606 Dominus,
2836 4544 2889 4598 in
2940 4543 3134 4599 diebus
3183 4544 3295 4599 illis
3330 4559 3442 4599 non
3472 4543 3653 4600 dicent

2080 4635 2314 4705 amplius
2359 4650 2539 4690 :arca
2600 4633 2936 4691 Testamenti
3001 4634 3216 4691 Domini
3274 4637 3475 4702 Israel,
3542 4655 3651 4695 non

2079 4727 2337 4785 ascendet
2390 4727 2447 4781 in
2498 4742 2617 4791 cor,
2650 4732 2827 4797 neque
2875 4728 3271 4792 nominabitur,
3317 4738 3371 4785 et
3410 4745 3521 4784 non
3562 4730 3653 4785 flet

2081 4818 2396 4889 amplius“.
2428 4837 2449 4870 ι
2482 4817 2541 4872 In
2572 4819 2658 4874 his
2682 4834 2902 4889 quoque
2932 4821 3347 4876 conversionem
3376 4820 3565 4886 Israel,
3592 4821 3647 4876 in

2081 4911 2319 4966 adventu
2350 4908 2650 4966 Salvatoris
2684 4911 2856 4966 nostri
2892 4908 3020 4965 .Iesu
3051 4909 3260 4965 Christi
3287 4910 3525 4965 futuram
3555 4927 3621 4966 ea

2079 5003 2179 5067 nit,
2209 5001 2267 5055 in
2302 5015 2430 5071 qua,
2465 5015 2592 5054 cum
2638 5015 2806 5054 unum
2854 4999 2921 5053 de
2958 4998 3176 5054 civitate
3202 5006 3257 5052 et
3297 4998 3436 5053 duos
3470 4999 3537 5053 de
3570 4998 3651 5052 fa-

2078 5092 2249 5157 milia,
2282 5098 2338 5147 ct
2369 5090 2524 5147 valde
2551 5106 2754 5161 paucos
2809 5096 2863 5146 et
2894 5105 3122 5144 numero
3150 5089 3377 5159 exiguos
3403 5090 3645 5162 elegerit,

2076 5197 2266 5240 earum
2294 5199 2416 5255 quae
2442 5183 2500 5238 in
2533 5183 2711 5254 ipsum
2738 5182 3069 5239 crediderint
3104 5181 3345 5253 gentium
3377 5191 3646 5251 pastores.

2076 5290 2311 5346 cumque
2338 5275 2396 5329 in
2439 5286 2583 5330 terra
2627 5281 2815 5346 gentes
2849 5274 2902 5328 in
2934 5288 3033 5329 sua
3069 5273 3309 5343 ipsarum
3340 5269 3522 5327 futura
3554 5287 3648 5326 vo-

2078 5370 2297 5425 catione
2326 5370 2601 5425 creverint
2635 5388 2648 5423 :
2697 5388 2715 5420 ς
2742 5367 2863 5424 Non
2917 5369 3081 5432 ultra,
3117 5366 3314 5437 inquit,
3343 5365 3412 5421 ab
3449 5364 3530 5422 eis
3563 5365 3648 5421 di-

2080 5471 2256 5528 cetur,
2305 5477 2435 5518 arca
2470 5460 2807 5518 Testamenti
2843 5458 3097 5525 Domini;
3131 5478 3151 5511 ι
3205 5472 3314 5515 non
3343 5456 3488 5514 enim
3528 5473 3645 5512 am-

2082 5555 2227 5625 ptius
2258 5554 2328 5610 ad
2374 5553 2575 5626 Moysis
2607 5554 2922 5625 corporales
2968 5552 3313 5610 adorationes
3341 5559 3645 5620 recurrent,

476 5699 522 5731 ⁸⁸
552 5700 792 5775 Sophon.
823 5719 906 5770 ιιι,
949 5705 1100 5761 9-15.
1174 5706 1217 5738 ³⁸
1266 5705 1493 5762 Zachar.
1529 5710 1716 5781 x1v,i,
1738 5709 1792 5765 2.
1867 5711 1911 5745 ⁸³
1941 5708 2048 5764 Jer.
2083 5709 2148 5763 ll.
2185 5711 2371 5766 u-lti.

479 5816 557 5888 (l)
594 5817 754 5877 Deest
788 5822 990 5889 aliquid
1021 5823 1087 5879 ad
1111 5822 1521 5882 suffulciendam
1544 5827 1890 5894 sententiam,
1922 5825 1977 5885 f0

2092 5829 2441 5901 καταστήσει.
2466 5826 2563 5884 En.
