4126 6456
439 349 542 407 159

1075 351 1344 407 EUSEBII
1383 345 1856 404 CAESARIENSIS
1896 344 2046 401 OPP.
2089 343 2266 399 PARS
2301 341 2363 398 II.
2405 371 2474 382 ——
2509 340 3001 397 APOLOGETICA.

3570 343 3670 394 I60

438 479 629 541 utpote
694 489 816 528 cum
869 475 948 530 eis
1024 484 1253 532 novum'
1290 471 1611 527 tradendum
1675 471 1746 526 sit
1808 468 2002 524 Testa-

2111 465 2438 536 θρησκείας,
2495 464 2589 516 ac:
2631 462 2818 530 καινῆς
2875 459 3143 532 Διαθήκης
3198 461 3378 522 αὐτοῖς
3436 461 3670 528 παραδο-

439 571 703 618 mentum.

939 654 1049 726 84
1071 653 1180 710 LV.
1207 654 1285 707 Ab
1312 653 1507 712 eodem.

516 770 536 806 ι
568 749 1058 817 Multiplicaverunt
1096 747 1403 817 impietates
1451 759 1612 808 suas,
1659 742 2006 798 invaluerunt

443 847 500 900 in
530 839 906 902 aversiouibus
937 840 1073 895 suis.
1110 838 1358 903 Quanam
1397 853 1464 893 ex
1496 836 1581 891 his
1611 835 1877 906 pr0pitius
1908 849 2004 889 ero

439 932 577 991 tibi?
619 931 714 985 ﬂlii
757 930 836 983 tui
878 928 1288 999 dereliquerunt
1333 942 1440 989 me,
1495 933 1550 980 et
1587 926 1908 995 juraverunt
1946 923 2004 977 in

440 1024 528 1088 iis,
557 1022 654 1093 qui
685 1019 762 1076 dii
798 1035 907 1075 non
951 1026 1101 1086 sunt,
1150 1029 1205 1074 et
1241 1017 1482 1077 saturavi
1517 1031 1632 1080 eos,
1663 1025 1716 1070 et
1749 1014 2004 1070 maechati

441 1121 595 1175 sunt,
639 1111 777 1165 etin
813 1109 1067 1164 domibus
1102 1115 1410 1165 scortorum
1440 1104 1836 1166 habitaverunt,
1879 1103 2007 1172 equi

447 1203 673 1258 libidine
730 1201 926 1272 perciti
967 1206 1295 1261 evaserunt,
1341 1196 1720 1267 unusquisque
1759 1196 1825 1250 ad
1867 1209 2005 1249 uxo-

441 1311 555 1350 rem
592 1293 828 1365 proximi
861 1293 1135 1346 hinnitum
1166 1292 1345 1348 emisit
1375 1311 1388 1345 :
1422 1290 1668 1362 nunquid
1695 1303 1803 1344 non
1843 1303 2008 1357 super

440 1385 528 1440 his
566 1383 844 1440 visitabo?
883 1383 1014 1438 dicit
1042 1382 1326 1446 Dominus,
1364 1398 1433 1435 an
1463 1383 1517 1436 in
1560 1388 1718 1452 gente
1755 1381 1847 1435 tali
1899 1395 2007 1434 non

442 1473 739 1527 uleiscetur
797 1472 978 1525 anima
1034 1471 1194 1526 mea?
1259 1471 1550 1530 Ascendite
1604 1471 2006 1541 propugnacula

440 1562 585 1632 ejus,
620 1572 674 1617 et
695 1562 942 1632 jugulate
973 1580 984 1614 :
1011 1563 1539 1618 consummationem
1567 1577 1697 1617 vero
1727 1579 1795 1616 ne
1824 1562 2002 1627 facite,

442 1655 735 1723 relinquite
752 1653 1065 1707 fulcimenta
1080 1653 1220 1722 ejus,
1241 1655 1499 1722 quoniam
1518 1652 1732 1706 Domini
1753 1655 1963 1710 sunt”.
1982 1675 2002 1707 ι

441 1745 506 1799 In
546 1746 634 1799 his
676 1745 862 1807 simul,
904 1752 957 1799 et
989 1745 1265 1799 accusatio
1305 1746 1473 1800 totius
1516 1744 1758 1800 nationis
1793 1760 2004 1810 eorum,

443 1845 499 1890 et
551 1850 671 1905 quae
721 1850 815 1890 eos
859 1835 1132 1904 oppressit
1173 1835 1386 1896 obsidio
1434 1834 1829 1889 indicaturzet
1872 1852 2007 1905 prm-
2037 1827 2080 1883 Β

445 1935 593 1981 terea
637 1925 948 1988 residuum,
969 1925 1113 1994 quod
1151 1923 1525 1979 fulcimentum
1554 1926 1674 1994 ejus
1714 1925 1958 1978 nominat
1992 1945 2003 1980 :

445 2032 569 2070 cum
616 2013 788 2086 ip’sius
828 2014 1043 2078 Domini
1087 2017 1178 2070 sit.
1233 2014 1349 2070 Hoc
1395 2031 1526 2071 vero
1569 2015 1851 2071 residuum
1885 2015 2006 2082 fuit,

445 2105 588 2174 quod
619 2119 683 2159 ex
713 2103 816 2158 ﬁde
845 2119 1008 2173 quam
1041 2105 1095 2158 in
1127 2105 1408 2160 Christum
1437 2105 1532 2162 Dei
1562 2107 1770 2172 habuit,
1803 2106 2006 2160 conﬁr-

446 2204 645 2249 malum
703 2195 1106 2264 solidatumque
1139 2202 1242 2259 est,
1280 2203 1339 2248 ut
1364 2212 1432 2251 ne
1465 2197 1532 2250 iis
1564 2198 1762 2252 similia
1791 2207 2008 2267 patere-

444 2294 550 2349 tur,
581 2300 701 2354 quaa
737 2286 995 2339 universa
1031 2285 1120 2338 illa
1159 2301 1290 2355 gens
1330 2302 1586 2356 perpessa
1620 2297 1724 2342 est.

935 2377 1068 2432 LVI.
1114 2379 1190 2430 Ab
1225 2377 1518 2435 Ezechiele.

516 2485 536 2519 ι
577 2467 642 2522 Et
668 2469 867 2526 cadent
891 2470 1164 2525 vulnerati
1195 2470 1253 2525 in
1284 2471 1463 2526 medio
1485 2474 1678 2537 vestri,
1717 2481 1772 2527 et
1799 2488 2006 2543 cogno-

443 2560 611 2614 scetis
640 2560 787 2630 quod
827 2575 929 2631 ego
964 2559 1250 2625 Dominus,
1296 2577 1420 2616 cum
1462 2562 1696 2618 abierint
1727 2563 1794 2617 de
1829 2563 2006 2627 vobis,

443 2652 534 2720 qui
580 2651 959 2706 liberabuntur
1002 2667 1032 2704 a
1082 2653 1261 2722 gladio
1311 2653 1378 2712 ad
1409 2660 1621 2723 gentes,
1669 2660 1722 2707 et
1760 2668 1882 2707 cum
1914 2669 2011 2709 vos

444 2740 676 2810 dispersi
699 2740 851 2796 eritis
883 2755 980 2811 per
1010 2741 1280 2810 regiones,
1318 2749 1373 2797 et
1410 2742 1843 2800 recordabuntur
1879 2745 2006 2808 mei,

443 2832 536 2902 qui
584 2832 797 2889 liberati
829 2841 992 2887 erunt
1038 2848 1104 2887 ex
1153 2833 1308 2889 vobis
1339 2833 1394 2887 in
1446 2834 1720 2904 gentibus,
1761 2833 1829 2888 ad
1871 2849 2009 2905 quas

443 2923 642 2992 captivi
671 2923 821 2993 ducti
871 2923 1068 2978 sint”.
1105 2943 1123 2976 ι
1167 2922 1393 2982 Videtur
1427 2938 1559 2979 sane
1590 2925 1678 2978 hic
1713 2925 1842 2978 mihi
1873 2940 2010 2994 quo-

443 3033 548 3085 que
586 3017 924 3074 concordare
955 3015 1044 3080 iis,
1075 3016 1167 3086 qui
1199 3031 1228 3070 a
1264 3016 1489 3086 reliquis
1525 3018 1822 3088 prophetiis
1853 3032 2009 3072 acce-

444 3116 534 3178 pta
585 3117 714 3164 sunt
747 3126 759 3160 :
791 3122 887 3163 eos
938 3107 1082 3162 enim
1117 3108 1210 3178 qui
1250 3107 1461 3162 liberati
1497 3117 1692 3172 erunt,
1739 3124 2004 3178 quosnam

443 3199 580 3253 alios
606 3197 832 3264 dixeris,
865 3200 969 3252 nisi
999 3198 1143 3268 quod
1190 3199 1247 3253 in
1292 3200 1525 3264 caeteris,
1567 3200 1868 3265 residuum,
1908 3217 2006 3256 seu

445 3291 740 3358 reliquum,
773 3299 827 3345 et
855 3291 1021 3352 stilla,
1043 3299 1097 3345 et
1125 3305 1240 3356 ros,
1272 3291 1456 3362 populi
1486 3292 1630 3349 illius
1663 3295 2008 3350 nominatur?

445 3383 646 3454 quibus
679 3383 864 3452 utique
897 3383 1452 3447 denominatiouibus,
1489 3386 1860 3455 apostolorum
1890 3384 2010 3450 Sal-

445 3476 652 3529 vatoris
680 3475 854 3530 nostri
875 3484 1180 3530 conventus
1210 3475 1503 3530 indicatur.
1533 3461 1598 3529 Hi
1637 3492 1767 3546 ergo
1798 3478 2007 3532 liberati

445 3564 518 3622 ab
555 3565 777 3621 interitu
812 3567 1080 3622 universae
1120 3567 1337 3622 illorum
1379 3569 1618 3624 nationis
1657 3577 1711 3623 et
1738 3584 1767 3622 a
1797 3570 2008 3640 disper-

447 3655 600 3720 sione
635 3657 869 3724 illorum,
901 3657 1174 3714 recordati
1216 3666 1344 3713 sunt
1378 3657 1494 3722 Dei,
1526 3666 1586 3712 ut
1635 3659 1707 3713 sit
1739 3662 2006 3716 confiten-

445 3747 596 3812 dum,
637 3762 702 3802 ea
733 3763 854 3818 qua;
881 3750 1083 3820 scripta
1109 3757 1258 3811 sunt,
1285 3749 1352 3804 de
1390 3750 1474 3807 his
1502 3750 1672 3807 fuisse
1700 3751 1862 3806 dicta.

977 3864 1133 3924 LVII.
1173 3866 1253 3920 Ab
1272 3872 1469 3934 eodem.

519 3977 537 4011 ι
565 3959 691 4014 Haec
720 3959 853 4016 dicit
897 3959 1110 4015 Adonai
1155 3959 1419 4018 Dominus
1447 3980 1459 4016 :
1485 3961 1761 4032 Expellam
1809 3978 1903 4019 eos
1939 3962 2008 4018 ad

443 4058 651 4120 gentes,
685 4059 741 4106 et
768 4051 1079 4122 dispergam
1111 4067 1208 4107 eos
1239 4054 1295 4106 in
1323 4067 1514 4107 omnes
1545 4054 1815 4123 nationes,
1846 4062 1900 4109 et
1925 4055 2008 4109 di-

444 4155 693 4210 spergam
726 4156 820 4196 eos
849 4142 905 4195 in
938 4156 1156 4198 omnem
1188 4150 1388 4197 terram
1417 4163 1428 4196 :
1457 4150 1511 4198 et
1536 4158 1630 4198 ero
1667 4144 1748 4206 eis
1787 4146 1841 4198 in
1881 4160 2008 4200 sau-

443 4229 828 4292 ctiﬁcationem
862 4247 1084 4302 parvam
1121 4235 1175 4288 in
1199 4233 1537 4302 regionibus,
1569 4249 1896 4304 quocunque
1923 4237 2006 4292 in-

445 4322 619 4390 gressi
656 4321 855 4378 fuerint
901 4323 1052 4382 illuc.
1086 4343 1106 4375 ι
1147 4323 1246 4378 Hic
1271 4340 1489 4395 quoque
1517 4326 1623 4390 alio
1651 4327 1870 4388 nomine
1913 4342 2007 4383 eos

441 4413 677 4476 vocavit,
709 4414 800 4468 ubi
832 4414 1316 4480 sanctificationem
1345 4432 1566 4486 parvam
1599 4417 1756 4482 dixit,
1789 4433 1884 4474 eos
1913 4417 2007 4487 qui

2113 557 2178 628 θη
2187 555 2436 626 σομένης.

2553 645 2684 699 ME’.
2734 642 2873 696 Ἀπὸ
2903 643 3008 696 τοῦ
3047 643 3249 697 αὑτοῦ.

2187 759 2204 793 ι
2241 737 2574 809 Ἐπλήθυναν
2593 734 2844 796 ἀσεϐείας
2863 733 3058 798 αὐτῶν,
3079 732 3302 802 ἴσχυσαν
3319 733 3373 785 ἐν
3399 734 3516 794 ταῖς
3535 732 3671 784 ἀπο-

2113 831 2371 903 στροφαῖς
2398 828 2594 882 αὑτῶν.
2619 827 2764 897 Ποίῳ
2796 825 3000 878 τούτων
3020 824 3176 887 ἵλεως
3196 823 3386 894 ἔσομαί
3411 841 3488 877 σοι
3511 823 3526 888 ';
3554 824 3672 876 Υίοί

2112 940 2203 976 σου
2227 920 2579 986 ἐγκατέλιπον
2609 936 2696 989 με,
2717 919 2810 970 καὶ
2825 915 3037 987 ὤμνυον
3055 917 3111 968 ἐν
3129 920 3240 979 τοῖς
3253 917 3353 970 οὐκ
3372 913 3487 969 οὖσι
3509 915 3669 980 Θεοῖς,

2111 1015 2205 1068 καὶ
2245 1015 2514 1084 ἐχόρτασα
2545 1012 2761 1074 αὐτοὺς,
2806 1011 2899 1064 καὶ
2933 1009 3245 1080 ἐμοιχῶντο,
3286 1009 3377 1062 καὶ
3417 1011 3474 1060 ἐν
3505 1007 3672 1072 οἴκοις

2111 1106 2322 1177 πορνῶν
2355 1103 2701 1168 κατελύοσανο
2757 1103 2912 1156 ἵπποι
2946 1102 3269 1173 θηλυμανεῖς
3317 1099 3670 1170 ἐγενήθησαν,

2107 1201 2335 1261 ἕκαστος
2369 1197 2462 1250 ἐπι
2499 1197 2595 1268 τὴν
2625 1198 2856 1264 γυναῖκα
2893 1194 2986 1246 τοῦ
3028 1194 3252 1264 πλησίον
3299 1191 3668 1264 ἐχρεμέτιζον.

2107 1293 2200 1364 Μὴ
2247 1292 2339 1342 ,ἐπί⁵
2377 1289 2582 1352 τούτοις
2613 1287 2713 1341 οὐκ
2755 1286 3142 1356 ἐπισκέψομαι,
3193 1285 3337 1352 λέγει
3374 1283 3594 1353 Κύριος,
3636 1280 3671 1355 ἢ

2108 1385 2166 1453 ἐν
2213 1381 2356 1434 ἐθνει
2407 1381 2483 1451 τῷ
2535 1383 2756 1449 τοιούτῳ
2807 1381 2908 1434 οὐκ
2955 1379 3229 1448 ἐκδικήσει
3281 1376 3490 1447 ήψυχή
3539 1390 3669 1445 μους

2121 1473 2381 1544 Ἀνάϐητε
2406 1475 2496 1526 ἐπὶ
2515 1474 2640 1537 τοὺς
2661 1473 3026 1544 προμαχῶνας
3061 1471 3246 1541 αὐτῆς,
3274 1470 3364 1522 καὶ
3391 1467 3673 1536 κατασφά-

2110 1565 2254 1633 ξατε.
2303 1565 2617 1618 Συντέλειαν
2650 1565 2705 1618 δὲ
2757 1567 2828 1636 μὴ
2873 1568 3155 1635 ποιήσητεο
3200 1560 3554 1614 ὑπολείπεσθε
3605 1559 3673 1613 τὰ

2110 1656 2562 1726 ὑποστηρίγματα
2586 1656 2774 1726 αὐτῆς·
2809 1657 2890 1708 ὅτι
2914 1654 3007 1708 τοῦ
3032 1654 3236 1731 Κυρίου
3263 1652 3388 1705 εἰσί.
3421 1671 3439 1704 ι
3475 1652 3583 1704 Καὶ
3617 1653 3673 1703 ἐν

2111 1750 2316 1812 τούτοις
2336 1749 2469 1818 ὀμοῦ
2490 1747 2789 1820 κατηγορία
2814 1748 2906 1806 τοῦ
2929 1746 3128 1810 παντὸς
3149 1745 3331 1808 ἔθνους
3355 1744 3550 1804 αὐτῶν,
3581 1744 3669 1795 καὶ

2108 1843 2140 1911 ἡ
2171 1840 2497 1911 μετελθοῦσα
2536 1840 2731 1902 αὐτοὺς
2763 1839 3047 1910 πολιορκία
3084 1838 3353 1908 δηλοῦται,
3393 1839 3483 1889 καὶ
3515 1836 3673 1889 πάλιν

2107 1934 2167 1986 τὸ
2199 1933 2566 2002 κατάλειμμα,
2605 1933 2740 2002 ὅπερ
2776 1933 3051 2002 στήριγμα
3091 1930 3260 1999 αὐτῆς
3292 1928 3546 1999 ὀνομάζει
3579 1925 3672 1979 τοῦ

2107 2023 2310 2094 Κυρίου
2341 2023 2618 2091 τυγχάνον.
2667 2019 2834 2073 Τοῦτο
2876 2020 2932 2073 δὲ
2971 2015 3038 2090 ἦν
3081 2019 3142 2071 τὸ
3178 2017 3265 2070 διὰ
3311 2016 3411 2084 τῆς
3455 2017 3532 2077 εἰς
3581 2014 3671 2067 τὸν

2107 2111 2339 2180 Χριστὸν
2355 2109 2445 2162 τοῦ
2467 2108 2601 2161 Θεοῦ
2619 2111 2853 2171 πίστεως
2888 2107 3201 2176 δυναμωθέν
3226 2107 3318 2159 καὶ
3349 2104 3670 2174 στερρωθὲν,

2106 2201 2180 2261 ὼς
2205 2200 2336 2270 μηδὲ
2358 2199 2423 2252 τὰ
2456 2201 2618 2269 ὅμοια
2655 2201 2962 2270 ὑπομεῖναι,
2987 2194 3066 2262 οἷς
3093 2197 3154 2249 τὸ
3185 2198 3290 2250 πᾶν
3320 2196 3471 2260 έθνος
3495 2194 3673 2249 αὐτῶν

2106 2289 2412 2342 ἐπεπόνθει.

2485 2382 2626 2448 Νςι.
2688 2381 2820 2435 Ἀπὸ
2856 2382 2960 2434 τοῦ
3006 2380 3288 2446 Ἑζεκιήλ.

2183 2493 2200 2524 ι
2237 2474 2346 2526 Καὶ
2382 2473 2672 2526 πεσοῦνται
2706 2471 3037 2544 τραυματίαι
3073 2474 3131 2524 ὲν
3169 2472 3317 2542 μέσῳ
3364 2471 3538 2542 ὑμῶν,
3579 2470 3674 2524 καὶ

2106 2563 2490 2632 ἐπιγνώσεσθε,
2535 2565 2616 2617 ὃτι
2657 2563 2766 2632 ἐγὼ
2815 2563 3038 2634 Κύριος,
3080 2564 3137 2617 ἐν
3181 2563 3260 2634 τῷ
3311 2563 3560 2632 γενέσθαι
3613 2563 3673 2627 ἐξ

2108 2656 2260 2729 ὑμῶν
2306 2653 2748 2726 ἀνασωζομένους
2791 2656 2855 2707 ὲκ
2901 2655 3174 2726 ῥομφαίας
3216 2657 3273 2707 ἐν
3316 2656 3426 2717 τοῖς
3473 2653 3670 2714 ἔθνεσι.

2107 2750 2202 2802 καὶ
2230 2753 2286 2802 ἐν
2315 2748 2392 2818 τῷ
2423 2746 2836 2818 διασκορπισμῷ
2881 2747 3034 2817 ὑμῶν
3066 2749 3124 2799 ἐν
3146 2749 3263 2809 ταῖς
3295 2745 3520 2817 χώραις.
3561 2745 3672 2798 Καὶ

2111 2838 2508 2910 μνησθήσονταί
2543 2856 2643 2908 μου
2673 2840 2720 2891 οἱ
2763 2836 3163 2907 ἀνασωζόμενοι
3192 2835 3251 2900 ἐξ
3279 2837 3430 2907 ὑμῶν
3467 2838 3524 2889 ἐν
3558 2838 3672 2898 τοῖς

2109 2931 2334 2995 ἔθνεσιν,
2373 2925 2433 2984 οὗ
2460 2929 2952 3001 ᾑχμαλωτεύθησαν
2997 2930 3130 2982 ἐκεῖ.
3169 2947 3187 2979 ι
3223 2930 3377 2980 Δοκεῖ
3417 2945 3506 2998 μοι
3542 2930 3670 2982 κάν-

2106 3021 2282 3076 ταῦθα
2325 3022 2566 3092 συνᾴδειν
2607 3025 2720 3084 τοῖς
2761 3021 2869 3075 ἀπὸ
2908 3019 3016 3072 τῶν
3062 3019 3262 3072 λοιπῶν
3304 3018 3667 3090 προφητειῶν.

2110 3114 2248 3177 Τοὺς
2273 3112 2382 3185 γὰρ
2399 3111 2843 3183 ἀνασωζομένους
2868 3111 3015 3174 τίνας
3043 3109 3108 3163 ἂν
3133 3109 3308 3173 εἴποις
3341 3110 3373 3180 ἢ
3404 3110 3464 3161 τὸ
3487 3111 3543 3162 ἐν
3566 3109 3674 3161 ἐτέ-

2113 3221 2222 3274 ροις
2252 3203 2634 3274 ὠνομασμένον
2676 3202 3008 3272 ὑπόλειμμα,
3045 3201 3141 3257 κα).
3167 3201 3268 3272 τὴν
3313 3201 3543 3268 σταγόνα
3579 3201 3672 3253 καὶ

2107 3293 2295 3364 δρόσον
2342 3293 2434 3346 τοῦ
2480 3291 2606 3346 λαοῦ
2654 3292 2893 3355 ἐκείνου,
2947 3291 3015 3344 δι’
3054 3283 3129 3343 ὧν
3180 3290 3430 3361 ἐδηλοῦτο
3481 3292 3512 3360 ή
3565 3289 3672 3344 τῶν

2108 3384 2414 3438 ἀποστόλων
2434 3384 2527 3438 τοῦ
2549 3385 2797 3456 Σωτῆρος
2825 3382 2978 3453 ἡμῶν
3009 3383 3262 3445 σύστασις
3287 3400 3302 3448 ;
3338 3376 3494 3434 Οὗτοι
3517 3381 3670 3450 γοῦν,

2108 3474 2471 3540 ἀνασωθέντες
2519 3478 2583 3528 ἐκ
2641 3476 2741 3544 τῆς
2797 3473 3069 3536 ἀπωλείας
3114 3473 3205 3526 τοῦ
3255 3474 3451 3536 παντὸς
3496 3472 3672 3528 αὐτῶν

2108 3569 2310 3632 ἔθνους,
2346 3570 2440 3622 καὶ
2471 3571 2526 3621 ἐν
2562 3567 2639 3638 τῷ
2687 3567 3104 3638 διασκορπισμῷ
3150 3567 3348 3631 αὐτῶν,
3399 3567 3672 3638 ἐμνήσθη-

2110 3676 2206 3712 σαν
2238 3658 2331 3712 τοῦ
2371 3659 2525 3721 Θεοῦ,
2556 3659 2631 3719 ὡς
2657 3657 3031 3728 ὁμολογεῖσθαι
3065 3658 3192 3728 περὶ
3214 3657 3394 3725 αὐτῶν,
3423 3655 3672 3727 εἰρῆσθαι

2108 3751 2173 3804 τὰ
2204 3749 2688 3822 ἀναγεγραμμένα.

2550 3864 2697 3918 ΝΖ¹υ
2722 3862 2852 3917 Ἀπὸ
2882 3861 2987 3916 τοῦ
3025 3864 3232 3918 αὐτοῦ.

2182 3977 2199 4008 ι
2241 3959 2378 4012 Τάδε
2405 3957 2550 4026 λέγει
2597 3957 2816 4012 Ἀδωναῒ
2846 3956 3064 4029 Κύριος·
3101 3960 3184 4010 ὃτι
3229 3955 3543 4026 Ἀπώσομαι
3575 3956 3672 4008 αὐ-

2105 4051 2229 4113 τοὺς
2259 4052 2338 4113 είς
2367 4050 2442 4104 τὰ
2475 4049 2624 4122 έθνη,
2655 4052 2749 4108 καὶ
2786 4049 3122 4122 διασκορπιῶ
3151 4050 3348 4111 αὐτοὺς
3386 4049 3466 4111 εἰς
3496 4048 3674 4101 πάντα

2106 4142 2173 4195 τὰ
2212 4140 2359 4213 έθνη,
2389 4119 2847 4212 καίδιάσκορπιῶ
2875 4119 3070 4204 αὐτοὺς
3103 4144 3181 4204 είς
3210 4143 3386 4194 πᾶσαν
3424 4139 3520 4210 τὴν
3547 4139 3668 4208 γῆν·

2107 4235 2201 4288 καὶ
2221 4233 2412 4305 ἔσομαι
2439 4234 2618 4300 αὐτοῖς
2638 4236 2716 4297 είς
2741 4235 2987 4303 ἀγίασμα
3011 4233 3202 4304 μικρὸν
3221 4234 3278 4286 ἐν
3307 4235 3422 4296 ταῖς
3443 4231 3669 4304 χώραις,

2106 4319 2166 4378 οὗ
2199 4324 2264 4377 ἂν
2310 4323 2628 4379 εἰσέλθωσιν,
2651 4327 2786 4377 ἐκεῖ.
2817 4343 2836 4375 ι
2890 4325 2998 4376 Καὶ
3025 4323 3256 4377 ἐνταῦθα
3302 4325 3504 4395 ἐτέρως
3541 4323 3666 4385 τοὺς

2107 4418 2299 4480 αὐτοὺς
2328 4416 2615 4488 κέκληκεν,
2655 4435 2675 4467 ι
2707 4415 2949 4486 ἁγίασμα
2986 4416 3178 4486 μικρὸν
3213 4436 3230 4468 ι
3267 4415 3434 4469 είπὼν
3453 4417 3577 4478 τοὺς
3611 4415 3672 4482 ἐξ

440 4517 508 4559 ex
540 4504 646 4558 illis
695 4506 1024 4576 superstites
1046 4508 1288 4562 mansuri
1321 4508 1434 4563 sint
1470 4517 1525 4564 et
1552 4508 1853 4565 incolumes
1878 4510 1948 4566 ⁸⁸.
1977 4528 1997 4562 ι

2108 4506 2284 4561 αὐτῶν
2310 4506 2824 4576 ἀνασωθησομένους
2854 4507 2946 4560 καὶ
2970 4506 3545 4578 ὑπολειφθησομένους.

955 4617 1135 4673 LVIII.
1175 4621 1252 4673 Ab
1283 4621 1482 4677 eodem.

509 4721 532 4757 ι
561 4703 628 4757 Et
674 4720 864 4762 omnes
917 4710 1276 4779 suscipientes
1321 4727 1416 4767 eos
1443 4712 1552 4783 85
1592 4713 1894 4784 dispergam
1947 4715 2002 4768 in

435 4815 654 4855 omnem
693 4808 948 4856 ventum:
978 4813 1031 4858 et
1069 4803 1307 4875 gladium
1351 4804 1620 4860 effundam
1652 4821 1682 4859 a
1719 4815 1867 4876 tergo
1903 4823 2001 4862 co-

438 4904 579 4952 rum,
629 4897 685 4945 et
727 4901 1060 4961 cognoscent
1091 4894 1238 4965 quod
1285 4911 1386 4966 ego
1418 4894 1701 4960 Dominus,
1745 4897 1873 4956 dum
1906 4898 2001 4952 di-

436 4996 684 5051 spergam
731 4997 826 5037 eos
868 4984 1010 5040 inter
1048 4994 1258 5056 gentes,
1311 4995 1365 5042 et
1404 4987 1772 5052 disseminabo
1811 5005 1907 5045 eos
1943 4991 1996 5044 in

435 5073 755 5142 regionibus
783 5095 795 5131 :
828 5084 881 5132 et
922 5078 1226 5149 relinquam
1280 5095 1342 5134 cx
1385 5081 1466 5137 eis
1499 5082 1650 5137 viros
1682 5081 1738 5135 iu
1770 5097 1998 5138 numero

433 5177 501 5216 es
542 5164 744 5234 gladio,
785 5176 840 5221 et
883 5183 949 5223 ex
995 5167 1157 5233 fame,
1201 5176 1257 5224 et
1297 5185 1365 5227 ex
1411 5179 1626 5229 morte:
1654 5181 1712 5228 ut
1742 5183 1997 5230 enarrent

433 5267 623 5309 omnes
655 5255 972 5326 iniquitates
1007 5274 1136 5315 suas
1165 5260 1221 5314 in
1250 5261 1524 5330 gentibus,
1558 5278 1886 5334 quocunque
1913 5266 1998 5318 in-

432 5343 608 5412 gressi
635 5345 839 5400 fuerint
869 5347 1002 5402 illuc
1038 5368 1050 5402 :
1081 5359 1138 5404 et
1161 5359 1491 5420 cognoscent
1510 5353 1654 5421 quod
1686 5368 1790 5422 ego
1817 5352 2000 5406 Domi-

438 5450 540 5487 uus
568 5437 634 5490 ⁸⁸.
667 5456 686 5489 ι
737 5437 796 5494 In
847 5445 1018 5497 totius
1053 5443 1235 5513 populi
1285 5443 1657 5514 dispersione,
1700 5447 1866 5501 etiam
1909 5446 1998 5500 hic

437 5523 538 5577 sibi
576 5525 679 5596 ipsi
717 5530 1036 5586 relicturum
1084 5533 1159 5587 ait
1187 5549 1392 5604 paucos
1438 5550 1687 5599 numero,
1722 5551 1828 5588 non
1860 5536 1997 5590 alios

434 5619 622 5685 Hique
652 5621 984 5689 signiﬁcans,
1023 5641 1199 5696 quam.
1223 5643 1340 5691 eos,
1378 5629 1468 5697 qui
1498 5629 1736 5698 praedicti
1773 5636 1918 5684 sunt.

2546 4621 2676 4672 NH'.
2727 4621 2857 4672 Ἀπὸ
2887 4619 2992 4673 τοῦ
3021 4620 3226 4673 αὐτοῦ,

2181 4732 2199 4766 ι
2241 4712 2350 4766 Καὶ
2382 4711 2591 4773 πάντας
2614 4711 2738 4773 τοὺς
2759 4709 3322 4780 ἀντιλαμϐανομένους
3353 4711 3530 4764 αὐτῶν
3553 4711 3670 4765 δια-

2106 4803 2294 4875 σπερῶ
2320 4804 2399 4866 είς
2427 4802 2605 4861 πάντα
2630 4803 2848 4872 ἄνεμον,
2879 4802 2973 4871 καὶ
2998 4801 3271 4872 ῥομφαίαν
3296 4801 3472 4872 ἐκχεῶ
3500 4802 3673 4857 ὀπίσω

2106 4896 2302 4956 αὐτῶν,
2327 4896 2421 4948 καὶ
2441 4893 2849 4962 ἐπιγνώσονται,
2877 4894 2957 4946 ὃτι
2979 4892 3090 4960 ἐγὼ
3115 4891 3336 4964 Κύριος,
3369 4895 3426 4946 ἐν
3456 4893 3534 4964 τῷ
3562 4893 3671 4948 δια-

2108 4987 2397 5057 σκορπίσαι
2431 5003 2497 5056 με
2522 4987 2579 5038 ὲν
2610 4988 2718 5048 τοῖς
2743 4984 2940 5047 ἔθνεσι,
2973 4984 3065 5038 ita).
3091 4983 3364 5054 διασπερῶ
3394 4984 3588 5047 αὐτοὺς
3612 4985 3672 5038 ὲν

2106 5081 2223 5142 ταῖς
2265 5078 2486 5150 χώραιςο
2531 5079 2624 5130 καὶ
2653 5076 3008 5146 ὑπολείψομαι
3058 5074 3116 5139 ἐξ
3157 5075 3334 5128 αὐτῶν
3370 5076 3569 5148 ἄνδρας
3613 5077 3671 5128 ἐν

2106 5170 2324 5243 ἀριθμῷ
2349 5173 2411 5223 ἐκ
2441 5169 2733 5242 ῥομφαίας,
2771 5167 2865 5220 καὶ
2893 5171 2957 5223 ἐκ
2995 5166 3174 5238 λιμοῦ,
3204 5168 3295 5220 καὶ
3321 5168 3384 5221 ἐκ
3418 5167 3668 5231 θανάτου,

2105 5263 2252 5325 ὅπως
2288 5261 2718 5331 ἐκδιηγήσωνται
2757 5260 2932 5324 πάσας
2973 5258 3072 5321 τὰς
3117 5258 3345 5329 ἀνομίας
3395 5259 3573 5314 αὐτῶν
3611 5263 3670 5312 ὲν

2105 5359 2214 5418 τοῖς
2247 5355 2474 5415 ἔθνεσιν,
2524 5345 2586 5405 οὗ
2633 5353 2701 5405 ἂν
2739 5352 3049 5406 εἰσέλθωσιν
3078 5353 3209 5405 ἐκεί⁸
3253 5353 3346 5405 καί⁷
3374 5351 3670 5420 γνώσονται

2103 5449 2184 5500 ὅτι
2237 5445 2349 5514 ἐγὼ
2394 5443 2615 5515 Κύριος.
2661 5463 2678 5495 ι
2740 5445 2861 5497 Ἐπὶ
2898 5447 2964 5515 τῇ
3008 5442 3100 5496 τοῦ
3145 5443 3342 5507 παντὸς
3395 5444 3524 5497 λαοῦ
3557 5445 3672 5500 διαε-

2106 5539 2282 5609 σπορᾷ
2316 5537 2411 5590 καὶ
2448 5536 2542 5588 νῦν
2582 5536 2965 5603 ὑπολείψεσθαι
2999 5534 3176 5604 ἐαυτῷ
3209 5535 3420 5603 ὀλίγους
3449 5535 3668 5606 ἀριθμῷ

2107 5645 2290 5697 φησιν,
2327 5627 2431 5680 οὐδ’
2454 5627 2519 5700 [Ῐ.
2540 5628 2663 5699 οὐκ]
2700 5628 2888 5690 ἄλλους
2905 5627 3078 5699 δηλῶν
3100 5626 3204 5679 τῶν
3236 5627 3666 5697 προειρημένων.

501 5771 544 5810 ⁸³
570 5769 676 5838 δεῖ.
716 5791 762 5841 v,
797 5775 944 5831 6-10.
1023 5780 1065 5811 ⁸³
1097 5778 1288 5837 Ειοςὴ.
1328 5799 1399 5847 vl,
1433 5781 1544 5841 7-9.
1624 5786 1668 5818 ⁸³
1696 5783 1892 5842 Ειεοιι.
1929 5800 2001 5850 x1,

2108 5822 2114 5838 .
2194 5787 2238 5818 ⁵⁵
2268 5783 2463 5842 Ειοειι.
2493 5799 2590 5845 xu.
2630 5783 2810 5838 ιιι-ιδ.
