4126 6420
376 446 476 507 161

819 563 942 616 NG’.
981 562 1113 617 Ἀπὸ
1164 559 1270 615 τοῦ
1301 563 1506 622 αὐτοῦ.

451 680 470 713 ι
508 658 645 713 Τάδε
678 657 825 727 λέγει
889 654 1113 709 ’Δδωνατ
1154 654 1389 726 Κύριος·
1455 652 1580 707 Ἐὰν
1618 653 1676 707 δὲ
1717 652 1812 708 καὶ
1855 651 1953 716 τάς

393 754 662 824 τέσσαρας
713 750 1021 820 ὲκδικήσεις
1071 763 1171 818 μου
1214 745 1314 809 τὰς
1344 743 1606 819 πονηρὰς,
1653 743 1950 816 ῥομφαίαν,

376 846 473 901 καὶ
501 843 677 916 λιμὸν,
738 843 832 896 καὶ
872 840 1037 912 θηρία
1075 838 1309 910 πονηρὰ,
1348 837 1442 891 κοιλ⁸
1478 837 1706 892 θάνατον
1753 836 1952 904 ἐξαπο-

380 936 551 992 στελῶ
595 934 687 989 ἐπὶ
738 931 1112 1006 Ἰερουσαλὴμ,
1160 929 1255 985 τοῦ
1287 928 1659 1001 ὲξολοθρεῦσαι
1698 926 1759 994 ἐξ
1786 926 1953 999 αύτῆς

379 1029 662 1101 ἄνθρωπον
723 1025 820 1079 καὶ
863 1025 1079 1094 κτῆνος,
1128 1023 1222 1077 καὶ
1257 1022 1366 1077 ἰδοὺ
1409 1020 1856 1093 ὑπολελειμμένοί
1895 1023 1954 1076 ὲν

379 1121 537 1192 αὐτῇ,
572 1117 1070 1187 οί.ἀνασεσωμένοι.
1116 1133 1136 1167 ›
1176 1113 1344 1169 Οὐδὲν
1393 1114 1459 1168 ἂν
1505 1114 1600 1168 καὶ
1639 1112 1813 1168 ταῦτα
1839 1112 1955 1169 διεμ

379 1211 530 1283 φέροι
564 1208 671 1263 τῶν
710 1205 1144 1279 προειρημένων.

844 1297 921 1354 Ξθ.
965 1298 1096 1354 Ἀπὸ
1136 1296 1247 1352 τοῦ
1274 1296 1482 1352 αὐτοῦ.

448 1413 467 1447 ι
498 1393 683 1457 Οὕτως
744 1390 916 1464 κρινῶ
954 1391 1120 1462 ὑμᾶς,
1184 1389 1335 1457 λέγει
1376 1388 1602 1469 Κύριος,
1649 1387 1744 1441 καὶ
1789 1385 1955 1452 διάξω

375 1486 517 1560 ὑμᾶς
548 1486 653 1540 ὑπὸ
672 1484 770 1556 τὴν
820 1483 1015 1557 ῥάὁδον
1052 1500 1177 1555 μου,
1207 1483 1302 1536 καὶ
1349 1481 1548 1549 εἰσάξω
1580 1480 1726 1552 ὑμᾶς
1754 1481 1812 1533 ἐν
1835 1479 1955 1549 ἀρι-

375 1578 499 1651 θμῷ
545 1579 645 1649 τῆς
685 1577 960 1649 Διαθήκης
1007 1594 1131 1649 μου,
1174 1578 1271 1631 καὶ
1317 1575 1521 1643 ὲκλέξω
1552 1574 1612 1640 ἐξ
1648 1573 1802 1647 ὑμῶν
1828 1574 1955 1638 τοὺς

373 1670 750 1741 ἀφεστηκότας
772 1668 866 1722 καὶ
887 1668 1012 1732 τοὺς
1035 1666 1252 1732 ἀσεϐεῖς
1270 1684 1282 1698 ·
1306 1658 1443 1734 διότι,
1459 1669 1524 1721 ὲκ
1537 1666 1639 1738 τῆς
1666 1667 1955 1740 παροικίας

377 1764 556 1818 αὐτῶν
600 1763 774 1831 ὲξάξω
824 1762 1039 1828 αὐτοὺς,
1089 1763 1184 1817 καὶ
1233 1763 1312 1826 είς
1340 1761 1436 1835 τὴν
1473 1762 1578 1834 γῆν
1607 1760 1701 1816 τοῦ
1743 1761 1956 1834 Ἰσραὴλ

375 1856 476 1910 οὐκ
525 1855 940 1910 εἰσελεύσονται.
979 1875 997 1906 ι
1044 1853 1237 1925 Σαφῶς
1274 1854 1369 1908 καὶ
1397 1856 1455 1908 ὲν
1486 1853 1699 1920 τούτοις
1737 1852 1959 1927 ἀριθμῷ

1284 432 1937 492 DEMONSTRATIONIS
1975 432 2437 492 EVANGELICAE
2476 436 2603 495 LIB.
2645 438 2709 499 ll.

1986 564 2033 622 A

3529 446 3627 504 Im

2597 562 2733 617 LIX.
2775 562 2855 616 Ab
2903 562 3101 619 eodem.

2052 702 2057 706 .
2129 669 2149 703 ι
2193 650 2317 708 Haec
2373 652 2510 710 dicit
2557 654 2769 712 Adonai
2825 654 3090 713 Dominus
3126 674 3140 711 :
3170 654 3324 724 Quod
3371 660 3416 713 si
3462 658 3627 715 etiam

2053 753 2288 813 quatuor
2305 743 2539 801 ultiones
2554 759 2706 802 meas
2734 745 2926 811 malas,
2959 746 3218 817 gladium,
3249 755 3304 804 et
3335 746 3551 816 famem,
3573 757 3631 807 et

2053 833 2259 890 bestias
2289 833 2483 901 malas,
2518 842 2573 891 et
2594 845 2844 891 mortem
2892 838 3127 894 emisero
3175 853 3337 908 super
3369 837 3629 896 Hierusa-

2053 925 2183 991 lem,
2218 927 2289 982 ad
2315 927 2647 998 perdendum
2688 945 2752 984 ex
2793 944 2856 985 ea
2884 930 3161 986 hominem
3203 937 3257 986 et
3294 930 3623 1001 jumentum,

2053 1027 2108 1076 et
2132 1034 2261 1075 ecce
2287 1019 2380 1091 qui
2411 1019 2585 1077 relicti
2620 1019 2826 1075 fuerint
2858 1023 2914 1076 in
2942 1036 3027 1085 ea,
3059 1022 3153 1093 qui
3184 1022 3493 1078 conservati
3522 1019 3567 1056 ⁸⁷
3602 1043 3622 1077 ι

2053 1120 2107 1169 et
2144 1119 2360 1170 caetera;
2397 1111 2523 1168 Haec
2551 1128 2770 1185 quoque
2790 1114 2928 1169 nihil
2958 1115 3120 1184 plane
3142 1115 3211 1170 ab
3243 1114 3311 1171 iis
3336 1129 3458 1186 quae
3489 1129 3629 1185 pra:-

2054 1204 2201 1269 dicta
2222 1211 2374 1270 sunt,
2403 1204 2682 1260 differunt.

2604 1295 2718 1352 LX.
2762 1295 2840 1350 Ab
2879 1296 3079 1352 eodem.

2128 1407 2148 1441 ι
2195 1388 2289 1444 Sic
2318 1388 2580 1460 iudicabo
2611 1403 2731 1455 vos,
2762 1389 2898 1445 dicit
2926 1387 3193 1446 Dominus
3238 1408 3253 1445 :
3285 1398 3340 1446 et
3363 1388 3629 1447 deducam

2053 1498 2152 1539 vos
2176 1483 2279 1539 sub
2312 1482 2519 1553 virgam
2548 1496 2723 1537 meam
2761 1497 2776 1535 :
2810 1488 2866 1538 et
2897 1482 3160 1538 adducam
3195 1492 3295 1538 vos
3322 1484 3378 1538 in
3403 1497 3633 1542 numero

2055 1573 2529 1651 Testamentilmei
2579 1592 2594 1631 :
2631 1571 2697 1629 Et
2742 1573 2937 1646 eligam
2990 1589 3060 1629 ex
3105 1574 3262 1631 vobis
3310 1575 3543 1634 rebelles
3575 1585 3634 1633 ct

2056 1667 2276 1738 impios,
2308 1667 2567 1737 quoniam
2596 1678 2664 1722 ex
2695 1666 3135 1738 peregrinatione
3162 1666 3354 1724 eorum
3398 1668 3630 1727 educam

2054 1776 2170 1827 eos,
2198 1766 2253 1815 et
2295 1760 2352 1814 in
2397 1766 2599 1816 terram
2640 1757 2808 1816 Israel
2844 1773 2953 1814 non
2999 1759 3376 1831 ingredientur
3411 1761 3478 1818 ⁸⁸.
3517 1781 3538 1815 ι
3569 1759 3634 1818 In

2055 1852 2141 1908 his
2173 1867 2390 1922 quoque
2416 1850 2724 1922 perspicue,
2775 1850 3001 1922 exiguos
3030 1866 3263 1907 numero
3292 1853 3395 1909 sub
3424 1852 3633 1926 virgam

377 1948 596 2020 βραχεῖς
623 1946 727 2000 ὑπὸ
743 1947 841 2019 τὴν
875 1947 1068 2019 ῥάϐδον
1097 1917 1187 2001 τοῦ
1217 1917 1352 2001 Θεοῦ
1384 1917 1837 2019 γενήσεσθαι,ὲπὶ
1870 1917 1953 2018 ’τῶ

2058 1943 2154 1999 Dei
2179 1917 2441 2000 venturos
2474 1917 2724 2009 aﬁirntat,
2750 1917 2891 1998 dunt
2915 1944 3112 2015 reliqui
3141 1960 3206 1998 ex
3238 1940 3405 2001 Israel
3440 1959 3470 1999 a
3502 1917 3633 2017 pro-

374 2043 500 2105 τοὺς
554 2040 775 2104 λοιποὺς
806 2039 900 2094 τοῦ
947 2039 1161 2112 Ἰσραὴλ
1191 2039 1586 2094 ἀποπεσεὶσθαι
1628 2039 1738 2094 τῶν
1783 2039 1956 2108 ἐπαγ·-

374 2129 588 2199 γελιῶν,
650 2130 1006 2205 μαρτύρεται.
1054 2130 1213 2184 Ἀλλά
1266 2129 1372 2203 γὰρ
1420 2128 1726 2194 ἀποδείξας,
1753 2128 1835 2182 ὅτι
1877 2129 1953 2204 μὴ

374 2224 447 2287 ὡς
489 2222 677 2294 ἔτυχεν
729 2223 1057 2294 ἀδιακρίτως
1124 2223 1289 2277 πᾶσιν
1331 2220 1519 2285 ἁπλῶς
1562 2222 1675 2286 τοῖς
1709 2219 1820 2274 ἀπὸ
1858 2219 1954 2275 τοῦ

387 2314 655 2369 Ἰουδαίων
681 2314 865 2379 ἔθνους
897 2314 1121 2384 φαύλοις
1147 2331 1205 2366 τε
1236 2312 1332 2366 καί⁸
1353 2311 1597 2374 ἀσεϐέσι,
1630 2310 1727 2365 καὶ
1749 2313 1861 2374 τοῖς
1880 2310 1954 2382 μὴ

373 2406 635 2470 τοιούτοις
665 2406 762 2470 τὰς
787 2405 895 2460 τῶν
945 2404 1166 2476 ἀγαθῶν
1198 2403 1530 2473 ἐπαγγελίας
1562 2402 1612 2456 οἱ
1645 2401 1777 2456 θεῖοι
1808 2402 1954 2472 λόγοι

374 2498 789 2572 προεθέσπιζον,
807 2499 1051 2562 σπανίοις
1078 2497 1135 2550 δὲ
1157 2495 1338 2550 αὐτῶν
1354 2496 1449 2549 καὶ
1473 2493 1690 2568 ἀριθμῷ
1708 2494 1952 2566 ληπτοῖς,

373 2594 492 2666 ἦτοι
517 2595 631 2657 τοῖς
651 2593 729 2657 είς
750 2592 840 2646 τὸν
868 2590 1098 2664 Σωτῆρα
1137 2593 1231 2645 καὶ
1267 2588 1474 2662 Κύριον
1508 2588 1664 2661 ἡμῶν
1687 2589 1747 2654 ἐξ
1778 2587 1955 2642 αὐτῶν

373 2686 816 2751 πεπιστευκόσιν,
852 2685 885 2756 ἢ
941 2687 1051 2749 τοῖς
1082 2686 1188 2757 πρὸ
1214 2672 1312 2756 τῆς
1349 2681 1650 2756 παρουσίας
1678 2682 1847 2737 αὐτοῦ
1877 2682 1957 2737 δεέι

371 2779 771 2851 διωιωμένοις,
824 2779 1113 2851 αὐτάρκως
1163 2778 1400 2850 ἠγοῦμαι
1445 2776 1832 2848 δεδηλωκέναι,
1873 2776 1954 2831 ὅτι

377 2870 452 2944 μὴ
477 2871 805 2944 ἀδιακρίτως
849 2873 928 2935 είς
961 2870 1207 2934 ἅπαντας
1250 2870 1539 2934 Ἰουδαίους
1559 2869 1629 2923 τὰ
1664 2869 1773 2923 τῶν
1795 2869 1955 2924 θείων

373 2963 716 3033 ἐπαγγελιῶν
785 2962 1106 3035 ἐπληροῦτο,
1142 2963 1237 3017 καὶ
1287 2962 1370 3017 ὃτι
1408 2962 1481 3034 μὴ
1512 2960 1711 3033 μᾶλλον
1749 2962 1953 3028 αὐτοῖς,

372 3055 407 3127 ἢ
444 3059 556 3121 τοῖς
575 3056 634 3125 ἐξ
658 3056 827 3111 ἐθνῶν
845 3057 935 3110 τὸν
957 3048 1189 3128 Χριστὸν
1214 3055 1308 3109 τοῦ
1332 3054 1467 3109 Θεοῦ
1492 3054 1956 3127 παραδεξαμένοις

371 3148 441 3203 τὰ
468 3149 574 3204 τῶν
601 3148 896 3222 προφητῶν
916 3149 1249 3221 ἐφαρμόττει
1275 3148 1451 3218 λόγια.
1485 3147 1581 3213 Τίς
1607 3148 1665 3202 δὲ
1695 3145 1765 3221 ἦν
1793 3147 1955 3220 ήτῶν

2056 2036 2241 2093 missis
2270 2037 2486 2093 cadent.
2518 2036 2587 2091 At
2617 2035 2762 2091 enim
2794 2051 2919 2091 cum
2948 2037 3384 2092 demonstratum
3409 2052 3438 2092 a
3473 2040 3635 2095 nobis

2055 2130 2129 2185 sit
2154 2144 2263 2184 non
2292 2127 2540 2195 fortuito,
2569 2140 2752 2199 neque
2796 2127 3091 2186 indiscrete
3143 2130 3399 2186 omnibus
3427 2131 3635 2201 simpli-

2054 2218 2190 2273 citer
2221 2217 2463 2273 Iudaicae
2490 2218 2669 2289 gentis
2697 2232 2823 2274 cum
2855 2217 3066 2274 vitiosis
3095 2229 3259 2290 atque
3286 2217 3492 2288 impiis,
3520 2229 3633 2274 tum

2053 2311 2218 2366 etiam
2270 2310 2341 2366 iis
2397 2309 2492 2380 qui
2529 2310 2668 2366 tales
2694 2325 2824 2371 .non
2860 2310 2992 2373 sint,
3023 2313 3250 2367 oracula
3275 2311 3480 2377 divina,
3512 2312 3641 2369 illas

2053 2401 2321 2457 bonorum
2350 2401 2743 2472 promissioues
2771 2401 3062 2464 cecinisse,
3100 2402 3194 2458 sed
3223 2403 3416 2473 paucis
3444 2417 3634 2459 eorum

2055 2492 2322 2548 duntaxat
2351 2500 2405 2548 et
2446 2492 2608 2548 facile
2636 2494 3089 2560 ntimerabilibus,
3121 2494 3191 2551 iis
3222 2494 3496 2560 videlicet,
3541 2495 3638 2567 qui

2057 2585 2113 2639 in
2144 2584 2487 2641 Salvatorem
2535 2593 2590 2641 et
2638 2576 2932 2640 Dominum
2982 2593 3230 2641 nostrum
3282 2585 3638 2652 crediderint,

2055 2684 2151 2733 aut
2198 2677 2268 2733 iis
2306 2677 2401 2750 qui
2446 2687 2574 2735 ante
2619 2678 2741 2749 ejus
2772 2678 3067 2737 adventum
3106 2680 3242 2751 justi
3272 2681 3453 2739 eﬂ‘ecti
3503 2684 3635 2742 sint.

2055 2770 2286 2829 Abunde
2335 2786 2438 2828 nos
2489 2771 2728 2827 arbitror
2777 2771 3111 2841 declarasse,
3168 2774 3636 2846 quemadmodum

2054 2877 2121 2919 ea
2164 2879 2287 2934 quae
2332 2864 2401 2919 ad
2428 2862 2706 2935 promissa
2737 2863 2924 2919 divina
2957 2866 3259 2937 pertinent,
3287 2882 3396 2924 non
3421 2868 3639 2925 inditis-

2054 2963 2240 3012 renter
2254 2956 2310 3013 in
2321 2956 2577 3012 omnibus
2590 2953 2812 3022 Iudaeis,
2833 2955 2994 3013 ﬁnem
3026 2959 3364 3030 acceperint:
3383 2968 3438 3016 et
3454 2976 3639 3033 quem-

2055 3047 2351 3102 admodum
2381 3062 2493 3103 non
2536 3047 2674 3119 ipsis
2721 3048 2916 3118 magis,
2947 3063 3110 3118 quam
3162 3050 3230 3104 iis
3273 3050 3366 3121 qui
3394 3050 3464 3106 de
3506 3062 3639 3122 gen-

2056 3139 2205 3196 tihus
2234 3147 2611 3206 assumuntur,
2648 3140 2741 3194 uhi
2780 3137 3063 3197 Christum
3109 3140 3203 3198 Dei
3252 3150 3635 3215 susceperunt,

373 3239 533 3297 θείων
568 3241 911 3312 ἐπαγγελιῶν
945 3242 1170 3305 διάνοια,
1205 3239 1349 3295 κατά
1385 3240 1578 3313 καιρὸν
1640 3241 1735 3296 τὸν
1780 3258 1953 3314 προσ-

2057 3233 2448 3305 prophetarum
2486 3243 2752 3305 responsa
2798 3235 3145 3289 conveniant.
3182 3235 3359 3291 Porro
3385 3251 3637 3307 quanam

380 3335 580 3405 ἥκοντα
629 3337 983 3408 παραστήσω.
1040 3333 1226 3387 Ταῦτα
1255 3333 1312 3386 δὲ
1368 3330 1449 3397 ὡς’
1502 3333 1815 3403 ἀναγκαίως
1866 3351 1955 3405 μοι

377 3426 712 3480 συνείλεκται
742 3428 819 3492 είς
858 3426 1078 3497 ἔλεγχον
1120 3425 1227 3480 τῶν
1253 3426 1317 3478 ὲκ
1355 3424 1677 3497 περιτομῆς,
1705 3425 1798 3478 ὑπ’
1834 3424 1958 3478 50.6-

375 3534 475 3588 γου
508 3518 875 3590 μεγαλαυχίας
936 3519 1116 3591 μόνοις
1161 3519 1344 3583 αὐτοῖς
1377 3515 1466 3572 τὸν
1496 3502 1726 3589 Χριστὸν
1771 3517 1959 3589 ἐπιδη-

379 3611 591 3682 μήσειν,
626 3602 745 3682 οὐχὶ
762 3611 816 3664 δὲ
843 3613 936 3665 καὶ
981 3614 1147 3666 πᾶσιν
1190 3602 1496 3683 ἀνθρώποις
1529 3608 1956 3681 ὲπαυθαδιζομέ-

375 3719 504 3767 νων,
536 3701 615 3766 είς
641 3719 700 3756 τε
725 3702 999 3770 ἀπόδειξιν
1037 3692 1135 3774 τῆς
1167 3702 1324 3774 ήμῶν
1349 3701 1529 3756 αὐτῶν
1561 3699 1689 3772 περὶ
1717 3700 1787 3755 τὰ
1814 3700 1958 3755 ὲκεί-

375 3810 482 3847 νων
515 3792 669 3863 λόγια
721 3795 943 3864 εὐλόγου
979 3796 1233 3865 σπουδῆς.
1266 3794 1501 3868 Συνέστη
1529 3794 1585 3848 δέ
1614 3813 1704 3867 μοι
1743 3794 1829 3848 διά
1860 3792 1954 3848 τοῦ

377 3885 488 3958 πρὸ
509 3886 699 3939 τούτου
724 3886 1152 3958 συγγράμματος
1181 3887 1274 3940 καὶ
1306 3886 1366 3940 τὸ
1397 3887 1567 3940 αἴτιον
1586 3886 1681 3941 τοῦ
1710 3887 1785 3959 μὴ
1829 3887 1957 3939 ’ἰου-

373 3978 577 4043 δαΐζειν
610 3980 778 4051 ἡμᾶς,
812 3980 908 4032 καὶ
951 3979 1119 4032 ταῦτα
1140 3982 1260 4042 ταῖς
1293 3978 1470 4033 αὐτῶν
1506 3978 1795 4049 χαίροντας
1825 3994 1957 4050 προ-

374 4074 629 4143 φητικαῖς
663 4072 927 4141 Γραφαῖς.
983 4070 1141 4124 Ἀλλὰ
1196 4072 1291 4125 καὶ
1310 4071 1492 4135 ὁποῖος
1541 4075 1568 4125 ό
1595 4071 1708 4142 βίος
1754 4070 1957 4141 τυγχά-

373 4178 473 4226 νει,
508 4164 536 4215 ὁ
561 4160 648 4216 διά
678 4161 772 4214 τοῦ
818 4160 1054 4233 Χριστοῦ
1094 4162 1229 4215 πᾶσι
1256 4162 1370 4225 τοῖς
1401 4160 1577 4215 ἔθνεσι
1606 4160 1957 4233 κεκηρυγμέ-

373 4271 483 4318 νος,
513 4254 547 4325 ἥ
577 4271 636 4307 τε
701 4253 997 4325 ἀρχαιότης
1042 4252 1136 4306 τοῦ
1194 4254 1397 4325 τρόπου
1438 4254 1545 4325 ,τῆς
1595 4253 1954 4325 εὐαγγελικῆς

374 4346 670 4411 πολιτείας,
703 4346 779 4410 ὡς
832 4339 945 4400 οἷόν
985 4363 1045 4400 τε
1074 4341 1162 4417 ἦν,
1194 4346 1252 4399 ὲν
1288 4346 1435 4418 αὐτῷ
1470 4346 1776 4418 διελήλυθα.
1820 4346 1957 4399 Τού-

373 4458 480 4495 των
511 4441 556 4493 δ’
584 4442 715 4512 ἡμῖν
746 4438 1157 4511 προηνυμένων,
1187 4439 1288 4511 ἤδη
1324 4434 1451 4494 ποτὲ
1490 4439 1680 4512 καιρὸς
1712 4439 1956 4511 ἀπορρη-

370 4531 608 4603 τοτέρων
631 4530 868 4601 ἅψασθαι
893 4529 1088 4600 λόγων,
1114 4529 1224 4585 τῶν
1254 4531 1381 4602 περὶ
1407 4529 1507 4601 τῆς
1531 4529 1673 4583 κατά
1707 4529 1799 4583 τὸν
1835 4530 1952 4583 Σω-

2061 3325 2226 3381 fuerit
2252 3325 2564 3380 divinorum
2605 3328 2999 3398 promissorum
3052 3327 3166 3399 86
3218 3328 3510 3395 sententia,
3544 3329 3639 3385 ubi

2061 3425 2279 3490 tempus
2321 3419 2425 3475 erit
2447 3419 2757 3474 ostendam.
2776 3410 2904 3476 Haec
2920 3427 3101 3474 autem
3125 3434 3294 3490 prope
3323 3422 3640 3478 necessario

2058 3522 2091 3563 a
2112 3523 2199 3563 me
2216 3508 2442 3564 collecta
2467 3514 2688 3578 sunt,ut
2704 3510 3028 3583 redarguam
3057 3523 3152 3566 eos
3182 3510 3275 3580 qui
3307 3508 3375 3565 ad
3404 3508 3639 3565 circum-

2059 3597 2323 3653 cisionem
2364 3598 2657 3669 pertinent,
2689 3600 2926 3669 quadam
2957 3598 3107 3653 inani
3145 3598 3411 3668 jactantia
3438 3599 3635 3665 elatos,

2057 3698 2113 3746 et
2146 3689 2216 3744 ad
2263 3705 2323 3747 se
2363 3692 2511 3745 solos
2539 3690 2844 3756 Christum,
2888 3704 3000 3745 non
3031 3689 3098 3745 ad
3144 3705 3337 3745 omnes
3384 3679 3637 3746 homines

2056 3789 2349 3839 venturum
2372 3782 2725 3853 pertinaciter
2750 3783 3070 3854 gloriantes,
3104 3796 3205 3836 nec
3235 3797 3344 3836 non
3377 3788 3437 3836 ut
3456 3789 3616 3838 osten

2057 3875 2181 3930 dam
2231 3863 2445 3947 magna
2472 3889 2597 3930 cum
2640 3875 2854 3930 ratione
2902 3889 3026 3931 esse
3060 3872 3303 3929 studium
3358 3880 3612 3929 nostrum

2057 3981 2181 4023 cum
2214 3967 2383 4022 libros
2417 3966 2637 4021 illorum
2665 3975 2719 4021 et
2756 3965 2977 4021 oracula
3003 3964 3273 4020 versando
3314 3971 3633 4019 tractamus.

2056 4059 2369 4116 Constituta
2407 4067 2491 4113 est
2531 4073 2564 4113 a
2594 4071 2681 4112 me
2725 4057 2866 4112 libro
2906 4056 3190 4126 superiore
3230 4070 3415 4121 causa,
3447 4069 3548 4109 cur
3577 4055 3634 4109 in

2056 4167 2268 4207 morem
2305 4149 2593 4205 Iudaicum
2622 4154 2732 4204 non
2777 4148 3098 4213 recidimus,
3142 4147 3361 4203 tametsi
3393 4145 3632 4218 prophe-

2056 4243 2181 4299 ticis
2240 4243 2458 4298 illorum
2507 4242 2729 4313 scriptis
2779 4241 3100 4313 gaudemus,
3127 4255 3229 4295 nec
3256 4239 3385 4294 item
3426 4238 3632 4305 minus,

2057 4336 2365 4407 cujusmodi
2403 4349 2469 4392 ea
2507 4333 2579 4391 sit
2603 4334 2736 4399 vita,
2777 4348 2898 4404 quae
2935 4331 3155 4388 Christo
3181 4340 3428 4399 auctore,
3455 4329 3637 4386 omni-

2057 4427 2160 4483 bus
2202 4426 2455 4498 Sentibus
2487 4424 2739 4480 nuntiata
2782 4422 3186 4494 pmdicataque
3230 4420 3324 4485 sit,
3359 4430 3636 4490 quamque

2058 4521 2281 4591 antiqua
2325 4519 2400 4575 sit
2431 4518 2758 4589 evangelica:
2796 4515 3107 4588 reipublicae
3137 4514 3300 4578 ratio,
3351 4512 3410 4567 in
3438 4510 3635 4568 eodem

371 4602 517 4695 τῆρα
546 4625 640 4677 καὶ
663 4614 869 4694 Κύριον
897 4622 1055 4696 ἡμῶν
1088 4621 1297 4694 Ἰησοῦν
1323 4622 1413 4676 τὸν
1435 4623 1671 4694 Χριστὸν
1690 4620 1785 4675 τοῦ
1814 4620 1950 4675 Θεοῦ

2056 4612 2342 4683 explanavi
2386 4625 2486 4683 pro
2532 4609 2768 4667 viribus.
2818 4608 3160 4679 Quapropter
3208 4605 3302 4677 qui
3356 4604 3474 4659 hﬁc
3532 4602 3634 4657 alio

377 4713 647 4784 μυστικῆς
667 4713 996 4785 οἰκονομίας,
1030 4714 1125 4768 καὶ
1147 4714 1222 4778 ὡς
1247 4712 1312 4768 ἂν
1341 4712 1605 4784 μάθοιμεν
1632 4710 1723 4766 διὰ
1749 4702 1804 4765 τί
1830 4709 1946 4777 νῦν,

372 4801 487 4857 ἀλλ’
507 4802 569 4855 οὐ
612 4805 717 4874 πρὸ
747 4806 955 4873 τούτου,
984 4806 1083 4878 τὴν
1111 4807 1191 4870 εἰς
1212 4805 1798 4878 ἀπαντας“ἀνθρώπους
1826 4807 1948 4859 ἐπι-

374 4898 601 4967 φάνειαν
638 4899 802 4951 αὑτοῦ
829 4900 1113 4971 πεποίητο,
1144 4901 1237 4955 καὶ
1266 4901 1316 4954 τί
1352 4901 1413 4954 τὸ
1446 4901 1615 4954 αἴτιον
1635 4894 1705 4971 ἦν
1738 4899 1832 4952 τοῦ
1872 4899 1946 4971 μὴ

372 4991 540 5045 πάλαι
596 4986 877 5062 πρότερον,
929 4991 1154 5064 ἔναγχος
1188 4992 1242 5046 δὲ
1286 4992 1379 5047 καὶ
1428 4990 1564 5063 μετὰ
1604 4990 1696 5045 τὸν
1740 4988 1951 5062 μακρὸν

372 5084 564 5147 αἰῶνα,
597 5082 765 5137 ἐθνῶν
779 5084 1128 5157 ἀπάρξασθαι
1156 5085 1317 5139 αὑτὸν
1342 5084 1606 5157 κλήσεως,
1625 5084 1695 5138 τά
1724 5100 1783 5137 τε
1816 5083 1951 5138 ἄλλα

371 5177 473 5231 ὅσα
526 5175 723 5248 δήποτε
765 5174 865 5246 τῆς
917 5176 1034 5229 κατ’
1084 5172 1243 5232 αὑτὸν
1312 5178 1623 5250 ἀπορρήτου
1674 5174 1951 5244 θεολογίας

372 5272 549 5324 οἰκεῖα
569 5268 859 5340 τυγχάνει·
894 5269 973 5324 ἔτι
1012 5270 1115 5343 μὴν
1147 5272 1240 5325 καὶ
1268 5270 1335 5324 τὰ
1375 5270 1502 5342 περὶ
1533 5268 1631 5339 τῆς
1674 5266 1948 5339 ὲνανθρω-

372 5363 591 5434 πήσεως
612 5361 799 5426 αὑτοῦ,
820 5361 856 5417 ἃ
877 5363 971 5415 καὶ
1004 5362 1194 5435 πρῶτα
1230 5361 1290 5427 ἐξ
1315 5352 1507 5433 ἐτέρας
1547 5361 1706 5430 λόγου
1751 5359 1946 5432 ἀρχῆς,

371 5456 445 5520 ὡς
471 5455 604 5528 πρὸς
634 5457 760 5520 τοὺς
801 5456 1084 5520 ἀπίστους,
1110 5450 1247 5519 τέως
1274 5455 1433 5509 αὑτὸν
1472 5454 1664 5527 βοηθὸν
1698 5453 1950 5508 ἐπικαλε-

373 5546 597 5617 σάμενοι
622 5546 715 5601 τὸν
738 5547 831 5601 τοῦ
856 5546 990 5601 Θεοῦ
1022 5547 1214 5615 Λόγον,
1243 5545 1374 5619 φέρε
1399 5544 1839 5618 διασκεψώμεθα.

2054 4705 2276 4777 quando
2314 4703 2535 4760 tandem
2574 4702 2932 4767 absolvimus,
2962 4701 3075 4773 jam
3113 4715 3263 4756 nunc
3298 4708 3513 4768 tempus
3544 4709 3636 4749 ar-

2055 4799 2326 4854 bitramur
2364 4810 2510 4862 esse,
2545 4801 2608 4851 ut
2648 4794 2719 4850 de
2754 4794 2969 4851 occulta
3013 4799 3069 4848 et
3112 4791 3345 4864 mystica
3395 4788 3631 4852 ratione,

2055 4907 2177 4963 quae
2233 4891 2301 4947 ad
2353 4889 2693 4946 Salvatorem
2736 4894 2793 4942 et
2834 4885 3124 4943 Dominum
3164 4871 3414 4940 nostrum
3442 4879 3633 4936 Iesum

2052 4983 2357 5052 Christum,
2380 4983 2473 5055 qui
2505 4981 2758 5039 Christus
2788 4986 2873 5035 est
2899 4978 3017 5044 Dei,
3042 4977 3297 5049 pertinet,
3331 4968 3633 5028 occultiora

2055 5078 2183 5134 item
2230 5076 2479 5149 quaedam
2527 5076 2882 5148 attingamus,
2926 5080 2988 5129 ut
3022 5087 3147 5128 cum
3190 5069 3294 5124 hoc
3332 5063 3538 5138 pariter
3566 5064 3634 5118 ilo

2054 5168 2148 5223 Iud
2184 5168 2486 5234 discamus,
2532 5181 2694 5239 quam
2727 5168 2798 5223 ob
2830 5182 2944 5222 rem
2971 5179 3140 5227 nunc,
3171 5171 3226 5217 et
3258 5173 3367 5214 non
3400 5155 3633 5211 antehac

2053 5261 2120 5317 ad
2153 5277 2343 5318 omnes
2376 5268 2565 5333 gentes
2611 5258 2913 5326 advenerit,
2957 5267 3013 5314 et
3044 5268 3293 5328 quaenam
3338 5264 3504 5307 causa
3534 5249 3631 5312 sit,

2056 5362 2118 5410 ut
2157 5369 2268 5410 non
2307 5353 2481 5411 multo
2517 5360 2664 5418 ante,
2694 5352 2789 5409 sed
2829 5350 3004 5421 nuper
3030 5349 3296 5404 duntaxat
3341 5351 3466 5414 post
3513 5354 3632 5393 tua-

2056 5463 2225 5521 gnum
2273 5459 2566 5503 numerum
2605 5445 2953 5508 saculorum,
2984 5453 3182 5496 vocare
3223 5442 3411 5508 gentes
3455 5431 3632 5487 incoe-

2057 5541 2200 5614 perit
2232 5558 2247 5597 :
2277 5548 2396 5597 tum
2426 5540 2532 5595 alia
2562 5538 2807 5610 ejusdem
2838 5533 3073 5606 generis,
3098 5542 3219 5604 quae
3248 5541 3463 5584 arcanae
3484 5524 3631 5580 illius

371 5639 656 5713 theologia
689 5641 908 5713 propria
944 5649 1096 5707 sunt,
1152 5654 1383 5712 quaeque
1425 5640 1493 5694 ad
1535 5639 1689 5695 illum
1723 5646 1979 5713 spectant
2001 5646 2305 5695 tractemus
2339 5657 2352 5692 :
2399 5637 2550 5703 item,
2604 5649 2712 5706 qua
2766 5631 2982 5687 ratione
3013 5629 3106 5685 ille
3129 5629 3294 5685 homo
3327 5624 3503 5679 factus
3536 5621 3628 5686 sit,

373 5747 494 5803 quae
522 5748 656 5789 sane
705 5734 868 5789 etiam
922 5735 1100 5806 prima
1132 5732 1375 5789 omnium
1416 5746 1559 5786 novo
1587 5731 1825 5802 quodam
1867 5736 2150 5804 asSumpto
2202 5729 2458 5794 exordio,
2499 5724 2747 5798 quasiad
2806 5723 3056 5780 homines
3100 5718 3412 5779 incredulos
3451 5716 3633 5785 ipsum

372 5827 466 5884 Dei
510 5824 733 5885 verbum
770 5830 1108 5896 invocantes,
1162 5837 1224 5884 ut
1267 5844 1369 5886 nos
1418 5828 1656 5899 adjuvet,
1694 5842 1792 5898 age
1838 5828 1952 5899 jam
1987 5830 2418 5888 consideremus.

439 5941 482 5974 "
518 5940 716 5999 Ezech.
750 5940 1087 6007 nvﬂlﬂﬁ.
1164 5942 1208 5976 ⁸⁸
1241 5940 1438 5999 Ezech.
1471 5957 1604 6005 xxx,
1652 5939 1846 5997 36-38.
