4126 6434
406 455 509 513 165

1304 432 1956 507 DEMONSTRATIONIS
1994 450 2454 511 nuncnum:
2491 453 2617 511 LIB.
2659 455 2745 512 ιιι.

3561 462 3661 518 166

406 574 554 635 bruto;
579 573 628 626 οἰ
662 571 933 644 προφῆται
960 570 1056 641 τὴν
1080 569 1173 623 τοῦ
1202 570 1527 640 Εὐαγγελίου
1561 572 1776 644 μνήμην
1793 570 1882 625 ἐπὶ
1902 571 1974 624 τοί

2103 573 2179 628 illi
2214 573 2309 629 uni
2342 589 2504 645 posse
2547 576 2978 641 accommodari,
3004 592 3067 633 ex
3098 580 3308 635 eventis
3339 579 3661 637 certissimis

408 667 450 718 Χ
462 663 643 735 ριστοῦ
666 661 1096 735 παρελάμϐανον.

2093 663 2204 734 jam
2251 666 2363 737 jam
2414 667 2910 738 comprobabimus,
2970 668 3040 730 si,
3095 670 3238 739 quod
3291 672 3658 727 necessarium

406 766 513 820 est,
546 756 698 827 prius
720 755 849 810 illud
877 756 1223 827 contemplati
1246 757 1472 822 erimus,
1504 758 1966 829 quemadmodum
2014 765 2290 833 prophetae
2323 762 2597 833 Evangelii
2630 762 2960 818 mentionem
3013 764 3070 819 in
3119 763 3337 822 Christo
3368 782 3478 821 non
3522 780 3660 834 pra:-

357 861 360 865 ‘
415 850 772 906 termiserint.

410 964 606 1029 Ὅπως
638 963 1014 1054 οἱΟπροςρῇται
1054 963 1301 1046 τὴνητοῦ
1322 968 1691 1054 Εὺμχηηξλίου
1739 967 1982 1036 μνήμην

682 1034 779 1086 ἐπὶ
815 1034 921 1087 τοῦ
948 1036 1207 1102 Χριστοῦ
1232 1034 1714 1107 παρελάμϐανον.

477 1127 552 1177 A'.
595 1143 613 1176 ι
650 1125 752 1178 Τοῦ
792 1126 1120 1198 δηλωθέντος
1160 1130 1369 1201 μάρτυς
1398 1129 1464 1183 ἂν
1506 1130 1590 1202 εἴη
1625 1132 1862 1203 ῥήμασιν
1885 1128 1984 1184 αὐ-

405 1219 513 1279 τοῖς
552 1217 799 1280 Ἡσαΐας,
842 1219 905 1270 ὲκ
943 1218 1235 1289 προσώπου
1274 1219 1367 1273 τοῦ
1393 1221 1631 1293 Χριστοῦ
1675 1218 1981 1294 κεκραγώς*

408 1324 426 1356 ι
461 1306 683 1378 Πνεῦμα
705 1308 913 1380 Κυρίου
935 1310 1022 1362 ἐπ’
1046 1310 1166 1379 ἐμὲ,
1188 1303 1249 1363 οὐ
1272 1311 1475 1365 εἵνεκεν
1507 1311 1689 1384 ἐχρισέ
1717 1327 1804 1383 με’
1829 1312 1988 1380 εὐαγ-

402 1397 715 1464 γελίσασθαι
743 1405 975 1472 πτωχοῖς
1001 1402 1306 1456 ἀπέσταλκέ
1342 1421 1429 1475 με,
1458 1404 1689 1475 κηρύξαι
1707 1404 1984 1476 αἰχμαλώ-

404 1506 518 1553 τοις
546 1491 761 1561 ἄφεσιν,
801 1495 896 1547 καὶ
926 1494 1142 1562 τυφλοῖς
1182 1494 1495 1566 ἀνάϐλεψιν·
1535 1515 1553 1548 ι
1583 1498 1652 1568 ἦν
1679 1514 1801 1551 τινα
1849 1515 1982 1569 προ-

404 1583 634 1652 φητείαν
655 1585 683 1636 ὁ
712 1585 902 1657 Σωτὴρ
926 1585 1084 1656 ἡμῶν
1112 1588 1169 1639 ὲν
1189 1590 1254 1659 τῇ
1288 1590 1573 1659 συναγωγῇ
1600 1589 1732 1641 ποτὲ
1758 1586 1979 1643 διελθὼν

402 1671 493 1723 ἐπὶ
530 1671 624 1724 τοῦ
675 1672 912 1745 πλήθους
944 1675 1051 1730 τῶν
1091 1677 1376 1741 Ἰουδαίων,
1438 1676 1644 1742 πτύξας
1686 1676 1748 1730 τὸ
1776 1676 1976 1748 βιϐλίον

402 1760 523 1817 εἷπε
544 1780 557 1793 ·
599 1785 616 1817 ι
650 1768 892 1839 Σήμερον
934 1768 1289 1842 πεπλήρωται
1317 1773 1349 1842 ἡ
1380 1772 1569 1846 Γραφὴ
1599 1771 1737 1843 αὕτη
1769 1773 1826 1824 ὲν
1866 1773 1977 1833 τοῖς

402 1858 535 1942 ὠσὶν
563 1859 737 1930 ὑμῶν,
777 1879 797 1912 ι
835 1862 928 1914 καὶ
960 1862 1024 1932 δὴ
1064 1862 1275 1916 ἐνθένδε
1312 1860 1615 1935 ἀρξάμενος
1649 1862 1751 1930 τῆς
1775 1861 1977 1925 οἰκείας
2012 1889 2052 1944 Β

401 1951 744 2016 διδασκαλίας
786 1957 1020 2024 πτωχοῖς
1064 1954 1442 2026 εὐηγγελίζετο
1492 1955 1602 2009 τῶν
1654 1955 1782 2027 παρ’
1831 1954 1980 2026 αὐτῷ

405 2045 791 2116 μακαρισμῶν,
833 2047 1178 2117 προτάττων·
1218 2065 1236 2097 ‹
1276 2048 1548 2118 Μακάριοι
1579 2048 1627 2100 οἱ
1660 2048 1867 2118 πτωχοὶ
1902 2047 1981 2119 τῷ

402 2135 696 2207 πνεύματι,¹
732 2137 814 2191 ὅτι
834 2137 1013 2191 αὐτῶν
1040 2139 1186 2191 ἐστιν
1216 2138 1516 2209 ήβασιλεία
1536 2139 1645 2191 τῶν
1677 2138 1974 2210 οὐρανῶν.»

414 2228 572 2282 Ἀλλά
599 2228 695 2283 καὶ
725 2232 836 2293 τοῖς
858 2229 962 2282 ὑπὸ
990 2230 1313 2300 πνευμάτων
1341 2229 1588 2301 πονηρῶν
1614 2230 1977 2302 ὀχλουμένοις,

401 2322 506 2375 ὐπό
536 2339 593 2375 τε
615 2321 881 2392 δαιμόνων
910 2322 1109 2392 τρόπον
1129 2321 1489 2391 αἰχμαλώτων
1520 2321 1686 2375 πάλαι
1719 2322 1979 2393 πρότερον

402 2413 849 2485 κεκρατημένοις,
884 2413 982 2482 τὴν
1006 2413 1200 2481 ἄφεσιν
1222 2414 1589 2483 προεκήρυττε
1618 2414 1743 2476 τοὺς
1775 2412 1980 2477 πάντας

401 2499 480 2562 εἰς
510 2498 819 2570 ἐλευθερίαν
841 2499 935 2550 καὶ
961 2497 1113 2550 λύσιν
1140 2496 1249 2551 τῶν
1279 2498 1387 2551 ἀπὸ
1408 2497 1602 2560 κακίας
1625 2497 1835 2568 δεσμῶν
1852 2498 1980 2550 ἀνα·

402 2589 753 2661 καλούμενος,
795 2590 861 2643 δι’
888 2582 963 2644 ὧν
1004 2589 1260 2658 ἔφασκεν·
1297 2609 1314 2640 ι
1353 2589 1515 2643 Δεῦτε
1549 2591 1685 2662 πρός
1740 2607 1809 2661 με
1843 2590 1978 2643 πάν-

400 2698 491 2745 τες
518 2684 566 2735 οί
595 2682 894 2745 κοπιῶντες
914 2683 1006 2735 καὶ
1038 2682 1478 2753 πεφορτισμένοι,
1504 2681 1658 2751 κάγὼ
1680 2681 1978 2736 ἀναπαύσω

399 2775 562 2845 ὑμᾶς.
607 2793 626 2825 i
657 2776 765 2826 Καὶ
795 2773 1011 2841 τυφλοῖς
1042 2773 1098 2825 δὲ
1145 2775 1244 2845 τὴν
1271 2774 1561 2842 ἀνάϐλεψιν
1592 2776 1837 2845 παρεῖχε,
1864 2778 1977 2839 τοῖς

398 2863 497 2929 τὰς
529 2862 678 2933 ὄψεις
709 2862 801 2915 τοῦ
838 2860 1085 2932 σώματος
1116 2860 1526 2933 διεφθαρμένοις
1556 2860 1618 2913 τὸ
1641 2860 1856 2931 βλέπειν
1875 2860 1978 2913 δω-

402 2954 495 3026 ρού
504 2972 680 3025 μενος,
702 2953 843 3008 κατά
868 2954 1104 3008 διάνοιαν
1123 2956 1235 3016 τοῖς
1259 2953 1424 3008 πάλαι
1452 2953 1580 3023 περί
1602 2952 1699 3023 τὴν
1719 2952 1975 3024 ἀλήθειαν

397 3047 757 3102 ἀναϐλέπουσι
782 3047 880 3116 (l),
912 3047 972 3099 τὸ
1010 3046 1123 3116 φῶς
1154 3046 1253 3116 τῆς
1292 3044 1521 3117 ἀληθοῦς
1559 3027 1839 3110 εὐσεϐείας
1870 3063 1974 3098 πα-

400 3138 572 3208 ρέχων
603 3139 755 3208 όρᾷν.
797 3137 899 3190 Τὸν
932 3138 1031 3208 μὲν
1053 3133 1145 3190 οὖν
1166 3135 1400 3206 Χριστὸν
1432 3136 1489 3187 ἐν
1520 3133 1755 3205 πρώτοις
1792 3134 1975 3189 αὐθέν-

2093 965 2245 1032 Quod
2276 965 2538 1034 propheta:
2567 964 2623 1018 in
2652 966 2765 1034 ipso
2796 964 3005 1048 Christo
3036 966 3308 1048 Evangelii
3346 972 3658 1027 mentionem

2668 1047 3078 1104 assumpserint.

2158 1124 2198 1178 Ι.
2237 1123 2483 1194 Hujusce
2513 1124 2764 1180 veritatis
2810 1126 2970 1181 testis
2999 1126 3066 1180 ad
3094 1127 3316 1183 verbum
3356 1130 3426 1185 sit
3456 1131 3657 1195 Isaias,

2088 1213 2181 1283 qui
2216 1230 2281 1268 ex
2326 1228 2560 1284 persona
2592 1213 2797 1271 Christi
2848 1216 3067 1284 clamat,
3105 1236 3124 1269 ‹
3163 1202 3417 1289 Spiritus.
3444 1220 3656 1276 Domini

2088 1321 2255 1377 super
2287 1321 2394 1370 me,
2442 1313 2665 1376 propter
2711 1306 2858 1377 quod
2903 1308 3063 1362 unxit
3109 1324 3230 1365 me:
3271 1310 3657 1383 Evangelizare

2089 1398 2421 1469 pauperibus
2452 1397 2601 1453 misit
2633 1413 2719 1453 me
2738 1437 2753 1463 ,
2783 1398 3079 1467 praedicare
3107 1402 3337 1470 captivis
3377 1404 3675 1459 remissio-‘

2087 1505 2234 1551 nem,
2259 1498 2310 1545 et
2354 1490 2515 1545 caecis
2548 1490 2726 1545 visum
2755 1490 2800 1522 ⁸³
2824 1508 2843 1545 ι
2890 1510 2908 1542 ι
2944 1507 3109 1562 quam
3155 1508 3287 1548 sane
3319 1494 3655 1565 prophetiam

2089 1579 2338 1635 Salvator
2371 1589 2557 1637 noster
2588 1582 2750 1643 olim,
2778 1583 2831 1636 in
2858 1592 3128 1639 conventu
3163 1586 3305 1655 apud
3348 1587 3655 1642 multitudio

2082 1690 2205 1729 nem
2264 1673 2576 1728 Iudaeorum
2611 1689 2739 1728 cum
2776 1674 3014 1745 legisset,
3057 1676 3366 1755 librumque
3403 1684 3525 1749 post
3563 1679 3645 1736 le‘

2082 1765 2320 1820 ctionem
2345 1765 2648 1835 plicuisset,
2680 1765 2760 1821 sic
2782 1766 2997 1823 locutus
3024 1775 3109 1824 est
3139 1787 3152 1821 :
3191 1786 3210 1819 ι
3245 1768 3408 1823 hodie
3432 1770 3652 1840 impleta

2081 1866 2166 1914 est
2219 1858 2493 1927 scriptura
2532 1857 2650 1912 haec
2702 1856 2760 1912 in
2810 1858 3037 1913 auribus
3079 1859 3278 1915 vestris
3313 1861 3382 1924 9°,
3417 1878 3436 1911 ι
3481 1863 3667 1930 proli.-

2082 1967 2292 2020 nusque
2323 1950 2450 2004 hinc
2472 1964 2628 2006 suam
2669 1948 2975 2005 doctrinam
3014 1965 3244 2006 exorsus
3279 1953 3651 2024 evangelizare

2079 2045 2245 2113 cmpit
2287 2042 2653 2112 pauperibus,
2698 2056 2794 2098 eos
2847 2043 2900 2096 in
2949 2043 3423 2099 commendatione
3466 2044 3652 2101 beato-

2079 2136 2318 2205 rum,qui
2359 2135 2502 2205 apud
2533 2150 2594 2189 se
2634 2133 2801 2189 futuri
2840 2135 2986 2200 sint,
3018 2136 3243 2206 reliquis
3270 2144 3647 2208 anteponens:

2085 2246 2103 2279 ‹
2141 2214 2314 2292 Beati,
2341 2229 2535 2298 inquit,
2569 2243 2840 2299 pauperes
2870 2230 3085 2298 spiritu,
3119 2231 3375 2300 quoniam
3405 2232 3646 2301 ipsorum

2078 2330 2161 2374 est
2192 2335 2416 2391 regnum
2443 2319 2707 2374 caelorum
2739 2321 2804 2374 θ’.
2839 2339 2857 2372 ι
2892 2319 2963 2375 lis
2995 2330 3253 2391 praeterea
3295 2322 3389 2392 qui
3426 2337 3456 2375 a
3488 2325 3650 2381 malis

2078 2411 2362 2482 spiritibus
2390 2419 2738 2474 vexarentur,
2763 2411 2966 2482 quique
3011 2428 3040 2465 a
3074 2413 3445 2478 daemonibus,
3474 2415 3648 2484 capti-

2076 2518 2270 2557 vorum
2316 2503 2512 2568 instar,
2555 2503 2667 2572 jam
2719 2502 2813 2556 diu
2866 2510 3212 2567 tenerentur,
3272 2503 3645 2560 dimissionem

2079 2599 2206 2646 ante
2237 2591 2528 2658 nuntiavit,
2556 2605 2749 2647 omnes
2779 2590 2846 2644 ad
2881 2592 3187 2647 libertatem
3225 2599 3279 2646 et
3319 2592 3646 2649 solutionem

2078 2698 2107 2736 a
2136 2681 2357 2736 malitiae
2399 2681 2635 2737 vinculis
2674 2682 2936 2746 invitans,
2984 2683 3164 2738 verbis
3207 2683 3361 2738 illis:
3410 2701 3429 2735 ι
3468 2686 3648 2741 venite

2079 2773 2144 2828 ad
2174 2789 2280 2839 me,
2314 2788 2507 2833 omnes
2529 2773 2624 2844 qui
2670 2774 2930 2830 laboratis
2971 2781 3024 2829 et
3052 2776 3261 2830 onerati
3289 2776 3443 2842 estis,
3471 2783 3525 2831 et
3545 2791 3647 2848 ego

2076 2865 2316 2919 reﬁciam
2348 2880 2445 2919 vos
2471 2866 2538 2918 9'.
2587 2884 2606 2916 ›
2645 2863 2817 2920 Cascis
2844 2881 2996 2931 vero,
3017 2867 3110 2936 qui
3133 2881 3428 2937 corporeos
3455 2869 3647 2924 oculos

2081 2956 2342 3011 haberent
2364 2965 2671 3026 corruptos,
2710 2957 3073 3028 integritatem
3104 2958 3431 3028 restituens,
3462 2959 3641 3015 visum

2078 3048 2309 3118 largitus
2336 3063 2442 3113 est,
2481 3058 2540 3102 ut
2575 3048 2654 3104 sic
2678 3049 3031 3119 signiﬁcaret,
3061 3065 3119 3103 se
3142 3051 3210 3104 iis
3233 3053 3324 3120 qui
3347 3051 3476 3105 olim
3498 3050 3646 3105 veri-

2076 3146 2239 3196 tatem
2261 3156 2457 3211 parum
2479 3134 2840 3203 intuerentur,
2872 3142 3128 3196 virtutem
3158 3156 3265 3211 qua
3293 3142 3473 3197 lumen
3502 3157 3646 3199 vera

398 3246 494 3298 την
530 3228 623 3282 καὶ
664 3228 905 3298 ἀρχηγὸν
937 3226 1153 3279 ἔσεσθαι
1183 3226 1281 3295 τῆς
1324 3223 1681 3293 εὐαγγελικῆς
1714 3242 1971 3297 πραγμα-

2075 3233 2290 3302 pietatis
2323 3232 2677 3303 respicerent,
2708 3249 2956 3304 erogare.
2986 3232 3264 3289 Christum
3295 3248 3425 3304 ergo
3452 3232 3507 3288 in
3533 3235 3643 3305 pri-

397 3320 543 3383 τείας
568 3321 602 3390 ἡ
640 3317 1006 3389 παρατεθεῖσα
1035 3316 1336 3388 προφητεία
1385 3314 1698 3385 παρίστησι.
1729 3316 1881 3369 Μετά
1913 3317 1971 3369 δὲ

395 3410 556 3463 αὐτὸν
591 3409 690 3480 τῆς
718 3408 888 3478 αὐτῆς
926 3405 1230 3468 ὑποθέσεως
1270 3405 1547 3475 ὑπηρέτας
1592 3403 1806 3457 ἔσεσθαι
1845 3406 1972 3468 τοὺς

396 3498 560 3553 αὐτοῦ
611 3496 855 3569 μαθητὰς
899 3495 1141 3560 θεσπίζει
1178 3498 1205 3549 ό
1235 3495 1394 3557 αὐτὸς
1424 3494 1595 3561 λέγων
1653 3496 1965 3567 προφήτης·

403 3608 421 3645 ι
476 3589 563 3652 Ὠς
595 3589 783 3659 ὡραῖοι
811 3589 859 3641 οἰ
890 3587 1045 3651 πόδες
1074 3586 1181 3639 τῶν
1234 3585 1734 3656 εὐαγγελιζομένων
1766 3586 1966 3654 ἀγαθὰ,

396 3681 430 3751 ἢ
479 3679 580 3733 τῶν
619 3679 1114 3750 εὐαγγελιζομένων
1164 3680 1409 3750 εἰρήνην.
1466 3697 1485 3729 ι
1544 3678 1711 3732 Ἔνθα
1771 3679 1970 3750 σφόδρα

396 3771 867 3844 ἀπηκριϐωμένως
897 3770 1130 3842 ὡραίους
1161 3769 1359 3841 ἔφησεν
1390 3768 1605 3822 ἔσεσθαι
1647 3769 1773 3831 τοὺς
1808 3769 1971 3833 πόδας

395 3864 501 3917 τῶν
542 3863 1040 3934 εὐαγγελιζομένων
1089 3861 1157 3915 τὰ
1203 3859 1297 3914 τοῦ
1340 3861 1575 3931 Χριστοῦ
1607 3859 1806 3929 ἀγαθὰ,
1854 3860 1971 3925 πῶς

395 3958 494 4010 οὐκ
527 3956 750 4027 ἔμελλον
781 3955 971 4025 ὡραῖοι
1005 3953 1241 4017 ἔσεσθαι,
1274 3953 1324 4005 οἰ
1358 3953 1415 4004 ὲν
1442 3951 1609 4023 ὀλίγῳ
1647 3953 1741 4007 καὶ
1779 3951 1972 4024 βραχεῖ

395 4048 573 4119 χρόνῳ
616 4048 714 4119 τὴν
760 4049 938 4100 πᾶσαν
978 4043 1468 4115 περιδραμούμενοι
1498 4044 1839 4115 οἰκουμένην,
1874 4045 1968 4098 καὶ

395 4139 572 4192 πάντα
601 4139 764 4191 τόπον
798 4136 1183 4209 πληρώσαντες
1208 4137 1303 4208 τῆς
1324 4137 1452 4209 περὶ
1476 4136 1570 4189 τοῦ
1602 4139 1849 4211 Σωτῆρος
1874 4138 1966 4192 τοῦ

394 4232 601 4302 κόσμου
636 4230 920 4293 θεοσεϐοῦς
939 4228 1321 4294 διδασκαλίας;
1375 4230 1495 4282 Ὅτι
1526 4228 1582 4282 δὲ
1618 4230 1690 4302 μὴ
1733 4232 1967 4301 ῥήμασιν

395 4324 754 4395 ἀνθρωπίνοις
785 4324 1080 4393 ἐκέχρηντο
1116 4324 1195 4385 είς
1229 4320 1400 4374 πειθὼ
1431 4322 1537 4374 τῶν
1579 4322 1963 4393 ἀκροωμένων,

395 4416 527 4469 Θεοῦ
555 4417 611 4470 δὲ
643 4416 869 4486 δύναμις
898 4411 964 4484 ἦν
992 4415 1025 4483 ή
1057 4412 1390 4483 συνεργοῦσα
1410 4413 1592 4476 αὐτοῖς
1624 4414 1681 4465 ὲν
1708 4413 1786 4483 τῷ
1806 4414 1967 4482 εὐαγ-

296 4576 301 4579 _
395 4508 594 4580 γελικῷ
626 4507 958 4579 κηρύγματι,
993 4505 1148 4568 ἄλλος
1176 4505 1338 4558 πάλιν
1361 4506 1644 4577 προφήτης
1673 4506 1959 4574 ἀναφωνεῖ·

402 4619 423 4650 ε
462 4600 663 4670 Κύριος
693 4597 851 4652 δώσει
887 4597 1037 4670 ῥῆμα
1060 4599 1173 4660 τοῖς
1209 4595 1711 4666 εὐαγγελιζομένοις
1739 4594 1965 4666 δυνάμει

396 4692 583 4763 πολλῇ.
620 4711 640 4744 ι
677 4692 786 4745 Καὶ
835 4691 994 4744 πάλιν
1022 4693 1050 4743 ὁ
1095 4689 1337 4753 Ἡσαΐας·
1378 4706 1397 4739 ι
1449 4689 1564 4740 Ἐπ’
1610 4687 1734 4759 ὅρος
1767 4687 1967 4759 ὑψηλὸν

397 4782 629 4855 ἀνάϐηθι
660 4786 689 4837 ὁ
730 4782 1234 4853 εὐαγγελιζόμενος,
1286 4778 1445 4844 Σιὼν,
1480 4778 1693 4849 ὐψωσον
1723 4782 1788 4850 τῇ
1823 4780 1967 4850 ἰσχύϊ

396 4876 495 4947 τὴν
518 4876 697 4947 φωνήν
731 4891 824 4928 σου
845 4876 874 4928 ὁ
908 4872 1388 4943 εὐαγγελιζόμενος
1426 4870 1794 4942 Ἰερουσαλήμ·
1821 4871 1968 4940 ὑψώ-

399 4983 549 5028 σατε,
588 4965 662 5036 μὴ
692 4963 960 5033 φοϐεῖσθε,
988 4964 1138 5018 εἰπὸν
1186 4965 1307 5025 ταῖς
1341 4960 1555 5014 πόλεσιν
1618 4960 1808 5023 Ἰούδα,
1856 4961 1965 5014 ἰδοὺ

396 5061 424 5113 ὁ
454 5058 586 5121 Θεὸς
618 5056 790 5127 ὑμῶν,
829 5057 938 5109 ἰδοὺ
966 5055 1174 5128 Κύριος
1206 5053 1343 5126 μετὰ
1377 5052 1557 5124 ἰσχύος
1599 5051 1835 5123 ἔρχεται,
1872 5054 1966 5105 καὶ

396 5152 426 5215 ό
461 5148 698 5220 βραχίων
741 5146 878 5218 μετά
921 5148 1131 5217 κυρίας·
1182 5146 1289 5200 ἰδοὺ
1333 5148 1361 5198 ὁ
1402 5142 1591 5214 μισθὸς
1633 5142 1795 5197 αὐτοῦ
1849 5145 1963 5213 μετ’

398 5239 583 5303 αὐτοῦ,
613 5239 708 5292 καὶ
737 5238 799 5291 τὸ
838 5237 996 5309 ἔργον
1040 5238 1204 5291 αὐτοῦ
1239 5238 1477 5290 ἐναντίον
1511 5235 1693 5289 αὐτοῦ’
1737 5235 1812 5298 ὡς
1848 5252 1966 5289 ποι-

401 5333 508 5403 μὴν
538 5332 789 5401 ποιμανεῖ
812 5329 874 5383 τὸ
906 5329 1150 5399 ποίμνιον
1178 5329 1362 5392 αὐτοῦ,
1403 5328 1495 5382 καί¹
1524 5329 1578 5380 ὲν
1609 5325 1689 5397 τῷ
1725 5326 1964 5399 βραχίονι

397 5427 560 5481 αὐτοῦ
606 5424 823 5492 συνάξει
863 5425 1052 5496 ἄρνας,
1083 5424 1176 5477 καὶ
1207 5424 1263 5475 ἐν
1294 5423 1488 5494 γαστρὶ
1532 5421 1758 5491 ἐχούσας
1791 5438 1965 5492 παρα-

396 5518 634 5571 καλέσει.
689 5537 707 5569 ι
754 5517 936 5570 Ταῦτα
998 5516 1055 5569 δὲ
1099 5516 1286 5569 ὁποίαν
1324 5517 1505 5587 ἔχεται
1552 5516 1809 5579 διάνοιαν,
1860 5515 1964 5586 ὁδῷ

460 5675 642 5731 “lsa.
676 5689 786 5735 ut,
822 5675 873 5727 ἰ.
948 5675 995 5711 ³ο
1027 5673 1157 5728 Luc.
1205 5688 1278 5736 iv,
1319 5672 1406 5729 18.
1478 5672 1522 5704 ’³
1558 5671 1748 5727 Matth.
1782 5688 1831 5737 ν,
1862 5670 1913 5726 5-

2075 5664 2257 5725 Matth.
2292 5680 2367 5733 ιι,
2410 5665 2500 5721 28.
2577 5664 2622 5698 "
2659 5660 2764 5718 lsa.
2814 5677 2911 5731 ιιι,
2943 5660 2997 5718 7.

395 5749 440 5781 ’⁸
477 5749 581 5803 lsa.
619 5758 705 5804 ιι.
732 5743 882 5799 9.“.

468 5902 545 5973 (l)
581 5899 852 5972 Interpres
871 5897 1022 5971 legit,
1056 5899 1353 5969 ἀναπήροις
1381 5892 1520 5951 οὖσι.

2073 3325 2179 3379 mis
2219 3334 2493 3380 auctorem
2527 3332 2582 3380 et
2615 3324 2807 3381 ducem
2849 3323 3092 3380 futurum
3126 3324 3305 3379 omnis
3352 3325 3645 3395 provinciae

2072 3417 2420 3487 evangelicm,
2452 3432 2514 3472 ea
2555 3432 2676 3488 quae
2709 3417 2954 3487 exposita
2995 3424 3097 3479 est,
3148 3418 3430 3489 prophetia
3461 3418 3645 3473 decla-

2072 3517 2175 3561 rat.
2202 3506 2267 3560 At
2301 3514 2425 3577 post
2449 3507 2601 3561 illum
2630 3506 2873 3575 ejusdem
2912 3508 3179 3576 propositi
3210 3508 3493 3564 ministros
3524 3508 3643 3566 fore

2072 3597 2218 3654 illius
2255 3598 2617 3669 ,discipulos,
2675 3597 2821 3660 idem
2889 3599 3154 3668 propheta
3201 3600 3348 3657 canit
3379 3600 3566 3656 dicens
3621 3612 3636 3651 :

2069 3690 2221 3761 89¢
2255 3688 2429 3756 Quam
2455 3689 2688 3759 speciosi
2731 3690 2896 3760 pedes
2947 3692 3437 3762 evangeli'zantium
3492 3689 3640 3744 bona

2070 3796 2234 3852 quam
2278 3780 2776 3851 evangelizantium
2821 3794 3007 3850 pacem
3028 3781 3094 3833 ”.
3122 3795 3142 3831 ι
3161 3775 3266 3835 Ubi
3293 3780 3452 3837 valde
3475 3794 3642 3834 accu-

2069 3879 2189 3927 rate
2245 3870 2523 3941 speeiosos
2575 3869 2712 3925 dixit
2761 3868 2878 3927 fore
2924 3870 3088 3940 pedes
3144 3860 3639 3941 evangelizantium

2069 3959 2211 4014 bona
2241 3959 2466 4022 Christi,
2516 3960 2608 4030 qui
2637 3959 2781 4015 enim
2816 3960 3047 4030 speciosi
3093 3958 3261 4013 futuri
3313 3974 3421 4013 non
3459 3969 3637 4021 erant,

2069 4051 2161 4121 qui
2190 4051 2247 4104 in
2275 4051 2469 4123 exiguo
2501 4052 2760 4122 brevique
2788 4058 3030 4121 tempore
3062 4057 3235 4106 totum
3258 4050 3447 4107 orbem
3481 4058 3640 4106 erant

2070 4142 2494 4214 percursuri,iet
2528 4158 2744 4199 omnem
2783 4143 2963 4199 locum
2995 4152 3182 4199 sancta
3224 4143 3316 4196 illa
3347 4142 3414 4197 de
3448 4141 3638 4196 Salva-

2066 4242 2187 4290 tore
2211 4235 2395 4288 mundi
2420 4234 2667 4289 doctrina
2697 4234 3014 4304 impleturi?
3047 4232 3202 4298 Quod
3239 4240 3422 4288 autem
3452 4232 3643 4287 huma-

2066 4325 2153 4381 nis
2175 4324 2359 4379 verbis
2392 4340 2499 4377 non
2530 4330 2813 4379 uterentur
2844 4324 2910 4378 ad
2941 4323 3376 4393 persuadendum
3408 4322 3639 4379 audien-

2067 4416 2239 4479 tibus,
2274 4415 2367 4471 sed
2400 4414 2489 4469 Dei
2522 4415 2697 4470 virtus
2733 4423 2880 4471 esset
2913 4431 3034 4486 qua:
3079 4430 3202 4470 cum
3244 4416 3352 4471 illis
3379 4415 3635 4477 faciebat,

2068 4509 2197 4565 dum
2231 4507 2582 4579 Evangelium
2635 4506 3011 4577 prmdicarent,
3043 4506 3182 4562 alius
3216 4521 3410 4562 rursus
3439 4506 3638 4560 clamat

2069 4600 2331 4672 propheta
2369 4618 2380 4653 :
2419 4617 2437 4650 ι
2476 4597 2741 4655 Dominus
2771 4598 2922 4653 dabit
2957 4599 3184 4667 verbum
3211 4597 3635 4669 evangelizanti-

2068 4692 2174 4747 bus
2216 4691 2416 4745 virtute
2454 4690 2687 4745 multa"
2719 4708 2733 4757 ;
2766 4710 2785 4743 ι
2827 4697 2881 4745 et
2924 4705 3119 4745 rursus
3154 4689 3345 4743 Isaias.
3394 4706 3413 4738 ‹
3462 4684 3639 4753 Super

2069 4790 2307 4838 montem
2360 4780 2635 4836 excelsum
2680 4778 2912 4835 ascende
2948 4778 3040 4849 qui
3084 4778 3427 4848 evangelizas
3469 4773 3633 4841 Sion;

2068 4872 2266 4930 extolle
2296 4880 2560 4943 quantum
2589 4880 2742 4941 potes
2766 4885 2954 4926 vocem
2978 4878 3128 4925 tuam
3168 4868 3264 4939 qui
3293 4865 3635 4936 evangelizas

2071 4963 2407 5020 Hierusalem
2441 4978 2455 5015 :
2498 4963 2772 5027 extollite,
2824 4977 2894 5018 ne
2936 4962 3155 5028 timete;
3188 4959 3280 5015 dic
3322 4956 3635 5026 civitatibus

2069 5059 2229 5121 Juda,
2260 5074 2387 5113 ecce
2422 5056 2562 5111 Deus
2587 5063 2789 5121 vester,
2822 5068 2950 5110 ecce
2993 5052 3255 5108 Dominus
3283 5064 3406 5105 cum
3437 5048 3635 5104 robore

2068 5150 2237 5215 venit,
2257 5156 2312 5203 et
2333 5147 2614 5225 brachium
2636 5162 2761 5201 cum
2795 5154 3061 5217 potestate
3085 5163 3096 5197 :
3127 5157 3255 5198 ecce
3276 5154 3483 5195 merces
3514 5138 3634 5209 ejus

2068 5257 2191 5297 cum
2223 5256 2308 5301 eo,
2349 5251 2402 5296 et
2429 5255 2566 5310 Opus
2593 5238 2712 5309 ejus
2742 5252 2924 5294 coram
2959 5237 3079 5306 ipso
3113 5254 3125 5288 :
3157 5241 3415 5303 tanquam
3446 5238 3636 5302 pastor

2067 5340 2256 5405 pascet
2287 5346 2498 5403 gregem
2535 5346 2716 5395 suum,
2748 5338 2802 5385 et
2832 5328 2886 5382 in
2908 5325 3131 5382 brachio
3159 5338 3260 5379 suo
3286 5321 3636 5393 congregab't

2072 5440 2262 5496 agnos,
2286 5431 2340 5478 et
2364 5437 2459 5479 eas
2487 5437 2608 5493 qua:
2624 5421 2679 5476 in
2707 5430 2865 5476 utero
2892 5418 3115 5481 habent,
3134 5413 3590 5471 consolabitur”.
3608 5433 3627 5466 ι

2071 5515 2335 5571 Caeterum
2372 5513 2486 5568 haec
2527 5526 2763 5583 quonam
2796 5524 2961 5566 sensu
3003 5505 3318 5577 accipienda
3349 5504 3478 5568 sint,
3507 5520 3633 5573 pro-

3090 5659 3137 5693 οδ
3163 5657 3306 5715 Psal.
3338 5672 3505 5722 LXVII,
3539 5655 3630 5710 ﬁ.
