4126 6436
477 441 583 498 167

1113 431 1376 490 EUSEBII
1408 429 1885 488 CAESARlENSlS
1916 431 2068 489 OPP.
2102 429 2285 487 PARS
2322 430 2387 487 11.
2427 462 2498 474 --
2518 427 3015 521 _APOLOGETICA

3626 416 3732 473 {68

477 559 652 632 gressi
699 557 913 629 longius
956 554 1010 609 in
1051 553 1300 609 doctrina
1341 553 1651 624 evangelica
1691 552 1996 609 videbimus
2030 572 2040 607 :

2151 550 2432 623 προϊόντες
2465 552 2608 605 κατά
2639 550 2738 622 τήν
2776 549 3138 624 εὐαγγελικὴν
3179 549 3436 622 εἰσόμεθα
3476 548 3728 612 διδασκα-

477 651 696 710 interim
726 649 857 706 illud
887 646 1152 709 constitit,
1176 655 1231 701 et
1257 645 1435 715 ipsum
1469 644 1843 716 Evangelium,
1877 654 1933 700 et
1954 660 2047 701 no-

476 760 601 800 men
652 741 930 812 Evangelii
977 738 1310 810 propheticis
1357 737 1588 793 vocibus
1632 738 2043 807 comprobatum

477 836 644 895 fuisse
668 852 681 888 :
710 834 877 891 habes
907 839 1163 905 prarterea
1192 830 1471 886 evidentes
1500 831 1924 902 perspicuasque
1950 834 2047 889 de-

473 927 917 989 monstrationes,
932 923 1078 979 unde
1101 923 1316 978 initium
1337 930 1485 979 esset
1502 924 1855 994 accepturum
1869 924 2046 981 Evan-

472 1020 695 1092 gelium,
731 1018 798 1073 ab
821 1018 941 1088 ipso
969 1015 1223 1071 videlicet
1250 1014 1492 1080 Christo,
1523 1022 1626 1071 nec
1655 1031 1762 1071 non
1784 1032 1881 1087 per
1903 1032 2044 1087 quos

477 1109 615 1165 foret
664 1107 1094 1181 praedicandum,
1132 1108 1230 1180 ‘per
1276 1109 1422 1163 illius
1475 1108 1664 1178 utique
1715 1108 2042 1178 apostolos:

471 1199 568 1257 sed
598 1200 762 1255 etiam
802 1214 909 1270 qua
941 1200 1147 1254 virtute
1167 1206 1316 1253 esset
1351 1205 1756 1268 superaturum,
1790 1213 1898 1252 non
1940 1198 2045 1253 hu-

470 1304 633 1344 mana
678 1290 908 1345 scilicet.
938 1290 1096 1355 Quod
1144 1289 1322 1360 ipsum
1363 1303 1497 1344 sane
1525 1298 1592 1344 ex
1634 1289 1728 1344 illo
1774 1286 2042 1358 constitit,

477 1398 497 1432 ι
534 1379 798 1435 Dominus
826 1379 980 1435 dabit
1022 1379 1252 1434 verbum
1297 1379 1803 1450 evangelizantibus
1842 1380 2045 1436 virtute

471 1464 662 1529 multa.
696 1492 716 1526 ι
753 1472 1040 1544 Reliquum
1072 1473 1236 1544 igitur
1251 1473 1364 1544 jam
1402 1480 1506 1537 est,
1538 1480 1600 1527 ut
1617 1488 1687 1528 ex
1715 1474 1902 1529 multis
1922 1489 2044 1545 qua

470 1565 613 1626 apud
648 1562 907 1620 Hebrmos
936 1564 1217 1624 antiquius
1247 1579 1312 1617 ac
1342 1563 1607 1619 remotius
1625 1561 1694 1617 de
1722 1562 1940 1619 Christo
1966 1565 2046 1620 di-

471 1657 655 1713 vinata
689 1657 838 1721 sunt,
872 1671 1044 1727 pauca
1074 1656 1455 1727 anticipemus,
1486 1664 1548 1711 ut
1578 1657 1763 1714 discas
1792 1672 2042 1729 quamam

471 1748 564 1803 llla
590 1755 797 1810 essent,
834 1763 957 1818 quae
992 1747 1390 1817 posterioribus
1430 1747 1768 1817 temporibus
1799 1746 2046 1818 Evange-

461 1834 605 1895 vlium
633 1838 945 1894 nuntiarent
968 1838 1232 1902 futurum,
1266 1838 1536 1909 simulque
1560 1838 1885 1893 miraculum
1918 1852 2045 1908 pro-

2147 640 2283 694 λίαν·
2330 640 2468 712 πλὴν
2517 639 2653 694 ἀλλά
2706 638 2978 708 πέφανται
3001 641 3064 693 τὸ
3094 640 3445 710 Εὑαγγέλιον,
3479 645 3574 697 καὶ
3602 645 3727 699 τοῦ-

2144 750 2283 804 νομα
2315 733 2372 786 δὲ
2412 732 2506 786 τοῦ
2550 732 2903 802 Εῦατγελίου,
2952 732 3042 786 διά
3080 733 3187 787 τῶν
3224 737 3578 807 προφητικῶν
3628 756 3730 811 με-

2147 824 2581 897 μαρτυρημένον,
2615 825 2760 896 ἔχεις
2803 841 2864 879 τε
2908 824 3106 889 λευκὰς
3152 826 3247 879 καὶ
3286 827 3540 899 ἐναργεῖς
3586 830 3724 885 dato-

2143 916 2358 983 δείξεις,
2384 918 2446 970 ἐκ
2468 916 2613 981 τίνος
2634 917 2731 988 μὲν
2754 916 2980 989 ἄρξεται
3001 916 3064 970 τὸ
3085 916 3433 988 Εὐαγγέλιον,
3461 920 3544 975 ὅτι
3574 920 3638 994 δὴ
3666 923 3727 990 ἐξ

2143 1002 2309 1062 αὑτοῦ
2337 1007 2431 1062 τοῦ
2465 1008 2722 1081 Χριστοῦ,
2755 1009 2822 1063 δι’
2850 1003 2927 1062 ὧν
2958 1026 3018 1062 τε
3049 998 3478 1082 κηρυχθήσεται,
3513 1013 3595 1066 ὅτι
3635 1014 3727 1068 διὰ

2143 1100 2251 1154 τῶν
2281 1101 2592 1155 ἀποστόλων
2624 1101 2809 1156 αὑτοῦ·
2846 1101 2984 1156 ἀλλά
3023 1102 3118 1157 καὶ⁸
3156 1102 3285 1175 ποίᾳ
3316 1102 3544 1175 δυνάμει
3589 1122 3728 1177 xpu-

2143 1195 2322 1264 τήσει,
2370 1194 2451 1248 δτι
2504 1193 2579 1266 μὴ
2620 1194 2957 1268 ἀνθρωπεία.
2996 1196 3062 1251 Ὃ
3105 1195 3170 1266 δὴ
3206 1196 3301 1249 καὶ
3329 1196 3461 1251 αὐτὸ
3494 1198 3723 1271 συνέστη

2142 1287 2232 1340 διά
2261 1286 2377 1350 τοῦ,
2416 1306 2435 1338 ι
2464 1287 2668 1360 Κύριος
2699 1287 2860 1343 δώσει
2889 1290 3040 1361 ῥῆμα
3066 1293 3181 1354 τοῖς
3216 1288 3726 1361 εὖαγγελιζομένοις

2142 1378 2365 1451 δυνάμει
2388 1379 2576 1451 πολλῇ.
2609 1399 2627 1432 ι
2654 1381 2717 1433 Τί
2736 1382 2800 1453 δὴ
2820 1378 2913 1436 οὖν
2941 1382 3184 1436 λείπεται
3211 1383 3304 1436 ἐπὶ
3333 1384 3563 1449 τοὺτοις,
3595 1384 3629 1456 ἢ
3658 1386 3726 1439 ἐκ

2143 1471 2352 1526 πολλῶν
2381 1472 2539 1541 ὀλίγα
2572 1473 2861 1545 προλαϐεῖν
2890 1474 3001 1529 τῶν
3037 1478 3166 1549 παρ’
3213 1476 3483 1549 Ἑϐραίοις
3524 1477 3727 1532 ἀνέκα-

2144 1564 2238 1618 θεν
2268 1564 2397 1637 περὶ
2419 1564 2514 1618 τοῦ
2536 1565 2775 1638 Χριστοῦ
2810 1570 3329 1637 προφητευομένωνς
3365 1569 3443 1634 ὡς
3477 1570 3545 1626 ἂν
3578 1571 3726 1642 εἰδῇς

2142 1657 2264 1711 τίνα
2298 1657 2515 1711 ἔσεσθαι
2536 1658 2599 1711 τὸ
2621 1659 2949 1728 ΕὐαΠέλιον
2978 1660 3305 1733 ἐνηυστερυις
3335 1663 3544 1735 καιροῖς
3559 1662 3726 1732 εὐηγ-

2143 1749 2407 1819 γελίζετο,
2440 1751 2576 1822 ὁμοῦ
2603 1768 2665 1805 τε
2704 1752 2812 1805 τῶν
2844 1752 3136 1824 προφητῶν
3166 1753 3228 1807 τὸ
3252 1752 3438 1825 θαῦμα
3483 1752 3581 1825 τῆς
3613 1753 3724 1807 τῶν

2148 1830 2461 1912 μελλόντων¹
2506 1843 2886 1916 προγνώσεως,
2939 1846 3031 1899 καὶ
3080 1845 3187 1899 τῶν
3235 1847 3593 1918 προρρήσεων
3652 1843 3721 1900 τά

473 1931 779 2002 pbetarum,
815 1929 907 2001 qui
942 1928 1166 2000 quidem
1197 1936 1351 1984 tanto
1394 1938 1521 1983 ante
1549 1928 1733 1983 futura
1770 1943 2040 1999 cognove-

2142 1934 2578 2006 ἀποτελέσματα,
2616 1937 2765 2000 ὅπως
2818 1938 2910 1990 ἐπὶ
2961 1938 3054 1990 τὸν
3100 1937 3325 2009 Σωτῆρα
3372 1938 3466 1991 καὶ
3517 1936 3720 2010 Κύριον

475 2022 615 2086 rint,
645 2020 885 2091 itemque
919 2020 1170 2089 ipsorum
1214 2019 1563 2073 oraculorum
1592 2023 1807 2083 eventa,
1858 2032 2043 2088 quem-

472 2112 761 2168 admodum
808 2126 870 2167 ea
911 2112 967 2165 in
1000 2109 1285 2165 Salvatore
1317 2118 1371 2164 et
1408 2108 1638 2164 Domino
1667 2117 1860 2164 nostro
1883 2107 2039 2175 Jesu,

470 2206 563 2277 qui
592 2205 844 2261 Christus
871 2211 958 2260 est
986 2203 1100 2272 Dei,
1132 2203 1401 2275 completa
1438 2202 1766 2257 consistant.

468 2318 532 2376 ll.
570 2317 721 2388 Quod
761 2320 825 2374 de
854 2315 1070 2374 Christo
1115 2317 1394 2441 :aticinati
1443 2325 1568 2370 sunt
1612 2315 1879 2386 prophetia
1927 2313 2040 2370 He-

1149 2402 1398 2441 morum.

1149 2402 1398 2443 raeorum.

531 2483 749 2539 Primus
765 2482 1153 2555 prophetarum
1166 2481 1398 2553 Moyses,
1417 2481 1583 2536 alium
1598 2480 1918 2551 prophetam
1935 2479 2041 2536 sibi

460 2576 702 2633 similem
751 2577 1128 2632 suscitandum
1173 2574 1479 2630 denuntiat.
1528 2574 1641 2644 90
1689 2573 1827 2628 Cum
1889 2572 2042 2628 enim

467 2668 613 2738 leges
634 2667 704 2722 ab
731 2667 852 2737 ipso
877 2666 1069 2737 posita
1093 2665 1196 2721 soli
1227 2664 1468 2720 Iudaicae
1494 2666 1642 2737 genti
1663 2664 2040 2729 convenirent,

394 2754 407 2833 i
466 2758 632 2831 idque
661 2759 718 2814 in
755 2767 905 2814 terra
946 2757 1134 2813 Iudaea
1171 2758 1460 2823 duntaxat,
1504 2765 1599 2812 aut
1641 2757 1849 2812 circum
1892 2771 2038 2822 eam,

465 2864 578 2906 non
604 2856 785 2906 autem
810 2851 861 2907 ei
890 2864 1108 2921 quoque
1132 2850 1301 2920 genti,
1338 2863 1462 2920 quae
1492 2848 1812 2919 longissime
1837 2849 1895 2903 in
1926 2854 2040 2903 ter-

467 2940 546 2997 ris
567 2941 952 2997 remotissimis
982 2940 1227 3013 degeret,
1251 2939 1712 3011 quemadmodum
1733 2940 1887 2996 exiis
1915 2954 2040 3011 qua:

410 3058 415 3065 ι
465 3030 619 3101 prius
649 3044 682 3086 a
712 3030 874 3086 nobis
900 3037 1134 3084 tractata
1168 3037 1297 3085 sunt
1326 3028 1584 3100 cognosci
1611 3029 1806 3099 potuit,
1837 3036 1892 3086 et
1911 3045 2039 3086 eum

463 3122 561 3194 qui
592 3131 742 3179 esset
760 3135 874 3176 non
903 3122 1081 3176 solum
1113 3119 1448 3185 Iudaeorum,
1476 3121 1573 3176 sed
1606 3122 1770 3176 etiam
1804 3121 2037 3179 aliarum

466 3213 709 3287 gentium
755 3213 923 3278 Deus,
980 3220 1257 3282 oporteret
1291 3210 1359 3265 ad
1398 3225 1458 3267 se
1506 3211 1949 3282 cognoscendum
1982 3222 2039 3269 et

466 3279 755 3365 colendum
784 3308 908 3362 vitae
935 3279 1218 3362 hominum
1247 3279 1599 3379 suppeditare
1630 3322 1719 3371 ea.
1750 3324 1872 3380 qua
1898 3324 2038 3363 cun—
2062 3279 2110 3344 δ

464 3402 572 3460 ctis
604 3401 729 3457 item
755 3402 1007 3473 gentibus
1028 3400 1183 3455 utilia
1202 3398 1404 3464 forent,
1433 3401 1628 3456 merito
1660 3401 1890 3455 alterum
1918 3415 2041 3471 pro-

464 3497 708 3569 phetam,
741 3497 835 3568 qui
859 3497 1010 3551 nulla
1037 3496 1093 3549 in
1118 3500 1276 3564 parte
1306 3502 1418 3550 suae
1446 3494 1622 3565 ipsius
1651 3493 1851 3548 rationi
1874 3500 2040 3564 atque

464 3590 716 3645 instituto
759 3587 999 3649 cederet.
1045 3588 1114 3643 de
1158 3585 1385 3642 Iudaica
1428 3595 1588 3656 gente
1616 3585 2035 3666 psuscitandum,

467 3682 699 3737 oraculo
736 3679 985 3752 exposito
1030 3679 1260 3743 divinat,
1293 3679 1349 3734 in
1378 3678 1526 3734 hunc
1552 3679 1775 3734 modum
1822 3677 1900 3732 illi
1935 3678 2038 3747 ipsi

462 3776 578 3833 Deo
629 3776 1016 3848 respondente.
1061 3795 1080 3827 ι
1125 3773 1455 3844 Prophetam
1510 3773 1792 3829 suscitabo
1849 3772 1930 3827 eis
1968 3772 2038 3827 de

464 3871 726 3928 fratribus
748 3872 991 3941 ipsorum
1013 3880 1272 3939 tanquam
1288 3877 1362 3932 te,
1376 3870 1431 3924 et
1444 3868 1586 3924 dabo
1608 3868 1835 3922 verbum
1854 3879 2035 3922 meum

463 3967 519 4021 in
550 3980 613 4021 os
637 3966 805 4028 illius,
839 3972 893 4018 et
921 3962 1179 4032 loquetur
1205 3961 1287 4017 eis
1312 3960 1471 4029 juxta
1490 3975 1651 4015 omne
1671 3957 2039 4030 quodcunque

462 4058 795 4113 mandavero
823 4052 903 4109 illi
928 4071 941 4105 :
969 4061 1024 4109 et
1054 4054 1216 4108 homo
1243 4053 1424 4107 omnis
1451 4053 1764 4121 quicunque
1795 4063 1905 4107 non
1933 4066 2034 4105 au-

464 4149 626 4208 dierit
656 4147 824 4202 verba
857 4145 977 4215 ejus
1008 4151 1348 4214 quaecunque
1386 4144 1639 4214 loquetur
1684 4142 1948 4213 propheta
1980 4141 2037 4199 in

464 4242 687 4298 nomine
711 4255 855 4307 meo,
898 4253 998 4310 ego
1032 4237 1267 4292 ulciscar
1305 4252 1372 4293 ex
1402 4252 1469 4293 eo
1484 4237 1555 4294 “.
1600 4254 1618 4289 ι
1658 4236 1865 4292 Similia
1907 4248 2045 4293 vero

468 4334 587 4406 ipse
616 4347 833 4405 quoque
864 4330 1076 4404 Moyses
1120 4331 1227 4385 hoc
1264 4330 1543 4385 oraculum
1572 4330 1951 4401 interpretans.
1967 4329 2037 4385 ad

467 4425 725 4496 populum
757 4425 832 4478 ait
861 4441 874 4477 :
909 4440 928 4474 ι
962 4421 1287 4493 PrOphetam
1312 4421 1380 4477 de
1402 4420 1661 4477 fratribus
1697 4422 1893 4478 vestris
1912 4422 2038 4475 tan-

466 4526 631 4590 quam
660 4532 748 4572 me
784 4516 1072 4573 suscitabit
1114 4513 1378 4568 Dominus
1408 4511 1588 4580 Deus;
1621 4513 1773 4567 illum
1799 4512 2036 4568 audietis

2145 2025 2300 2096 ήμῶν
2342 2020 2546 2097 Ἰησοῦν
2578 2027 2668 2083 τὸν
2703 2024 2937 2099 Χριστὸν
2970 2029 3063 2082 τοῦ
3090 2028 3225 2083 Θεοῦ
3276 2028 3592 2083 συνίσταται
3619 2045 3720 2083 πε-

2143 2118 2249 2189 πλη
2257 2119 2493 2189 ρωμένα.

2142 2320 2218 2376 B’.
2277 2323 2468 2387 Ὅπως
2512 2322 2643 2394 περὶ
2693 2320 2800 2394 τοῦ
2851 2322 3108 2394 Χριστοῦ
3157 2323 3624 2394 προαναφώνουν
3663 2325 3721 2382 οι

2609 2392 2885 2460 Ἐϐραίων
2914 2393 3231 2462 προφῆται.

2213 2482 2435 2553 Πρῶτος
2462 2483 2752 2555 προφητῶν
2766 2485 3005 2556 Μωῦσῆς
3024 2486 3210 2558 ἕτερον
3229 2489 3513 2560 προφήτην
3536 2489 3722 2559 ὅμοιον

2142 2574 2291 2644 αὐτῷ
2332 2574 2739 2646 ἀναστήσασθαι
2794 2577 3222 2645 εὐαγγελίζεται.
3280 2580 3495 2652 Ἐπειδὴ
3535 2580 3645 2652 γὰρ
3684 2581 3720 2653 ή

2142 2670 2262 2724 κατ’
2295 2668 2457 2723 αὐτὸν
2488 2667 2779 2740 νομοθεσία
2824 2670 2972 2741 μόνῳ
3012 2670 3092 2740 τῷ
3135 2670 3401 2725 Ἰουδαίων
3443 2672 3722 2745 προσῆκεν

2141 2761 2303 2823 ἔθνει,
2324 2761 2420 2815 καὶ
2449 2758 2622 2831 τούτῳ
2648 2761 2741 2815 ἐπὶ
2777 2762 2875 2833 τῆς
2904 2762 3160 2827 Ἰουδαίας
3186 2763 3312 2834 γῆς,
3339 2764 3373 2835 ἢ
3417 2764 3559 2836 ἀμφὶ
3585 2763 3721 2818 ταύ-

2139 2871 2260 2927 την,
2288 2854 2411 2926 οὐχὶ
2448 2855 2506 2909 δὲ
2552 2856 2647 2909 καὶ⁸
2681 2854 2761 2927 τῷ
2789 2856 3128 2929 πορρωτάτω
3158 2843 3257 2928 τῆς
3288 2856 3592 2928 ἀλλοδαπῆς
3615 2858 3721 2910 δια-

2138 2947 2379 3020 τρίδοντι
2414 2948 2692 3001 συνῶπται
2734 2946 2822 3001 διά
2856 2947 2965 3001 τῶν
3004 2946 3238 3020 πρόσθεν
3276 2949 3409 3020 ήμῖν
3438 2966 3719 3020 γεγυμνα-

2141 3040 2373 3111 σμένων,
2397 3040 2536 3112 χρῆν
2559 3041 2616 3094 δὲ
2642 3041 2813 3112 δήπου
2839 3036 2930 3095 τὸν
2969 3041 3042 3112 μὴ
3074 3040 3232 3112 μόνον
3269 3042 3535 3095 Ἰουδαίων
3564 3042 3717 3106 Θεὸν,

2140 3130 2277 3185 ἀλλά
2308 3133 2403 3185 καὶ
2431 3132 2622 3196 ἐθνῶν,
2663 3132 2759 3186 καὶ
2800 3133 2869 3186 τά
2912 3134 3045 3185 πᾶσι
3079 3135 3193 3196 τοῖς
3243 3131 3421 3185 ἔθνεσι
3467 3132 3719 3203 λυσιτελῆ

2140 3222 2279 3295 πρὸς
2311 3224 2411 3296 τὴν
2446 3224 2610 3278 αὑτοῦ
2649 3224 2848 3293 γνῶσίν
2879 3241 2937 3276 τε
2973 3214 3068 3277 καὶ
3098 3222 3377 3277 εὐσέϐειαν
3418 3228 3719 3295 παρασχεῖν

2141 3314 2220 3387 τῷ
2255 3315 2374 3387 βίῳ·
2425 3317 2649 3380 εἰκότως
2682 3318 2966 3389 προφήτην
3010 3317 3193 3387 ἕτερον
3234 3318 3357 3369 κατ’
3402 3316 3553 3370 οὐδὲν
3592 3319 3720 3371 ἀπο-

2141 3407 2326 3461 δέοντα
2356 3408 2456 3479 τῆς
2486 3411 2608 3462 κατ’
2655 3407 2815 3463 αὐτὸν
2856 3408 3166 3479 οἰκονομίας
3196 3409 3260 3462 ὲκ
3304 3406 3397 3460 τοῦ
3446 3408 3718 3461 Ἰουδαίων

2140 3498 2325 3566 ἔθνους
2354 3502 2675 3571 ἀναστήσειν
2706 3499 2796 3553 διὰ
2826 3499 3074 3572 χρησμοῦ
3113 3499 3381 3564 θεσπίζει,
3424 3500 3613 3554 τοῦτον
3643 3501 3722 3553 εί-

2141 3591 2370 3663 ρηκότος
2403 3591 2567 3647 αὑτοῦ
2620 3590 2714 3645 τοῦ
2776 3591 2911 3644 Θεοῦ
2956 3584 3047 3645 τὸν
3088 3593 3308 3662 τρόπον’
3350 3610 3370 3644 ι
3425 3592 3721 3664 Προφήτην

2140 3683 2431 3755 ἀναστήσω
2457 3683 2639 3746 αὐτοῖς
2660 3685 2723 3737 ὲκ
2753 3683 2859 3737 τῶν
2893 3683 3135 3753 ἀδελφῶν
3165 3686 3364 3749 αὐτῶν,
3398 3685 3589 3758 ὥσπερ
3635 3686 3720 3753 σὲ,

2141 3777 2237 3832 καὶ
2265 3776 2422 3831 δώσω
2452 3778 2514 3831 τὸ
2542 3773 2693 3850 ῥῆμά
2719 3796 2818 3850 μου
2851 3780 2909 3831 ὲν
2930 3778 3008 3849 τῷ
3035 3780 3263 3850 στόματι
3296 3777 3483 3843 αὐτοῦ,
3515 3780 3610 3833 καὶ
3628 3779 3721 3833 λα-

2136 3868 2291 3941 λήσει
2335 3870 2518 3934 αὑτοῖς
2568 3869 2690 3925 καθ’
2720 3872 2749 3925 ὃ
2787 3882 2839 3923 τι
2876 3870 2941 3923 ἂν
2973 3872 3302 3944 ἐντέλλωμαι
3343 3871 3510 3944 αὐτῷ·
3552 3873 3647 3927 καὶ
3689 3873 3721 3928 6

2137 3959 2421 4033 ἄνθρωπος
2450 3960 2509 4025 ὃς
2531 3959 2597 4015 ἂν
2623 3961 2696 4033 μὴ
2730 3961 2937 4035 ἀκούσῃ
2958 3961 3066 4016 τῶν
3090 3960 3261 4031 λόγων
3287 3962 3475 4027 αὐτοῦ,
3515 3965 3616 4018 ὅσα
3652 3964 3722 4019 ἂν

2138 4051 2351 4125 λαλήσῃ
2378 4054 2408 4105 ὁ
2439 4055 2724 4126 προφήτης
2752 4054 2843 4108 ἐπὶ
2874 4055 2950 4125 τῷ
2996 4054 3219 4125 ὀνόματί
3265 4073 3385 4125 μου,
3428 4054 3538 4123 ἐγὼ
3576 4056 3721 4110 ἐκδι-

2138 4148 2292 4218 κήσω
2319 4147 2377 4214 ἐξ
2402 4147 2586 4200 αὐτοῦ.
2630 4166 2648 4199 ι
2679 4146 2759 4201 Τά
2787 4129 2948 4217 ὃμοια
2972 4145 3027 4198 δὲ
3071 4146 3166 4199 καὶ
3205 4144 3367 4210 αὐτὸς
3399 4146 3431 4201 ὁ
3478 4147 3721 4218 Μωῦοῆς

2138 4234 2274 4310 πρὸς
2292 4238 2386 4297 τὸν
2410 4238 2538 4296 λαὸν
2565 4238 2643 4291 διε
2653 4237 2934 4308 ρμηνεύων
2956 4237 3016 4290 τὸ
3037 4236 3129 4289 τοῦ
3163 4235 3299 4289 Θεοῦ
3328 4236 3532 4306 λόγιον,
3560 4238 3715 4309 φησί.

2143 4347 2163 4380 ι
2202 4329 2490 4400 Προφήτην
2519 4330 2583 4381 ὲκ
2605 4327 2714 4381 τῶν
2738 4327 2977 4395 ἀδελφῶν
3007 4326 3158 4398 ὑμῶν
3189 4328 3264 4390 ὡς
3291 4327 3390 4397 ἐμὲ
3427 4329 3720 4400 ἀναστήσει

2137 4419 2342 4492 Κύριος
2377 4421 2406 4472 ὁ
2447 4419 2580 4482 Θεός
2626 4436 2743 4482 σου,
2804 4418 2969 4473 αὑτοῦ
3003 4419 3300 4472 ἀκούσεσθε
3345 4420 3487 4473 κατά
3541 4420 3721 4476 πάντα

2136 4513 2239 4568 ὅσα
2265 4514 2453 4585 ᾐτήσω
2477 4512 2629 4584 παρά
2654 4511 2861 4583 Κυρίου
2886 4512 2981 4566 τοῦ
3004 4511 3140 4565 Θεοῦ
3170 4514 3229 4566 ὲν
3256 4512 3459 4584 Χωρήδ
3485 4508 3552 4585 τῇ
3582 4512 3720 4584 ἠμέ-

468 4627 522 4665 ιη
563 4608 816 4664 omnibus
860 4621 1201 4678 quacunque
1242 4604 1533 4675 postulasti
1576 4619 1607 4657 a
1649 4604 1880 4661 Domino
1922 4604 2037 4661 Deo

2142 4624 2214 4680 ρᾳ
2242 4608 2341 4679 τῆς
2379 4606 2722 4676 Ἑκκλησίας.
2760 4625 2779 4659 ι
2815 4602 2943 4678 Ἆρ’
2966 4600 3058 4659 οὖν
3087 4607 3135 4658 oi
3162 4606 3298 4677 μετὰ
3316 4600 3555 4659 Μωῦσέα
3586 4616 3719 4678 προ-

467 4719 559 4757 ιιιο
585 4703 639 4757 ἱη
689 4700 891 4764 Horeb,
922 4700 974 4754 in
1000 4700 1088 4755 die
1118 4697 1528 4755 concisionis".
1562 4717 1581 4751 ι
1614 4696 1752 4752 Num
1783 4698 1947 4769 igitur
1966 4714 2035 4753 ex

444 4798 534 4852 iis
584 4796 678 4867 qui
717 4805 837 4864 post
866 4792 1090 4867 Moysen
1131 4791 1461 4847 exstiterunt
1506 4789 1808 4861 Pr0phetm,
1840 4790 2033 4858 Isaias,

423 4864 438 4921 ’·
467 4864 696 4959 exempli
729 4886 926 4957 gratia,
956 4864 1050 4939 aut
1075 4883 1366 4948 Jeremias,
1401 4890 1495 4939 aut
1514 4881 1786 4947 Ezechiel,
1818 4890 1911 4939 aut
1939 4883 2038 4938 Da-

412 5028 415 5035 .
448 4970 595 5046 Vniel,
627 4987 719 5034 aut
740 4979 883 5033 alius
913 4961 1185 5049 quispiam
1205 4975 1273 5031 de
1293 4976 1512 5031 ceteris
1540 4973 1825 5031 duodecim
1856 4976 2035 5048 legum

469 5078 659 5125 auctor
688 5068 858 5140 Moysi
883 5068 1250 5124 conferendas
1278 5068 1525 5123 exstitit?
1544 5078 1904 5139 nequaquam.
1929 5066 2036 5123 Sed

469 5177 531 5218 cx
557 5161 669 5216 illis
697 5160 939 5224 tandem,
971 5161 1097 5229 quis
1120 5173 1358 5230 unquam
1386 5157 1559 5231 Moysi
1593 5160 1793 5215 similia
1823 5159 2039 5217 effecit?

469 5266 737 5323 nusquam
768 5252 973 5322 poteris
1003 5251 1208 5307 dicere.
1244 5249 1352 5306 Sed
1380 5251 1613 5322 quisque
1629 5253 1847 5307 illorum
1879 5268 1909 5307 a
1930 5254 2037 5323 pri-

469 5358 555 5397 mo
585 5342 652 5396 ad
679 5343 1038 5399 novissimum
1071 5357 1431 5412 quoscunque
1459 5344 1817 5399 instituebant
1845 5359 1908 5398 ac
1930 5344 2033 5398 doo

470 5436 681 5501 cebant,
734 5438 799 5491 ad
837 5437 1017 5507 ipsum
1065 5430 1287 5507 Moysen
1334 5436 1722 5502 remittebant,
1774 5445 1938 5510 atque
1979 5440 2035 5495 in

470 5536 569 5579 hoc
597 5527 855 5596 populum
901 5526 1388 5596 reprehendebant,
1438 5527 1581 5597 quod
1616 5526 1816 5599 Moysis
1861 5529 2032 5600 legem

472 5630 574 5668 non
624 5622 920 5679 servasset,
977 5615 1072 5670 sed
1125 5626 1315 5670 contra
1371 5617 1517 5671 illam
1570 5616 1809 5681 fecisset,
1858 5634 2037 5689 neque

464 5707 617 5766 illum
664 5705 732 5758 ad
778 5705 1073 5775 quidquam
1124 5707 1269 5762 aliud
1309 5707 1693 5771 h'ortabantur,
1735 5707 1841 5764 nisi
1873 5709 1938 5764 ad
1970 5724 2031 5763 ea

422 5851 432 5890 l
536 5859 582 5892 οε
618 5856 772 5916 Dem,
818 5860 1204 5932 “uulgus.
1280 5860 1705 5927 "lbid.l$,l6.

2138 4699 2325 4770 φῆται,
2387 4698 2631 4762 Ἡσαΐας,
2676 4691 2830 4769 φέρε,
2871 4698 2905 4770 ἢ
2951 4697 3235 4769 Ἱερεμίας,
3272 4696 3305 4769 ἢ
3352 4696 3629 4769 Ἰεζεκιὴλ,
3679 4696 3715 4769 ἢ

2138 4791 2356 4863 Δανιὴλ,
2408 4792 2441 4863 ἦ
2478 4808 2561 4855 τις
2598 4790 2785 4863 ἕτερος
2820 4791 2931 4845 τῶν
2973 4790 3199 4855 δώδεκα,
3226 4791 3452 4845 Μωῦσεῖ
3480 4790 3716 4862 κατέστη

2139 4884 2517 4957 παραπλήσιος
2564 4884 2897 4955 νομοθέτης;
2934 4883 3202 4955 οὐδαμῶς.
3261 4882 3420 4937 Ἀλλά
3461 4883 3532 4937 τὰ
3558 4882 3719 4954 ὅμοιά

2138 4993 2222 5040 τις
2244 4976 2467 5031 ἐκείνων
2490 4978 2715 5030 Μωῦσεϊ
2741 4976 3176 5046 διαπέπρακται;
3208 4976 3307 5029 οὐκ
3347 4976 3492 5029 ἐστιν
3519 4978 3713 5030 εἰπεῖν.

2141 5068 2411 5132 Ἕκαστος
2432 5067 2561 5138 γοῦν
2584 5067 2762 5122 αὐτῶν
2784 5066 2891 5121 ἀπὸ
2918 5062 3132 5140 πρώτου
3160 5068 3252 5121 καὶ
3290 5070 3369 5132 είς
3405 5066 3497 5122 τὸν
3534 5067 3718 5120 τελευ-

2140 5164 2310 5225 ταῖον,
2341 5162 2432 5214 ἐπὶ
2461 5158 2700 5216 Μωῦσέα
2714 5162 2842 5223 τοὺς
2860 5159 3238 5232 ἀκροωμένους
3260 5159 3593 5229 ἀνέπεμπον,
3622 5158 3717 5213 καὶ

2140 5252 2232 5305 τόν
2254 5269 2315 5321 γε
2347 5253 2489 5306 κατὰ
2509 5250 2603 5305 τοῦ
2628 5248 2754 5307 λαοῦ
2773 5252 2990 5323 ἔλεγχον
3014 5251 3099 5305 διὰ
3125 5252 3222 5316 τάς
3249 5251 3592 5325 παραϐάσεις
3619 5252 3713 5305 τοῦ

2142 5343 2421 5407 Μωῦσέως
2435 5343 2713 5397 ἐποιοῦντο
2728 5345 2913 5416 νόμου,
2942 5344 3283 5417 προῦτρεπόν
3306 5361 3365 5396 τε
3402 5343 3551 5397 οὐδὲν
3587 5343 3716 5398 ἀλλο

2141 5433 2175 5507 ἢ
2199 5433 2308 5487 τῶν
2332 5435 2484 5506 παρὰ
2507 5436 2639 5489 Μωῦ
2650 5438 2729 5489 σεῖ
2752 5436 3256 5508 νενομοθετημένων
3280 5433 3580 5506 ὲξέχεσθαι.
3617 5434 3718 5488 06-

2141 5525 2264 5578 δένα
2294 5524 2425 5593 γοῦν
2449 5526 2653 5581 τούτων
2687 5529 2887 5599 ὅμοιον,
2922 5528 3164 5599 Μωῦσῆς
3193 5526 3253 5580 δὲ
3284 5527 3410 5597 περὶ
3442 5526 3560 5590 ἑνὸς
3590 5526 3716 5596 ὡρι-

2145 5617 2355 5689 σμένως
2391 5620 2678 5688 ἀναφωνεί.
2721 5621 2852 5675 Τίνα
2888 5620 3065 5674 τοίνυν
3102 5622 3130 5674 ὁ
3175 5620 3420 5689 χρησμὸς
3465 5617 3713 5683 θεσπίζει

2138 5706 2364 5764 Μωῦσεῖ
2394 5712 2771 5785 παραπλήσιον
2805 5712 3022 5766 ἔσεσθαι
3050 5714 3332 5782 προφήτην
3367 5711 3399 5781 ἦ
3434 5711 3591 5782 μόνον
3618 5708 3713 5767 τὸν
