4126 6412
389 319 491 375 £69

1263 303 1910 364 οενοκετιιλτιοινεε
1949 299 2413 358 EVANGELICE
2452 297 2583 360 LIB.
2619 295 2707 354 111.

3517 297 3619 359 170

387 433 614 505 Σωτῆρα
661 431 756 485 καὶ
800 428 1001 501 Κύριον
1049 427 1203 498 ἡμῶν
1265 424 1470 496 Ἰησοῦν
1524 423 1615 476 τὸν
1679 421 1946 493 Χριστόν;

2059 417 2282 471 firmiter
2323 415 2580 479 tenenda,
2623 429 2744 486 quae
2793 413 2847 469 in
2887 414 3005 486 lege
3039 412 3205 470 Musis
3247 413 3424 485 posita
3465 424 3614 470 sunt.

389 526 576 586 Ὅπως
628 521 683 575 δὲ
713 520 855 574 τοῦτ’
902 520 1149 591 εἴρηται,
1191 515 1579 586 διασκέψασθαι
1633 514 1944 582 ἀναγκαῖον.

385 612 628 681 Μωῦσῆς
677 609 890 681 πρῶτος
940 609 1178 679 ἡγήσατο
1242 605 1336 659 τοῦ
1407 603 1669 657 Ἰουδαίων
1741 599 1943 662 ἔθνους.

388 700 578 771 Εὐρὼν
596 701 652 754 δὲ
680 699 874 760 αὐτοὺς
898 701 962 768 τῇ
987 701 1126 752 κατά
1153 695 1480 764 Αἰγυπτίους
1508 692 1752 763 πολυθέῳ
1773 690 1950 761 πλάνῃ

389 791 781 862 προσέχοντας,
854 790 1067 860 πρῶτος
1131 788 1228 859 μὲν
1301 787 1502 857 ταύτης
1569 784 1904 854 ἀπέστρεψεν
1931 823 1946 845 ,

387 882 774 952 ἀπαραιτήτοις
803 880 1091 950 τιμωρίαις
1119 877 1496 948 ἀπαγορεύσας
1530 873 1948 944 εἰδωλολατρεῖν·

388 969 600 1036 πρῶτος
631 968 687 1020 δὲ
716 968 897 1030 αὐτοῖς
937 969 1028 1020 καὶ
1067 968 1164 1036 τὴν
1192 967 1317 1038 περὶ
1350 966 1640 1037 μοναρχίας
1675 963 1950 1030 θεολογίαν

390 1056 731 1127 κατήγγειλε,
761 1057 851 1109 τὸν
873 1056 980 1108 τῶν
1010 1057 1264 1110 ἁπάντων
1287 1055 1646 1127 Δημιουργδν,
1672 1054 1766 1106 καὶ
1793 1070 1949 1122 ποιηε

389 1149 484 1220 τὴν
519 1149 675 1219 μόνον
713 1146 1085 1220 παραγγείλας
1137 1146 1332 1199 σέϐειν·
1364 1145 1576 1216 πρῶτος
1604 1143 1658 1196 δὲ
1685 1144 1778 1195 καὶ
1802 1144 1948 1210 ἀγω-

386 1243 485 1311 γήν
518 1257 636 1294 τινα
688 1240 969 1303 θεοσεϐοῦς
1015 1239 1128 1309 βίου
1160 1241 1273 1300 τοῖς
1310 1238 1491 1299 αὐτοῖς
1537 1234 1946 1304 διαταξάμενος,

383 1329 676 1401 νομοθέτης
698 1330 880 1392 αὐτοῖς
912 1327 1165 1390 εὐσεϐοῦς
1191 1327 1460 1389 πολιτείας
1487 1326 1696 1396 πρῶτος
1723 1324 1816 1376 καὶ
1851 1323 1948 1394 μό-

383 1438 474 1485 νος
495 1421 887 1476 ἀποδέδεικται.
907 1421 1064 1473 Ἀλλά
1092 1420 1185 1473 καὶ
1224 1419 1429 1490 Ἰησοῦς
1462 1420 1490 1470 ὁ
1516 1416 1749 1489 Χριστὸς
1781 1417 1946 1468 Mutti-

385 1515 469 1564 σεῖ
501 1512 914 1583 παραπλησίως,
946 1512 1040 1564 καὶ
1075 1511 1206 1564 πολὺ
1239 1510 1563 1582 κρειττόνως
1600 1509 1812 1579 πρῶτος
1848 1507 1950 1578 τῆς

381 1605 504 1658 κατ’
542 1604 818 1658 εὐσέϐειαν
849 1604 1196 1666 διδασκαλίας
1243 1606 1355 1666 τοῖς
1387 1603 1594 1664 λοιποῖς
1624 1599 1799 1653 ἔθνεσι
1849 1616 1950 1653 κα-

383 1694 660 1768 θηγήσατο
693 1696 787 1750 καὶ
827 1695 1040 1767 πρῶτος
1067 1694 1374 1766 ἀνατροπὴν
1400 1693 1500 1764 τῆς
1536 1692 1655 1746 καθ’
1691 1692 1819 1763 ὅλην
1850 1690 1948 1761 τὴν

2053 505 2273 562 Nullum
2331 506 2500 578 igitur
2539 507 2735 560 borum
2777 505 2853 558 illi
2891 503 3123 561 similem
3170 505 3374 562 dixeris
3408 526 3421 561 :
3468 508 3619 577 atqui

2056 598 2234 654 Moses
2265 599 2332 654 de
2370 613 2481 653 uno
2524 598 2787 652 duntaxat
2830 605 2974 652 certe
3005 612 3070 652 ac
3104 597 3323 654 deﬁnite
3355 600 3618 670 loquitur.

2055 691 2355 756 Quemnam
2374 688 2536 758 igitur
2553 688 2716 740 alium
2737 685 2870 740 Mosi
2886 686 3116 740 similem
3139 686 3378 742 futurum
3396 689 3624 760 prophe-

2055 788 2164 834 tam
2195 779 2343 834 canit
2371 779 2655 833 oraculum
2681 779 2832 841 illud,
2852 779 2956 833 nisi
2994 778 3328 834 Salvatorem
3358 790 3413 836 et
3441 781 3623 836 Domi—

2057 886 2184 925 num
2215 877 2459 924 nostrum
2479 867 2662 924 Jesum
2681 868 2956 923 Christum
2975 869 3295 935 ?Quomodo
3317 881 3496 926 autem
3519 873 3622 927 hoc

2055 963 2256 1017 dictum
2276 962 2683 1032 sit,diligentius
2699 963 3052 1032 contemplari
3069 978 3288 1017 necesse
3300 961 3624 1020 estprimus

2057 1054 2233 1109 Moses
2254 1056 2397 1122 genti
2425 1053 2664 1108 Judaicae
2686 1052 2924 1123 praefuit:
2947 1070 3180 1124 cumque
3202 1072 3296 1111 eos
3331 1057 3624 1127 deprehen-

2055 1147 2224 1203 disset
2249 1144 2519 1218 Egyptiis
2547 1146 3048 1216 superstitionibus,
3069 1149 3470 1219 multorumque
3501 1150 3626 1205 deo-

2056 1255 2175 1295 rum
2194 1240 2341 1294 cultu
2360 1239 2670 1308 implicitos,
2689 1238 2900 1308 primus
2917 1238 2985 1292 ab
3003 1239 3068 1294 iis
3085 1239 3205 1295 illos
3223 1241 3436 1303 avertit,
3457 1241 3627 1297 inevi-

2055 1330 2315 1387 tabilibus
2333 1330 2614 1400 suppliciis
2627 1330 2865 1383 cultores
2881 1329 3294 1384 simulacrorum
3318 1330 3620 1386 deterrens:

2054 1421 2158 1492 91
2191 1429 2244 1477 et
2293 1421 2502 1492 primus
2557 1422 2638 1476 eis
2692 1422 3017 1492 theologiam
3065 1421 3322 1483 ostendit,
3354 1438 3473 1477 eam
3507 1439 3626 1493 qua:

2056 1516 2221 1569 unius
2242 1513 2606 1585 principatum
2631 1513 2809 1577 docet,
2835 1514 3197 1583 praecepitque
3228 1521 3285 1566 ut
3316 1530 3480 1567 unum
3509 1515 3628 1584 opi-

2058 1605 2210 1660 ﬁcem
2265 1615 2648 1674 auctoremque
2698 1620 2876 1659 rerum
2928 1605 3169 1659 omnium
3203 1605 3440 1660 colerent
3472 1623 3484 1658 :
3513 1606 3626 1675 pri-

2057 1715 2179 1755 mus
2219 1699 2384 1754 etiam
2439 1697 2704 1766 religiosae
2730 1698 2853 1751 vita:
2880 1698 2985 1753 illis
3015 1697 3409 1754 institutionem
3433 1715 3626 1768 quam-

383 1789 709 1858 οίκουμένην
759 1787 1194 1858 είδωλολατρείας
1249 1785 1570 1857 εἰργάσατοο
1628 1783 1842 1855 πρῶτός
1893 1799 1950 1835 τε

2059 1787 2176 1840 tiam
2235 1785 2530 1854 disponens
2579 1792 2742 1854 atque
2800 1786 3108 1855 assignans,
3159 1787 3260 1855 piae
3317 1797 3627 1857 sanctaeque

386 1879 482 1948 τὴν
507 1879 624 1942 ἑνὸς
654 1879 747 1932 τοῦ
779 1879 1159 1950 παμϐασιλέως
1187 1878 1321 1930 Θεοῦ
1347 1877 1547 1946 γνῶσίν
1577 1893 1636 1928 τε
1671 1875 1766 1928 καὶ
1797 1873 1952 1927 εὐσέ-

388 1972 539 2025 ϐειαν
577 1973 739 2024 πᾶσιν
774 1970 1078 2042 ἀνθρώποις
1123 1968 1481 2041 προύϐάλετο,
1513 1967 1699 2021 καινοῦ
1741 1983 1800 2019 τε
1837 1964 1949 2035 βίου

387 2064 478 2116 καὶ
499 2062 766 2126 πολιτείας
793 2063 1063 2116 θεοσεϐέσι
1091 2060 1468 2133 προσηκούσης
1485 2059 1698 2131 πρῶτος
1719 2060 1950 2126 εἰσαγωο

384 2157 514 2223 γεύς
554 2155 647 2208 καὶ
679 2155 972 2226 νομοθέτης
1011 2155 1403 2207 ἀποδέδεικται.
1453 2151 1561 2205 Καὶ
1593 2151 1661 2204 τὰ
1705 2148 1866 2203 λοιπά
1895 2149 1953 2202 δὲ

381 2245 451 2299 τὰ
481 2247 604 2318 περὶ
630 2246 836 2317 κόσμου
873 2246 1158 2314 γενέσεως,
1184 2244 1278 2296 καὶ
1300 2243 1368 2296 τὰ
1396 2243 1524 2313 περὶ
1550 2241 1725 2311 ψυχῆς
1752 2240 1954 2293 ἀθανα-

385 2337 527 2399 σίας,
557 2338 649 2390 καὶ
670 2338 770 2390 ὅσα
797 2337 930 2390 ἀλλα
961 2336 1222 2406 φιλόσοφα
1249 2335 1491 2403 δόγματα
1530 2333 1748 2403 πρῶτος
1785 2333 1953 2384 Μωῦ-

387 2423 488 2493 σῆς
518 2424 594 2494 τῷ
640 2425 910 2478 Ἰουδαίων
946 2422 1260 2494 παρέδωκεν
1305 2421 1480 2484 ἔθνει,
1513 2421 1684 2474 ταῦτα
1725 2419 1953 2490 θεοπρε-

387 2516 646 2587 πέστερον
680 2516 894 2587 πρῶτος
922 2519 1032 2579 τοῖς
1063 2515 1267 2578 λοιποῖς
1291 2513 1499 2568 ἔθνεσιν
1533 2511 1740 2583 Ἰησοῦς
1763 2515 1790 2566 ὁ
1821 2513 1954 2583 Χρι-

388 2604 510 2667 στὸς
563 2604 650 2658 διὰ
703 2605 811 2658 τῶν
857 2605 1019 2658 αὐτοῦ
1076 2603 1333 2675 μαθητῶν
1380 2602 1771 2673 κατήγγειλεν*
1812 2600 1952 2655 ὥστε

386 2696 621 2748 Μωῦσέα
664 2696 762 2766 μὲν
810 2695 1034 2758 εἰκότως
1068 2694 1284 2766 πρῶτον
1329 2695 1422 2747 καὶ
1470 2694 1627 2763 μόνον
1673 2691 1952 2754 εὐσεϐείας

385 2784 678 2855 νομοθέτην
723 2785 1119 2855 ἀνηγορεῦσοαι
1163 2784 1454 2847 Ἰουδαίων,
1515 2782 1720 2851 Ἰησοῦν
1767 2783 1822 2835 δὲ
1859 2781 1952 2834 τὸν

385 2875 616 2944 Χριστὸν
639 2875 746 2928 τῶν
774 2875 940 2928 ἐθνῶν
964 2875 1235 2937 ἁπάντων,
1263 2872 1403 2926 κατά
1427 2872 1523 2943 τὴν
1551 2876 1798 2942 φήσασαν
1823 2871 1952 2941 περὶ

387 2965 550 3020 αὐτοῦ
583 2967 945 3038 προφητείαν·
975 2986 992 3017 ι
1027 2966 1400 3036 Κατάστησον,
1432 2963 1623 3034 Κύριε,
1659 2961 1951 3034 νομοθέτην

387 3059 474 3111 ἐπ’
519 3058 744 3122 αὐτούς·
793 3057 1086 3127 γνώτωσαν
1132 3057 1280 3128 ἔθνη,
1321 3057 1402 3108 δτι
1436 3055 1708 3128 ἄνθρωποί
1751 3057 1875 3108 εἱσι.
1929 3073 1948 3106 ι

387 3150 552 3204 Πάλιν
569 3152 804 3222 Μωῦσῆς
825 3151 1143 3221 θαυμασίοις
1170 3148 1350 3220 έργοις
1373 3149 1466 3201 καὶ
1487 3145 1956 3218 παραδοξοποιίαις

386 3243 484 3315 τὴν
519 3243 652 3315 πρὸς
700 3242 862 3296 αὐτοῦ
897 3240 1358 3310 καταγγελθεῖσαν
1404 3237 1683 3290 εὐσέϐειαν
1725 3233 1957 3287 smn-0')-

391 3353 537 3390 σατο.
578 3335 848 3399 Ὡσαύτως
881 3336 938 3388 δὲ
978 3336 1070 3388 ttat
1097 3336 1125 3386 ό
1157 3332 1408 3404 Χριστὸς,
1439 3333 1559 3393 ταῖς
1588 3327 1955 3398 ἀναγράπτοις

388 3427 848 3498 θαυματουργίαις
881 3426 1015 3497 πρὸς
1048 3426 1227 3477 πίστιν
1259 3423 1366 3476 τῶν
1391 3421 1640 3494 δρώντων
1679 3418 1956 3490 κεχρημέ-

389 3536 499 3582 νος,
531 3519 599 3572 τά
643 3519 804 3572 καινὰ
851 3519 951 3587 τῆς
990 3517 1346 3587 εὐαγγελικῆς
1397 3514 1739 3576 διδασκαλίας
1791 3510 1954 3565 αὐτοῦ

395 3611 685 3682 μαθήματα
713 3611 1090 3681 συνεστήσατο.
1119 3609 1287 3661 Πάλιν
1303 3607 1537 3677 Μωῡσῆς
1553 3608 1618 3658 ἐκ
1644 3605 1843 3676 πικρᾶς
1858 3603 1958 3674 τῆς

391 3703 482 3756 ὑπ’
515 3702 828 3771 Αἰγυπτίοις
850 3702 1089 3765 δουλείας
1117 3702 1177 3754 τὸ
1219 3700 1481 3753 Ἰουδαίων
1511 3698 1662 3760 ἔθνος
1691 3699 1769 3759 εἰς
1801 3696 1954 3748 ὲλευ-

390 3777 573 3866 θερίαν
618 3795 1012 3864 μετεστήσατο·
1058 3793 1152 3845 καὶ
1201 3789 1407 3860 Ἰησοῦς
1449 3789 1505 3842 δὲ
1547 3789 1576 3842 ὁ
1614 3787 1850 3860 Χριστὸς
1893 3787 1960 3838 ἐκ

388 3885 490 3955 τῆς
516 3885 619 3938 ὑπὸ
645 3888 755 3947 τοῖς
787 3885 1037 3954 πονηροῖς
1077 3882 1290 3952 δαίμοσι
1328 3879 1618 3944 δυσσεϐοῦς
1658 3880 1752 3933 καὶ
1789 3881 1957 3948 Λίγυ-

391 3977 629 4047 πτιακῆς
667 3974 1104 4044 είδωλολατρείας
1149 3975 1228 4036 είς
1273 3971 1582 4043 ἐλευθερίαν
1630 3971 1690 4024 τὸ
1741 3971 1958 4025 πάντων

389 4063 691 4134 ἀνθρώπων
740 4064 893 4132 γένος
934 4061 1311 4116 ἀνεκαλέσατο.
1361 4061 1528 4115 Πάλιν
1566 4061 1809 4127 Μωῦσῆς
1854 4061 1959 4132 γῆν

391 4156 553 4224 ἁγίαν
595 4155 686 4208 καὶ
734 4154 955 4224 θεοφιλῆ
1004 4153 1114 4222 βίον
1167 4155 1223 4205 ἐν
1266 4153 1438 4226 ταύτῃ
1483 4154 1577 4207 καὶ
1627 4154 1960 4225 μακαριστὸν

388 4250 501 4311 τοῖς
536 4249 644 4300 τῶν
681 4247 860 4317 νόμων
903 4244 1126 4315 φύλαξιν
1165 4245 1560 4315 ὲπηγγείλατο’
1599 4246 1861 4309 ὡσαύτως
1902 4245 1958 4298 δὲ

388 4338 482 4392 καὶ
537 4335 740 4408 Ἰησοῦς
771 4337 800 4388 ὁ
837 4336 1088 4404 Χριστὸς,
1129 4353 1148 4388 t
1197 4335 1495 4405 Μακάριοι,
1539 4353 1556 4386 ι
1605 4335 1791 4406 φησιν,
1831 4353 1851 4386 ‹
1909 4337 1958 4389 οἱ

2053 1875 2367 1946 reipublicae
2398 1873 2506 1927 illis
2536 1883 2727 1926 auctor
2755 1883 2810 1927 et
2836 1875 3044 1943 primus
3068 1883 3121 1930 et
3145 1877 3296 1930 solus
3324 1878 3574 1946 apparuit
3607 1893 3623 1932 :

2055 1965 2204 2036 atqui
2247 1962 2407 2019 Jesus
2434 1979 2650 2032 quoque
2676 1963 2931 2020 Christus
2961 1967 3105 2022 sicut
3138 1965 3313 2022 Moses
3345 1967 3620 2028 similiter.

2055 2071 2118 2110 ac
2175 2057 2344 2110 multo
2392 2053 2609 2125 quidem
2663 2057 3061 2114 excellentius:
3098 2059 3190 2127 qui
3247 2059 3456 2128 primus
3503 2059 3624 2128 ejus

2054 2146 2335 2205 doctrina}.
2392 2160 2514 2216 quae
2560 2160 2740 2201 veram
2786 2147 3100 2217 religionem
3137 2149 3372 2204 instituit
3404 2152 3628 2221 reliquis

2054 2237 2328 2307 gentibus.
2378 2245 2572 2289 auctor
2623 2242 2678 2290 et
2723 2239 2984 2307 magister
3027 2237 3150 2304 fuit,
3209 2246 3263 2293 et
3295 2240 3502 2308 primus
3531 2257 3630 2311 per

2054 2334 2226 2380 totum
2264 2333 2533 2380 terrarum
2564 2325 2750 2380 orbem
2803 2327 3219 2383 simulacrorum
3246 2331 3450 2383 cultum
3474 2345 3629 2385 ever

2055 2419 2139 2481 tit,
2173 2416 2491 2488 primusque
2543 2415 2707 2470 unius
2759 2417 3004 2471 omnium
3045 2417 3188 2487 regis
3233 2417 3326 2473 Dei
3363 2419 3629 2489 cognitio-

2057 2524 2180 2563 nem
2231 2518 2285 2563 et
2339 2510 2698 2563 reverentiam
2748 2509 2962 2563 cunctis
2989 2510 3228 2564 ostendit
3269 2510 3581 2567 hominibus
3611 2552 3626 2575 ,

2055 2615 2316 2668 novaeque
2377 2599 2499 2653 vita:
2545 2614 2610 2653 ac
2661 2599 2764 2669 piis
2819 2600 3132 2656 hominibus
3187 2603 3625 2664 accommodata,

2055 2691 2366 2761 reipublicae
2395 2691 2607 2760 primus
2644 2689 3006 2754 introductor,
3027 2691 3267 2762 legisque
3290 2693 3428 2746 lator
3459 2695 3629 2747 exsti-

2055 2783 2138 2836 tit.
2168 2782 2246 2836 Ad
2284 2783 2416 2845 hmc,
2446 2796 2507 2837 ea
2538 2796 2658 2852 qua;
2691 2780 2756 2836 de
2781 2782 2967 2836 mundi
3001 2793 3147 2847 ortu,
3182 2792 3235 2838 et
3263 2800 3382 2854 quae
3412 2784 3478 2839 de
3505 2786 3627 2839 ani-

2055 2889 2156 2929 ma:
2184 2873 2590 2928 immortalitate
2623 2873 2892 2940 feruntur,
2924 2874 3139 2944 aliaque
3171 2875 3353 2930 omnia
3398 2877 3634 2946 philoso-

2054 2967 2215 3038 phica
2262 2972 2532 3036 praecepta
2572 2981 2911 3036 quaecunque
2940 2966 3181 3036 ejusdem
3224 2974 3353 3021 sunt
3393 2969 3628 3038 generis,

2059 3063 2268 3132 primus
2304 3061 2481 3116 Moses
2511 3059 2822 3116 Judzeorum
2856 3062 3078 3116 tradidit
3118 3056 3346 3114 nationi.
3377 3058 3480 3114 Sed
3515 3059 3629 3113 haec

2061 3151 2232 3205 multo
2287 3136 2555 3219 divinius,
2623 3153 2832 3222 primus
2886 3153 3098 3207 caeteris
3164 3153 3414 3224 gentibus
3471 3150 3631 3205 Jesus

2058 3244 2313 3300 Christus
2347 3263 2442 3316 per
2473 3263 2602 3302 suos
2638 3246 2938 3318 discipulos
2962 3247 3376 3310 demonstravit,
3409 3253 3466 3300 ut
3501 3260 3634 3301 sane

2059 3337 2256 3392 merito
2309 3337 2512 3394 Mosem
2557 3339 2792 3410 primum
2852 3340 3138 3409 solumque
3180 3339 3398 3410 pietatis
3453 3339 3630 3408 legum

2057 3427 2283 3484 latorem
2333 3427 2644 3485 Iudaeorum
2696 3431 2968 3503 appellare
3025 3445 3238 3501 aequum
3297 3431 3389 3494 sit,
3447 3428 3632 3484 Jesum

2061 3527 2242 3574 autem
2278 3519 2556 3576 Christum
2609 3524 2850 3594 gentium
2900 3522 3297 3585 universarum,
3329 3521 3471 3577 sicut
3507 3536 3635 3592 pro—

2061 3609 2242 3679 phetia
2269 3625 2390 3680 qua
2406 3611 2473 3667 de
2501 3613 2593 3667 illo
2627 3623 2731 3678 est,
2759 3615 2907 3668 canit
2946 3635 2956 3669 :
2999 3633 3018 3667 ι
3052 3614 3356 3677 Constitue,
3383 3612 3629 3678 Domine,
3661 3610 3670 3680 ί

2065 3699 2428 3768 legislatorem
2486 3718 2652 3784 super
2705 3719 2825 3770 eos,
2882 3711 3183 3774 agnoscant
3237 3713 3427 3775 gentes
3487 3704 3632 3774 quod

2061 3791 2308 3846 homines
2331 3795 2571 3850 sunt’m
2603 3793 2779 3850 Moses
2809 3803 3063 3864 praeterea
3093 3796 3261 3865 gestis
3294 3795 3634 3850 mirabilibus

2060 3893 2116 3939 ct
2143 3885 2427 3955 prodigiis,
2463 3887 2776 3958 religionem
2805 3901 2834 3940 a
2871 3902 2929 3941 se
2959 3887 3263 3944 institutam
3293 3896 3346 3940 et
3377 3886 3631 3941 traditam

2064 3973 2425 4030 conﬁrmavit.
2479 3976 2664 4032 itidem
2719 3975 2973 4032 Christus
3023 3977 3091 4031 iis
3146 3975 3460 4038 miraculis.
3511 3990 3635 4045 qua

2063 4066 2227 4120 etiam
2257 4069 2478 4138 scriptis
2512 4068 2709 4123 tradita
2739 4085 2863 4125 esse
2897 4083 3088 4124 omnes
3118 4069 3369 4122 novimus
3406 4067 3474 4122 ad
3505 4066 3636 4121 iide-

2065 4157 2196 4211 lium
2222 4158 2546 4216 intuentium
2579 4175 2735 4224 usus,
2808 4159 2967 4217 novis
3013 4175 3125 4216 suae
3173 4157 3437 4215 doctrinae
3469 4173 3640 4214 evan-

2063 4249 2248 4319 gelica:
2307 4250 2615 4320 praeceptis,
2676 4251 3028 4306 stabilitatem
3092 4264 3156 4304 ac
3217 4249 3633 4320 perpetuitatem

2066 4338 2331 4408 adiunxit.
2364 4339 2576 4395 Rursus
2601 4339 2778 4396 Moses
2804 4347 3021 4411 gentem
3055 4337 3338 4394 Iudaicam
3380 4339 3449 4393 ab
3495 4339 3640 4394 into-

391 4431 610 4500 πραεῖς,
647 4429 728 4482 ὅτι
772 4429 922 4481 αὐτοὶ
961 4427 1428 4499 κληρονομήσουσι
1470 4427 1568 4499 τὴν
1594 4428 1718 4497 γῆν.
1763 4447 1781 4480 ι
1814 4429 1954 4482 Πολύ

2067 4427 2275 4483 lerabili
2327 4431 2610 4494 servitute,
2637 4446 2742 4500 qua
2773 4431 2842 4484 ab
2872 4429 3144 4502 Egyptiis
3183 4433 3547 4500 premebatur,
3580 4432 3636 4486 in

393 4521 672 4590 κρείττονα
715 4521 838 4590 γῆν,
873 4520 1085 4590 ἀληθῶς
1118 4521 1210 4573 καὶ
1244 4521 1402 4589 ἁγίαν
1443 4522 1537 4574 καὶ
1567 4520 1808 4592 θεοφιλῆ,
1839 4520 1961 4592 οὐχὶ

393 4611 491 4682 τὴν
524 4613 616 4665 ἐπὶ
645 4613 744 4682 τῆς
796 4612 1078 4676 Ἰουδαίας,
1113 4614 1193 4665 δτι
1245 4613 1408 4684 μηδὲν
1449 4611 1550 4682 τῆς
1592 4612 1786 4682 λοιπῆς
1821 4613 1958 4684 αὐτη

391 4703 692 4773 διενήνοχεν
711 4743 724 4767 ,
757 4703 889 4757 ἀλλά
919 4705 1015 4776 τὴν
1045 4705 1163 4758 κατ’
1200 4703 1426 4775 οὐρανὸν
1457 4703 1657 4772 ψυχαῖς
1697 4703 1962 4773 φιλοθέοις

393 4795 790 4866 προσήκουσαν,
821 4800 932 4860 τοῖς
971 4795 1290 4867 κατορθοῦσι
1326 4796 1416 4848 τὸν
1438 4797 1575 4867 πρὸς
1621 4797 1785 4849 αὐτοῦ
1827 4813 1962 4849 κατ-

391 4885 724 4958 ηγγελμένον
758 4887 867 4957 βίον
901 4888 1286 4958 ὑποσχόμενος.
1328 4888 1391 4940 Ὀ
1432 4887 1496 4958 δὴ
1555 4887 1649 4939 καὶ
1684 4886 1963 4959 παριστὰς

393 4977 730 5048 λευκότερον,
769 4983 880 5043 τοῖς
924 4980 1059 5051 πρὸς
1100 4979 1264 5032 αὐτοῦ
1302 4978 1758 5050 μακαριζομένοις
1805 4978 1958 5048 βασι-

393 5072 542 5125 Χείαν
585 5070 827 5142 οὐρανῶν
866 5071 1212 5142 κατήγγειλε.
1265 5071 1374 5124 Καὶ
1419 5069 1584 5132 ἄλλας
1632 5069 1689 5123 δὲ
1735 5068 1964 5140 πράξεις

395 5163 574 5235 εῦροις
615 5161 680 5215 ἂν
709 5162 812 5214 ὐπὸ
846 5162 938 5214 τοῦ
969 5163 1216 5232 Σωτῆρος
1245 5161 1400 5233 ἡμῶν
1438 5160 1707 5232 κρείττονι
1745 5161 1778 5232 ἢ
1820 5160 1960 5213 κατά

393 5253 630 5310 Μωῦσέα
652 5252 876 5323 δυνάμει
904 5253 1208 5320 γεγονυίας,
1243 5251 1626 5323 παραπλησίας
1659 5267 1722 5319 γε
1751 5251 1856 5322 μὴν
1873 5247 1961 5315 αἷς

393 5345 487 5398 καὶ
517 5344 545 5397 ὁ
571 5344 806 5409 Μωύσῆς
831 5342 1173 5413 διεπράξατο.
1206 5337 1328 5395 Οἶον
1358 5343 1434 5405 ὡς
1466 5343 1557 5394 ἐπὶ
1584 5342 1961 5413 παραδείγμα-

391 5449 503 5495 τος,
547 5432 785 5501 Μωῦσῆς
809 5428 1002 5500 ἐφεξῆς
1029 5429 1434 5501 τεσσαράκοντα
1463 5433 1674 5503 ἡμέρας
1707 5431 1960 5503 ἐνήστευ-

395 5540 508 5588 σεν,
534 5523 664 5595 ῶςη
699 5523 887 5594 Γραφὴ
932 5523 1200 5593 μαρτυρεῖ
1228 5521 1460 5588 λέγουσα
1483 5538 1496 5553 ο
1539 5541 1556 5574 t
1596 5524 1704 5576 Καὶ
1733 5519 1803 5593 ἦν
1849 5525 1966 5578 ἐκεῖ

467 5700 513 5732 ⁸³
542 5700 682 5756 Psal.
717 5717 791 5763 ιι,
824 5700 914 5754 21.
985 5699 1030 5731 ³⁸
1072 5697 1259 5751 Matth.
1294 5712 1350 5762 τ’,
1391 5698 1444 5752 4.

561 5799 831 5856 ΡΑτιιοι..
877 5795 994 5856 Gtt.
1030 5792 1228 5854 XXII.

2066 4519 2369 4576 libertatem
2401 4523 2715 4578 vindicavit.
2734 4521 2985 4577 Christus
3017 4537 3255 4592 quoque,
3279 4537 3440 4576 omne
3464 4536 3636 4592 genus

2066 4610 2386 4677 humanum,
2423 4613 2492 4668 ab
2535 4613 2702 4682 impio
2744 4620 2906 4682 atque
2963 4611 3277 4684 IEgyptiaco
3313 4612 3638 4667 simulacro-

2065 4717 2186 4756 rum
2217 4703 2386 4768 cultu,
2417 4718 2530 4774 quo
2573 4703 2676 4758 sub
2728 4705 2888 4759 malis
2943 4704 3280 4759 daemonibus
3331 4703 3634 4768 tenebatur,

2064 4795 2341 4848 revocavit
2384 4797 2450 4848 ad
2499 4795 2826 4852 libertatem.
2890 4795 3133 4866 Denique
3202 4795 3378 4849 Moses
3433 4802 3638 4849 terram

2065 4893 2334 4949 sanctam,
2388 4893 2442 4941 et
2478 4887 2534 4941 in
2591 4902 2654 4942 ea
2711 4888 2875 4942 vitam
2917 4887 3026 4942 Deo
3069 4896 3276 4958 gratam
3324 4893 3377 4940 et
3424 4885 3637 4938 beatam

2066 4977 2155 5041 iis,
2188 4978 2280 5047 qui
2330 4979 2476 5050 leges
2527 4988 2827 5044 servarent,
2882 4979 3154 5050 promisit.
3199 4976 3374 5031 Simili
3430 4978 3640 5030 ratione

2066 5067 2225 5124 Jesus
2251 5069 2530 5135 Christus,
2570 5091 2588 5124 ι
2619 5071 2793 5138 Beati,
2817 5073 3015 5141 inquit,
3045 5071 3223 5131 mites,
3253 5067 3507 5136 quoniam
3537 5068 3637 5136 ipsi

2067 5160 2424 5228 possidebunt
2454 5170 2653 5216 terram
2670 5162 2738 5225 ”,
2779 5183 2798 5215 ι
2827 5163 2987 5231 longe
3013 5161 3202 5229 utique
3230 5157 3508 5211 meliorem
3537 5164 3644 5210 tet--

2065 5266 2205 5315 ram,
2241 5269 2478 5323 vereque
2530 5262 2777 5310 sanctam
2821 5270 2885 5308 ac
2929 5252 3038 5308 Deo
3088 5258 3318 5321 gratam,
3370 5263 3475 5302 non
3519 5263 3642 5301 eam

2068 5358 2189 5413 quae
2216 5351 2298 5399 est
2326 5345 2379 5399 in
2403 5345 2608 5409 Judaaa,
2636 5362 2756 5416 qua:
2781 5347 2940 5416 plane
2968 5360 2998 5397 a
3032 5343 3256 5411 reliquis
3278 5340 3415 5395 nihil
3441 5338 3639 5400 diﬂ‘ert,

2071 5434 2165 5491 sed
2208 5434 2304 5490 Dei
2345 5437 2699 5491 amatricibus
2731 5437 2783 5490 in
2817 5436 2956 5490 caelo
2987 5433 3277 5488 animabus
3313 5430 3644 5486 conveniem

2072 5535 2199 5592 tem,
2229 5525 2337 5598 92
2371 5528 2439 5584 iis
2483 5527 2576 5598 qui
2616 5527 2831 5583 vivendi
2885 5527 3154 5583 rationem
3208 5539 3242 5580 a
3298 5538 3357 5578 se
3409 5521 3642 5593 positam

3331 5799 3364 5852 ϐ
