  <div class='ocr_page' id='page_1' title='image "/cluster/home/n/w/nwhite01/storage/ocr_20150623/22:no.4/coo.31924054873025/099.png"; bbox 0 0 4126 6436; ppageno 0'>
   <div class='ocr_carea' id='block_1_1' title="bbox 479 278 575 331">
    <p class='ocr_par' dir='ltr' id='par_1_1' title="bbox 479 278 575 331">
     <span class='ocr_line' id='line_1_1' title="bbox 479 278 575 331; baseline 0 -1"><span class='ocrx_word' id='word_1_1' title='bbox 479 278 575 331; x_wconf 71' lang='grc'><strong>171</strong></span> 
     </span>
    </p>
   </div>
   <div class='ocr_carea' id='block_1_2' title="bbox 1118 266 3064 341">
    <p class='ocr_par' dir='ltr' id='par_1_2' title="bbox 1118 266 3064 341">
     <span class='ocr_line' id='line_1_2' title="bbox 1118 266 3064 341; baseline 0.003 -11"><span class='ocrx_word' id='word_1_2' title='bbox 1118 274 1393 332; x_wconf 71' lang='lat' dir='ltr'><strong>EL&#39;SEBII.</strong></span> <span class='ocrx_word' id='word_1_3' title='bbox 1420 273 1904 341; x_wconf 60' lang='lat' dir='ltr'><strong>CAESARIENSIS</strong></span> <span class='ocrx_word' id='word_1_4' title='bbox 1935 275 2087 332; x_wconf 85' lang='lat' dir='ltr'><strong>OPP.</strong></span> <span class='ocrx_word' id='word_1_5' title='bbox 2129 266 2309 332; x_wconf 73' lang='lat' dir='ltr'><strong>PARS</strong></span> <span class='ocrx_word' id='word_1_6' title='bbox 2350 277 2411 332; x_wconf 90' lang='lat' dir='ltr'><strong>ll.</strong></span> <span class='ocrx_word' id='word_1_7' title='bbox 2458 309 2526 319; x_wconf 90' lang='lat'><strong>—</strong></span> <span class='ocrx_word' id='word_1_8' title='bbox 2566 278 3064 336; x_wconf 74' lang='lat' dir='ltr'><strong>APOLOGETICA.</strong></span> 
     </span>
    </p>
   </div>
   <div class='ocr_carea' id='block_1_3' title="bbox 3596 287 3699 343">
    <p class='ocr_par' dir='ltr' id='par_1_3' title="bbox 3596 287 3699 343">
     <span class='ocr_line' id='line_1_3' title="bbox 3596 287 3699 343; baseline 0.01 -2"><span class='ocrx_word' id='word_1_9' title='bbox 3596 287 3699 343; x_wconf 69' lang='grc'><strong>172</strong></span> 
     </span>
    </p>
   </div>
   <div class='ocr_carea' id='block_1_4' title="bbox 469 391 2022 472">
    <p class='ocr_par' dir='ltr' id='par_1_4' title="bbox 469 391 2022 465">
     <span class='ocr_line' id='line_1_4' title="bbox 469 391 2022 465; baseline 0.003 -20"><span class='ocrx_word' id='word_1_10' title='bbox 469 394 624 463; x_wconf 86' lang='lat' dir='ltr'><strong>plene</strong></span> <span class='ocrx_word' id='word_1_11' title='bbox 655 391 1082 455; x_wconf 81' lang='lat' dir='ltr'><strong>observaverint,</strong></span> <span class='ocrx_word' id='word_1_12' title='bbox 1116 394 1411 463; x_wconf 79' lang='lat' dir='ltr'><strong>pollicitus.</strong></span> <span class='ocrx_word' id='word_1_13' title='bbox 1441 392 1595 459; x_wconf 84' lang='lat' dir='ltr'><strong>Quod</strong></span> <span class='ocrx_word' id='word_1_14' title='bbox 1627 394 1844 464; x_wconf 82' lang='lat' dir='ltr'><strong>quidem</strong></span> <span class='ocrx_word' id='word_1_15' title='bbox 1874 410 2022 465; x_wconf 87' lang='lat' dir='ltr'><strong>aper-</strong></span> 
     </span>
    </p>
   </div>
   <div class='ocr_carea' id='block_1_5' title="bbox 2124 391 3698 472">
    <p class='ocr_par' dir='ltr' id='par_1_5' title="bbox 2134 397 3698 472">
     <span class='ocr_line' id='line_1_5' title="bbox 2134 397 3698 472; baseline 0.006 -24"><span class='ocrx_word' id='word_1_16' title='bbox 2134 398 2373 467; x_wconf 81' lang='grc' dir='ltr'>Μωῦσῆς</span> <span class='ocrx_word' id='word_1_17' title='bbox 2397 397 2572 450; x_wconf 74' lang='grc' dir='ltr'>ἔναντι</span> <span class='ocrx_word' id='word_1_18' title='bbox 2596 400 2796 470; x_wconf 79' lang='grc' dir='ltr'>Κυρίου</span> <span class='ocrx_word' id='word_1_19' title='bbox 2814 399 3215 470; x_wconf 84' lang='grc' dir='ltr'>τεσσαράκοντα</span> <span class='ocrx_word' id='word_1_20' title='bbox 3233 400 3442 472; x_wconf 79' lang='grc' dir='ltr'>ἡμέρας</span> <span class='ocrx_word' id='word_1_21' title='bbox 3471 404 3562 457; x_wconf 79' lang='grc' dir='ltr'><strong>καὶ</strong></span> <span class='ocrx_word' id='word_1_22' title='bbox 3578 423 3698 458; x_wconf 87' lang='grc' dir='ltr'>τεσ-</span> 
     </span>
    </p>
   </div>
   <div class='ocr_carea' id='block_1_6' title="bbox 465 485 2029 558">
    <p class='ocr_par' dir='ltr' id='par_1_6' title="bbox 465 485 2029 558">
     <span class='ocr_line' id='line_1_6' title="bbox 465 485 2029 558; baseline 0.003 -20"><span class='ocrx_word' id='word_1_23' title='bbox 465 487 575 541; x_wconf 87' lang='lat' dir='ltr'><strong>tius</strong></span> <span class='ocrx_word' id='word_1_24' title='bbox 609 485 856 541; x_wconf 89' lang='lat' dir='ltr'><strong>indicans</strong></span> <span class='ocrx_word' id='word_1_25' title='bbox 884 486 971 550; x_wconf 88' lang='lat' dir='ltr'><strong>iis,</strong></span> <span class='ocrx_word' id='word_1_26' title='bbox 999 500 1137 556; x_wconf 89' lang='lat' dir='ltr'><strong>quos</strong></span> <span class='ocrx_word' id='word_1_27' title='bbox 1169 485 1310 556; x_wconf 88' lang='lat' dir='ltr'><strong>apud</strong></span> <span class='ocrx_word' id='word_1_28' title='bbox 1340 487 1609 542; x_wconf 83' lang='lat' dir='ltr'><strong>sebeatos</strong></span> <span class='ocrx_word' id='word_1_29' title='bbox 1647 486 1861 542; x_wconf 90' lang='lat' dir='ltr'><strong>futuros</strong></span> <span class='ocrx_word' id='word_1_30' title='bbox 1893 503 2029 558; x_wconf 68' lang='lat' dir='ltr'><strong>prm-</strong></span> 
     </span>
    </p>
   </div>
   <div class='ocr_carea' id='block_1_7' title="bbox 462 576 2030 648">
    <p class='ocr_par' dir='ltr' id='par_1_7' title="bbox 462 576 2030 648">
     <span class='ocr_line' id='line_1_7' title="bbox 462 576 2030 648; baseline 0 -15"><span class='ocrx_word' id='word_1_31' title='bbox 462 577 696 644; x_wconf 87' lang='lat' dir='ltr'><strong>dicabat,</strong></span> <span class='ocrx_word' id='word_1_32' title='bbox 709 593 935 648; x_wconf 76' lang='lat' dir='ltr'><strong>regnum</strong></span> <span class='ocrx_word' id='word_1_33' title='bbox 965 578 1225 633; x_wconf 76' lang='lat' dir='ltr'><strong>cmlorum</strong></span> <span class='ocrx_word' id='word_1_34' title='bbox 1251 577 1560 647; x_wconf 89' lang='lat' dir='ltr'><strong>appellavit.</strong></span> <span class='ocrx_word' id='word_1_35' title='bbox 1581 576 1871 639; x_wconf 62' lang='lat' dir='ltr'><strong>Cancrum,</strong></span> <span class='ocrx_word' id='word_1_36' title='bbox 1893 578 2030 633; x_wconf 86' lang='lat' dir='ltr'><strong>alias</strong></span> 
     </span>
    </p>
   </div>
   <div class='ocr_carea' id='block_1_8' title="bbox 462 666 2030 739">
    <p class='ocr_par' dir='ltr' id='par_1_8' title="bbox 462 666 2030 739">
     <span class='ocr_line' id='line_1_8' title="bbox 462 666 2030 739; baseline 0 -16"><span class='ocrx_word' id='word_1_37' title='bbox 462 684 679 739; x_wconf 89' lang='lat' dir='ltr'><strong>quoque</strong></span> <span class='ocrx_word' id='word_1_38' title='bbox 709 685 796 725; x_wconf 90' lang='lat' dir='ltr'><strong>res</strong></span> <span class='ocrx_word' id='word_1_39' title='bbox 828 683 856 721; x_wconf 89' lang='lat' dir='ltr'><strong>a</strong></span> <span class='ocrx_word' id='word_1_40' title='bbox 886 666 1165 722; x_wconf 81' lang='lat' dir='ltr'><strong>Salvatore</strong></span> <span class='ocrx_word' id='word_1_41' title='bbox 1187 675 1377 723; x_wconf 89' lang='lat' dir='ltr'><strong>nostro</strong></span> <span class='ocrx_word' id='word_1_42' title='bbox 1400 679 1582 738; x_wconf 78' lang='lat' dir='ltr'><strong>gestas</strong></span> <span class='ocrx_word' id='word_1_43' title='bbox 1610 668 1871 734; x_wconf 80' lang='lat' dir='ltr'><strong>invenies,</strong></span> <span class='ocrx_word' id='word_1_44' title='bbox 1910 683 2030 738; x_wconf 65' lang='lat' dir='ltr'><strong>quae</strong></span> 
     </span>
    </p>
   </div>
   <div class='ocr_carea' id='block_1_9' title="bbox 463 760 2025 831">
    <p class='ocr_par' dir='ltr' id='par_1_9' title="bbox 463 760 2025 831">
     <span class='ocr_line' id='line_1_9' title="bbox 463 760 2025 831; baseline -0.001 -16"><span class='ocrx_word' id='word_1_45' title='bbox 463 763 663 817; x_wconf 89' lang='lat' dir='ltr'><strong>virtute</strong></span> <span class='ocrx_word' id='word_1_46' title='bbox 710 762 865 831; x_wconf 77' lang='lat' dir='ltr'><strong>longe</strong></span> <span class='ocrx_word' id='word_1_47' title='bbox 904 762 1253 830; x_wconf 79' lang='lat' dir='ltr'><strong>praestiterint</strong></span> <span class='ocrx_word' id='word_1_48' title='bbox 1291 761 1382 822; x_wconf 85' lang='lat' dir='ltr'><strong>iis,</strong></span> <span class='ocrx_word' id='word_1_49' title='bbox 1419 775 1557 830; x_wconf 83' lang='lat' dir='ltr'><strong>quas</strong></span> <span class='ocrx_word' id='word_1_50' title='bbox 1609 760 1784 815; x_wconf 83' lang='lat' dir='ltr'><strong>Moses</strong></span> <span class='ocrx_word' id='word_1_51' title='bbox 1835 760 2025 823; x_wconf 86' lang='lat' dir='ltr'><strong>edidit,</strong></span> 
     </span>
    </p>
   </div>
   <div class='ocr_carea' id='block_1_10' title="bbox 462 852 2031 922">
    <p class='ocr_par' dir='ltr' id='par_1_10' title="bbox 462 852 2031 922">
     <span class='ocr_line' id='line_1_10' title="bbox 462 852 2031 922; baseline -0.001 -16"><span class='ocrx_word' id='word_1_52' title='bbox 462 868 708 922; x_wconf 84' lang='lat' dir='ltr'><strong>magnam</strong></span> <span class='ocrx_word' id='word_1_53' title='bbox 742 860 921 907; x_wconf 88' lang='lat' dir='ltr'><strong>tamen</strong></span> <span class='ocrx_word' id='word_1_54' title='bbox 952 868 1074 907; x_wconf 80' lang='lat' dir='ltr'><strong>cum</strong></span> <span class='ocrx_word' id='word_1_55' title='bbox 1108 852 1365 906; x_wconf 88' lang='lat' dir='ltr'><strong>Mosaicis</strong></span> <span class='ocrx_word' id='word_1_56' title='bbox 1408 853 1516 907; x_wconf 87' lang='lat' dir='ltr'><strong>illis</strong></span> <span class='ocrx_word' id='word_1_57' title='bbox 1548 854 1808 907; x_wconf 76' lang='lat' dir='ltr'><strong>habentes</strong></span> <span class='ocrx_word' id='word_1_58' title='bbox 1838 852 2031 906; x_wconf 90' lang='lat' dir='ltr'><strong>simili-</strong></span> 
     </span>
    </p>
   </div>
   <div class='ocr_carea' id='block_1_11' title="bbox 462 942 2029 1014">
    <p class='ocr_par' dir='ltr' id='par_1_11' title="bbox 462 942 2029 1014">
     <span class='ocr_line' id='line_1_11' title="bbox 462 942 2029 1014; baseline 0.001 -18"><span class='ocrx_word' id='word_1_59' title='bbox 462 946 723 997; x_wconf 77' lang='lat' dir='ltr'><strong>tudinem.</strong></span> <span class='ocrx_word' id='word_1_60' title='bbox 757 942 1001 1014; x_wconf 77' lang='lat' dir='ltr'><strong>Exempli</strong></span> <span class='ocrx_word' id='word_1_61' title='bbox 1026 945 1199 1014; x_wconf 78' lang='lat' dir='ltr'><strong>gratia</strong></span> <span class='ocrx_word' id='word_1_62' title='bbox 1241 964 1254 998; x_wconf 88' lang='lat'><strong>:</strong></span> <span class='ocrx_word' id='word_1_63' title='bbox 1290 943 1467 999; x_wconf 71' lang='lat' dir='ltr'><strong>Moses</strong></span> <span class='ocrx_word' id='word_1_64' title='bbox 1500 951 1644 998; x_wconf 86' lang='lat' dir='ltr'><strong>totos</strong></span> <span class='ocrx_word' id='word_1_65' title='bbox 1668 944 2029 1013; x_wconf 83' lang='lat' dir='ltr'><strong>quadraginta</strong></span> 
     </span>
    </p>
   </div>
   <div class='ocr_carea' id='block_1_12' title="bbox 461 1033 2030 1104">
    <p class='ocr_par' dir='ltr' id='par_1_12' title="bbox 461 1033 2030 1104">
     <span class='ocr_line' id='line_1_12' title="bbox 461 1033 2030 1104; baseline 0.001 -17"><span class='ocrx_word' id='word_1_66' title='bbox 461 1034 575 1090; x_wconf 88' lang='lat' dir='ltr'><strong>dies</strong></span> <span class='ocrx_word' id='word_1_67' title='bbox 607 1034 824 1103; x_wconf 88' lang='lat' dir='ltr'><strong>jejunus</strong></span> <span class='ocrx_word' id='word_1_68' title='bbox 868 1034 987 1089; x_wconf 90' lang='lat' dir='ltr'><strong>fuit.</strong></span> <span class='ocrx_word' id='word_1_69' title='bbox 1018 1034 1151 1087; x_wconf 85' lang='lat' dir='ltr'><strong>Nam</strong></span> <span class='ocrx_word' id='word_1_70' title='bbox 1185 1033 1469 1104; x_wconf 90' lang='lat' dir='ltr'><strong>Scriptura</strong></span> <span class='ocrx_word' id='word_1_71' title='bbox 1510 1034 1612 1089; x_wconf 91' lang='lat' dir='ltr'><strong>hoc</strong></span> <span class='ocrx_word' id='word_1_72' title='bbox 1655 1035 1733 1088; x_wconf 90' lang='lat' dir='ltr'><strong>illi</strong></span> <span class='ocrx_word' id='word_1_73' title='bbox 1792 1035 2030 1089; x_wconf 57' lang='lat' dir='ltr'><strong>testimoo</strong></span> 
     </span>
    </p>
   </div>
   <div class='ocr_carea' id='block_1_13' title="bbox 461 1126 2027 1196">
    <p class='ocr_par' dir='ltr' id='par_1_13' title="bbox 461 1126 2027 1196">
     <span class='ocr_line' id='line_1_13' title="bbox 461 1126 2027 1196; baseline 0 -17"><span class='ocrx_word' id='word_1_74' title='bbox 461 1128 606 1181; x_wconf 90' lang='lat' dir='ltr'><strong>nium</strong></span> <span class='ocrx_word' id='word_1_75' title='bbox 641 1126 875 1192; x_wconf 80' lang='lat' dir='ltr'><strong>exhibet,</strong></span> <span class='ocrx_word' id='word_1_76' title='bbox 911 1144 930 1176; x_wconf 82' lang='grc' dir='ltr'><strong>ι</strong></span> <span class='ocrx_word' id='word_1_77' title='bbox 972 1136 1025 1181; x_wconf 88' lang='lat' dir='ltr'><strong>et</strong></span> <span class='ocrx_word' id='word_1_78' title='bbox 1057 1126 1177 1190; x_wconf 91' lang='lat' dir='ltr'><strong>fuit,</strong></span> <span class='ocrx_word' id='word_1_79' title='bbox 1219 1128 1415 1196; x_wconf 91' lang='lat' dir='ltr'><strong>inquit,</strong></span> <span class='ocrx_word' id='word_1_80' title='bbox 1451 1126 1629 1182; x_wconf 82' lang='lat' dir='ltr'><strong>Moses</strong></span> <span class='ocrx_word' id='word_1_81' title='bbox 1661 1128 1771 1181; x_wconf 89' lang='lat' dir='ltr'><strong>illic</strong></span> <span class='ocrx_word' id='word_1_82' title='bbox 1802 1126 1855 1180; x_wconf 91' lang='lat' dir='ltr'><strong>in</strong></span> <span class='ocrx_word' id='word_1_83' title='bbox 1890 1141 2027 1180; x_wconf 82' lang='lat' dir='ltr'><strong>con-</strong></span> 
     </span>
    </p>
   </div>
   <div class='ocr_carea' id='block_1_14' title="bbox 460 1214 2027 1286">
    <p class='ocr_par' dir='ltr' id='par_1_14' title="bbox 460 1214 2027 1286">
     <span class='ocr_line' id='line_1_14' title="bbox 460 1214 2027 1286; baseline 0 -17"><span class='ocrx_word' id='word_1_84' title='bbox 460 1227 647 1285; x_wconf 90' lang='lat' dir='ltr'><strong>spectu</strong></span> <span class='ocrx_word' id='word_1_85' title='bbox 704 1214 937 1269; x_wconf 87' lang='lat' dir='ltr'><strong>Domini.</strong></span> <span class='ocrx_word' id='word_1_86' title='bbox 982 1216 1348 1286; x_wconf 79' lang='lat' dir='ltr'><strong>Quadraginta</strong></span> <span class='ocrx_word' id='word_1_87' title='bbox 1402 1216 1519 1271; x_wconf 88' lang='lat' dir='ltr'><strong>dies</strong></span> <span class='ocrx_word' id='word_1_88' title='bbox 1562 1224 1616 1270; x_wconf 90' lang='lat' dir='ltr'><strong>et</strong></span> <span class='ocrx_word' id='word_1_89' title='bbox 1667 1216 2027 1285; x_wconf 81' lang='lat' dir='ltr'><strong>quadraginta</strong></span> 
     </span>
    </p>
   </div>
   <div class='ocr_carea' id='block_1_15' title="bbox 460 1304 2020 1374">
    <p class='ocr_par' dir='ltr' id='par_1_15' title="bbox 460 1304 2020 1374">
     <span class='ocr_line' id='line_1_15' title="bbox 460 1304 2020 1374; baseline -0.001 -17"><span class='ocrx_word' id='word_1_90' title='bbox 460 1314 649 1359; x_wconf 83' lang='lat' dir='ltr'><strong>noctes</strong></span> <span class='ocrx_word' id='word_1_91' title='bbox 704 1320 897 1374; x_wconf 84' lang='lat' dir='ltr'><strong>panem</strong></span> <span class='ocrx_word' id='word_1_92' title='bbox 949 1320 1057 1358; x_wconf 91' lang='lat' dir='ltr'><strong>non</strong></span> <span class='ocrx_word' id='word_1_93' title='bbox 1102 1304 1235 1366; x_wconf 88' lang='lat' dir='ltr'><strong>edit,</strong></span> <span class='ocrx_word' id='word_1_94' title='bbox 1271 1312 1325 1359; x_wconf 90' lang='lat' dir='ltr'><strong>et</strong></span> <span class='ocrx_word' id='word_1_95' title='bbox 1358 1320 1554 1374; x_wconf 86' lang='lat' dir='ltr'><strong>aquam</strong></span> <span class='ocrx_word' id='word_1_96' title='bbox 1599 1320 1707 1359; x_wconf 89' lang='lat' dir='ltr'><strong>non</strong></span> <span class='ocrx_word' id='word_1_97' title='bbox 1761 1304 1928 1359; x_wconf 68' lang='lat' dir='ltr'><strong>bibit‘</strong></span> <span class='ocrx_word' id='word_1_98' title='bbox 1957 1321 1968 1356; x_wconf 92' lang='lat'>:</span> <span class='ocrx_word' id='word_1_99' title='bbox 2001 1323 2020 1356; x_wconf 73' lang='grc' dir='ltr'><strong>ι</strong></span> 
     </span>
    </p>
   </div>
   <div class='ocr_carea' id='block_1_16' title="bbox 461 1394 2020 1465">
    <p class='ocr_par' dir='ltr' id='par_1_16' title="bbox 461 1394 2020 1465">
     <span class='ocr_line' id='line_1_16' title="bbox 461 1394 2020 1465; baseline 0.001 -17"><span class='ocrx_word' id='word_1_100' title='bbox 461 1396 644 1450; x_wconf 81' lang='lat' dir='ltr'><strong>itidem</strong></span> <span class='ocrx_word' id='word_1_101' title='bbox 691 1396 853 1449; x_wconf 87' lang='lat' dir='ltr'><strong>etiam</strong></span> <span class='ocrx_word' id='word_1_102' title='bbox 892 1394 1171 1451; x_wconf 88' lang='lat' dir='ltr'><strong>Christus.</strong></span> <span class='ocrx_word' id='word_1_103' title='bbox 1205 1395 1415 1449; x_wconf 87' lang='lat' dir='ltr'><strong>Etenim</strong></span> <span class='ocrx_word' id='word_1_104' title='bbox 1461 1397 1541 1450; x_wconf 91' lang='lat' dir='ltr'><strong>sic</strong></span> <span class='ocrx_word' id='word_1_105' title='bbox 1587 1396 1850 1465; x_wconf 82' lang='lat' dir='ltr'><strong>scriptum</strong></span> <span class='ocrx_word' id='word_1_106' title='bbox 1892 1403 2020 1450; x_wconf 87' lang='lat' dir='ltr'><strong>est:</strong></span> 
     </span>
    </p>
   </div>
   <div class='ocr_carea' id='block_1_17' title="bbox 464 1484 2029 1557">
    <p class='ocr_par' dir='ltr' id='par_1_17' title="bbox 464 1484 2029 1557">
     <span class='ocr_line' id='line_1_17' title="bbox 464 1484 2029 1557; baseline 0.003 -21"><span class='ocrx_word' id='word_1_107' title='bbox 464 1504 482 1536; x_wconf 81' lang='grc' dir='ltr'><strong>ι</strong></span> <span class='ocrx_word' id='word_1_108' title='bbox 517 1498 570 1541; x_wconf 88' lang='lat' dir='ltr'><strong>et</strong></span> <span class='ocrx_word' id='word_1_109' title='bbox 600 1487 861 1557; x_wconf 78' lang='lat' dir='ltr'><strong>agebatur</strong></span> <span class='ocrx_word' id='word_1_110' title='bbox 896 1486 952 1540; x_wconf 90' lang='lat' dir='ltr'><strong>in</strong></span> <span class='ocrx_word' id='word_1_111' title='bbox 977 1484 1253 1541; x_wconf 89' lang='lat' dir='ltr'><strong>desertum</strong></span> <span class='ocrx_word' id='word_1_112' title='bbox 1285 1487 1639 1557; x_wconf 83' lang='lat' dir='ltr'><strong>quadraginta</strong></span> <span class='ocrx_word' id='word_1_113' title='bbox 1669 1486 1806 1551; x_wconf 92' lang='lat' dir='ltr'><strong>dies,</strong></span> <span class='ocrx_word' id='word_1_114' title='bbox 1838 1493 1892 1540; x_wconf 90' lang='lat' dir='ltr'><strong>et</strong></span> <span class='ocrx_word' id='word_1_115' title='bbox 1915 1494 2029 1540; x_wconf 88' lang='lat' dir='ltr'><strong>ten-</strong></span> 
     </span>
    </p>
   </div>
   <div class='ocr_carea' id='block_1_18' title="bbox 458 1575 2021 1643">
    <p class='ocr_par' dir='ltr' id='par_1_18' title="bbox 458 1575 2021 1643">
     <span class='ocr_line' id='line_1_18' title="bbox 458 1575 2021 1643; baseline -0.001 -14"><span class='ocrx_word' id='word_1_116' title='bbox 458 1578 677 1631; x_wconf 84' lang='lat' dir='ltr'><strong>tabatur</strong></span> <span class='ocrx_word' id='word_1_117' title='bbox 698 1592 727 1629; x_wconf 90' lang='lat' dir='ltr'><strong>a</strong></span> <span class='ocrx_word' id='word_1_118' title='bbox 751 1577 1057 1643; x_wconf 88' lang='lat' dir='ltr'><strong>diabolo,et</strong></span> <span class='ocrx_word' id='word_1_119' title='bbox 1077 1577 1212 1631; x_wconf 90' lang='lat' dir='ltr'><strong>nihil</strong></span> <span class='ocrx_word' id='word_1_120' title='bbox 1236 1577 1471 1631; x_wconf 86' lang='lat' dir='ltr'><strong>comedit</strong></span> <span class='ocrx_word' id='word_1_121' title='bbox 1506 1577 1560 1630; x_wconf 90' lang='lat' dir='ltr'><strong>in</strong></span> <span class='ocrx_word' id='word_1_122' title='bbox 1588 1575 1780 1631; x_wconf 89' lang='lat' dir='ltr'><strong>diebus</strong></span> <span class='ocrx_word' id='word_1_123' title='bbox 1811 1576 1969 1631; x_wconf 81' lang='lat' dir='ltr'><strong>illis&#39;.</strong></span> <span class='ocrx_word' id='word_1_124' title='bbox 2002 1596 2021 1628; x_wconf 72' lang='grc' dir='ltr'><strong>ι</strong></span> 
     </span>
    </p>
   </div>
   <div class='ocr_carea' id='block_1_19' title="bbox 458 1667 2021 1739">
    <p class='ocr_par' dir='ltr' id='par_1_19' title="bbox 458 1667 2021 1739">
     <span class='ocr_line' id='line_1_19' title="bbox 458 1667 2021 1739; baseline 0.002 -20"><span class='ocrx_word' id='word_1_125' title='bbox 458 1667 673 1723; x_wconf 82' lang='lat' dir='ltr'><strong>Rursus</strong></span> <span class='ocrx_word' id='word_1_126' title='bbox 708 1667 885 1721; x_wconf 82' lang='lat' dir='ltr'><strong>Moses</strong></span> <span class='ocrx_word' id='word_1_127' title='bbox 916 1669 969 1721; x_wconf 91' lang='lat' dir='ltr'><strong>in</strong></span> <span class='ocrx_word' id='word_1_128' title='bbox 994 1668 1209 1723; x_wconf 89' lang='lat' dir='ltr'><strong>deserto</strong></span> <span class='ocrx_word' id='word_1_129' title='bbox 1246 1669 1497 1722; x_wconf 89' lang='lat' dir='ltr'><strong>alimenta</strong></span> <span class='ocrx_word' id='word_1_130' title='bbox 1540 1669 1739 1739; x_wconf 90' lang='lat' dir='ltr'><strong>populo</strong></span> <span class='ocrx_word' id='word_1_131' title='bbox 1770 1670 2021 1738; x_wconf 62' lang='lat' dir='ltr'><strong>praebuit.</strong></span> 
     </span>
    </p>
   </div>
   <div class='ocr_carea' id='block_1_20' title="bbox 2132 488 3699 567">
    <p class='ocr_par' dir='ltr' id='par_1_20' title="bbox 2132 488 3699 567">
     <span class='ocr_line' id='line_1_20' title="bbox 2132 488 3699 567; baseline 0.006 -27"><span class='ocrx_word' id='word_1_132' title='bbox 2132 488 2439 558; x_wconf 79' lang='grc' dir='ltr'>σαράκοντα</span> <span class='ocrx_word' id='word_1_133' title='bbox 2475 492 2706 553; x_wconf 85' lang='grc' dir='ltr'>νύκτας,</span> <span class='ocrx_word' id='word_1_134' title='bbox 2742 492 2905 563; x_wconf 81' lang='grc' dir='ltr'>ἄρτον</span> <span class='ocrx_word' id='word_1_135' title='bbox 2934 491 3033 544; x_wconf 82' lang='grc' dir='ltr'><strong>οὐκ</strong></span> <span class='ocrx_word' id='word_1_136' title='bbox 3061 492 3257 562; x_wconf 76' lang='grc' dir='ltr'>ἔφαγε,</span> <span class='ocrx_word' id='word_1_137' title='bbox 3287 493 3382 546; x_wconf 77' lang='grc' dir='ltr'><strong>καὶ</strong></span> <span class='ocrx_word' id='word_1_138' title='bbox 3420 493 3561 567; x_wconf 80' lang='grc' dir='ltr'>ὕδωρ</span> <span class='ocrx_word' id='word_1_139' title='bbox 3598 500 3699 551; x_wconf 66' lang='grc' dir='ltr'>οὐκ</span> 
     </span>
    </p>
   </div>
   <div class='ocr_carea' id='block_1_21' title="bbox 2129 578 3694 656">
    <p class='ocr_par' dir='ltr' id='par_1_21' title="bbox 2129 578 3694 656">
     <span class='ocr_line' id='line_1_21' title="bbox 2129 578 3694 656; baseline 0.007 -26"><span class='ocrx_word' id='word_1_140' title='bbox 2129 578 2301 631; x_wconf 80' lang='grc' dir='ltr'>ἔπιεν.</span> <span class='ocrx_word' id='word_1_141' title='bbox 2356 598 2374 629; x_wconf 76' lang='grc' dir='ltr'><strong>ι</strong></span> <span class='ocrx_word' id='word_1_142' title='bbox 2441 579 2710 642; x_wconf 80' lang='grc' dir='ltr'><strong>Ὡσαύτως</strong></span> <span class='ocrx_word' id='word_1_143' title='bbox 2760 580 2816 633; x_wconf 86' lang='grc' dir='ltr'>δὲ</span> <span class='ocrx_word' id='word_1_144' title='bbox 2876 582 2967 634; x_wconf 81' lang='grc' dir='ltr'>καὶ</span> <span class='ocrx_word' id='word_1_145' title='bbox 3011 584 3039 635; x_wconf 93' lang='grc' dir='ltr'><strong>ὀ</strong></span> <span class='ocrx_word' id='word_1_146' title='bbox 3088 583 3337 654; x_wconf 83' lang='grc' dir='ltr'>Χριστός.</span> <span class='ocrx_word' id='word_1_147' title='bbox 3385 583 3694 656; x_wconf 73' lang='grc' dir='ltr'><strong>Γέγραπται</strong></span> 
     </span>
    </p>
   </div>
   <div class='ocr_carea' id='block_1_22' title="bbox 2129 667 3698 744">
    <p class='ocr_par' dir='ltr' id='par_1_22' title="bbox 2129 667 3698 744">
     <span class='ocr_line' id='line_1_22' title="bbox 2129 667 3698 744; baseline 0.005 -24"><span class='ocrx_word' id='word_1_148' title='bbox 2129 667 2287 734; x_wconf 81' lang='grc' dir='ltr'>γοῦν·</span> <span class='ocrx_word' id='word_1_149' title='bbox 2337 686 2355 718; x_wconf 84' lang='grc' dir='ltr'><strong>ι</strong></span> <span class='ocrx_word' id='word_1_150' title='bbox 2400 669 2507 720; x_wconf 81' lang='grc' dir='ltr'><strong>Καὶ</strong></span> <span class='ocrx_word' id='word_1_151' title='bbox 2553 670 2715 738; x_wconf 80' lang='grc' dir='ltr'>ῆγετο</span> <span class='ocrx_word' id='word_1_152' title='bbox 2757 672 2834 733; x_wconf 87' lang='grc' dir='ltr'><strong>είς</strong></span> <span class='ocrx_word' id='word_1_153' title='bbox 2886 671 2984 740; x_wconf 82' lang='grc' dir='ltr'>τὴν</span> <span class='ocrx_word' id='word_1_154' title='bbox 3036 670 3241 742; x_wconf 77' lang='grc' dir='ltr'>ἔρημον</span> <span class='ocrx_word' id='word_1_155' title='bbox 3294 675 3698 744; x_wconf 86' lang='grc' dir='ltr'>τεσσαράκοντα</span> 
     </span>
    </p>
   </div>
   <div class='ocr_carea' id='block_1_23' title="bbox 2129 760 3698 831">
    <p class='ocr_par' dir='ltr' id='par_1_23' title="bbox 2129 760 3698 831">
     <span class='ocr_line' id='line_1_23' title="bbox 2129 760 3698 831; baseline 0.005 -19"><span class='ocrx_word' id='word_1_156' title='bbox 2129 760 2356 830; x_wconf 77' lang='grc' dir='ltr'>ἡμέρας,</span> <span class='ocrx_word' id='word_1_157' title='bbox 2398 760 2790 831; x_wconf 81' lang='grc' dir='ltr'><strong>πειραζόμενος</strong></span> <span class='ocrx_word' id='word_1_158' title='bbox 2824 762 2929 814; x_wconf 84' lang='grc' dir='ltr'>ὑπὸ</span> <span class='ocrx_word' id='word_1_159' title='bbox 2968 761 3061 815; x_wconf 81' lang='grc' dir='ltr'>τοῦ</span> <span class='ocrx_word' id='word_1_160' title='bbox 3109 763 3374 827; x_wconf 77' lang='grc' dir='ltr'>διαϐόλου,</span> <span class='ocrx_word' id='word_1_161' title='bbox 3419 766 3511 818; x_wconf 80' lang='grc' dir='ltr'>καὶ</span> <span class='ocrx_word' id='word_1_162' title='bbox 3547 766 3698 820; x_wconf 74' lang='grc' dir='ltr'>οὐδὲν</span> 
     </span>
    </p>
   </div>
   <div class='ocr_carea' id='block_1_24' title="bbox 2129 850 3698 923">
    <p class='ocr_par' dir='ltr' id='par_1_24' title="bbox 2129 850 3698 923">
     <span class='ocr_line' id='line_1_24' title="bbox 2129 850 3698 923; baseline 0.005 -21"><span class='ocrx_word' id='word_1_163' title='bbox 2129 850 2326 919; x_wconf 78' lang='grc' dir='ltr'>ἔφαγεν</span> <span class='ocrx_word' id='word_1_164' title='bbox 2361 854 2419 904; x_wconf 84' lang='grc' dir='ltr'>ὲν</span> <span class='ocrx_word' id='word_1_165' title='bbox 2446 854 2565 915; x_wconf 87' lang='grc' dir='ltr'>ταῖς</span> <span class='ocrx_word' id='word_1_166' title='bbox 2591 852 2827 923; x_wconf 83' lang='grc' dir='ltr'>ἡμέραις</span> <span class='ocrx_word' id='word_1_167' title='bbox 2856 853 3143 916; x_wconf 73' lang='grc' dir='ltr'><strong>ἐκείναις.»</strong></span> <span class='ocrx_word' id='word_1_168' title='bbox 3182 855 3292 907; x_wconf 78' lang='grc' dir='ltr'><strong>Καὶ</strong></span> <span class='ocrx_word' id='word_1_169' title='bbox 3333 855 3493 909; x_wconf 88' lang='grc' dir='ltr'>πάλιν</span> <span class='ocrx_word' id='word_1_170' title='bbox 3533 858 3698 910; x_wconf 64' lang='lat' dir='ltr'><strong>Mur)-</strong></span> 
     </span>
    </p>
   </div>
   <div class='ocr_carea' id='block_1_25' title="bbox 2130 942 3695 1015">
    <p class='ocr_par' dir='ltr' id='par_1_25' title="bbox 2130 942 3695 1015">
     <span class='ocr_line' id='line_1_25' title="bbox 2130 942 3695 1015; baseline 0.004 -22"><span class='ocrx_word' id='word_1_171' title='bbox 2130 942 2229 1010; x_wconf 87' lang='grc' dir='ltr'><strong>σῆς</strong></span> <span class='ocrx_word' id='word_1_172' title='bbox 2259 943 2317 994; x_wconf 83' lang='grc' dir='ltr'>ὲν</span> <span class='ocrx_word' id='word_1_173' title='bbox 2353 945 2418 1012; x_wconf 86' lang='grc' dir='ltr'>τῇ</span> <span class='ocrx_word' id='word_1_174' title='bbox 2455 943 2645 1012; x_wconf 79' lang='grc' dir='ltr'>ἐρήμῳ</span> <span class='ocrx_word' id='word_1_175' title='bbox 2686 942 2888 1012; x_wconf 70' lang='grc' dir='ltr'>τροφὰς</span> <span class='ocrx_word' id='word_1_176' title='bbox 2929 942 3007 1012; x_wconf 82' lang='grc' dir='ltr'>τῷ</span> <span class='ocrx_word' id='word_1_177' title='bbox 3037 943 3149 1013; x_wconf 87' lang='grc' dir='ltr'>λαῷ</span> <span class='ocrx_word' id='word_1_178' title='bbox 3181 945 3440 1015; x_wconf 87' lang='grc' dir='ltr'>παρέσχε.</span> <span class='ocrx_word' id='word_1_179' title='bbox 3467 946 3629 1014; x_wconf 73' lang='grc' dir='ltr'>Λέγει</span> <span class='ocrx_word' id='word_1_180' title='bbox 3649 947 3695 999; x_wconf 84' lang='grc' dir='ltr'>δ’</span> 
     </span>
    </p>
   </div>
   <div class='ocr_carea' id='block_1_26' title="bbox 2126 1028 3698 1105">
    <p class='ocr_par' dir='ltr' id='par_1_26' title="bbox 2126 1028 3698 1105">
     <span class='ocr_line' id='line_1_26' title="bbox 2126 1028 3698 1105; baseline 0.003 -20"><span class='ocrx_word' id='word_1_181' title='bbox 2126 1028 2219 1085; x_wconf 83' lang='grc' dir='ltr'><strong>οὖν</strong></span> <span class='ocrx_word' id='word_1_182' title='bbox 2250 1034 2282 1101; x_wconf 83' lang='grc' dir='ltr'>ὴ</span> <span class='ocrx_word' id='word_1_183' title='bbox 2320 1033 2541 1102; x_wconf 80' lang='grc' dir='ltr'>Γραφή·</span> <span class='ocrx_word' id='word_1_184' title='bbox 2598 1052 2616 1083; x_wconf 77' lang='grc' dir='ltr'><strong>ι</strong></span> <span class='ocrx_word' id='word_1_185' title='bbox 2680 1034 2809 1085; x_wconf 78' lang='grc' dir='ltr'>Ἰδοὺ</span> <span class='ocrx_word' id='word_1_186' title='bbox 2846 1033 2955 1100; x_wconf 79' lang='grc' dir='ltr'><strong>ἐγὼ</strong></span> <span class='ocrx_word' id='word_1_187' title='bbox 2991 1034 3181 1104; x_wconf 85' lang='grc' dir='ltr'>δίδωμι</span> <span class='ocrx_word' id='word_1_188' title='bbox 3233 1034 3361 1104; x_wconf 83' lang='grc' dir='ltr'>ὑμῖν</span> <span class='ocrx_word' id='word_1_189' title='bbox 3402 1034 3598 1105; x_wconf 83' lang='grc' dir='ltr'><strong>ἄρτους</strong></span> <span class='ocrx_word' id='word_1_190' title='bbox 3633 1039 3698 1089; x_wconf 72' lang='grc' dir='ltr'><strong>ὲκ</strong></span> 
     </span>
    </p>
   </div>
   <div class='ocr_carea' id='block_1_27' title="bbox 2125 1122 3697 1194">
    <p class='ocr_par' dir='ltr' id='par_1_27' title="bbox 2125 1122 3697 1194">
     <span class='ocr_line' id='line_1_27' title="bbox 2125 1122 3697 1194; baseline 0.003 -19"><span class='ocrx_word' id='word_1_191' title='bbox 2125 1122 2220 1175; x_wconf 82' lang='grc' dir='ltr'><strong>τοῦ</strong></span> <span class='ocrx_word' id='word_1_192' title='bbox 2266 1123 2515 1192; x_wconf 79' lang='grc' dir='ltr'>ούρανοῦ.</span> <span class='ocrx_word' id='word_1_193' title='bbox 2567 1142 2586 1173; x_wconf 74' lang='grc' dir='ltr'><strong>ι</strong></span> <span class='ocrx_word' id='word_1_194' title='bbox 2622 1124 2728 1176; x_wconf 76' lang='grc' dir='ltr'>Καὶ</span> <span class='ocrx_word' id='word_1_195' title='bbox 2774 1126 2886 1194; x_wconf 81' lang='grc' dir='ltr'>μετ’</span> <span class='ocrx_word' id='word_1_196' title='bbox 2933 1125 3122 1191; x_wconf 81' lang='grc' dir='ltr'><strong>ὀλίγα·</strong></span> <span class='ocrx_word' id='word_1_197' title='bbox 3166 1142 3185 1175; x_wconf 84' lang='grc' dir='ltr'><strong>ι</strong></span> <span class='ocrx_word' id='word_1_198' title='bbox 3234 1125 3481 1192; x_wconf 81' lang='grc' dir='ltr'><strong>Ἐγένετο</strong></span> <span class='ocrx_word' id='word_1_199' title='bbox 3528 1143 3697 1180; x_wconf 86' lang='grc' dir='ltr'>κατα-</span> 
     </span>
    </p>
   </div>
   <div class='ocr_carea' id='block_1_28' title="bbox 2129 1217 3697 1290">
    <p class='ocr_par' dir='ltr' id='par_1_28' title="bbox 2129 1217 3697 1290">
     <span class='ocr_line' id='line_1_28' title="bbox 2129 1217 3697 1290; baseline 0.002 -21"><span class='ocrx_word' id='word_1_200' title='bbox 2129 1217 2444 1287; x_wconf 82' lang='grc' dir='ltr'>παυομένης</span> <span class='ocrx_word' id='word_1_201' title='bbox 2490 1218 2586 1285; x_wconf 81' lang='grc' dir='ltr'><strong>τῆς</strong></span> <span class='ocrx_word' id='word_1_202' title='bbox 2617 1218 2805 1289; x_wconf 84' lang='grc' dir='ltr'>δρόσου</span> <span class='ocrx_word' id='word_1_203' title='bbox 2839 1218 3022 1288; x_wconf 87' lang='grc' dir='ltr'>κύκλῳ</span> <span class='ocrx_word' id='word_1_204' title='bbox 3054 1220 3152 1287; x_wconf 86' lang='grc' dir='ltr'><strong>τῆς</strong></span> <span class='ocrx_word' id='word_1_205' title='bbox 3184 1218 3566 1290; x_wconf 79' lang='grc' dir='ltr'>παρεμϐολῆς,</span> <span class='ocrx_word' id='word_1_206' title='bbox 3602 1220 3697 1272; x_wconf 77' lang='grc' dir='ltr'>καὶ</span> 
     </span>
    </p>
   </div>
   <div class='ocr_carea' id='block_1_29' title="bbox 2132 1308 3696 1381">
    <p class='ocr_par' dir='ltr' id='par_1_29' title="bbox 2132 1308 3696 1381">
     <span class='ocr_line' id='line_1_29' title="bbox 2132 1308 3696 1381; baseline 0.001 -21"><span class='ocrx_word' id='word_1_207' title='bbox 2132 1308 2239 1361; x_wconf 74' lang='grc' dir='ltr'>ἰδοὺ</span> <span class='ocrx_word' id='word_1_208' title='bbox 2282 1309 2372 1360; x_wconf 74' lang='grc' dir='ltr'>ἐπὶ</span> <span class='ocrx_word' id='word_1_209' title='bbox 2406 1308 2694 1378; x_wconf 88' lang='grc' dir='ltr'>πρόσωπον</span> <span class='ocrx_word' id='word_1_210' title='bbox 2726 1309 2825 1377; x_wconf 81' lang='grc' dir='ltr'><strong>τῆς</strong></span> <span class='ocrx_word' id='word_1_211' title='bbox 2860 1311 3065 1381; x_wconf 79' lang='grc' dir='ltr'>ἐρήμου</span> <span class='ocrx_word' id='word_1_212' title='bbox 3100 1309 3294 1363; x_wconf 85' lang='grc' dir='ltr'>λεπτὸν</span> <span class='ocrx_word' id='word_1_213' title='bbox 3338 1310 3469 1362; x_wconf 68' lang='grc' dir='ltr'><strong>ὼσε)⁵</strong></span> <span class='ocrx_word' id='word_1_214' title='bbox 3513 1309 3696 1379; x_wconf 83' lang='grc' dir='ltr'>κόριον</span> 
     </span>
    </p>
   </div>
   <div class='ocr_carea' id='block_1_30' title="bbox 2127 1395 3695 1470">
    <p class='ocr_par' dir='ltr' id='par_1_30' title="bbox 2127 1395 3695 1470">
     <span class='ocr_line' id='line_1_30' title="bbox 2127 1395 3695 1470; baseline 0.003 -23"><span class='ocrx_word' id='word_1_215' title='bbox 2127 1395 2336 1458; x_wconf 80' lang='grc' dir='ltr'>λευκὸν,</span> <span class='ocrx_word' id='word_1_216' title='bbox 2369 1396 2501 1449; x_wconf 78' lang='grc' dir='ltr'>ὡσεὶ</span> <span class='ocrx_word' id='word_1_217' title='bbox 2540 1398 2710 1464; x_wconf 83' lang='grc' dir='ltr'>πάγος</span> <span class='ocrx_word' id='word_1_218' title='bbox 2744 1399 2836 1450; x_wconf 75' lang='grc' dir='ltr'>ἐπὶ</span> <span class='ocrx_word' id='word_1_219' title='bbox 2866 1399 2965 1467; x_wconf 84' lang='grc' dir='ltr'><strong>τῆς</strong></span> <span class='ocrx_word' id='word_1_220' title='bbox 2998 1399 3123 1469; x_wconf 86' lang='grc' dir='ltr'>γῆς.</span> <span class='ocrx_word' id='word_1_221' title='bbox 3163 1418 3182 1450; x_wconf 75' lang='grc' dir='ltr'><strong>ι</strong></span> <span class='ocrx_word' id='word_1_222' title='bbox 3226 1400 3334 1452; x_wconf 76' lang='grc' dir='ltr'>Καὶ</span> <span class='ocrx_word' id='word_1_223' title='bbox 3361 1402 3390 1452; x_wconf 92' lang='lat'><strong>6</strong></span> <span class='ocrx_word' id='word_1_224' title='bbox 3418 1398 3607 1470; x_wconf 76' lang='grc' dir='ltr'>Σωτὴρ</span> <span class='ocrx_word' id='word_1_225' title='bbox 3636 1399 3695 1453; x_wconf 77' lang='grc' dir='ltr'>δὲ</span> 
     </span>
    </p>
   </div>
   <div class='ocr_carea' id='block_1_31' title="bbox 2128 1488 3694 1559">
    <p class='ocr_par' dir='ltr' id='par_1_31' title="bbox 2128 1488 3694 1559">
     <span class='ocr_line' id='line_1_31' title="bbox 2128 1488 3694 1559; baseline 0.001 -19"><span class='ocrx_word' id='word_1_226' title='bbox 2128 1488 2220 1540; x_wconf 79' lang='grc' dir='ltr'>καὶ</span> <span class='ocrx_word' id='word_1_227' title='bbox 2251 1488 2454 1559; x_wconf 81' lang='grc' dir='ltr'>Κύριος</span> <span class='ocrx_word' id='word_1_228' title='bbox 2488 1488 2643 1558; x_wconf 78' lang='grc' dir='ltr'>ἡμῶν</span> <span class='ocrx_word' id='word_1_229' title='bbox 2681 1489 2941 1552; x_wconf 78' lang='grc' dir='ltr'>ὡσαύτως</span> <span class='ocrx_word' id='word_1_230' title='bbox 2984 1490 3117 1558; x_wconf 81' lang='grc' dir='ltr'>φησὶ</span> <span class='ocrx_word' id='word_1_231' title='bbox 3164 1489 3296 1559; x_wconf 84' lang='grc' dir='ltr'>πρὸς</span> <span class='ocrx_word' id='word_1_232' title='bbox 3340 1491 3463 1552; x_wconf 82' lang='grc' dir='ltr'>τοὺς</span> <span class='ocrx_word' id='word_1_233' title='bbox 3502 1488 3694 1543; x_wconf 73' lang='grc' dir='ltr'>ἑαυτοῦ</span> 
     </span>
    </p>
   </div>
   <div class='ocr_carea' id='block_1_32' title="bbox 2130 1579 3693 1651">
    <p class='ocr_par' dir='ltr' id='par_1_32' title="bbox 2130 1579 3693 1651">
     <span class='ocr_line' id='line_1_32' title="bbox 2130 1579 3693 1651; baseline 0.001 -19"><span class='ocrx_word' id='word_1_234' title='bbox 2130 1580 2406 1651; x_wconf 81' lang='grc' dir='ltr'>μαθητάς·</span> <span class='ocrx_word' id='word_1_235' title='bbox 2447 1599 2466 1630; x_wconf 77' lang='grc' dir='ltr'><strong>ι</strong></span> <span class='ocrx_word' id='word_1_236' title='bbox 2496 1580 2559 1631; x_wconf 90' lang='grc' dir='ltr'>Τί</span> <span class='ocrx_word' id='word_1_237' title='bbox 2589 1579 2951 1647; x_wconf 75' lang='grc' dir='ltr'>διαλογίζεσθε</span> <span class='ocrx_word' id='word_1_238' title='bbox 2989 1581 3047 1632; x_wconf 74' lang='grc' dir='ltr'><strong>ἐν</strong></span> <span class='ocrx_word' id='word_1_239' title='bbox 3082 1582 3312 1645; x_wconf 78' lang='grc' dir='ltr'>ἑαυτοῖς,</span> <span class='ocrx_word' id='word_1_240' title='bbox 3342 1580 3693 1648; x_wconf 79' lang='grc' dir='ltr'><strong>ὀλιγόπιστοι,</strong></span> 
     </span>
    </p>
   </div>
   <div class='ocr_carea' id='block_1_33' title="bbox 2128 1670 3693 1742">
    <p class='ocr_par' dir='ltr' id='par_1_33' title="bbox 2128 1670 3693 1742">
     <span class='ocr_line' id='line_1_33' title="bbox 2128 1670 3693 1742; baseline -0.001 -18"><span class='ocrx_word' id='word_1_241' title='bbox 2128 1673 2208 1724; x_wconf 81' lang='grc' dir='ltr'>ὅτι</span> <span class='ocrx_word' id='word_1_242' title='bbox 2241 1672 2435 1742; x_wconf 87' lang='grc' dir='ltr'>ἄρτους</span> <span class='ocrx_word' id='word_1_243' title='bbox 2473 1673 2573 1724; x_wconf 78' lang='grc' dir='ltr'>οὐκ</span> <span class='ocrx_word' id='word_1_244' title='bbox 2624 1671 2881 1737; x_wconf 81' lang='grc' dir='ltr'>ὲλάόετε;</span> <span class='ocrx_word' id='word_1_245' title='bbox 2915 1670 3068 1724; x_wconf 72' lang='grc' dir='ltr'>οὔπω</span> <span class='ocrx_word' id='word_1_246' title='bbox 3110 1675 3279 1724; x_wconf 83' lang='grc' dir='ltr'>νοεῖτε</span> <span class='ocrx_word' id='word_1_247' title='bbox 3315 1672 3438 1724; x_wconf 77' lang='grc' dir='ltr'>οὐδὲ</span> <span class='ocrx_word' id='word_1_248' title='bbox 3483 1689 3693 1742; x_wconf 82' lang='grc' dir='ltr'>μνημο-</span> 
     </span>
    </p>
   </div>
   <div class='ocr_carea' id='block_1_34' title="bbox 457 1756 2022 1834">
    <p class='ocr_par' dir='ltr' id='par_1_34' title="bbox 457 1759 2022 1831">
     <span class='ocr_line' id='line_1_34' title="bbox 457 1759 2022 1831; baseline 0.002 -19"><span class='ocrx_word' id='word_1_249' title='bbox 457 1759 594 1813; x_wconf 89' lang='lat' dir='ltr'><strong>Nam</strong></span> <span class='ocrx_word' id='word_1_250' title='bbox 651 1760 928 1831; x_wconf 86' lang='lat' dir='ltr'><strong>Scriptura</strong></span> <span class='ocrx_word' id='word_1_251' title='bbox 977 1763 1056 1815; x_wconf 91' lang='lat' dir='ltr'><strong>sic</strong></span> <span class='ocrx_word' id='word_1_252' title='bbox 1096 1761 1254 1814; x_wconf 87' lang='lat' dir='ltr'><strong>habet</strong></span> <span class='ocrx_word' id='word_1_253' title='bbox 1296 1779 1308 1814; x_wconf 91' lang='lat'><strong>:</strong></span> <span class='ocrx_word' id='word_1_254' title='bbox 1343 1779 1361 1811; x_wconf 76' lang='grc' dir='ltr'><strong>ι</strong></span> <span class='ocrx_word' id='word_1_255' title='bbox 1404 1760 1542 1815; x_wconf 84' lang='lat' dir='ltr'><strong>Ecce</strong></span> <span class='ocrx_word' id='word_1_256' title='bbox 1597 1775 1697 1830; x_wconf 78' lang='lat' dir='ltr'><strong>ego</strong></span> <span class='ocrx_word' id='word_1_257' title='bbox 1746 1761 1816 1815; x_wconf 92' lang='lat' dir='ltr'><strong>do</strong></span> <span class='ocrx_word' id='word_1_258' title='bbox 1869 1761 2022 1815; x_wconf 80' lang='lat' dir='ltr'><strong>vobis</strong></span> 
     </span>
    </p>
   </div>
   <div class='ocr_carea' id='block_1_35' title="bbox 2124 1756 3694 1834">
    <p class='ocr_par' dir='ltr' id='par_1_35' title="bbox 2126 1763 3694 1834">
     <span class='ocr_line' id='line_1_35' title="bbox 2126 1763 3694 1834; baseline 0.001 -19"><span class='ocrx_word' id='word_1_259' title='bbox 2126 1763 2307 1816; x_wconf 86' lang='grc' dir='ltr'>νεύετε</span> <span class='ocrx_word' id='word_1_260' title='bbox 2349 1765 2474 1827; x_wconf 78' lang='grc' dir='ltr'>τοὺς</span> <span class='ocrx_word' id='word_1_261' title='bbox 2507 1764 2666 1816; x_wconf 87' lang='grc' dir='ltr'>πέντε</span> <span class='ocrx_word' id='word_1_262' title='bbox 2696 1766 2893 1834; x_wconf 87' lang='grc' dir='ltr'>ἄρτους</span> <span class='ocrx_word' id='word_1_263' title='bbox 2925 1763 3033 1816; x_wconf 84' lang='grc' dir='ltr'>τῶν</span> <span class='ocrx_word' id='word_1_264' title='bbox 3076 1763 3552 1833; x_wconf 77' lang='grc' dir='ltr'>πεντακισχιλίων,</span> <span class='ocrx_word' id='word_1_265' title='bbox 3599 1765 3694 1817; x_wconf 80' lang='grc' dir='ltr'><strong>καὶ</strong></span> 
     </span>
    </p>
   </div>
   <div class='ocr_carea' id='block_1_36' title="bbox 457 1852 2016 1921">
    <p class='ocr_par' dir='ltr' id='par_1_36' title="bbox 457 1852 2016 1921">
     <span class='ocr_line' id='line_1_36' title="bbox 457 1852 2016 1921; baseline -0.001 -14"><span class='ocrx_word' id='word_1_266' title='bbox 457 1868 628 1921; x_wconf 89' lang='lat' dir='ltr'><strong>panes</strong></span> <span class='ocrx_word' id='word_1_267' title='bbox 671 1854 739 1907; x_wconf 91' lang='lat' dir='ltr'><strong>de</strong></span> <span class='ocrx_word' id='word_1_268' title='bbox 785 1854 982 1908; x_wconf 74' lang='lat' dir='ltr'><strong>cmlo&#39;.</strong></span> <span class='ocrx_word' id='word_1_269' title='bbox 1020 1872 1039 1905; x_wconf 75' lang='grc' dir='ltr'><strong>ι</strong></span> <span class='ocrx_word' id='word_1_270' title='bbox 1076 1852 1142 1905; x_wconf 86' lang='lat' dir='ltr'><strong>Et</strong></span> <span class='ocrx_word' id='word_1_271' title='bbox 1174 1853 1335 1921; x_wconf 89' lang='lat' dir='ltr'><strong>paulo</strong></span> <span class='ocrx_word' id='word_1_272' title='bbox 1386 1860 1542 1921; x_wconf 86' lang='lat' dir='ltr'><strong>post:</strong></span> <span class='ocrx_word' id='word_1_273' title='bbox 1574 1871 1591 1902; x_wconf 81' lang='grc' dir='ltr'><strong>ι</strong></span> <span class='ocrx_word' id='word_1_274' title='bbox 1634 1852 1861 1907; x_wconf 86' lang='lat' dir='ltr'><strong>Factum</strong></span> <span class='ocrx_word' id='word_1_275' title='bbox 1910 1861 2016 1916; x_wconf 89' lang='lat' dir='ltr'><strong>est,</strong></span> 
     </span>
    </p>
   </div>
   <div class='ocr_carea' id='block_1_37' title="bbox 460 1942 2023 2013">
    <p class='ocr_par' dir='ltr' id='par_1_37' title="bbox 460 1942 2023 2013">
     <span class='ocr_line' id='line_1_37' title="bbox 460 1942 2023 2013; baseline 0.001 -18"><span class='ocrx_word' id='word_1_276' title='bbox 460 1945 657 2013; x_wconf 88' lang='lat' dir='ltr'><strong>inquit,</strong></span> <span class='ocrx_word' id='word_1_277' title='bbox 694 1958 819 1997; x_wconf 90' lang='lat' dir='ltr'><strong>cum</strong></span> <span class='ocrx_word' id='word_1_278' title='bbox 854 1942 1193 1998; x_wconf 89' lang='lat' dir='ltr'><strong>subsedisset</strong></span> <span class='ocrx_word' id='word_1_279' title='bbox 1226 1957 1317 1995; x_wconf 88' lang='lat' dir='ltr'><strong>ros</strong></span> <span class='ocrx_word' id='word_1_280' title='bbox 1346 1942 1549 1995; x_wconf 77' lang='lat' dir='ltr'><strong>circum</strong></span> <span class='ocrx_word' id='word_1_281' title='bbox 1583 1952 1783 2004; x_wconf 88' lang='lat' dir='ltr'><strong>castra,</strong></span> <span class='ocrx_word' id='word_1_282' title='bbox 1812 1949 1865 1996; x_wconf 85' lang='lat' dir='ltr'><strong>et</strong></span> <span class='ocrx_word' id='word_1_283' title='bbox 1896 1958 2023 1997; x_wconf 89' lang='lat' dir='ltr'><strong>ecce</strong></span> 
     </span>
    </p>
   </div>
   <div class='ocr_carea' id='block_1_38' title="bbox 458 2031 2021 2104">
    <p class='ocr_par' dir='ltr' id='par_1_38' title="bbox 458 2031 2021 2104">
     <span class='ocr_line' id='line_1_38' title="bbox 458 2031 2021 2104; baseline -0.002 -15"><span class='ocrx_word' id='word_1_284' title='bbox 458 2050 623 2104; x_wconf 84' lang='lat' dir='ltr'><strong>super</strong></span> <span class='ocrx_word' id='word_1_285' title='bbox 652 2033 844 2088; x_wconf 81' lang='lat' dir='ltr'><strong>faciem</strong></span> <span class='ocrx_word' id='word_1_286' title='bbox 885 2032 1086 2088; x_wconf 85' lang='lat' dir='ltr'><strong>deserti</strong></span> <span class='ocrx_word' id='word_1_287' title='bbox 1143 2032 1411 2086; x_wconf 90' lang='lat' dir='ltr'><strong>minutum</strong></span> <span class='ocrx_word' id='word_1_288' title='bbox 1459 2032 1618 2101; x_wconf 87' lang='lat' dir='ltr'><strong>quasi</strong></span> <span class='ocrx_word' id='word_1_289' title='bbox 1670 2031 2021 2086; x_wconf 86' lang='lat' dir='ltr'><strong>coriandrum</strong></span> 
     </span>
    </p>
   </div>
   <div class='ocr_carea' id='block_1_39' title="bbox 458 2121 2023 2197">
    <p class='ocr_par' dir='ltr' id='par_1_39' title="bbox 458 2121 2023 2197">
     <span class='ocr_line' id='line_1_39' title="bbox 458 2121 2023 2197; baseline -0.003 -16"><span class='ocrx_word' id='word_1_290' title='bbox 458 2129 658 2190; x_wconf 90' lang='lat' dir='ltr'><strong>album,</strong></span> <span class='ocrx_word' id='word_1_291' title='bbox 678 2126 831 2197; x_wconf 90' lang='lat' dir='ltr'><strong>quasi</strong></span> <span class='ocrx_word' id='word_1_292' title='bbox 854 2126 973 2197; x_wconf 80' lang='lat' dir='ltr'><strong>gelu</strong></span> <span class='ocrx_word' id='word_1_293' title='bbox 1004 2141 1167 2194; x_wconf 88' lang='lat' dir='ltr'><strong>super</strong></span> <span class='ocrx_word' id='word_1_294' title='bbox 1192 2133 1392 2179; x_wconf 89' lang='lat' dir='ltr'><strong>terram</strong></span> <span class='ocrx_word' id='word_1_295' title='bbox 1410 2124 1453 2176; x_wconf 74' lang='grc'><strong>⁸.</strong></span> <span class='ocrx_word' id='word_1_296' title='bbox 1476 2143 1495 2174; x_wconf 76' lang='grc' dir='ltr'><strong>ι</strong></span> <span class='ocrx_word' id='word_1_297' title='bbox 1529 2121 1777 2177; x_wconf 86' lang='lat' dir='ltr'><strong>Salvator</strong></span> <span class='ocrx_word' id='word_1_298' title='bbox 1807 2137 2023 2193; x_wconf 83' lang='lat' dir='ltr'><strong>quoque</strong></span> 
     </span>
    </p>
   </div>
   <div class='ocr_carea' id='block_1_40' title="bbox 457 2213 2023 2286">
    <p class='ocr_par' dir='ltr' id='par_1_40' title="bbox 457 2213 2023 2286">
     <span class='ocr_line' id='line_1_40' title="bbox 457 2213 2023 2286; baseline -0.003 -12"><span class='ocrx_word' id='word_1_299' title='bbox 457 2235 520 2274; x_wconf 91' lang='lat' dir='ltr'><strong>ac</strong></span> <span class='ocrx_word' id='word_1_300' title='bbox 544 2219 807 2274; x_wconf 86' lang='lat' dir='ltr'><strong>Dominus</strong></span> <span class='ocrx_word' id='word_1_301' title='bbox 834 2225 1021 2271; x_wconf 92' lang='lat' dir='ltr'><strong>noster</strong></span> <span class='ocrx_word' id='word_1_302' title='bbox 1050 2216 1119 2270; x_wconf 88' lang='lat' dir='ltr'><strong>ad</strong></span> <span class='ocrx_word' id='word_1_303' title='bbox 1142 2216 1444 2286; x_wconf 90' lang='lat' dir='ltr'><strong>discipulos</strong></span> <span class='ocrx_word' id='word_1_304' title='bbox 1475 2230 1640 2271; x_wconf 89' lang='lat' dir='ltr'><strong>suos:</strong></span> <span class='ocrx_word' id='word_1_305' title='bbox 1688 2234 1707 2266; x_wconf 77' lang='grc' dir='ltr'><strong>ι</strong></span> <span class='ocrx_word' id='word_1_306' title='bbox 1738 2213 1904 2280; x_wconf 82' lang='lat' dir='ltr'><strong>Quid,</strong></span> <span class='ocrx_word' id='word_1_307' title='bbox 1943 2216 2023 2269; x_wconf 83' lang='lat' dir='ltr'><strong>in—</strong></span> 
     </span>
    </p>
   </div>
   <div class='ocr_carea' id='block_1_41' title="bbox 454 2306 2020 2381">
    <p class='ocr_par' dir='ltr' id='par_1_41' title="bbox 454 2306 2020 2381">
     <span class='ocr_line' id='line_1_41' title="bbox 454 2306 2020 2381; baseline -0.002 -16"><span class='ocrx_word' id='word_1_308' title='bbox 454 2312 589 2381; x_wconf 86' lang='lat' dir='ltr'><strong>quit,</strong></span> <span class='ocrx_word' id='word_1_309' title='bbox 608 2310 854 2380; x_wconf 75' lang='lat' dir='ltr'><strong>cogitatis</strong></span> <span class='ocrx_word' id='word_1_310' title='bbox 868 2309 921 2362; x_wconf 92' lang='lat' dir='ltr'><strong>in</strong></span> <span class='ocrx_word' id='word_1_311' title='bbox 937 2308 1089 2363; x_wconf 90' lang='lat' dir='ltr'><strong>vobis</strong></span> <span class='ocrx_word' id='word_1_312' title='bbox 1108 2310 1259 2379; x_wconf 86' lang='lat' dir='ltr'><strong>ipsis,</strong></span> <span class='ocrx_word' id='word_1_313' title='bbox 1280 2308 1498 2362; x_wconf 70' lang='lat' dir='ltr'><strong>modicae</strong></span> <span class='ocrx_word' id='word_1_314' title='bbox 1521 2307 1664 2369; x_wconf 80' lang='lat' dir='ltr'><strong>fidei,</strong></span> <span class='ocrx_word' id='word_1_315' title='bbox 1684 2306 1828 2377; x_wconf 92' lang='lat' dir='ltr'><strong>quod</strong></span> <span class='ocrx_word' id='word_1_316' title='bbox 1853 2322 2020 2378; x_wconf 86' lang='lat' dir='ltr'><strong>panes</strong></span> 
     </span>
    </p>
   </div>
   <div class='ocr_carea' id='block_1_42' title="bbox 453 2399 2021 2470">
    <p class='ocr_par' dir='ltr' id='par_1_42' title="bbox 453 2399 2021 2470">
     <span class='ocr_line' id='line_1_42' title="bbox 453 2399 2021 2470; baseline -0.003 -14"><span class='ocrx_word' id='word_1_317' title='bbox 453 2418 560 2456; x_wconf 91' lang='lat' dir='ltr'><strong>non</strong></span> <span class='ocrx_word' id='word_1_318' title='bbox 601 2400 923 2470; x_wconf 85' lang='lat' dir='ltr'><strong>accepistis?</strong></span> <span class='ocrx_word' id='word_1_319' title='bbox 963 2400 1205 2453; x_wconf 90' lang='lat' dir='ltr'><strong>nondum</strong></span> <span class='ocrx_word' id='word_1_320' title='bbox 1237 2400 1412 2463; x_wconf 85' lang='lat' dir='ltr'><strong>scitis,</strong></span> <span class='ocrx_word' id='word_1_321' title='bbox 1444 2414 1620 2469; x_wconf 87' lang='lat' dir='ltr'><strong>neque</strong></span> <span class='ocrx_word' id='word_1_322' title='bbox 1659 2399 2021 2454; x_wconf 87' lang='lat' dir='ltr'><strong>recordamini</strong></span> 
     </span>
    </p>
   </div>
   <div class='ocr_carea' id='block_1_43' title="bbox 452 2489 2022 2561">
    <p class='ocr_par' dir='ltr' id='par_1_43' title="bbox 452 2489 2022 2561">
     <span class='ocr_line' id='line_1_43' title="bbox 452 2489 2022 2561; baseline 0.001 -18"><span class='ocrx_word' id='word_1_323' title='bbox 452 2492 692 2561; x_wconf 87' lang='lat' dir='ltr'><strong>quinque</strong></span> <span class='ocrx_word' id='word_1_324' title='bbox 733 2504 902 2558; x_wconf 88' lang='lat' dir='ltr'><strong>panes</strong></span> <span class='ocrx_word' id='word_1_325' title='bbox 940 2490 1185 2559; x_wconf 90' lang='lat' dir='ltr'><strong>quinque</strong></span> <span class='ocrx_word' id='word_1_326' title='bbox 1208 2489 1475 2542; x_wconf 87' lang='lat' dir='ltr'><strong>millium?</strong></span> <span class='ocrx_word' id='word_1_327' title='bbox 1501 2498 1555 2544; x_wconf 92' lang='lat' dir='ltr'><strong>et</strong></span> <span class='ocrx_word' id='word_1_328' title='bbox 1593 2499 1726 2559; x_wconf 91' lang='lat' dir='ltr'><strong>quot</strong></span> <span class='ocrx_word' id='word_1_329' title='bbox 1756 2489 2022 2560; x_wconf 87' lang='lat' dir='ltr'><strong>cophinos</strong></span> 
     </span>
    </p>
   </div>
   <div class='ocr_carea' id='block_1_44' title="bbox 454 2581 2024 2651">
    <p class='ocr_par' dir='ltr' id='par_1_44' title="bbox 454 2581 2024 2651">
     <span class='ocr_line' id='line_1_44' title="bbox 454 2581 2024 2651; baseline -0.001 -15"><span class='ocrx_word' id='word_1_330' title='bbox 454 2581 772 2651; x_wconf 82' lang='lat' dir='ltr'><strong>recepistis?</strong></span> <span class='ocrx_word' id='word_1_331' title='bbox 790 2594 966 2649; x_wconf 88' lang='lat' dir='ltr'><strong>neque</strong></span> <span class='ocrx_word' id='word_1_332' title='bbox 994 2589 1220 2649; x_wconf 82' lang='lat' dir='ltr'><strong>septem,</strong></span> <span class='ocrx_word' id='word_1_333' title='bbox 1248 2588 1485 2649; x_wconf 89' lang='lat' dir='ltr'><strong>quatuor</strong></span> <span class='ocrx_word' id='word_1_334' title='bbox 1514 2581 1780 2634; x_wconf 80' lang='lat' dir='ltr'><strong>millium?</strong></span> <span class='ocrx_word' id='word_1_335' title='bbox 1812 2590 1864 2634; x_wconf 90' lang='lat' dir='ltr'><strong>et</strong></span> <span class='ocrx_word' id='word_1_336' title='bbox 1889 2589 2024 2650; x_wconf 90' lang='lat' dir='ltr'><strong>quot</strong></span> 
     </span>
    </p>
   </div>
   <div class='ocr_carea' id='block_1_45' title="bbox 456 2669 2024 2743">
    <p class='ocr_par' dir='ltr' id='par_1_45' title="bbox 456 2669 2024 2743">
     <span class='ocr_line' id='line_1_45' title="bbox 456 2669 2024 2743; baseline -0.001 -17"><span class='ocrx_word' id='word_1_337' title='bbox 456 2681 670 2743; x_wconf 85' lang='lat' dir='ltr'><strong>sportas</strong></span> <span class='ocrx_word' id='word_1_338' title='bbox 719 2672 988 2726; x_wconf 72' lang='lat' dir='ltr'><strong>tulistis?s</strong></span> <span class='ocrx_word' id='word_1_339' title='bbox 1021 2691 1038 2722; x_wconf 78' lang='grc' dir='ltr'><strong>ι</strong></span> <span class='ocrx_word' id='word_1_340' title='bbox 1067 2669 1197 2724; x_wconf 90' lang='lat' dir='ltr'><strong>Item</strong></span> <span class='ocrx_word' id='word_1_341' title='bbox 1239 2670 1451 2740; x_wconf 76' lang='lat' dir='ltr'><strong>Moyses</strong></span> <span class='ocrx_word' id='word_1_342' title='bbox 1488 2686 1580 2740; x_wconf 86' lang='lat' dir='ltr'><strong>per</strong></span> <span class='ocrx_word' id='word_1_343' title='bbox 1605 2670 1843 2725; x_wconf 90' lang='lat' dir='ltr'><strong>medium</strong></span> <span class='ocrx_word' id='word_1_344' title='bbox 1873 2686 2024 2725; x_wconf 89' lang='lat' dir='ltr'><strong>mare</strong></span> 
     </span>
    </p>
   </div>
   <div class='ocr_carea' id='block_1_46' title="bbox 457 2760 2020 2833">
    <p class='ocr_par' dir='ltr' id='par_1_46' title="bbox 457 2760 2020 2833">
     <span class='ocr_line' id='line_1_46' title="bbox 457 2760 2020 2833; baseline 0 -17"><span class='ocrx_word' id='word_1_345' title='bbox 457 2765 736 2833; x_wconf 79' lang='lat' dir='ltr'><strong>ingressus</strong></span> <span class='ocrx_word' id='word_1_346' title='bbox 765 2771 867 2825; x_wconf 91' lang='lat' dir='ltr'><strong>est,</strong></span> <span class='ocrx_word' id='word_1_347' title='bbox 887 2761 1195 2832; x_wconf 83' lang='lat' dir='ltr'><strong>populoque</strong></span> <span class='ocrx_word' id='word_1_348' title='bbox 1227 2762 1439 2816; x_wconf 85' lang='lat' dir='ltr'><strong>itineris</strong></span> <span class='ocrx_word' id='word_1_349' title='bbox 1472 2760 1579 2815; x_wconf 83' lang='lat' dir='ltr'><strong>dux</strong></span> <span class='ocrx_word' id='word_1_350' title='bbox 1615 2761 1739 2816; x_wconf 91' lang='lat' dir='ltr'><strong>fuit.</strong></span> <span class='ocrx_word' id='word_1_351' title='bbox 1759 2760 1848 2815; x_wconf 87' lang='lat' dir='ltr'><strong>Sic</strong></span> <span class='ocrx_word' id='word_1_352' title='bbox 1875 2763 2020 2816; x_wconf 87' lang='lat' dir='ltr'><strong>enim</strong></span> 
     </span>
    </p>
   </div>
   <div class='ocr_carea' id='block_1_47' title="bbox 458 2851 2020 2923">
    <p class='ocr_par' dir='ltr' id='par_1_47' title="bbox 458 2851 2020 2923">
     <span class='ocr_line' id='line_1_47' title="bbox 458 2851 2020 2923; baseline -0.001 -16"><span class='ocrx_word' id='word_1_353' title='bbox 458 2855 618 2909; x_wconf 87' lang='lat' dir='ltr'><strong>habet</strong></span> <span class='ocrx_word' id='word_1_354' title='bbox 646 2852 928 2923; x_wconf 86' lang='lat' dir='ltr'><strong>Scriptura</strong></span> <span class='ocrx_word' id='word_1_355' title='bbox 965 2873 978 2909; x_wconf 73' lang='grc' dir='ltr'>ε</span> <span class='ocrx_word' id='word_1_356' title='bbox 1018 2871 1036 2905; x_wconf 84' lang='grc' dir='ltr'><strong>ι</strong></span> <span class='ocrx_word' id='word_1_357' title='bbox 1079 2852 1330 2907; x_wconf 82' lang='lat' dir='ltr'><strong>Extendit</strong></span> <span class='ocrx_word' id='word_1_358' title='bbox 1373 2851 1549 2908; x_wconf 89' lang='lat' dir='ltr'><strong>Moses</strong></span> <span class='ocrx_word' id='word_1_359' title='bbox 1606 2868 1828 2907; x_wconf 88' lang='lat' dir='ltr'><strong>manum</strong></span> <span class='ocrx_word' id='word_1_360' title='bbox 1862 2868 2020 2907; x_wconf 89' lang='lat' dir='ltr'><strong>suam</strong></span> 
     </span>
    </p>
   </div>
   <div class='ocr_carea' id='block_1_48' title="bbox 455 2943 2021 3005">
    <p class='ocr_par' dir='ltr' id='par_1_48' title="bbox 455 2943 2021 3005">
     <span class='ocr_line' id='line_1_48' title="bbox 455 2943 2021 3005; baseline -0.001 -7"><span class='ocrx_word' id='word_1_361' title='bbox 455 2945 510 2998; x_wconf 92' lang='lat' dir='ltr'><strong>in</strong></span> <span class='ocrx_word' id='word_1_362' title='bbox 542 2960 691 3000; x_wconf 88' lang='lat' dir='ltr'><strong>mare</strong></span> <span class='ocrx_word' id='word_1_363' title='bbox 717 2964 730 3000; x_wconf 87' lang='lat'><strong>:</strong></span> <span class='ocrx_word' id='word_1_364' title='bbox 755 2956 810 2999; x_wconf 88' lang='lat' dir='ltr'><strong>et</strong></span> <span class='ocrx_word' id='word_1_365' title='bbox 841 2944 1102 3000; x_wconf 85' lang='lat' dir='ltr'><strong>subduxit</strong></span> <span class='ocrx_word' id='word_1_366' title='bbox 1129 2943 1392 3000; x_wconf 89' lang='lat' dir='ltr'><strong>Dominus</strong></span> <span class='ocrx_word' id='word_1_367' title='bbox 1438 2959 1588 2999; x_wconf 91' lang='lat' dir='ltr'><strong>mare</strong></span> <span class='ocrx_word' id='word_1_368' title='bbox 1628 2952 1789 2999; x_wconf 91' lang='lat' dir='ltr'><strong>vento</strong></span> <span class='ocrx_word' id='word_1_369' title='bbox 1836 2955 2021 3005; x_wconf 85' lang='lat' dir='ltr'><strong>austro</strong></span> 
     </span>
    </p>
   </div>
   <div class='ocr_carea' id='block_1_49' title="bbox 454 3036 2022 3100">
    <p class='ocr_par' dir='ltr' id='par_1_49' title="bbox 454 3036 2022 3100">
     <span class='ocr_line' id='line_1_49' title="bbox 454 3036 2022 3100; baseline -0.001 -10"><span class='ocrx_word' id='word_1_370' title='bbox 454 3037 690 3091; x_wconf 83' lang='lat' dir='ltr'><strong>violento</strong></span> <span class='ocrx_word' id='word_1_371' title='bbox 739 3045 910 3090; x_wconf 92' lang='lat' dir='ltr'><strong>totum</strong></span> <span class='ocrx_word' id='word_1_372' title='bbox 941 3036 1105 3100; x_wconf 89' lang='lat' dir='ltr'><strong>diem,</strong></span> <span class='ocrx_word' id='word_1_373' title='bbox 1140 3043 1193 3090; x_wconf 91' lang='lat' dir='ltr'><strong>et</strong></span> <span class='ocrx_word' id='word_1_374' title='bbox 1226 3037 1351 3090; x_wconf 79' lang='lat' dir='ltr'><strong>fecit</strong></span> <span class='ocrx_word' id='word_1_375' title='bbox 1392 3051 1540 3089; x_wconf 87' lang='lat' dir='ltr'><strong>mare</strong></span> <span class='ocrx_word' id='word_1_376' title='bbox 1589 3036 1816 3098; x_wconf 91' lang='lat' dir='ltr'><strong>siccum,</strong></span> <span class='ocrx_word' id='word_1_377' title='bbox 1853 3044 1907 3091; x_wconf 91' lang='lat' dir='ltr'><strong>et</strong></span> <span class='ocrx_word' id='word_1_378' title='bbox 1938 3037 2022 3090; x_wconf 93' lang='lat' dir='ltr'><strong>di-</strong></span> 
     </span>
    </p>
   </div>
   <div class='ocr_carea' id='block_1_50' title="bbox 453 3125 2020 3198">
    <p class='ocr_par' dir='ltr' id='par_1_50' title="bbox 453 3125 2020 3198">
     <span class='ocr_line' id='line_1_50' title="bbox 453 3125 2020 3198; baseline 0.002 -19"><span class='ocrx_word' id='word_1_379' title='bbox 453 3127 570 3182; x_wconf 84' lang='lat' dir='ltr'><strong>visa</strong></span> <span class='ocrx_word' id='word_1_380' title='bbox 603 3136 688 3183; x_wconf 91' lang='lat' dir='ltr'><strong>est</strong></span> <span class='ocrx_word' id='word_1_381' title='bbox 726 3142 889 3198; x_wconf 87' lang='lat' dir='ltr'><strong>aqua,</strong></span> <span class='ocrx_word' id='word_1_382' title='bbox 923 3137 977 3182; x_wconf 91' lang='lat' dir='ltr'><strong>et</strong></span> <span class='ocrx_word' id='word_1_383' title='bbox 1026 3128 1362 3182; x_wconf 83' lang='lat' dir='ltr'><strong>transierunt</strong></span> <span class='ocrx_word' id='word_1_384' title='bbox 1417 3127 1511 3181; x_wconf 79' lang='lat' dir='ltr'><strong>filii</strong></span> <span class='ocrx_word' id='word_1_385' title='bbox 1561 3125 1726 3182; x_wconf 91' lang='lat' dir='ltr'><strong>Israel</strong></span> <span class='ocrx_word' id='word_1_386' title='bbox 1775 3142 1871 3197; x_wconf 90' lang='lat' dir='ltr'><strong>per</strong></span> <span class='ocrx_word' id='word_1_387' title='bbox 1906 3142 2020 3182; x_wconf 88' lang='lat' dir='ltr'><strong>me-</strong></span> 
     </span>
    </p>
   </div>
   <div class='ocr_carea' id='block_1_51' title="bbox 452 3219 2023 3290">
    <p class='ocr_par' dir='ltr' id='par_1_51' title="bbox 452 3219 2023 3290">
     <span class='ocr_line' id='line_1_51' title="bbox 452 3219 2023 3290; baseline 0.001 -18"><span class='ocrx_word' id='word_1_388' title='bbox 452 3219 602 3273; x_wconf 88' lang='lat' dir='ltr'><strong>dium</strong></span> <span class='ocrx_word' id='word_1_389' title='bbox 642 3235 791 3274; x_wconf 89' lang='lat' dir='ltr'><strong>mare</strong></span> <span class='ocrx_word' id='word_1_390' title='bbox 825 3219 880 3273; x_wconf 90' lang='lat' dir='ltr'><strong>in</strong></span> <span class='ocrx_word' id='word_1_391' title='bbox 905 3223 1072 3281; x_wconf 86' lang='lat' dir='ltr'><strong>sicco,</strong></span> <span class='ocrx_word' id='word_1_392' title='bbox 1091 3228 1143 3274; x_wconf 90' lang='lat' dir='ltr'><strong>et</strong></span> <span class='ocrx_word' id='word_1_393' title='bbox 1169 3235 1308 3290; x_wconf 90' lang='lat' dir='ltr'><strong>aqua</strong></span> <span class='ocrx_word' id='word_1_394' title='bbox 1332 3220 1411 3275; x_wconf 91' lang='lat' dir='ltr'><strong>eis</strong></span> <span class='ocrx_word' id='word_1_395' title='bbox 1439 3235 1628 3274; x_wconf 90' lang='lat' dir='ltr'><strong>murus</strong></span> <span class='ocrx_word' id='word_1_396' title='bbox 1660 3234 1689 3272; x_wconf 93' lang='lat' dir='ltr'><strong>a</strong></span> <span class='ocrx_word' id='word_1_397' title='bbox 1713 3219 1941 3283; x_wconf 88' lang='lat' dir='ltr'><strong>dextris,</strong></span> <span class='ocrx_word' id='word_1_398' title='bbox 1968 3230 2023 3275; x_wconf 90' lang='lat' dir='ltr'><strong>et</strong></span> 
     </span>
    </p>
   </div>
   <div class='ocr_carea' id='block_1_52' title="bbox 454 3310 2021 3381">
    <p class='ocr_par' dir='ltr' id='par_1_52' title="bbox 454 3310 2021 3381">
     <span class='ocr_line' id='line_1_52' title="bbox 454 3310 2021 3381; baseline 0.001 -17"><span class='ocrx_word' id='word_1_399' title='bbox 454 3325 644 3364; x_wconf 90' lang='lat' dir='ltr'><strong>murus</strong></span> <span class='ocrx_word' id='word_1_400' title='bbox 702 3324 733 3364; x_wconf 89' lang='lat' dir='ltr'><strong>a</strong></span> <span class='ocrx_word' id='word_1_401' title='bbox 787 3310 1062 3366; x_wconf 80' lang='lat' dir='ltr'><strong>sinistris‘</strong></span> <span class='ocrx_word' id='word_1_402' title='bbox 1107 3330 1120 3365; x_wconf 93' lang='lat'>:</span> <span class='ocrx_word' id='word_1_403' title='bbox 1173 3329 1192 3362; x_wconf 75' lang='grc' dir='ltr'><strong>ι</strong></span> <span class='ocrx_word' id='word_1_404' title='bbox 1241 3312 1403 3366; x_wconf 91' lang='lat' dir='ltr'><strong>simili</strong></span> <span class='ocrx_word' id='word_1_405' title='bbox 1454 3319 1743 3381; x_wconf 90' lang='lat' dir='ltr'><strong>potestate,</strong></span> <span class='ocrx_word' id='word_1_406' title='bbox 1792 3328 1857 3366; x_wconf 92' lang='lat' dir='ltr'><strong>ac</strong></span> <span class='ocrx_word' id='word_1_407' title='bbox 1911 3310 2021 3367; x_wconf 89' lang='lat' dir='ltr'><strong>Deo</strong></span> 
     </span>
    </p>
   </div>
   <div class='ocr_carea' id='block_1_53' title="bbox 453 3402 2022 3473">
    <p class='ocr_par' dir='ltr' id='par_1_53' title="bbox 453 3402 2022 3473">
     <span class='ocr_line' id='line_1_53' title="bbox 453 3402 2022 3473; baseline 0.001 -15"><span class='ocrx_word' id='word_1_408' title='bbox 453 3403 616 3458; x_wconf 86' lang='lat' dir='ltr'><strong>etiam</strong></span> <span class='ocrx_word' id='word_1_409' title='bbox 652 3405 1087 3461; x_wconf 77' lang='lat' dir='ltr'><strong>convenientius.</strong></span> <span class='ocrx_word' id='word_1_410' title='bbox 1115 3402 1273 3458; x_wconf 84' lang='lat' dir='ltr'><strong>Jesus</strong></span> <span class='ocrx_word' id='word_1_411' title='bbox 1311 3404 1403 3473; x_wconf 89' lang='lat' dir='ltr'><strong>qui</strong></span> <span class='ocrx_word' id='word_1_412' title='bbox 1429 3404 1683 3459; x_wconf 83' lang='lat' dir='ltr'><strong>Christus</strong></span> <span class='ocrx_word' id='word_1_413' title='bbox 1708 3411 1793 3459; x_wconf 92' lang='lat' dir='ltr'><strong>est</strong></span> <span class='ocrx_word' id='word_1_414' title='bbox 1826 3403 1939 3470; x_wconf 89' lang='lat' dir='ltr'><strong>Dei,</strong></span> <span class='ocrx_word' id='word_1_415' title='bbox 1966 3404 2022 3459; x_wconf 89' lang='lat' dir='ltr'><strong>in</strong></span> 
     </span>
    </p>
   </div>
   <div class='ocr_carea' id='block_1_54' title="bbox 454 3493 2023 3564">
    <p class='ocr_par' dir='ltr' id='par_1_54' title="bbox 454 3493 2023 3564">
     <span class='ocr_line' id='line_1_54' title="bbox 454 3493 2023 3564; baseline 0.002 -18"><span class='ocrx_word' id='word_1_416' title='bbox 454 3493 741 3563; x_wconf 73' lang='lat' dir='ltr'><strong>superficie</strong></span> <span class='ocrx_word' id='word_1_417' title='bbox 780 3494 945 3547; x_wconf 79' lang='lat' dir='ltr'><strong>maris</strong></span> <span class='ocrx_word' id='word_1_418' title='bbox 996 3494 1302 3564; x_wconf 79' lang='lat' dir='ltr'><strong>ingrediens</strong></span> <span class='ocrx_word' id='word_1_419' title='bbox 1335 3493 1552 3549; x_wconf 90' lang='lat' dir='ltr'><strong>Petrum</strong></span> <span class='ocrx_word' id='word_1_420' title='bbox 1586 3496 1717 3551; x_wconf 62' lang='lat' dir='ltr'><strong>item,</strong></span> <span class='ocrx_word' id='word_1_421' title='bbox 1749 3496 1817 3549; x_wconf 89' lang='lat' dir='ltr'><strong>ad</strong></span> <span class='ocrx_word' id='word_1_422' title='bbox 1849 3511 1907 3551; x_wconf 89' lang='lat' dir='ltr'><strong>se</strong></span> <span class='ocrx_word' id='word_1_423' title='bbox 1938 3496 2023 3549; x_wconf 90' lang='lat' dir='ltr'><strong>in-</strong></span> 
     </span>
    </p>
   </div>
   <div class='ocr_carea' id='block_1_55' title="bbox 452 3584 2016 3656">
    <p class='ocr_par' dir='ltr' id='par_1_55' title="bbox 452 3584 2016 3656">
     <span class='ocr_line' id='line_1_55' title="bbox 452 3584 2016 3656; baseline 0.003 -18"><span class='ocrx_word' id='word_1_424' title='bbox 452 3585 642 3640; x_wconf 88' lang='lat' dir='ltr'><strong>cedere</strong></span> <span class='ocrx_word' id='word_1_425' title='bbox 670 3600 835 3655; x_wconf 91' lang='lat' dir='ltr'><strong>super</strong></span> <span class='ocrx_word' id='word_1_426' title='bbox 873 3585 1060 3640; x_wconf 87' lang='lat' dir='ltr'><strong>eadem</strong></span> <span class='ocrx_word' id='word_1_427' title='bbox 1098 3584 1242 3640; x_wconf 85' lang='lat' dir='ltr'><strong>fecit.</strong></span> <span class='ocrx_word' id='word_1_428' title='bbox 1282 3585 1416 3640; x_wconf 87' lang='lat' dir='ltr'><strong>Nam</strong></span> <span class='ocrx_word' id='word_1_429' title='bbox 1465 3587 1547 3640; x_wconf 90' lang='lat' dir='ltr'><strong>sic</strong></span> <span class='ocrx_word' id='word_1_430' title='bbox 1589 3586 1850 3656; x_wconf 89' lang='lat' dir='ltr'><strong>scriptum</strong></span> <span class='ocrx_word' id='word_1_431' title='bbox 1884 3594 1969 3642; x_wconf 90' lang='lat' dir='ltr'><strong>est</strong></span> <span class='ocrx_word' id='word_1_432' title='bbox 2003 3606 2016 3643; x_wconf 90' lang='lat'><strong>:</strong></span> 
     </span>
    </p>
   </div>
   <div class='ocr_carea' id='block_1_56' title="bbox 457 3675 2019 3747">
    <p class='ocr_par' dir='ltr' id='par_1_56' title="bbox 457 3675 2019 3747">
     <span class='ocr_line' id='line_1_56' title="bbox 457 3675 2019 3747; baseline 0.006 -22"><span class='ocrx_word' id='word_1_433' title='bbox 457 3692 476 3725; x_wconf 74' lang='grc' dir='ltr'><strong>ι</strong></span> <span class='ocrx_word' id='word_1_434' title='bbox 505 3675 707 3742; x_wconf 86' lang='lat' dir='ltr'><strong>Quarta</strong></span> <span class='ocrx_word' id='word_1_435' title='bbox 753 3686 933 3731; x_wconf 91' lang='lat' dir='ltr'><strong>autem</strong></span> <span class='ocrx_word' id='word_1_436' title='bbox 973 3678 1157 3747; x_wconf 75' lang='lat' dir='ltr'><strong>vigilia</strong></span> <span class='ocrx_word' id='word_1_437' title='bbox 1205 3678 1407 3741; x_wconf 85' lang='lat' dir='ltr'><strong>noctis,</strong></span> <span class='ocrx_word' id='word_1_438' title='bbox 1433 3679 1581 3732; x_wconf 83' lang='lat' dir='ltr'><strong>venit</strong></span> <span class='ocrx_word' id='word_1_439' title='bbox 1609 3677 1771 3734; x_wconf 85' lang='lat' dir='ltr'><strong>Jesus</strong></span> <span class='ocrx_word' id='word_1_440' title='bbox 1795 3678 1862 3732; x_wconf 91' lang='lat' dir='ltr'><strong>ad</strong></span> <span class='ocrx_word' id='word_1_441' title='bbox 1895 3679 2019 3734; x_wconf 83' lang='lat' dir='ltr'><strong>illos</strong></span> 
     </span>
    </p>
   </div>
   <div class='ocr_carea' id='block_1_57' title="bbox 450 3768 2020 3838">
    <p class='ocr_par' dir='ltr' id='par_1_57' title="bbox 450 3768 2020 3838">
     <span class='ocr_line' id='line_1_57' title="bbox 450 3768 2020 3838; baseline 0.002 -19"><span class='ocrx_word' id='word_1_442' title='bbox 450 3768 733 3823; x_wconf 86' lang='lat' dir='ltr'><strong>ambulans</strong></span> <span class='ocrx_word' id='word_1_443' title='bbox 756 3784 919 3838; x_wconf 90' lang='lat' dir='ltr'><strong>supra</strong></span> <span class='ocrx_word' id='word_1_444' title='bbox 950 3784 1120 3831; x_wconf 89' lang='lat' dir='ltr'><strong>mare,</strong></span> <span class='ocrx_word' id='word_1_445' title='bbox 1141 3777 1331 3824; x_wconf 91' lang='lat' dir='ltr'><strong>etcum</strong></span> <span class='ocrx_word' id='word_1_446' title='bbox 1354 3769 1621 3823; x_wconf 87' lang='lat' dir='ltr'><strong>vidissent</strong></span> <span class='ocrx_word' id='word_1_447' title='bbox 1649 3769 1799 3822; x_wconf 92' lang='lat' dir='ltr'><strong>illum</strong></span> <span class='ocrx_word' id='word_1_448' title='bbox 1824 3769 2020 3823; x_wconf 84' lang='lat' dir='ltr'><strong>al&#39;hbu-</strong></span> 
     </span>
    </p>
   </div>
   <div class='ocr_carea' id='block_1_58' title="bbox 452 3859 2015 3932">
    <p class='ocr_par' dir='ltr' id='par_1_58' title="bbox 452 3859 2015 3932">
     <span class='ocr_line' id='line_1_58' title="bbox 452 3859 2015 3932; baseline 0.003 -20"><span class='ocrx_word' id='word_1_449' title='bbox 452 3860 649 3913; x_wconf 87' lang='lat' dir='ltr'><strong>lantem</strong></span> <span class='ocrx_word' id='word_1_450' title='bbox 667 3876 828 3929; x_wconf 86' lang='lat' dir='ltr'><strong>supra</strong></span> <span class='ocrx_word' id='word_1_451' title='bbox 845 3876 1015 3925; x_wconf 88' lang='lat' dir='ltr'><strong>mare,</strong></span> <span class='ocrx_word' id='word_1_452' title='bbox 1029 3861 1339 3915; x_wconf 89' lang='lat' dir='ltr'><strong>conturbati</strong></span> <span class='ocrx_word' id='word_1_453' title='bbox 1358 3869 1486 3916; x_wconf 90' lang='lat' dir='ltr'><strong>sunt</strong></span> <span class='ocrx_word' id='word_1_454' title='bbox 1502 3862 1544 3913; x_wconf 89' lang='grc'><strong>⁷.</strong></span> <span class='ocrx_word' id='word_1_455' title='bbox 1568 3879 1586 3912; x_wconf 83' lang='grc'>›</span> <span class='ocrx_word' id='word_1_456' title='bbox 1608 3859 1670 3913; x_wconf 84' lang='grc' dir='ltr'>Ει</span> <span class='ocrx_word' id='word_1_457' title='bbox 1688 3861 1846 3932; x_wconf 89' lang='lat' dir='ltr'><strong>paulo</strong></span> <span class='ocrx_word' id='word_1_458' title='bbox 1859 3868 2015 3931; x_wconf 88' lang='lat' dir='ltr'><strong>post:</strong></span> 
     </span>
    </p>
   </div>
   <div class='ocr_carea' id='block_1_59' title="bbox 457 3950 2017 4020">
    <p class='ocr_par' dir='ltr' id='par_1_59' title="bbox 457 3950 2017 4020">
     <span class='ocr_line' id='line_1_59' title="bbox 457 3950 2017 4020; baseline 0.003 -19"><span class='ocrx_word' id='word_1_459' title='bbox 457 3950 851 4020; x_wconf 67' lang='lat' dir='ltr'><strong>«Respondeas</strong></span> <span class='ocrx_word' id='word_1_460' title='bbox 884 3958 1065 4005; x_wconf 88' lang='lat' dir='ltr'><strong>autem</strong></span> <span class='ocrx_word' id='word_1_461' title='bbox 1094 3952 1169 4004; x_wconf 94' lang='lat' dir='ltr'><strong>illi</strong></span> <span class='ocrx_word' id='word_1_462' title='bbox 1188 3950 1402 4015; x_wconf 81' lang='lat' dir='ltr'><strong>Petrus,</strong></span> <span class='ocrx_word' id='word_1_463' title='bbox 1430 3951 1565 4006; x_wconf 84' lang='lat' dir='ltr'><strong>dixit</strong></span> <span class='ocrx_word' id='word_1_464' title='bbox 1587 3971 1599 4004; x_wconf 90' lang='lat'><strong>:</strong></span> <span class='ocrx_word' id='word_1_465' title='bbox 1619 3950 1865 4015; x_wconf 91' lang='lat' dir='ltr'><strong>Domine,</strong></span> <span class='ocrx_word' id='word_1_466' title='bbox 1891 3952 1935 4005; x_wconf 89' lang='lat' dir='ltr'><strong>si</strong></span> <span class='ocrx_word' id='word_1_467' title='bbox 1960 3960 2017 4006; x_wconf 93' lang='lat' dir='ltr'><strong>tu</strong></span> 
     </span>
    </p>
   </div>
   <div class='ocr_carea' id='block_1_60' title="bbox 451 4042 2016 4113">
    <p class='ocr_par' dir='ltr' id='par_1_60' title="bbox 451 4042 2016 4113">
     <span class='ocr_line' id='line_1_60' title="bbox 451 4042 2016 4113; baseline 0 -18"><span class='ocrx_word' id='word_1_468' title='bbox 451 4043 670 4111; x_wconf 83' lang='lat' dir='ltr'><strong>es.jube</strong></span> <span class='ocrx_word' id='word_1_469' title='bbox 687 4059 771 4098; x_wconf 92' lang='lat' dir='ltr'><strong>me</strong></span> <span class='ocrx_word' id='word_1_470' title='bbox 786 4043 971 4098; x_wconf 87' lang='lat' dir='ltr'><strong>venire</strong></span> <span class='ocrx_word' id='word_1_471' title='bbox 990 4042 1056 4095; x_wconf 91' lang='lat' dir='ltr'><strong>ad</strong></span> <span class='ocrx_word' id='word_1_472' title='bbox 1080 4053 1131 4097; x_wconf 93' lang='lat' dir='ltr'><strong>te</strong></span> <span class='ocrx_word' id='word_1_473' title='bbox 1154 4058 1316 4112; x_wconf 91' lang='lat' dir='ltr'><strong>super</strong></span> <span class='ocrx_word' id='word_1_474' title='bbox 1333 4058 1536 4113; x_wconf 87' lang='lat' dir='ltr'><strong>aquas:</strong></span> <span class='ocrx_word' id='word_1_475' title='bbox 1557 4044 1647 4098; x_wconf 90' lang='lat' dir='ltr'><strong>ille</strong></span> <span class='ocrx_word' id='word_1_476' title='bbox 1668 4053 1847 4098; x_wconf 90' lang='lat' dir='ltr'><strong>autem</strong></span> <span class='ocrx_word' id='word_1_477' title='bbox 1860 4043 2016 4106; x_wconf 77' lang='lat' dir='ltr'><strong>dixit,</strong></span> 
     </span>
    </p>
   </div>
   <div class='ocr_carea' id='block_1_61' title="bbox 454 4133 2020 4204">
    <p class='ocr_par' dir='ltr' id='par_1_61' title="bbox 454 4133 2020 4204">
     <span class='ocr_line' id='line_1_61' title="bbox 454 4133 2020 4204; baseline 0.002 -16"><span class='ocrx_word' id='word_1_478' title='bbox 454 4133 587 4189; x_wconf 77' lang='lat' dir='ltr'><strong>Veni</strong></span> <span class='ocrx_word' id='word_1_479' title='bbox 623 4155 634 4189; x_wconf 87' lang='lat'><strong>:</strong></span> <span class='ocrx_word' id='word_1_480' title='bbox 675 4145 729 4189; x_wconf 91' lang='lat' dir='ltr'><strong>et</strong></span> <span class='ocrx_word' id='word_1_481' title='bbox 760 4136 1101 4191; x_wconf 88' lang='lat' dir='ltr'><strong>descendens</strong></span> <span class='ocrx_word' id='word_1_482' title='bbox 1138 4135 1205 4189; x_wconf 91' lang='lat' dir='ltr'><strong>de</strong></span> <span class='ocrx_word' id='word_1_483' title='bbox 1256 4135 1380 4189; x_wconf 86' lang='lat' dir='ltr'><strong>navi</strong></span> <span class='ocrx_word' id='word_1_484' title='bbox 1428 4134 1660 4204; x_wconf 77' lang='lat' dir='ltr'><strong>Petrus,</strong></span> <span class='ocrx_word' id='word_1_485' title='bbox 1706 4136 2020 4191; x_wconf 89' lang='lat' dir='ltr'><strong>ambulabat</strong></span> 
     </span>
    </p>
   </div>
   <div class='ocr_carea' id='block_1_62' title="bbox 453 4227 2019 4299">
    <p class='ocr_par' dir='ltr' id='par_1_62' title="bbox 453 4227 2019 4299">
     <span class='ocr_line' id='line_1_62' title="bbox 453 4227 2019 4299; baseline -0.002 -16"><span class='ocrx_word' id='word_1_486' title='bbox 453 4245 616 4297; x_wconf 87' lang='lat' dir='ltr'><strong>supra</strong></span> <span class='ocrx_word' id='word_1_487' title='bbox 662 4230 891 4299; x_wconf 67' lang='lat' dir='ltr'><strong>aquas“.</strong></span> <span class='ocrx_word' id='word_1_488' title='bbox 934 4248 952 4280; x_wconf 73' lang='grc' dir='ltr'><strong>ι</strong></span> <span class='ocrx_word' id='word_1_489' title='bbox 996 4227 1206 4284; x_wconf 80' lang='lat' dir='ltr'><strong>Rursus</strong></span> <span class='ocrx_word' id='word_1_490' title='bbox 1240 4228 1438 4292; x_wconf 88' lang='lat' dir='ltr'><strong>Moses,</strong></span> <span class='ocrx_word' id='word_1_491' title='bbox 1468 4239 1628 4283; x_wconf 90' lang='lat' dir='ltr'><strong>vento</strong></span> <span class='ocrx_word' id='word_1_492' title='bbox 1665 4238 1852 4283; x_wconf 86' lang='lat' dir='ltr'><strong>austro</strong></span> <span class='ocrx_word' id='word_1_493' title='bbox 1901 4228 2019 4281; x_wconf 88' lang='lat' dir='ltr'><strong>vio-</strong></span> 
     </span>
    </p>
   </div>
   <div class='ocr_carea' id='block_1_63' title="bbox 452 4318 2022 4391">
    <p class='ocr_par' dir='ltr' id='par_1_63' title="bbox 452 4318 2022 4391">
     <span class='ocr_line' id='line_1_63' title="bbox 452 4318 2022 4391; baseline -0.001 -17"><span class='ocrx_word' id='word_1_494' title='bbox 452 4322 597 4375; x_wconf 84' lang='lat' dir='ltr'><strong>lento</strong></span> <span class='ocrx_word' id='word_1_495' title='bbox 646 4336 795 4375; x_wconf 91' lang='lat' dir='ltr'><strong>mare</strong></span> <span class='ocrx_word' id='word_1_496' title='bbox 840 4322 1073 4375; x_wconf 89' lang='lat' dir='ltr'><strong>solidum</strong></span> <span class='ocrx_word' id='word_1_497' title='bbox 1118 4321 1264 4377; x_wconf 82' lang='lat' dir='ltr'><strong>feeit.</strong></span> <span class='ocrx_word' id='word_1_498' title='bbox 1316 4319 1450 4373; x_wconf 87' lang='lat' dir='ltr'><strong>Nam</strong></span> <span class='ocrx_word' id='word_1_499' title='bbox 1484 4318 1765 4391; x_wconf 86' lang='lat' dir='ltr'><strong>Scriptura</strong></span> <span class='ocrx_word' id='word_1_500' title='bbox 1801 4339 1815 4374; x_wconf 85' lang='lat'><strong>:</strong></span> <span class='ocrx_word' id='word_1_501' title='bbox 1856 4337 1874 4371; x_wconf 78' lang='grc' dir='ltr'><strong>ι</strong></span> <span class='ocrx_word' id='word_1_502' title='bbox 1914 4319 2022 4373; x_wconf 66' lang='grc' dir='ltr'>Ειε·</span> 
     </span>
    </p>
   </div>
   <div class='ocr_carea' id='block_1_64' title="bbox 2124 1854 3695 1926">
    <p class='ocr_par' dir='ltr' id='par_1_64' title="bbox 2124 1854 3695 1926">
     <span class='ocr_line' id='line_1_64' title="bbox 2124 1854 3695 1926; baseline 0.002 -20"><span class='ocrx_word' id='word_1_503' title='bbox 2124 1855 2317 1918; x_wconf 87' lang='grc' dir='ltr'>πόσους</span> <span class='ocrx_word' id='word_1_504' title='bbox 2348 1856 2602 1923; x_wconf 79' lang='grc' dir='ltr'>κοφίνους</span> <span class='ocrx_word' id='word_1_505' title='bbox 2624 1854 2880 1919; x_wconf 79' lang='grc' dir='ltr'>ὲλάϐετε;</span> <span class='ocrx_word' id='word_1_506' title='bbox 2908 1856 3026 1908; x_wconf 81' lang='grc' dir='ltr'>οὐδὲ</span> <span class='ocrx_word' id='word_1_507' title='bbox 3048 1857 3174 1918; x_wconf 76' lang='grc' dir='ltr'>τοὺς</span> <span class='ocrx_word' id='word_1_508' title='bbox 3202 1857 3341 1908; x_wconf 73' lang='grc' dir='ltr'>ἑπτὰ</span> <span class='ocrx_word' id='word_1_509' title='bbox 3363 1856 3472 1908; x_wconf 82' lang='grc' dir='ltr'><strong>τῶν</strong></span> <span class='ocrx_word' id='word_1_510' title='bbox 3499 1873 3695 1926; x_wconf 81' lang='grc' dir='ltr'>τετρα-</span> 
     </span>
    </p>
   </div>
   <div class='ocr_carea' id='block_1_65' title="bbox 2124 1945 3691 2016">
    <p class='ocr_par' dir='ltr' id='par_1_65' title="bbox 2124 1945 3691 2016">
     <span class='ocr_line' id='line_1_65' title="bbox 2124 1945 3691 2016; baseline 0.001 -17"><span class='ocrx_word' id='word_1_511' title='bbox 2124 1946 2426 2016; x_wconf 81' lang='grc' dir='ltr'>κισχιλίων,</span> <span class='ocrx_word' id='word_1_512' title='bbox 2481 1947 2574 1999; x_wconf 80' lang='grc' dir='ltr'><strong>καὶ</strong></span> <span class='ocrx_word' id='word_1_513' title='bbox 2612 1946 2783 2008; x_wconf 87' lang='grc' dir='ltr'>πόσας</span> <span class='ocrx_word' id='word_1_514' title='bbox 2829 1946 3091 2016; x_wconf 86' lang='grc' dir='ltr'>σπυρίδας</span> <span class='ocrx_word' id='word_1_515' title='bbox 3138 1945 3388 2012; x_wconf 76' lang='grc' dir='ltr'>ὲλάϐετες</span> <span class='ocrx_word' id='word_1_516' title='bbox 3450 1965 3471 1998; x_wconf 72' lang='grc' dir='ltr'><strong>ι</strong></span> <span class='ocrx_word' id='word_1_517' title='bbox 3522 1948 3691 2000; x_wconf 88' lang='grc' dir='ltr'>Πάλιν</span> 
     </span>
    </p>
   </div>
   <div class='ocr_carea' id='block_1_66' title="bbox 2123 2037 3691 2108">
    <p class='ocr_par' dir='ltr' id='par_1_66' title="bbox 2123 2037 3691 2108">
     <span class='ocr_line' id='line_1_66' title="bbox 2123 2037 3691 2108; baseline 0 -17"><span class='ocrx_word' id='word_1_518' title='bbox 2123 2038 2360 2108; x_wconf 83' lang='grc' dir='ltr'>Μωῦσῆς</span> <span class='ocrx_word' id='word_1_519' title='bbox 2380 2037 2468 2090; x_wconf 83' lang='grc' dir='ltr'>διὰ</span> <span class='ocrx_word' id='word_1_520' title='bbox 2495 2038 2664 2108; x_wconf 82' lang='grc' dir='ltr'>μέσης</span> <span class='ocrx_word' id='word_1_521' title='bbox 2687 2039 2783 2108; x_wconf 81' lang='grc' dir='ltr'><strong>τῆς</strong></span> <span class='ocrx_word' id='word_1_522' title='bbox 2804 2038 3077 2107; x_wconf 82' lang='grc' dir='ltr'>θαλάσσης</span> <span class='ocrx_word' id='word_1_523' title='bbox 3101 2037 3305 2107; x_wconf 84' lang='grc' dir='ltr'>διῆλθε,</span> <span class='ocrx_word' id='word_1_524' title='bbox 3327 2038 3422 2091; x_wconf 73' lang='grc' dir='ltr'><strong>καὶ</strong></span> <span class='ocrx_word' id='word_1_525' title='bbox 3449 2037 3540 2092; x_wconf 76' lang='grc' dir='ltr'>τὸν</span> <span class='ocrx_word' id='word_1_526' title='bbox 3568 2039 3691 2091; x_wconf 81' lang='grc' dir='ltr'>λαὸν</span> 
     </span>
    </p>
   </div>
   <div class='ocr_carea' id='block_1_67' title="bbox 2120 2124 3690 2198">
    <p class='ocr_par' dir='ltr' id='par_1_67' title="bbox 2120 2124 3690 2198">
     <span class='ocr_line' id='line_1_67' title="bbox 2120 2124 3690 2198; baseline 0.003 -20"><span class='ocrx_word' id='word_1_527' title='bbox 2120 2126 2390 2197; x_wconf 78' lang='grc' dir='ltr'>ὼδήγησε.</span> <span class='ocrx_word' id='word_1_528' title='bbox 2426 2127 2587 2194; x_wconf 84' lang='grc' dir='ltr'>Λέγει</span> <span class='ocrx_word' id='word_1_529' title='bbox 2614 2128 2657 2180; x_wconf 82' lang='grc' dir='ltr'>δ’</span> <span class='ocrx_word' id='word_1_530' title='bbox 2681 2124 2773 2181; x_wconf 79' lang='grc' dir='ltr'><strong>οὖν</strong></span> <span class='ocrx_word' id='word_1_531' title='bbox 2805 2129 2838 2197; x_wconf 78' lang='grc' dir='ltr'><strong>ἡ</strong></span> <span class='ocrx_word' id='word_1_532' title='bbox 2873 2128 3058 2197; x_wconf 79' lang='grc' dir='ltr'>Γραφή</span> <span class='ocrx_word' id='word_1_533' title='bbox 3081 2144 3093 2157; x_wconf 87' lang='grc'><strong>·</strong></span> <span class='ocrx_word' id='word_1_534' title='bbox 3128 2148 3146 2177; x_wconf 77' lang='grc' dir='ltr'><strong>ι</strong></span> <span class='ocrx_word' id='word_1_535' title='bbox 3197 2127 3454 2193; x_wconf 80' lang='grc' dir='ltr'>Ἐξέτεινε</span> <span class='ocrx_word' id='word_1_536' title='bbox 3486 2129 3690 2198; x_wconf 82' lang='grc' dir='ltr'>Μωσῆς</span> 
     </span>
    </p>
   </div>
   <div class='ocr_carea' id='block_1_68' title="bbox 2121 2217 3690 2291">
    <p class='ocr_par' dir='ltr' id='par_1_68' title="bbox 2121 2217 3690 2291">
     <span class='ocr_line' id='line_1_68' title="bbox 2121 2217 3690 2291; baseline 0.003 -22"><span class='ocrx_word' id='word_1_537' title='bbox 2121 2217 2218 2288; x_wconf 80' lang='grc' dir='ltr'><strong>τὴν</strong></span> <span class='ocrx_word' id='word_1_538' title='bbox 2268 2222 2423 2290; x_wconf 87' lang='grc' dir='ltr'>χεῖρα</span> <span class='ocrx_word' id='word_1_539' title='bbox 2473 2218 2639 2271; x_wconf 79' lang='grc' dir='ltr'>αὐτοῦ</span> <span class='ocrx_word' id='word_1_540' title='bbox 2683 2220 2775 2272; x_wconf 75' lang='grc' dir='ltr'><strong>ἐπὶ</strong></span> <span class='ocrx_word' id='word_1_541' title='bbox 2820 2220 2918 2290; x_wconf 81' lang='grc' dir='ltr'><strong>τὴν</strong></span> <span class='ocrx_word' id='word_1_542' title='bbox 2960 2218 3250 2282; x_wconf 88' lang='grc' dir='ltr'>θάλασσαν,</span> <span class='ocrx_word' id='word_1_543' title='bbox 3308 2221 3403 2273; x_wconf 81' lang='grc' dir='ltr'><strong>καὶ</strong></span> <span class='ocrx_word' id='word_1_544' title='bbox 3441 2222 3690 2291; x_wconf 76' lang='grc' dir='ltr'>ὑπήγαγε</span> 
     </span>
    </p>
   </div>
   <div class='ocr_carea' id='block_1_69' title="bbox 2122 2309 3690 2383">
    <p class='ocr_par' dir='ltr' id='par_1_69' title="bbox 2122 2309 3690 2383">
     <span class='ocr_line' id='line_1_69' title="bbox 2122 2309 3690 2383; baseline 0.004 -23"><span class='ocrx_word' id='word_1_545' title='bbox 2122 2309 2325 2378; x_wconf 83' lang='grc' dir='ltr'>Κύριος</span> <span class='ocrx_word' id='word_1_546' title='bbox 2366 2310 2462 2378; x_wconf 83' lang='grc' dir='ltr'><strong>τὴν</strong></span> <span class='ocrx_word' id='word_1_547' title='bbox 2504 2310 2774 2363; x_wconf 78' lang='grc' dir='ltr'>Θάλασσαν</span> <span class='ocrx_word' id='word_1_548' title='bbox 2822 2310 3008 2380; x_wconf 84' lang='grc' dir='ltr'>ἀνέμῳ</span> <span class='ocrx_word' id='word_1_549' title='bbox 3056 2312 3193 2381; x_wconf 83' lang='grc' dir='ltr'>νότῳ</span> <span class='ocrx_word' id='word_1_550' title='bbox 3236 2311 3395 2382; x_wconf 81' lang='grc' dir='ltr'>βιαίῳ</span> <span class='ocrx_word' id='word_1_551' title='bbox 3434 2312 3562 2381; x_wconf 85' lang='grc' dir='ltr'>ὅλην</span> <span class='ocrx_word' id='word_1_552' title='bbox 3593 2311 3690 2383; x_wconf 77' lang='grc' dir='ltr'>τὴν</span> 
     </span>
    </p>
   </div>
   <div class='ocr_carea' id='block_1_70' title="bbox 2122 2399 3689 2474">
    <p class='ocr_par' dir='ltr' id='par_1_70' title="bbox 2122 2399 3689 2474">
     <span class='ocr_line' id='line_1_70' title="bbox 2122 2399 3689 2474; baseline 0.003 -24"><span class='ocrx_word' id='word_1_553' title='bbox 2122 2399 2356 2469; x_wconf 80' lang='grc' dir='ltr'>ἡμέραν,</span> <span class='ocrx_word' id='word_1_554' title='bbox 2399 2401 2492 2453; x_wconf 80' lang='grc' dir='ltr'>καὶ</span> <span class='ocrx_word' id='word_1_555' title='bbox 2530 2402 2750 2470; x_wconf 76' lang='grc' dir='ltr'>ἐποίησε</span> <span class='ocrx_word' id='word_1_556' title='bbox 2779 2402 2876 2471; x_wconf 84' lang='grc' dir='ltr'>τὴν</span> <span class='ocrx_word' id='word_1_557' title='bbox 2911 2401 3182 2456; x_wconf 88' lang='grc' dir='ltr'>θάλασσαν</span> <span class='ocrx_word' id='word_1_558' title='bbox 3208 2403 3398 2474; x_wconf 75' lang='grc' dir='ltr'>ξηρὰν,</span> <span class='ocrx_word' id='word_1_559' title='bbox 3423 2403 3515 2456; x_wconf 72' lang='grc' dir='ltr'>καὶ</span> <span class='ocrx_word' id='word_1_560' title='bbox 3540 2403 3689 2474; x_wconf 74' lang='grc' dir='ltr'>ἐσχί-</span> 
     </span>
    </p>
   </div>
   <div class='ocr_carea' id='block_1_71' title="bbox 2124 2489 3691 2566">
    <p class='ocr_par' dir='ltr' id='par_1_71' title="bbox 2124 2489 3691 2566">
     <span class='ocr_line' id='line_1_71' title="bbox 2124 2489 3691 2566; baseline 0.004 -25"><span class='ocrx_word' id='word_1_561' title='bbox 2124 2490 2222 2559; x_wconf 87' lang='grc' dir='ltr'><strong>σθη</strong></span> <span class='ocrx_word' id='word_1_562' title='bbox 2257 2491 2316 2542; x_wconf 85' lang='grc' dir='ltr'><strong>τὸ</strong></span> <span class='ocrx_word' id='word_1_563' title='bbox 2347 2489 2510 2561; x_wconf 78' lang='grc' dir='ltr'>ὕδωρ,</span> <span class='ocrx_word' id='word_1_564' title='bbox 2551 2492 2646 2544; x_wconf 76' lang='grc' dir='ltr'><strong>καὶ</strong></span> <span class='ocrx_word' id='word_1_565' title='bbox 2681 2492 2892 2562; x_wconf 78' lang='grc' dir='ltr'>διῆλθον</span> <span class='ocrx_word' id='word_1_566' title='bbox 2925 2496 2973 2546; x_wconf 88' lang='grc' dir='ltr'>οἱ</span> <span class='ocrx_word' id='word_1_567' title='bbox 3012 2495 3118 2546; x_wconf 77' lang='grc' dir='ltr'>υἱοὶ</span> <span class='ocrx_word' id='word_1_568' title='bbox 3154 2494 3365 2566; x_wconf 75' lang='grc' dir='ltr'>Ἰσραὴλ</span> <span class='ocrx_word' id='word_1_569' title='bbox 3389 2494 3477 2547; x_wconf 78' lang='grc' dir='ltr'>διὰ</span> <span class='ocrx_word' id='word_1_570' title='bbox 3520 2495 3691 2566; x_wconf 73' lang='grc' dir='ltr'>μέσης</span> 
     </span>
    </p>
   </div>
   <div class='ocr_carea' id='block_1_72' title="bbox 2121 2582 3690 2658">
    <p class='ocr_par' dir='ltr' id='par_1_72' title="bbox 2121 2582 3690 2658">
     <span class='ocr_line' id='line_1_72' title="bbox 2121 2582 3690 2658; baseline 0.004 -25"><span class='ocrx_word' id='word_1_571' title='bbox 2121 2585 2219 2652; x_wconf 88' lang='grc' dir='ltr'><strong>τῆς</strong></span> <span class='ocrx_word' id='word_1_572' title='bbox 2263 2582 2536 2652; x_wconf 78' lang='grc' dir='ltr'>θαλάσσης</span> <span class='ocrx_word' id='word_1_573' title='bbox 2581 2586 2721 2636; x_wconf 60' lang='grc' dir='ltr'>κατὰ</span> <span class='ocrx_word' id='word_1_574' title='bbox 2766 2585 2826 2637; x_wconf 85' lang='grc' dir='ltr'><strong>τὸ</strong></span> <span class='ocrx_word' id='word_1_575' title='bbox 2862 2585 3044 2657; x_wconf 77' lang='grc' dir='ltr'>ξηρὸν,</span> <span class='ocrx_word' id='word_1_576' title='bbox 3086 2587 3180 2639; x_wconf 76' lang='grc' dir='ltr'><strong>καὶ</strong></span> <span class='ocrx_word' id='word_1_577' title='bbox 3225 2588 3284 2638; x_wconf 78' lang='grc' dir='ltr'><strong>τὸ</strong></span> <span class='ocrx_word' id='word_1_578' title='bbox 3328 2587 3471 2658; x_wconf 78' lang='grc' dir='ltr'>ὕδωρ</span> <span class='ocrx_word' id='word_1_579' title='bbox 3509 2587 3690 2650; x_wconf 74' lang='grc' dir='ltr'>αὐτοῖς</span> 
     </span>
    </p>
   </div>
   <div class='ocr_carea' id='block_1_73' title="bbox 2122 2672 3688 2746">
    <p class='ocr_par' dir='ltr' id='par_1_73' title="bbox 2122 2672 3688 2746">
     <span class='ocr_line' id='line_1_73' title="bbox 2122 2672 3688 2746; baseline 0.005 -23"><span class='ocrx_word' id='word_1_580' title='bbox 2122 2676 2297 2742; x_wconf 83' lang='grc' dir='ltr'>τεῖχος</span> <span class='ocrx_word' id='word_1_581' title='bbox 2320 2675 2383 2724; x_wconf 75' lang='grc' dir='ltr'>ἐκ</span> <span class='ocrx_word' id='word_1_582' title='bbox 2398 2672 2608 2736; x_wconf 78' lang='grc' dir='ltr'>δεξιῶν,</span> <span class='ocrx_word' id='word_1_583' title='bbox 2630 2675 2723 2725; x_wconf 74' lang='grc' dir='ltr'><strong>καὶ</strong></span> <span class='ocrx_word' id='word_1_584' title='bbox 2746 2678 2919 2744; x_wconf 82' lang='grc' dir='ltr'>τεῖχος</span> <span class='ocrx_word' id='word_1_585' title='bbox 2940 2676 2997 2742; x_wconf 76' lang='grc' dir='ltr'>ἐξ</span> <span class='ocrx_word' id='word_1_586' title='bbox 3029 2677 3340 2746; x_wconf 72' lang='grc' dir='ltr'>εὐωνύμων.</span> <span class='ocrx_word' id='word_1_587' title='bbox 3358 2697 3379 2727; x_wconf 71' lang='grc' dir='ltr'>δ</span> <span class='ocrx_word' id='word_1_588' title='bbox 3416 2677 3688 2741; x_wconf 80' lang='grc' dir='ltr'>Ὡσαύτως</span> 
     </span>
    </p>
   </div>
   <div class='ocr_carea' id='block_1_74' title="bbox 2121 2761 3690 2838">
    <p class='ocr_par' dir='ltr' id='par_1_74' title="bbox 2121 2761 3690 2838">
     <span class='ocr_line' id='line_1_74' title="bbox 2121 2761 3690 2838; baseline 0.004 -24"><span class='ocrx_word' id='word_1_589' title='bbox 2121 2761 2179 2814; x_wconf 85' lang='grc' dir='ltr'>δὲ</span> <span class='ocrx_word' id='word_1_590' title='bbox 2230 2763 2323 2815; x_wconf 55' lang='grc' dir='ltr'><strong>καὶ⁵</strong></span> <span class='ocrx_word' id='word_1_591' title='bbox 2378 2764 2576 2832; x_wconf 83' lang='grc' dir='ltr'>μᾶλλον</span> <span class='ocrx_word' id='word_1_592' title='bbox 2624 2763 3082 2836; x_wconf 85' lang='grc' dir='ltr'>θεοπρεπέστερον</span> <span class='ocrx_word' id='word_1_593' title='bbox 3134 2766 3341 2836; x_wconf 79' lang='grc' dir='ltr'>Ἰησοῦς</span> <span class='ocrx_word' id='word_1_594' title='bbox 3385 2768 3413 2818; x_wconf 96' lang='lat'><strong>6</strong></span> <span class='ocrx_word' id='word_1_595' title='bbox 3456 2768 3690 2838; x_wconf 83' lang='grc' dir='ltr'>Χριστὸς</span> 
     </span>
    </p>
   </div>
   <div class='ocr_carea' id='block_1_75' title="bbox 2123 2853 3691 2928">
    <p class='ocr_par' dir='ltr' id='par_1_75' title="bbox 2123 2853 3691 2928">
     <span class='ocr_line' id='line_1_75' title="bbox 2123 2853 3691 2928; baseline 0.002 -20"><span class='ocrx_word' id='word_1_596' title='bbox 2123 2854 2214 2908; x_wconf 79' lang='grc' dir='ltr'>τοῦ</span> <span class='ocrx_word' id='word_1_597' title='bbox 2268 2853 2399 2906; x_wconf 78' lang='grc' dir='ltr'>Θεοῦ</span> <span class='ocrx_word' id='word_1_598' title='bbox 2465 2855 2559 2907; x_wconf 75' lang='grc' dir='ltr'><strong>ἐπὶ</strong></span> <span class='ocrx_word' id='word_1_599' title='bbox 2629 2856 2727 2925; x_wconf 89' lang='grc' dir='ltr'><strong>τῆς</strong></span> <span class='ocrx_word' id='word_1_600' title='bbox 2794 2854 3066 2926; x_wconf 78' lang='grc' dir='ltr'>Θαλάσσης</span> <span class='ocrx_word' id='word_1_601' title='bbox 3130 2858 3527 2928; x_wconf 79' lang='grc' dir='ltr'>περιπατήσας,</span> <span class='ocrx_word' id='word_1_602' title='bbox 3597 2859 3691 2911; x_wconf 84' lang='grc' dir='ltr'><strong>καί</strong></span> 
     </span>
    </p>
   </div>
   <div class='ocr_carea' id='block_1_76' title="bbox 2121 2946 3695 3020">
    <p class='ocr_par' dir='ltr' id='par_1_76' title="bbox 2121 2946 3695 3020">
     <span class='ocr_line' id='line_1_76' title="bbox 2121 2946 3695 3020; baseline 0.002 -22"><span class='ocrx_word' id='word_1_603' title='bbox 2121 2946 2211 2999; x_wconf 85' lang='grc' dir='ltr'><strong>τὸν</strong></span> <span class='ocrx_word' id='word_1_604' title='bbox 2254 2947 2456 3018; x_wconf 80' lang='grc' dir='ltr'>Πέτρον</span> <span class='ocrx_word' id='word_1_605' title='bbox 2493 2946 2696 3016; x_wconf 83' lang='grc' dir='ltr'>βαίνειν</span> <span class='ocrx_word' id='word_1_606' title='bbox 2741 2950 2825 3000; x_wconf 70' lang='grc' dir='ltr'><strong>ἐπ’</strong></span> <span class='ocrx_word' id='word_1_607' title='bbox 2872 2948 3039 3018; x_wconf 80' lang='grc' dir='ltr'>αὐτῆς</span> <span class='ocrx_word' id='word_1_608' title='bbox 3083 2949 3322 3019; x_wconf 80' lang='grc' dir='ltr'>ἐποίησε.</span> <span class='ocrx_word' id='word_1_609' title='bbox 3377 2950 3695 3020; x_wconf 82' lang='grc' dir='ltr'>Γέγραπται</span> 
     </span>
    </p>
   </div>
   <div class='ocr_carea' id='block_1_77' title="bbox 2122 3034 3692 3109">
    <p class='ocr_par' dir='ltr' id='par_1_77' title="bbox 2122 3034 3692 3109">
     <span class='ocr_line' id='line_1_77' title="bbox 2122 3034 3692 3109; baseline 0.002 -19"><span class='ocrx_word' id='word_1_610' title='bbox 2122 3038 2168 3090; x_wconf 81' lang='grc' dir='ltr'>δ’</span> <span class='ocrx_word' id='word_1_611' title='bbox 2205 3034 2318 3092; x_wconf 77' lang='grc' dir='ltr'>οὖν·</span> <span class='ocrx_word' id='word_1_612' title='bbox 2374 3056 2393 3089; x_wconf 75' lang='grc' dir='ltr'><strong>ι</strong></span> <span class='ocrx_word' id='word_1_613' title='bbox 2437 3036 2685 3109; x_wconf 86' lang='grc' dir='ltr'>Τετάρτῃ</span> <span class='ocrx_word' id='word_1_614' title='bbox 2725 3037 2782 3091; x_wconf 82' lang='grc' dir='ltr'>δὲ</span> <span class='ocrx_word' id='word_1_615' title='bbox 2831 3039 3044 3109; x_wconf 80' lang='grc' dir='ltr'>φυλακῇ</span> <span class='ocrx_word' id='word_1_616' title='bbox 3084 3040 3183 3109; x_wconf 89' lang='grc' dir='ltr'><strong>τῆς</strong></span> <span class='ocrx_word' id='word_1_617' title='bbox 3224 3040 3414 3103; x_wconf 81' lang='grc' dir='ltr'>νυκτὸς</span> <span class='ocrx_word' id='word_1_618' title='bbox 3455 3036 3613 3109; x_wconf 80' lang='grc' dir='ltr'>ἦλθεν</span> <span class='ocrx_word' id='word_1_619' title='bbox 3660 3041 3692 3092; x_wconf 90' lang='lat'><strong>6</strong></span> 
     </span>
    </p>
   </div>
   <div class='ocr_carea' id='block_1_78' title="bbox 2136 3128 3688 3201">
    <p class='ocr_par' dir='ltr' id='par_1_78' title="bbox 2136 3128 3688 3201">
     <span class='ocr_line' id='line_1_78' title="bbox 2136 3128 3688 3201; baseline 0 -19"><span class='ocrx_word' id='word_1_620' title='bbox 2136 3128 2339 3200; x_wconf 75' lang='grc' dir='ltr'>Ἰησοῦς</span> <span class='ocrx_word' id='word_1_621' title='bbox 2372 3130 2506 3200; x_wconf 79' lang='grc' dir='ltr'>πρὸς</span> <span class='ocrx_word' id='word_1_622' title='bbox 2551 3132 2750 3193; x_wconf 79' lang='grc' dir='ltr'>αὐτοὺς</span> <span class='ocrx_word' id='word_1_623' title='bbox 2779 3129 3093 3201; x_wconf 84' lang='grc' dir='ltr'>περιπατῶν</span> <span class='ocrx_word' id='word_1_624' title='bbox 3127 3130 3218 3182; x_wconf 80' lang='grc' dir='ltr'>ἐπὶ</span> <span class='ocrx_word' id='word_1_625' title='bbox 3247 3134 3345 3200; x_wconf 84' lang='grc' dir='ltr'><strong>τῆς</strong></span> <span class='ocrx_word' id='word_1_626' title='bbox 3383 3129 3688 3201; x_wconf 78' lang='grc' dir='ltr'>θαλάσσης·</span> 
     </span>
    </p>
   </div>
   <div class='ocr_carea' id='block_1_79' title="bbox 2122 3221 3693 3292">
    <p class='ocr_par' dir='ltr' id='par_1_79' title="bbox 2122 3221 3693 3292">
     <span class='ocr_line' id='line_1_79' title="bbox 2122 3221 3693 3292; baseline 0 -19"><span class='ocrx_word' id='word_1_627' title='bbox 2122 3223 2216 3274; x_wconf 76' lang='grc' dir='ltr'>καὶ</span> <span class='ocrx_word' id='word_1_628' title='bbox 2252 3222 2448 3285; x_wconf 76' lang='grc' dir='ltr'>ἰδόντες</span> <span class='ocrx_word' id='word_1_629' title='bbox 2474 3222 2647 3276; x_wconf 85' lang='grc' dir='ltr'>-αύτὸν</span> <span class='ocrx_word' id='word_1_630' title='bbox 2685 3221 3083 3292; x_wconf 82' lang='grc' dir='ltr'>περιπατοῦντα</span> <span class='ocrx_word' id='word_1_631' title='bbox 3118 3223 3209 3275; x_wconf 82' lang='grc' dir='ltr'>ὲπί</span> <span class='ocrx_word' id='word_1_632' title='bbox 3248 3224 3346 3291; x_wconf 85' lang='grc' dir='ltr'><strong>τῆς</strong></span> <span class='ocrx_word' id='word_1_633' title='bbox 3393 3221 3693 3291; x_wconf 78' lang='grc' dir='ltr'>θαλάσσης,</span> 
     </span>
    </p>
   </div>
   <div class='ocr_carea' id='block_1_80' title="bbox 2122 3311 3689 3385">
    <p class='ocr_par' dir='ltr' id='par_1_80' title="bbox 2122 3311 3689 3385">
     <span class='ocr_line' id='line_1_80' title="bbox 2122 3311 3689 3385; baseline -0.002 -20"><span class='ocrx_word' id='word_1_634' title='bbox 2122 3313 2518 3385; x_wconf 76' lang='grc' dir='ltr'>ἐταράχθησαν.</span> <span class='ocrx_word' id='word_1_635' title='bbox 2562 3333 2581 3366; x_wconf 75' lang='grc' dir='ltr'><strong>ι</strong></span> <span class='ocrx_word' id='word_1_636' title='bbox 2632 3313 2743 3367; x_wconf 76' lang='lat' dir='ltr'><strong>Kal</strong></span> <span class='ocrx_word' id='word_1_637' title='bbox 2789 3314 2906 3383; x_wconf 77' lang='grc' dir='ltr'>μετ’</span> <span class='ocrx_word' id='word_1_638' title='bbox 2939 3312 3123 3381; x_wconf 81' lang='grc' dir='ltr'>ὀλίγα·</span> <span class='ocrx_word' id='word_1_639' title='bbox 3183 3332 3200 3363; x_wconf 79' lang='grc' dir='ltr'><strong>ι</strong></span> <span class='ocrx_word' id='word_1_640' title='bbox 3256 3312 3593 3382; x_wconf 77' lang='grc' dir='ltr'>Ἀποκριθεὶς</span> <span class='ocrx_word' id='word_1_641' title='bbox 3631 3311 3689 3363; x_wconf 83' lang='grc' dir='ltr'>δὲ</span> 
     </span>
    </p>
   </div>
   <div class='ocr_carea' id='block_1_81' title="bbox 2121 3399 3697 3476">
    <p class='ocr_par' dir='ltr' id='par_1_81' title="bbox 2121 3399 3697 3476">
     <span class='ocr_line' id='line_1_81' title="bbox 2121 3399 3697 3476; baseline 0.001 -22"><span class='ocrx_word' id='word_1_642' title='bbox 2121 3403 2267 3473; x_wconf 82' lang='grc' dir='ltr'>αύτῷ</span> <span class='ocrx_word' id='word_1_643' title='bbox 2298 3407 2326 3457; x_wconf 93' lang='lat'><strong>6</strong></span> <span class='ocrx_word' id='word_1_644' title='bbox 2362 3405 2564 3476; x_wconf 78' lang='grc' dir='ltr'>Πέτρος</span> <span class='ocrx_word' id='word_1_645' title='bbox 2598 3401 2717 3456; x_wconf 82' lang='grc' dir='ltr'>εἷπε</span> <span class='ocrx_word' id='word_1_646' title='bbox 2739 3420 2752 3434; x_wconf 92' lang='grc'><strong>·</strong></span> <span class='ocrx_word' id='word_1_647' title='bbox 2804 3403 2998 3475; x_wconf 80' lang='grc' dir='ltr'>Κύριε,</span> <span class='ocrx_word' id='word_1_648' title='bbox 3030 3405 3079 3455; x_wconf 87' lang='grc' dir='ltr'>εἰ</span> <span class='ocrx_word' id='word_1_649' title='bbox 3111 3405 3174 3457; x_wconf 83' lang='grc' dir='ltr'><strong>σὺ</strong></span> <span class='ocrx_word' id='word_1_650' title='bbox 3222 3399 3289 3467; x_wconf 83' lang='grc' dir='ltr'>ε’ί,</span> <span class='ocrx_word' id='word_1_651' title='bbox 3335 3403 3585 3456; x_wconf 82' lang='grc' dir='ltr'>κέλευσόν</span> <span class='ocrx_word' id='word_1_652' title='bbox 3622 3419 3697 3472; x_wconf 69' lang='grc' dir='ltr'><strong>με</strong></span> 
     </span>
    </p>
   </div>
   <div class='ocr_carea' id='block_1_82' title="bbox 2122 3491 3689 3567">
    <p class='ocr_par' dir='ltr' id='par_1_82' title="bbox 2122 3491 3689 3567">
     <span class='ocr_line' id='line_1_82' title="bbox 2122 3491 3689 3567; baseline 0 -20"><span class='ocrx_word' id='word_1_653' title='bbox 2122 3495 2291 3549; x_wconf 79' lang='grc' dir='ltr'>ἐλθεῖν</span> <span class='ocrx_word' id='word_1_654' title='bbox 2328 3497 2461 3567; x_wconf 81' lang='grc' dir='ltr'>πρὸς</span> <span class='ocrx_word' id='word_1_655' title='bbox 2493 3496 2551 3549; x_wconf 84' lang='grc' dir='ltr'>σὲ</span> <span class='ocrx_word' id='word_1_656' title='bbox 2589 3496 2682 3548; x_wconf 71' lang='grc' dir='ltr'>ἐπὶ</span> <span class='ocrx_word' id='word_1_657' title='bbox 2740 3496 2808 3547; x_wconf 79' lang='grc' dir='ltr'><strong>τά</strong></span> <span class='ocrx_word' id='word_1_658' title='bbox 2855 3495 3036 3548; x_wconf 77' lang='grc' dir='ltr'>ὕδατα.</span> <span class='ocrx_word' id='word_1_659' title='bbox 3090 3496 3147 3548; x_wconf 89' lang='lat'>&#39;0</span> <span class='ocrx_word' id='word_1_660' title='bbox 3175 3496 3229 3548; x_wconf 80' lang='grc' dir='ltr'>δὲ</span> <span class='ocrx_word' id='word_1_661' title='bbox 3268 3491 3440 3549; x_wconf 74' lang='grc' dir='ltr'>εἶπεν.</span> <span class='ocrx_word' id='word_1_662' title='bbox 3502 3493 3689 3547; x_wconf 82' lang='grc' dir='ltr'>Ἐλθέ·</span> 
     </span>
    </p>
   </div>
   <div class='ocr_carea' id='block_1_83' title="bbox 2121 3584 3692 3659">
    <p class='ocr_par' dir='ltr' id='par_1_83' title="bbox 2121 3584 3692 3659">
     <span class='ocr_line' id='line_1_83' title="bbox 2121 3584 3692 3659; baseline -0.001 -18"><span class='ocrx_word' id='word_1_663' title='bbox 2121 3589 2215 3641; x_wconf 80' lang='grc' dir='ltr'><strong>καὶ</strong></span> <span class='ocrx_word' id='word_1_664' title='bbox 2277 3590 2519 3651; x_wconf 75' lang='grc' dir='ltr'>καταϐὰς</span> <span class='ocrx_word' id='word_1_665' title='bbox 2583 3588 2691 3641; x_wconf 83' lang='grc' dir='ltr'>ἀπὸ</span> <span class='ocrx_word' id='word_1_666' title='bbox 2736 3588 2830 3641; x_wconf 81' lang='grc' dir='ltr'>τοῦ</span> <span class='ocrx_word' id='word_1_667' title='bbox 2903 3586 3087 3640; x_wconf 89' lang='grc' dir='ltr'>πλοίου</span> <span class='ocrx_word' id='word_1_668' title='bbox 3155 3588 3360 3656; x_wconf 81' lang='grc' dir='ltr'>Πέτρος</span> <span class='ocrx_word' id='word_1_669' title='bbox 3431 3584 3692 3659; x_wconf 86' lang='grc' dir='ltr'>περιεπά-</span> 
     </span>
    </p>
   </div>
   <div class='ocr_carea' id='block_1_84' title="bbox 2120 3675 3692 3747">
    <p class='ocr_par' dir='ltr' id='par_1_84' title="bbox 2120 3675 3692 3747">
     <span class='ocr_line' id='line_1_84' title="bbox 2120 3675 3692 3747; baseline -0.003 -16"><span class='ocrx_word' id='word_1_670' title='bbox 2120 3695 2283 3746; x_wconf 89' lang='grc' dir='ltr'>τησεν</span> <span class='ocrx_word' id='word_1_671' title='bbox 2332 3679 2423 3730; x_wconf 75' lang='grc' dir='ltr'><strong>ἐπὶ</strong></span> <span class='ocrx_word' id='word_1_672' title='bbox 2465 3678 2532 3731; x_wconf 81' lang='grc' dir='ltr'>τὰ</span> <span class='ocrx_word' id='word_1_673' title='bbox 2573 3677 2758 3730; x_wconf 71' lang='grc' dir='ltr'>ὕδατα.</span> <span class='ocrx_word' id='word_1_674' title='bbox 2797 3696 2816 3728; x_wconf 75' lang='grc' dir='ltr'><strong>ι</strong></span> <span class='ocrx_word' id='word_1_675' title='bbox 2861 3677 3030 3729; x_wconf 88' lang='grc' dir='ltr'>Πάλιν</span> <span class='ocrx_word' id='word_1_676' title='bbox 3071 3678 3309 3747; x_wconf 79' lang='grc' dir='ltr'>Μωῦσῆς</span> <span class='ocrx_word' id='word_1_677' title='bbox 3339 3676 3523 3746; x_wconf 83' lang='grc' dir='ltr'>ἀνέμῳ</span> <span class='ocrx_word' id='word_1_678' title='bbox 3554 3675 3692 3745; x_wconf 84' lang='grc' dir='ltr'>νότῳ</span> 
     </span>
    </p>
   </div>
   <div class='ocr_carea' id='block_1_85' title="bbox 2122 3764 3689 3838">
    <p class='ocr_par' dir='ltr' id='par_1_85' title="bbox 2122 3764 3689 3838">
     <span class='ocr_line' id='line_1_85' title="bbox 2122 3764 3689 3838; baseline -0.001 -18"><span class='ocrx_word' id='word_1_679' title='bbox 2122 3768 2277 3837; x_wconf 82' lang='grc' dir='ltr'>βιαίῳ</span> <span class='ocrx_word' id='word_1_680' title='bbox 2326 3767 2494 3838; x_wconf 78' lang='grc' dir='ltr'>ἔπηξε</span> <span class='ocrx_word' id='word_1_681' title='bbox 2533 3766 2630 3837; x_wconf 79' lang='grc' dir='ltr'>τὴν</span> <span class='ocrx_word' id='word_1_682' title='bbox 2681 3766 2973 3821; x_wconf 82' lang='grc' dir='ltr'>θάλασσαν.</span> <span class='ocrx_word' id='word_1_683' title='bbox 3007 3768 3167 3834; x_wconf 85' lang='grc' dir='ltr'>Λέγει</span> <span class='ocrx_word' id='word_1_684' title='bbox 3195 3767 3238 3819; x_wconf 83' lang='grc' dir='ltr'>δ’</span> <span class='ocrx_word' id='word_1_685' title='bbox 3268 3764 3360 3819; x_wconf 74' lang='grc' dir='ltr'><strong>οὖν</strong></span> <span class='ocrx_word' id='word_1_686' title='bbox 3394 3769 3426 3836; x_wconf 80' lang='grc' dir='ltr'><strong>ῆ</strong></span> <span class='ocrx_word' id='word_1_687' title='bbox 3465 3768 3504 3818; x_wconf 86' lang='grc' dir='ltr'><strong><em>Γ</em></strong></span> <span class='ocrx_word' id='word_1_688' title='bbox 3510 3768 3689 3837; x_wconf 77' lang='grc' dir='ltr'>ραφή·</span> 
     </span>
    </p>
   </div>
   <div class='ocr_carea' id='block_1_86' title="bbox 2125 3859 3693 3931">
    <p class='ocr_par' dir='ltr' id='par_1_86' title="bbox 2125 3859 3693 3931">
     <span class='ocr_line' id='line_1_86' title="bbox 2125 3859 3693 3931; baseline 0 -20"><span class='ocrx_word' id='word_1_689' title='bbox 2125 3880 2143 3911; x_wconf 75' lang='grc' dir='ltr'><strong>ι</strong></span> <span class='ocrx_word' id='word_1_690' title='bbox 2201 3860 2458 3924; x_wconf 77' lang='grc' dir='ltr'>Ἐξέτεινε</span> <span class='ocrx_word' id='word_1_691' title='bbox 2487 3859 2543 3912; x_wconf 80' lang='grc' dir='ltr'>δὲ</span> <span class='ocrx_word' id='word_1_692' title='bbox 2569 3861 2806 3930; x_wconf 79' lang='grc' dir='ltr'>Μωῦσῆς</span> <span class='ocrx_word' id='word_1_693' title='bbox 2837 3859 2930 3929; x_wconf 75' lang='grc' dir='ltr'>τὴν</span> <span class='ocrx_word' id='word_1_694' title='bbox 2962 3862 3117 3931; x_wconf 86' lang='grc' dir='ltr'>χεῖρα</span> <span class='ocrx_word' id='word_1_695' title='bbox 3149 3860 3239 3911; x_wconf 72' lang='grc' dir='ltr'>ἐπὶ</span> <span class='ocrx_word' id='word_1_696' title='bbox 3266 3859 3359 3929; x_wconf 84' lang='grc' dir='ltr'><strong>τῆν</strong></span> <span class='ocrx_word' id='word_1_697' title='bbox 3393 3859 3693 3921; x_wconf 80' lang='grc' dir='ltr'>θάλασσαν,</span> 
     </span>
    </p>
   </div>
   <div class='ocr_carea' id='block_1_87' title="bbox 2122 3947 3691 4020">
    <p class='ocr_par' dir='ltr' id='par_1_87' title="bbox 2122 3947 3691 4020">
     <span class='ocr_line' id='line_1_87' title="bbox 2122 3947 3691 4020; baseline -0.001 -18"><span class='ocrx_word' id='word_1_698' title='bbox 2122 3951 2213 4002; x_wconf 74' lang='grc' dir='ltr'><strong>καὶ</strong></span> <span class='ocrx_word' id='word_1_699' title='bbox 2266 3951 2515 4020; x_wconf 85' lang='grc' dir='ltr'>ὑπήγαγε</span> <span class='ocrx_word' id='word_1_700' title='bbox 2576 3949 2778 4015; x_wconf 82' lang='grc' dir='ltr'>Κύριος</span> <span class='ocrx_word' id='word_1_701' title='bbox 2830 3950 2928 4020; x_wconf 71' lang='grc' dir='ltr'>τὴν</span> <span class='ocrx_word' id='word_1_702' title='bbox 2981 3948 3256 4001; x_wconf 86' lang='grc' dir='ltr'>θάλασσαν</span> <span class='ocrx_word' id='word_1_703' title='bbox 3317 3947 3503 4018; x_wconf 86' lang='grc' dir='ltr'>ἀνέμῳ</span> <span class='ocrx_word' id='word_1_704' title='bbox 3553 3949 3691 4018; x_wconf 86' lang='grc' dir='ltr'>νότῳ</span> 
     </span>
    </p>
   </div>
   <div class='ocr_carea' id='block_1_88' title="bbox 2122 4039 3692 4111">
    <p class='ocr_par' dir='ltr' id='par_1_88' title="bbox 2122 4039 3692 4111">
     <span class='ocr_line' id='line_1_88' title="bbox 2122 4039 3692 4111; baseline -0.001 -18"><span class='ocrx_word' id='word_1_705' title='bbox 2122 4039 2299 4111; x_wconf 88' lang='grc' dir='ltr'>βιαίῳ.</span> <span class='ocrx_word' id='word_1_706' title='bbox 2352 4060 2370 4092; x_wconf 75' lang='grc' dir='ltr'><strong>ι</strong></span> <span class='ocrx_word' id='word_1_707' title='bbox 2424 4040 2534 4093; x_wconf 79' lang='lat' dir='ltr'><strong>Kal</strong></span> <span class='ocrx_word' id='word_1_708' title='bbox 2575 4040 2860 4111; x_wconf 78' lang='grc' dir='ltr'>ἐπιφέρει·</span> <span class='ocrx_word' id='word_1_709' title='bbox 2918 4058 2935 4090; x_wconf 82' lang='grc' dir='ltr'><strong>ι</strong></span> <span class='ocrx_word' id='word_1_710' title='bbox 2985 4040 3192 4109; x_wconf 86' lang='grc' dir='ltr'>Ἐπάγη</span> <span class='ocrx_word' id='word_1_711' title='bbox 3242 4039 3311 4093; x_wconf 78' lang='grc' dir='ltr'>τὰ</span> <span class='ocrx_word' id='word_1_712' title='bbox 3361 4040 3582 4110; x_wconf 86' lang='grc' dir='ltr'>κύματα</span> <span class='ocrx_word' id='word_1_713' title='bbox 3633 4044 3692 4093; x_wconf 79' lang='grc' dir='ltr'><strong>ὲν</strong></span> 
     </span>
    </p>
   </div>
   <div class='ocr_carea' id='block_1_89' title="bbox 2123 4130 3691 4203">
    <p class='ocr_par' dir='ltr' id='par_1_89' title="bbox 2123 4130 3691 4203">
     <span class='ocr_line' id='line_1_89' title="bbox 2123 4130 3691 4203; baseline -0.001 -18"><span class='ocrx_word' id='word_1_714' title='bbox 2123 4134 2271 4203; x_wconf 85' lang='grc' dir='ltr'>μέσῳ</span> <span class='ocrx_word' id='word_1_715' title='bbox 2297 4132 2395 4201; x_wconf 89' lang='grc' dir='ltr'><strong>τῆς</strong></span> <span class='ocrx_word' id='word_1_716' title='bbox 2433 4131 2727 4200; x_wconf 81' lang='grc' dir='ltr'>θαλάσσης.</span> <span class='ocrx_word' id='word_1_717' title='bbox 2770 4150 2787 4181; x_wconf 80' lang='grc' dir='ltr'><strong>ι</strong></span> <span class='ocrx_word' id='word_1_718' title='bbox 2833 4130 3102 4192; x_wconf 80' lang='grc' dir='ltr'>Ὡσαύτως</span> <span class='ocrx_word' id='word_1_719' title='bbox 3137 4130 3192 4181; x_wconf 80' lang='grc' dir='ltr'>δὲ</span> <span class='ocrx_word' id='word_1_720' title='bbox 3228 4131 3320 4182; x_wconf 71' lang='grc' dir='ltr'>καὶ</span> <span class='ocrx_word' id='word_1_721' title='bbox 3346 4130 3477 4182; x_wconf 78' lang='grc' dir='ltr'>πολὺ</span> <span class='ocrx_word' id='word_1_722' title='bbox 3510 4146 3691 4200; x_wconf 86' lang='grc' dir='ltr'>κρειτ-</span> 
     </span>
    </p>
   </div>
   <div class='ocr_carea' id='block_1_90' title="bbox 2118 4216 3688 4289">
    <p class='ocr_par' dir='ltr' id='par_1_90' title="bbox 2118 4216 3688 4289">
     <span class='ocr_line' id='line_1_90' title="bbox 2118 4216 3688 4289; baseline -0.002 -16"><span class='ocrx_word' id='word_1_723' title='bbox 2118 4222 2284 4283; x_wconf 89' lang='grc' dir='ltr'>τόνως</span> <span class='ocrx_word' id='word_1_724' title='bbox 2316 4222 2345 4271; x_wconf 92' lang='grc' dir='ltr'><strong>ὀ</strong></span> <span class='ocrx_word' id='word_1_725' title='bbox 2379 4219 2565 4289; x_wconf 79' lang='grc' dir='ltr'>Σωτὴρ</span> <span class='ocrx_word' id='word_1_726' title='bbox 2599 4219 2755 4289; x_wconf 82' lang='grc' dir='ltr'>ἡμῶν</span> <span class='ocrx_word' id='word_1_727' title='bbox 2801 4218 3098 4286; x_wconf 78' lang='grc' dir='ltr'>ἐπετίμησε</span> <span class='ocrx_word' id='word_1_728' title='bbox 3149 4216 3227 4286; x_wconf 82' lang='grc' dir='ltr'><strong>τῷ</strong></span> <span class='ocrx_word' id='word_1_729' title='bbox 3272 4217 3457 4288; x_wconf 83' lang='grc' dir='ltr'>ἀνέμῳ</span> <span class='ocrx_word' id='word_1_730' title='bbox 3500 4217 3594 4271; x_wconf 80' lang='grc' dir='ltr'><strong>καὶ</strong></span> <span class='ocrx_word' id='word_1_731' title='bbox 3621 4221 3688 4289; x_wconf 77' lang='grc' dir='ltr'>τῇ</span> 
     </span>
    </p>
   </div>
   <div class='ocr_carea' id='block_1_91' title="bbox 2120 4305 3690 4380">
    <p class='ocr_par' dir='ltr' id='par_1_91' title="bbox 2120 4305 3690 4380">
     <span class='ocr_line' id='line_1_91' title="bbox 2120 4305 3690 4380; baseline -0.003 -17"><span class='ocrx_word' id='word_1_732' title='bbox 2120 4309 2381 4380; x_wconf 79' lang='grc' dir='ltr'>θαλάσσῃ,</span> <span class='ocrx_word' id='word_1_733' title='bbox 2428 4310 2519 4362; x_wconf 70' lang='grc' dir='ltr'><strong>καὶ</strong></span> <span class='ocrx_word' id='word_1_734' title='bbox 2554 4310 2768 4376; x_wconf 79' lang='grc' dir='ltr'>ἐγένετο</span> <span class='ocrx_word' id='word_1_735' title='bbox 2798 4306 3006 4376; x_wconf 85' lang='grc' dir='ltr'>γαλήνη</span> <span class='ocrx_word' id='word_1_736' title='bbox 3045 4306 3273 4377; x_wconf 85' lang='grc' dir='ltr'>μεγάλη.</span> <span class='ocrx_word' id='word_1_737' title='bbox 3312 4305 3476 4360; x_wconf 87' lang='grc' dir='ltr'>Πάλιν</span> <span class='ocrx_word' id='word_1_738' title='bbox 3528 4307 3690 4360; x_wconf 58' lang='lat' dir='ltr'><strong>Mur}—</strong></span> 
     </span>
    </p>
   </div>
   <div class='ocr_carea' id='block_1_92' title="bbox 453 4396 2022 4490">
    <p class='ocr_par' dir='ltr' id='par_1_92' title="bbox 453 4410 2018 4482">
     <span class='ocr_line' id='line_1_92' title="bbox 453 4410 2018 4482; baseline -0.001 -17"><span class='ocrx_word' id='word_1_739' title='bbox 453 4414 647 4473; x_wconf 85' lang='lat' dir='ltr'><strong>tendit,</strong></span> <span class='ocrx_word' id='word_1_740' title='bbox 678 4412 996 4482; x_wconf 82' lang='lat' dir='ltr'><strong>93-inquit</strong></span> <span class='ocrx_word' id='word_1_741' title='bbox 1024 4451 1039 4476; x_wconf 94' lang='lat'><strong>,</strong></span> <span class='ocrx_word' id='word_1_742' title='bbox 1079 4410 1253 4466; x_wconf 87' lang='lat' dir='ltr'><strong>Moses</strong></span> <span class='ocrx_word' id='word_1_743' title='bbox 1286 4425 1502 4465; x_wconf 90' lang='lat' dir='ltr'><strong>manum</strong></span> <span class='ocrx_word' id='word_1_744' title='bbox 1556 4425 1722 4480; x_wconf 89' lang='lat' dir='ltr'><strong>super</strong></span> <span class='ocrx_word' id='word_1_745' title='bbox 1754 4424 1924 4472; x_wconf 90' lang='lat' dir='ltr'><strong>mare,</strong></span> <span class='ocrx_word' id='word_1_746' title='bbox 1964 4418 2018 4463; x_wconf 89' lang='lat' dir='ltr'><strong>et</strong></span> 
     </span>
    </p>
   </div>
   <div class='ocr_carea' id='block_1_93' title="bbox 2124 4396 3691 4490">
    <p class='ocr_par' dir='ltr' id='par_1_93' title="bbox 2124 4396 3691 4469">
     <span class='ocr_line' id='line_1_93' title="bbox 2124 4396 3691 4469; baseline -0.005 -15"><span class='ocrx_word' id='word_1_747' title='bbox 2124 4402 2257 4465; x_wconf 86' lang='grc' dir='ltr'>σέως</span> <span class='ocrx_word' id='word_1_748' title='bbox 2288 4400 2397 4453; x_wconf 83' lang='grc' dir='ltr'>ἀπὸ</span> <span class='ocrx_word' id='word_1_749' title='bbox 2426 4399 2519 4452; x_wconf 81' lang='grc' dir='ltr'>τοῦ</span> <span class='ocrx_word' id='word_1_750' title='bbox 2553 4399 2710 4469; x_wconf 75' lang='grc' dir='ltr'>ὅρους</span> <span class='ocrx_word' id='word_1_751' title='bbox 2737 4396 3032 4460; x_wconf 82' lang='grc' dir='ltr'>κατιόντος,</span> <span class='ocrx_word' id='word_1_752' title='bbox 3075 4396 3135 4448; x_wconf 82' lang='grc' dir='ltr'><strong>τὸ</strong></span> <span class='ocrx_word' id='word_1_753' title='bbox 3166 4396 3452 4466; x_wconf 84' lang='grc' dir='ltr'>πρόσωπον</span> <span class='ocrx_word' id='word_1_754' title='bbox 3484 4397 3691 4465; x_wconf 75' lang='grc' dir='ltr'>ἑωρᾶτο</span> 
     </span>
    </p>
   </div>
   <div class='ocr_carea' id='block_1_94' title="bbox 454 4503 2014 4565">
    <p class='ocr_par' dir='ltr' id='par_1_94' title="bbox 454 4503 2014 4565">
     <span class='ocr_line' id='line_1_94' title="bbox 454 4503 2014 4565; baseline -0.003 -6"><span class='ocrx_word' id='word_1_755' title='bbox 454 4504 675 4559; x_wconf 82' lang='lat' dir='ltr'><strong>sustulit</strong></span> <span class='ocrx_word' id='word_1_756' title='bbox 704 4504 963 4559; x_wconf 91' lang='lat' dir='ltr'><strong>Dominus</strong></span> <span class='ocrx_word' id='word_1_757' title='bbox 986 4519 1135 4560; x_wconf 86' lang='lat' dir='ltr'><strong>mare</strong></span> <span class='ocrx_word' id='word_1_758' title='bbox 1173 4511 1334 4558; x_wconf 89' lang='lat' dir='ltr'><strong>vento</strong></span> <span class='ocrx_word' id='word_1_759' title='bbox 1357 4512 1546 4558; x_wconf 89' lang='lat' dir='ltr'><strong>austro</strong></span> <span class='ocrx_word' id='word_1_760' title='bbox 1573 4503 1813 4557; x_wconf 86' lang='lat' dir='ltr'><strong>violento</strong></span> <span class='ocrx_word' id='word_1_761' title='bbox 1836 4540 1852 4565; x_wconf 89' lang='lat'><strong>,</strong></span> <span class='ocrx_word' id='word_1_762' title='bbox 1899 4520 1917 4550; x_wconf 74' lang='grc' dir='ltr'><strong>ι</strong></span> <span class='ocrx_word' id='word_1_763' title='bbox 1950 4514 2014 4554; x_wconf 91' lang='lat' dir='ltr'><strong>ac</strong></span> 
     </span>
    </p>
   </div>
   <div class='ocr_carea' id='block_1_95' title="bbox 453 4591 2017 4665">
    <p class='ocr_par' dir='ltr' id='par_1_95' title="bbox 453 4591 2017 4665">
     <span class='ocr_line' id='line_1_95' title="bbox 453 4591 2017 4665; baseline -0.003 -15"><span class='ocrx_word' id='word_1_764' title='bbox 453 4595 772 4665; x_wconf 68' lang='lat' dir='ltr'><strong>sulijnngit:</strong></span> <span class='ocrx_word' id='word_1_765' title='bbox 815 4613 837 4649; x_wconf 80' lang='grc' dir='ltr'><strong>ι</strong></span> <span class='ocrx_word' id='word_1_766' title='bbox 879 4594 1157 4650; x_wconf 91' lang='lat' dir='ltr'><strong>Steterunt</strong></span> <span class='ocrx_word' id='word_1_767' title='bbox 1184 4593 1343 4648; x_wconf 80' lang='lat' dir='ltr'><strong>unda:</strong></span> <span class='ocrx_word' id='word_1_768' title='bbox 1365 4594 1421 4647; x_wconf 92' lang='lat' dir='ltr'><strong>in</strong></span> <span class='ocrx_word' id='word_1_769' title='bbox 1454 4594 1633 4648; x_wconf 89' lang='lat' dir='ltr'><strong>medio</strong></span> <span class='ocrx_word' id='word_1_770' title='bbox 1654 4594 1787 4646; x_wconf 91' lang='lat' dir='ltr'><strong>mari</strong></span> <span class='ocrx_word' id='word_1_771' title='bbox 1821 4591 2017 4646; x_wconf 70' lang='lat' dir='ltr'><strong>’.nEa-</strong></span> 
     </span>
    </p>
   </div>
   <div class='ocr_carea' id='block_1_96' title="bbox 452 4680 2018 4754">
    <p class='ocr_par' dir='ltr' id='par_1_96' title="bbox 452 4680 2018 4754">
     <span class='ocr_line' id='line_1_96' title="bbox 452 4680 2018 4754; baseline -0.004 -14"><span class='ocrx_word' id='word_1_772' title='bbox 452 4687 574 4747; x_wconf 85' lang='lat' dir='ltr'><strong>dem</strong></span> <span class='ocrx_word' id='word_1_773' title='bbox 598 4688 806 4740; x_wconf 90' lang='lat' dir='ltr'><strong>ratione</strong></span> <span class='ocrx_word' id='word_1_774' title='bbox 833 4700 896 4739; x_wconf 90' lang='lat' dir='ltr'><strong>ac</strong></span> <span class='ocrx_word' id='word_1_775' title='bbox 926 4687 1096 4740; x_wconf 90' lang='lat' dir='ltr'><strong>multo</strong></span> <span class='ocrx_word' id='word_1_776' title='bbox 1122 4684 1340 4754; x_wconf 85' lang='lat' dir='ltr'><strong>quidem</strong></span> <span class='ocrx_word' id='word_1_777' title='bbox 1371 4682 1741 4752; x_wconf 71' lang='lat' dir='ltr'><strong>praestantius,</strong></span> <span class='ocrx_word' id='word_1_778' title='bbox 1770 4680 2018 4737; x_wconf 86' lang='lat' dir='ltr'><strong>Salvator</strong></span> 
     </span>
    </p>
   </div>
   <div class='ocr_carea' id='block_1_97' title="bbox 453 4769 2019 4844">
    <p class='ocr_par' dir='ltr' id='par_1_97' title="bbox 453 4769 2019 4844">
     <span class='ocr_line' id='line_1_97' title="bbox 453 4769 2019 4844; baseline -0.004 -15"><span class='ocrx_word' id='word_1_779' title='bbox 453 4784 638 4830; x_wconf 82' lang='lat' dir='ltr'><strong>noster</strong></span> <span class='ocrx_word' id='word_1_780' title='bbox 674 4794 692 4825; x_wconf 78' lang='grc' dir='ltr'><strong>ι</strong></span> <span class='ocrx_word' id='word_1_781' title='bbox 729 4775 1000 4844; x_wconf 88' lang='lat' dir='ltr'><strong>increpuit</strong></span> <span class='ocrx_word' id='word_1_782' title='bbox 1032 4783 1245 4829; x_wconf 88' lang='lat' dir='ltr'><strong>ventum</strong></span> <span class='ocrx_word' id='word_1_783' title='bbox 1301 4781 1355 4827; x_wconf 90' lang='lat' dir='ltr'><strong>et</strong></span> <span class='ocrx_word' id='word_1_784' title='bbox 1391 4787 1541 4827; x_wconf 85' lang='lat' dir='ltr'><strong>mare</strong></span> <span class='ocrx_word' id='word_1_785' title='bbox 1572 4809 1588 4835; x_wconf 89' lang='lat'><strong>,</strong></span> <span class='ocrx_word' id='word_1_786' title='bbox 1643 4778 1697 4825; x_wconf 92' lang='lat' dir='ltr'><strong>et</strong></span> <span class='ocrx_word' id='word_1_787' title='bbox 1743 4769 1884 4824; x_wconf 89' lang='lat' dir='ltr'><strong>facta</strong></span> <span class='ocrx_word' id='word_1_788' title='bbox 1935 4779 2019 4825; x_wconf 86' lang='lat' dir='ltr'><strong>est</strong></span> 
     </span>
    </p>
   </div>
   <div class='ocr_carea' id='block_1_98' title="bbox 453 4858 2023 4935">
    <p class='ocr_par' dir='ltr' id='par_1_98' title="bbox 453 4858 2023 4935">
     <span class='ocr_line' id='line_1_98' title="bbox 453 4858 2023 4935; baseline -0.005 -15"><span class='ocrx_word' id='word_1_789' title='bbox 453 4865 816 4935; x_wconf 78' lang='lat' dir='ltr'><strong>tranquillitas</strong></span> <span class='ocrx_word' id='word_1_790' title='bbox 844 4879 1038 4935; x_wconf 81' lang='lat' dir='ltr'><strong>magna</strong></span> <span class='ocrx_word' id='word_1_791' title='bbox 1066 4864 1132 4918; x_wconf 85' lang='grc'><strong>¹⁰.</strong></span> <span class='ocrx_word' id='word_1_792' title='bbox 1170 4883 1188 4915; x_wconf 73' lang='grc' dir='ltr'><strong>ι</strong></span> <span class='ocrx_word' id='word_1_793' title='bbox 1219 4861 1385 4916; x_wconf 88' lang='lat' dir='ltr'><strong>Mosis</strong></span> <span class='ocrx_word' id='word_1_794' title='bbox 1415 4863 1541 4914; x_wconf 89' lang='lat' dir='ltr'><strong>item</strong></span> <span class='ocrx_word' id='word_1_795' title='bbox 1574 4860 1774 4922; x_wconf 86' lang='lat' dir='ltr'><strong>vultus,</strong></span> <span class='ocrx_word' id='word_1_796' title='bbox 1801 4875 1923 4913; x_wconf 88' lang='lat' dir='ltr'><strong>cum</strong></span> <span class='ocrx_word' id='word_1_797' title='bbox 1954 4858 2023 4913; x_wconf 89' lang='lat' dir='ltr'><strong>de</strong></span> 
     </span>
    </p>
   </div>
   <div class='ocr_carea' id='block_1_99' title="bbox 455 4951 2023 5022">
    <p class='ocr_par' dir='ltr' id='par_1_99' title="bbox 455 4951 2023 5022">
     <span class='ocr_line' id='line_1_99' title="bbox 455 4951 2023 5022; baseline -0.004 -11"><span class='ocrx_word' id='word_1_798' title='bbox 455 4968 635 5015; x_wconf 86' lang='lat' dir='ltr'><strong>monte</strong></span> <span class='ocrx_word' id='word_1_799' title='bbox 667 4956 1044 5021; x_wconf 89' lang='lat' dir='ltr'><strong>descenderet,</strong></span> <span class='ocrx_word' id='word_1_800' title='bbox 1097 4956 1425 5010; x_wconf 89' lang='lat' dir='ltr'><strong>cernebatur</strong></span> <span class='ocrx_word' id='word_1_801' title='bbox 1462 4952 1653 5022; x_wconf 85' lang='lat' dir='ltr'><strong>plenus</strong></span> <span class='ocrx_word' id='word_1_802' title='bbox 1685 4952 1875 5022; x_wconf 80' lang='lat' dir='ltr'><strong>gloria.</strong></span> <span class='ocrx_word' id='word_1_803' title='bbox 1931 4951 2023 5005; x_wconf 90' lang='lat' dir='ltr'><strong>Sic</strong></span> 
     </span>
    </p>
   </div>
   <div class='ocr_carea' id='block_1_100' title="bbox 456 5043 2024 5119">
    <p class='ocr_par' dir='ltr' id='par_1_100' title="bbox 456 5043 2024 5119">
     <span class='ocr_line' id='line_1_100' title="bbox 456 5043 2024 5119; baseline -0.003 -16"><span class='ocrx_word' id='word_1_804' title='bbox 456 5052 599 5103; x_wconf 88' lang='lat' dir='ltr'><strong>enim</strong></span> <span class='ocrx_word' id='word_1_805' title='bbox 627 5049 891 5119; x_wconf 87' lang='lat' dir='ltr'><strong>scriptum</strong></span> <span class='ocrx_word' id='word_1_806' title='bbox 917 5055 1002 5103; x_wconf 89' lang='lat' dir='ltr'><strong>est</strong></span> <span class='ocrx_word' id='word_1_807' title='bbox 1032 5064 1047 5100; x_wconf 88' lang='lat'><strong>:</strong></span> <span class='ocrx_word' id='word_1_808' title='bbox 1095 5065 1114 5097; x_wconf 77' lang='grc' dir='ltr'><strong>ι</strong></span> <span class='ocrx_word' id='word_1_809' title='bbox 1156 5046 1502 5101; x_wconf 89' lang='lat' dir='ltr'><strong>Descendens</strong></span> <span class='ocrx_word' id='word_1_810' title='bbox 1534 5052 1712 5099; x_wconf 89' lang='lat' dir='ltr'><strong>autem</strong></span> <span class='ocrx_word' id='word_1_811' title='bbox 1746 5043 1921 5099; x_wconf 89' lang='lat' dir='ltr'><strong>Moses</strong></span> <span class='ocrx_word' id='word_1_812' title='bbox 1956 5043 2024 5099; x_wconf 92' lang='lat' dir='ltr'><strong>de</strong></span> 
     </span>
    </p>
   </div>
   <div class='ocr_carea' id='block_1_101' title="bbox 461 5137 2025 5211">
    <p class='ocr_par' dir='ltr' id='par_1_101' title="bbox 461 5137 2025 5211">
     <span class='ocr_line' id='line_1_101' title="bbox 461 5137 2025 5211; baseline -0.004 -16"><span class='ocrx_word' id='word_1_813' title='bbox 461 5151 681 5206; x_wconf 91' lang='lat' dir='ltr'><strong>monte,</strong></span> <span class='ocrx_word' id='word_1_814' title='bbox 721 5141 839 5211; x_wconf 91' lang='lat' dir='ltr'><strong>ipse</strong></span> <span class='ocrx_word' id='word_1_815' title='bbox 866 5139 1145 5195; x_wconf 87' lang='lat' dir='ltr'><strong>nesciebat</strong></span> <span class='ocrx_word' id='word_1_816' title='bbox 1186 5137 1331 5208; x_wconf 90' lang='lat' dir='ltr'><strong>quod</strong></span> <span class='ocrx_word' id='word_1_817' title='bbox 1374 5138 1708 5208; x_wconf 80' lang='lat' dir='ltr'><strong>glorilicatus</strong></span> <span class='ocrx_word' id='word_1_818' title='bbox 1756 5146 1901 5192; x_wconf 89' lang='lat' dir='ltr'><strong>esset</strong></span> <span class='ocrx_word' id='word_1_819' title='bbox 1936 5151 2025 5190; x_wconf 83' lang='lat' dir='ltr'><strong>as—</strong></span> 
     </span>
    </p>
   </div>
   <div class='ocr_carea' id='block_1_102' title="bbox 463 5229 2025 5305">
    <p class='ocr_par' dir='ltr' id='par_1_102' title="bbox 463 5229 2025 5305">
     <span class='ocr_line' id='line_1_102' title="bbox 463 5229 2025 5305; baseline -0.005 -15"><span class='ocrx_word' id='word_1_820' title='bbox 463 5245 652 5305; x_wconf 85' lang='lat' dir='ltr'><strong>pectus</strong></span> <span class='ocrx_word' id='word_1_821' title='bbox 669 5234 810 5289; x_wconf 80' lang='lat' dir='ltr'><strong>cutis</strong></span> <span class='ocrx_word' id='word_1_822' title='bbox 822 5232 979 5288; x_wconf 82' lang='lat' dir='ltr'><strong>faciei</strong></span> <span class='ocrx_word' id='word_1_823' title='bbox 995 5248 1128 5295; x_wconf 69' lang='lat' dir='ltr'><strong>suae,</strong></span> <span class='ocrx_word' id='word_1_824' title='bbox 1145 5231 1273 5285; x_wconf 89' lang='lat' dir='ltr'><strong>dum</strong></span> <span class='ocrx_word' id='word_1_825' title='bbox 1288 5232 1354 5284; x_wconf 90' lang='lat' dir='ltr'><strong>ad</strong></span> <span class='ocrx_word' id='word_1_826' title='bbox 1376 5231 1552 5299; x_wconf 89' lang='lat' dir='ltr'><strong>ipsum</strong></span> <span class='ocrx_word' id='word_1_827' title='bbox 1580 5229 1890 5298; x_wconf 85' lang='lat' dir='ltr'><strong>loqueretur</strong></span> <span class='ocrx_word' id='word_1_828' title='bbox 1928 5247 1940 5281; x_wconf 91' lang='lat'><strong>:</strong></span> <span class='ocrx_word' id='word_1_829' title='bbox 1971 5238 2025 5282; x_wconf 85' lang='lat' dir='ltr'><strong>et</strong></span> 
     </span>
    </p>
   </div>
   <div class='ocr_carea' id='block_1_103' title="bbox 462 5319 2022 5394">
    <p class='ocr_par' dir='ltr' id='par_1_103' title="bbox 462 5319 2022 5394">
     <span class='ocr_line' id='line_1_103' title="bbox 462 5319 2022 5394; baseline -0.004 -15"><span class='ocrx_word' id='word_1_830' title='bbox 462 5329 595 5382; x_wconf 84' lang='lat' dir='ltr'><strong>vidit</strong></span> <span class='ocrx_word' id='word_1_831' title='bbox 648 5327 868 5389; x_wconf 80' lang='lat' dir='ltr'><strong>Aaron,</strong></span> <span class='ocrx_word' id='word_1_832' title='bbox 910 5340 1208 5394; x_wconf 87' lang='lat' dir='ltr'><strong>omnesque</strong></span> <span class='ocrx_word' id='word_1_833' title='bbox 1266 5324 1508 5378; x_wconf 77' lang='lat' dir='ltr'><strong>seniores</strong></span> <span class='ocrx_word' id='word_1_834' title='bbox 1564 5322 1795 5376; x_wconf 80' lang='lat' dir='ltr'><strong>filiorum</strong></span> <span class='ocrx_word' id='word_1_835' title='bbox 1856 5319 2022 5374; x_wconf 83' lang='lat' dir='ltr'><strong>Israel</strong></span> 
     </span>
    </p>
   </div>
   <div class='ocr_carea' id='block_1_104' title="bbox 458 5409 2019 5484">
    <p class='ocr_par' dir='ltr' id='par_1_104' title="bbox 458 5409 2019 5484">
     <span class='ocr_line' id='line_1_104' title="bbox 458 5409 2019 5484; baseline -0.003 -17"><span class='ocrx_word' id='word_1_836' title='bbox 458 5414 641 5472; x_wconf 84' lang='lat' dir='ltr'><strong>Mosen</strong></span> <span class='ocrx_word' id='word_1_837' title='bbox 670 5453 686 5479; x_wconf 96' lang='lat'><strong>,</strong></span> <span class='ocrx_word' id='word_1_838' title='bbox 739 5423 793 5469; x_wconf 89' lang='lat' dir='ltr'><strong>et</strong></span> <span class='ocrx_word' id='word_1_839' title='bbox 840 5422 958 5469; x_wconf 86' lang='lat' dir='ltr'><strong>erat</strong></span> <span class='ocrx_word' id='word_1_840' title='bbox 1007 5414 1340 5484; x_wconf 77' lang='lat' dir='ltr'><strong>glorificatus</strong></span> <span class='ocrx_word' id='word_1_841' title='bbox 1390 5422 1643 5483; x_wconf 87' lang='lat' dir='ltr'><strong>aspectus</strong></span> <span class='ocrx_word' id='word_1_842' title='bbox 1680 5412 1823 5465; x_wconf 90' lang='lat' dir='ltr'><strong>cutis</strong></span> <span class='ocrx_word' id='word_1_843' title='bbox 1863 5409 2019 5463; x_wconf 80' lang='lat' dir='ltr'><strong>faciei</strong></span> 
     </span>
    </p>
   </div>
   <div class='ocr_carea' id='block_1_105' title="bbox 2122 4486 3689 4565">
    <p class='ocr_par' dir='ltr' id='par_1_105' title="bbox 2122 4486 3689 4565">
     <span class='ocr_line' id='line_1_105' title="bbox 2122 4486 3689 4565; baseline -0.004 -18"><span class='ocrx_word' id='word_1_844' title='bbox 2122 4494 2334 4565; x_wconf 81' lang='grc' dir='ltr'>πλήρης</span> <span class='ocrx_word' id='word_1_845' title='bbox 2375 4491 2551 4562; x_wconf 77' lang='grc' dir='ltr'>δόξης.</span> <span class='ocrx_word' id='word_1_846' title='bbox 2589 4491 2899 4562; x_wconf 75' lang='grc' dir='ltr'>Γέγραπται</span> <span class='ocrx_word' id='word_1_847' title='bbox 2943 4490 2985 4542; x_wconf 74' lang='grc' dir='ltr'>δ’</span> <span class='ocrx_word' id='word_1_848' title='bbox 3019 4486 3140 4543; x_wconf 81' lang='grc' dir='ltr'>οὖν·</span> <span class='ocrx_word' id='word_1_849' title='bbox 3191 4507 3211 4539; x_wconf 75' lang='grc' dir='ltr'><strong>ι</strong></span> <span class='ocrx_word' id='word_1_850' title='bbox 3252 4488 3609 4543; x_wconf 75' lang='grc' dir='ltr'>Καταὸαίνων</span> <span class='ocrx_word' id='word_1_851' title='bbox 3646 4489 3689 4541; x_wconf 86' lang='grc' dir='ltr'>δ’</span> 
     </span>
    </p>
   </div>
   <div class='ocr_carea' id='block_1_106' title="bbox 2122 4581 3692 4655">
    <p class='ocr_par' dir='ltr' id='par_1_106' title="bbox 2122 4581 3692 4655">
     <span class='ocr_line' id='line_1_106' title="bbox 2122 4581 3692 4655; baseline -0.004 -16"><span class='ocrx_word' id='word_1_852' title='bbox 2122 4586 2282 4649; x_wconf 81' lang='grc' dir='ltr'>αὐτὸς</span> <span class='ocrx_word' id='word_1_853' title='bbox 2312 4587 2376 4637; x_wconf 84' lang='grc' dir='ltr'>ὲκ</span> <span class='ocrx_word' id='word_1_854' title='bbox 2406 4584 2499 4636; x_wconf 71' lang='grc' dir='ltr'>τοῦ</span> <span class='ocrx_word' id='word_1_855' title='bbox 2522 4584 2679 4655; x_wconf 75' lang='grc' dir='ltr'>ὅρους</span> <span class='ocrx_word' id='word_1_856' title='bbox 2707 4585 2962 4654; x_wconf 82' lang='grc' dir='ltr'>Μωῦσῆς,</span> <span class='ocrx_word' id='word_1_857' title='bbox 2996 4583 3094 4636; x_wconf 87' lang='grc' dir='ltr'><strong>ούκ</strong></span> <span class='ocrx_word' id='word_1_858' title='bbox 3115 4583 3251 4653; x_wconf 76' lang='grc' dir='ltr'>ᾔδει,</span> <span class='ocrx_word' id='word_1_859' title='bbox 3277 4583 3359 4635; x_wconf 80' lang='grc' dir='ltr'>ὅτι</span> <span class='ocrx_word' id='word_1_860' title='bbox 3382 4581 3692 4647; x_wconf 76' lang='grc' dir='ltr'>δεδόξασται</span> 
     </span>
    </p>
   </div>
   <div class='ocr_carea' id='block_1_107' title="bbox 2122 4673 3694 4748">
    <p class='ocr_par' dir='ltr' id='par_1_107' title="bbox 2122 4673 3694 4748">
     <span class='ocr_line' id='line_1_107' title="bbox 2122 4673 3694 4748; baseline -0.004 -17"><span class='ocrx_word' id='word_1_861' title='bbox 2122 4681 2155 4748; x_wconf 80' lang='grc' dir='ltr'>ὴ</span> <span class='ocrx_word' id='word_1_862' title='bbox 2191 4678 2311 4747; x_wconf 61' lang='grc' dir='ltr'>ὄψις</span> <span class='ocrx_word' id='word_1_863' title='bbox 2342 4676 2435 4729; x_wconf 80' lang='grc' dir='ltr'>τοῦ</span> <span class='ocrx_word' id='word_1_864' title='bbox 2466 4677 2672 4747; x_wconf 72' lang='grc' dir='ltr'>χρωτὸς</span> <span class='ocrx_word' id='word_1_865' title='bbox 2705 4675 2796 4731; x_wconf 77' lang='grc' dir='ltr'>τοῦ</span> <span class='ocrx_word' id='word_1_866' title='bbox 2841 4675 3129 4747; x_wconf 81' lang='grc' dir='ltr'>προσώπου</span> <span class='ocrx_word' id='word_1_867' title='bbox 3176 4673 3360 4732; x_wconf 62' lang='grc' dir='ltr'>αὐτοῦ.</span> <span class='ocrx_word' id='word_1_868' title='bbox 3396 4675 3452 4725; x_wconf 84' lang='grc' dir='ltr'>ὲν</span> <span class='ocrx_word' id='word_1_869' title='bbox 3495 4673 3572 4743; x_wconf 77' lang='grc' dir='ltr'><strong>τῷ</strong></span> <span class='ocrx_word' id='word_1_870' title='bbox 3599 4674 3694 4727; x_wconf 85' lang='grc' dir='ltr'>αύ-</span> 
     </span>
    </p>
   </div>
   <div class='ocr_carea' id='block_1_108' title="bbox 2124 4763 3693 4837">
    <p class='ocr_par' dir='ltr' id='par_1_108' title="bbox 2124 4763 3693 4837">
     <span class='ocr_line' id='line_1_108' title="bbox 2124 4763 3693 4837; baseline -0.004 -15"><span class='ocrx_word' id='word_1_871' title='bbox 2124 4769 2217 4822; x_wconf 75' lang='grc' dir='ltr'><strong>τδν</strong></span> <span class='ocrx_word' id='word_1_872' title='bbox 2249 4767 2426 4821; x_wconf 86' lang='grc' dir='ltr'>λαλεῖν</span> <span class='ocrx_word' id='word_1_873' title='bbox 2472 4766 2651 4837; x_wconf 84' lang='grc' dir='ltr'>αύτῷ·</span> <span class='ocrx_word' id='word_1_874' title='bbox 2684 4767 2777 4820; x_wconf 78' lang='grc' dir='ltr'><strong>καὶ</strong></span> <span class='ocrx_word' id='word_1_875' title='bbox 2822 4763 2957 4819; x_wconf 76' lang='grc' dir='ltr'>εἶδεν</span> <span class='ocrx_word' id='word_1_876' title='bbox 2997 4763 3224 4835; x_wconf 77' lang='grc' dir='ltr'>Ἀαρὼν,</span> <span class='ocrx_word' id='word_1_877' title='bbox 3272 4764 3365 4817; x_wconf 73' lang='grc' dir='ltr'><strong>καὶ</strong></span> <span class='ocrx_word' id='word_1_878' title='bbox 3404 4763 3601 4826; x_wconf 88' lang='grc' dir='ltr'>πάντες</span> <span class='ocrx_word' id='word_1_879' title='bbox 3643 4764 3693 4816; x_wconf 82' lang='grc' dir='ltr'>οἱ</span> 
     </span>
    </p>
   </div>
   <div class='ocr_carea' id='block_1_109' title="bbox 2123 4849 3694 4931">
    <p class='ocr_par' dir='ltr' id='par_1_109' title="bbox 2123 4849 3694 4931">
     <span class='ocr_line' id='line_1_109' title="bbox 2123 4849 3694 4931; baseline -0.004 -18"><span class='ocrx_word' id='word_1_880' title='bbox 2123 4859 2480 4931; x_wconf 77' lang='grc' dir='ltr'>πρεσϐύτεροι</span> <span class='ocrx_word' id='word_1_881' title='bbox 2521 4860 2628 4912; x_wconf 82' lang='grc' dir='ltr'><strong>τῶν</strong></span> <span class='ocrx_word' id='word_1_882' title='bbox 2671 4857 2801 4911; x_wconf 79' lang='grc' dir='ltr'>υἱῶν</span> <span class='ocrx_word' id='word_1_883' title='bbox 2840 4856 3051 4927; x_wconf 79' lang='grc' dir='ltr'>Ἰσραὴλ</span> <span class='ocrx_word' id='word_1_884' title='bbox 3084 4855 3172 4908; x_wconf 71' lang='grc' dir='ltr'>τὸν</span> <span class='ocrx_word' id='word_1_885' title='bbox 3205 4855 3460 4925; x_wconf 77' lang='grc' dir='ltr'>Μωῦσῆν,</span> <span class='ocrx_word' id='word_1_886' title='bbox 3496 4855 3588 4907; x_wconf 77' lang='grc' dir='ltr'>καὶ</span> <span class='ocrx_word' id='word_1_887' title='bbox 3625 4849 3694 4926; x_wconf 79' lang='grc' dir='ltr'><strong>ἦν</strong></span> 
     </span>
    </p>
   </div>
   <div class='ocr_carea' id='block_1_110' title="bbox 2120 4946 3694 5021">
    <p class='ocr_par' dir='ltr' id='par_1_110' title="bbox 2120 4946 3694 5021">
     <span class='ocr_line' id='line_1_110' title="bbox 2120 4946 3694 5021; baseline -0.004 -18"><span class='ocrx_word' id='word_1_888' title='bbox 2120 4949 2479 5020; x_wconf 81' lang='grc' dir='ltr'>δεδοξασμένη</span> <span class='ocrx_word' id='word_1_889' title='bbox 2520 4951 2554 5021; x_wconf 80' lang='grc' dir='ltr'>ἡ</span> <span class='ocrx_word' id='word_1_890' title='bbox 2600 4949 2721 5018; x_wconf 59' lang='grc' dir='ltr'>ὄψις</span> <span class='ocrx_word' id='word_1_891' title='bbox 2747 4949 2839 5002; x_wconf 79' lang='grc' dir='ltr'>τοῦ</span> <span class='ocrx_word' id='word_1_892' title='bbox 2875 4949 3079 5019; x_wconf 75' lang='grc' dir='ltr'>χρωτὸς</span> <span class='ocrx_word' id='word_1_893' title='bbox 3123 4946 3212 4999; x_wconf 75' lang='grc' dir='ltr'>τοῦ</span> <span class='ocrx_word' id='word_1_894' title='bbox 3256 4946 3545 5015; x_wconf 80' lang='grc' dir='ltr'>προσώπου</span> <span class='ocrx_word' id='word_1_895' title='bbox 3594 4947 3694 4998; x_wconf 83' lang='grc' dir='ltr'>αὑ-</span> 
     </span>
    </p>
   </div>
   <div class='ocr_carea' id='block_1_111' title="bbox 2123 5038 3696 5109">
    <p class='ocr_par' dir='ltr' id='par_1_111' title="bbox 2123 5038 3696 5109">
     <span class='ocr_line' id='line_1_111' title="bbox 2123 5038 3696 5109; baseline -0.004 -15"><span class='ocrx_word' id='word_1_896' title='bbox 2123 5040 2232 5096; x_wconf 76' lang='grc' dir='ltr'>τοῦ.</span> <span class='ocrx_word' id='word_1_897' title='bbox 2274 5061 2292 5094; x_wconf 69' lang='grc' dir='ltr'><strong>ι</strong></span> <span class='ocrx_word' id='word_1_898' title='bbox 2337 5041 2606 5104; x_wconf 80' lang='grc' dir='ltr'>Ὡσαύτως</span> <span class='ocrx_word' id='word_1_899' title='bbox 2650 5041 2706 5093; x_wconf 82' lang='grc' dir='ltr'>δὲ</span> <span class='ocrx_word' id='word_1_900' title='bbox 2755 5042 2849 5093; x_wconf 68' lang='grc' dir='ltr'>καὶ</span> <span class='ocrx_word' id='word_1_901' title='bbox 2889 5039 3021 5090; x_wconf 77' lang='grc' dir='ltr'>πολὺ</span> <span class='ocrx_word' id='word_1_902' title='bbox 3056 5038 3410 5109; x_wconf 70' lang='grc' dir='ltr'>διαφερόντως</span> <span class='ocrx_word' id='word_1_903' title='bbox 3441 5040 3469 5091; x_wconf 91' lang='lat'><strong>6</strong></span> <span class='ocrx_word' id='word_1_904' title='bbox 3501 5038 3696 5107; x_wconf 77' lang='grc' dir='ltr'>ἡμέτε-</span> 
     </span>
    </p>
   </div>
   <div class='ocr_carea' id='block_1_112' title="bbox 2128 5129 3695 5204">
    <p class='ocr_par' dir='ltr' id='par_1_112' title="bbox 2128 5129 3695 5204">
     <span class='ocr_line' id='line_1_112' title="bbox 2128 5129 3695 5204; baseline -0.003 -18"><span class='ocrx_word' id='word_1_905' title='bbox 2128 5149 2217 5203; x_wconf 90' lang='grc' dir='ltr'><strong>ρος</strong></span> <span class='ocrx_word' id='word_1_906' title='bbox 2239 5134 2451 5204; x_wconf 79' lang='grc' dir='ltr'>Σωτὴρ,</span> <span class='ocrx_word' id='word_1_907' title='bbox 2482 5130 2771 5200; x_wconf 84' lang='grc' dir='ltr'>ἀναγαγὼν</span> <span class='ocrx_word' id='word_1_908' title='bbox 2804 5133 2929 5193; x_wconf 72' lang='grc' dir='ltr'>τοὺς</span> <span class='ocrx_word' id='word_1_909' title='bbox 2962 5130 3153 5183; x_wconf 76' lang='grc' dir='ltr'>ἑαυτοῦ</span> <span class='ocrx_word' id='word_1_910' title='bbox 3188 5130 3430 5201; x_wconf 79' lang='grc' dir='ltr'>μαθητὰς</span> <span class='ocrx_word' id='word_1_911' title='bbox 3460 5132 3539 5193; x_wconf 88' lang='grc' dir='ltr'><strong>είς</strong></span> <span class='ocrx_word' id='word_1_912' title='bbox 3570 5129 3695 5201; x_wconf 77' lang='grc' dir='ltr'>ὅρος</span> 
     </span>
    </p>
   </div>
   <div class='ocr_carea' id='block_1_113' title="bbox 2129 5221 3697 5295">
    <p class='ocr_par' dir='ltr' id='par_1_113' title="bbox 2129 5221 3697 5295">
     <span class='ocr_line' id='line_1_113' title="bbox 2129 5221 3697 5295; baseline -0.003 -18"><span class='ocrx_word' id='word_1_913' title='bbox 2129 5224 2329 5295; x_wconf 70' lang='grc' dir='ltr'>ὑψηλὸν</span> <span class='ocrx_word' id='word_1_914' title='bbox 2382 5224 2520 5287; x_wconf 88' lang='grc' dir='ltr'>λίαν,</span> <span class='ocrx_word' id='word_1_915' title='bbox 2565 5222 2962 5293; x_wconf 68' lang='grc' dir='ltr'>μετεμορφώθη</span> <span class='ocrx_word' id='word_1_916' title='bbox 3013 5222 3317 5294; x_wconf 75' lang='grc' dir='ltr'>ἔμπροσθεν</span> <span class='ocrx_word' id='word_1_917' title='bbox 3359 5221 3554 5285; x_wconf 80' lang='grc' dir='ltr'>αὐτῶν,</span> <span class='ocrx_word' id='word_1_918' title='bbox 3602 5221 3697 5275; x_wconf 76' lang='grc' dir='ltr'>καὶ</span> 
     </span>
    </p>
   </div>
   <div class='ocr_carea' id='block_1_114' title="bbox 2114 5313 3697 5386">
    <p class='ocr_par' dir='ltr' id='par_1_114' title="bbox 2114 5313 3697 5386">
     <span class='ocr_line' id='line_1_114' title="bbox 2114 5313 3697 5386; baseline -0.003 -17"><span class='ocrx_word' id='word_1_919' title='bbox 2114 5316 2335 5386; x_wconf 59' lang='grc' dir='ltr'>,ἔλαμψε</span> <span class='ocrx_word' id='word_1_920' title='bbox 2363 5317 2423 5369; x_wconf 84' lang='grc' dir='ltr'><strong>τὸ</strong></span> <span class='ocrx_word' id='word_1_921' title='bbox 2457 5315 2742 5385; x_wconf 90' lang='grc' dir='ltr'>πρόσωπον</span> <span class='ocrx_word' id='word_1_922' title='bbox 2771 5315 2933 5368; x_wconf 77' lang='grc' dir='ltr'>αὐτοῦ</span> <span class='ocrx_word' id='word_1_923' title='bbox 2967 5315 3041 5378; x_wconf 84' lang='grc' dir='ltr'>ὡς</span> <span class='ocrx_word' id='word_1_924' title='bbox 3073 5316 3101 5367; x_wconf 92' lang='lat'><strong>6</strong></span> <span class='ocrx_word' id='word_1_925' title='bbox 3130 5314 3299 5385; x_wconf 67' lang='grc' dir='ltr'>ἥλιος,</span> <span class='ocrx_word' id='word_1_926' title='bbox 3326 5313 3393 5366; x_wconf 80' lang='grc' dir='ltr'>τὰ</span> <span class='ocrx_word' id='word_1_927' title='bbox 3423 5313 3478 5366; x_wconf 84' lang='grc' dir='ltr'>δὲ</span> <span class='ocrx_word' id='word_1_928' title='bbox 3511 5313 3697 5382; x_wconf 79' lang='grc' dir='ltr'>ἱμάτια</span> 
     </span>
    </p>
   </div>
   <div class='ocr_carea' id='block_1_115' title="bbox 2126 5404 3697 5477">
    <p class='ocr_par' dir='ltr' id='par_1_115' title="bbox 2126 5404 3697 5477">
     <span class='ocr_line' id='line_1_115' title="bbox 2126 5404 3697 5477; baseline -0.003 -17"><span class='ocrx_word' id='word_1_929' title='bbox 2126 5407 2290 5462; x_wconf 80' lang='grc' dir='ltr'>αὐτοῦ</span> <span class='ocrx_word' id='word_1_930' title='bbox 2325 5408 2537 5476; x_wconf 78' lang='grc' dir='ltr'>ἐγένετο</span> <span class='ocrx_word' id='word_1_931' title='bbox 2568 5405 2736 5459; x_wconf 77' lang='grc' dir='ltr'>λευκὰ</span> <span class='ocrx_word' id='word_1_932' title='bbox 2774 5407 2848 5470; x_wconf 85' lang='grc' dir='ltr'>ὼς</span> <span class='ocrx_word' id='word_1_933' title='bbox 2880 5408 2940 5461; x_wconf 86' lang='grc' dir='ltr'><strong>τὸ</strong></span> <span class='ocrx_word' id='word_1_934' title='bbox 2964 5407 3096 5477; x_wconf 75' lang='grc' dir='ltr'><strong>φῶς.</strong></span> <span class='ocrx_word' id='word_1_935' title='bbox 3145 5407 3312 5461; x_wconf 87' lang='grc' dir='ltr'>Πάλιν</span> <span class='ocrx_word' id='word_1_936' title='bbox 3339 5405 3575 5475; x_wconf 78' lang='grc' dir='ltr'>Μωῦσῆς</span> <span class='ocrx_word' id='word_1_937' title='bbox 3607 5404 3697 5457; x_wconf 87' lang='grc' dir='ltr'>λε-</span> 
     </span>
    </p>
   </div>
   <div class='ocr_carea' id='block_1_116' title="bbox 529 5627 3696 5702">
    <p class='ocr_par' dir='ltr' id='par_1_116' title="bbox 529 5627 3696 5702">
     <span class='ocr_line' id='line_1_116' title="bbox 529 5627 3696 5702; baseline -0.003 -8"><span class='ocrx_word' id='word_1_938' title='bbox 529 5644 545 5673; x_wconf 89' lang='grc'>¹</span> <span class='ocrx_word' id='word_1_939' title='bbox 577 5641 742 5696; x_wconf 74' lang='lat' dir='ltr'><strong>Exod.</strong></span> <span class='ocrx_word' id='word_1_940' title='bbox 776 5655 962 5702; x_wconf 80' lang='lat' dir='ltr'><strong>xxxw,</strong></span> <span class='ocrx_word' id='word_1_941' title='bbox 993 5639 1083 5693; x_wconf 72' lang='lat'><strong>28.</strong></span> <span class='ocrx_word' id='word_1_942' title='bbox 1158 5641 1179 5671; x_wconf 79' lang='grc'>¹</span> <span class='ocrx_word' id='word_1_943' title='bbox 1210 5639 1339 5693; x_wconf 85' lang='lat' dir='ltr'><strong>an.</strong></span> <span class='ocrx_word' id='word_1_944' title='bbox 1374 5654 1444 5698; x_wconf 87' lang='lat' dir='ltr'><strong>Iv,</strong></span> <span class='ocrx_word' id='word_1_945' title='bbox 1476 5637 1588 5691; x_wconf 76' lang='grc'><strong>1-2.</strong></span> <span class='ocrx_word' id='word_1_946' title='bbox 1663 5638 1682 5668; x_wconf 88' lang='grc'><em>³</em></span> <span class='ocrx_word' id='word_1_947' title='bbox 1711 5635 1879 5690; x_wconf 70' lang='lat' dir='ltr'><strong>Exod.</strong></span> <span class='ocrx_word' id='word_1_948' title='bbox 1913 5651 2024 5698; x_wconf 76' lang='lat' dir='ltr'><strong>xvu,</strong></span> <span class='ocrx_word' id='word_1_949' title='bbox 2062 5633 2113 5686; x_wconf 79' lang='grc'><strong>5.</strong></span> <span class='ocrx_word' id='word_1_950' title='bbox 2195 5632 2214 5663; x_wconf 76' lang='grc'><strong>⁴</strong></span> <span class='ocrx_word' id='word_1_951' title='bbox 2238 5630 2372 5685; x_wconf 84' lang='lat' dir='ltr'><strong>Ibid.</strong></span> <span class='ocrx_word' id='word_1_952' title='bbox 2408 5631 2642 5702; x_wconf 19' lang='lat'><strong>15,”:</strong></span> <span class='ocrx_word' id='word_1_953' title='bbox 2670 5634 2690 5664; x_wconf 85' lang='grc'><strong>⁸</strong></span> <span class='ocrx_word' id='word_1_954' title='bbox 2726 5631 2915 5686; x_wconf 85' lang='lat' dir='ltr'><strong>Matth.</strong></span> <span class='ocrx_word' id='word_1_955' title='bbox 2953 5645 3066 5702; x_wconf 66' lang='lat' dir='ltr'><strong>ut,</strong></span> <span class='ocrx_word' id='word_1_956' title='bbox 3090 5629 3249 5702; x_wconf 63' lang='grc' dir='ltr'><strong>βου).</strong></span> <span class='ocrx_word' id='word_1_957' title='bbox 3328 5629 3348 5658; x_wconf 77' lang='grc'>⁸</span> <span class='ocrx_word' id='word_1_958' title='bbox 3379 5627 3550 5702; x_wconf 64' lang='lat' dir='ltr'><strong>Exod.</strong></span> <span class='ocrx_word' id='word_1_959' title='bbox 3583 5642 3696 5693; x_wconf 72' lang='lat' dir='ltr'><strong>XIV,</strong></span> 
     </span>
    </p>
   </div>
   <div class='ocr_carea' id='block_1_117' title="bbox 459 5698 3496 5776">
    <p class='ocr_par' dir='ltr' id='par_1_117' title="bbox 459 5698 3496 5776">
     <span class='ocr_line' id='line_1_117' title="bbox 459 5698 3496 5776; baseline -0.004 -10"><span class='ocrx_word' id='word_1_960' title='bbox 459 5711 646 5775; x_wconf 72' lang='lat'><strong>2|,‘22.</strong></span> <span class='ocrx_word' id='word_1_961' title='bbox 724 5712 744 5742; x_wconf 84' lang='lat'><strong>&#39;</strong></span> <span class='ocrx_word' id='word_1_962' title='bbox 773 5698 962 5765; x_wconf 69' lang='lat' dir='ltr'><strong>Matth.</strong></span> <span class='ocrx_word' id='word_1_963' title='bbox 987 5726 1095 5773; x_wconf 78' lang='lat' dir='ltr'><strong>xiv,</strong></span> <span class='ocrx_word' id='word_1_964' title='bbox 1121 5708 1211 5776; x_wconf 72' lang='lat'><strong>25,</strong></span> <span class='ocrx_word' id='word_1_965' title='bbox 1235 5709 1324 5764; x_wconf 70' lang='lat' dir='ltr'><strong>2t}.</strong></span> <span class='ocrx_word' id='word_1_966' title='bbox 1402 5709 1422 5741; x_wconf 79' lang='lat'>&#39;</span> <span class='ocrx_word' id='word_1_967' title='bbox 1450 5708 1584 5763; x_wconf 88' lang='lat' dir='ltr'><strong>Ibid.</strong></span> <span class='ocrx_word' id='word_1_968' title='bbox 1610 5706 1792 5774; x_wconf 71' lang='lat'><strong>28,29.</strong></span> <span class='ocrx_word' id='word_1_969' title='bbox 1870 5706 1890 5736; x_wconf 80' lang='lat'><strong>’</strong></span> <span class='ocrx_word' id='word_1_970' title='bbox 1914 5704 2081 5758; x_wconf 75' lang='lat' dir='ltr'><strong>Exod.</strong></span> <span class='ocrx_word' id='word_1_971' title='bbox 2118 5719 2226 5769; x_wconf 77' lang='lat' dir='ltr'><strong>xiv,</strong></span> <span class='ocrx_word' id='word_1_972' title='bbox 2251 5702 2440 5770; x_wconf 62' lang='lat' dir='ltr'><strong>ilﬂﬁ.</strong></span> <span class='ocrx_word' id='word_1_973' title='bbox 2520 5703 2563 5734; x_wconf 86' lang='grc'>¹⁰</span> <span class='ocrx_word' id='word_1_974' title='bbox 2599 5701 2786 5757; x_wconf 83' lang='lat' dir='ltr'><strong>Matth.</strong></span> <span class='ocrx_word' id='word_1_975' title='bbox 2813 5701 3054 5762; x_wconf 59' lang='lat'><strong>“11,26;</strong></span> <span class='ocrx_word' id='word_1_976' title='bbox 3089 5698 3220 5755; x_wconf 84' lang='lat' dir='ltr'><strong>Luc.</strong></span> <span class='ocrx_word' id='word_1_977' title='bbox 3257 5714 3372 5759; x_wconf 86' lang='lat' dir='ltr'><strong>vm,</strong></span> <span class='ocrx_word' id='word_1_978' title='bbox 3405 5698 3496 5754; x_wconf 66' lang='lat'><strong>26.</strong></span> 
     </span>
    </p>
   </div>
  </div>
