  <div class='ocr_page' id='page_1' title='image "/cluster/home/n/w/nwhite01/storage/ocr_20150623/22:no.4/coo.31924054873025/100.png"; bbox 0 0 4126 6412; ppageno 0'>
   <div class='ocr_carea' id='block_1_1' title="bbox 345 355 447 408">
    <p class='ocr_par' dir='ltr' id='par_1_1' title="bbox 345 355 447 408">
     <span class='ocr_line' id='line_1_1' title="bbox 345 355 447 408; baseline 0.01 -1"><span class='ocrx_word' id='word_1_1' title='bbox 345 355 447 408; x_wconf 67' lang='grc' dir='ltr'>ιτὸ</span> 
     </span>
    </p>
   </div>
   <div class='ocr_carea' id='block_1_2' title="bbox 1185 346 2706 412">
    <p class='ocr_par' dir='ltr' id='par_1_2' title="bbox 1185 346 2706 412">
     <span class='ocr_line' id='line_1_2' title="bbox 1185 346 2706 412; baseline -0.005 -1"><span class='ocrx_word' id='word_1_2' title='bbox 1185 407 1188 412; x_wconf 88' lang='grc'><strong>.</strong></span> <span class='ocrx_word' id='word_1_3' title='bbox 1244 348 1899 409; x_wconf 81' lang='lat' dir='ltr'><strong>DEMONSTRATIONIS</strong></span> <span class='ocrx_word' id='word_1_4' title='bbox 1944 346 2400 407; x_wconf 66' lang='lat' dir='ltr'><strong>EVANGELICE</strong></span> <span class='ocrx_word' id='word_1_5' title='bbox 2441 351 2572 405; x_wconf 86' lang='lat' dir='ltr'><strong>LIB.</strong></span> <span class='ocrx_word' id='word_1_6' title='bbox 2618 353 2706 404; x_wconf 91' lang='lat' dir='ltr'><strong>III.</strong></span> 
     </span>
    </p>
   </div>
   <div class='ocr_carea' id='block_1_3' title="bbox 341 460 1918 538">
    <p class='ocr_par' dir='ltr' id='par_1_3' title="bbox 341 463 1902 538">
     <span class='ocr_line' id='line_1_3' title="bbox 341 463 1902 538; baseline 0.001 -22"><span class='ocrx_word' id='word_1_7' title='bbox 341 464 475 534; x_wconf 82' lang='grc' dir='ltr'>πρὸν</span> <span class='ocrx_word' id='word_1_8' title='bbox 509 465 820 538; x_wconf 88' lang='grc' dir='ltr'>ἐκαθάρισε.</span> <span class='ocrx_word' id='word_1_9' title='bbox 853 465 1161 538; x_wconf 81' lang='grc' dir='ltr'><strong>Γέγραπται</strong></span> <span class='ocrx_word' id='word_1_10' title='bbox 1193 467 1236 520; x_wconf 87' lang='grc' dir='ltr'>δ’</span> <span class='ocrx_word' id='word_1_11' title='bbox 1271 463 1362 520; x_wconf 81' lang='grc' dir='ltr'><strong>οὖν</strong></span> <span class='ocrx_word' id='word_1_12' title='bbox 1382 484 1394 496; x_wconf 92' lang='grc'><strong>·</strong></span> <span class='ocrx_word' id='word_1_13' title='bbox 1440 487 1458 516; x_wconf 76' lang='grc' dir='ltr'><strong>ι</strong></span> <span class='ocrx_word' id='word_1_14' title='bbox 1500 467 1610 518; x_wconf 85' lang='lat' dir='ltr'><strong>Kal.</strong></span> <span class='ocrx_word' id='word_1_15' title='bbox 1646 466 1752 519; x_wconf 77' lang='grc' dir='ltr'>ἰδοὺ</span> <span class='ocrx_word' id='word_1_16' title='bbox 1782 467 1902 518; x_wconf 85' lang='grc' dir='ltr'><strong>Μα-</strong></span> 
     </span>
    </p>
   </div>
   <div class='ocr_carea' id='block_1_4' title="bbox 2018 460 3592 538">
    <p class='ocr_par' dir='ltr' id='par_1_4' title="bbox 2018 460 3592 532">
     <span class='ocr_line' id='line_1_4' title="bbox 2018 460 3592 532; baseline -0.001 -15"><span class='ocrx_word' id='word_1_17' title='bbox 2018 465 2126 532; x_wconf 69' lang='lat' dir='ltr'><strong>ejus</strong></span> <span class='ocrx_word' id='word_1_18' title='bbox 2158 465 2222 518; x_wconf 83' lang='lat'><strong>“.</strong></span> <span class='ocrx_word' id='word_1_19' title='bbox 2255 483 2274 516; x_wconf 77' lang='grc' dir='ltr'><strong>ι</strong></span> <span class='ocrx_word' id='word_1_20' title='bbox 2311 461 2485 517; x_wconf 84' lang='lat' dir='ltr'><strong>Simili</strong></span> <span class='ocrx_word' id='word_1_21' title='bbox 2511 463 2742 527; x_wconf 82' lang='lat' dir='ltr'><strong>ratione,</strong></span> <span class='ocrx_word' id='word_1_22' title='bbox 2774 467 2828 516; x_wconf 90' lang='lat' dir='ltr'><strong>et</strong></span> <span class='ocrx_word' id='word_1_23' title='bbox 2864 461 3025 532; x_wconf 90' lang='lat' dir='ltr'><strong>longe</strong></span> <span class='ocrx_word' id='word_1_24' title='bbox 3071 460 3290 524; x_wconf 77' lang='lat' dir='ltr'><strong>quidem</strong></span> <span class='ocrx_word' id='word_1_25' title='bbox 3319 462 3592 516; x_wconf 73' lang='lat' dir='ltr'><strong>excellen—</strong></span> 
     </span>
    </p>
   </div>
   <div class='ocr_carea' id='block_1_5' title="bbox 345 556 1916 631">
    <p class='ocr_par' dir='ltr' id='par_1_5' title="bbox 345 556 1916 631">
     <span class='ocr_line' id='line_1_5' title="bbox 345 556 1916 631; baseline 0 -23"><span class='ocrx_word' id='word_1_26' title='bbox 345 557 433 626; x_wconf 88' lang='grc' dir='ltr'><strong>ρία</strong></span> <span class='ocrx_word' id='word_1_27' title='bbox 471 556 724 628; x_wconf 85' lang='grc' dir='ltr'>λεπρῶσα</span> <span class='ocrx_word' id='word_1_28' title='bbox 771 559 901 611; x_wconf 81' lang='grc' dir='ltr'>ὡσεὶ</span> <span class='ocrx_word' id='word_1_29' title='bbox 942 559 1092 629; x_wconf 84' lang='grc' dir='ltr'>χιών.</span> <span class='ocrx_word' id='word_1_30' title='bbox 1137 580 1154 610; x_wconf 84' lang='grc'><strong>›</strong></span> <span class='ocrx_word' id='word_1_31' title='bbox 1208 561 1316 614; x_wconf 81' lang='grc' dir='ltr'>Καὶ</span> <span class='ocrx_word' id='word_1_32' title='bbox 1354 561 1469 631; x_wconf 88' lang='grc' dir='ltr'>μετ’</span> <span class='ocrx_word' id='word_1_33' title='bbox 1507 558 1694 627; x_wconf 80' lang='grc' dir='ltr'><strong>ὀλίγα·</strong></span> <span class='ocrx_word' id='word_1_34' title='bbox 1743 575 1761 608; x_wconf 79' lang='grc' dir='ltr'><strong>ι</strong></span> <span class='ocrx_word' id='word_1_35' title='bbox 1804 558 1916 610; x_wconf 82' lang='lat' dir='ltr'><strong>Kal.</strong></span> 
     </span>
    </p>
   </div>
   <div class='ocr_carea' id='block_1_6' title="bbox 341 648 1916 722">
    <p class='ocr_par' dir='ltr' id='par_1_6' title="bbox 341 648 1916 722">
     <span class='ocr_line' id='line_1_6' title="bbox 341 648 1916 722; baseline 0 -22"><span class='ocrx_word' id='word_1_36' title='bbox 341 648 532 718; x_wconf 76' lang='grc' dir='ltr'>ἐϐόησε</span> <span class='ocrx_word' id='word_1_37' title='bbox 559 651 794 719; x_wconf 79' lang='grc' dir='ltr'>Μωῦσῆς</span> <span class='ocrx_word' id='word_1_38' title='bbox 838 650 972 718; x_wconf 83' lang='grc' dir='ltr'>πρὸς</span> <span class='ocrx_word' id='word_1_39' title='bbox 1011 651 1235 722; x_wconf 79' lang='grc' dir='ltr'><strong>Κύριον,</strong></span> <span class='ocrx_word' id='word_1_40' title='bbox 1271 652 1443 718; x_wconf 84' lang='grc' dir='ltr'>λέγων</span> <span class='ocrx_word' id='word_1_41' title='bbox 1467 667 1479 680; x_wconf 88' lang='grc'><strong>·</strong></span> <span class='ocrx_word' id='word_1_42' title='bbox 1522 651 1579 703; x_wconf 85' lang='lat'><strong>&#39;0</strong></span> <span class='ocrx_word' id='word_1_43' title='bbox 1613 649 1765 712; x_wconf 84' lang='grc' dir='ltr'><strong>Θεὸς,</strong></span> <span class='ocrx_word' id='word_1_44' title='bbox 1797 648 1916 701; x_wconf 89' lang='grc' dir='ltr'>δέο-</span> 
     </span>
    </p>
   </div>
   <div class='ocr_carea' id='block_1_7' title="bbox 345 740 1914 812">
    <p class='ocr_par' dir='ltr' id='par_1_7' title="bbox 345 740 1914 812">
     <span class='ocr_line' id='line_1_7' title="bbox 345 740 1914 812; baseline -0.001 -20"><span class='ocrx_word' id='word_1_45' title='bbox 345 757 462 810; x_wconf 84' lang='grc' dir='ltr'>μαι,</span> <span class='ocrx_word' id='word_1_46' title='bbox 498 740 642 794; x_wconf 79' lang='grc' dir='ltr'>ἴασαι</span> <span class='ocrx_word' id='word_1_47' title='bbox 667 742 854 810; x_wconf 83' lang='grc' dir='ltr'>αὑτήν.</span> <span class='ocrx_word' id='word_1_48' title='bbox 889 761 907 794; x_wconf 66' lang='grc' dir='ltr'><strong>ι</strong></span> <span class='ocrx_word' id='word_1_49' title='bbox 947 742 1216 805; x_wconf 83' lang='grc' dir='ltr'><strong>Ὡσαύτως</strong></span> <span class='ocrx_word' id='word_1_50' title='bbox 1242 742 1296 795; x_wconf 86' lang='grc' dir='ltr'>δὲ</span> <span class='ocrx_word' id='word_1_51' title='bbox 1323 743 1415 795; x_wconf 78' lang='grc' dir='ltr'>καὶ</span> <span class='ocrx_word' id='word_1_52' title='bbox 1447 741 1655 812; x_wconf 75' lang='grc' dir='ltr'>μείζονι</span> <span class='ocrx_word' id='word_1_53' title='bbox 1687 741 1914 809; x_wconf 80' lang='grc' dir='ltr'><strong>δυνάμει</strong></span> 
     </span>
    </p>
   </div>
   <div class='ocr_carea' id='block_1_8' title="bbox 342 831 1914 904">
    <p class='ocr_par' dir='ltr' id='par_1_8' title="bbox 342 831 1914 904">
     <span class='ocr_line' id='line_1_8' title="bbox 342 831 1914 904; baseline 0 -20"><span class='ocrx_word' id='word_1_54' title='bbox 342 831 587 898; x_wconf 81' lang='grc' dir='ltr'>ἐξουσίας</span> <span class='ocrx_word' id='word_1_55' title='bbox 634 833 662 883; x_wconf 90' lang='lat'><strong>6</strong></span> <span class='ocrx_word' id='word_1_56' title='bbox 705 833 939 903; x_wconf 84' lang='grc' dir='ltr'>Χριστὸς</span> <span class='ocrx_word' id='word_1_57' title='bbox 991 833 1086 886; x_wconf 88' lang='grc' dir='ltr'><strong>τοῦ</strong></span> <span class='ocrx_word' id='word_1_58' title='bbox 1133 833 1289 896; x_wconf 90' lang='grc' dir='ltr'>Θεοῦ,</span> <span class='ocrx_word' id='word_1_59' title='bbox 1331 833 1719 904; x_wconf 80' lang='grc' dir='ltr'>προσελθόντος</span> <span class='ocrx_word' id='word_1_60' title='bbox 1764 831 1914 901; x_wconf 82' lang='grc' dir='ltr'>αὐτῷ</span> 
     </span>
    </p>
   </div>
   <div class='ocr_carea' id='block_1_9' title="bbox 343 922 1916 998">
    <p class='ocr_par' dir='ltr' id='par_1_9' title="bbox 343 922 1916 998">
     <span class='ocr_line' id='line_1_9' title="bbox 343 922 1916 998; baseline 0.001 -24"><span class='ocrx_word' id='word_1_61' title='bbox 343 922 542 994; x_wconf 84' lang='grc' dir='ltr'>λεπροῦ</span> <span class='ocrx_word' id='word_1_62' title='bbox 569 924 658 975; x_wconf 81' lang='grc' dir='ltr'>καὶ</span> <span class='ocrx_word' id='word_1_63' title='bbox 675 926 962 992; x_wconf 79' lang='grc' dir='ltr'>φήσαντος,</span> <span class='ocrx_word' id='word_1_64' title='bbox 991 943 1012 975; x_wconf 73' lang='grc' dir='ltr'><strong>ι</strong></span> <span class='ocrx_word' id='word_1_65' title='bbox 1036 924 1159 978; x_wconf 76' lang='grc' dir='ltr'><strong>Ἐὰν</strong></span> <span class='ocrx_word' id='word_1_66' title='bbox 1176 925 1355 998; x_wconf 81' lang='grc' dir='ltr'><strong>θέλῃς,</strong></span> <span class='ocrx_word' id='word_1_67' title='bbox 1389 924 1608 978; x_wconf 86' lang='grc' dir='ltr'>δύνασαί</span> <span class='ocrx_word' id='word_1_68' title='bbox 1645 941 1711 994; x_wconf 89' lang='grc' dir='ltr'><strong>με</strong></span> <span class='ocrx_word' id='word_1_69' title='bbox 1747 924 1916 977; x_wconf 74' lang='grc' dir='ltr'>καθαο</span> 
     </span>
    </p>
   </div>
   <div class='ocr_carea' id='block_1_10' title="bbox 346 1013 1916 1087">
    <p class='ocr_par' dir='ltr' id='par_1_10' title="bbox 346 1013 1916 1087">
     <span class='ocr_line' id='line_1_10' title="bbox 346 1013 1916 1087; baseline 0.001 -21"><span class='ocrx_word' id='word_1_70' title='bbox 346 1014 511 1084; x_wconf 89' lang='grc' dir='ltr'>ρίσαι,</span> <span class='ocrx_word' id='word_1_71' title='bbox 566 1015 929 1084; x_wconf 74' lang='grc' dir='ltr'>ἀπεκρίνατοο</span> <span class='ocrx_word' id='word_1_72' title='bbox 975 1017 1143 1078; x_wconf 85' lang='grc' dir='ltr'>Θέλω,</span> <span class='ocrx_word' id='word_1_73' title='bbox 1179 1015 1567 1087; x_wconf 71' lang='grc' dir='ltr'>καθαρίσθητιο</span> <span class='ocrx_word' id='word_1_74' title='bbox 1602 1017 1691 1068; x_wconf 78' lang='grc' dir='ltr'>καὶ</span> <span class='ocrx_word' id='word_1_75' title='bbox 1716 1013 1916 1068; x_wconf 72' lang='grc' dir='ltr'>ἐκαθαει</span> 
     </span>
    </p>
   </div>
   <div class='ocr_carea' id='block_1_11' title="bbox 347 1105 1916 1179">
    <p class='ocr_par' dir='ltr' id='par_1_11' title="bbox 347 1105 1916 1179">
     <span class='ocr_line' id='line_1_11' title="bbox 347 1105 1916 1179; baseline 0.001 -21"><span class='ocrx_word' id='word_1_76' title='bbox 347 1105 502 1176; x_wconf 87' lang='grc' dir='ltr'>ρίσθη</span> <span class='ocrx_word' id='word_1_77' title='bbox 564 1106 730 1158; x_wconf 78' lang='grc' dir='ltr'>αὐτοῦ</span> <span class='ocrx_word' id='word_1_78' title='bbox 782 1107 1043 1179; x_wconf 85' lang='grc' dir='ltr'>ήλέπρα.</span> <span class='ocrx_word' id='word_1_79' title='bbox 1090 1127 1108 1159; x_wconf 74' lang='grc' dir='ltr'><strong>ι</strong></span> <span class='ocrx_word' id='word_1_80' title='bbox 1162 1109 1329 1162; x_wconf 80' lang='grc' dir='ltr'>Πάλιν</span> <span class='ocrx_word' id='word_1_81' title='bbox 1384 1107 1621 1177; x_wconf 83' lang='grc' dir='ltr'><strong>Μωῦσῆς</strong></span> <span class='ocrx_word' id='word_1_82' title='bbox 1669 1107 1916 1178; x_wconf 78' lang='grc' dir='ltr'><strong>δακτύλῳ</strong></span> 
     </span>
    </p>
   </div>
   <div class='ocr_carea' id='block_1_12' title="bbox 344 1196 1914 1271">
    <p class='ocr_par' dir='ltr' id='par_1_12' title="bbox 344 1196 1914 1271">
     <span class='ocr_line' id='line_1_12' title="bbox 344 1196 1914 1271; baseline 0.004 -24"><span class='ocrx_word' id='word_1_83' title='bbox 344 1197 474 1248; x_wconf 79' lang='grc' dir='ltr'>Θεοῦ</span> <span class='ocrx_word' id='word_1_84' title='bbox 498 1198 663 1269; x_wconf 80' lang='grc' dir='ltr'>ἔφησε</span> <span class='ocrx_word' id='word_1_85' title='bbox 690 1199 781 1251; x_wconf 89' lang='grc' dir='ltr'><strong>τὸν</strong></span> <span class='ocrx_word' id='word_1_86' title='bbox 823 1199 986 1270; x_wconf 87' lang='grc' dir='ltr'>νόμον</span> <span class='ocrx_word' id='word_1_87' title='bbox 1019 1200 1343 1270; x_wconf 75' lang='grc' dir='ltr'><strong>γεγράφθαι.</strong></span> <span class='ocrx_word' id='word_1_88' title='bbox 1380 1201 1692 1271; x_wconf 83' lang='grc' dir='ltr'>Γέγραπται</span> <span class='ocrx_word' id='word_1_89' title='bbox 1720 1201 1762 1253; x_wconf 78' lang='grc' dir='ltr'>δ’</span> <span class='ocrx_word' id='word_1_90' title='bbox 1796 1196 1914 1254; x_wconf 79' lang='grc' dir='ltr'>οὖν’</span> 
     </span>
    </p>
   </div>
   <div class='ocr_carea' id='block_1_13' title="bbox 348 1287 1916 1358">
    <p class='ocr_par' dir='ltr' id='par_1_13' title="bbox 348 1287 1916 1358">
     <span class='ocr_line' id='line_1_13' title="bbox 348 1287 1916 1358; baseline 0.001 -20"><span class='ocrx_word' id='word_1_91' title='bbox 348 1305 368 1338; x_wconf 75' lang='grc' dir='ltr'><strong>σ</strong></span> <span class='ocrx_word' id='word_1_92' title='bbox 413 1288 522 1340; x_wconf 82' lang='lat' dir='ltr'><strong>Kal.</strong></span> <span class='ocrx_word' id='word_1_93' title='bbox 567 1288 733 1342; x_wconf 75' lang='grc' dir='ltr'>ἔδωκε</span> <span class='ocrx_word' id='word_1_94' title='bbox 777 1288 854 1358; x_wconf 79' lang='grc' dir='ltr'><strong>τῷ</strong></span> <span class='ocrx_word' id='word_1_95' title='bbox 903 1291 1145 1351; x_wconf 83' lang='grc' dir='ltr'>Μωῦσεῖ,</span> <span class='ocrx_word' id='word_1_96' title='bbox 1193 1288 1354 1358; x_wconf 76' lang='grc' dir='ltr'>ἡνίκα</span> <span class='ocrx_word' id='word_1_97' title='bbox 1400 1288 1709 1342; x_wconf 82' lang='grc' dir='ltr'>κατέπαυσε</span> <span class='ocrx_word' id='word_1_98' title='bbox 1741 1287 1916 1342; x_wconf 87' lang='grc' dir='ltr'>λαλῶν</span> 
     </span>
    </p>
   </div>
   <div class='ocr_carea' id='block_1_14' title="bbox 340 1379 1920 1453">
    <p class='ocr_par' dir='ltr' id='par_1_14' title="bbox 340 1379 1920 1453">
     <span class='ocr_line' id='line_1_14' title="bbox 340 1379 1920 1453; baseline 0 -21"><span class='ocrx_word' id='word_1_99' title='bbox 340 1379 487 1449; x_wconf 82' lang='grc' dir='ltr'><strong>αὐτῴ</strong></span> <span class='ocrx_word' id='word_1_100' title='bbox 529 1383 584 1433; x_wconf 81' lang='grc' dir='ltr'><strong>ἐν</strong></span> <span class='ocrx_word' id='word_1_101' title='bbox 613 1380 691 1450; x_wconf 83' lang='grc' dir='ltr'>τῷ</span> <span class='ocrx_word' id='word_1_102' title='bbox 727 1381 842 1453; x_wconf 74' lang='grc' dir='ltr'>ὄρει</span> <span class='ocrx_word' id='word_1_103' title='bbox 877 1382 1024 1445; x_wconf 80' lang='grc' dir='ltr'>Σινᾶ,</span> <span class='ocrx_word' id='word_1_104' title='bbox 1071 1381 1170 1442; x_wconf 83' lang='grc' dir='ltr'>τὰς</span> <span class='ocrx_word' id='word_1_105' title='bbox 1211 1380 1302 1432; x_wconf 87' lang='grc' dir='ltr'><strong>δύο</strong></span> <span class='ocrx_word' id='word_1_106' title='bbox 1335 1381 1546 1443; x_wconf 86' lang='grc' dir='ltr'>πλάκας</span> <span class='ocrx_word' id='word_1_107' title='bbox 1588 1380 1678 1432; x_wconf 88' lang='grc' dir='ltr'><strong>τοῦ</strong></span> <span class='ocrx_word' id='word_1_108' title='bbox 1717 1398 1920 1451; x_wconf 85' lang='grc' dir='ltr'>μαρτυ-</span> 
     </span>
    </p>
   </div>
   <div class='ocr_carea' id='block_1_15' title="bbox 346 1470 1916 1544">
    <p class='ocr_par' dir='ltr' id='par_1_15' title="bbox 346 1470 1916 1544">
     <span class='ocr_line' id='line_1_15' title="bbox 346 1470 1916 1544; baseline 0.003 -22"><span class='ocrx_word' id='word_1_109' title='bbox 346 1471 482 1538; x_wconf 84' lang='grc' dir='ltr'>ρίου,</span> <span class='ocrx_word' id='word_1_110' title='bbox 519 1471 731 1534; x_wconf 79' lang='grc' dir='ltr'>πλάκας</span> <span class='ocrx_word' id='word_1_111' title='bbox 762 1471 964 1535; x_wconf 84' lang='grc' dir='ltr'>λιθίνας</span> <span class='ocrx_word' id='word_1_112' title='bbox 1011 1473 1396 1543; x_wconf 81' lang='grc' dir='ltr'>γεγραμμένας</span> <span class='ocrx_word' id='word_1_113' title='bbox 1440 1470 1516 1542; x_wconf 86' lang='grc' dir='ltr'>τῷ</span> <span class='ocrx_word' id='word_1_114' title='bbox 1548 1473 1792 1544; x_wconf 77' lang='grc' dir='ltr'>δακτύλῳ</span> <span class='ocrx_word' id='word_1_115' title='bbox 1826 1474 1916 1527; x_wconf 90' lang='grc' dir='ltr'><strong>τοῦ</strong></span> 
     </span>
    </p>
   </div>
   <div class='ocr_carea' id='block_1_16' title="bbox 342 1559 1920 1634">
    <p class='ocr_par' dir='ltr' id='par_1_16' title="bbox 342 1559 1920 1634">
     <span class='ocr_line' id='line_1_16' title="bbox 342 1559 1920 1634; baseline 0.004 -23"><span class='ocrx_word' id='word_1_116' title='bbox 342 1561 497 1614; x_wconf 77' lang='grc' dir='ltr'>Θεοῦ.</span> <span class='ocrx_word' id='word_1_117' title='bbox 533 1582 550 1614; x_wconf 69' lang='grc' dir='ltr'><strong>ι</strong></span> <span class='ocrx_word' id='word_1_118' title='bbox 590 1564 700 1616; x_wconf 73' lang='grc' dir='ltr'>Καὶ</span> <span class='ocrx_word' id='word_1_119' title='bbox 741 1565 797 1616; x_wconf 84' lang='grc' dir='ltr'><strong>ἐν</strong></span> <span class='ocrx_word' id='word_1_120' title='bbox 826 1568 889 1634; x_wconf 85' lang='grc' dir='ltr'>τῇ</span> <span class='ocrx_word' id='word_1_121' title='bbox 941 1565 1166 1632; x_wconf 80' lang='grc' dir='ltr'>Ἐξόδῳ·</span> <span class='ocrx_word' id='word_1_122' title='bbox 1203 1583 1220 1614; x_wconf 77' lang='grc' dir='ltr'><strong>ι</strong></span> <span class='ocrx_word' id='word_1_123' title='bbox 1262 1562 1429 1617; x_wconf 73' lang='grc' dir='ltr'>Εἶπον</span> <span class='ocrx_word' id='word_1_124' title='bbox 1462 1559 1554 1617; x_wconf 84' lang='grc' dir='ltr'><strong>οῦν</strong></span> <span class='ocrx_word' id='word_1_125' title='bbox 1590 1565 1639 1617; x_wconf 85' lang='grc' dir='ltr'>οἱ</span> <span class='ocrx_word' id='word_1_126' title='bbox 1684 1565 1920 1619; x_wconf 75' lang='grc' dir='ltr'>ἐπαοιδοὶ</span> 
     </span>
    </p>
   </div>
   <div class='ocr_carea' id='block_1_17' title="bbox 343 1653 1921 1724">
    <p class='ocr_par' dir='ltr' id='par_1_17' title="bbox 343 1653 1921 1724">
     <span class='ocr_line' id='line_1_17' title="bbox 343 1653 1921 1724; baseline 0.003 -18"><span class='ocrx_word' id='word_1_127' title='bbox 343 1653 420 1724; x_wconf 84' lang='grc' dir='ltr'>τῷ</span> <span class='ocrx_word' id='word_1_128' title='bbox 455 1653 686 1724; x_wconf 70' lang='grc' dir='ltr'>Φαραώδ</span> <span class='ocrx_word' id='word_1_129' title='bbox 743 1675 760 1706; x_wconf 78' lang='grc' dir='ltr'><strong>ι</strong></span> <span class='ocrx_word' id='word_1_130' title='bbox 804 1656 1080 1720; x_wconf 84' lang='grc' dir='ltr'>Δάκτυλος</span> <span class='ocrx_word' id='word_1_131' title='bbox 1113 1657 1246 1710; x_wconf 84' lang='grc' dir='ltr'>Θεοῦ</span> <span class='ocrx_word' id='word_1_132' title='bbox 1274 1659 1388 1710; x_wconf 86' lang='grc' dir='ltr'>ἐστι</span> <span class='ocrx_word' id='word_1_133' title='bbox 1443 1657 1616 1710; x_wconf 87' lang='grc' dir='ltr'>τοῦτο.</span> <span class='ocrx_word' id='word_1_134' title='bbox 1663 1676 1681 1708; x_wconf 83' lang='grc'><strong><em>›</em></strong></span> <span class='ocrx_word' id='word_1_135' title='bbox 1732 1657 1921 1710; x_wconf 73' lang='grc' dir='ltr'>Ὡσαύο</span> 
     </span>
    </p>
   </div>
   <div class='ocr_carea' id='block_1_18' title="bbox 344 1742 1920 1819">
    <p class='ocr_par' dir='ltr' id='par_1_18' title="bbox 344 1742 1920 1819">
     <span class='ocr_line' id='line_1_18' title="bbox 344 1742 1920 1819; baseline 0.001 -23"><span class='ocrx_word' id='word_1_136' title='bbox 344 1762 451 1806; x_wconf 84' lang='grc' dir='ltr'><strong>τως</strong></span> <span class='ocrx_word' id='word_1_137' title='bbox 485 1742 541 1797; x_wconf 77' lang='grc' dir='ltr'>δὲ</span> <span class='ocrx_word' id='word_1_138' title='bbox 582 1745 677 1796; x_wconf 74' lang='grc' dir='ltr'>καὶ</span> <span class='ocrx_word' id='word_1_139' title='bbox 723 1746 932 1814; x_wconf 84' lang='grc' dir='ltr'>Ἰησοῦς</span> <span class='ocrx_word' id='word_1_140' title='bbox 972 1748 1000 1798; x_wconf 98' lang='lat'><strong>6</strong></span> <span class='ocrx_word' id='word_1_141' title='bbox 1042 1747 1274 1819; x_wconf 83' lang='grc' dir='ltr'>Χριστὸς</span> <span class='ocrx_word' id='word_1_142' title='bbox 1305 1747 1397 1800; x_wconf 91' lang='grc' dir='ltr'><strong>τοῦ</strong></span> <span class='ocrx_word' id='word_1_143' title='bbox 1445 1747 1580 1800; x_wconf 85' lang='grc' dir='ltr'>Θεοῦ</span> <span class='ocrx_word' id='word_1_144' title='bbox 1614 1751 1726 1810; x_wconf 85' lang='grc' dir='ltr'>τοῖς</span> <span class='ocrx_word' id='word_1_145' title='bbox 1756 1749 1920 1816; x_wconf 83' lang='grc' dir='ltr'>Φαρι-</span> 
     </span>
    </p>
   </div>
   <div class='ocr_carea' id='block_1_19' title="bbox 2015 549 3593 618">
    <p class='ocr_par' dir='ltr' id='par_1_19' title="bbox 2015 549 3593 618">
     <span class='ocr_line' id='line_1_19' title="bbox 2015 549 3593 618; baseline -0.003 -11"><span class='ocrx_word' id='word_1_146' title='bbox 2015 554 2123 608; x_wconf 86' lang='lat' dir='ltr'><strong>tius</strong></span> <span class='ocrx_word' id='word_1_147' title='bbox 2152 591 2170 616; x_wconf 92' lang='lat'><strong>,</strong></span> <span class='ocrx_word' id='word_1_148' title='bbox 2201 552 2452 606; x_wconf 74' lang='lat' dir='ltr'><strong>Salvator</strong></span> <span class='ocrx_word' id='word_1_149' title='bbox 2480 561 2665 606; x_wconf 80' lang='lat' dir='ltr'><strong>noster</strong></span> <span class='ocrx_word' id='word_1_150' title='bbox 2699 569 2716 601; x_wconf 80' lang='grc' dir='ltr'><strong>ι</strong></span> <span class='ocrx_word' id='word_1_151' title='bbox 2743 565 2867 604; x_wconf 91' lang='lat' dir='ltr'><strong>cum</strong></span> <span class='ocrx_word' id='word_1_152' title='bbox 2901 549 3148 604; x_wconf 81' lang='lat' dir='ltr'><strong>duxisset</strong></span> <span class='ocrx_word' id='word_1_153' title='bbox 3186 562 3316 604; x_wconf 88' lang='lat' dir='ltr'><strong>suos</strong></span> <span class='ocrx_word' id='word_1_154' title='bbox 3350 549 3593 618; x_wconf 81' lang='lat' dir='ltr'><strong>discipu—</strong></span> 
     </span>
    </p>
   </div>
   <div class='ocr_carea' id='block_1_20' title="bbox 2015 641 3594 713">
    <p class='ocr_par' dir='ltr' id='par_1_20' title="bbox 2015 641 3594 713">
     <span class='ocr_line' id='line_1_20' title="bbox 2015 641 3594 713; baseline -0.003 -14"><span class='ocrx_word' id='word_1_155' title='bbox 2015 647 2098 699; x_wconf 86' lang='lat' dir='ltr'><strong>los</strong></span> <span class='ocrx_word' id='word_1_156' title='bbox 2127 645 2181 698; x_wconf 93' lang='lat' dir='ltr'><strong>in</strong></span> <span class='ocrx_word' id='word_1_157' title='bbox 2219 652 2458 699; x_wconf 77' lang='lat' dir='ltr'><strong>montem</strong></span> <span class='ocrx_word' id='word_1_158' title='bbox 2489 645 2766 700; x_wconf 83' lang='lat' dir='ltr'><strong>excelsum</strong></span> <span class='ocrx_word' id='word_1_159' title='bbox 2811 645 3005 708; x_wconf 83' lang='lat' dir='ltr'><strong>valde,</strong></span> <span class='ocrx_word' id='word_1_160' title='bbox 3051 641 3472 713; x_wconf 82' lang='lat' dir='ltr'><strong>transfiguratus</strong></span> <span class='ocrx_word' id='word_1_161' title='bbox 3508 651 3594 697; x_wconf 87' lang='lat' dir='ltr'><strong>est</strong></span> 
     </span>
    </p>
   </div>
   <div class='ocr_carea' id='block_1_21' title="bbox 3505 352 3605 403">
    <p class='ocr_par' dir='ltr' id='par_1_21' title="bbox 3505 352 3605 403">
     <span class='ocr_line' id='line_1_21' title="bbox 3505 352 3605 403; baseline 0.01 -1"><span class='ocrx_word' id='word_1_162' title='bbox 3505 352 3605 403; x_wconf 69' lang='grc' dir='ltr'><strong>ΓΜ</strong></span> 
     </span>
    </p>
   </div>
   <div class='ocr_carea' id='block_1_22' title="bbox 2015 733 3638 806">
    <p class='ocr_par' dir='ltr' id='par_1_22' title="bbox 2015 733 3638 806">
     <span class='ocr_line' id='line_1_22' title="bbox 2015 733 3638 806; baseline -0.003 -15"><span class='ocrx_word' id='word_1_163' title='bbox 2015 751 2196 792; x_wconf 88' lang='lat' dir='ltr'><strong>coram</strong></span> <span class='ocrx_word' id='word_1_164' title='bbox 2227 735 2330 801; x_wconf 90' lang='lat' dir='ltr'><strong>eis,</strong></span> <span class='ocrx_word' id='word_1_165' title='bbox 2363 745 2418 790; x_wconf 89' lang='lat' dir='ltr'><strong>et</strong></span> <span class='ocrx_word' id='word_1_166' title='bbox 2447 736 2783 806; x_wconf 85' lang='lat' dir='ltr'><strong>resplenduit</strong></span> <span class='ocrx_word' id='word_1_167' title='bbox 2814 736 2980 790; x_wconf 82' lang='lat' dir='ltr'><strong>facies</strong></span> <span class='ocrx_word' id='word_1_168' title='bbox 3009 735 3129 804; x_wconf 86' lang='lat' dir='ltr'><strong>ejus</strong></span> <span class='ocrx_word' id='word_1_169' title='bbox 3172 742 3229 787; x_wconf 91' lang='lat' dir='ltr'><strong>ut</strong></span> <span class='ocrx_word' id='word_1_170' title='bbox 3269 734 3390 800; x_wconf 93' lang='lat' dir='ltr'><strong>sol,</strong></span> <span class='ocrx_word' id='word_1_171' title='bbox 3420 733 3591 788; x_wconf 68' lang='lat' dir='ltr'><strong>vestio</strong></span> <span class='ocrx_word' id='word_1_172' title='bbox 3629 743 3638 768; x_wconf 70' lang='grc' dir='ltr'><strong>ί</strong></span> 
     </span>
    </p>
   </div>
   <div class='ocr_carea' id='block_1_23' title="bbox 2019 826 3587 897">
    <p class='ocr_par' dir='ltr' id='par_1_23' title="bbox 2019 826 3587 897">
     <span class='ocr_line' id='line_1_23' title="bbox 2019 826 3587 897; baseline -0.001 -17"><span class='ocrx_word' id='word_1_173' title='bbox 2019 837 2202 882; x_wconf 86' lang='lat' dir='ltr'><strong>menta</strong></span> <span class='ocrx_word' id='word_1_174' title='bbox 2248 835 2430 882; x_wconf 88' lang='lat' dir='ltr'><strong>autem</strong></span> <span class='ocrx_word' id='word_1_175' title='bbox 2470 828 2589 897; x_wconf 86' lang='lat' dir='ltr'><strong>ejus</strong></span> <span class='ocrx_word' id='word_1_176' title='bbox 2643 827 2785 881; x_wconf 86' lang='lat' dir='ltr'><strong>facta</strong></span> <span class='ocrx_word' id='word_1_177' title='bbox 2839 837 2968 883; x_wconf 90' lang='lat' dir='ltr'><strong>sunt</strong></span> <span class='ocrx_word' id='word_1_178' title='bbox 3012 827 3131 880; x_wconf 85' lang='lat' dir='ltr'><strong>alba</strong></span> <span class='ocrx_word' id='word_1_179' title='bbox 3166 826 3310 880; x_wconf 90' lang='lat' dir='ltr'><strong>sicut</strong></span> <span class='ocrx_word' id='word_1_180' title='bbox 3343 826 3434 878; x_wconf 86' lang='lat' dir='ltr'><strong>lux</strong></span> <span class='ocrx_word' id='word_1_181' title='bbox 3467 827 3530 879; x_wconf 82' lang='grc'><strong>¹².</strong></span> <span class='ocrx_word' id='word_1_182' title='bbox 3567 843 3587 877; x_wconf 71' lang='grc' dir='ltr'><strong>ο</strong></span> 
     </span>
    </p>
   </div>
   <div class='ocr_carea' id='block_1_24' title="bbox 2017 917 3596 988">
    <p class='ocr_par' dir='ltr' id='par_1_24' title="bbox 2017 917 3596 988">
     <span class='ocr_line' id='line_1_24' title="bbox 2017 917 3596 988; baseline 0 -16"><span class='ocrx_word' id='word_1_183' title='bbox 2017 919 2194 974; x_wconf 80' lang='lat' dir='ltr'><strong>Moses</strong></span> <span class='ocrx_word' id='word_1_184' title='bbox 2223 920 2352 973; x_wconf 87' lang='lat' dir='ltr'><strong>item</strong></span> <span class='ocrx_word' id='word_1_185' title='bbox 2390 919 2664 988; x_wconf 84' lang='lat' dir='ltr'><strong>leprosum</strong></span> <span class='ocrx_word' id='word_1_186' title='bbox 2702 919 3001 974; x_wconf 90' lang='lat' dir='ltr'><strong>mundavit.</strong></span> <span class='ocrx_word' id='word_1_187' title='bbox 3029 917 3308 988; x_wconf 86' lang='lat' dir='ltr'><strong>Siquidem</strong></span> <span class='ocrx_word' id='word_1_188' title='bbox 3327 918 3596 987; x_wconf 88' lang='lat' dir='ltr'><strong>scriptum</strong></span> 
     </span>
    </p>
   </div>
   <div class='ocr_carea' id='block_1_25' title="bbox 2014 1009 3587 1079">
    <p class='ocr_par' dir='ltr' id='par_1_25' title="bbox 2014 1009 3587 1079">
     <span class='ocr_line' id='line_1_25' title="bbox 2014 1009 3587 1079; baseline -0.001 -15"><span class='ocrx_word' id='word_1_189' title='bbox 2014 1017 2100 1064; x_wconf 87' lang='lat' dir='ltr'><strong>est</strong></span> <span class='ocrx_word' id='word_1_190' title='bbox 2133 1028 2146 1062; x_wconf 89' lang='lat'><strong>:</strong></span> <span class='ocrx_word' id='word_1_191' title='bbox 2183 1027 2202 1060; x_wconf 78' lang='grc' dir='ltr'><strong>ι</strong></span> <span class='ocrx_word' id='word_1_192' title='bbox 2249 1009 2317 1062; x_wconf 89' lang='lat' dir='ltr'><strong>Et</strong></span> <span class='ocrx_word' id='word_1_193' title='bbox 2341 1024 2469 1064; x_wconf 92' lang='lat' dir='ltr'><strong>ecce</strong></span> <span class='ocrx_word' id='word_1_194' title='bbox 2499 1009 2666 1064; x_wconf 88' lang='lat' dir='ltr'><strong>Maria</strong></span> <span class='ocrx_word' id='word_1_195' title='bbox 2699 1015 2846 1079; x_wconf 89' lang='lat' dir='ltr'><strong>lepra</strong></span> <span class='ocrx_word' id='word_1_196' title='bbox 2880 1011 3118 1065; x_wconf 92' lang='lat' dir='ltr'><strong>candens</strong></span> <span class='ocrx_word' id='word_1_197' title='bbox 3163 1011 3306 1066; x_wconf 88' lang='lat' dir='ltr'><strong>sicut</strong></span> <span class='ocrx_word' id='word_1_198' title='bbox 3339 1011 3432 1065; x_wconf 85' lang='lat' dir='ltr'><strong>nix</strong></span> <span class='ocrx_word' id='word_1_199' title='bbox 3456 1011 3520 1062; x_wconf 84' lang='grc'><strong>¹³.</strong></span> <span class='ocrx_word' id='word_1_200' title='bbox 3566 1029 3587 1062; x_wconf 75' lang='grc' dir='ltr'><strong>ι</strong></span> 
     </span>
    </p>
   </div>
   <div class='ocr_carea' id='block_1_26' title="bbox 2016 1099 3591 1170">
    <p class='ocr_par' dir='ltr' id='par_1_26' title="bbox 2016 1099 3591 1170">
     <span class='ocr_line' id='line_1_26' title="bbox 2016 1099 3591 1170; baseline 0.001 -16"><span class='ocrx_word' id='word_1_201' title='bbox 2016 1100 2082 1154; x_wconf 90' lang='lat' dir='ltr'><strong>Et</strong></span> <span class='ocrx_word' id='word_1_202' title='bbox 2111 1101 2272 1170; x_wconf 90' lang='lat' dir='ltr'><strong>paulo</strong></span> <span class='ocrx_word' id='word_1_203' title='bbox 2306 1109 2428 1170; x_wconf 81' lang='lat' dir='ltr'><strong>post</strong></span> <span class='ocrx_word' id='word_1_204' title='bbox 2461 1119 2474 1154; x_wconf 91' lang='lat'><strong>:</strong></span> <span class='ocrx_word' id='word_1_205' title='bbox 2519 1119 2538 1150; x_wconf 77' lang='grc' dir='ltr'><strong>ι</strong></span> <span class='ocrx_word' id='word_1_206' title='bbox 2585 1099 2652 1154; x_wconf 88' lang='lat' dir='ltr'><strong>Et</strong></span> <span class='ocrx_word' id='word_1_207' title='bbox 2678 1101 2927 1156; x_wconf 88' lang='lat' dir='ltr'><strong>clamavit</strong></span> <span class='ocrx_word' id='word_1_208' title='bbox 2956 1100 3130 1156; x_wconf 82' lang='lat' dir='ltr'><strong>Moses</strong></span> <span class='ocrx_word' id='word_1_209' title='bbox 3161 1101 3228 1155; x_wconf 90' lang='lat' dir='ltr'><strong>ad</strong></span> <span class='ocrx_word' id='word_1_210' title='bbox 3273 1100 3591 1166; x_wconf 80' lang='lat' dir='ltr'><strong>Dominum,</strong></span> 
     </span>
    </p>
   </div>
   <div class='ocr_carea' id='block_1_27' title="bbox 2017 1191 3592 1264">
    <p class='ocr_par' dir='ltr' id='par_1_27' title="bbox 2017 1191 3592 1264">
     <span class='ocr_line' id='line_1_27' title="bbox 2017 1191 3592 1264; baseline 0.001 -18"><span class='ocrx_word' id='word_1_211' title='bbox 2017 1192 2204 1248; x_wconf 88' lang='lat' dir='ltr'><strong>dicens</strong></span> <span class='ocrx_word' id='word_1_212' title='bbox 2235 1210 2246 1244; x_wconf 92' lang='lat'><strong>:</strong></span> <span class='ocrx_word' id='word_1_213' title='bbox 2286 1191 2452 1259; x_wconf 89' lang='lat' dir='ltr'><strong>Deus,</strong></span> <span class='ocrx_word' id='word_1_214' title='bbox 2479 1193 2732 1257; x_wconf 87' lang='lat' dir='ltr'><strong>obsecro,</strong></span> <span class='ocrx_word' id='word_1_215' title='bbox 2768 1207 2900 1247; x_wconf 91' lang='lat' dir='ltr'><strong>sana</strong></span> <span class='ocrx_word' id='word_1_216' title='bbox 2931 1207 3051 1248; x_wconf 90' lang='lat' dir='ltr'><strong>eam</strong></span> <span class='ocrx_word' id='word_1_217' title='bbox 3073 1193 3136 1248; x_wconf 65' lang='grc'><strong>¹⁵.</strong></span> <span class='ocrx_word' id='word_1_218' title='bbox 3176 1212 3194 1244; x_wconf 73' lang='grc' dir='ltr'><strong>ι</strong></span> <span class='ocrx_word' id='word_1_219' title='bbox 3242 1191 3418 1247; x_wconf 91' lang='lat' dir='ltr'><strong>Simili</strong></span> <span class='ocrx_word' id='word_1_220' title='bbox 3461 1207 3592 1264; x_wconf 89' lang='lat' dir='ltr'><strong>ergo</strong></span> 
     </span>
    </p>
   </div>
   <div class='ocr_carea' id='block_1_28' title="bbox 2017 1284 3590 1354">
    <p class='ocr_par' dir='ltr' id='par_1_28' title="bbox 2017 1284 3590 1354">
     <span class='ocr_line' id='line_1_28' title="bbox 2017 1284 3590 1354; baseline 0 -16"><span class='ocrx_word' id='word_1_221' title='bbox 2017 1284 2231 1338; x_wconf 89' lang='lat' dir='ltr'><strong>ratione</strong></span> <span class='ocrx_word' id='word_1_222' title='bbox 2258 1323 2274 1348; x_wconf 86' lang='lat'><strong>,</strong></span> <span class='ocrx_word' id='word_1_223' title='bbox 2309 1284 2403 1338; x_wconf 89' lang='lat' dir='ltr'><strong>sed</strong></span> <span class='ocrx_word' id='word_1_224' title='bbox 2437 1285 2595 1354; x_wconf 90' lang='lat' dir='ltr'><strong>longe</strong></span> <span class='ocrx_word' id='word_1_225' title='bbox 2625 1284 2818 1354; x_wconf 87' lang='lat' dir='ltr'><strong>majori</strong></span> <span class='ocrx_word' id='word_1_226' title='bbox 2864 1291 3134 1354; x_wconf 89' lang='lat' dir='ltr'><strong>potestate</strong></span> <span class='ocrx_word' id='word_1_227' title='bbox 3164 1285 3416 1341; x_wconf 82' lang='lat' dir='ltr'><strong>Christus</strong></span> <span class='ocrx_word' id='word_1_228' title='bbox 3445 1285 3538 1338; x_wconf 90' lang='lat' dir='ltr'><strong>Dei</strong></span> <span class='ocrx_word' id='word_1_229' title='bbox 3569 1324 3590 1352; x_wconf 87' lang='lat'><strong>,</strong></span> 
     </span>
    </p>
   </div>
   <div class='ocr_carea' id='block_1_29' title="bbox 2017 1375 3588 1448">
    <p class='ocr_par' dir='ltr' id='par_1_29' title="bbox 2017 1375 3588 1448">
     <span class='ocr_line' id='line_1_29' title="bbox 2017 1375 3588 1448; baseline 0.001 -18"><span class='ocrx_word' id='word_1_230' title='bbox 2017 1390 2143 1430; x_wconf 90' lang='lat' dir='ltr'><strong>cum</strong></span> <span class='ocrx_word' id='word_1_231' title='bbox 2191 1375 2258 1428; x_wconf 90' lang='lat' dir='ltr'><strong>ad</strong></span> <span class='ocrx_word' id='word_1_232' title='bbox 2307 1390 2429 1428; x_wconf 89' lang='lat' dir='ltr'><strong>eum</strong></span> <span class='ocrx_word' id='word_1_233' title='bbox 2488 1377 2741 1446; x_wconf 87' lang='lat' dir='ltr'><strong>leprosus</strong></span> <span class='ocrx_word' id='word_1_234' title='bbox 2801 1378 3166 1438; x_wconf 87' lang='lat' dir='ltr'><strong>accessisset,</strong></span> <span class='ocrx_word' id='word_1_235' title='bbox 3205 1377 3588 1448; x_wconf 76' lang='lat' dir='ltr'><strong>dixissetque:</strong></span> 
     </span>
    </p>
   </div>
   <div class='ocr_carea' id='block_1_30' title="bbox 2023 1464 3594 1536">
    <p class='ocr_par' dir='ltr' id='par_1_30' title="bbox 2023 1464 3594 1536">
     <span class='ocr_line' id='line_1_30' title="bbox 2023 1464 3594 1536; baseline 0.004 -20"><span class='ocrx_word' id='word_1_236' title='bbox 2023 1484 2042 1516; x_wconf 73' lang='grc' dir='ltr'><strong>ι</strong></span> <span class='ocrx_word' id='word_1_237' title='bbox 2068 1464 2126 1518; x_wconf 87' lang='lat' dir='ltr'><strong>Si</strong></span> <span class='ocrx_word' id='word_1_238' title='bbox 2155 1466 2258 1527; x_wconf 88' lang='lat' dir='ltr'><strong>vis,</strong></span> <span class='ocrx_word' id='word_1_239' title='bbox 2287 1475 2441 1536; x_wconf 90' lang='lat' dir='ltr'><strong>potes</strong></span> <span class='ocrx_word' id='word_1_240' title='bbox 2464 1481 2548 1521; x_wconf 90' lang='lat' dir='ltr'><strong>me</strong></span> <span class='ocrx_word' id='word_1_241' title='bbox 2576 1467 2860 1520; x_wconf 85' lang='lat' dir='ltr'><strong>mundare.</strong></span> <span class='ocrx_word' id='word_1_242' title='bbox 2882 1466 3216 1536; x_wconf 79' lang='lat' dir='ltr'><strong>Respondit:</strong></span> <span class='ocrx_word' id='word_1_243' title='bbox 3249 1466 3404 1529; x_wconf 82' lang='lat' dir='ltr'><strong>Volo,</strong></span> <span class='ocrx_word' id='word_1_244' title='bbox 3438 1483 3594 1522; x_wconf 41' lang='lat' dir='ltr'><strong>muns</strong></span> 
     </span>
    </p>
   </div>
   <div class='ocr_carea' id='block_1_31' title="bbox 2019 1556 3593 1627">
    <p class='ocr_par' dir='ltr' id='par_1_31' title="bbox 2019 1556 3593 1627">
     <span class='ocr_line' id='line_1_31' title="bbox 2019 1556 3593 1627; baseline 0.004 -19"><span class='ocrx_word' id='word_1_245' title='bbox 2019 1556 2170 1618; x_wconf 88' lang='lat' dir='ltr'><strong>dare,</strong></span> <span class='ocrx_word' id='word_1_246' title='bbox 2203 1564 2258 1611; x_wconf 88' lang='lat' dir='ltr'><strong>et</strong></span> <span class='ocrx_word' id='word_1_247' title='bbox 2285 1557 2544 1611; x_wconf 88' lang='lat' dir='ltr'><strong>mundata</strong></span> <span class='ocrx_word' id='word_1_248' title='bbox 2573 1566 2656 1612; x_wconf 89' lang='lat' dir='ltr'><strong>est</strong></span> <span class='ocrx_word' id='word_1_249' title='bbox 2688 1558 2808 1626; x_wconf 87' lang='lat' dir='ltr'><strong>ejus</strong></span> <span class='ocrx_word' id='word_1_250' title='bbox 2839 1559 2985 1627; x_wconf 90' lang='lat' dir='ltr'><strong>lepra</strong></span> <span class='ocrx_word' id='word_1_251' title='bbox 3017 1560 3080 1612; x_wconf 77' lang='grc'><strong>³⁸.</strong></span> <span class='ocrx_word' id='word_1_252' title='bbox 3123 1578 3141 1610; x_wconf 71' lang='grc' dir='ltr'><strong>ι</strong></span> <span class='ocrx_word' id='word_1_253' title='bbox 3177 1559 3391 1613; x_wconf 83' lang='lat' dir='ltr'><strong>Rursus</strong></span> <span class='ocrx_word' id='word_1_254' title='bbox 3415 1556 3593 1614; x_wconf 80' lang='lat' dir='ltr'><strong>Moses</strong></span> 
     </span>
    </p>
   </div>
   <div class='ocr_carea' id='block_1_32' title="bbox 2019 1646 3596 1718">
    <p class='ocr_par' dir='ltr' id='par_1_32' title="bbox 2019 1646 3596 1718">
     <span class='ocr_line' id='line_1_32' title="bbox 2019 1646 3596 1718; baseline 0.002 -18"><span class='ocrx_word' id='word_1_255' title='bbox 2019 1647 2190 1718; x_wconf 78' lang='lat' dir='ltr'><strong>digito</strong></span> <span class='ocrx_word' id='word_1_256' title='bbox 2225 1646 2318 1702; x_wconf 86' lang='lat' dir='ltr'><strong>Dei</strong></span> <span class='ocrx_word' id='word_1_257' title='bbox 2365 1649 2624 1717; x_wconf 84' lang='lat' dir='ltr'><strong>scriptam</strong></span> <span class='ocrx_word' id='word_1_258' title='bbox 2667 1665 2790 1703; x_wconf 90' lang='lat' dir='ltr'><strong>esse</strong></span> <span class='ocrx_word' id='word_1_259' title='bbox 2839 1650 3007 1718; x_wconf 88' lang='lat' dir='ltr'><strong>legem</strong></span> <span class='ocrx_word' id='word_1_260' title='bbox 3059 1649 3362 1704; x_wconf 76' lang='lat' dir='ltr'><strong>afﬁrmavit.</strong></span> <span class='ocrx_word' id='word_1_261' title='bbox 3392 1648 3596 1718; x_wconf 85' lang='lat' dir='ltr'><strong>Nempe</strong></span> 
     </span>
    </p>
   </div>
   <div class='ocr_carea' id='block_1_33' title="bbox 2022 1740 3594 1809">
    <p class='ocr_par' dir='ltr' id='par_1_33' title="bbox 2022 1740 3594 1809">
     <span class='ocr_line' id='line_1_33' title="bbox 2022 1740 3594 1809; baseline -0.001 -14"><span class='ocrx_word' id='word_1_262' title='bbox 2022 1743 2101 1795; x_wconf 88' lang='lat' dir='ltr'><strong>sic</strong></span> <span class='ocrx_word' id='word_1_263' title='bbox 2133 1741 2398 1809; x_wconf 87' lang='lat' dir='ltr'><strong>scriptum</strong></span> <span class='ocrx_word' id='word_1_264' title='bbox 2449 1749 2534 1795; x_wconf 90' lang='lat' dir='ltr'><strong>est</strong></span> <span class='ocrx_word' id='word_1_265' title='bbox 2569 1759 2582 1795; x_wconf 88' lang='lat'><strong>:</strong></span> <span class='ocrx_word' id='word_1_266' title='bbox 2617 1759 2634 1789; x_wconf 77' lang='grc' dir='ltr'><strong>ι</strong></span> <span class='ocrx_word' id='word_1_267' title='bbox 2674 1740 2739 1794; x_wconf 91' lang='lat' dir='ltr'><strong>Et</strong></span> <span class='ocrx_word' id='word_1_268' title='bbox 2780 1741 2928 1796; x_wconf 90' lang='lat' dir='ltr'><strong>dedit</strong></span> <span class='ocrx_word' id='word_1_269' title='bbox 2969 1741 3104 1797; x_wconf 84' lang='lat' dir='ltr'><strong>Mosi</strong></span> <span class='ocrx_word' id='word_1_270' title='bbox 3133 1782 3148 1806; x_wconf 96' lang='lat'><strong>,</strong></span> <span class='ocrx_word' id='word_1_271' title='bbox 3186 1759 3308 1796; x_wconf 87' lang='lat' dir='ltr'><strong>cum</strong></span> <span class='ocrx_word' id='word_1_272' title='bbox 3342 1742 3594 1796; x_wconf 87' lang='lat' dir='ltr'><strong>desiisset</strong></span> 
     </span>
    </p>
   </div>
   <div class='ocr_carea' id='block_1_34' title="bbox 347 1817 1918 1909">
    <p class='ocr_par' dir='ltr' id='par_1_34' title="bbox 347 1817 1917 1909">
     <span class='ocr_line' id='line_1_34' title="bbox 347 1817 1917 1909; baseline 0.003 -23"><span class='ocrx_word' id='word_1_273' title='bbox 347 1835 518 1898; x_wconf 86' lang='grc' dir='ltr'>σαίοις</span> <span class='ocrx_word' id='word_1_274' title='bbox 557 1836 740 1904; x_wconf 71' lang='grc' dir='ltr'>ἔλεγεν</span> <span class='ocrx_word' id='word_1_275' title='bbox 767 1855 778 1868; x_wconf 79' lang='lat'><strong><em>~</em></strong></span> <span class='ocrx_word' id='word_1_276' title='bbox 806 1855 823 1887; x_wconf 82' lang='grc' dir='ltr'><strong>ι</strong></span> <span class='ocrx_word' id='word_1_277' title='bbox 850 1839 911 1890; x_wconf 83' lang='lat' dir='ltr'><strong>El</strong></span> <span class='ocrx_word' id='word_1_278' title='bbox 944 1839 997 1891; x_wconf 84' lang='grc' dir='ltr'><strong>δὲ</strong></span> <span class='ocrx_word' id='word_1_279' title='bbox 1025 1817 1106 1891; x_wconf 21' lang='grc' dir='ltr'>ἐνν</span> <span class='ocrx_word' id='word_1_280' title='bbox 1126 1839 1369 1909; x_wconf 84' lang='grc' dir='ltr'>δακτύλῳ</span> <span class='ocrx_word' id='word_1_281' title='bbox 1397 1837 1528 1890; x_wconf 89' lang='grc' dir='ltr'>Θεοῦ</span> <span class='ocrx_word' id='word_1_282' title='bbox 1573 1839 1819 1891; x_wconf 82' lang='grc' dir='ltr'>ἐκϐάλλω</span> <span class='ocrx_word' id='word_1_283' title='bbox 1850 1838 1917 1890; x_wconf 78' lang='grc' dir='ltr'>τὰ</span> 
     </span>
    </p>
   </div>
   <div class='ocr_carea' id='block_1_35' title="bbox 2018 1817 3594 1909">
    <p class='ocr_par' dir='ltr' id='par_1_35' title="bbox 2023 1819 3594 1901">
     <span class='ocr_line' id='line_1_35' title="bbox 2023 1819 3594 1901; baseline 0.001 -17"><span class='ocrx_word' id='word_1_284' title='bbox 2023 1832 2167 1901; x_wconf 92' lang='lat' dir='ltr'><strong>loqui</strong></span> <span class='ocrx_word' id='word_1_285' title='bbox 2194 1830 2261 1884; x_wconf 88' lang='lat' dir='ltr'><strong>ad</strong></span> <span class='ocrx_word' id='word_1_286' title='bbox 2287 1819 2409 1885; x_wconf 89' lang='lat' dir='ltr'><strong>eum</strong></span> <span class='ocrx_word' id='word_1_287' title='bbox 2438 1830 2490 1883; x_wconf 90' lang='lat' dir='ltr'><strong>in</strong></span> <span class='ocrx_word' id='word_1_288' title='bbox 2515 1839 2698 1886; x_wconf 87' lang='lat' dir='ltr'><strong>monte</strong></span> <span class='ocrx_word' id='word_1_289' title='bbox 2731 1830 2860 1886; x_wconf 88' lang='lat' dir='ltr'><strong>Sina</strong></span> <span class='ocrx_word' id='word_1_290' title='bbox 2886 1870 2901 1898; x_wconf 91' lang='lat'><strong>,</strong></span> <span class='ocrx_word' id='word_1_291' title='bbox 2930 1832 3068 1887; x_wconf 88' lang='lat' dir='ltr'><strong>duas</strong></span> <span class='ocrx_word' id='word_1_292' title='bbox 3095 1833 3312 1887; x_wconf 90' lang='lat' dir='ltr'><strong>tabulas</strong></span> <span class='ocrx_word' id='word_1_293' title='bbox 3344 1833 3594 1887; x_wconf 86' lang='lat' dir='ltr'><strong>testimo-</strong></span> 
     </span>
    </p>
   </div>
   <div class='ocr_carea' id='block_1_36' title="bbox 345 2017 1919 2094">
    <p class='ocr_par' dir='ltr' id='par_1_36' title="bbox 345 2017 1919 2094">
     <span class='ocr_line' id='line_1_36' title="bbox 345 2017 1919 2094; baseline 0.004 -28"><span class='ocrx_word' id='word_1_294' title='bbox 345 2017 436 2069; x_wconf 87' lang='grc' dir='ltr'><strong>τὸν</strong></span> <span class='ocrx_word' id='word_1_295' title='bbox 483 2017 705 2086; x_wconf 82' lang='grc' dir='ltr'>Ἰησοῦν.</span> <span class='ocrx_word' id='word_1_296' title='bbox 746 2019 1014 2082; x_wconf 82' lang='grc' dir='ltr'>Ὡσαύτως</span> <span class='ocrx_word' id='word_1_297' title='bbox 1045 2021 1100 2072; x_wconf 87' lang='grc' dir='ltr'>δὲ</span> <span class='ocrx_word' id='word_1_298' title='bbox 1135 2022 1228 2073; x_wconf 61' lang='grc' dir='ltr'><strong>καὶ¹</strong></span> <span class='ocrx_word' id='word_1_299' title='bbox 1271 2023 1299 2074; x_wconf 91' lang='lat'><strong>6</strong></span> <span class='ocrx_word' id='word_1_300' title='bbox 1333 2021 1522 2094; x_wconf 80' lang='grc' dir='ltr'>Σωτὴρ</span> <span class='ocrx_word' id='word_1_301' title='bbox 1565 2022 1656 2074; x_wconf 86' lang='grc' dir='ltr'><strong>τὸν</strong></span> <span class='ocrx_word' id='word_1_302' title='bbox 1703 2020 1919 2090; x_wconf 87' lang='grc' dir='ltr'>Σίμωνα</span> 
     </span>
    </p>
   </div>
   <div class='ocr_carea' id='block_1_37' title="bbox 347 2107 1920 2183">
    <p class='ocr_par' dir='ltr' id='par_1_37' title="bbox 347 2107 1920 2183">
     <span class='ocr_line' id='line_1_37' title="bbox 347 2107 1920 2183; baseline 0.003 -25"><span class='ocrx_word' id='word_1_303' title='bbox 347 2107 568 2176; x_wconf 83' lang='grc' dir='ltr'>Πέτρον.</span> <span class='ocrx_word' id='word_1_304' title='bbox 593 2108 702 2161; x_wconf 78' lang='grc' dir='ltr'>Καὶ</span> <span class='ocrx_word' id='word_1_305' title='bbox 723 2109 877 2163; x_wconf 83' lang='grc' dir='ltr'>πάλιν</span> <span class='ocrx_word' id='word_1_306' title='bbox 904 2127 918 2142; x_wconf 79' lang='grc' dir='ltr'><strong>ο</strong></span> <span class='ocrx_word' id='word_1_307' title='bbox 945 2112 1181 2183; x_wconf 81' lang='grc' dir='ltr'>Μωῦσῆς</span> <span class='ocrx_word' id='word_1_308' title='bbox 1207 2113 1509 2182; x_wconf 87' lang='grc' dir='ltr'>κατέστησε</span> <span class='ocrx_word' id='word_1_309' title='bbox 1530 2112 1607 2182; x_wconf 76' lang='grc' dir='ltr'><strong>τῷ</strong></span> <span class='ocrx_word' id='word_1_310' title='bbox 1629 2112 1742 2181; x_wconf 84' lang='grc' dir='ltr'><strong>λαῷ</strong></span> <span class='ocrx_word' id='word_1_311' title='bbox 1765 2115 1920 2182; x_wconf 74' lang='grc' dir='ltr'>ἡγου-</span> 
     </span>
    </p>
   </div>
   <div class='ocr_carea' id='block_1_38' title="bbox 348 2197 1921 2273">
    <p class='ocr_par' dir='ltr' id='par_1_38' title="bbox 348 2197 1921 2273">
     <span class='ocr_line' id='line_1_38' title="bbox 348 2197 1921 2273; baseline 0.006 -27"><span class='ocrx_word' id='word_1_312' title='bbox 348 2197 538 2265; x_wconf 77' lang='grc' dir='ltr'>μένους</span> <span class='ocrx_word' id='word_1_313' title='bbox 572 2197 954 2269; x_wconf 76' lang='grc' dir='ltr'>ἐϐδομήκοντα.</span> <span class='ocrx_word' id='word_1_314' title='bbox 986 2202 1150 2269; x_wconf 87' lang='grc' dir='ltr'>Λέγει</span> <span class='ocrx_word' id='word_1_315' title='bbox 1176 2202 1220 2255; x_wconf 87' lang='grc' dir='ltr'>δ’</span> <span class='ocrx_word' id='word_1_316' title='bbox 1259 2199 1350 2255; x_wconf 78' lang='grc' dir='ltr'><strong>οὖν</strong></span> <span class='ocrx_word' id='word_1_317' title='bbox 1379 2205 1412 2272; x_wconf 84' lang='grc' dir='ltr'>ἡ</span> <span class='ocrx_word' id='word_1_318' title='bbox 1439 2203 1626 2273; x_wconf 84' lang='grc' dir='ltr'>Γραφή</span> <span class='ocrx_word' id='word_1_319' title='bbox 1653 2218 1666 2232; x_wconf 74' lang='grc' dir='ltr'><strong>ο</strong></span> <span class='ocrx_word' id='word_1_320' title='bbox 1703 2222 1720 2251; x_wconf 76' lang='grc' dir='ltr'><strong>ι</strong></span> <span class='ocrx_word' id='word_1_321' title='bbox 1755 2203 1921 2256; x_wconf 78' lang='grc' dir='ltr'>Συνά-</span> 
     </span>
    </p>
   </div>
   <div class='ocr_carea' id='block_1_39' title="bbox 343 2288 1922 2363">
    <p class='ocr_par' dir='ltr' id='par_1_39' title="bbox 343 2288 1922 2363">
     <span class='ocr_line' id='line_1_39' title="bbox 343 2288 1922 2363; baseline 0.004 -24"><span class='ocrx_word' id='word_1_322' title='bbox 343 2288 481 2354; x_wconf 79' lang='grc' dir='ltr'>γαγέ</span> <span class='ocrx_word' id='word_1_323' title='bbox 517 2305 602 2358; x_wconf 92' lang='grc' dir='ltr'><strong>μοι</strong></span> <span class='ocrx_word' id='word_1_324' title='bbox 646 2289 1015 2361; x_wconf 80' lang='grc' dir='ltr'>ἐϐδομήκοντα</span> <span class='ocrx_word' id='word_1_325' title='bbox 1065 2293 1284 2363; x_wconf 80' lang='grc' dir='ltr'>ἄνδρας.</span> <span class='ocrx_word' id='word_1_326' title='bbox 1320 2293 1429 2345; x_wconf 83' lang='grc' dir='ltr'><strong>ἀπὸ</strong></span> <span class='ocrx_word' id='word_1_327' title='bbox 1473 2292 1582 2345; x_wconf 84' lang='grc' dir='ltr'>τῶν</span> <span class='ocrx_word' id='word_1_328' title='bbox 1625 2293 1922 2363; x_wconf 60' lang='grc' dir='ltr'>πρεσϐυτέ»</span> 
     </span>
    </p>
   </div>
   <div class='ocr_carea' id='block_1_40' title="bbox 347 2379 1922 2452">
    <p class='ocr_par' dir='ltr' id='par_1_40' title="bbox 347 2379 1922 2452">
     <span class='ocr_line' id='line_1_40' title="bbox 347 2379 1922 2452; baseline 0.004 -23"><span class='ocrx_word' id='word_1_329' title='bbox 347 2393 455 2447; x_wconf 82' lang='grc' dir='ltr'><strong>ρων</strong></span> <span class='ocrx_word' id='word_1_330' title='bbox 491 2379 726 2448; x_wconf 79' lang='grc' dir='ltr'>Ἰσραὴλ,</span> <span class='ocrx_word' id='word_1_331' title='bbox 756 2383 851 2434; x_wconf 74' lang='grc' dir='ltr'>καὶ</span> <span class='ocrx_word' id='word_1_332' title='bbox 884 2381 1066 2449; x_wconf 80' lang='grc' dir='ltr'>ἀφελῶ</span> <span class='ocrx_word' id='word_1_333' title='bbox 1101 2382 1208 2434; x_wconf 82' lang='grc' dir='ltr'><strong>ἀπὸ</strong></span> <span class='ocrx_word' id='word_1_334' title='bbox 1240 2381 1334 2435; x_wconf 89' lang='grc' dir='ltr'><strong>τοῦ</strong></span> <span class='ocrx_word' id='word_1_335' title='bbox 1370 2381 1679 2452; x_wconf 87' lang='grc' dir='ltr'>πνεύματος</span> <span class='ocrx_word' id='word_1_336' title='bbox 1710 2381 1802 2435; x_wconf 92' lang='grc' dir='ltr'><strong>τοῦ</strong></span> <span class='ocrx_word' id='word_1_337' title='bbox 1829 2384 1922 2436; x_wconf 78' lang='grc' dir='ltr'><strong>ἐπὶ</strong></span> 
     </span>
    </p>
   </div>
   <div class='ocr_carea' id='block_1_41' title="bbox 347 2469 1920 2545">
    <p class='ocr_par' dir='ltr' id='par_1_41' title="bbox 347 2469 1920 2545">
     <span class='ocr_line' id='line_1_41' title="bbox 347 2469 1920 2545; baseline 0.004 -25"><span class='ocrx_word' id='word_1_338' title='bbox 347 2469 448 2532; x_wconf 70' lang='grc' dir='ltr'>σοὶ,</span> <span class='ocrx_word' id='word_1_339' title='bbox 493 2471 587 2522; x_wconf 77' lang='grc' dir='ltr'>καὶ</span> <span class='ocrx_word' id='word_1_340' title='bbox 627 2471 874 2540; x_wconf 83' lang='grc' dir='ltr'>ἐπιθήσω</span> <span class='ocrx_word' id='word_1_341' title='bbox 904 2475 989 2524; x_wconf 79' lang='grc' dir='ltr'>ἐπ’</span> <span class='ocrx_word' id='word_1_342' title='bbox 1023 2472 1222 2536; x_wconf 78' lang='grc' dir='ltr'>αύτούς</span> <span class='ocrx_word' id='word_1_343' title='bbox 1245 2489 1260 2502; x_wconf 74' lang='grc' dir='ltr'><strong>ο</strong></span> <span class='ocrx_word' id='word_1_344' title='bbox 1304 2473 1398 2525; x_wconf 71' lang='grc' dir='ltr'><strong>καὶ</strong></span> <span class='ocrx_word' id='word_1_345' title='bbox 1433 2475 1738 2545; x_wconf 84' lang='grc' dir='ltr'>συνήγαγεν</span> <span class='ocrx_word' id='word_1_346' title='bbox 1772 2474 1920 2528; x_wconf 60' lang='grc' dir='ltr'>ἑϐδοέ</span> 
     </span>
    </p>
   </div>
   <div class='ocr_carea' id='block_1_42' title="bbox 349 2557 1924 2634">
    <p class='ocr_par' dir='ltr' id='par_1_42' title="bbox 349 2557 1924 2634">
     <span class='ocr_line' id='line_1_42' title="bbox 349 2557 1924 2634; baseline 0.007 -26"><span class='ocrx_word' id='word_1_347' title='bbox 349 2557 590 2626; x_wconf 82' lang='grc' dir='ltr'>μήκοντα</span> <span class='ocrx_word' id='word_1_348' title='bbox 617 2557 836 2628; x_wconf 81' lang='grc' dir='ltr'>ἄνδρας.</span> <span class='ocrx_word' id='word_1_349' title='bbox 873 2579 891 2610; x_wconf 79' lang='grc' dir='ltr'><strong>ι</strong></span> <span class='ocrx_word' id='word_1_350' title='bbox 934 2561 1206 2625; x_wconf 81' lang='grc' dir='ltr'>Ὡσαύτως</span> <span class='ocrx_word' id='word_1_351' title='bbox 1236 2562 1294 2615; x_wconf 87' lang='grc' dir='ltr'><strong>δέ</strong></span> <span class='ocrx_word' id='word_1_352' title='bbox 1325 2563 1419 2616; x_wconf 74' lang='grc' dir='ltr'>καὶ</span> <span class='ocrx_word' id='word_1_353' title='bbox 1450 2563 1478 2614; x_wconf 90' lang='lat'><strong>6</strong></span> <span class='ocrx_word' id='word_1_354' title='bbox 1501 2563 1690 2634; x_wconf 78' lang='grc' dir='ltr'>Σωτὴρ</span> <span class='ocrx_word' id='word_1_355' title='bbox 1721 2566 1924 2618; x_wconf 64' lang='grc' dir='ltr'>ἀνέδειι</span> 
     </span>
    </p>
   </div>
   <div class='ocr_carea' id='block_1_43' title="bbox 348 2646 1921 2723">
    <p class='ocr_par' dir='ltr' id='par_1_43' title="bbox 348 2646 1921 2723">
     <span class='ocr_line' id='line_1_43' title="bbox 348 2646 1921 2723; baseline 0.008 -25"><span class='ocrx_word' id='word_1_356' title='bbox 348 2646 436 2712; x_wconf 85' lang='grc' dir='ltr'><strong>ξεν</strong></span> <span class='ocrx_word' id='word_1_357' title='bbox 465 2647 628 2701; x_wconf 81' lang='grc' dir='ltr'>αὐτοῦ</span> <span class='ocrx_word' id='word_1_358' title='bbox 659 2649 906 2718; x_wconf 80' lang='grc' dir='ltr'>μαθητὰς</span> <span class='ocrx_word' id='word_1_359' title='bbox 934 2652 1321 2723; x_wconf 72' lang='grc' dir='ltr'>ἐϐδομήκοντα,</span> <span class='ocrx_word' id='word_1_360' title='bbox 1354 2655 1447 2706; x_wconf 77' lang='grc' dir='ltr'><strong>καὶ</strong></span> <span class='ocrx_word' id='word_1_361' title='bbox 1477 2654 1792 2709; x_wconf 85' lang='grc' dir='ltr'>ἀπέστειλεν</span> <span class='ocrx_word' id='word_1_362' title='bbox 1818 2658 1921 2712; x_wconf 78' lang='grc' dir='ltr'>ἀνὰ</span> 
     </span>
    </p>
   </div>
   <div class='ocr_carea' id='block_1_44' title="bbox 345 2737 1923 2817">
    <p class='ocr_par' dir='ltr' id='par_1_44' title="bbox 345 2737 1923 2817">
     <span class='ocr_line' id='line_1_44' title="bbox 345 2737 1923 2817; baseline 0.008 -29"><span class='ocrx_word' id='word_1_363' title='bbox 345 2737 438 2790; x_wconf 80' lang='grc' dir='ltr'><strong>δύο</strong></span> <span class='ocrx_word' id='word_1_364' title='bbox 465 2739 570 2810; x_wconf 88' lang='grc' dir='ltr'><strong>πρὸ</strong></span> <span class='ocrx_word' id='word_1_365' title='bbox 594 2739 886 2809; x_wconf 86' lang='grc' dir='ltr'>προσώπου</span> <span class='ocrx_word' id='word_1_366' title='bbox 916 2743 1100 2795; x_wconf 76' lang='grc' dir='ltr'>αὑτοῦ.</span> <span class='ocrx_word' id='word_1_367' title='bbox 1127 2745 1236 2796; x_wconf 86' lang='lat' dir='ltr'><strong>Kal</strong></span> <span class='ocrx_word' id='word_1_368' title='bbox 1267 2744 1427 2797; x_wconf 75' lang='grc' dir='ltr'>πάλιν</span> <span class='ocrx_word' id='word_1_369' title='bbox 1455 2747 1693 2817; x_wconf 81' lang='grc' dir='ltr'>Μωῠσῆς</span> <span class='ocrx_word' id='word_1_370' title='bbox 1716 2748 1923 2802; x_wconf 82' lang='grc' dir='ltr'>δώδεκα</span> 
     </span>
    </p>
   </div>
   <div class='ocr_carea' id='block_1_45' title="bbox 345 2829 1923 2906">
    <p class='ocr_par' dir='ltr' id='par_1_45' title="bbox 345 2829 1923 2906">
     <span class='ocr_line' id='line_1_45' title="bbox 345 2829 1923 2906; baseline 0.008 -25"><span class='ocrx_word' id='word_1_371' title='bbox 345 2829 542 2900; x_wconf 71' lang='grc' dir='ltr'>ἄνδρας</span> <span class='ocrx_word' id='word_1_372' title='bbox 581 2830 853 2901; x_wconf 77' lang='grc' dir='ltr'>ἐξέπεμψε</span> <span class='ocrx_word' id='word_1_373' title='bbox 877 2833 976 2903; x_wconf 80' lang='grc' dir='ltr'><strong>τὴν</strong></span> <span class='ocrx_word' id='word_1_374' title='bbox 1010 2835 1113 2904; x_wconf 78' lang='grc' dir='ltr'>γῆν</span> <span class='ocrx_word' id='word_1_375' title='bbox 1154 2836 1684 2906; x_wconf 76' lang='grc' dir='ltr'>κατασκεψομένους.</span> <span class='ocrx_word' id='word_1_376' title='bbox 1733 2840 1923 2894; x_wconf 83' lang='grc' dir='ltr'>Ὡσαύ-</span> 
     </span>
    </p>
   </div>
   <div class='ocr_carea' id='block_1_46' title="bbox 345 2921 1924 3000">
    <p class='ocr_par' dir='ltr' id='par_1_46' title="bbox 345 2921 1924 3000">
     <span class='ocr_line' id='line_1_46' title="bbox 345 2921 1924 3000; baseline 0.007 -27"><span class='ocrx_word' id='word_1_377' title='bbox 345 2937 452 2984; x_wconf 77' lang='grc' dir='ltr'><strong>τως</strong></span> <span class='ocrx_word' id='word_1_378' title='bbox 484 2921 539 2973; x_wconf 87' lang='grc' dir='ltr'>δὲ</span> <span class='ocrx_word' id='word_1_379' title='bbox 570 2922 663 2975; x_wconf 71' lang='grc' dir='ltr'><strong>καὶ</strong></span> <span class='ocrx_word' id='word_1_380' title='bbox 706 2923 838 2976; x_wconf 85' lang='grc' dir='ltr'>πολὺ</span> <span class='ocrx_word' id='word_1_381' title='bbox 869 2928 1115 2996; x_wconf 87' lang='grc' dir='ltr'>κρεῖττον</span> <span class='ocrx_word' id='word_1_382' title='bbox 1145 2927 1174 2978; x_wconf 89' lang='lat'><strong>6</strong></span> <span class='ocrx_word' id='word_1_383' title='bbox 1205 2926 1472 2998; x_wconf 83' lang='grc' dir='ltr'>ἡμέτερος</span> <span class='ocrx_word' id='word_1_384' title='bbox 1501 2929 1692 3000; x_wconf 77' lang='grc' dir='ltr'>Σωτὴρ</span> <span class='ocrx_word' id='word_1_385' title='bbox 1715 2929 1924 2984; x_wconf 77' lang='grc' dir='ltr'>δώδεκα</span> 
     </span>
    </p>
   </div>
   <div class='ocr_carea' id='block_1_47' title="bbox 345 3014 1923 3088">
    <p class='ocr_par' dir='ltr' id='par_1_47' title="bbox 345 3014 1923 3088">
     <span class='ocr_line' id='line_1_47' title="bbox 345 3014 1923 3088; baseline 0.006 -21"><span class='ocrx_word' id='word_1_386' title='bbox 345 3014 675 3078; x_wconf 77' lang='grc' dir='ltr'>ἀποστόλους</span> <span class='ocrx_word' id='word_1_387' title='bbox 736 3015 1113 3082; x_wconf 77' lang='grc' dir='ltr'>ἐξαπέστειλεν</span> <span class='ocrx_word' id='word_1_388' title='bbox 1166 3019 1564 3088; x_wconf 65' lang='grc' dir='ltr'>ἐπισκέψασθαι</span> <span class='ocrx_word' id='word_1_389' title='bbox 1625 3021 1800 3075; x_wconf 86' lang='grc' dir='ltr'>πάντα</span> <span class='ocrx_word' id='word_1_390' title='bbox 1853 3024 1923 3078; x_wconf 86' lang='grc' dir='ltr'><strong>τά</strong></span> 
     </span>
    </p>
   </div>
   <div class='ocr_carea' id='block_1_48' title="bbox 2023 2017 3594 2086">
    <p class='ocr_par' dir='ltr' id='par_1_48' title="bbox 2023 2017 3594 2086">
     <span class='ocr_line' id='line_1_48' title="bbox 2023 2017 3594 2086; baseline -0.001 -14"><span class='ocrx_word' id='word_1_391' title='bbox 2023 2018 2212 2072; x_wconf 85' lang='lat' dir='ltr'><strong>Exodo</strong></span> <span class='ocrx_word' id='word_1_392' title='bbox 2246 2037 2258 2070; x_wconf 89' lang='lat'>:</span> <span class='ocrx_word' id='word_1_393' title='bbox 2298 2036 2317 2067; x_wconf 75' lang='grc' dir='ltr'>σ</span> <span class='ocrx_word' id='word_1_394' title='bbox 2357 2017 2620 2072; x_wconf 80' lang='lat' dir='ltr'><strong>Dixerunt</strong></span> <span class='ocrx_word' id='word_1_395' title='bbox 2667 2018 2831 2086; x_wconf 85' lang='lat' dir='ltr'><strong>igitur</strong></span> <span class='ocrx_word' id='word_1_396' title='bbox 2871 2019 3238 2073; x_wconf 87' lang='lat' dir='ltr'><strong>incantatores</strong></span> <span class='ocrx_word' id='word_1_397' title='bbox 3282 2017 3594 2080; x_wconf 90' lang='lat' dir='ltr'><strong>Pharaoni,</strong></span> 
     </span>
    </p>
   </div>
   <div class='ocr_carea' id='block_1_49' title="bbox 2019 2107 3597 2179">
    <p class='ocr_par' dir='ltr' id='par_1_49' title="bbox 2019 2107 3597 2179">
     <span class='ocr_line' id='line_1_49' title="bbox 2019 2107 3597 2179; baseline 0 -17"><span class='ocrx_word' id='word_1_398' title='bbox 2019 2109 2223 2178; x_wconf 77' lang='lat' dir='ltr'><strong>digitus</strong></span> <span class='ocrx_word' id='word_1_399' title='bbox 2253 2107 2347 2164; x_wconf 88' lang='lat' dir='ltr'><strong>Dei</strong></span> <span class='ocrx_word' id='word_1_400' title='bbox 2390 2117 2476 2162; x_wconf 93' lang='lat' dir='ltr'><strong>est</strong></span> <span class='ocrx_word' id='word_1_401' title='bbox 2509 2109 2597 2162; x_wconf 87' lang='lat' dir='ltr'><strong>hic</strong></span> <span class='ocrx_word' id='word_1_402' title='bbox 2647 2109 2711 2164; x_wconf 85' lang='grc'><strong>¹⁷.</strong></span> <span class='ocrx_word' id='word_1_403' title='bbox 2766 2129 2784 2158; x_wconf 75' lang='grc' dir='ltr'><strong>ι</strong></span> <span class='ocrx_word' id='word_1_404' title='bbox 2817 2108 3003 2164; x_wconf 86' lang='lat' dir='ltr'><strong>Itidem</strong></span> <span class='ocrx_word' id='word_1_405' title='bbox 3033 2107 3191 2164; x_wconf 85' lang='lat' dir='ltr'><strong>Jesus</strong></span> <span class='ocrx_word' id='word_1_406' title='bbox 3234 2123 3471 2178; x_wconf 90' lang='lat' dir='ltr'><strong>quoque,</strong></span> <span class='ocrx_word' id='word_1_407' title='bbox 3501 2108 3597 2179; x_wconf 88' lang='lat' dir='ltr'><strong>qui</strong></span> 
     </span>
    </p>
   </div>
   <div class='ocr_carea' id='block_1_50' title="bbox 2019 2197 3598 2262">
    <p class='ocr_par' dir='ltr' id='par_1_50' title="bbox 2019 2197 3598 2262">
     <span class='ocr_line' id='line_1_50' title="bbox 2019 2197 3598 2262; baseline -0.001 -8"><span class='ocrx_word' id='word_1_408' title='bbox 2019 2200 2273 2256; x_wconf 76' lang='lat' dir='ltr'><strong>Christus</strong></span> <span class='ocrx_word' id='word_1_409' title='bbox 2305 2207 2390 2255; x_wconf 89' lang='lat' dir='ltr'><strong>est</strong></span> <span class='ocrx_word' id='word_1_410' title='bbox 2419 2199 2513 2254; x_wconf 90' lang='lat' dir='ltr'><strong>Dei</strong></span> <span class='ocrx_word' id='word_1_411' title='bbox 2539 2238 2555 2262; x_wconf 95' lang='lat'><strong>,</strong></span> <span class='ocrx_word' id='word_1_412' title='bbox 2580 2197 2871 2255; x_wconf 75' lang='lat' dir='ltr'><strong>Phariszeis</strong></span> <span class='ocrx_word' id='word_1_413' title='bbox 2893 2200 3108 2254; x_wconf 86' lang='lat' dir='ltr'><strong>dicehat</strong></span> <span class='ocrx_word' id='word_1_414' title='bbox 3146 2218 3158 2253; x_wconf 91' lang='lat'><strong>:</strong></span> <span class='ocrx_word' id='word_1_415' title='bbox 3191 2217 3208 2250; x_wconf 77' lang='grc' dir='ltr'><strong>ι</strong></span> <span class='ocrx_word' id='word_1_416' title='bbox 3240 2198 3298 2252; x_wconf 91' lang='lat' dir='ltr'><strong>Si</strong></span> <span class='ocrx_word' id='word_1_417' title='bbox 3330 2207 3508 2254; x_wconf 92' lang='lat' dir='ltr'><strong>autem</strong></span> <span class='ocrx_word' id='word_1_418' title='bbox 3543 2200 3598 2252; x_wconf 87' lang='lat' dir='ltr'><strong>in</strong></span> 
     </span>
    </p>
   </div>
   <div class='ocr_carea' id='block_1_51' title="bbox 2020 2287 3598 2360">
    <p class='ocr_par' dir='ltr' id='par_1_51' title="bbox 2020 2287 3598 2360">
     <span class='ocr_line' id='line_1_51' title="bbox 2020 2287 3598 2360; baseline 0.001 -16"><span class='ocrx_word' id='word_1_419' title='bbox 2020 2290 2191 2360; x_wconf 79' lang='lat' dir='ltr'><strong>digito</strong></span> <span class='ocrx_word' id='word_1_420' title='bbox 2223 2290 2316 2344; x_wconf 90' lang='lat' dir='ltr'><strong>Dei</strong></span> <span class='ocrx_word' id='word_1_421' title='bbox 2342 2289 2503 2358; x_wconf 91' lang='lat' dir='ltr'><strong>ejicio</strong></span> <span class='ocrx_word' id='word_1_422' title='bbox 2525 2289 2793 2344; x_wconf 74' lang='lat' dir='ltr'><strong>daemonia</strong></span> <span class='ocrx_word' id='word_1_423' title='bbox 2817 2290 2878 2343; x_wconf 73' lang='grc' dir='ltr'><strong>ιδ.</strong></span> <span class='ocrx_word' id='word_1_424' title='bbox 2911 2309 2930 2342; x_wconf 70' lang='grc' dir='ltr'><strong>ν</strong></span> <span class='ocrx_word' id='word_1_425' title='bbox 2957 2289 3036 2343; x_wconf 86' lang='lat' dir='ltr'><strong>Ad</strong></span> <span class='ocrx_word' id='word_1_426' title='bbox 3065 2289 3180 2343; x_wconf 68' lang='lat' dir='ltr'><strong>haec</strong></span> <span class='ocrx_word' id='word_1_427' title='bbox 3205 2289 3388 2343; x_wconf 90' lang='lat' dir='ltr'><strong>omnia</strong></span> <span class='ocrx_word' id='word_1_428' title='bbox 3415 2287 3598 2345; x_wconf 81' lang='lat' dir='ltr'><strong>Moses</strong></span> 
     </span>
    </p>
   </div>
   <div class='ocr_carea' id='block_1_52' title="bbox 2021 2379 3597 2436">
    <p class='ocr_par' dir='ltr' id='par_1_52' title="bbox 2021 2379 3597 2436">
     <span class='ocr_line' id='line_1_52' title="bbox 2021 2379 3597 2436; baseline -0.003 0"><span class='ocrx_word' id='word_1_429' title='bbox 2021 2380 2604 2436; x_wconf 88' lang='lat' dir='ltr'><strong>denominavitJesum</strong></span> <span class='ocrx_word' id='word_1_430' title='bbox 2653 2380 2818 2436; x_wconf 87' lang='lat' dir='ltr'><strong>Nave.</strong></span> <span class='ocrx_word' id='word_1_431' title='bbox 2872 2379 2994 2434; x_wconf 90' lang='lat' dir='ltr'><strong>Pari</strong></span> <span class='ocrx_word' id='word_1_432' title='bbox 3021 2380 3232 2434; x_wconf 90' lang='lat' dir='ltr'><strong>ratione</strong></span> <span class='ocrx_word' id='word_1_433' title='bbox 3279 2379 3441 2435; x_wconf 89' lang='lat' dir='ltr'><strong>etiam</strong></span> <span class='ocrx_word' id='word_1_434' title='bbox 3473 2379 3597 2433; x_wconf 83' lang='lat' dir='ltr'><strong>Sal-</strong></span> 
     </span>
    </p>
   </div>
   <div class='ocr_carea' id='block_1_53' title="bbox 2020 2471 3601 2542">
    <p class='ocr_par' dir='ltr' id='par_1_53' title="bbox 2020 2471 3601 2542">
     <span class='ocr_line' id='line_1_53' title="bbox 2020 2471 3601 2542; baseline -0.003 -12"><span class='ocrx_word' id='word_1_435' title='bbox 2020 2484 2178 2530; x_wconf 87' lang='lat' dir='ltr'><strong>vator</strong></span> <span class='ocrx_word' id='word_1_436' title='bbox 2209 2473 2486 2530; x_wconf 77' lang='lat' dir='ltr'><strong>Simdnem</strong></span> <span class='ocrx_word' id='word_1_437' title='bbox 2516 2474 2760 2529; x_wconf 85' lang='lat' dir='ltr'><strong>Petrum.-</strong></span> <span class='ocrx_word' id='word_1_438' title='bbox 2804 2475 2984 2542; x_wconf 86' lang='lat' dir='ltr'><strong>Atque</strong></span> <span class='ocrx_word' id='word_1_439' title='bbox 3017 2473 3146 2527; x_wconf 89' lang='lat' dir='ltr'><strong>item</strong></span> <span class='ocrx_word' id='word_1_440' title='bbox 3184 2471 3362 2527; x_wconf 84' lang='lat' dir='ltr'><strong>Moses</strong></span> <span class='ocrx_word' id='word_1_441' title='bbox 3391 2472 3601 2527; x_wconf 65' lang='lat' dir='ltr'><strong>constio</strong></span> 
     </span>
    </p>
   </div>
   <div class='ocr_carea' id='block_1_54' title="bbox 2021 2554 3586 2635">
    <p class='ocr_par' dir='ltr' id='par_1_54' title="bbox 2021 2554 3586 2635">
     <span class='ocr_line' id='line_1_54' title="bbox 2021 2554 3586 2635; baseline -0.002 -17"><span class='ocrx_word' id='word_1_442' title='bbox 2021 2565 2126 2619; x_wconf 89' lang='lat' dir='ltr'><strong>tuit</strong></span> <span class='ocrx_word' id='word_1_443' title='bbox 2157 2567 2357 2635; x_wconf 91' lang='lat' dir='ltr'><strong>populo</strong></span> <span class='ocrx_word' id='word_1_444' title='bbox 2383 2605 2398 2629; x_wconf 86' lang='lat'><strong>,</strong></span> <span class='ocrx_word' id='word_1_445' title='bbox 2433 2567 2524 2635; x_wconf 88' lang='lat' dir='ltr'><strong>qui</strong></span> <span class='ocrx_word' id='word_1_446' title='bbox 2575 2571 2872 2634; x_wconf 63' lang='lat' dir='ltr'><strong>praeessent</strong></span> <span class='ocrx_word' id='word_1_447' title='bbox 2900 2564 3266 2634; x_wconf 76' lang='lat' dir='ltr'><strong>septuaginta.</strong></span> <span class='ocrx_word' id='word_1_448' title='bbox 3305 2554 3586 2632; x_wconf 86' lang='lat' dir='ltr'><strong>Siquidem</strong></span> 
     </span>
    </p>
   </div>
   <div class='ocr_carea' id='block_1_55' title="bbox 2022 2651 3600 2724">
    <p class='ocr_par' dir='ltr' id='par_1_55' title="bbox 2022 2651 3600 2724">
     <span class='ocr_line' id='line_1_55' title="bbox 2022 2651 3600 2724; baseline -0.002 -16"><span class='ocrx_word' id='word_1_449' title='bbox 2022 2654 2156 2709; x_wconf 89' lang='lat' dir='ltr'><strong>dicit</strong></span> <span class='ocrx_word' id='word_1_450' title='bbox 2189 2653 2472 2724; x_wconf 87' lang='lat' dir='ltr'><strong>Scriptura</strong></span> <span class='ocrx_word' id='word_1_451' title='bbox 2503 2673 2514 2707; x_wconf 91' lang='lat'><strong>:</strong></span> <span class='ocrx_word' id='word_1_452' title='bbox 2553 2671 2572 2704; x_wconf 76' lang='grc' dir='ltr'><strong>ι</strong></span> <span class='ocrx_word' id='word_1_453' title='bbox 2611 2653 2890 2723; x_wconf 87' lang='lat' dir='ltr'><strong>Congrega</strong></span> <span class='ocrx_word' id='word_1_454' title='bbox 2923 2651 3054 2705; x_wconf 91' lang='lat' dir='ltr'><strong>mihi</strong></span> <span class='ocrx_word' id='word_1_455' title='bbox 3087 2653 3427 2723; x_wconf 85' lang='lat' dir='ltr'><strong>septuaginta</strong></span> <span class='ocrx_word' id='word_1_456' title='bbox 3450 2652 3600 2705; x_wconf 89' lang='lat' dir='ltr'><strong>viros</strong></span> 
     </span>
    </p>
   </div>
   <div class='ocr_carea' id='block_1_56' title="bbox 2022 2741 3595 2814">
    <p class='ocr_par' dir='ltr' id='par_1_56' title="bbox 2022 2741 3595 2814">
     <span class='ocr_line' id='line_1_56' title="bbox 2022 2741 3595 2814; baseline -0.003 -12"><span class='ocrx_word' id='word_1_457' title='bbox 2022 2747 2090 2802; x_wconf 93' lang='lat' dir='ltr'><strong>de</strong></span> <span class='ocrx_word' id='word_1_458' title='bbox 2116 2747 2428 2802; x_wconf 85' lang='lat' dir='ltr'><strong>senioribus</strong></span> <span class='ocrx_word' id='word_1_459' title='bbox 2459 2745 2624 2801; x_wconf 91' lang='lat' dir='ltr'><strong>Israel</strong></span> <span class='ocrx_word' id='word_1_460' title='bbox 2653 2781 2669 2811; x_wconf 93' lang='lat'><strong>,</strong></span> <span class='ocrx_word' id='word_1_461' title='bbox 2703 2753 2757 2800; x_wconf 91' lang='lat' dir='ltr'><strong>et</strong></span> <span class='ocrx_word' id='word_1_462' title='bbox 2788 2744 3030 2800; x_wconf 82' lang='lat' dir='ltr'><strong>auferam</strong></span> <span class='ocrx_word' id='word_1_463' title='bbox 3076 2743 3144 2799; x_wconf 91' lang='lat' dir='ltr'><strong>de</strong></span> <span class='ocrx_word' id='word_1_464' title='bbox 3169 2743 3365 2814; x_wconf 78' lang='lat' dir='ltr'><strong>Spiritu</strong></span> <span class='ocrx_word' id='word_1_465' title='bbox 3407 2743 3500 2812; x_wconf 91' lang='lat' dir='ltr'><strong>qui</strong></span> <span class='ocrx_word' id='word_1_466' title='bbox 3540 2741 3595 2798; x_wconf 76' lang='lat' dir='ltr'><strong>in</strong></span> 
     </span>
    </p>
   </div>
   <div class='ocr_carea' id='block_1_57' title="bbox 2023 2835 3600 2906">
    <p class='ocr_par' dir='ltr' id='par_1_57' title="bbox 2023 2835 3600 2906">
     <span class='ocr_line' id='line_1_57' title="bbox 2023 2835 3600 2906; baseline -0.001 -16"><span class='ocrx_word' id='word_1_467' title='bbox 2023 2847 2076 2892; x_wconf 93' lang='lat' dir='ltr'><strong>te</strong></span> <span class='ocrx_word' id='word_1_468' title='bbox 2108 2845 2232 2902; x_wconf 89' lang='lat' dir='ltr'><strong>est,</strong></span> <span class='ocrx_word' id='word_1_469' title='bbox 2265 2847 2319 2892; x_wconf 90' lang='lat' dir='ltr'><strong>et</strong></span> <span class='ocrx_word' id='word_1_470' title='bbox 2349 2838 2634 2894; x_wconf 90' lang='lat' dir='ltr'><strong>immittam</strong></span> <span class='ocrx_word' id='word_1_471' title='bbox 2671 2839 2724 2892; x_wconf 89' lang='lat' dir='ltr'><strong>in</strong></span> <span class='ocrx_word' id='word_1_472' title='bbox 2747 2852 2843 2892; x_wconf 93' lang='lat' dir='ltr'><strong>eos</strong></span> <span class='ocrx_word' id='word_1_473' title='bbox 2869 2855 2882 2890; x_wconf 86' lang='lat'><strong>:</strong></span> <span class='ocrx_word' id='word_1_474' title='bbox 2923 2846 2978 2891; x_wconf 89' lang='lat' dir='ltr'><strong>et</strong></span> <span class='ocrx_word' id='word_1_475' title='bbox 3007 2835 3355 2906; x_wconf 76' lang='lat' dir='ltr'><strong>congregavit</strong></span> <span class='ocrx_word' id='word_1_476' title='bbox 3381 2841 3600 2903; x_wconf 57' lang='lat' dir='ltr'><strong>septuml</strong></span> 
     </span>
    </p>
   </div>
   <div class='ocr_carea' id='block_1_58' title="bbox 2021 2925 3599 3001">
    <p class='ocr_par' dir='ltr' id='par_1_58' title="bbox 2021 2925 3599 3001">
     <span class='ocr_line' id='line_1_58' title="bbox 2021 2925 3599 3001; baseline -0.003 -19"><span class='ocrx_word' id='word_1_477' title='bbox 2021 2930 2170 3000; x_wconf 82' lang='lat' dir='ltr'><strong>ginta</strong></span> <span class='ocrx_word' id='word_1_478' title='bbox 2200 2931 2348 2986; x_wconf 89' lang='lat' dir='ltr'><strong>viros</strong></span> <span class='ocrx_word' id='word_1_479' title='bbox 2388 2930 2451 2982; x_wconf 86' lang='lat'><strong>&quot;.</strong></span> <span class='ocrx_word' id='word_1_480' title='bbox 2486 2949 2503 2981; x_wconf 75' lang='grc' dir='ltr'><strong>ι</strong></span> <span class='ocrx_word' id='word_1_481' title='bbox 2539 2929 2632 2984; x_wconf 90' lang='lat' dir='ltr'><strong>Sic</strong></span> <span class='ocrx_word' id='word_1_482' title='bbox 2655 2929 2818 2983; x_wconf 88' lang='lat' dir='ltr'><strong>etiam</strong></span> <span class='ocrx_word' id='word_1_483' title='bbox 2848 2929 2963 2998; x_wconf 88' lang='lat' dir='ltr'><strong>ipse</strong></span> <span class='ocrx_word' id='word_1_484' title='bbox 2993 2925 3242 3001; x_wconf 80' lang='lat' dir='ltr'><strong>Salvator</strong></span> <span class='ocrx_word' id='word_1_485' title='bbox 3281 2944 3298 2976; x_wconf 77' lang='grc' dir='ltr'><strong>ι</strong></span> <span class='ocrx_word' id='word_1_486' title='bbox 3342 2926 3599 2996; x_wconf 68' lang='grc' dir='ltr'><strong>ἀθείεηιιι</strong></span> 
     </span>
    </p>
   </div>
   <div class='ocr_carea' id='block_1_59' title="bbox 2022 3003 3599 3092">
    <p class='ocr_par' dir='ltr' id='par_1_59' title="bbox 2022 3003 3599 3092">
     <span class='ocr_line' id='line_1_59' title="bbox 2022 3003 3599 3092; baseline -0.003 -15"><span class='ocrx_word' id='word_1_487' title='bbox 2022 3024 2099 3077; x_wconf 84' lang='lat' dir='ltr'><strong>vit</strong></span> <span class='ocrx_word' id='word_1_488' title='bbox 2121 3037 2252 3078; x_wconf 92' lang='lat' dir='ltr'><strong>suos</strong></span> <span class='ocrx_word' id='word_1_489' title='bbox 2283 3022 2584 3092; x_wconf 87' lang='lat' dir='ltr'><strong>discipulos</strong></span> <span class='ocrx_word' id='word_1_490' title='bbox 2615 3003 2976 3091; x_wconf 71' lang='lat' dir='ltr'><strong>septuaginta,</strong></span> <span class='ocrx_word' id='word_1_491' title='bbox 3003 3027 3057 3074; x_wconf 91' lang='lat' dir='ltr'><strong>et</strong></span> <span class='ocrx_word' id='word_1_492' title='bbox 3102 3020 3248 3074; x_wconf 89' lang='lat' dir='ltr'><strong>misit</strong></span> <span class='ocrx_word' id='word_1_493' title='bbox 3283 3019 3440 3074; x_wconf 90' lang='lat' dir='ltr'><strong>binos</strong></span> <span class='ocrx_word' id='word_1_494' title='bbox 3469 3027 3599 3072; x_wconf 79' lang='lat' dir='ltr'><strong>ante</strong></span> 
     </span>
    </p>
   </div>
   <div class='ocr_carea' id='block_1_60' title="bbox 342 3105 1918 3182">
    <p class='ocr_par' dir='ltr' id='par_1_60' title="bbox 342 3105 1918 3182">
     <span class='ocr_line' id='line_1_60' title="bbox 342 3105 1918 3182; baseline 0.006 -24"><span class='ocrx_word' id='word_1_495' title='bbox 342 3105 492 3178; x_wconf 71' lang='grc' dir='ltr'>ἔθνη.</span> <span class='ocrx_word' id='word_1_496' title='bbox 530 3107 697 3160; x_wconf 88' lang='grc' dir='ltr'>Πάλιν</span> <span class='ocrx_word' id='word_1_497' title='bbox 726 3109 964 3179; x_wconf 82' lang='grc' dir='ltr'>Μωῦσῆς</span> <span class='ocrx_word' id='word_1_498' title='bbox 1011 3110 1290 3180; x_wconf 86' lang='grc' dir='ltr'>νομοθετεῖ</span> <span class='ocrx_word' id='word_1_499' title='bbox 1318 3111 1518 3179; x_wconf 80' lang='grc' dir='ltr'>λέγων·</span> <span class='ocrx_word' id='word_1_500' title='bbox 1562 3132 1580 3162; x_wconf 78' lang='grc' dir='ltr'><strong>ι</strong></span> <span class='ocrx_word' id='word_1_501' title='bbox 1623 3114 1695 3166; x_wconf 86' lang='grc' dir='ltr'>Ού</span> <span class='ocrx_word' id='word_1_502' title='bbox 1731 3115 1918 3182; x_wconf 84' lang='grc' dir='ltr'>φονεύ-</span> 
     </span>
    </p>
   </div>
   <div class='ocr_carea' id='block_1_61' title="bbox 2018 3105 3599 3182">
    <p class='ocr_par' dir='ltr' id='par_1_61' title="bbox 2026 3109 3599 3168">
     <span class='ocr_line' id='line_1_61' title="bbox 2026 3109 3599 3168; baseline -0.001 -2"><span class='ocrx_word' id='word_1_503' title='bbox 2026 3111 2218 3168; x_wconf 78' lang='lat' dir='ltr'><strong>faciem</strong></span> <span class='ocrx_word' id='word_1_504' title='bbox 2277 3128 2432 3167; x_wconf 88' lang='lat' dir='ltr'><strong>suam</strong></span> <span class='ocrx_word' id='word_1_505' title='bbox 2473 3114 2541 3168; x_wconf 73' lang='lat'><strong>’°.</strong></span> <span class='ocrx_word' id='word_1_506' title='bbox 2577 3132 2596 3164; x_wconf 67' lang='grc' dir='ltr'><strong>ι</strong></span> <span class='ocrx_word' id='word_1_507' title='bbox 2633 3111 2848 3167; x_wconf 82' lang='lat' dir='ltr'><strong>Rursus</strong></span> <span class='ocrx_word' id='word_1_508' title='bbox 2897 3110 3076 3166; x_wconf 80' lang='lat' dir='ltr'><strong>Moses</strong></span> <span class='ocrx_word' id='word_1_509' title='bbox 3120 3109 3406 3165; x_wconf 87' lang='lat' dir='ltr'><strong>duodecim</strong></span> <span class='ocrx_word' id='word_1_510' title='bbox 3449 3109 3599 3164; x_wconf 85' lang='lat' dir='ltr'><strong>viros</strong></span> 
     </span>
    </p>
   </div>
   <div class='ocr_carea' id='block_1_62' title="bbox 346 3198 1918 3278">
    <p class='ocr_par' dir='ltr' id='par_1_62' title="bbox 346 3198 1918 3278">
     <span class='ocr_line' id='line_1_62' title="bbox 346 3198 1918 3278; baseline 0.006 -28"><span class='ocrx_word' id='word_1_511' title='bbox 346 3213 482 3262; x_wconf 87' lang='grc' dir='ltr'>σεις,</span> <span class='ocrx_word' id='word_1_512' title='bbox 526 3199 586 3251; x_wconf 82' lang='grc' dir='ltr'><strong>οὐ</strong></span> <span class='ocrx_word' id='word_1_513' title='bbox 628 3198 866 3267; x_wconf 71' lang='grc' dir='ltr'>κλέψεις,</span> <span class='ocrx_word' id='word_1_514' title='bbox 911 3201 1011 3253; x_wconf 85' lang='grc' dir='ltr'><strong>οὐκ</strong></span> <span class='ocrx_word' id='word_1_515' title='bbox 1051 3203 1419 3273; x_wconf 87' lang='grc' dir='ltr'>ἐπιορκήσεις.</span> <span class='ocrx_word' id='word_1_516' title='bbox 1457 3222 1476 3254; x_wconf 84' lang='grc'>›</span> <span class='ocrx_word' id='word_1_517' title='bbox 1526 3203 1582 3256; x_wconf 90' lang='grc' dir='ltr'>Ὁ</span> <span class='ocrx_word' id='word_1_518' title='bbox 1627 3203 1684 3257; x_wconf 87' lang='grc' dir='ltr'>δὲ</span> <span class='ocrx_word' id='word_1_519' title='bbox 1730 3206 1918 3278; x_wconf 83' lang='grc' dir='ltr'>Σωτὴρ</span> 
     </span>
    </p>
   </div>
   <div class='ocr_carea' id='block_1_63' title="bbox 2018 3198 3595 3278">
    <p class='ocr_par' dir='ltr' id='par_1_63' title="bbox 2023 3200 3595 3274">
     <span class='ocr_line' id='line_1_63' title="bbox 2023 3200 3595 3274; baseline -0.004 -14"><span class='ocrx_word' id='word_1_520' title='bbox 2023 3205 2206 3260; x_wconf 88' lang='lat' dir='ltr'><strong>emisit</strong></span> <span class='ocrx_word' id='word_1_521' title='bbox 2257 3212 2458 3260; x_wconf 88' lang='lat' dir='ltr'><strong>terram</strong></span> <span class='ocrx_word' id='word_1_522' title='bbox 2517 3204 2900 3274; x_wconf 84' lang='lat' dir='ltr'><strong>exploraturos</strong></span> <span class='ocrx_word' id='word_1_523' title='bbox 2936 3204 3002 3256; x_wconf 86' lang='grc'><strong>²¹.</strong></span> <span class='ocrx_word' id='word_1_524' title='bbox 3043 3200 3242 3257; x_wconf 89' lang='lat' dir='ltr'><strong>Noster</strong></span> <span class='ocrx_word' id='word_1_525' title='bbox 3296 3201 3408 3274; x_wconf 62' lang='lat'><strong>94</strong></span> <span class='ocrx_word' id='word_1_526' title='bbox 3468 3202 3595 3256; x_wconf 90' lang='lat' dir='ltr'><strong>item</strong></span> 
     </span>
    </p>
   </div>
   <div class='ocr_carea' id='block_1_64' title="bbox 343 3286 1920 3363">
    <p class='ocr_par' dir='ltr' id='par_1_64' title="bbox 343 3286 1920 3363">
     <span class='ocr_line' id='line_1_64' title="bbox 343 3286 1920 3363; baseline 0.006 -24"><span class='ocrx_word' id='word_1_527' title='bbox 343 3286 523 3358; x_wconf 79' lang='grc' dir='ltr'>ἡμῶν,</span> <span class='ocrx_word' id='word_1_528' title='bbox 561 3289 845 3343; x_wconf 82' lang='grc' dir='ltr'>ἐπιτείνων</span> <span class='ocrx_word' id='word_1_529' title='bbox 890 3289 980 3341; x_wconf 81' lang='grc' dir='ltr'><strong>τὸν</strong></span> <span class='ocrx_word' id='word_1_530' title='bbox 1013 3290 1198 3360; x_wconf 89' lang='grc' dir='ltr'>νόμον,</span> <span class='ocrx_word' id='word_1_531' title='bbox 1244 3291 1303 3342; x_wconf 87' lang='grc' dir='ltr'><strong>ού</strong></span> <span class='ocrx_word' id='word_1_532' title='bbox 1349 3291 1411 3344; x_wconf 80' lang='grc' dir='ltr'>τὸ</span> <span class='ocrx_word' id='word_1_533' title='bbox 1451 3292 1693 3360; x_wconf 78' lang='grc' dir='ltr'>φονεύειν</span> <span class='ocrx_word' id='word_1_534' title='bbox 1739 3294 1920 3363; x_wconf 88' lang='grc' dir='ltr'>μόνον,</span> 
     </span>
    </p>
   </div>
   <div class='ocr_carea' id='block_1_65' title="bbox 342 3378 1921 3456">
    <p class='ocr_par' dir='ltr' id='par_1_65' title="bbox 342 3378 1921 3456">
     <span class='ocr_line' id='line_1_65' title="bbox 342 3378 1921 3456; baseline 0.006 -26"><span class='ocrx_word' id='word_1_535' title='bbox 342 3378 482 3431; x_wconf 87' lang='grc' dir='ltr'><strong>ἀλλά</strong></span> <span class='ocrx_word' id='word_1_536' title='bbox 526 3381 617 3432; x_wconf 76' lang='grc' dir='ltr'><strong>καὶ</strong></span> <span class='ocrx_word' id='word_1_537' title='bbox 660 3380 721 3431; x_wconf 85' lang='grc' dir='ltr'><strong>τὸ</strong></span> <span class='ocrx_word' id='word_1_538' title='bbox 767 3379 1070 3449; x_wconf 85' lang='grc' dir='ltr'>θυμοῦσθαι</span> <span class='ocrx_word' id='word_1_539' title='bbox 1117 3381 1484 3452; x_wconf 84' lang='grc' dir='ltr'>ἀπαγορεύει·</span> <span class='ocrx_word' id='word_1_540' title='bbox 1531 3384 1651 3436; x_wconf 83' lang='grc' dir='ltr'>ἀντὶ</span> <span class='ocrx_word' id='word_1_541' title='bbox 1696 3383 1792 3437; x_wconf 87' lang='grc' dir='ltr'><strong>τοῦ</strong></span> <span class='ocrx_word' id='word_1_542' title='bbox 1846 3384 1921 3456; x_wconf 82' lang='grc' dir='ltr'>μὴ</span> 
     </span>
    </p>
   </div>
   <div class='ocr_carea' id='block_1_66' title="bbox 256 3469 1922 3549">
    <p class='ocr_par' dir='ltr' id='par_1_66' title="bbox 256 3469 1922 3549">
     <span class='ocr_line' id='line_1_66' title="bbox 256 3469 1922 3549; baseline 0.008 -30"><span class='ocrx_word' id='word_1_543' title='bbox 256 3543 262 3547; x_wconf 29' lang='grc'><strong>,</strong></span> <span class='ocrx_word' id='word_1_544' title='bbox 349 3469 640 3539; x_wconf 81' lang='grc' dir='ltr'>μοιχεύειν,</span> <span class='ocrx_word' id='word_1_545' title='bbox 691 3470 812 3540; x_wconf 85' lang='grc' dir='ltr'>μηδ’</span> <span class='ocrx_word' id='word_1_546' title='bbox 842 3470 1134 3540; x_wconf 77' lang='grc' dir='ltr'>ἐμϐλέπειν</span> <span class='ocrx_word' id='word_1_547' title='bbox 1178 3475 1400 3542; x_wconf 76' lang='grc' dir='ltr'>γυναικὶ</span> <span class='ocrx_word' id='word_1_548' title='bbox 1442 3475 1579 3546; x_wconf 82' lang='grc' dir='ltr'><strong>μετά</strong></span> <span class='ocrx_word' id='word_1_549' title='bbox 1629 3478 1922 3549; x_wconf 80' lang='grc' dir='ltr'>ἐπιθυμίας</span> 
     </span>
    </p>
   </div>
   <div class='ocr_carea' id='block_1_67' title="bbox 351 3561 1922 3638">
    <p class='ocr_par' dir='ltr' id='par_1_67' title="bbox 351 3561 1922 3638">
     <span class='ocr_line' id='line_1_67' title="bbox 351 3561 1922 3638; baseline 0.008 -25"><span class='ocrx_word' id='word_1_550' title='bbox 351 3561 647 3614; x_wconf 84' lang='grc' dir='ltr'>ἀκολάστου</span> <span class='ocrx_word' id='word_1_551' title='bbox 695 3567 975 3633; x_wconf 71' lang='grc' dir='ltr'>παραινεῐο</span> <span class='ocrx_word' id='word_1_552' title='bbox 1020 3565 1138 3618; x_wconf 81' lang='grc' dir='ltr'>ἀντί</span> <span class='ocrx_word' id='word_1_553' title='bbox 1181 3583 1240 3619; x_wconf 89' lang='grc' dir='ltr'><strong>τε</strong></span> <span class='ocrx_word' id='word_1_554' title='bbox 1286 3566 1379 3620; x_wconf 88' lang='grc' dir='ltr'><strong>τοῦ</strong></span> <span class='ocrx_word' id='word_1_555' title='bbox 1426 3567 1500 3638; x_wconf 82' lang='grc' dir='ltr'>μὴ</span> <span class='ocrx_word' id='word_1_556' title='bbox 1545 3568 1816 3635; x_wconf 83' lang='grc' dir='ltr'>κλέπτειν,</span> <span class='ocrx_word' id='word_1_557' title='bbox 1853 3572 1922 3625; x_wconf 82' lang='grc' dir='ltr'>τὰ</span> 
     </span>
    </p>
   </div>
   <div class='ocr_carea' id='block_1_68' title="bbox 344 3653 1922 3734">
    <p class='ocr_par' dir='ltr' id='par_1_68' title="bbox 344 3653 1922 3734">
     <span class='ocr_line' id='line_1_68' title="bbox 344 3653 1922 3734; baseline 0.008 -31"><span class='ocrx_word' id='word_1_558' title='bbox 344 3653 521 3704; x_wconf 80' lang='grc' dir='ltr'>οἰκεῖα</span> <span class='ocrx_word' id='word_1_559' title='bbox 553 3656 666 3716; x_wconf 88' lang='grc' dir='ltr'>τοῖς</span> <span class='ocrx_word' id='word_1_560' title='bbox 707 3654 910 3708; x_wconf 88' lang='grc' dir='ltr'>ἐνδεέσι</span> <span class='ocrx_word' id='word_1_561' title='bbox 953 3657 1237 3728; x_wconf 82' lang='grc' dir='ltr'>προΐεσθαι</span> <span class='ocrx_word' id='word_1_562' title='bbox 1273 3660 1597 3729; x_wconf 85' lang='grc' dir='ltr'>προστάττει</span> <span class='ocrx_word' id='word_1_563' title='bbox 1621 3680 1634 3693; x_wconf 80' lang='grc' dir='ltr'><strong><em>ο</em></strong></span> <span class='ocrx_word' id='word_1_564' title='bbox 1677 3663 1922 3734; x_wconf 73' lang='grc' dir='ltr'>ὑπερϐὰς</span> 
     </span>
    </p>
   </div>
   <div class='ocr_carea' id='block_1_69' title="bbox 345 3742 1927 3826">
    <p class='ocr_par' dir='ltr' id='par_1_69' title="bbox 345 3742 1927 3826">
     <span class='ocr_line' id='line_1_69' title="bbox 345 3742 1927 3826; baseline 0.007 -28"><span class='ocrx_word' id='word_1_565' title='bbox 345 3742 404 3798; x_wconf 75' lang='grc' dir='ltr'><strong>δὲ</strong></span> <span class='ocrx_word' id='word_1_566' title='bbox 428 3745 520 3796; x_wconf 78' lang='grc' dir='ltr'><strong>καὶ</strong></span> <span class='ocrx_word' id='word_1_567' title='bbox 547 3745 608 3797; x_wconf 88' lang='grc' dir='ltr'><strong>τὸ</strong></span> <span class='ocrx_word' id='word_1_568' title='bbox 652 3747 945 3817; x_wconf 81' lang='grc' dir='ltr'>ἐπιορκεῖν,</span> <span class='ocrx_word' id='word_1_569' title='bbox 993 3749 1090 3819; x_wconf 83' lang='grc' dir='ltr'>τὴν</span> <span class='ocrx_word' id='word_1_570' title='bbox 1133 3751 1308 3821; x_wconf 83' lang='grc' dir='ltr'>ἀρχὴν</span> <span class='ocrx_word' id='word_1_571' title='bbox 1339 3753 1472 3822; x_wconf 88' lang='grc' dir='ltr'>μηδὲ</span> <span class='ocrx_word' id='word_1_572' title='bbox 1499 3753 1726 3822; x_wconf 84' lang='grc' dir='ltr'>ὀμνύναι</span> <span class='ocrx_word' id='word_1_573' title='bbox 1763 3773 1927 3826; x_wconf 88' lang='grc' dir='ltr'>νομο-</span> 
     </span>
    </p>
   </div>
   <div class='ocr_carea' id='block_1_70' title="bbox 346 3838 1924 3914">
    <p class='ocr_par' dir='ltr' id='par_1_70' title="bbox 346 3838 1924 3914">
     <span class='ocr_line' id='line_1_70' title="bbox 346 3838 1924 3914; baseline 0.005 -23"><span class='ocrx_word' id='word_1_574' title='bbox 346 3838 514 3893; x_wconf 88' lang='grc' dir='ltr'>θετεῖ.</span> <span class='ocrx_word' id='word_1_575' title='bbox 548 3843 655 3894; x_wconf 83' lang='grc' dir='ltr'>Καὶ</span> <span class='ocrx_word' id='word_1_576' title='bbox 691 3843 744 3894; x_wconf 85' lang='grc' dir='ltr'><strong>τί</strong></span> <span class='ocrx_word' id='word_1_577' title='bbox 781 3861 846 3913; x_wconf 88' lang='grc' dir='ltr'><strong>με</strong></span> <span class='ocrx_word' id='word_1_578' title='bbox 873 3844 953 3896; x_wconf 82' lang='grc' dir='ltr'><strong>δεῖ</strong></span> <span class='ocrx_word' id='word_1_579' title='bbox 989 3843 1249 3914; x_wconf 83' lang='grc' dir='ltr'>μηκύνειν</span> <span class='ocrx_word' id='word_1_580' title='bbox 1281 3845 1374 3898; x_wconf 77' lang='grc' dir='ltr'>τὸν</span> <span class='ocrx_word' id='word_1_581' title='bbox 1411 3846 1568 3913; x_wconf 91' lang='grc' dir='ltr'>λόγον</span> <span class='ocrx_word' id='word_1_582' title='bbox 1598 3847 1679 3909; x_wconf 89' lang='grc' dir='ltr'><strong>είς</strong></span> <span class='ocrx_word' id='word_1_583' title='bbox 1707 3846 1924 3899; x_wconf 82' lang='grc' dir='ltr'>ἀπόδει-</span> 
     </span>
    </p>
   </div>
   <div class='ocr_carea' id='block_1_71' title="bbox 346 3929 1925 4009">
    <p class='ocr_par' dir='ltr' id='par_1_71' title="bbox 346 3929 1925 4009">
     <span class='ocr_line' id='line_1_71' title="bbox 346 3929 1925 4009; baseline 0.005 -26"><span class='ocrx_word' id='word_1_584' title='bbox 346 3929 429 3996; x_wconf 75' lang='grc' dir='ltr'><strong>ξιν</strong></span> <span class='ocrx_word' id='word_1_585' title='bbox 463 3931 555 3984; x_wconf 90' lang='grc' dir='ltr'><strong>τοῦ</strong></span> <span class='ocrx_word' id='word_1_586' title='bbox 587 3933 654 3985; x_wconf 79' lang='grc' dir='ltr'>τὰ</span> <span class='ocrx_word' id='word_1_587' title='bbox 686 3933 1059 4004; x_wconf 83' lang='grc' dir='ltr'>παραπλήσια,</span> <span class='ocrx_word' id='word_1_588' title='bbox 1097 3936 1192 3988; x_wconf 75' lang='grc' dir='ltr'>καὶ</span> <span class='ocrx_word' id='word_1_589' title='bbox 1220 3938 1385 4004; x_wconf 82' lang='grc' dir='ltr'>ἐγγὺς</span> <span class='ocrx_word' id='word_1_590' title='bbox 1419 3936 1660 4008; x_wconf 87' lang='grc' dir='ltr'>ἀλλήλων</span> <span class='ocrx_word' id='word_1_591' title='bbox 1693 3954 1925 4009; x_wconf 83' lang='grc' dir='ltr'>πεποιη-</span> 
     </span>
    </p>
   </div>
   <div class='ocr_carea' id='block_1_72' title="bbox 346 4022 1920 4100">
    <p class='ocr_par' dir='ltr' id='par_1_72' title="bbox 346 4022 1920 4100">
     <span class='ocr_line' id='line_1_72' title="bbox 346 4022 1920 4100; baseline 0.005 -26"><span class='ocrx_word' id='word_1_592' title='bbox 346 4022 500 4075; x_wconf 87' lang='grc' dir='ltr'>κέναι</span> <span class='ocrx_word' id='word_1_593' title='bbox 539 4025 777 4078; x_wconf 81' lang='grc' dir='ltr'>Μωῦσέα</span> <span class='ocrx_word' id='word_1_594' title='bbox 821 4026 912 4078; x_wconf 77' lang='grc' dir='ltr'><strong>καὶ</strong></span> <span class='ocrx_word' id='word_1_595' title='bbox 954 4025 1155 4096; x_wconf 85' lang='grc' dir='ltr'>Ἰησοῦν</span> <span class='ocrx_word' id='word_1_596' title='bbox 1195 4027 1285 4080; x_wconf 83' lang='grc' dir='ltr'><strong>τὸν</strong></span> <span class='ocrx_word' id='word_1_597' title='bbox 1327 4029 1556 4100; x_wconf 81' lang='grc' dir='ltr'>Σωτῆρα</span> <span class='ocrx_word' id='word_1_598' title='bbox 1595 4030 1686 4082; x_wconf 71' lang='grc' dir='ltr'><strong>καὶ</strong></span> <span class='ocrx_word' id='word_1_599' title='bbox 1717 4029 1920 4100; x_wconf 86' lang='grc' dir='ltr'>Κύριον</span> 
     </span>
    </p>
   </div>
   <div class='ocr_carea' id='block_1_73' title="bbox 344 4115 1920 4190">
    <p class='ocr_par' dir='ltr' id='par_1_73' title="bbox 344 4115 1920 4190">
     <span class='ocr_line' id='line_1_73' title="bbox 344 4115 1920 4190; baseline 0.004 -25"><span class='ocrx_word' id='word_1_600' title='bbox 344 4115 536 4184; x_wconf 57' lang='lat' dir='ltr'><strong>mum;</strong></span> <span class='ocrx_word' id='word_1_601' title='bbox 589 4117 791 4184; x_wconf 83' lang='grc' dir='ltr'>Παρὺν,</span> <span class='ocrx_word' id='word_1_602' title='bbox 832 4118 938 4187; x_wconf 84' lang='grc' dir='ltr'><strong>ὅτῳ</strong></span> <span class='ocrx_word' id='word_1_603' title='bbox 987 4117 1156 4186; x_wconf 78' lang='grc' dir='ltr'>φίλον,</span> <span class='ocrx_word' id='word_1_604' title='bbox 1201 4121 1294 4172; x_wconf 60' lang='grc' dir='ltr'><strong>ἐπὶ¹</strong></span> <span class='ocrx_word' id='word_1_605' title='bbox 1331 4121 1524 4190; x_wconf 82' lang='grc' dir='ltr'>σχολῆς</span> <span class='ocrx_word' id='word_1_606' title='bbox 1559 4120 1920 4186; x_wconf 79' lang='grc' dir='ltr'>ἀναλέξασθαι</span> 
     </span>
    </p>
   </div>
   <div class='ocr_carea' id='block_1_74' title="bbox 346 4202 1920 4279">
    <p class='ocr_par' dir='ltr' id='par_1_74' title="bbox 346 4202 1920 4279">
     <span class='ocr_line' id='line_1_74' title="bbox 346 4202 1920 4279; baseline 0.005 -25"><span class='ocrx_word' id='word_1_607' title='bbox 346 4202 534 4256; x_wconf 89' lang='grc' dir='ltr'>ταῦτα.</span> <span class='ocrx_word' id='word_1_608' title='bbox 573 4205 724 4257; x_wconf 82' lang='grc' dir='ltr'>Ἐπεὶ</span> <span class='ocrx_word' id='word_1_609' title='bbox 751 4207 844 4258; x_wconf 75' lang='grc' dir='ltr'><strong>καὶ</strong></span> <span class='ocrx_word' id='word_1_610' title='bbox 879 4209 968 4259; x_wconf 87' lang='grc' dir='ltr'><strong>τὸν</strong></span> <span class='ocrx_word' id='word_1_611' title='bbox 1001 4207 1228 4260; x_wconf 82' lang='grc' dir='ltr'>θάνατον</span> <span class='ocrx_word' id='word_1_612' title='bbox 1268 4208 1545 4272; x_wconf 85' lang='grc' dir='ltr'>Μωῦσέως</span> <span class='ocrx_word' id='word_1_613' title='bbox 1581 4209 1782 4279; x_wconf 82' lang='grc' dir='ltr'>μηδένα</span> <span class='ocrx_word' id='word_1_614' title='bbox 1807 4226 1920 4277; x_wconf 80' lang='grc' dir='ltr'><strong>φα-</strong></span> 
     </span>
    </p>
   </div>
   <div class='ocr_carea' id='block_1_75' title="bbox 347 4292 1916 4370">
    <p class='ocr_par' dir='ltr' id='par_1_75' title="bbox 347 4292 1916 4370">
     <span class='ocr_line' id='line_1_75' title="bbox 347 4292 1916 4370; baseline 0.004 -26"><span class='ocrx_word' id='word_1_615' title='bbox 347 4292 432 4345; x_wconf 73' lang='grc' dir='ltr'><strong>σὶν</strong></span> <span class='ocrx_word' id='word_1_616' title='bbox 469 4295 784 4360; x_wconf 84' lang='grc' dir='ltr'>ἐγνωκέναι,</span> <span class='ocrx_word' id='word_1_617' title='bbox 839 4296 970 4365; x_wconf 84' lang='grc' dir='ltr'><strong>μηδέ</strong></span> <span class='ocrx_word' id='word_1_618' title='bbox 1003 4296 1100 4366; x_wconf 81' lang='grc' dir='ltr'>τὴν</span> <span class='ocrx_word' id='word_1_619' title='bbox 1138 4297 1314 4369; x_wconf 82' lang='grc' dir='ltr'>ταφὴν</span> <span class='ocrx_word' id='word_1_620' title='bbox 1346 4297 1510 4350; x_wconf 84' lang='grc' dir='ltr'>αὑτοῦ</span> <span class='ocrx_word' id='word_1_621' title='bbox 1535 4315 1547 4328; x_wconf 71' lang='grc' dir='ltr'><strong><em>ο</em></strong></span> <span class='ocrx_word' id='word_1_622' title='bbox 1591 4298 1780 4370; x_wconf 84' lang='grc' dir='ltr'>ὥσπερ</span> <span class='ocrx_word' id='word_1_623' title='bbox 1824 4295 1916 4353; x_wconf 79' lang='grc' dir='ltr'><strong>οὖν</strong></span> 
     </span>
    </p>
   </div>
   <div class='ocr_carea' id='block_1_76' title="bbox 342 4384 1917 4461">
    <p class='ocr_par' dir='ltr' id='par_1_76' title="bbox 342 4384 1917 4461">
     <span class='ocr_line' id='line_1_76' title="bbox 342 4384 1917 4461; baseline 0.004 -26"><span class='ocrx_word' id='word_1_624' title='bbox 342 4384 466 4436; x_wconf 77' lang='grc' dir='ltr'>οὐδὲ</span> <span class='ocrx_word' id='word_1_625' title='bbox 493 4385 586 4437; x_wconf 91' lang='grc' dir='ltr'><strong>τοῦ</strong></span> <span class='ocrx_word' id='word_1_626' title='bbox 613 4387 861 4457; x_wconf 85' lang='grc' dir='ltr'>Σωτῆρος</span> <span class='ocrx_word' id='word_1_627' title='bbox 906 4387 1061 4456; x_wconf 82' lang='grc' dir='ltr'>ἡμῶν</span> <span class='ocrx_word' id='word_1_628' title='bbox 1095 4387 1192 4459; x_wconf 81' lang='grc' dir='ltr'>τὴν</span> <span class='ocrx_word' id='word_1_629' title='bbox 1228 4388 1365 4458; x_wconf 82' lang='grc' dir='ltr'>μετὰ</span> <span class='ocrx_word' id='word_1_630' title='bbox 1390 4389 1490 4461; x_wconf 85' lang='grc' dir='ltr'>τὴν</span> <span class='ocrx_word' id='word_1_631' title='bbox 1519 4389 1808 4444; x_wconf 74' lang='grc' dir='ltr'>ἀναϐίωσιν</span> <span class='ocrx_word' id='word_1_632' title='bbox 1836 4392 1917 4455; x_wconf 84' lang='grc' dir='ltr'><strong>είς</strong></span> 
     </span>
    </p>
   </div>
   <div class='ocr_carea' id='block_1_77' title="bbox 2001 3289 3596 3363">
    <p class='ocr_par' dir='ltr' id='par_1_77' title="bbox 2001 3289 3596 3363">
     <span class='ocr_line' id='line_1_77' title="bbox 2001 3289 3596 3363; baseline -0.004 -15"><span class='ocrx_word' id='word_1_633' title='bbox 2001 3292 2296 3360; x_wconf 78' lang='lat' dir='ltr'><strong>Salvator,</strong></span> <span class='ocrx_word' id='word_1_634' title='bbox 2355 3294 2635 3363; x_wconf 90' lang='lat' dir='ltr'><strong>multoque</strong></span> <span class='ocrx_word' id='word_1_635' title='bbox 2687 3291 2849 3346; x_wconf 88' lang='lat' dir='ltr'><strong>etiam</strong></span> <span class='ocrx_word' id='word_1_636' title='bbox 2899 3290 3246 3361; x_wconf 71' lang='lat' dir='ltr'><strong>praestantius</strong></span> <span class='ocrx_word' id='word_1_637' title='bbox 3308 3289 3596 3344; x_wconf 89' lang='lat' dir='ltr'><strong>duodecim</strong></span> 
     </span>
    </p>
   </div>
   <div class='ocr_carea' id='block_1_78' title="bbox 2021 3378 3592 3453">
    <p class='ocr_par' dir='ltr' id='par_1_78' title="bbox 2021 3378 3592 3453">
     <span class='ocr_line' id='line_1_78' title="bbox 2021 3378 3592 3453; baseline -0.005 -16"><span class='ocrx_word' id='word_1_638' title='bbox 2021 3384 2297 3453; x_wconf 85' lang='lat' dir='ltr'><strong>apostolos</strong></span> <span class='ocrx_word' id='word_1_639' title='bbox 2323 3383 2539 3448; x_wconf 84' lang='lat' dir='ltr'><strong>emisit,</strong></span> <span class='ocrx_word' id='word_1_640' title='bbox 2585 3382 2652 3436; x_wconf 94' lang='lat' dir='ltr'><strong>ad</strong></span> <span class='ocrx_word' id='word_1_641' title='bbox 2685 3379 3054 3452; x_wconf 87' lang='lat' dir='ltr'><strong>inspiciendas</strong></span> <span class='ocrx_word' id='word_1_642' title='bbox 3085 3393 3277 3434; x_wconf 89' lang='lat' dir='ltr'><strong>omnes</strong></span> <span class='ocrx_word' id='word_1_643' title='bbox 3309 3387 3497 3447; x_wconf 80' lang='lat' dir='ltr'><strong>gentes</strong></span> <span class='ocrx_word' id='word_1_644' title='bbox 3524 3378 3592 3429; x_wconf 77' lang='grc'><strong>¹².</strong></span> 
     </span>
    </p>
   </div>
   <div class='ocr_carea' id='block_1_79' title="bbox 2019 3468 3596 3542">
    <p class='ocr_par' dir='ltr' id='par_1_79' title="bbox 2019 3468 3596 3542">
     <span class='ocr_line' id='line_1_79' title="bbox 2019 3468 3596 3542; baseline -0.002 -16"><span class='ocrx_word' id='word_1_645' title='bbox 2019 3471 2234 3530; x_wconf 83' lang='lat' dir='ltr'><strong>Rursus</strong></span> <span class='ocrx_word' id='word_1_646' title='bbox 2287 3472 2464 3528; x_wconf 84' lang='lat' dir='ltr'><strong>Moses</strong></span> <span class='ocrx_word' id='word_1_647' title='bbox 2509 3473 2662 3542; x_wconf 89' lang='lat' dir='ltr'><strong>ponit</strong></span> <span class='ocrx_word' id='word_1_648' title='bbox 2712 3473 2884 3542; x_wconf 89' lang='lat' dir='ltr'><strong>legem</strong></span> <span class='ocrx_word' id='word_1_649' title='bbox 2932 3486 3054 3541; x_wconf 69' lang='lat' dir='ltr'><strong>quae</strong></span> <span class='ocrx_word' id='word_1_650' title='bbox 3087 3469 3253 3523; x_wconf 87' lang='lat' dir='ltr'><strong>dicit:</strong></span> <span class='ocrx_word' id='word_1_651' title='bbox 3297 3487 3316 3520; x_wconf 72' lang='grc' dir='ltr'><strong>ι</strong></span> <span class='ocrx_word' id='word_1_652' title='bbox 3353 3468 3471 3523; x_wconf 83' lang='lat' dir='ltr'><strong>Non</strong></span> <span class='ocrx_word' id='word_1_653' title='bbox 3503 3484 3596 3523; x_wconf 78' lang='lat' dir='ltr'><strong>oc-</strong></span> 
     </span>
    </p>
   </div>
   <div class='ocr_carea' id='block_1_80' title="bbox 2019 3554 3593 3630">
    <p class='ocr_par' dir='ltr' id='par_1_80' title="bbox 2019 3554 3593 3630">
     <span class='ocr_line' id='line_1_80' title="bbox 2019 3554 3593 3630; baseline -0.003 -13"><span class='ocrx_word' id='word_1_654' title='bbox 2019 3564 2191 3630; x_wconf 87' lang='lat' dir='ltr'><strong>cides,</strong></span> <span class='ocrx_word' id='word_1_655' title='bbox 2219 3579 2326 3618; x_wconf 92' lang='lat' dir='ltr'><strong>non</strong></span> <span class='ocrx_word' id='word_1_656' title='bbox 2359 3564 2741 3626; x_wconf 76' lang='lat' dir='ltr'><strong>mmohaberis,</strong></span> <span class='ocrx_word' id='word_1_657' title='bbox 2775 3579 2882 3617; x_wconf 90' lang='lat' dir='ltr'><strong>non</strong></span> <span class='ocrx_word' id='word_1_658' title='bbox 2914 3561 3206 3624; x_wconf 86' lang='lat' dir='ltr'><strong>furaberis,</strong></span> <span class='ocrx_word' id='word_1_659' title='bbox 3241 3575 3348 3615; x_wconf 92' lang='lat' dir='ltr'><strong>non</strong></span> <span class='ocrx_word' id='word_1_660' title='bbox 3379 3554 3593 3628; x_wconf 60' lang='lat' dir='ltr'><strong>pejerac</strong></span> 
     </span>
    </p>
   </div>
   <div class='ocr_carea' id='block_1_81' title="bbox 2020 3653 3597 3724">
    <p class='ocr_par' dir='ltr' id='par_1_81' title="bbox 2020 3653 3597 3724">
     <span class='ocr_line' id='line_1_81' title="bbox 2020 3653 3597 3724; baseline -0.003 -14"><span class='ocrx_word' id='word_1_661' title='bbox 2020 3655 2106 3710; x_wconf 89' lang='lat' dir='ltr'><strong>bis</strong></span> <span class='ocrx_word' id='word_1_662' title='bbox 2132 3655 2198 3712; x_wconf 84' lang='lat'><strong>”.</strong></span> <span class='ocrx_word' id='word_1_663' title='bbox 2236 3675 2254 3706; x_wconf 74' lang='grc' dir='ltr'><strong>ι</strong></span> <span class='ocrx_word' id='word_1_664' title='bbox 2283 3655 2352 3708; x_wconf 83' lang='lat' dir='ltr'><strong>At</strong></span> <span class='ocrx_word' id='word_1_665' title='bbox 2383 3653 2634 3710; x_wconf 89' lang='lat' dir='ltr'><strong>Salvator</strong></span> <span class='ocrx_word' id='word_1_666' title='bbox 2669 3663 2855 3710; x_wconf 90' lang='lat' dir='ltr'><strong>noster</strong></span> <span class='ocrx_word' id='word_1_667' title='bbox 2885 3654 3002 3724; x_wconf 88' lang='lat' dir='ltr'><strong>lege</strong></span> <span class='ocrx_word' id='word_1_668' title='bbox 3031 3655 3329 3724; x_wconf 83' lang='lat' dir='ltr'><strong>proposita,</strong></span> <span class='ocrx_word' id='word_1_669' title='bbox 3363 3667 3470 3706; x_wconf 91' lang='lat' dir='ltr'><strong>non</strong></span> <span class='ocrx_word' id='word_1_670' title='bbox 3503 3668 3597 3705; x_wconf 91' lang='lat' dir='ltr'><strong>oc-</strong></span> 
     </span>
    </p>
   </div>
   <div class='ocr_carea' id='block_1_82' title="bbox 2021 3749 3598 3819">
    <p class='ocr_par' dir='ltr' id='par_1_82' title="bbox 2021 3749 3598 3819">
     <span class='ocr_line' id='line_1_82' title="bbox 2021 3749 3598 3819; baseline -0.001 -15"><span class='ocrx_word' id='word_1_671' title='bbox 2021 3751 2206 3806; x_wconf 90' lang='lat' dir='ltr'><strong>cidere</strong></span> <span class='ocrx_word' id='word_1_672' title='bbox 2233 3752 2434 3816; x_wconf 91' lang='lat' dir='ltr'><strong>solum,</strong></span> <span class='ocrx_word' id='word_1_673' title='bbox 2465 3750 2560 3806; x_wconf 88' lang='lat' dir='ltr'><strong>sed</strong></span> <span class='ocrx_word' id='word_1_674' title='bbox 2585 3751 2752 3805; x_wconf 89' lang='lat' dir='ltr'><strong>etiam</strong></span> <span class='ocrx_word' id='word_1_675' title='bbox 2804 3749 2966 3804; x_wconf 90' lang='lat' dir='ltr'><strong>irasci</strong></span> <span class='ocrx_word' id='word_1_676' title='bbox 3020 3750 3272 3819; x_wconf 89' lang='lat' dir='ltr'><strong>prohibet</strong></span> <span class='ocrx_word' id='word_1_677' title='bbox 3301 3749 3368 3813; x_wconf 66' lang='grc'><strong>³⁵,</strong></span> <span class='ocrx_word' id='word_1_678' title='bbox 3399 3758 3453 3803; x_wconf 93' lang='lat' dir='ltr'><strong>et</strong></span> <span class='ocrx_word' id='word_1_679' title='bbox 3497 3765 3598 3818; x_wconf 81' lang='lat' dir='ltr'><strong>pro</strong></span> 
     </span>
    </p>
   </div>
   <div class='ocr_carea' id='block_1_83' title="bbox 2020 3841 3598 3912">
    <p class='ocr_par' dir='ltr' id='par_1_83' title="bbox 2020 3841 3598 3912">
     <span class='ocr_line' id='line_1_83' title="bbox 2020 3841 3598 3912; baseline -0.003 -15"><span class='ocrx_word' id='word_1_680' title='bbox 2020 3859 2086 3897; x_wconf 89' lang='lat' dir='ltr'><strong>eo</strong></span> <span class='ocrx_word' id='word_1_681' title='bbox 2114 3843 2257 3912; x_wconf 89' lang='lat' dir='ltr'><strong>quod</strong></span> <span class='ocrx_word' id='word_1_682' title='bbox 2293 3843 2499 3897; x_wconf 91' lang='lat' dir='ltr'><strong>dictum</strong></span> <span class='ocrx_word' id='word_1_683' title='bbox 2535 3851 2638 3907; x_wconf 87' lang='lat' dir='ltr'><strong>est,</strong></span> <span class='ocrx_word' id='word_1_684' title='bbox 2674 3857 2784 3896; x_wconf 91' lang='lat' dir='ltr'><strong>non</strong></span> <span class='ocrx_word' id='word_1_685' title='bbox 2817 3841 3102 3903; x_wconf 68' lang='lat' dir='ltr'><strong>maechari,</strong></span> <span class='ocrx_word' id='word_1_686' title='bbox 3146 3857 3216 3895; x_wconf 91' lang='lat' dir='ltr'><strong>ne</strong></span> <span class='ocrx_word' id='word_1_687' title='bbox 3245 3841 3442 3895; x_wconf 90' lang='lat' dir='ltr'><strong>intueri</strong></span> <span class='ocrx_word' id='word_1_688' title='bbox 3473 3843 3598 3910; x_wconf 85' lang='lat' dir='ltr'><strong>qui-</strong></span> 
     </span>
    </p>
   </div>
   <div class='ocr_carea' id='block_1_84' title="bbox 2020 3934 3591 4005">
    <p class='ocr_par' dir='ltr' id='par_1_84' title="bbox 2020 3934 3591 4005">
     <span class='ocr_line' id='line_1_84' title="bbox 2020 3934 3591 4005; baseline 0 -17"><span class='ocrx_word' id='word_1_689' title='bbox 2020 3934 2142 3990; x_wconf 93' lang='lat' dir='ltr'><strong>dem</strong></span> <span class='ocrx_word' id='word_1_690' title='bbox 2170 3935 2450 3990; x_wconf 91' lang='lat' dir='ltr'><strong>mulierem</strong></span> <span class='ocrx_word' id='word_1_691' title='bbox 2481 3950 2607 3990; x_wconf 91' lang='lat' dir='ltr'><strong>cum</strong></span> <span class='ocrx_word' id='word_1_692' title='bbox 2653 3934 2916 4005; x_wconf 82' lang='lat' dir='ltr'><strong>petulanti</strong></span> <span class='ocrx_word' id='word_1_693' title='bbox 2953 3935 3210 4005; x_wconf 86' lang='lat' dir='ltr'><strong>cupidine</strong></span> <span class='ocrx_word' id='word_1_694' title='bbox 3243 3934 3591 3989; x_wconf 78' lang='lat' dir='ltr'><strong>admonet&quot;:</strong></span> 
     </span>
    </p>
   </div>
   <div class='ocr_carea' id='block_1_85' title="bbox 2018 4026 3595 4098">
    <p class='ocr_par' dir='ltr' id='par_1_85' title="bbox 2018 4026 3595 4098">
     <span class='ocr_line' id='line_1_85' title="bbox 2018 4026 3595 4098; baseline -0.001 -17"><span class='ocrx_word' id='word_1_695' title='bbox 2018 4036 2071 4081; x_wconf 89' lang='lat' dir='ltr'><strong>et</strong></span> <span class='ocrx_word' id='word_1_696' title='bbox 2105 4041 2203 4097; x_wconf 92' lang='lat' dir='ltr'><strong>pro</strong></span> <span class='ocrx_word' id='word_1_697' title='bbox 2229 4042 2295 4082; x_wconf 91' lang='lat' dir='ltr'><strong>eo</strong></span> <span class='ocrx_word' id='word_1_698' title='bbox 2316 4027 2460 4097; x_wconf 89' lang='lat' dir='ltr'><strong>quod</strong></span> <span class='ocrx_word' id='word_1_699' title='bbox 2485 4035 2590 4092; x_wconf 89' lang='lat' dir='ltr'><strong>est,</strong></span> <span class='ocrx_word' id='word_1_700' title='bbox 2623 4043 2733 4082; x_wconf 90' lang='lat' dir='ltr'><strong>non</strong></span> <span class='ocrx_word' id='word_1_701' title='bbox 2778 4026 2983 4093; x_wconf 85' lang='lat' dir='ltr'><strong>furari,</strong></span> <span class='ocrx_word' id='word_1_702' title='bbox 3029 4043 3116 4084; x_wconf 87' lang='lat' dir='ltr'><strong>res</strong></span> <span class='ocrx_word' id='word_1_703' title='bbox 3156 4027 3404 4098; x_wconf 90' lang='lat' dir='ltr'><strong>proprias</strong></span> <span class='ocrx_word' id='word_1_704' title='bbox 3451 4027 3595 4081; x_wconf 83' lang='lat' dir='ltr'><strong>indi-</strong></span> 
     </span>
    </p>
   </div>
   <div class='ocr_carea' id='block_1_86' title="bbox 2020 4117 3595 4189">
    <p class='ocr_par' dir='ltr' id='par_1_86' title="bbox 2020 4117 3595 4189">
     <span class='ocr_line' id='line_1_86' title="bbox 2020 4117 3595 4189; baseline 0.001 -17"><span class='ocrx_word' id='word_1_705' title='bbox 2020 4118 2272 4188; x_wconf 84' lang='lat' dir='ltr'><strong>gentibus</strong></span> <span class='ocrx_word' id='word_1_706' title='bbox 2331 4119 2552 4189; x_wconf 87' lang='lat' dir='ltr'><strong>elargiri</strong></span> <span class='ocrx_word' id='word_1_707' title='bbox 2610 4119 2841 4189; x_wconf 87' lang='lat' dir='ltr'><strong>imperat</strong></span> <span class='ocrx_word' id='word_1_708' title='bbox 2885 4118 2930 4151; x_wconf 79' lang='lat'>“</span> <span class='ocrx_word' id='word_1_709' title='bbox 2979 4138 2991 4173; x_wconf 93' lang='lat'>:</span> <span class='ocrx_word' id='word_1_710' title='bbox 3045 4119 3210 4172; x_wconf 87' lang='lat' dir='ltr'><strong>etiam</strong></span> <span class='ocrx_word' id='word_1_711' title='bbox 3271 4117 3402 4172; x_wconf 87' lang='lat' dir='ltr'><strong>illud</strong></span> <span class='ocrx_word' id='word_1_712' title='bbox 3438 4119 3595 4189; x_wconf 85' lang='lat' dir='ltr'><strong>longe</strong></span> 
     </span>
    </p>
   </div>
   <div class='ocr_carea' id='block_1_87' title="bbox 2019 4209 3595 4281">
    <p class='ocr_par' dir='ltr' id='par_1_87' title="bbox 2019 4209 3595 4281">
     <span class='ocr_line' id='line_1_87' title="bbox 2019 4209 3595 4281; baseline 0.002 -19"><span class='ocrx_word' id='word_1_713' title='bbox 2019 4209 2334 4265; x_wconf 88' lang='lat' dir='ltr'><strong>transiliens</strong></span> <span class='ocrx_word' id='word_1_714' title='bbox 2361 4210 2506 4280; x_wconf 89' lang='lat' dir='ltr'><strong>quod</strong></span> <span class='ocrx_word' id='word_1_715' title='bbox 2545 4218 2650 4277; x_wconf 85' lang='lat' dir='ltr'><strong>est,</strong></span> <span class='ocrx_word' id='word_1_716' title='bbox 2683 4226 2792 4266; x_wconf 92' lang='lat' dir='ltr'><strong>non</strong></span> <span class='ocrx_word' id='word_1_717' title='bbox 2842 4209 3108 4281; x_wconf 89' lang='lat' dir='ltr'><strong>pejerare,</strong></span> <span class='ocrx_word' id='word_1_718' title='bbox 3145 4226 3214 4267; x_wconf 89' lang='lat' dir='ltr'><strong>ne</strong></span> <span class='ocrx_word' id='word_1_719' title='bbox 3263 4210 3450 4280; x_wconf 82' lang='lat' dir='ltr'><strong>jurare</strong></span> <span class='ocrx_word' id='word_1_720' title='bbox 3473 4211 3595 4281; x_wconf 89' lang='lat' dir='ltr'><strong>qui-</strong></span> 
     </span>
    </p>
   </div>
   <div class='ocr_carea' id='block_1_88' title="bbox 2017 4301 3596 4372">
    <p class='ocr_par' dir='ltr' id='par_1_88' title="bbox 2017 4301 3596 4372">
     <span class='ocr_line' id='line_1_88' title="bbox 2017 4301 3596 4372; baseline 0.001 -16"><span class='ocrx_word' id='word_1_721' title='bbox 2017 4301 2140 4357; x_wconf 89' lang='lat' dir='ltr'><strong>dem</strong></span> <span class='ocrx_word' id='word_1_722' title='bbox 2164 4302 2275 4358; x_wconf 91' lang='lat' dir='ltr'><strong>ullo</strong></span> <span class='ocrx_word' id='word_1_723' title='bbox 2299 4301 2459 4356; x_wconf 91' lang='lat' dir='ltr'><strong>modo</strong></span> <span class='ocrx_word' id='word_1_724' title='bbox 2492 4303 2728 4358; x_wconf 88' lang='lat' dir='ltr'><strong>instituit</strong></span> <span class='ocrx_word' id='word_1_725' title='bbox 2751 4303 2816 4356; x_wconf 66' lang='lat'><strong>’7.</strong></span> <span class='ocrx_word' id='word_1_726' title='bbox 2848 4303 2907 4356; x_wconf 85' lang='lat' dir='ltr'><strong>Et</strong></span> <span class='ocrx_word' id='word_1_727' title='bbox 2935 4303 3066 4372; x_wconf 92' lang='lat' dir='ltr'><strong>quid</strong></span> <span class='ocrx_word' id='word_1_728' title='bbox 3093 4319 3178 4358; x_wconf 91' lang='lat' dir='ltr'><strong>me</strong></span> <span class='ocrx_word' id='word_1_729' title='bbox 3204 4303 3452 4358; x_wconf 83' lang='lat' dir='ltr'><strong>oratione</strong></span> <span class='ocrx_word' id='word_1_730' title='bbox 3475 4302 3596 4358; x_wconf 77' lang='lat' dir='ltr'><strong>lon-</strong></span> 
     </span>
    </p>
   </div>
   <div class='ocr_carea' id='block_1_89' title="bbox 2018 4395 3596 4465">
    <p class='ocr_par' dir='ltr' id='par_1_89' title="bbox 2018 4395 3596 4465">
     <span class='ocr_line' id='line_1_89' title="bbox 2018 4395 3596 4465; baseline 0.001 -17"><span class='ocrx_word' id='word_1_731' title='bbox 2018 4395 2139 4465; x_wconf 89' lang='lat' dir='ltr'><strong>gius</strong></span> <span class='ocrx_word' id='word_1_732' title='bbox 2169 4395 2391 4464; x_wconf 88' lang='lat' dir='ltr'><strong>provehi</strong></span> <span class='ocrx_word' id='word_1_733' title='bbox 2428 4410 2656 4451; x_wconf 89' lang='lat' dir='ltr'><strong>necesse</strong></span> <span class='ocrx_word' id='word_1_734' title='bbox 2683 4403 2800 4461; x_wconf 87' lang='lat' dir='ltr'><strong>est,</strong></span> <span class='ocrx_word' id='word_1_735' title='bbox 2853 4403 2912 4449; x_wconf 94' lang='lat' dir='ltr'><strong>ut</strong></span> <span class='ocrx_word' id='word_1_736' title='bbox 2945 4395 3315 4451; x_wconf 87' lang='lat' dir='ltr'><strong>demonstrem</strong></span> <span class='ocrx_word' id='word_1_737' title='bbox 3351 4396 3550 4452; x_wconf 91' lang='lat' dir='ltr'><strong>similia</strong></span> <span class='ocrx_word' id='word_1_738' title='bbox 3575 4436 3596 4463; x_wconf 90' lang='lat'><strong>,</strong></span> 
     </span>
    </p>
   </div>
   <div class='ocr_carea' id='block_1_90' title="bbox 345 4476 1918 4558">
    <p class='ocr_par' dir='ltr' id='par_1_90' title="bbox 345 4476 1916 4552">
     <span class='ocr_line' id='line_1_90' title="bbox 345 4476 1916 4552; baseline 0.007 -24"><span class='ocrx_word' id='word_1_739' title='bbox 345 4476 444 4546; x_wconf 84' lang='grc' dir='ltr'>τὴν</span> <span class='ocrx_word' id='word_1_740' title='bbox 473 4476 698 4548; x_wconf 83' lang='grc' dir='ltr'>θεότητα</span> <span class='ocrx_word' id='word_1_741' title='bbox 725 4479 1045 4551; x_wconf 80' lang='grc' dir='ltr'>μεταϐολήν.</span> <span class='ocrx_word' id='word_1_742' title='bbox 1081 4483 1144 4534; x_wconf 80' lang='lat' dir='ltr'><strong>El</strong></span> <span class='ocrx_word' id='word_1_743' title='bbox 1174 4481 1236 4552; x_wconf 83' lang='grc' dir='ltr'>δὴ</span> <span class='ocrx_word' id='word_1_744' title='bbox 1267 4478 1359 4535; x_wconf 76' lang='grc' dir='ltr'><strong>οὖν</strong></span> <span class='ocrx_word' id='word_1_745' title='bbox 1390 4482 1478 4536; x_wconf 79' lang='grc' dir='ltr'>διὰ</span> <span class='ocrx_word' id='word_1_746' title='bbox 1509 4484 1618 4537; x_wconf 80' lang='grc' dir='ltr'><strong>τῶν</strong></span> <span class='ocrx_word' id='word_1_747' title='bbox 1647 4485 1916 4539; x_wconf 87' lang='grc' dir='ltr'>τοσούτων</span> 
     </span>
    </p>
   </div>
   <div class='ocr_carea' id='block_1_91' title="bbox 2018 4476 3596 4558">
    <p class='ocr_par' dir='ltr' id='par_1_91' title="bbox 2023 4486 3596 4558">
     <span class='ocr_line' id='line_1_91' title="bbox 2023 4486 3596 4558; baseline 0.001 -18"><span class='ocrx_word' id='word_1_748' title='bbox 2023 4486 2359 4558; x_wconf 83' lang='lat' dir='ltr'><strong>ﬁnitimaque</strong></span> <span class='ocrx_word' id='word_1_749' title='bbox 2389 4488 2531 4542; x_wconf 89' lang='lat' dir='ltr'><strong>inter</strong></span> <span class='ocrx_word' id='word_1_750' title='bbox 2560 4503 2642 4552; x_wconf 89' lang='lat' dir='ltr'><strong>se,</strong></span> <span class='ocrx_word' id='word_1_751' title='bbox 2677 4487 2864 4543; x_wconf 87' lang='lat' dir='ltr'><strong>Mosen</strong></span> <span class='ocrx_word' id='word_1_752' title='bbox 2895 4503 2961 4543; x_wconf 91' lang='lat' dir='ltr'><strong>ac</strong></span> <span class='ocrx_word' id='word_1_753' title='bbox 2992 4487 3328 4544; x_wconf 84' lang='lat' dir='ltr'><strong>Salvatorem</strong></span> <span class='ocrx_word' id='word_1_754' title='bbox 3347 4528 3362 4554; x_wconf 94' lang='lat'><strong>,</strong></span> <span class='ocrx_word' id='word_1_755' title='bbox 3408 4487 3596 4543; x_wconf 85' lang='lat' dir='ltr'><strong>Domi-</strong></span> 
     </span>
    </p>
   </div>
   <div class='ocr_carea' id='block_1_92' title="bbox 341 4568 1918 4648">
    <p class='ocr_par' dir='ltr' id='par_1_92' title="bbox 341 4568 1918 4648">
     <span class='ocr_line' id='line_1_92' title="bbox 341 4568 1918 4648; baseline 0.006 -29"><span class='ocrx_word' id='word_1_756' title='bbox 341 4568 519 4630; x_wconf 74' lang='lat' dir='ltr'><strong>066el;</strong></span> <span class='ocrx_word' id='word_1_757' title='bbox 553 4571 650 4639; x_wconf 83' lang='grc' dir='ltr'><strong>μὲν</strong></span> <span class='ocrx_word' id='word_1_758' title='bbox 695 4571 872 4636; x_wconf 80' lang='grc' dir='ltr'>ἀλλος,</span> <span class='ocrx_word' id='word_1_759' title='bbox 920 4575 1077 4643; x_wconf 88' lang='grc' dir='ltr'>μόνος</span> <span class='ocrx_word' id='word_1_760' title='bbox 1105 4573 1163 4626; x_wconf 81' lang='grc' dir='ltr'>δὲ</span> <span class='ocrx_word' id='word_1_761' title='bbox 1203 4575 1232 4626; x_wconf 93' lang='lat'><strong>6</strong></span> <span class='ocrx_word' id='word_1_762' title='bbox 1262 4575 1450 4646; x_wconf 85' lang='grc' dir='ltr'>Σωτὴρ</span> <span class='ocrx_word' id='word_1_763' title='bbox 1483 4575 1638 4646; x_wconf 82' lang='grc' dir='ltr'>ἡμῶν</span> <span class='ocrx_word' id='word_1_764' title='bbox 1674 4577 1918 4648; x_wconf 79' lang='grc' dir='ltr'>παρέστη</span> 
     </span>
    </p>
   </div>
   <div class='ocr_carea' id='block_1_93' title="bbox 344 4657 1917 4736">
    <p class='ocr_par' dir='ltr' id='par_1_93' title="bbox 344 4657 1917 4736">
     <span class='ocr_line' id='line_1_93' title="bbox 344 4657 1917 4736; baseline 0.009 -26"><span class='ocrx_word' id='word_1_765' title='bbox 344 4657 413 4711; x_wconf 89' lang='grc' dir='ltr'><strong>τά</strong></span> <span class='ocrx_word' id='word_1_766' title='bbox 440 4661 792 4731; x_wconf 85' lang='grc' dir='ltr'>παραπλήσια</span> <span class='ocrx_word' id='word_1_767' title='bbox 820 4664 1042 4716; x_wconf 85' lang='grc' dir='ltr'>Μωῦσεί</span> <span class='ocrx_word' id='word_1_768' title='bbox 1081 4664 1573 4736; x_wconf 82' lang='grc' dir='ltr'>διαπεπραγμένος,</span> <span class='ocrx_word' id='word_1_769' title='bbox 1605 4669 1701 4722; x_wconf 87' lang='grc' dir='ltr'><strong>θέα</strong></span> <span class='ocrx_word' id='word_1_770' title='bbox 1734 4670 1917 4724; x_wconf 85' lang='grc' dir='ltr'>λοιπὸν</span> 
     </span>
    </p>
   </div>
   <div class='ocr_carea' id='block_1_94' title="bbox 346 4746 1914 4826">
    <p class='ocr_par' dir='ltr' id='par_1_94' title="bbox 346 4746 1914 4826">
     <span class='ocr_line' id='line_1_94' title="bbox 346 4746 1914 4826; baseline 0.007 -26"><span class='ocrx_word' id='word_1_771' title='bbox 346 4746 438 4800; x_wconf 74' lang='grc' dir='ltr'>ἐπὶ</span> <span class='ocrx_word' id='word_1_772' title='bbox 480 4748 640 4816; x_wconf 88' lang='grc' dir='ltr'>μόνον</span> <span class='ocrx_word' id='word_1_773' title='bbox 670 4750 850 4814; x_wconf 81' lang='grc' dir='ltr'>αὑτὸν,</span> <span class='ocrx_word' id='word_1_774' title='bbox 882 4753 976 4804; x_wconf 73' lang='grc' dir='ltr'>καὶ</span> <span class='ocrx_word' id='word_1_775' title='bbox 1007 4752 1114 4804; x_wconf 79' lang='grc' dir='ltr'>οὐδ’</span> <span class='ocrx_word' id='word_1_776' title='bbox 1143 4753 1225 4819; x_wconf 83' lang='grc' dir='ltr'><strong>ἐφ’</strong></span> <span class='ocrx_word' id='word_1_777' title='bbox 1255 4753 1437 4824; x_wconf 76' lang='grc' dir='ltr'>ἕτερον</span> <span class='ocrx_word' id='word_1_778' title='bbox 1479 4755 1769 4826; x_wconf 75' lang='grc' dir='ltr'>ἀναφέρειν</span> <span class='ocrx_word' id='word_1_779' title='bbox 1809 4754 1914 4826; x_wconf 80' lang='grc' dir='ltr'><strong>χρὴ</strong></span> 
     </span>
    </p>
   </div>
   <div class='ocr_carea' id='block_1_95' title="bbox 345 4837 1915 4916">
    <p class='ocr_par' dir='ltr' id='par_1_95' title="bbox 345 4837 1915 4916">
     <span class='ocr_line' id='line_1_95' title="bbox 345 4837 1915 4916; baseline 0.006 -28"><span class='ocrx_word' id='word_1_780' title='bbox 345 4837 442 4905; x_wconf 78' lang='grc' dir='ltr'><strong>τὴν</strong></span> <span class='ocrx_word' id='word_1_781' title='bbox 487 4837 638 4907; x_wconf 81' lang='grc' dir='ltr'>παρὰ</span> <span class='ocrx_word' id='word_1_782' title='bbox 677 4840 898 4892; x_wconf 82' lang='grc' dir='ltr'>Μωῦσεῖ</span> <span class='ocrx_word' id='word_1_783' title='bbox 942 4843 1296 4912; x_wconf 73' lang='grc' dir='ltr'>προφητείαν,</span> <span class='ocrx_word' id='word_1_784' title='bbox 1337 4842 1404 4894; x_wconf 83' lang='grc' dir='ltr'>δι’</span> <span class='ocrx_word' id='word_1_785' title='bbox 1446 4838 1514 4914; x_wconf 84' lang='grc' dir='ltr'>ἦς</span> <span class='ocrx_word' id='word_1_786' title='bbox 1552 4845 1734 4914; x_wconf 83' lang='grc' dir='ltr'>ὅμοιον</span> <span class='ocrx_word' id='word_1_787' title='bbox 1766 4845 1915 4916; x_wconf 82' lang='grc' dir='ltr'>αὐτῷ</span> 
     </span>
    </p>
   </div>
   <div class='ocr_carea' id='block_1_96' title="bbox 346 4929 1914 5007">
    <p class='ocr_par' dir='ltr' id='par_1_96' title="bbox 346 4929 1914 5007">
     <span class='ocr_line' id='line_1_96' title="bbox 346 4929 1914 5007; baseline 0.008 -29"><span class='ocrx_word' id='word_1_788' title='bbox 346 4929 716 4998; x_wconf 82' lang='grc' dir='ltr'>παραστήσειν</span> <span class='ocrx_word' id='word_1_789' title='bbox 751 4932 780 4982; x_wconf 94' lang='lat'><strong>6</strong></span> <span class='ocrx_word' id='word_1_790' title='bbox 822 4931 951 4994; x_wconf 86' lang='grc' dir='ltr'>Θεὸς</span> <span class='ocrx_word' id='word_1_791' title='bbox 996 4932 1278 4986; x_wconf 86' lang='grc' dir='ltr'>ἐθέσπισεν</span> <span class='ocrx_word' id='word_1_792' title='bbox 1319 4933 1514 4986; x_wconf 89' lang='grc' dir='ltr'>εἰπών·</span> <span class='ocrx_word' id='word_1_793' title='bbox 1563 4956 1580 4984; x_wconf 78' lang='grc' dir='ltr'><strong>ι</strong></span> <span class='ocrx_word' id='word_1_794' title='bbox 1623 4937 1914 5007; x_wconf 78' lang='grc' dir='ltr'>Προφήτην</span> 
     </span>
    </p>
   </div>
   <div class='ocr_carea' id='block_1_97' title="bbox 344 5018 1910 5098">
    <p class='ocr_par' dir='ltr' id='par_1_97' title="bbox 344 5018 1910 5098">
     <span class='ocr_line' id='line_1_97' title="bbox 344 5018 1910 5098; baseline 0.005 -27"><span class='ocrx_word' id='word_1_795' title='bbox 344 5021 408 5072; x_wconf 84' lang='grc' dir='ltr'><strong>ἐκ</strong></span> <span class='ocrx_word' id='word_1_796' title='bbox 437 5018 544 5071; x_wconf 83' lang='grc' dir='ltr'><strong>τῶν</strong></span> <span class='ocrx_word' id='word_1_797' title='bbox 577 5019 819 5089; x_wconf 82' lang='grc' dir='ltr'>ἀδελφῶν</span> <span class='ocrx_word' id='word_1_798' title='bbox 851 5023 1028 5077; x_wconf 82' lang='grc' dir='ltr'>αὐτῶν</span> <span class='ocrx_word' id='word_1_799' title='bbox 1057 5026 1344 5097; x_wconf 87' lang='grc' dir='ltr'>ἀναστήσω</span> <span class='ocrx_word' id='word_1_800' title='bbox 1376 5027 1578 5090; x_wconf 78' lang='grc' dir='ltr'>αὐτοῖς,</span> <span class='ocrx_word' id='word_1_801' title='bbox 1607 5027 1795 5098; x_wconf 80' lang='grc' dir='ltr'>ὥσπερ</span> <span class='ocrx_word' id='word_1_802' title='bbox 1829 5045 1910 5091; x_wconf 88' lang='grc' dir='ltr'><strong>σε,</strong></span> 
     </span>
    </p>
   </div>
   <div class='ocr_carea' id='block_1_98' title="bbox 344 5110 1916 5188">
    <p class='ocr_par' dir='ltr' id='par_1_98' title="bbox 344 5110 1916 5188">
     <span class='ocr_line' id='line_1_98' title="bbox 344 5110 1916 5188; baseline 0.006 -25"><span class='ocrx_word' id='word_1_803' title='bbox 344 5112 436 5164; x_wconf 77' lang='grc' dir='ltr'><strong>καὶ</strong></span> <span class='ocrx_word' id='word_1_804' title='bbox 472 5110 626 5165; x_wconf 86' lang='grc' dir='ltr'>δώσω</span> <span class='ocrx_word' id='word_1_805' title='bbox 663 5113 724 5165; x_wconf 86' lang='grc' dir='ltr'>τὸ</span> <span class='ocrx_word' id='word_1_806' title='bbox 766 5114 917 5184; x_wconf 77' lang='grc' dir='ltr'>ῥῆμά</span> <span class='ocrx_word' id='word_1_807' title='bbox 956 5132 1056 5185; x_wconf 87' lang='grc' dir='ltr'><strong>μου</strong></span> <span class='ocrx_word' id='word_1_808' title='bbox 1093 5118 1150 5168; x_wconf 83' lang='grc' dir='ltr'><strong>ἐν</strong></span> <span class='ocrx_word' id='word_1_809' title='bbox 1182 5117 1259 5187; x_wconf 83' lang='grc' dir='ltr'><strong>τῷ</strong></span> <span class='ocrx_word' id='word_1_810' title='bbox 1300 5119 1525 5188; x_wconf 83' lang='grc' dir='ltr'>στόματι</span> <span class='ocrx_word' id='word_1_811' title='bbox 1564 5119 1728 5172; x_wconf 80' lang='grc' dir='ltr'>αὐτοῦ</span> <span class='ocrx_word' id='word_1_812' title='bbox 1754 5137 1767 5149; x_wconf 88' lang='grc'><strong>·</strong></span> <span class='ocrx_word' id='word_1_813' title='bbox 1819 5118 1916 5172; x_wconf 70' lang='grc' dir='ltr'>καὶ</span> 
     </span>
    </p>
   </div>
   <div class='ocr_carea' id='block_1_99' title="bbox 342 5201 1915 5280">
    <p class='ocr_par' dir='ltr' id='par_1_99' title="bbox 342 5201 1915 5280">
     <span class='ocr_line' id='line_1_99' title="bbox 342 5201 1915 5280; baseline 0.007 -26"><span class='ocrx_word' id='word_1_814' title='bbox 342 5201 562 5274; x_wconf 85' lang='grc' dir='ltr'>λαλήσει</span> <span class='ocrx_word' id='word_1_815' title='bbox 607 5205 810 5267; x_wconf 80' lang='grc' dir='ltr'>αὐτοῖς,</span> <span class='ocrx_word' id='word_1_816' title='bbox 856 5205 996 5258; x_wconf 87' lang='grc' dir='ltr'><strong>καθά</strong></span> <span class='ocrx_word' id='word_1_817' title='bbox 1043 5203 1107 5260; x_wconf 84' lang='grc' dir='ltr'>ἂν</span> <span class='ocrx_word' id='word_1_818' title='bbox 1151 5207 1473 5280; x_wconf 80' lang='grc' dir='ltr'>ἐντείλωμαι</span> <span class='ocrx_word' id='word_1_819' title='bbox 1518 5209 1684 5280; x_wconf 82' lang='grc' dir='ltr'>αύτῷ.</span> <span class='ocrx_word' id='word_1_820' title='bbox 1733 5213 1841 5264; x_wconf 86' lang='lat' dir='ltr'><strong>Kal.</strong></span> <span class='ocrx_word' id='word_1_821' title='bbox 1886 5214 1915 5264; x_wconf 92' lang='lat'><strong>6</strong></span> 
     </span>
    </p>
   </div>
   <div class='ocr_carea' id='block_1_100' title="bbox 341 5293 1915 5370">
    <p class='ocr_par' dir='ltr' id='par_1_100' title="bbox 341 5293 1915 5370">
     <span class='ocr_line' id='line_1_100' title="bbox 341 5293 1915 5370; baseline 0.004 -22"><span class='ocrx_word' id='word_1_822' title='bbox 341 5293 624 5365; x_wconf 82' lang='grc' dir='ltr'>ἄνθρωπος</span> <span class='ocrx_word' id='word_1_823' title='bbox 647 5295 705 5358; x_wconf 84' lang='grc' dir='ltr'>ὃς</span> <span class='ocrx_word' id='word_1_824' title='bbox 731 5295 797 5348; x_wconf 85' lang='grc' dir='ltr'><strong>ἂν</strong></span> <span class='ocrx_word' id='word_1_825' title='bbox 830 5297 903 5367; x_wconf 83' lang='grc' dir='ltr'>μὴ</span> <span class='ocrx_word' id='word_1_826' title='bbox 933 5297 1139 5370; x_wconf 78' lang='grc' dir='ltr'>ἀκούσῃ</span> <span class='ocrx_word' id='word_1_827' title='bbox 1161 5296 1268 5352; x_wconf 82' lang='grc' dir='ltr'><strong>τῶν</strong></span> <span class='ocrx_word' id='word_1_828' title='bbox 1293 5300 1464 5367; x_wconf 86' lang='grc' dir='ltr'>λόγων</span> <span class='ocrx_word' id='word_1_829' title='bbox 1495 5300 1682 5364; x_wconf 78' lang='grc' dir='ltr'>αὐτοῦ,</span> <span class='ocrx_word' id='word_1_830' title='bbox 1719 5302 1820 5354; x_wconf 82' lang='grc' dir='ltr'>ὅσα</span> <span class='ocrx_word' id='word_1_831' title='bbox 1850 5300 1915 5354; x_wconf 84' lang='grc' dir='ltr'>ἂν</span> 
     </span>
    </p>
   </div>
   <div class='ocr_carea' id='block_1_101' title="bbox 339 5383 1912 5461">
    <p class='ocr_par' dir='ltr' id='par_1_101' title="bbox 339 5383 1912 5461">
     <span class='ocr_line' id='line_1_101' title="bbox 339 5383 1912 5461; baseline 0.005 -24"><span class='ocrx_word' id='word_1_832' title='bbox 339 5383 544 5456; x_wconf 80' lang='grc' dir='ltr'>λαλήσῃ</span> <span class='ocrx_word' id='word_1_833' title='bbox 577 5388 604 5438; x_wconf 91' lang='lat'><strong>6</strong></span> <span class='ocrx_word' id='word_1_834' title='bbox 636 5388 921 5458; x_wconf 81' lang='grc' dir='ltr'>προφήτης</span> <span class='ocrx_word' id='word_1_835' title='bbox 954 5386 1047 5438; x_wconf 79' lang='grc' dir='ltr'><strong>ἐπὶ</strong></span> <span class='ocrx_word' id='word_1_836' title='bbox 1087 5387 1165 5457; x_wconf 83' lang='grc' dir='ltr'><strong>τῷ</strong></span> <span class='ocrx_word' id='word_1_837' title='bbox 1195 5389 1418 5459; x_wconf 84' lang='grc' dir='ltr'>ὀνόματί</span> <span class='ocrx_word' id='word_1_838' title='bbox 1450 5409 1570 5461; x_wconf 87' lang='grc' dir='ltr'>μου,</span> <span class='ocrx_word' id='word_1_839' title='bbox 1621 5391 1732 5460; x_wconf 84' lang='grc' dir='ltr'>ἐγὼ</span> <span class='ocrx_word' id='word_1_840' title='bbox 1765 5392 1912 5445; x_wconf 64' lang='grc' dir='ltr'>ἐκδιδ</span> 
     </span>
    </p>
   </div>
   <div class='ocr_carea' id='block_1_102' title="bbox 340 5477 1911 5555">
    <p class='ocr_par' dir='ltr' id='par_1_102' title="bbox 340 5477 1911 5555">
     <span class='ocr_line' id='line_1_102' title="bbox 340 5477 1911 5555; baseline 0.005 -26"><span class='ocrx_word' id='word_1_841' title='bbox 340 5479 492 5548; x_wconf 89' lang='grc' dir='ltr'>κήσω</span> <span class='ocrx_word' id='word_1_842' title='bbox 537 5477 594 5539; x_wconf 75' lang='grc' dir='ltr'><strong>ἐξ</strong></span> <span class='ocrx_word' id='word_1_843' title='bbox 622 5477 805 5532; x_wconf 86' lang='grc' dir='ltr'>αὑτοῦ.</span> <span class='ocrx_word' id='word_1_844' title='bbox 849 5498 867 5529; x_wconf 72' lang='grc' dir='ltr'><strong>ι</strong></span> <span class='ocrx_word' id='word_1_845' title='bbox 905 5479 1076 5542; x_wconf 82' lang='grc' dir='ltr'>Αὐτός</span> <span class='ocrx_word' id='word_1_846' title='bbox 1103 5497 1162 5532; x_wconf 89' lang='grc' dir='ltr'><strong>τε</strong></span> <span class='ocrx_word' id='word_1_847' title='bbox 1195 5482 1450 5551; x_wconf 82' lang='grc' dir='ltr'>Μωῦσῆς,</span> <span class='ocrx_word' id='word_1_848' title='bbox 1493 5485 1629 5555; x_wconf 76' lang='grc' dir='ltr'>πρὸς</span> <span class='ocrx_word' id='word_1_849' title='bbox 1662 5483 1754 5537; x_wconf 85' lang='grc' dir='ltr'><strong>τὸν</strong></span> <span class='ocrx_word' id='word_1_850' title='bbox 1787 5483 1911 5538; x_wconf 85' lang='grc' dir='ltr'>λαὸν</span> 
     </span>
    </p>
   </div>
   <div class='ocr_carea' id='block_1_103' title="bbox 449 5569 1856 5642">
    <p class='ocr_par' dir='ltr' id='par_1_103' title="bbox 449 5569 1856 5642">
     <span class='ocr_line' id='line_1_103' title="bbox 449 5569 1856 5642; baseline 0.018 -21"><span class='ocrx_word' id='word_1_851' title='bbox 449 5569 488 5642; x_wconf 82' lang='lat'><strong>_“</strong></span> <span class='ocrx_word' id='word_1_852' title='bbox 525 5569 692 5642; x_wconf 78' lang='lat' dir='ltr'><strong>Exod.</strong></span> <span class='ocrx_word' id='word_1_853' title='bbox 721 5585 904 5638; x_wconf 76' lang='lat' dir='ltr'><strong>xxxn&#39;,</strong></span> <span class='ocrx_word' id='word_1_854' title='bbox 948 5573 1140 5636; x_wconf 71' lang='lat'><strong>29,50.</strong></span> <span class='ocrx_word' id='word_1_855' title='bbox 1259 5575 1299 5605; x_wconf 81' lang='grc'>¹¹</span> <span class='ocrx_word' id='word_1_856' title='bbox 1330 5575 1516 5630; x_wconf 75' lang='lat' dir='ltr'><strong>Mallh-</strong></span> <span class='ocrx_word' id='word_1_857' title='bbox 1569 5593 1699 5642; x_wconf 63' lang='lat' dir='ltr'><strong>XV&quot;.</strong></span> <span class='ocrx_word' id='word_1_858' title='bbox 1741 5580 1856 5634; x_wconf 68' lang='grc' dir='ltr'><strong>ίοσδο</strong></span> 
     </span>
    </p>
   </div>
   <div class='ocr_carea' id='block_1_104' title="bbox 343 5638 1574 5713">
    <p class='ocr_par' dir='ltr' id='par_1_104' title="bbox 343 5638 1574 5713">
     <span class='ocr_line' id='line_1_104' title="bbox 343 5638 1574 5713; baseline 0.009 -22"><span class='ocrx_word' id='word_1_859' title='bbox 343 5639 387 5713; x_wconf 57' lang='grc' dir='ltr'><strong>ξῗ</strong></span> <span class='ocrx_word' id='word_1_860' title='bbox 414 5638 590 5713; x_wconf 74' lang='lat' dir='ltr'><strong>Exod.</strong></span> <span class='ocrx_word' id='word_1_861' title='bbox 625 5657 770 5713; x_wconf 71' lang='lat' dir='ltr'><strong>xxxi,</strong></span> <span class='ocrx_word' id='word_1_862' title='bbox 818 5643 904 5698; x_wconf 75' lang='grc'><strong>18.</strong></span> <span class='ocrx_word' id='word_1_863' title='bbox 1020 5646 1062 5678; x_wconf 81' lang='grc'><strong>¹⁷</strong></span> <span class='ocrx_word' id='word_1_864' title='bbox 1093 5643 1260 5700; x_wconf 87' lang='lat' dir='ltr'><strong>Exod.</strong></span> <span class='ocrx_word' id='word_1_865' title='bbox 1311 5662 1434 5713; x_wconf 86' lang='lat' dir='ltr'><strong>vm,</strong></span> <span class='ocrx_word' id='word_1_866' title='bbox 1489 5648 1574 5702; x_wconf 80' lang='lat' dir='ltr'><strong>l9.</strong></span> 
     </span>
    </p>
   </div>
   <div class='ocr_carea' id='block_1_105' title="bbox 341 5707 1372 5781">
    <p class='ocr_par' dir='ltr' id='par_1_105' title="bbox 341 5707 1372 5781">
     <span class='ocr_line' id='line_1_105' title="bbox 341 5707 1372 5781; baseline 0.014 -25"><span class='ocrx_word' id='word_1_867' title='bbox 414 5707 567 5781; x_wconf 72' lang='lat' dir='ltr'><strong>Deut.</strong></span> <span class='ocrx_word' id='word_1_868' title='bbox 603 5728 641 5770; x_wconf 82' lang='lat' dir='ltr'><strong>I.</strong></span> <span class='ocrx_word' id='word_1_869' title='bbox 669 5712 758 5768; x_wconf 70' lang='grc'><strong>25.</strong></span> <span class='ocrx_word' id='word_1_870' title='bbox 871 5717 916 5746; x_wconf 76' lang='grc'>³³</span> <span class='ocrx_word' id='word_1_871' title='bbox 948 5713 1135 5770; x_wconf 84' lang='lat' dir='ltr'><strong>Matt‘h.</strong></span> <span class='ocrx_word' id='word_1_872' title='bbox 1167 5731 1222 5781; x_wconf 77' lang='grc' dir='ltr'>ι,</span> <span class='ocrx_word' id='word_1_873' title='bbox 1260 5716 1372 5772; x_wconf 78' lang='grc'><strong>1-5.</strong></span> 
     </span>
    </p>
   </div>
   <div class='ocr_carea' id='block_1_106' title="bbox 339 5777 682 5836">
    <p class='ocr_par' dir='ltr' id='par_1_106' title="bbox 339 5777 682 5836">
     <span class='ocr_line' id='line_1_106' title="bbox 339 5777 682 5836; baseline 0.017 -6"><span class='ocrx_word' id='word_1_874' title='bbox 339 5777 385 5811; x_wconf 76' lang='grc'><strong>⁸⁷</strong></span> <span class='ocrx_word' id='word_1_875' title='bbox 419 5779 550 5835; x_wconf 85' lang='lat' dir='ltr'><strong>ibid.</strong></span> <span class='ocrx_word' id='word_1_876' title='bbox 582 5781 682 5836; x_wconf 62' lang='lat'><strong>~56.</strong></span> 
     </span>
    </p>
   </div>
   <div class='ocr_carea' id='block_1_107' title="bbox 1967 5581 2468 5643">
    <p class='ocr_par' dir='ltr' id='par_1_107' title="bbox 1967 5581 2468 5643">
     <span class='ocr_line' id='line_1_107' title="bbox 1967 5581 2468 5643; baseline 0.008 -9"><span class='ocrx_word' id='word_1_877' title='bbox 1967 5582 2008 5613; x_wconf 80' lang='lat'>&quot;</span> <span class='ocrx_word' id='word_1_878' title='bbox 2037 5581 2196 5638; x_wconf 89' lang='lat' dir='ltr'><strong>Num.</strong></span> <span class='ocrx_word' id='word_1_879' title='bbox 2241 5599 2340 5643; x_wconf 75' lang='grc' dir='ltr'>ιιι,</span> <span class='ocrx_word' id='word_1_880' title='bbox 2380 5584 2468 5638; x_wconf 80' lang='grc'><strong>10.</strong></span> 
     </span>
    </p>
   </div>
   <div class='ocr_carea' id='block_1_108' title="bbox 1687 5649 2152 5715">
    <p class='ocr_par' dir='ltr' id='par_1_108' title="bbox 1687 5649 2152 5715">
     <span class='ocr_line' id='line_1_108' title="bbox 1687 5649 2152 5715; baseline 0.009 -12"><span class='ocrx_word' id='word_1_881' title='bbox 1687 5649 1728 5682; x_wconf 78' lang='grc'><strong>’⁸</strong></span> <span class='ocrx_word' id='word_1_882' title='bbox 1761 5649 1894 5704; x_wconf 89' lang='lat' dir='ltr'><strong>Luc.</strong></span> <span class='ocrx_word' id='word_1_883' title='bbox 1933 5665 2014 5715; x_wconf 83' lang='lat' dir='ltr'><strong>xl,</strong></span> <span class='ocrx_word' id='word_1_884' title='bbox 2061 5652 2152 5707; x_wconf 74' lang='lat'><strong>20.</strong></span> 
     </span>
    </p>
   </div>
   <div class='ocr_carea' id='block_1_109' title="bbox 1489 5715 2080 5788">
    <p class='ocr_par' dir='ltr' id='par_1_109' title="bbox 1489 5715 2080 5788">
     <span class='ocr_line' id='line_1_109' title="bbox 1489 5715 2080 5788; baseline 0.007 -18"><span class='ocrx_word' id='word_1_885' title='bbox 1489 5718 1534 5749; x_wconf 67' lang='grc' dir='ltr'><strong>’θ</strong></span> <span class='ocrx_word' id='word_1_886' title='bbox 1572 5716 1742 5774; x_wconf 81' lang='lat' dir='ltr'><strong>Exod.</strong></span> <span class='ocrx_word' id='word_1_887' title='bbox 1777 5737 1868 5788; x_wconf 81' lang='lat' dir='ltr'><strong>xx,</strong></span> <span class='ocrx_word' id='word_1_888' title='bbox 1903 5715 2080 5776; x_wconf 67' lang='lat'><strong>15-16.</strong></span> 
     </span>
    </p>
   </div>
   <div class='ocr_carea' id='block_1_110' title="bbox 2018 4579 3592 4649">
    <p class='ocr_par' dir='ltr' id='par_1_110' title="bbox 2018 4579 3592 4649">
     <span class='ocr_line' id='line_1_110' title="bbox 2018 4579 3592 4649; baseline 0.001 -16"><span class='ocrx_word' id='word_1_889' title='bbox 2018 4595 2260 4648; x_wconf 91' lang='lat' dir='ltr'><strong>numque</strong></span> <span class='ocrx_word' id='word_1_890' title='bbox 2289 4585 2535 4635; x_wconf 85' lang='lat' dir='ltr'><strong>nostrum</strong></span> <span class='ocrx_word' id='word_1_891' title='bbox 2585 4579 2812 4636; x_wconf 87' lang='lat' dir='ltr'><strong>fecisse?</strong></span> <span class='ocrx_word' id='word_1_892' title='bbox 2855 4595 2980 4633; x_wconf 89' lang='lat' dir='ltr'><strong>cum</strong></span> <span class='ocrx_word' id='word_1_893' title='bbox 3024 4581 3320 4649; x_wconf 86' lang='lat' dir='ltr'><strong>unicuique</strong></span> <span class='ocrx_word' id='word_1_894' title='bbox 3364 4582 3592 4646; x_wconf 87' lang='lat' dir='ltr'><strong>volenti,</strong></span> 
     </span>
    </p>
   </div>
   <div class='ocr_carea' id='block_1_111' title="bbox 2020 4669 3591 4739">
    <p class='ocr_par' dir='ltr' id='par_1_111' title="bbox 2020 4669 3591 4739">
     <span class='ocr_line' id='line_1_111' title="bbox 2020 4669 3591 4739; baseline 0.001 -16"><span class='ocrx_word' id='word_1_895' title='bbox 2020 4669 2077 4723; x_wconf 91' lang='lat' dir='ltr'><strong>in</strong></span> <span class='ocrx_word' id='word_1_896' title='bbox 2109 4671 2221 4724; x_wconf 91' lang='lat' dir='ltr'><strong>otio</strong></span> <span class='ocrx_word' id='word_1_897' title='bbox 2251 4669 2378 4723; x_wconf 87' lang='lat' dir='ltr'><strong>talia</strong></span> <span class='ocrx_word' id='word_1_898' title='bbox 2413 4670 2670 4739; x_wconf 85' lang='lat' dir='ltr'><strong>colligere</strong></span> <span class='ocrx_word' id='word_1_899' title='bbox 2717 4669 3032 4724; x_wconf 82' lang='lat' dir='ltr'><strong>facillimum</strong></span> <span class='ocrx_word' id='word_1_900' title='bbox 3072 4671 3174 4726; x_wconf 81' lang='lat' dir='ltr'><strong>sit?</strong></span> <span class='ocrx_word' id='word_1_901' title='bbox 3222 4671 3433 4726; x_wconf 88' lang='lat' dir='ltr'><strong>Etenim</strong></span> <span class='ocrx_word' id='word_1_902' title='bbox 3464 4686 3591 4725; x_wconf 81' lang='lat' dir='ltr'><strong>cum</strong></span> 
     </span>
    </p>
   </div>
   <div class='ocr_carea' id='block_1_112' title="bbox 2018 4759 3592 4826">
    <p class='ocr_par' dir='ltr' id='par_1_112' title="bbox 2018 4759 3592 4826">
     <span class='ocr_line' id='line_1_112' title="bbox 2018 4759 3592 4826; baseline 0.004 -13"><span class='ocrx_word' id='word_1_903' title='bbox 2018 4759 2186 4816; x_wconf 86' lang='lat' dir='ltr'><strong>Mosis</strong></span> <span class='ocrx_word' id='word_1_904' title='bbox 2235 4767 2462 4815; x_wconf 90' lang='lat' dir='ltr'><strong>mortem</strong></span> <span class='ocrx_word' id='word_1_905' title='bbox 2492 4760 2713 4816; x_wconf 88' lang='lat' dir='ltr'><strong>novisse</strong></span> <span class='ocrx_word' id='word_1_906' title='bbox 2745 4763 3016 4817; x_wconf 89' lang='lat' dir='ltr'><strong>neminem</strong></span> <span class='ocrx_word' id='word_1_907' title='bbox 3053 4762 3279 4826; x_wconf 87' lang='lat' dir='ltr'><strong>dicant,</strong></span> <span class='ocrx_word' id='word_1_908' title='bbox 3316 4777 3380 4816; x_wconf 91' lang='lat' dir='ltr'><strong>ac</strong></span> <span class='ocrx_word' id='word_1_909' title='bbox 3411 4777 3480 4818; x_wconf 90' lang='lat' dir='ltr'><strong>ne</strong></span> <span class='ocrx_word' id='word_1_910' title='bbox 3501 4779 3592 4818; x_wconf 54' lang='lat' dir='ltr'><strong>se-</strong></span> 
     </span>
    </p>
   </div>
   <div class='ocr_carea' id='block_1_113' title="bbox 2016 4848 3593 4921">
    <p class='ocr_par' dir='ltr' id='par_1_113' title="bbox 2016 4848 3593 4921">
     <span class='ocr_line' id='line_1_113' title="bbox 2016 4848 3593 4921; baseline 0 -17"><span class='ocrx_word' id='word_1_911' title='bbox 2016 4850 2265 4921; x_wconf 91' lang='lat' dir='ltr'><strong>pulcrum</strong></span> <span class='ocrx_word' id='word_1_912' title='bbox 2299 4848 2519 4918; x_wconf 91' lang='lat' dir='ltr'><strong>quidem</strong></span> <span class='ocrx_word' id='word_1_913' title='bbox 2547 4849 2667 4917; x_wconf 88' lang='lat' dir='ltr'><strong>ejus</strong></span> <span class='ocrx_word' id='word_1_914' title='bbox 2688 4885 2706 4915; x_wconf 91' lang='lat'><strong>,</strong></span> <span class='ocrx_word' id='word_1_915' title='bbox 2741 4864 2918 4919; x_wconf 89' lang='lat' dir='ltr'><strong>neque</strong></span> <span class='ocrx_word' id='word_1_916' title='bbox 2953 4850 3137 4905; x_wconf 84' lang='lat' dir='ltr'><strong>itidem</strong></span> <span class='ocrx_word' id='word_1_917' title='bbox 3172 4850 3468 4906; x_wconf 87' lang='lat' dir='ltr'><strong>Salvatoris</strong></span> <span class='ocrx_word' id='word_1_918' title='bbox 3492 4866 3593 4905; x_wconf 58' lang='lat' dir='ltr'><strong>noa</strong></span> 
     </span>
    </p>
   </div>
   <div class='ocr_carea' id='block_1_114' title="bbox 2014 4939 3590 5010">
    <p class='ocr_par' dir='ltr' id='par_1_114' title="bbox 2014 4939 3590 5010">
     <span class='ocr_line' id='line_1_114' title="bbox 2014 4939 3590 5010; baseline 0 -14"><span class='ocrx_word' id='word_1_919' title='bbox 2014 4941 2116 4996; x_wconf 90' lang='lat' dir='ltr'><strong>stri</strong></span> <span class='ocrx_word' id='word_1_920' title='bbox 2142 4948 2265 5010; x_wconf 89' lang='lat' dir='ltr'><strong>post</strong></span> <span class='ocrx_word' id='word_1_921' title='bbox 2304 4939 2535 4996; x_wconf 88' lang='lat' dir='ltr'><strong>reditum</strong></span> <span class='ocrx_word' id='word_1_922' title='bbox 2584 4955 2744 4996; x_wconf 87' lang='lat' dir='ltr'><strong>suum</strong></span> <span class='ocrx_word' id='word_1_923' title='bbox 2792 4941 2848 4996; x_wconf 90' lang='lat' dir='ltr'><strong>in</strong></span> <span class='ocrx_word' id='word_1_924' title='bbox 2887 4942 3089 5006; x_wconf 84' lang='lat' dir='ltr'><strong>vitam,</strong></span> <span class='ocrx_word' id='word_1_925' title='bbox 3148 4943 3500 4996; x_wconf 79' lang='lat' dir='ltr'><strong>mutationem</strong></span> <span class='ocrx_word' id='word_1_926' title='bbox 3534 4942 3590 4996; x_wconf 91' lang='lat' dir='ltr'><strong>in</strong></span> 
     </span>
    </p>
   </div>
   <div class='ocr_carea' id='block_1_115' title="bbox 2017 5031 3590 5103">
    <p class='ocr_par' dir='ltr' id='par_1_115' title="bbox 2017 5031 3590 5103">
     <span class='ocr_line' id='line_1_115' title="bbox 2017 5031 3590 5103; baseline 0.001 -17"><span class='ocrx_word' id='word_1_927' title='bbox 2017 5032 2254 5102; x_wconf 90' lang='lat' dir='ltr'><strong>speciem</strong></span> <span class='ocrx_word' id='word_1_928' title='bbox 2283 5031 2521 5086; x_wconf 89' lang='lat' dir='ltr'><strong>divinam</strong></span> <span class='ocrx_word' id='word_1_929' title='bbox 2550 5033 2841 5102; x_wconf 88' lang='lat' dir='ltr'><strong>quisquam</strong></span> <span class='ocrx_word' id='word_1_930' title='bbox 2869 5033 3010 5088; x_wconf 85' lang='lat' dir='ltr'><strong>scire</strong></span> <span class='ocrx_word' id='word_1_931' title='bbox 3039 5033 3231 5102; x_wconf 87' lang='lat' dir='ltr'><strong>potuit.</strong></span> <span class='ocrx_word' id='word_1_932' title='bbox 3265 5031 3320 5086; x_wconf 94' lang='lat' dir='ltr'><strong>Si</strong></span> <span class='ocrx_word' id='word_1_933' title='bbox 3348 5033 3513 5103; x_wconf 85' lang='lat' dir='ltr'><strong>igitur</strong></span> <span class='ocrx_word' id='word_1_934' title='bbox 3534 5033 3590 5087; x_wconf 86' lang='lat' dir='ltr'><strong>in</strong></span> 
     </span>
    </p>
   </div>
   <div class='ocr_carea' id='block_1_116' title="bbox 2016 5123 3591 5191">
    <p class='ocr_par' dir='ltr' id='par_1_116' title="bbox 2016 5123 3591 5191">
     <span class='ocr_line' id='line_1_116' title="bbox 2016 5123 3591 5191; baseline 0.001 -14"><span class='ocrx_word' id='word_1_935' title='bbox 2016 5133 2127 5177; x_wconf 91' lang='lat' dir='ltr'><strong>tam</strong></span> <span class='ocrx_word' id='word_1_936' title='bbox 2170 5124 2357 5178; x_wconf 89' lang='lat' dir='ltr'><strong>multis</strong></span> <span class='ocrx_word' id='word_1_937' title='bbox 2396 5124 2561 5180; x_wconf 87' lang='lat' dir='ltr'><strong>rebus</strong></span> <span class='ocrx_word' id='word_1_938' title='bbox 2597 5125 2739 5180; x_wconf 80' lang='lat' dir='ltr'><strong>alius</strong></span> <span class='ocrx_word' id='word_1_939' title='bbox 2769 5141 2960 5191; x_wconf 91' lang='lat' dir='ltr'><strong>nemo,</strong></span> <span class='ocrx_word' id='word_1_940' title='bbox 3012 5125 3105 5182; x_wconf 88' lang='lat' dir='ltr'><strong>sed</strong></span> <span class='ocrx_word' id='word_1_941' title='bbox 3152 5125 3302 5180; x_wconf 87' lang='lat' dir='ltr'><strong>solus</strong></span> <span class='ocrx_word' id='word_1_942' title='bbox 3340 5123 3591 5180; x_wconf 82' lang='lat' dir='ltr'><strong>Salvator</strong></span> 
     </span>
    </p>
   </div>
   <div class='ocr_carea' id='block_1_117' title="bbox 2017 5212 3587 5284">
    <p class='ocr_par' dir='ltr' id='par_1_117' title="bbox 2017 5212 3587 5284">
     <span class='ocr_line' id='line_1_117' title="bbox 2017 5212 3587 5284; baseline 0.003 -17"><span class='ocrx_word' id='word_1_943' title='bbox 2017 5220 2224 5279; x_wconf 88' lang='lat' dir='ltr'><strong>noster,</strong></span> <span class='ocrx_word' id='word_1_944' title='bbox 2254 5215 2498 5284; x_wconf 89' lang='lat' dir='ltr'><strong>quicum</strong></span> <span class='ocrx_word' id='word_1_945' title='bbox 2544 5212 2694 5270; x_wconf 88' lang='lat' dir='ltr'><strong>Mose</strong></span> <span class='ocrx_word' id='word_1_946' title='bbox 2737 5214 3145 5270; x_wconf 85' lang='lat' dir='ltr'><strong>similitudinem</strong></span> <span class='ocrx_word' id='word_1_947' title='bbox 3179 5214 3449 5269; x_wconf 88' lang='lat' dir='ltr'><strong>factorum</strong></span> <span class='ocrx_word' id='word_1_948' title='bbox 3483 5216 3587 5270; x_wconf 85' lang='lat' dir='ltr'><strong>ha-</strong></span> 
     </span>
    </p>
   </div>
   <div class='ocr_carea' id='block_1_118' title="bbox 3618 1819 3647 2022">
    <p class='ocr_par' dir='ltr' id='par_1_118' title="bbox 3618 1819 3647 2022">
     <span class='ocr_line' id='line_1_118' title="bbox 3618 1819 3647 2022; baseline 0 -138"><span class='ocrx_word' id='word_1_949' title='bbox 3618 1819 3647 2022; x_wconf 50' lang='grc' dir='ltr'><em>λ</em></span> 
     </span>
    </p>
   </div>
   <div class='ocr_carea' id='block_1_119' title="bbox 345 1923 1918 2021">
    <p class='ocr_par' dir='ltr' id='par_1_119' title="bbox 345 1924 1918 2000">
     <span class='ocr_line' id='line_1_119' title="bbox 345 1924 1918 2000; baseline 0.004 -24"><span class='ocrx_word' id='word_1_950' title='bbox 345 1924 610 1995; x_wconf 79' lang='grc' dir='ltr'>δαιμόνια.</span> <span class='ocrx_word' id='word_1_951' title='bbox 644 1947 660 1976; x_wconf 71' lang='grc' dir='ltr'><strong>ι</strong></span> <span class='ocrx_word' id='word_1_952' title='bbox 698 1928 822 1996; x_wconf 74' lang='grc' dir='ltr'><strong>Ἐφ’</strong></span> <span class='ocrx_word' id='word_1_953' title='bbox 864 1929 1004 1992; x_wconf 77' lang='grc' dir='ltr'>ὅλοις</span> <span class='ocrx_word' id='word_1_954' title='bbox 1043 1931 1250 1993; x_wconf 87' lang='grc' dir='ltr'>τούτοις</span> <span class='ocrx_word' id='word_1_955' title='bbox 1295 1931 1534 2000; x_wconf 80' lang='grc' dir='ltr'><strong>Μωῦσῆς</strong></span> <span class='ocrx_word' id='word_1_956' title='bbox 1571 1932 1918 2000; x_wconf 88' lang='grc' dir='ltr'>μετωνόμασε</span> 
     </span>
    </p>
   </div>
   <div class='ocr_carea' id='block_1_120' title="bbox 2018 1923 3618 2021">
    <p class='ocr_par' dir='ltr' id='par_1_120' title="bbox 2020 1923 3618 2021">
     <span class='ocr_line' id='line_1_120' title="bbox 2020 1923 3618 2021; baseline 0 -42"><span class='ocrx_word' id='word_1_957' title='bbox 2020 1927 2096 1979; x_wconf 88' lang='lat' dir='ltr'><strong>nii</strong></span> <span class='ocrx_word' id='word_1_958' title='bbox 2131 1966 2145 1988; x_wconf 84' lang='lat'><strong>,</strong></span> <span class='ocrx_word' id='word_1_959' title='bbox 2189 1925 2404 1980; x_wconf 82' lang='lat' dir='ltr'><strong>tabulas</strong></span> <span class='ocrx_word' id='word_1_960' title='bbox 2433 1925 2677 1994; x_wconf 88' lang='lat' dir='ltr'><strong>lapideas</strong></span> <span class='ocrx_word' id='word_1_961' title='bbox 2701 1926 2936 1994; x_wconf 88' lang='lat' dir='ltr'><strong>scriptas</strong></span> <span class='ocrx_word' id='word_1_962' title='bbox 2962 1925 3135 1996; x_wconf 87' lang='lat' dir='ltr'><strong>digito</strong></span> <span class='ocrx_word' id='word_1_963' title='bbox 3166 1925 3257 1980; x_wconf 90' lang='lat' dir='ltr'><strong>Dei</strong></span> <span class='ocrx_word' id='word_1_964' title='bbox 3291 1926 3354 1978; x_wconf 70' lang='grc' dir='ltr'><strong>η.</strong></span> <span class='ocrx_word' id='word_1_965' title='bbox 3396 1945 3414 1976; x_wconf 84' lang='grc'><strong>›</strong></span> <span class='ocrx_word' id='word_1_966' title='bbox 3446 1925 3511 1978; x_wconf 87' lang='grc' dir='ltr'>Ει</span> <span class='ocrx_word' id='word_1_967' title='bbox 3539 1923 3618 2021; x_wconf 54' lang='lat' dir='ltr'><strong>in}</strong></span> 
     </span>
    </p>
   </div>
   <div class='ocr_carea' id='block_1_121' title="bbox 3655 5021 3685 5132">
    <p class='ocr_par' dir='ltr' id='par_1_121' title="bbox 3655 5021 3685 5132">
     <span class='ocr_line' id='line_1_121' title="bbox 3655 5021 3685 5132; baseline 0 0"><span class='ocrx_word' id='word_1_968' title='bbox 3655 5021 3685 5132; x_wconf 68' lang='lat'><em>7</em></span> 
     </span>
    </p>
   </div>
   <div class='ocr_carea' id='block_1_122' title="bbox 3637 5153 3648 5272">
    <p class='ocr_par' dir='ltr' id='par_1_122' title="bbox 3637 5153 3648 5272">
     <span class='ocr_line' id='line_1_122' title="bbox 3637 5153 3648 5272; baseline 0 -18"><span class='ocrx_word' id='word_1_969' title='bbox 3637 5153 3648 5272; x_wconf 61' lang='grc' dir='ltr'><strong>ί</strong></span> 
     </span>
    </p>
   </div>
   <div class='ocr_carea' id='block_1_123' title="bbox 2018 5305 3644 5376">
    <p class='ocr_par' dir='ltr' id='par_1_123' title="bbox 2018 5305 3644 5376">
     <span class='ocr_line' id='line_1_123' title="bbox 2018 5305 3644 5376; baseline 0.002 -18"><span class='ocrx_word' id='word_1_970' title='bbox 2018 5305 2216 5368; x_wconf 85' lang='lat' dir='ltr'><strong>buerit,</strong></span> <span class='ocrx_word' id='word_1_971' title='bbox 2267 5305 2502 5374; x_wconf 85' lang='lat' dir='ltr'><strong>proferri</strong></span> <span class='ocrx_word' id='word_1_972' title='bbox 2536 5313 2736 5376; x_wconf 81' lang='lat' dir='ltr'><strong>potest,</strong></span> <span class='ocrx_word' id='word_1_973' title='bbox 2773 5313 3024 5376; x_wconf 86' lang='lat' dir='ltr'><strong>superest</strong></span> <span class='ocrx_word' id='word_1_974' title='bbox 3059 5305 3173 5372; x_wconf 88' lang='lat' dir='ltr'><strong>jam</strong></span> <span class='ocrx_word' id='word_1_975' title='bbox 3218 5312 3278 5359; x_wconf 90' lang='lat' dir='ltr'><strong>ut</strong></span> <span class='ocrx_word' id='word_1_976' title='bbox 3332 5306 3387 5360; x_wconf 91' lang='lat' dir='ltr'><strong>in</strong></span> <span class='ocrx_word' id='word_1_977' title='bbox 3436 5307 3587 5362; x_wconf 87' lang='lat' dir='ltr'><strong>illum</strong></span> <span class='ocrx_word' id='word_1_978' title='bbox 3641 5315 3644 5330; x_wconf 82' lang='grc'><em>³</em></span> 
     </span>
    </p>
   </div>
   <div class='ocr_carea' id='block_1_124' title="bbox 2019 5397 3588 5469">
    <p class='ocr_par' dir='ltr' id='par_1_124' title="bbox 2019 5397 3588 5469">
     <span class='ocr_line' id='line_1_124' title="bbox 2019 5397 3588 5469; baseline 0.004 -19"><span class='ocrx_word' id='word_1_979' title='bbox 2019 5408 2190 5451; x_wconf 85' lang='lat' dir='ltr'><strong>unum</strong></span> <span class='ocrx_word' id='word_1_980' title='bbox 2224 5405 2556 5467; x_wconf 85' lang='lat' dir='ltr'><strong>spectemus.</strong></span> <span class='ocrx_word' id='word_1_981' title='bbox 2578 5397 2763 5469; x_wconf 89' lang='lat' dir='ltr'><strong>Neque</strong></span> <span class='ocrx_word' id='word_1_982' title='bbox 2803 5413 2933 5454; x_wconf 86' lang='lat' dir='ltr'><strong>vero</strong></span> <span class='ocrx_word' id='word_1_983' title='bbox 2964 5397 3030 5452; x_wconf 86' lang='lat' dir='ltr'><strong>ad</strong></span> <span class='ocrx_word' id='word_1_984' title='bbox 3079 5398 3244 5452; x_wconf 89' lang='lat' dir='ltr'><strong>alium</strong></span> <span class='ocrx_word' id='word_1_985' title='bbox 3280 5400 3588 5469; x_wconf 85' lang='lat' dir='ltr'><strong>quempiam</strong></span> 
     </span>
    </p>
   </div>
   <div class='ocr_carea' id='block_1_125' title="bbox 2019 5483 3584 5560">
    <p class='ocr_par' dir='ltr' id='par_1_125' title="bbox 2019 5483 3584 5560">
     <span class='ocr_line' id='line_1_125' title="bbox 2019 5483 3584 5560; baseline 0.003 -20"><span class='ocrx_word' id='word_1_986' title='bbox 2019 5487 2319 5544; x_wconf 87' lang='lat' dir='ltr'><strong>referamus</strong></span> <span class='ocrx_word' id='word_1_987' title='bbox 2370 5490 2742 5560; x_wconf 83' lang='lat' dir='ltr'><strong>prophetiam,</strong></span> <span class='ocrx_word' id='word_1_988' title='bbox 2777 5505 2898 5559; x_wconf 72' lang='lat' dir='ltr'><strong>qua:</strong></span> <span class='ocrx_word' id='word_1_989' title='bbox 2958 5486 3101 5558; x_wconf 89' lang='lat' dir='ltr'><strong>apud</strong></span> <span class='ocrx_word' id='word_1_990' title='bbox 3153 5483 3336 5543; x_wconf 85' lang='lat' dir='ltr'><strong>Mosen</strong></span> <span class='ocrx_word' id='word_1_991' title='bbox 3373 5496 3584 5553; x_wconf 83' lang='lat' dir='ltr'><strong>exstat.</strong></span> 
     </span>
    </p>
   </div>
   <div class='ocr_carea' id='block_1_126' title="bbox 2585 5583 3583 5646">
    <p class='ocr_par' dir='ltr' id='par_1_126' title="bbox 2585 5583 3583 5646">
     <span class='ocr_line' id='line_1_126' title="bbox 2585 5583 3583 5646; baseline 0.004 -11"><span class='ocrx_word' id='word_1_992' title='bbox 2585 5586 2628 5615; x_wconf 70' lang='grc' dir='ltr'>ίδ</span> <span class='ocrx_word' id='word_1_993' title='bbox 2657 5583 2790 5639; x_wconf 80' lang='lat' dir='ltr'><strong>Ibid.</strong></span> <span class='ocrx_word' id='word_1_994' title='bbox 2820 5585 2906 5640; x_wconf 74' lang='lat' dir='ltr'><strong>i3.</strong></span> <span class='ocrx_word' id='word_1_995' title='bbox 3024 5584 3064 5614; x_wconf 81' lang='lat'>”</span> <span class='ocrx_word' id='word_1_996' title='bbox 3087 5583 3416 5646; x_wconf 85' lang='lat' dir='ltr'><strong>Matth.vm,</strong></span> <span class='ocrx_word' id='word_1_997' title='bbox 3455 5583 3583 5642; x_wconf 55' lang='grc' dir='ltr'><strong>λδ.</strong></span> 
     </span>
    </p>
   </div>
   <div class='ocr_carea' id='block_1_127' title="bbox 2268 5652 3554 5717">
    <p class='ocr_par' dir='ltr' id='par_1_127' title="bbox 2268 5652 3554 5717">
     <span class='ocr_line' id='line_1_127' title="bbox 2268 5652 3554 5717; baseline 0 -9"><span class='ocrx_word' id='word_1_998' title='bbox 2268 5653 2309 5684; x_wconf 81' lang='grc'>¹⁹</span> <span class='ocrx_word' id='word_1_999' title='bbox 2337 5652 2495 5708; x_wconf 90' lang='lat' dir='ltr'><strong>Num.</strong></span> <span class='ocrx_word' id='word_1_1000' title='bbox 2555 5669 2634 5714; x_wconf 80' lang='lat' dir='ltr'><strong>xi.</strong></span> <span class='ocrx_word' id='word_1_1001' title='bbox 2675 5653 2759 5717; x_wconf 83' lang='grc'>16,</span> <span class='ocrx_word' id='word_1_1002' title='bbox 2813 5653 2901 5709; x_wconf 75' lang='lat' dir='ltr'><strong>l7.</strong></span> <span class='ocrx_word' id='word_1_1003' title='bbox 2946 5653 3036 5708; x_wconf 71' lang='grc' dir='ltr'>ει.</span> <span class='ocrx_word' id='word_1_1004' title='bbox 3154 5655 3198 5685; x_wconf 83' lang='grc'><strong>²⁰</strong></span> <span class='ocrx_word' id='word_1_1005' title='bbox 3233 5653 3363 5707; x_wconf 88' lang='lat' dir='ltr'><strong>Luc.</strong></span> <span class='ocrx_word' id='word_1_1006' title='bbox 3420 5669 3475 5716; x_wconf 88' lang='lat' dir='ltr'><strong>x,</strong></span> <span class='ocrx_word' id='word_1_1007' title='bbox 3535 5655 3554 5708; x_wconf 80' lang='grc'><strong>1</strong></span> 
     </span>
    </p>
   </div>
   <div class='ocr_carea' id='block_1_128' title="bbox 2186 5721 3137 5791">
    <p class='ocr_par' dir='ltr' id='par_1_128' title="bbox 2186 5721 3137 5791">
     <span class='ocr_line' id='line_1_128' title="bbox 2186 5721 3137 5791; baseline 0.004 -15"><span class='ocrx_word' id='word_1_1008' title='bbox 2186 5723 2231 5754; x_wconf 64' lang='grc' dir='ltr'><strong>ει</strong></span> <span class='ocrx_word' id='word_1_1009' title='bbox 2265 5721 2452 5778; x_wconf 83' lang='lat' dir='ltr'><strong>Matth.</strong></span> <span class='ocrx_word' id='word_1_1010' title='bbox 2493 5736 2546 5791; x_wconf 70' lang='grc' dir='ltr'>ν,</span> <span class='ocrx_word' id='word_1_1011' title='bbox 2590 5722 2678 5776; x_wconf 71' lang='lat' dir='ltr'><strong>aa.</strong></span> <span class='ocrx_word' id='word_1_1012' title='bbox 2794 5723 2996 5779; x_wconf 68' lang='lat' dir='ltr'><strong>“Ibid.</strong></span> <span class='ocrx_word' id='word_1_1013' title='bbox 3048 5723 3137 5781; x_wconf 82' lang='lat'><strong>28.</strong></span> 
     </span>
    </p>
   </div>
   <div class='ocr_carea' id='block_1_129' title="bbox 3246 5721 3608 5778">
    <p class='ocr_par' dir='ltr' id='par_1_129' title="bbox 3246 5721 3608 5778">
     <span class='ocr_line' id='line_1_129' title="bbox 3246 5721 3608 5778; baseline 0.006 -2"><span class='ocrx_word' id='word_1_1014' title='bbox 3246 5726 3291 5757; x_wconf 77' lang='lat'>“</span> <span class='ocrx_word' id='word_1_1015' title='bbox 3327 5723 3460 5778; x_wconf 66' lang='grc' dir='ltr'>ιδιά.</span> <span class='ocrx_word' id='word_1_1016' title='bbox 3492 5721 3572 5778; x_wconf 64' lang='grc' dir='ltr'>Η,</span> <span class='ocrx_word' id='word_1_1017' title='bbox 3603 5741 3608 5748; x_wconf 75' lang='lat'><strong>‘</strong></span> 
     </span>
    </p>
   </div>
  </div>
