4126 6444
383 412 443 470 ’γ
476 404 624 481 (Ηθ

1197 403 1474 460 EUSEBII‘
1498 405 1978 461 ΟλΕΞΑΒΙΕΝΞΙὸ
2019 407 2116 463 ΟΡ]

2218 409 2392 465 PARS
2431 409 2491 467 Il.
2524 441 2593 453 -—-
2628 411 3126 472 APOLOGETICA.

3656 420 3762 476 180

517 527 661 595 Quid
687 528 837 583 enim
863 526 1089 581 interest
1117 522 1363 589 dicasne,
1395 525 1453 578 in
1504 525 1625 595 ipso
1667 533 1858 596 gentes
1897 541 2085 596 spera-
2114 583 2116 589 ι

2218 528 2446 599 ποταμῶν
2468 529 2573 594 ἓως
2598 530 2848 601 περάτων
2877 533 2975 603 τῆς
3003 531 3345 602 οἰκουμένης.
3377 550 3399 584 ι
3430 532 3538 586 Καὶ
3569 530 3759 599 αὖθις·

519 623 677 687 bunt,
710 619 821 690 97
867 634 937 673 an
980 632 1108 672 vero
1131 634 1146 671 :
1171 616 1289 687 ipse
1315 618 1420 672 erit
1449 620 1785 689 exspectatio
1809 620 2087 689 gentium?

518 706 731 764 Rursus
776 722 904 762 vero
953 705 1092 761 idem
1129 706 1322 771 lsaias,
1352 708 1602 762 oratione
1631 721 1989 778 progressus,
2020 707 2088 763 de

2194 642 2214 674 ί
2239 623 2420 675 Πάντα
2449 622 2517 675 τά
2564 622 2689 694 ἔθνη
2722 622 3095 676 δουλεύσουσιν
3128 621 3307 693 αὐτῷ,
3342 622 3437 676 παλ⁸
3481 624 3765 697 ὲνευλογη-

2191 712 2445 783 θήσονται
2479 715 2537 766 ὲν
2564 714 2646 767 σοὶ
2670 715 2839 767 πᾶσαι
2872 716 2929 768 αἰ
2955 714 3116 783 φυλαὶ
3145 714 3246 783 τῆς
3271 716 3391 785 γῆς.
3420 737 3439 767 ι
3472 716 3583 770 Καὶ
3604 717 3764 780 τόπος

520 799 742 856 Christo
790 799 908 854 haec
957 797 1170 852 divinat
1206 815 1221 852 :
1254 816 1274 848 ‹
1305 796 1445 852 Ecce
1497 814 1635 868 puer
1683 814 1877 861 meus,
1926 814 2088 869 quem

2221 805 2245 857 ἐ
2277 822 2363 869 τις
2395 807 2557 859 πάλιν
2585 806 2962 877 ἀφωρισμένος
3008 806 3110 875 τῆς
3151 805 3246 858 τοῦ
3288 807 3764 879 προφητευομὲνου

523 893 660 962 elegi
688 912 701 946 :
736 891 971 946 dilectus
1001 905 1158 946 meus
1181 929 1196 954 ,
1230 890 1288 943 in
1323 905 1433 959 quo
1465 889 1792 961 complacuit
1824 890 1929 945 sibi
1968 891 2091 944 ani-

522 998 612 1039 ma
642 997 763 1039 mea
788 1002 802 1037 :
836 982 1108 1052 judicium
1137 982 1397 1052 gentibus
1431 980 1670 1051 proferet
1698 982 1765 1046 ³⁵,
1799 1003 1819 1035 ι
1844 997 1907 1037 ac
1937 983 2097 1038 deiu-

516 1092 650 1146 ceps
683 1075 935 1146 adjungit
962 1094 979 1129 -.
1013 1093 1031 1125 ι
1057 1072 1232 1129 donec
1257 1082 1424 1144 ponat
1449 1072 1506 1126 in
1537 1080 1682 1128 terra
1705 1072 1973 1143 judicium
1993 1113 2008 1136 ,
2040 1081 2096 1129 et

522 1169 578 1224 in
617 1168 840 1224 nomine
877 1166 1000 1236 ejus
1031 1176 1221 1236 gentes
1250 1165 1555 1236 sperabunt
1579 1164 1664 1220 ”:
1698 1180 1717 1213 ι
1753 1165 1811 1219 in
1842 1165 1929 1220 his
1957 1164 2095 1220 Pro‘

522 1261 686 1330 pheta
736 1257 848 1327 jam
901 1257 1145 1313 secundo
1186 1267 1377 1325 gentes
1425 1255 1480 1308 in
1522 1252 1744 1310 Christo
1786 1263 2097 1325 speraturas

524 1351 707 1421 ponit,
738 1364 865 1404 cum
921 1349 1177 1418 superius
1204 1349 1338 1405 illud
1370 1348 1612 1404 dixerit:
1654 1366 1674 1399 ι
1715 1348 1773 1402 in
1805 1348 1927 1417 ipso
1967 1363 2100 1419 gen-

526 1453 609 1499 tes
634 1442 936 1512 sperabunt
960 1440 1028 1497 "’.
1056 1453 1073 1485 ι
1104 1438 1205 1495 Hic
1238 1454 1368 1495 vero
1397 1459 1410 1495 :
1440 1459 1460 1493 ι
1490 1442 1545 1495 ἱη
1577 1441 1795 1495 nomine
1819 1440 1940 1509 ejus
1968 1456 2102 1510 gen-

525 1544 611 1591 tes
640 1533 958 1605 sperabunt.
996 1552 1014 1586 ι
1044 1531 1220 1588 Etiam
1256 1533 1359 1602 ipsi
1394 1531 1563 1587 David
1592 1532 1799 1587 dictum
1824 1543 1909 1587 est
1939 1532 2007 1600 ³⁸,
2034 1531 2103 1587 de

528 1625 711 1681 fructu
740 1625 945 1681 ventris
971 1623 1094 1693 ejus
1122 1623 1498 1679 suscitandum
1527 1638 1650 1679 esse
1677 1623 1966 1693 quemdam
1991 1663 2006 1688 ,
2033 1621 2104 1678 de

528 1732 642 1789 quo
674 1716 934 1787 deinceps
964 1716 1039 1771 ait
1065 1715 1210 1773 Deus
1236 1734 1250 1770 :
1298 1733 1318 1767 ‹
1350 1715 1469 1786 Ipse
1500 1715 1775 1770 invocabit
1800 1729 1918 1778 me,
1950 1721 2107 1785 pater

2190 898 2456 965 γενέσεως
2481 896 2795 960 θεσπίζεται
2816 897 3161 967 ὑπὸΜιχαίου
3178 896 3448 966 λέγοντος·
3481 919 3500 950 ι
3530 901 3642 953 Καὶ
3674 901 3760 966 σὺ,

2196 989 2463 1060 Βηθλεὲμ,
2485 986 2631 1051 οἶκος
2646 988 2739 1041 τοῦ
2772 986 3053 1058 Εὐφραθᾶ,
3073 987 3348 1054 ὀλιγοστὸς
3365 985 3415 1041 εἷ
3440 989 3534 1041 τοῦ
3552 985 3691 1043 εἶναι
3709 992 3766 1044 ὲν

2193 1078 2427 1149 χιλιάσιν
2459 1078 2665 1131 ’ἰούδω
2702 1078 2767 1130 ὲκ
2791 1076 2885 1130 σοῦ
2927 1094 3017 1148 μοι
3065 1078 3403 1143 ἐξελεύσεται
3445 1078 3766 1150 ἡγούμενος,

2195 1175 2344 1236 ὅστις
2377 1175 2630 1243 ποιμανεῖ
2663 1172 2757 1225 τὸν
2805 1172 2931 1226 λαόν
2988 1189 3087 1242 μου
3132 1172 3225 1225 τὸν
3277 1172 3526 1243 ’ῐσραήλο
3580 1173 3675 1226 καὶ
3713 1174 3770 1226 αἰ

2195 1261 2362 1326 ἔξοδοι
2394 1261 2557 1315 αὐτοῦ
2595 1261 2851 1333 ἀπαρχῆς
2895 1260 2953 1327 ἐξ
2987 1260 3207 1331 ήμερῶν
3252 1260 3465 1325 αἰῶνος.
3491 1281 3511 1314 r
3552 1262 3773 1332 Ὢμολό-

2197 1369 2363 1423 γηται
2389 1352 2447 1405 δὲ
2480 1350 2634 1423 παρὰ
2666 1354 2779 1415 τοῖς
2805 1353 2990 1415 πᾶσιν,
3030 1352 3112 1404 ὅτι
3142 1352 3201 1404 ὲν
3234 1351 3485 1423 Βηθλεὲμ
3511 1352 3770 1425 ἐγεννήθη

2212 1443 2418 1514 Ἰησοῦς
2440 1445 2468 1497 6
2493 1443 2746 1515 Χριστὸς,
2776 1443 2853 1506 ὡς
2876 1443 2970 1497 καὶ
3000 1444 3263 1513 σπήλαιον
3292 1443 3600 1498 δείκνυσθαι
3638 1445 3774 1515 πρὸς

2199 1534 2315 1589 τῶν
2337 1533 2644 1606 ἐπιχωρίων
2673 1534 2857 1588 αὐτόθι
2878 1536 2991 1597 τοῖς
3013 1535 3108 1586 ἐπὶ
3136 1533 3264 1587 θέαν
3288 1534 3397 1587 ἀπὸ
3425 1534 3524 1605 τῆς
3543 1533 3770 1588 ἀλλοδα-

2203 1625 2311 1696 πῆς
2331 1625 2766 1696 ἀφικνουμένοις.
2798 1625 2907 1679 Καὶ
2935 1626 2963 1676 6
3001 1626 3098 1695 μὲν
3122 1626 3285 1689 τόπος
3316 1619 3489 1692 οὗτος,
3531 1626 3659 1681 “ea
3685 1645 3778 1698 γε,

2203 1717 2496 1788 γεννῆσθαι
2520 1717 2764 1788 ἔμελλεν,
2790 1712 3085 1789 προείρητο
3102 1736 3115 1749 ·
3139 1720 3225 1783 τίς
3254 1718 3310 1772 δὲ
3331 1719 3425 1773 καὶ
3458 1720 3778 1792 λευκότερον

534 1825 689 1865 meus
718 1825 779 1865 es
811 1818 866 1863 tu
886 1851 902 1877 ,
933 1817 989 1865 et
1012 1824 1115 1880 ego
1144 1809 1569 1879 primogenitum
1598 1822 1796 1878 ponam
1829 1822 1953 1862 eum
1978 1808 2046 1862 ³⁸.
2081 1827 2099 1859 ι

2218 1812 2234 1862 5
2270 1809 2495 1872 Ἦσαῖας
2527 1810 2858 1880 παρίστησι,
2898 1810 2963 1863 δι’
2994 1813 3330 1881 αἰνιγμάτων
3367 1812 3465 1882 μὲν
3507 1812 3617 1883 (1),
3652 1814 3778 1866 ὅταν

534 1900 671 1959 Nam
701 1899 769 1956 de
805 1901 908 1956 hoc
941 1916 1136 1957 rursus
1164 1899 1369 1955 dictum
1410 1908 1495 1955 est
1524 1918 1537 1953 :
1564 1916 1586 1950 ι
1620 1897 1685 1951 Et
1729 1898 2106 1954 dominabitur

2218 1900 2372 1971 téyn'
2408 1918 2427 1951 ι
2467 1898 2660 1970 Κύριε,
2692 1900 2777 1963 τίς
2803 1901 3091 1954 ἐπίστευσε
3126 1880 3190 1973 τῇ
3230 1880 3378 1974 ἀκοῇή
3408 1880 3585 1974 ήμῶν,
3633 1906 3725 1958 καὶ
3751 1908 3780 1958 6

534 2007 566 2052 ει
598 1994 733 2046 mari
769 2007 940 2062 usque
968 1991 1035 2045 ad
1069 2005 1221 2046 mare
1245 2031 1259 2056 ,
1306 2000 1360 2046 et
1402 2007 1432 2045 a
1474 1989 1792 2046 ﬂuminibus
1836 2006 2009 2060 usque
2036 1991 2103 2045 ad

532 2084 797 2140 terminos
823 2084 973 2138 orbis
999 2090 1161 2137 terrae
1186 2083 1254 2136 “.
1289 2102 1309 2135 ι
1335 2080 1399 2134 Et
1426 2097 1618 2137 rursus
1645 2101 1659 2135 :
1691 2100 1710 2134 ι
1741 2079 1944 2137 Omnes
1974 2098 2105 2152 gen-

537 2184 620 2230 tes
648 2176 885 2230 servient
912 2174 963 2228 ei
985 2214 1000 2234 .
1035 2182 1090 2229 et
1118 2174 1513 2230 benedicentur
1542 2174 1595 2228 in
1629 2184 1681 2229 te
1705 2189 1899 2229 omnes
1926 2174 2104 2228 tribus

534 2276 693 2324 terra:
727 2265 796 2319 δι.
830 2285 848 2317 ι
874 2263 1142 2319 Praeterea
1172 2272 1353 2318 autem
1401 2263 1555 2319 locus
1596 2263 1815 2334 quidem
1857 2270 2041 2318 certus
2073 2276 2106 2316 a

540 2357 764 2413 Michza
795 2358 1036 2421 canitur,
1069 2357 1125 2412 in
1159 2371 1271 2428 quo
1298 2357 1346 2412 is
1372 2356 1621 2412 oriturus
1652 2356 1755 2420 sit,
1789 2355 1857 2411 de
1886 2370 1998 2426 quo
2028 2355 2107 2410 fe-

534 2457 734 2505 runtur
773 2458 853 2504 tot
895 2448 1152 2504 vaticinia
1182 2466 1195 2502 :
1225 2465 1243 2498 ι
1277 2446 1345 2503 Et
1393 2456 1474 2510 tu,
1523 2448 1724 2517 inquit,
1765 2446 2105 2512 Bethlehem,

537 2543 735 2598 domus
764 2539 1045 2611 Euphrata
1064 2579 1081 2605 ,
1114 2539 1342 2595 minima
1366 2554 1428 2595 es
1462 2544 1521 2593 ut
1548 2540 1629 2594 sis
1659 2538 1717 2593 in
1739 2539 1983 2593 millibus
2008 2535 2109 2591 Ju-

539 2633 610 2688 da
635 2650 649 2686 :
675 2647 743 2686 ex
769 2641 823 2685 te
851 2630 985 2685 mihi
1010 2629 1322 2701 egredietur
1342 2630 1484 2697 dux,
1517 2630 1613 2700 qui
1639 2639 1825 2700 pascet
1849 2631 2110 2699 populum

542 2739 726 2781 meum
772 2722 974 2790 Israel,
1026 2733 1081 2776 et
1121 2722 1303 2777 exitus
1345 2721 1468 2790 ejus
1506 2721 1577 2776 ab
1615 2720 1774 2775 initio
1821 2736 1890 2777 ex
1919 2721 2112 2775 diebus

543 2816 724 2871 saeculi
749 2816 794 2847 δ’
820 2834 834 2870 :
869 2834 888 2867 ι
918 2820 973 2870 et
996 2828 1189 2870 omnes
1219 2812 1573 2877 conﬁtentur,
1600 2812 1656 2867 in
1681 2810 1993 2867 Bethlehem
2021 2809 2114 2866 Je-

541 2924 663 2964 sum
695 2906 976 2962 Christum
1006 2920 1132 2961 esse
1160 2913 1371 2961 natum.
1406 2904 1552 2971 Quin
1575 2904 1740 2960 etiam
1774 2903 1966 2959 incolae
1991 2903 2113 2973 ejus

542 3002 648 3058 loci
679 3001 997 3070 speluncam
1025 2997 1226 3054 ibidem
1255 3006 1562 3054 monstrant
1590 2997 1658 3052 iis
1677 3038 1693 3064 ,
1720 2996 1814 3067 qui
1842 2997 1910 3052 ab
1932 3004 2115 3052 exter-

544 3095 631 3148 nis
671 3092 833 3148 terris
873 3089 1124 3145 venerint
1162 3089 1229 3145 ad
1277 3089 1678 3160 spectandum:
1717 3095 1772 3144 et
1812 3088 1968 3143 locus
1989 3089 2115 3158 qui-

449 3200 459 3246 ;
543 3184 667 3240 dem
697 3184 786 3238 hic
813 3182 905 3237 ubi
940 3192 1092 3237 ortus
1120 3182 1243 3252 ejus
1269 3182 1486 3238 futurus
1513 3180 1648 3245 fuit,
1678 3179 1973 3250 praedictus
2006 3188 2112 3237 est.

545 3275 724 3346 Ipsius
754 3289 881 3330 vero
910 3281 1065 3329 ortus
1099 3273 1425 3329 miraculum
1449 3314 1465 3340 ,
1500 3288 1647 3328 nunc
1687 3272 1923 3329 obscure
1955 3286 2021 3326 ac
2058 3270 2118 3325 ii-

545 3376 773 3439 gurate,
800 3379 948 3421 nunc
974 3365 1135 3435 plane
1160 3372 1217 3419 et
1245 3371 1434 3435 aperte
1461 3362 1616 3433 ponit
1643 3359 1814 3417 Isaias
1843 3380 1855 3416 :
1887 3360 2121 3416 obscure

547 3458 768 3530 quidem
791 3497 806 3520 ,
848 3458 938 3512 ubi
984 3458 1094 3512 ait:
1131 3476 1150 3510 ι
1182 3455 1414 3512 Domine
1434 3496 1452 3522 ,
1491 3455 1616 3526 quis
1640 3455 1876 3515 credidit
1908 3453 2121 3508 auditui

548 3549 783 3605 nostro?
823 3556 878 3604 et
926 3548 1214 3603 brachium
1262 3547 1477 3605 Domini
1531 3548 1619 3601 cui
1666 3546 1963 3602 revelatum
2002 3546 2123 3601 est?

549 3640 998 3698 annuntiavimus
1047 3654 1233 3694 coram
1281 3655 1377 3703 eo,
1420 3638 1579 3708 quasi
1621 3638 1920 3708 puerulus,
1963 3634 2121 3705 quasi

548 3732 705 3789 radix
741 3733 797 3788 in
827 3738 974 3786 terra
1004 3731 1218 3787 sitienti
1250 3730 1317 3786 υ.
1350 3749 1368 3782 ι
1400 3729 1505 3784 Pro
1532 3744 1644 3799 quo
1676 3728 1870 3798 Aquila
1902 3726 2122 3798 quidem

549 3825 630 3880 sic
673 3824 1062 3896 interpretatus
1102 3832 1225 3880 est:
1264 3842 1283 3876 ι
1318 3822 1385 3876 Et
1428 3821 1821 3893 [medicabitur
1861 3829 2123 3891 tanquam

510 3942 517 3949 -
552 3912 698 3983 quod
734 3914 901 3969 ubere
944 3913 1186 3973 nutritur
1230 3913 1284 3971 in
1328 3911 1524 3969 faciem
1578 3910 1729 3980 ejus,
1772 3917 1827 3966 et
1866 3918 2123 3980 tanquam

526 4002 709 4067 radix
735 4003 804 4058 dc.
826 4010 974 4059 terra
1004 4004 1172 4058 invia.
1204 4023 1223 4055 ι
1247 4001 1587 4059 Theodotion
1611 4018 1781 4061 vero:
1805 4019 1825 4053 ε
1854 4001 1920 4055 Ει
1941 4016 2129 4057 ascen-

552 4094 645 4150 det
674 4096 817 4150 sicut
842 4097 990 4166 quod
1018 4096 1158 4151 lacte
1188 4095 1355 4149 alitur
1380 4110 1564 4151 coram
1592 4110 1660 4150 eo
1677 4132 1694 4159 ,
1719 4104 1774 4149 et
1801 4094 1944 4150 sicut
1970 4094 2127 4149 radix

527 4185 613 4245 .in
646 4194 790 4245 tetra
818 4186 1046 4241 sitienti.
1078 4205 1097 4237 ι
1128 4183 1231 4241 llis
1258 4185 1405 4240 enim
1435 4185 1618 4244 verbis
1644 4199 1769 4245 cum
1794 4184 2126 4243 mentionem

556 4278 748 4338 iecerit
778 4277 1041 4348 prapheta
1069 4278 1137 4333 de
1168 4276 1394 4332 brachio
1426 4275 1681 4340 Domini,
1710 4276 1855 4344 quod
1882 4280 2001 4330 erat
2030 4272 2127 4329 Dei

556 4364 796 4426 Verbum
820 4385 835 4422 :
866 4388 885 4420 ι
906 4367 1105 4429 Coram
1131 4382 1221 4432 eo,
1245 4366 1451 4437 inquit,
1496 4365 1944 4423 annuntiavimus
1970 4363 2127 4435 quasi

557 4461 847 4531 puerulum
898 4461 1226 4524 lactentem,
1275 4467 1331 4514 et
1374 4460 1468 4529 qui
1515 4459 1682 4515 ubere
1729 4458 2030 4523 nutriatur,
2073 4464 2130 4512 et

557 4551 719 4621 quasi
751 4550 990 4607 radicem
1023 4549 1091 4608 de
1121 4556 1267 4609 terra
1303 4549 1448 4605 invia
1476 4567 1489 4613 ;
1525 4570 1544 4601 ι
1572 4548 1663 4605 ubi
1702 4549 1966 4619 puerulus
2005 4546 2130 4617 qui-
2161 4579 2204 4634 ο

530 4641 682 4698 οιίθω
716 4640 834 4703 ille,
869 4640 965 4709 qui
996 4641 1161 4699 ubere
1188 4648 1352 4709 atque
1383 4640 1523 4694 lacte
1555 4640 1817 4702 nutritur,
1854 4640 2012 4709 plane
2037 4654 2130 4693 or-

559 4744 678 4793 tum
711 4731 918 4788 Christi
950 4731 1219 4793 declarat.
1257 4729 1428 4789 Terra
1460 4746 1592 4787 vero
1621 4731 1767 4785 invia
1799 4738 1853 4786 et
1897 4731 2125 4795 sitiens,

556 4824 671 4895 98
699 4824 963 4893 virginem
1008 4838 1130 4893 qua:
1171 4822 1323 4877 illum
1369 4823 1531 4878 enixa
1560 4831 1676 4888 est,
1720 4838 1886 4893 quam
1918 4822 2132 4881 scilicet

556 4916 743 4977 nullus
771 4915 855 4969 vir
884 4914 1053 4979 adiit,
1080 4912 1148 4968 de
1172 4929 1280 4983 qua
1307 4913 1558 4983 quamvis
1589 4914 1733 4970 invia
1755 4953 1772 4979 ,
1797 4915 2014 4969 laudata
2041 4913 2131 4971 illa

560 5007 717 5062 radis
761 5004 1000 5076 prodiit,
1042 5012 1101 5061 et
1144 5007 1238 5075 qui
1284 5006 1492 5071 ubere,
1535 5006 1785 5075 lacteque
1830 5006 2133 5060 nutriretur

558 5100 846 5167 puerulus.
880 5097 1084 5154 Verum
1116 5097 1233 5154 hac
1264 5098 1587 5162 adumbrate
1620 5097 1914 5152 admodum
1959 5095 2132 5167 signi-

558 5187 778 5247 ﬁcavit:
827 5188 1075 5258 apertius
1121 5201 1253 5251 vero
1296 5186 1438 5248 idem
1487 5186 1755 5258 prOpheta
1806 5185 2130 5240 sententiam

559 5291 713 5336 Suam
759 5277 1176 5347 interpretatur,
1210 5269 1303 5331 ubi
1337 5277 1451 5331 ait:
1484 5294 1502 5328 ι
1536 5274 1678 5330 Ecce
1706 5274 1859 5344 virgo
1888 5271 1941 5327 in
1977 5280 2135 5326 utero

558 5369 766 5441 capiet,
798 5376 853 5428 et
882 5369 1060 5439 pariet
1095 5368 1298 5434 tilium,
1323 5375 1378 5431 et
1404 5366 1676 5425 vocabunt
1706 5378 1908 5429 nomen
1965 5363 2084 5433 ejus
2108 5381 2127 5416 ι

2209 1990 2443 2063 βραχίων
2498 1992 2704 2063 Κυρίου
2765 1992 2868 2046 τίνι
2922 1992 3323 2064 ἀπεκαλύφθη;
3380 1995 3781 2066 ἀνηγγείλαμεν

2208 2083 2445 2136 ἐναντίον
2475 2083 2641 2137 αὑτοῦ
2669 2084 2744 2148 ὡς
2777 2085 3006 2147 παιδίον,
3038 2086 3115 2145 ὡς
3146 2085 3269 2156 ῥίζα
3301 2087 3360 2139 ὲν
3402 2089 3469 2157 γῇ
3500 2086 3728 2159 διψώσῃ.
3754 2107 3774 2140 ι

2219 2174 2358 2227 Ἀνθ’
2385 2171 2447 2228 οὗ
2485 2178 2514 2229 6
2553 2176 2650 2247 μὲν
2703 2176 2932 2239 Ἀκύλας
2972 2178 3317 2248 ήρμήνευσεν
3361 2177 3564 2240 οὕτως*
3614 2198 3633 2231 ι
3674 2181 3781 2233 Καὶ

2207 2267 2645 2339 ἀναῤῥηθήσεται
2671 2269 2746 2332 ὡς
2771 2268 3136 2338 τιτθιζόμενον
3162 2271 3242 2331 εἰς
3275 2269 3562 2340 πρόσωπον
3587 2268 3770 2331 αὑτοῦ,

2208 2358 2303 2412 καὶ
2350 2358 2427 2421 ὡς
2459 2358 2582 2429 ῥίζα
2635 2358 2743 2412 ἀπὸ
2786 2360 2891 2429 γῆς
2942 2359 3145 2412 ἀϐάτου
3179 2376 3194 2389 ·
3229 2378 3247 2410 ι
3283 2361 3312 2412 6
3353 2358 3410 2413 δὲ
3452 2358 3774 2411 Θεοδοτίων·

2214 2470 2233 2501 ι
2263 2450 2356 2503 καὶ
2407 2449 2738 2521 ἀναϐήσεται
2778 2450 2855 2513 ὡς
2896 2449 3127 2521 θηλάζον
3169 2448 3396 2503 ἐνώπιον
3453 2449 3649 2514 αὑτοῦ,
3690 2449 3783 2502 καὶ

2210 2542 2286 2606 ὼς
2312 2540 2435 2612 ῥίζα
2455 2544 2513 2595 ὲν
2535 2545 2607 2612 γῇ
2629 2540 2856 2613 διψώσῃ.
2887 2561 2904 2593 ι
2929 2542 3028 2595 Διά
3055 2541 3162 2612 γάρ
3183 2541 3387 2595 τούτων
3412 2541 3788 2611 μνημονεύσας

2211 2635 2241 2687 6
2272 2634 2556 2707 προφήτης
2588 2633 2680 2687 τοῦ
2724 2632 3003 2703 βραχίονος
3046 2632 3141 2685 τοῦ
3180 2633 3417 2703 Κυρίου,
3443 2632 3504 2695 ὃς
3533 2628 3601 2702 ἦν
3630 2635 3660 2686 6
3690 2631 3787 2687 τοῦ

2213 2724 2349 2779 Θεοῦ
2376 2724 2554 2793 λόγος,
2581 2743 2600 2775 ι
2634 2724 2893 2778 Ἐνώπιον
2920 2724 3108 2787 αὑτοῦ,
3140 2744 3157 2775 ι
3202 2726 3387 2795 φησὶν,
3420 2741 3439 2775 ι
3463 2724 3788 2793 ἀνηγγείλα-

2220 2835 2319 2889 μεν
2349 2819 2426 2882 ὡς
2466 2817 2676 2871 παιδίον
2720 2816 2949 2888 θηλάζον
2981 2819 3074 2871 καὶ
3128 2816 3527 2888 τιτθιζόμενον,
3572 2816 3665 2869 καὶ
3713 2817 3789 2879 ὼς

2220 2908 2374 2981 ῥίζαν
2398 2909 2507 2964 ἀπὸ
2532 2909 2635 2979 γῆς
2660 2907 2880 2963 ἀϐάτου.
2905 2927 2924 2959 ι
2955 2909 3028 2961 T6
3057 2910 3153 2979 μὲν
3177 2905 3270 2961 οὖν
3299 2907 3508 2962 παιδίον
3531 2907 3592 2959 τὸ
3619 2906 3790 2959 τιτθι-

2218 2997 2445 3071 ζόμενον
2467 3000 2561 3054 καί
2596 2998 2826 3070 θηλάζον
2857 3000 3115 3071 ἄντικρυς
3144 3000 3242 3071 τήν
3279 2999 3489 3067 γένεσιν
3532 2998 3627 3051 τοῦ
3657 2998 3794 3069 Χρι-

2223 3089 2350 3145 στοῦ
2375 3091 2551 3161 δηλοῖ·
2589 3093 2622 3160 ή
2652 3091 2708 3143 δὲ
2728 3091 2798 3161 γῆ
2828 3089 3027 3162 ἄϐατος
3054 3091 3148 3143 καὶ
3174 3089 3383 3159 διψῶσα
3412 3088 3508 3159 τὴν
3544 3088 3791 3160 ἀποκυή-

2221 3197 2389 3234 σασαν
2437 3179 2598 3233 αὑτὸν
2632 3178 2896 3251 παρθένον
2923 3218 2937 3242 ,
3051 3177 3222 3240 οὐδεὶς
3254 3177 3391 3249 ἀνὴρ
3437 3176 3792 3246 ὲπιϐέϐηκεν,

2221 3273 2312 3341 ἀφ’
2351 3267 2438 3343 ἦς,
2486 3270 2686 3340 καίπερ
2733 3268 2934 3323 ἀϐάτου
2988 3266 3401 3337 τυγχανούσης,
3438 3264 3705 3336 προῆλθεν
3754 3266 3792 3335 ή

2221 3362 2561 3433 εὐλογημένη
2610 3359 2753 3431 ῥίζα,
2797 3362 2890 3414 καὶ
2919 3360 2981 3413 τὸ
3021 3356 3386 3429 τιτθιζόμενον
3421 3357 3515 3410 καὶ
3559 3354 3793 3426 θηλάζον

2222 3454 2449 3511 παιδίον.
2502 3453 2658 3507 Ἀλλὰ
2703 3453 2877 3507 ταῦτα
2921 3452 3022 3522 μὲν
3069 3449 3512 3520 ὲπεσκιασμένως
3542 3446 3809 3517 ᾑνίξατοθ

2222 3546 2554 3617 γυμνότερον
2585 3544 2641 3597 δὲ
2668 3545 2697 3598 6
2726 3542 2889 3605 αὐτὸς
2915 3540 3205 3612 ὲρμηνεύει
3234 3541 3521 3612 προφήτης
3548 3537 3648 3609 τὴν
3678 3536 3796 3590 διάν

2223 3653 2391 3698 νοιαν,
2432 3637 2517 3688 ἐπ’
2552 3634 2616 3689 ἀν
2664 3634 2834 3707 λέγῃ·
2874 3650 2893 3683 ι
2936 3631 3067 3684 Ἰδοὺ
3108 3632 3141 3699 ή
3189 3629 3454 3699 παρθένος
3499 3630 3558 3681 ὲν
3599 3628 3798 3697 γαστρὶ

2223 3725 2473 3795 λήψεται,
2505 3726 2598 3778 καὶ
2627 3723 2842 3789 τέξεται
2891 3721 3039 3785 υἱὸν,
3075 3721 3168 3773 καὶ
3201 3719 3485 3772 καλέσουσι
3516 3716 3577 3770 τὸ
3623 3716 3796 3786 δνομα

2223 3816 2386 3869 αὐτοῦ
2437 3815 2553 3886 μεθ’
2589 3814 2745 3884 ήμῶν
2773 3816 2801 3868 ὁ
2831 3812 2982 3875 Θεός.
3012 3832 3028 3862 i
3059 3811 3227 3865 Τοῦτο
3257 3811 3366 3881 γάρ
3410 3807 3703 3880 ὲρμηνεύει
3737 3806 3800 3859 τὸ

2230 3927 2248 3959 ι
2293 3906 2656 3978 Ἐμμανουήλ.
2688 3925 2706 3957 ι
2736 3904 2971 3958 Τοιαῦτα
2987 3904 3115 3976 περὶ
3143 3903 3339 3973 τῆςείς
3370 3900 3691 3971 ἀνθρώπους
3708 3914 3798 3968 γε·

2225 3998 2424 4060 νέσεως
2452 3996 2548 4050 τοῦ
2581 3994 2816 4066 Χριστοῦ
2858 3993 3021 4049 πάλαι
3070 3993 3335 4065 πρότερον
3364 3992 3492 4060 παρ’
3531 3986 3800 4059 Ἑϐραίοις

2229 4086 2634 4159 μεμελετάσθω.
2689 4088 2834 4156 Μήτι
2871 4080 2963 4140 οὖν
2997 4082 3239 4148 ὲπίδοξόν
3282 4100 3404 4136 τινα
3444 4080 3732 4150 δυνάστην,
3764 4078 3799 4148 ἢ

2226 4177 2486 4249 τύραννον
2507 4217 2523 4241 ,
2557 4177 2592 4248 ή
2636 4192 2758 4230 τινα
2797 4174 2970 4240 ἄλλως
3008 4173 3118 4227 τῶν
3152 4173 3218 4226 τὰ
3256 4171 3465 4242 μεγάλα
3512 4168 3655 4223 κατὰ
3710 4167 3802 4221 τὸν

2228 4269 2342 4341 βίον
2373 4267 2705 4339 δυναμένων,
2724 4266 2817 4319 τὸν
2853 4263 3324 4337 προφητευόμενον
3357 4260 3802 4331 ὑπογράφουσινς

2226 4360 2327 4421 οὐκ
2358 4360 2504 4423 ἐστιν
2536 4359 2712 4411 εἰπεῖν
2733 4374 2745 4386 ·
2771 4357 2853 4411 ὅτι
2889 4355 3024 4426 μηδὲ
3049 4353 3221 4424 ἐφάνη
3243 4351 3502 4414 τοιοῦτος.
3531 4348 3668 4401 Ἀλλ’
3694 4342 3805 4410 οἷος

2229 4454 2399 4528 ἐφάνη
2423 4451 2502 4524 τῷ
2534 4450 2652 4521 βίῳ,
2675 4448 2912 4503 τοιοῦτον
2938 4447 3098 4503 αὐτὸν
3127 4445 3224 4501 καὶ
3247 4444 3539 4496 ἐθέσπισαν
3565 4438 3802 4500 ἔσεσθαι,

2227 4544 2327 4614 τῆς
2390 4541 2645 4613 ἀληθείας
2700 4542 2817 4594 κατ’
2868 4538 3018 4595 οὐδὲν
3080 4533 3550 4604 ἀπολελειμμένοι.
3621 4528 3803 4583 Εἰπὼν

2229 4635 2273 4689 δ’
2305 4629 2397 4687 οὖν
2430 4635 2458 4687 6
2479 4633 2706 4697 Ἡσαΐας
2725 4650 2739 4663 ο
2760 4650 2778 4681 ε
2804 4629 3224 4701 Ἀνηγγείλαμεν
3256 4624 3482 4679 ἐνώπιον
3515 4620 3700 4684 αὑτοῦ,
3732 4619 3810 4683 ὡς

2235 4726 2466 4789 παιδίον,
2499 4726 2573 4790 ὼς
2603 4723 2725 4795 ῥίζα
2757 4726 2816 4777 ὲν
2840 4724 2912 4792 γῇ
2944 4719 3151 4789 διψώσῃ
3170 4735 3183 4749 ·
3228 4736 3246 4768 δ
3280 4715 3404 4784 ἑξῆς
3436 4713 3692 4769 συνάπτει
3723 4710 3812 4763 λέ-

2236 4836 2376 4889 γων’
2411 4838 2429 4869 ι
2457 4818 2570 4874 Οὐκ
2599 4816 2745 4879 ἐστιν
2784 4811 2925 4876 εἶδος
2953 4811 3101 4881 αὐτῷ
3132 4809 3253 4862 οὐδὲ
3278 4807 3435 4871 δόξα·
3472 4807 3566 4862 καλ⁸
3595 4804 3809 4873 εἴδομεν

2238 4909 2424 4973 αὐτὸν,
2465 4910 2558 4963 καὶ
2585 4908 2686 4971 οὐκ
2718 4901 2862 4977 εἶχεν
2896 4897 3035 4967 εἶδος
3087 4900 3208 4952 οὐδὲ
3236 4898 3429 4961 κάλλος
3448 4913 3460 4926 ’
3514 4895 3608 4949 καὶ
3640 4890 3706 4964 ἦν
3749 4893 3811 4946 τὸ

2239 4998 2377 5064 εἶδος
2421 4997 2585 5053 αὐτοῦ
2631 4997 2822 5066 ᾆτιμον
2870 4995 2964 5048 καὶ
3010 4990 3255 5044 ἐκλεῖπον
3286 4986 3434 5057 παρά
3487 4985 3611 5047 τοὺς
3663 4984 3812 5047 υἱοὺς

2237 5089 2343 5143 τῶν
2377 5085 2699 5159 ἀνθρώπων.
2735 5083 3073 5152 Ἀνθρωπος,
3099 5082 3156 5132 ὲν
3184 5077 3363 5147 πληγῇ
3399 5074 3494 5137 ὣν,
3527 5073 3620 5125 καὶ
3655 5070 3810 5133 εἰδὼς

2238 5180 2422 5253 φέρειν
2460 5178 2729 5250 μαλακίαν
2751 5216 2765 5238 ,
2803 5170 3100 5243 ήτιμὰσθη,
3137 5169 3231 5223 καὶ
3267 5168 3367 5220 οὐκ
3394 5163 3665 5232 ἐλογίσθη.
3692 5181 3712 5253 ι
3746 5161 3811 5253 Τί

2237 5250 2329 5347 οὖν
2372 5269 2620 5325 λείπεται
2674 5265 2765 5318 ἐπὶ
2810 5263 3048 5326 τούτοιςς
3094 5262 3157 5314 Εἰ
3205 5259 3313 5330 γάρ
3344 5258 3601 5327 προεῖπον
3646 5250 3811 5306 αὐτοῦ

2242 5363 2449 5441 φυλὴν,
2495 5360 2588 5414 καὶ
2640 5358 2827 5427 γένος,
2875 5357 2971 5417 καὶ
3000 5354 3198 5431 τρόπον
3231 5348 3528 5421 γενέσεως,
3578 5344 3670 5398 καὶ
3714 5342 3813 5412 τῆς

631 5524 674 5556 ³⁸
706 5523 811 5579 lsa.
836 5540 970 5585 xui,
1000 5525 1051 5579 l.
1127 5523 1173 5555 ³⁸
1199 5521 1330 5577 ibid.
1356 5523 1408 5583 4.
1486 5523 1528 5553 ³⁷
1561 5519 1663 5578 lsa.
1692 5520 1883 5589 x1,l0.
1957 5518 2001 5592 ξ’
2023 5518 2063 5592 ll
2087 5522 2116 5576 ll

2218 5566 2219 5572 η
2258 5536 2352 5582 vn,
2382 5516 2467 5571 l2.
2542 5515 2585 5548 ³⁹
2618 5512 2762 5574 Psal.
2785 5525 3050 5573 Lxxxvm,
3074 5506 3267 5569 27,28.
3343 5504 3388 5536 ⁸⁸
3420 5476 3561 5558 Ρεέί.
3588 5515 3737 5565 Lm,
3757 5495 3811 5552 8.

561 5591 609 5627 “
659 5593 791 5648 ibid.
823 5595 908 5657 il,
939 5595 1027 5657 17,
1100 5593 1146 5635 ³³
1174 5594 1333 5649 Micb.
1373 5610 1423 5657 v,
1460 5592 1514 5657 2,
1588 5593 1634 5626 ⁸³
1661 5592 1764 5651 lsa.
1801 5607 1918 5655 Lm,
1955 5590 2074 5657 1,2.

634 5757 713 5845 (ιι
738 5756 903 5845 res
939 5759 1049 5845 ἰῖῆς
1082 5758 1139 5811 δὲ
1159 5759 1422 5845 γενὲσξευς
1644 5755 1704 5845 sb
1748 5748 2137 5845 θαῡιιοε.;.ῖε;εξ

566 5819 662 5914 μὲν
684 5819 751 5883 δι’
771 5819 1127 5900 αἰνιγμάτων,
1158 5819 1285 5887 ποτὶ
1314 5828 1370 5888 δὲ
1396 5819 1488 5881 καὶ
1509 5825 1827 5905 λευκότερον
1853 5819 1881 5878 6
1914 5819 2141 5881 Ἡσαΐας

2245 5745 2561 5826 παρίστησι,
2595 5742 2659 5794 δι’
2688 5739 3023 5810 αἰνιγμάτων
3055 5738 3172 5807 μέν,
3205 5751 3261 5789 κ.
3302 5750 3353 5788 τ.
3380 5732 3454 5798 λ.,
3488 5739 3543 5786 et
3579 5730 3658 5787 sic
3691 5728 3813 5799 legit

2249 5829 2540 5885 interpres.
