4126 6424
433 468 529 526 181

1331 433 1982 527 DEMONSTRATIONlS
2024 467 2477 524 EVANGELICJE
2517 467 2645 523 LIB.
2687 465 2780 521 Ill.

3555 462 3649 518 189

431 586 712 657 Παρθένου
746 587 807 641 τὺ
840 588 1024 660 θαῦμα
1064 588 1155 643 καὶ
1190 589 1305 658 βίου
1346 590 1574 663 τρόπον,
1612 589 1899 643 ἀκόλουθον
1933 585 1987 660 ἧι

2102 587 2394 643 Nobiscum
2416 585 2579 649 Deus,
2603 587 2707 640 hoc
2726 582 2871 640 enim
2893 581 3161 654 significat
3176 599 3195 632 ε
3219 579 3612 635 Emmanuel“.
3630 600 3649 633 ι

432 678 558 749 ἑξῆς
591 677 725 749 μηδὲ
745 677 844 748 τὴν
875 679 1128 752 τελευτὴν
1162 682 1545 751 ἀποσιωπῆσαι
1583 679 1765 733 αὑτοῦ.
1802 681 1866 733 Τί
1904 676 1996 733 οὖν

432 773 524 823 καὶ
566 769 692 841 περὶ
741 770 944 841 ταύτης
999 772 1227 836 Ἡσαΐας
1274 773 1552 839 θεσπίζει;
1592 791 1610 823 ι
1649 771 1993 842 Ἀνθρωπος,

432 863 593 934 φησὶν
613 903 628 926 ,
670 864 727 915 ἐν
756 862 935 934 πληγῇ
969 861 1076 927 ὢν,
1131 866 1224 918 καὶ
1282 864 1450 928 εἰδὼς-
1468 864 1656 937 φέρειν
1691 864 1958 935 μαλακίαν
1978 904 1993 928 ,

430 952 701 1023 ἡτιμάσθη
748 952 842 1004 καὶ⁵
882 955 983 1006 οὐκ
1053 953 1322 1025 ἐλογίσθη.
1379 948 1549 1018 Οὗτος
1589 954 1687 1018 τὰς
1727 953 1998 1025 ἁμαρτίας

429 1043 583 1115 ἡμῶν
629 1044 816 1116 φέρει,
865 1046 1120 1117 καὶπερὶ
1156 1046 1313 1118 ἡμῶν
1370 1047 1652 1100 ὀδυνᾶται·
1689 1046 1784 1099 καὶ
1838 1049 1997 1118 ἡμεῖς

428 1135 787 1206 ἐλογισάμεθα
819 1137 978 1191 αὐτὸν
1012 1133 1148 1191 εἶναι
1180 1139 1235 1192 ἐν
1270 1139 1416 1208 πόνῳ
1443 1140 1535 1192 καὶ
1570 1140 1629 1191 ὲν
1666 1139 1868 1209 πληγῇ,
1902 1139 1996 1191 καὶ

425 1230 483 1281 ὲν
515 1227 786 1281 κακώσει·
819 1229 979 1292 αὐτὸς
1008 1229 1065 1282 δὲ
1114 1230 1519 1301 ἐτραυματίσθη
1562 1230 1649 1284 διὰ
1686 1230 1784 1294 τὰς
1817 1231 1995 1302 ἁμαρ⁴

419 1319 543 1382 τίας
572 1318 749 1389 ἡμῶν,
782 1320 876 1373 καὶ
905 1319 1303 1391 μεμαλάκισται
1324 1320 1410 1373 διὰ
1437 1321 1535 1384 τὰς
1567 1320 1795 1390 ἀνομίας
1816 1319 1989 1391 ἡμῶν.

422 1409 651 1462 Παιδεία
678 1409 901 1482 εἰρήνης
934 1409 1091 1481 ἡμῶν
1118 1412 1203 1463 ἐπ’
1236 1410 1417 1475 αὑτὸν,
1451 1410 1527 1481 τῷ
1561 1409 1785 1481 μώλωπι
1828 1408 1991 1463 αὐτοῦ

421 1505 584 1574 ἡμεῖς
632 1503 879 1574 ίάθημεν.
930 1503 1136 1565 Πάντες
1177 1503 1253 1566 ὡς
1290 1502 1545 1575 πρόϐαταὶ
1571 1502 1952 1574 ἐπλανήθημεν
1976 1541 1990 1564 ,

422 1594 516 1647 καὶ
543 1594 746 1664 Κύριος
779 1595 1090 1666 παρέδωκεν
1129 1592 1292 1648 αὐτὸν
1322 1596 1441 1658 ταῖς
1469 1593 1763 1665 ἁμαρτίαις
1800 1593 1955 1664 ἡμῶν
1975 1609 1988 1622 ·

422 1687 518 1739 καὶ
543 1686 703 1749 αὐτὸς
731 1685 819 1739 διὰ
851 1687 910 1740 τὸ
942 1685 1289 1740 κεκακῶσθαι
1321 1686 1421 1739 οὐκ
1465 1685 1667 1755 ἀνοίγει
1712 1686 1773 1738 τὸ
1821 1686 1993 1756 στόμα

423 1775 610 1829 αὐτοῦ.
659 1778 746 1840 Ὠς
776 1777 1043 1848 πρόὸατον
1075 1778 1168 1830 ἐπὶ
1203 1776 1412 1847 σφαγὴν
1435 1775 1593 1847 ἤχθη,
1612 1777 1704 1830 καὶ⁵
1726 1776 1801 1839 ὡς
1824 1777 1991 1848 ἀμνὸς

423 1866 603 1920 ἔναντι
632 1866 724 1921 τοῦ
763 1869 1035 1939 κείροντος
1076 1867 1306 1937 ἄφωνος,
1345 1866 1515 1931 οὕτως
1556 1867 1656 1920 οὐκ
1696 1868 1899 1936 ἀνοίγει
1930 1867 1991 1919 τὸ

2102 678 2253 732 Talia
2287 678 2353 733 de
2378 677 2583 734 Christi
2614 676 2757 747 apud
2786 675 3035 729 homines
3067 673 3276 744 origine
3307 672 3515 741 antiqui
3549 669 3650 725 He-

2096 771 2369 826 braeorum
2415 770 2690 840 preplietae
2734 768 3151 822 meditabantur.
3200 763 3457 832 Nunquid
3493 763 3652 833 igitur

2097 863 2363 917 illustrem
2400 861 2685 932 quemdam
2717 858 3013 930 principem
3036 898 3052 922 ,
3090 863 3182 911 aut
3208 865 3497 927 tyrannum
3519 894 3532 916 ,
3562 861 3651 906 aut

2096 953 2300 1024 alioqui
2349 968 2520 1007 unum
2567 966 2791 1013 eorum,
2845 946 2938 1018 qui
2988 948 3280 1017 plurimum
3330 953 3557 1015 possunt
3599 946 3653 999 in

2094 1045 2242 1108 vita,
2290 1058 2415 1098 eum
2460 1042 2527 1096 de
2569 1056 2678 1111 quo
2722 1041 3092 1094 vaticinantur
3138 1036 3497 1092 describunt?
3545 1050 3654 1088 non

2096 1142 2275 1204 potest
2303 1133 2448 1188 diei:
2480 1134 2736 1203 quoniam
2772 1145 2841 1184 ne
2883 1126 3135 1198 apparuit
3172 1126 3391 1196 quidem
3439 1123 3647 1193 aliquid

2093 1228 2219 1281 tale.
2245 1225 2351 1281 Sed
2379 1225 2557 1295 qualis
2585 1225 2700 1295 ipse
2728 1223 2878 1276 visus
2903 1228 2987 1275 est
3012 1220 3122 1274 vita
3142 1261 3156 1284 ,
3184 1218 3344 1272 talem
3370 1217 3498 1271 item
3529 1229 3655 1268 eum

2096 1318 2211 1374 fore
2243 1317 2596 1381 cecinerunt,
2628 1315 2730 1369 hac
2767 1312 2954 1381 utique
2984 1312 3038 1363 in
3082 1325 3142 1364 re
3180 1308 3317 1362 nihil
3357 1322 3388 1360 a
3426 1305 3655 1360 veritate

2095 1411 2434 1475 aberrantes,
2477 1407 2773 1478 Postquam
2799 1420 2928 1475 ergo
2957 1402 3123 1457 Isaias
3163 1403 3297 1457 dixit
3328 1420 3340 1454 :
3377 1419 3394 1450 ι
3422 1400 3655 1453 Annuu-

2093 1501 2349 1555 tiavimus
2391 1514 2574 1554 coram
2616 1513 2719 1559 eo,
2759 1495 2918 1565 quasi
2960 1493 3256 1563 puerulus,
3301 1491 3459 1561 quasi
3501 1488 3654 1542 radix

2093 1592 2149 1646 in
2193 1600 2338 1646 terra
2385 1590 2595 1646 sitienti
2635 1589 2701 1654 ",
2736 1608 2756 1641 ι
2786 1588 3045 1657 deinceps
3093 1585 3374 1655 adjungit,
3425 1583 3648 1636 dicens:

2100 1703 2118 1734 ι
2147 1682 2266 1738 Non
2312 1696 2396 1738 est
2443 1683 2652 1753 species
2699 1681 2783 1748 ei,
2834 1696 3012 1750 neque
3053 1679 3270 1749 gloria:
3311 1684 3366 1732 et
3410 1675 3651 1730 vidimus

2093 1791 2215 1831 eum
2232 1815 2246 1838 ,
2271 1782 2326 1829 et
2355 1790 2465 1828 non
2493 1774 2684 1828 habuit
2707 1773 2938 1844 speciem
2964 1786 3139 1841 neque
3162 1766 3648 1838 pulchritudinem:
3688 1771 3705 1787 ‘

2094 1873 2150 1919 et
2180 1864 2290 1917 fuit
2312 1863 2523 1933 species
2555 1861 2675 1931 ejus
2711 1862 2830 1916 sine
2857 1860 3067 1914 honore
3096 1858 3357 1914 deﬁciens
3386 1872 3495 1925 prae
3528 1854 3652 1907 ﬁliis

423 1955 626 2025 στόμα·
679 1956 776 2028 τὴν
813 1956 1004 2025 γενεάν
1055 1954 1218 2008 αὑτοῦ
1264 1954 1348 2018 τίς
1397 1954 1742 2025 διηγήσεται;
1787 1953 1868 2005 ὅτι
1910 1951 1987 2005 αἵ-

2095 1956 2398 2009 liominum.
2427 1953 2602 2009 Homo
2625 1968 2746 2007 cum
2773 1953 2926 2022 plaga
2954 1959 3132 2014 esset,
3160 1949 3341 2004 sciens
3369 1947 3509 2002 ferre
3536 1947 3654 1998 lan-

424 2063 574 2116 ρεται
628 2047 734 2099 ἀπὸ
776 2048 875 2117 τῆς
912 2047 1015 2118 γῆς
1066 2049 1100 2118 ἡ
1137 2044 1249 2117 ζωὴ
1281 2044 1476 2099 αὐτοῦ·
1522 2065 1540 2096 ι
1568 2045 1660 2097 καὶ
1711 2043 1779 2096 τὰ
1810 2042 1990 2096 λοιπά.

422 2136 681 2205 Σημαίνει
736 2137 795 2190 δὲ
850 2137 938 2191 διὰ
1007 2137 1248 2198 τούτων,
1311 2137 1387 2199 ὡς
1456 2137 1562 2207 ἄρα
1622 2137 1651 2187 ὁ
1715 2136 1989 2207 Χριστὸς,

418 2223 575 2288 ἐκτὸς
650 2227 832 2298 πάσης
897 2228 1155 2299 ὑπάρχων
1220 2227 1629 2299 πλημμελείας,
1689 2226 1789 2289 τὰς
1853 2226 1992 2298 ὑπὲρ

415 2316 717 2389 ἀνθρώπων
784 2321 1060 2391 ἁμαρτίας
1122 2323 1202 2385 εἰς
1264 2320 1453 2372 ἑαυτὸν
1512 2317 1845 2382 ἁναδέξεται.
1903 2319 1993 2371 Διὸ

418 2410 511 2462 καὶ
594 2409 842 2464 πείσεται
911 2410 979 2463 τὰ
1053 2410 1159 2464 τῶν
1237 2408 1632 2480 ἡμαρτηκότων
1697 2407 1791 2461 καὶ
1853 2409 1992 2480 ὑπὲρ

417 2498 572 2568 ἡμῶν
603 2498 1010 2570 ὢυνηθὴσεται,
1038 2499 1150 2552 ἀλλ’
1178 2500 1276 2570 οὐχ
1298 2500 1439 2570 ὑπὲρ
1472 2497 1685 2551 ἑαυτοῦ.
1721 2499 1784 2551 Εἰ
1816 2498 1872 2551 δὲ
1898 2499 1992 2552 καὶ

415 2589 951 2661 τραυματισθήσεται
1003 2590 1182 2658 λόγοις
1217 2590 1573 2661 βλασφήμοις,
1601 2590 1694 2643 καὶ
1723 2588 1868 2642 τοῦτ’
1899 2588 1989 2661 έρ-

414 2695 511 2747 γον
540 2679 693 2732 ἔσται
719 2679 826 2733 τῶν
854 2680 1134 2752 ἡμετέρων
1166 2680 1447 2752 ἁμαρτιῶν
1472 2697 1485 2709 ·
1517 2680 1638 2732 ἐπεὶ
1683 2680 1777 2733 καὶ
1811 2698 1990 2751 μεμα-

413 2770 666 2823 λάκισται
691 2769 780 2823 διὰ
801 2770 898 2833 τὰς
922 2771 1195 2840 ἁμαρτίας
1229 2770 1406 2842 ἡμῶν,
1444 2771 1592 2833 ὅπως
1624 2772 1805 2842 ἡμεῖς,
1842 2773 1988 2825 ἀνει-

411 2859 642 2931 ληφότος
693 2859 856 2913 αὑτοῦ
898 2860 966 2913 τὰ
1010 2862 1255 2933 ἡμέτερα
1284 2863 1702 2933 ἀμπλακὴματα
1728 2904 1742 2924 ,
1784 2864 1875 2916 καὶ¹
1921 2862 1990 2916 τὰ

409 2950 511 3022 τῆς
531 2952 804 3024 ἡμετέρας
848 2957 1046 3015 κακίας
1092 2953 1402 3025 τραύματα,
1445 2954 1522 3025 τῷ
1562 2953 1787 3024 μώλωπι
1823 2954 1986 3008 αὐτοῦ

415 3042 671 3113 ίαθῶμεν.
704 3044 816 3096 Καὶ
856 3042 924 3096 τὰ
962 3043 1062 3115 μὲν
1093 3045 1241 3098 αἴτια
1271 3040 1343 3099 ὧν
1382 3047 1511 3117 παρ’
1540 3045 1844 3116 ἀνθρώποις
1870 3046 1988 3098 πεί-

414 3150 566 3186 σεται
594 3136 623 3188 ὁ
657 3135 1061 3206 ἀναμάρτητος,
1085 3135 1258 3190 ταῦτα
1282 3133 1368 3208 ἦν.
1404 3137 1669 3190 Ἰουδαίων
1688 3138 1746 3191 δὲ
1764 3139 1870 3193 τῶν
1896 3139 1986 3193 τὸν

2094 2062 2315 2116 guorem
2357 2051 2706 2112 contemptus
2749 2051 2867 2109 est,
2915 2050 2968 2097 et
3000 2057 3111 2095 non
3143 2045 3497 2108 computatus
3527 2035 3595 2090 ‘°.
3628 2055 3646 2087 ι

2092 2138 2231 2204 Quid
2278 2136 2345 2191 ad
2385 2137 2499 2190 haec
2538 2136 2703 2205 igitur
2747 2133 3042 2203 superest?
3078 2130 3212 2185 Nam
3257 2145 3381 2185 cum
3424 2130 3570 2183 illius
3601 2137 3654 2181 et

2093 2233 2327 2296 tribum,
2358 2238 2409 2285 et
2440 2246 2639 2300 genus,
2665 2237 2718 2284 et
2748 2229 2968 2283 modum
2996 2227 3256 2283 nascendi
3285 2267 3300 2291 ,
3327 2234 3381 2280 et
3412 2226 3650 2296 Virginis

2092 2322 2418 2377 miraculum
2440 2362 2454 2385 ,
2485 2328 2538 2375 et
2573 2321 2698 2374 vitae
2728 2335 2933 2374 morem
2981 2319 3363 2389 praedixerint,
3405 2319 3654 2387 sequitur

2092 2413 2348 2482 deinceps
2376 2451 2390 2476 ,
2427 2418 2487 2466 ut
2518 2427 2584 2466 ne
2614 2418 2843 2465 mortem
2873 2410 3094 2481 quidem
3131 2407 3414 2479 ejustaciti
3438 2417 3658 2479 praetcr-

2089 2502 2270 2556 ieriut.
2312 2502 2418 2558 Sed
2466 2503 2592 2572 quid
2623 2501 2838 2557 tandem
2866 2501 3016 2555 cauit
3040 2502 3203 2556 etiam
3224 2500 3292 2555 de
3317 2500 3419 2555 hac
3448 2497 3653 2553 lsaias?

2096 2614 2114 2647 ‹
2146 2596 2318 2650 Homo
2339 2635 2354 2660 ,
2387 2595 2602 2666 inquit,
2633 2610 2756 2649 cum
2789 2596 2844 2648 in
2874 2594 3031 2664 plaga
3059 2602 3239 2657 esset,
3285 2594 3464 2648 sciens
3514 2592 3655 2647 ferre

2091 2688 2404 2758 languorem
2426 2727 2440 2751 ,
2485 2696 2825 2757 contemptus
2849 2696 2932 2742 est
2955 2697 3006 2741 et
3030 2701 3138 2739 non
3160 2689 3502 2754 computatus
3529 2683 3655 2738 :hie

2090 2788 2310 2851 peccata
2342 2787 2527 2835 nostra
2563 2779 2699 2845 fert,
2746 2787 2798 2834 et
2839 2795 2936 2848 pro
2970 2778 3125 2833 nobis
3152 2786 3237 2832 est
3262 2776 3317 2830 in
3351 2775 3568 2838 dolore,
3601 2783 3657 2829 et

2089 2887 2189 2926 nos
2217 2871 2649 2927 existimavimus
2678 2887 2802 2927 eum
2831 2886 2953 2926 esse
2978 2871 3031 2924 in
3062 2869 3247 2923 labore
3273 2908 3287 2932 ,
3312 2875 3366 2921 et
3390 2868 3443 2921 in
3474 2867 3642 2937 plaga,

2087 2971 2142 3019 et
2179 2965 2232 3016 in
2266 2961 2552 3016 afﬂictione
2579 2981 2591 3014 :
2622 2963 2735 3030 ipse
2762 2971 2942 3015 autem
2975 2962 3293 3015 vulneratus
3322 2965 3405 3013 est
3435 2966 3656 3029 propter

2086 3061 2313 3123 peccata
2336 3059 2524 3108 nostra
2543 3092 2557 3117 ,
2583 3061 2637 3107 et
2665 3053 2970 3107 inﬁrmatus
2991 3060 3073 3105 est
3096 3061 3316 3121 propter
3339 3049 3654 3119 iniquitates

2087 3152 2326 3201 nostras.
2346 3143 2605 3199 Doctrina
2623 3144 2773 3214 pacis
2790 3150 2990 3198 nostrae
3009 3158 3173 3211 super
3188 3157 3334 3205 eum,
3354 3140 3523 3194 livore
3536 3139 3655 3208 ejus

411 3226 637 3282 θάνατον
672 3227 821 3299 αὑτῷ
859 3231 1350 3301 συσκευασαμένων
1392 3231 1512 3284 οὐδὲ
1568 3232 1921 3304 ὑπειδόμενος
1957 3236 1986 3288 ὁ

2090 3251 2190 3291 nos
2219 3235 2395 3291 sanati
2422 3250 2632 3291 sumus.
2661 3233 2863 3289 Omnes
2888 3243 3145 3302 tanquam
3172 3246 3300 3285 oves
3325 3231 3650 3292 erravimus,

412 3315 713 3388 θαυμάσιος
739 3320 1041 3390 προφήτης,
1068 3318 1362 3391 διαρρήδην
1386 3320 1695 3391 ἀπελέγχει,
1718 3323 1809 3375 καὶ
1833 3323 1989 3377 τοῦτο

412 3413 671 3479 ἄντικρυς
732 3409 1059 3479 σχετλιάζων
1104 3410 1199 3462 καὶ
1235 3409 1436 3479 λέγων·
1479 3430 1497 3461 ι
1543 3412 1673 3465 Ἀπὸ
1711 3412 1820 3466 τῶν
1866 3416 1990 3468 ἀνο-

417 3497 555 3567 μιῶν
585 3497 679 3550 τοῦ
736 3497 867 3551 λαοῦ
899 3516 997 3569 μου
1051 3498 1189 3571 ἤχθη
1241 3501 1319 3564 εἰς
1354 3500 1602 3555 θάνατον.
1653 3523 1671 3554 ι
1714 3500 1826 3557 Εἶτ’
1867 3505 1989 3558 ἐπεὶ

416 3589 775 3659 παραχρῆμα,
808 3592 902 3644 καὶ
934 3592 1032 3644 οὐκ
1059 3593 1140 3656 είς
1173 3592 1388 3663 μακρὰν
1415 3593 1553 3664 μετὰ
1581 3597 1679 3666 τὴν
1719 3595 1859 3649 κατὰ
1891 3595 1986 3649 τοῦ

413 3680 651 3750 Χριστοῦ
678 3681 880 3751 τόλμαν
902 3685 930 3736 ὁ
957 3683 1226 3754 παντελὴς
1256 3685 1452 3748 αὐτοὺς
1479 3686 1742 3756 μετῆλθεν
1768 3686 1988 3757 ὄλεθρος

415 3770 868 3841 πολιορκηθέντας
940 3775 1043 3827 ὑπὸ
1094 3775 1375 3845 Ῥωμαίων
1400 3816 1414 3839 ,
1462 3777 1582 3829 οὐδὲ
1628 3776 1783 3830 τοῦτο
1825 3796 1988 3851 παρι-

410 3859 536 3923 δὼν,
556 3862 796 3931 ἐπιλέγει
814 3880 828 3893 ·
853 3881 871 3914 ι
896 3865 1005 3916 Καὶ
1030 3863 1185 3917 δώσω
1204 3865 1330 3927 τοὺς
1343 3868 1611 3937 πονηροὺς
1631 3868 1750 3920 ἀντὶ
1771 3868 1870 3937 τῆς
1892 3887 1986 3923 τα-

412 3954 518 4023 φῆς
544 3952 728 4017 αὐτοῦ,
772 3954 866 4006 καὶ
885 3954 1011 4016 τοὺς
1044 3954 1331 4017 πλουσίους
1347 3957 1467 4009 ἀντὶ
1494 3955 1722 4012 θανάτου
1747 3958 1933 4012 αὐτοῦ.
1961 3980 1980 4012 ι

416 4043 614 4114 Ἤρκει
658 4044 757 4115 μὲν
813 4041 904 4098 οὖν
936 4046 1028 4099 ἐπὶ
1086 4046 1294 4111 τούτοις
1317 4049 1616 4120 ἐπιγράψαι
1648 4052 1747 4121 τὴν
1775 4068 1987 4125 πρωίην

409 4133 580 4197 ⁶εείαν,
611 4137 659 4188 εί
692 4135 854 4207 μηδέν
877 4154 929 4188 τι
980 4136 1138 4190 πλέον
1172 4137 1390 4192 ἔσεσθαι
1426 4141 1562 4210 μετὰ
1592 4142 1689 4212 τὴν
1726 4143 1820 4195 τοῦ
1854 4145 1987 4214 Χρι-

410 4226 536 4280 στοῦ
570 4228 825 4299 τελευτὴν
858 4228 1036 4299 ἐώρα·
1069 4232 1191 4284 ἐπεὶ
1227 4231 1283 4284 δὲ
1306 4232 1430 4285 ὅσον
1451 4232 1601 4287 οὔπω
1632 4233 1821 4306 ἔμελλε
1850 4238 1988 4309 μετὰ

407 4316 506 4389 τῆν
561 4318 832 4390 τελευτὴν,
884 4320 916 4390 ἡ
956 4321 1091 4391 μετὰ
1143 4322 1241 4392 τὴν
1277 4324 1456 4394 ταφὴν
1506 4325 1843 4381 παλινοστεῖν
1892 4330 1986 4383 καὶ

408 4408 685 4473 ἀναϐιοῦν,
728 4409 809 4463 ἔτι
865 4412 992 4482 περὶ
1052 4412 1215 4465 αὐτοῦ
1253 4415 1549 4468 καὶταῦτα
1607 4418 1982 4491 προστίθησιν,

409 4498 537 4568 ἑξῆς
579 4498 876 4569 ἐπιλέγων·
917 4519 936 4550 ι
986 4503 1096 4555 Καὶ
1154 4502 1357 4574 Κύριος
1407 4504 1653 4574 βούλεται
1691 4507 1983 4580 καθαρίσαι

2090 3335 2143 3383 et
2162 3326 2425 3381 Dominus
2441 3325 2664 3380 tradidit
2680 3341 2803 3380 eum
2820 3325 3054 3395 peccatis
3069 3324 3275 3379 nostris
3295 3342 3307 3377 :
3325 3333 3377 3376 et
3394 3323 3511 3392 ipse
3532 3335 3654 3376 eum

2089 3426 2399 3480 vexaretur,
2426 3433 2534 3471 non
2560 3418 2835 3487 aperiebat
2857 3432 2919 3473 os
2941 3432 3120 3472 suum.
3150 3414 3316 3481 Quasi
3337 3416 3454 3468 ovis
3475 3412 3543 3467 ad
3563 3429 3654 3469 oc-

2090 3508 2354 3562 cisionem
2383 3507 2583 3562 ductus
2604 3514 2709 3571 est,
2736 3515 2789 3561 et
2817 3507 2959 3561 sicut
2981 3520 3154 3576 agnus
3180 3520 3364 3558 coram
3395 3505 3656 3559 tondente

2089 3614 2197 3653 non
2232 3599 2445 3668 aperuit
2472 3597 2994 3667 os:geuerationem
3031 3596 3151 3666 ejus
3183 3596 3308 3665 quis
3340 3588 3659 3651 enarrabit‘?
3742 3618 3745 3623 -

2089 3691 2346 3759 quoniam
2380 3690 2592 3744 tollitur
2630 3691 2699 3744 de
2732 3698 2877 3743 terra
2916 3689 3026 3742 vita
3055 3688 3175 3757 ejus
3201 3688 3269 3755 ⁸⁷,
3304 3708 3322 3740 ι
3350 3698 3403 3742 et
3426 3689 3654 3758 reliqua.

2089 3779 2221 3832 Nam
2264 3779 2349 3833 his
2371 3779 2552 3833 verbis
2598 3779 2866 3848 signiﬁcat
2890 3778 3166 3833 Christum
3194 3778 3369 3847 ipsum
3399 3779 3615 3847 quidem
3642 3820 3657 3844 ,

2088 3871 2336 3941 quamvis
2354 3869 2422 3923 ab
2437 3871 2583 3923 omni
2600 3878 2821 3939 peccato
2840 3869 3099 3935 alienum,
3124 3878 3304 3923 tamen
3323 3878 3544 3939 peccata
3562 3868 3661 3922 ho-

2090 3960 2294 4013 minum
2312 3975 2411 4030 pro
2435 3958 2569 4029 ipsis
2594 3959 2906 4014 hominibus
2924 3959 2979 4012 in
2997 3959 3233 4029 seipsum
3250 3966 3655 4029 suscepturum.

2088 4050 2199 4121 99
2227 4051 2495 4116 Quocirca
2523 4051 2686 4107 etiam
2716 4067 2778 4105 ea
2809 4051 3066 4122 patietur,
3098 4056 3231 4123 qua!
3261 4053 3352 4121 qui
3399 4066 3658 4120 peccave-

2086 4144 2201 4196 rint
2230 4142 2340 4211 pati
2372 4141 2568 4207 solent,
2599 4149 2653 4196 et
2698 4157 2797 4212 pro
2842 4142 3004 4196 nobis
3054 4142 3281 4205 dolebit,
3330 4158 3438 4196 non
3477 4152 3658 4197 autem

2090 4250 2187 4304 pro
2216 4234 2418 4304 seipse.
2447 4234 2600 4300 Quod
2631 4236 2678 4289 si
2706 4235 3084 4290 vulnerabitur
3103 4244 3157 4289 et
3177 4235 3358 4291 verbis
3378 4234 3660 4306 probrosis

2092 4330 2352 4395 ferietur,
2404 4327 2509 4382 hoc
2552 4326 2678 4382 item
2733 4336 3047 4381 nostrorum
3095 4336 3438 4396 peccatorum
3493 4344 3661 4384 causa

2092 4422 2183 4475 ﬁet
2211 4440 2224 4475 :
2258 4434 2383 4474 nam
2417 4417 2667 4472 inlirmus
2696 4433 2913 4488 quoque
2943 4416 3122 4473 factus
3164 4428 3248 4475 est
3278 4429 3497 4490 propter
3536 4438 3663 4491 pet--

2092 4520 2215 4567 cata
2241 4522 2450 4573 nostra,
2480 4518 2539 4563 ut
2582 4524 2684 4564 nos
2707 4509 2980 4573 videlicet,
3011 4525 3133 4563 cum
3184 4510 3275 4564 ille
3313 4512 3508 4567 delicta
3563 4530 3662 4566 no-

408 4589 568 4642 αὐτὸν
595 4592 692 4677 τῆς
716 4592 947 4663 πληγῆς.
992 4592 1114 4646 Ἐὰν
1135 4592 1270 4647 δῶτε
1304 4596 1428 4667 περὶ
1455 4598 1746 4668 ἁμαρτίας,
1779 4601 1811 4671 ἡ
1836 4601 1980 4673 ψυχὴ

2090 4611 2224 4668 stra,
2257 4610 2566 4670 nostraeque
2612 4600 2832 4655 malitiae
2863 4600 3091 4654 vulnera
3127 4603 3508 4674 assumpserit,
3541 4603 3661 4671 ejus

409 4680 560 4752 ὑμῶν
592 4683 779 4753 ὄψεται
813 4686 1033 4756 σπέρμα
1083 4685 1375 4757 μακρόϐιον
1400 4705 1412 4717 ·
1459 4691 1552 4743 καὶ
1584 4689 1830 4760 βούλεται
1867 4694 1981 4747 Κύ-

413 4786 525 4841 ριος
555 4772 771 4840 ἀφελεῖν
798 4775 905 4827 ἀπὸ
932 4776 1026 4828 τοῦ
1059 4776 1221 4829 πόνου
1242 4777 1343 4847 τῆς
1378 4778 1557 4850 ψυχῆς
1588 4781 1772 4847 αὐτοῦ,
1807 4783 1977 4852 δεῖξαι

408 4860 555 4933 αὔτῷ
584 4861 716 4931 φῶς.
755 4883 773 4915 ι
816 4865 1107 4938 Ἀνώτερον
1131 4867 1320 4931 εἰπὼν,
1349 4888 1368 4919 ι
1395 4869 1676 4942 ἄνθρωπος
1710 4875 1768 4927 ὲν
1798 4874 1979 4949 πληγῇ

409 4951 503 5019 ὢν,
547 4955 639 5007 καὶ
675 4955 830 5018 εἰδὼς
863 4958 1046 5030 φέρειν
1098 4959 1370 5029 μαλακίαν
1414 4981 1432 5013 δ
1466 4961 1562 5015 νῦν
1596 4965 1734 5035 μετὰ
1769 4967 1859 5020 τὸν
1886 4967 1981 5022 θά-

407 5064 562 5100 νατον
597 5048 760 5100 αὐτοῦ
793 5051 887 5102 καὶ
916 5051 1014 5122 τὴν
1045 5052 1241 5124 ταφὴν,
1277 5072 1296 5104 ι
1326 5053 1548 5126 Κύριος,
1574 5076 1592 5107 ι
1621 5059 1774 5129 φησὶ,
1813 5079 1830 5109 ι
1858 5058 1982 5129 βού-

408 5141 558 5195 λεται
592 5139 885 5211 καθαρίσαι
902 5141 1061 5195 αὐτὸν
1082 5144 1180 5214 τῆς
1208 5144 1441 5215 πληγῆς.
1470 5166 1487 5197 ι
1515 5148 1623 5199 Καὶ
1646 5147 1762 5213 πῶς
1784 5149 1935 5206 ἔσται
1958 5170 1975 5219 ς

415 5250 433 5278 ο
470 5231 597 5285 Ἐὰν
620 5230 777 5296 δῶτε,
818 5251 836 5283 ι
866 5233 1019 5302 φησὶ,
1056 5252 1075 5284 ι
1108 5236 1234 5305 περὶ
1254 5236 1548 5310 ἁμαρτίας,
1591 5239 1623 5309 ἡ
1659 5239 1802 5311 ψυχὴ
1825 5241 1980 5312 ὑμῶν

323 5360 331 5365 ›
406 5323 592 5394 ³ἅψεται
619 5323 837 5394 σπέρμα
869 5324 1161 5397 μακρόϐιον
1180 5344 1194 5357 ·
1241 5347 1259 5378 ι
1285 5329 1345 5380 οὐ
1379 5330 1508 5382 πᾶσι
1541 5326 1649 5402 γὰρ
1680 5333 1887 5401 ἐφεῖται
1918 5334 1978 5387 τὸ

409 5414 703 5487 μακρόϐιον
732 5414 826 5468 τοῦ
876 5415 1112 5488 Χριστοῦ
1165 5418 1382 5489 σπέρμα
1423 5422 1670 5487 συνιδεῖν,
1716 5423 1748 5494 ἧ
1800 5424 1981 5494 μόνοις

408 5511 517 5570 τοῖς
537 5506 1090 5579 ἐξομολογησαμένοις
1132 5510 1226 5562 καὶ
1250 5509 1318 5561 τὰ
1355 5510 1503 5581 δῶρα
1528 5512 1596 5565 τά
1630 5514 1767 5586 ὑπὲρ
1799 5516 1979 5587 ἁμαρ-

409 5600 535 5653 τιῶν
560 5600 894 5674 προσάγουσι
914 5599 991 5670 τῷ
1023 5599 1161 5670 Θεῷ.
1196 5601 1389 5655 Μόνων
1414 5603 1520 5675 γὰρ
1549 5604 1749 5659 τούτων
1775 5608 1808 5676 ἡ
1832 5606 1978 5682 ψυχὴ

409 5689 592 5763 afuerat
644 5692 864 5764 σπέρμα
913 5691 1206 5764 μακρόϐιον
1244 5691 1302 5745 τὸ
1335 5693 1423 5746 τοῦ
1452 5695 1707 5767 Χριστοῦ,
1737 5698 1853 5768 ἡτοι
1879 5699 1978 5769 τὴν

2091 4696 2262 4749 livore
2287 4708 2544 4748 sanemur
2575 4710 2587 4746 :
2622 4699 2677 4747 et
2706 4706 2894 4746 eorum
2925 4691 3143 4761 quidem
3186 4708 3307 4762 quae
3346 4695 3436 4749 ille
3470 4695 3659 4750 insons

2089 4788 2157 4841 ab
2200 4784 2511 4840 hominibus
2556 4798 2821 4854 passurus
2857 4774 2995 4849 erat,
3047 4784 3129 4838 ha».
3172 4784 3391 4840 fuerunt
3438 4801 3656 4843 causae:

2087 4875 2305 4932 Iudaeos
2334 4885 2512 4930 autem
2542 4875 2635 4945 qui
2667 4875 2741 4928 illi
2774 4883 3003 4930 mortem
3028 4876 3349 4939 attulerunt,
3383 4892 3653 4948 nusquam

2088 4969 2293 5023 veritus
2355 4970 2611 5038 propheta
2673 4971 2978 5034 mirabilis,
3037 4971 3140 5024 hoc
3200 4968 3379 5038 ipsum
3442 4983 3661 5038 quoque

2089 5059 2371 5128 perspicue
2418 5060 2714 5129 redarguit,
2756 5062 2910 5129 plane
2953 5061 3274 5130 deplorans,
3308 5074 3371 5114 ac
3420 5059 3607 5113 dicens
3642 5076 3654 5111 :

2094 5167 2114 5201 ι
2149 5148 2227 5203 Ex
2271 5149 2649 5221 iniquitatibus
2694 5152 2877 5222 populi
2906 5153 3009 5206 mei
3053 5152 3249 5208 ductus
3281 5158 3365 5204 est
3404 5150 3470 5204 ad
3503 5163 3653 5203 mor-

2086 5245 2194 5294 tem
2215 5238 2280 5292 ⁸⁸.
2328 5259 2346 5290 ι
2399 5239 2603 5294 Deinde
2650 5256 2800 5306 vero,
2837 5242 3094 5311 quoniam
3151 5244 3282 5309 cito,
3338 5261 3513 5313 neque
3580 5249 3651 5303 ita

2088 5331 2260 5384 multo
2289 5337 2411 5400 post
2451 5329 2692 5385 nefarios
2733 5332 2997 5388 adversus
3021 5332 3300 5389 Christum
3343 5352 3531 5403 ausus,
3558 5355 3654 5393 ex-

2085 5429 2294 5479 tremus
2325 5424 2390 5477 ad
2423 5423 2545 5478 illos
2576 5439 2640 5478 ex
2684 5423 2970 5480 obsidione
3002 5423 3371 5481 Romanorum
3396 5428 3658 5488 interitus

2084 5520 2203 5567 erat
2230 5521 2515 5580 venturus,
2541 5530 2611 5569 ne
2636 5514 2740 5568 hoc
2769 5513 2987 5584 quidem
3018 5518 3258 5586 praeterit
3287 5519 3524 5586 silentio,
3559 5523 3655 5577 scd

2081 5604 2356 5676 adiungit:
2385 5622 2404 5655 ι
2426 5603 2491 5657 Et
2510 5605 2652 5660 dabo
2672 5606 2969 5661 sceleratos
2989 5623 3087 5677 pro
3115 5611 3392 5679 sepultura
3420 5612 3540 5687 ejus
3564 5653 3579 5677 ,
3605 5624 3655 5676 et

2082 5695 2279 5752 divites
2308 5711 2407 5766 pro
2439 5704 2614 5750 morte
2645 5696 2765 5766 ejus
2784 5695 2829 5729 ⁸⁸
2862 5716 2875 5750 :
2920 5716 2939 5748 ι
2967 5705 3021 5753 et
3062 5708 3273 5771 poterat
3302 5703 3521 5775 quidem
3562 5703 3647 5761 his

473 5870 640 5924 “lsa.
679 5886 771 5930 vn,
800 5870 882 5923 Η.
962 5872 1005 5902 ³⁵
1039 5871 1143 5927 lsa.
1176 5888 1295 5936 LIII,
1320 5873 1375 5929 2.
1454 5875 1499 5914 ι⁸
1524 5875 1656 5931 ibid.
1712 5877 1829 5933 2-4.
1910 5877 1987 5929 πιτί

2094 5918 2105 5929 ,
2139 5876 2249 5931 ιοε.
2326 5874 2371 5905 ⁸⁸
2425 5874 2553 5929 ibid.
2584 5876 2636 5931 8.
2715 5876 2757 5906 ⁵⁹
2782 5876 2911 5931 ibid.
2938 5879 2992 5934 9.
