4126 6430
475 408 596 465 185

1153 409 1423 466 EUSEBII
1459 407 1935 464 CESARIENSH
1971 407 2120 464 OPP.
2167 407 2347 462 PARS
2383 409 2447 462 ll.
2489 437 2558 450 --
2594 407 3090 466 APOLOGETICA.

3609 415 3712 470 183

487 521 826 593 prophetiam
869 520 1188 586 terminare,
1235 524 1282 576 si
1329 521 1462 576 nihil
1508 521 1740 590 amplius
1797 521 2038 574 futurum

2143 519 2357 574 αἰώνιον
2415 522 2558 592 ζωήν
2600 522 2784 586 αὑτοῦ,
2816 525 2913 595 τήν
2952 524 3088 594 μετά
3125 526 3214 577 τὸν
3263 528 3507 590 θάνατον,
3550 529 3582 598 ῆ
3621 531 3712 582 τὸν

491 623 614 684 post
640 614 841 669 Christi
893 623 1121 668 mortem
1173 613 1420 679 vidisset,
1463 614 1556 669 sed
1586 614 1864 685 quoniam,
1896 613 2044 668 brevi

491 721 643 759 mora
683 705 986 774 interjecta,
1017 713 1136 760 erat
1172 721 1202 759 a
1238 714 1414 761 morte
1443 707 1556 761 sive
1583 721 1612 758 a
1651 705 1932 775 sepultura
1960 719 2045 759 re-

487 798 838 867 migraturus,
874 804 1035 867 atque
1090 797 1148 852 in
1201 799 1367 852 vitam
1424 797 1813 859 restituendus,
1847 795 1913 849 de
1944 795 2046 848 hac

484 903 701 956 quoque
734 902 792 940 re
834 886 1091 958 deinceps
1146 887 1261 942 haec
1319 887 1488 953 addit,
1531 886 1611 941 sic
1644 885 1832 941 dicens
1869 903 1881 938 :
1923 902 1942 935 ι
1979 883 2045 937 Et

485 976 745 1031 Dominus
786 979 898 1032 vult
936 993 1166 1048 purgare
1198 993 1320 1032 eum
1364 993 1392 1030 a
1426 979 1577 1048 plaga
1618 977 1664 1032 si
1697 978 1948 1041 traditus,
1974 977 2045 1030 sit

483 1085 582 1138 pro
601 1077 843 1138 peccato.
868 1070 1059 1124 Anima
1071 1078 1252 1125 vestra
1276 1071 1476 1125 videbit
1498 1086 1680 1125 semen
1703 1070 2000 1140 longzevum
2026 1087 2040 1123 :

482 1168 536 1215 et
568 1161 682 1214 vult
734 1159 995 1216 Dominus
1029 1161 1247 1217 auferre
1298 1177 1327 1215 a
1350 1161 1533 1215 labore
1583 1161 1778 1215 anima:
1815 1160 1955 1230 ejus,
1986 1168 2045 1213 ut

484 1252 738 1306 ostendat
769 1253 817 1307 ei
851 1253 1025 1307 lucem
1044 1253 1110 1307 ⁵ο.
1138 1271 1156 1304 ι
1191 1250 1292 1319 Qui
1324 1252 1573 1322 superius
1601 1251 1738 1305 dixit
1777 1269 1830 1305 :c
1870 1249 2044 1305 Homo

491 1343 546 1397 in
577 1343 730 1415 plaga
764 1346 1118 1408 constitutus,
1156 1366 1174 1397 ι
1209 1354 1262 1399 et
1289 1363 1306 1395 ι
1344 1345 1434 1414 qui
1459 1343 1610 1397 novit
1640 1341 1782 1398 ferre
1816 1343 2046 1414 languo-

484 1449 620 1498 rem,
680 1454 699 1486 ι
749 1450 894 1488 nunc
939 1443 1057 1504 post
1101 1442 1326 1490 mortem
1387 1435 1507 1503 ejus
1567 1441 1620 1488 et
1665 1433 2036 1502 sepulturam:

491 1541 509 1573 ι
538 1522 823 1586 Dominus,
855 1525 1050 1594 inquit,
1091 1524 1205 1578 vult
1228 1539 1461 1593 purgare
1489 1538 1612 1577 eum
1643 1536 1673 1574 a
1705 1524 1884 1592 plaga,
1928 1539 1946 1572 ι
1987 1529 2043 1577 et

486 1614 582 1681 qul
619 1611 722 1665 hoc
759 1613 883 1666 fiet?
927 1631 945 1663 ι
985 1613 1030 1668 si
1056 1613 1308 1675 traditus,
1342 1612 1538 1682 inquit,
1572 1610 1733 1666 fuerit
1778 1628 1876 1683 pro
1914 1627 2040 1682 pec-

481 1709 626 1765 cato,
677 1702 857 1756 anima
903 1709 1080 1758 vestra
1141 1703 1340 1757 videbit
1391 1719 1574 1759 semen
1637 1703 1978 1774 longarvum;
2015 1722 2034 1754 ι

481 1810 590 1848 non
627 1795 772 1848 enim
800 1795 1052 1850 omnibus
1085 1810 1404 1850 concessum
1436 1804 1520 1850 est
1552 1797 1850 1866 longaivum
1881 1797 2040 1852 Chri-

2147 611 2269 664 καθ’
2304 613 2431 683 ὅλης
2454 613 2554 682 τῆς
2589 616 2908 686 οἰκουμένης
2948 618 3316 687 ἐπισπαρέντα
3354 618 3518 671 αὑτοῦ
3557 620 3712 688 λόγον

2149 707 2444 777 μακρόϐιον
2501 707 2775 778 ὲσόμενον,
2831 711 2923 762 καὶ
2966 713 3045 772 εἰς
3096 710 3154 762 τὸ
3200 711 3286 763 ἀεὶ
3331 711 3707 782 διαρκέσοντα.

2147 796 2315 849 Πάλιν
2368 795 2636 868 ἀνώτερον
2682 797 2871 862 εἰπὼν,
2912 819 2929 848 ι
2967 801 3075 852 Καὶ
3136 803 3296 869 ἡμεῖς
3350 800 3710 872 ἐλογισάμεθα

2145 889 2305 942 αὐτὸν
2326 885 2461 942 εἶναι
2492 891 2550 942 ἐν
2582 889 2744 960 πόνῳ,
2785 909 2802 941 ι
2829 889 2921 942 νῦν
2961 891 3097 959 μετά
3136 893 3233 960 τὴν
3262 894 3472 962 σφαγὴν
3504 895 3710 950 καὶτὸν

2145 979 2370 1032 θάνατον
2409 979 2593 1040 αὐτοῦ,
2637 979 2830 1048 φησίν·
2873 999 2890 1029 ι
2928 980 3034 1032 Καὶ
3069 979 3311 1049 βούλεται
3347 981 3546 1052 Κύριος
3576 985 3711 1052 ἀφιο

2143 1069 2255 1122 λεῖν
2284 1069 2392 1123 ἀπὸ
2435 1069 2528 1123 τοῦ
2577 1070 2739 1122 πόνου
2783 1069 2882 1139 τῆς
2913 1069 3092 1140 ψυχῆς
3142 1070 3325 1135 αὐτοῦ,
3355 1071 3521 1138 δεῖξαι
3563 1074 3710 1144 αὑτῷ

2143 1158 2276 1227 φῶς.
2313 1178 2330 1210 ι
2374 1161 2524 1212 Ἐπεὶ
2569 1160 2747 1212 τοίνυν
2777 1160 3095 1231 βεϐούληται
3133 1160 3353 1234 Κύριος,
3381 1165 3407 1215 ό
3440 1163 3544 1217 τῶν
3573 1165 3709 1218 ὅλων

2141 1248 2272 1313 Θεὸς
2305 1249 2598 1321 καθαρίσαι
2645 1250 2804 1303 αὑτὸν
2830 1251 2928 1320 τῆς
2964 1251 3193 1322 πληγῆς,
3243 1253 3333 1305 καὶ
3368 1254 3535 1318 δεῖξαι
3564 1255 3708 1326 αὑτῷ

2143 1339 2276 1408 φῶς,
2305 1341 2520 1403 πάντως
2552 1358 2651 1392 που
2677 1339 2972 1411 βουληθεὶς,
2992 1343 3245 1413 πράξειεν
3269 1343 3333 1395 ἂν
3355 1344 3382 1396 6
3414 1344 3704 1416 ἠϐουλήθη.

2141 1429 2304 1483 Οὐδὲν
2337 1431 2444 1502 γάρ
2492 1434 2641 1484 ἐστιν
2675 1431 2702 1484 6
2737 1431 2810 1502 μὴ
2845 1433 3049 1499 γίνεται
3093 1427 3166 1486 ὧν
3223 1433 3466 1501 βούλεται
3493 1451 3505 1463 ο
3558 1435 3710 1487 ὲ6ου-

2141 1521 2278 1593 λήθη
2329 1521 2385 1574 δὲ
2439 1520 2731 1590 καθαρίσαι
2789 1521 2950 1574 αὑτὸν
3008 1523 3099 1575 καὶ
3148 1523 3316 1588 δεῖξαι
3366 1523 3514 1593 αὑτῴ
3559 1525 3704 1592 φῶς·

2141 1615 2391 1683 ἐποίησεν
2436 1615 2540 1684 ἄρα
2575 1612 2746 1666 ταῦτα
2798 1629 2812 1642 ⁶
2853 1613 2945 1666 καὶ
2967 1613 3266 1685 καθαρίσας
3314 1615 3472 1667 αὑτὸν
3512 1615 3708 1681 ἔδειξεν

2140 1705 2288 1776 αὐτῴ
2322 1705 2454 1774 φῶς.
2490 1705 2597 1758 Καὶ
2627 1706 2747 1758 ἐπεὶ
2769 1705 3052 1776 ἐϐουλήθη,
3076 1707 3169 1760 καὶ
3209 1706 3486 1776 βουληθεὶς
3521 1708 3705 1777 ἀφεῖλε

2140 1799 2229 1851 τὸν
2260 1798 2419 1851 πόνον
2463 1797 2560 1866 τῆς
2612 1797 2789 1867 ψυχῆς
2821 1797 3006 1860 αὑτοῦ,
3040 1799 3133 1850 καὶ
3163 1798 3356 1862 ἔδειξεν
3392 1799 3538 1869 αὑτῴ
3571 1799 3704 1869 φῶς,

483 1885 552 1940 sti
589 1901 771 1940 semen
807 1885 1027 1948 intueri,
1053 1886 1149 1940 sed
1191 1886 1257 1941 iis
1285 1888 1416 1942 solis
1449 1888 1540 1959 qui
1572 1888 1955 1954 confiteantur,
1984 1898 2038 1945 et

2141 1890 2359 1953 εἰκότως
2387 1893 2416 1943 6
2448 1891 2735 1961 Προφήτης
2764 1891 3136 1951 ὲπισυνάπτει,
3159 1890 3328 1958 λέγων
3348 1908 3360 1921 ·
3395 1911 3412 1942 ι
3441 1893 3536 1945 Διά
3552 1893 3707 1946 τοῦτο

482 1993 708 2032 numera
767 1978 994 2033 offerant
1045 1977 1154 2033 Deo
1203 1995 1300 2048 pro
1351 1982 1602 2051 peccatis.
1663 1981 1866 2037 Horum
1897 1984 2040 2038 enim

481 2069 744 2122 duntaxat
792 2068 978 2122 anima.
1009 2069 1212 2124 videbit
1253 2086 1438 2126 semen
1486 2071 1784 2143 longaevum
1813 2073 2038 2139 Christi,

480 2159 583 2214 hoc
605 2168 706 2223 est,
734 2166 828 2212 aut
861 2169 1118 2214 aeternam
1161 2161 1323 2214 vitam
1352 2163 1473 2231 ejus
1501 2170 1625 2233 post
1663 2173 1914 2227 mortem,
1949 2171 2040 2218 aut

477 2250 723 2318 ejusdem
762 2251 985 2304 verbum
1015 2266 1112 2321 per
1143 2259 1313 2306 totum
1344 2260 1614 2308 terrarum
1647 2255 1832 2309 orbem
1865 2255 2041 2311 disse-

477 2344 763 2404 minatum,
795 2340 942 2412 quod
974 2342 1275 2412 longaevum
1309 2344 1549 2398 futurum
1574 2353 1680 2408 est,
1720 2361 2041 2416 semperque

475 2433 819 2489 duraturum.
875 2433 1110 2499 Rursus,
1144 2437 1239 2507 qui
1297 2437 1549 2508 superius
1605 2438 1814 2493 dixerat
1853 2453 1868 2490 :
1913 2457 1931 2489 ι
1975 2438 2040 2492 Et

477 2540 578 2579 nos
608 2528 920 2594 putavimus
962 2527 1112 2580 illum
1154 2543 1277 2583 esse
1319 2528 1373 2581 in
1404 2528 1626 2584 labore:
1674 2548 1694 2581 ι
1740 2544 1887 2582 nunc
1922 2539 2043 2599 post

477 2614 679 2670 eaedem
733 2623 1071 2687 mortemque
1099 2618 1238 2686 ejus,
1285 2619 1407 2673 ait:
1447 2637 1465 2669 ι
1505 2618 1570 2672 Et
1617 2619 1730 2674 vult
1777 2619 2042 2676 Dominus

476 2706 695 2763 auferre
728 2723 758 2760 a
797 2709 982 2763 labore
1013 2710 1207 2766 animm
1255 2710 1395 2778 ejus,
1443 2721 1501 2764 ut
1550 2711 1803 2765 ostendat
1853 2713 1904 2765 ei
1953 2713 2039 2766 lu-

477 2812 616 2852 cem.
662 2818 681 2850 ι
721 2797 990 2865 Quoniam
1037 2800 1206 2870 igitur
1261 2800 1580 2856 deliberavit
1636 2800 1916 2864 Dominus,
1946 2803 2039 2872 qui

479 2885 622 2944 Deus
652 2899 734 2944 est
781 2891 1020 2944 universi
1061 2905 1292 2961 purgare
1319 2891 1468 2944 illum
1504 2906 1533 2944 a
1580 2891 1767 2963 plaga,
1802 2892 1960 2961 ιοο
1988 2901 2041 2946 et

477 2982 764 3036 ostendere
787 2983 842 3035 in
875 2983 1050 3036 lucem
1081 3002 1094 3036 :
1129 2985 1440 3039 necessario
1465 2984 1672 3054 utique,
1707 2985 1800 3054 qui
1844 2985 2036 3050 voluit,

477 3074 530 3129 id
576 3072 730 3128 faciet
769 3074 915 3144 quod
971 3075 1159 3128 voluit.
1191 3073 1333 3130 Nihil
1377 3075 1523 3129 enim
1551 3082 1635 3131 est
1677 3091 1862 3130 eorum
1919 3093 2040 3147 qua:

476 3167 593 3220 vult
622 3165 768 3236 quod
795 3182 903 3220 non
939 3167 1030 3220 fiat
1065 3184 1080 3221 :
1113 3167 1282 3222 voluit
1310 3175 1489 3222 autem
1520 3183 1748 3238 purgare
1783 3169 1956 3234 illum,
1986 3177 2040 3224 et

2141 1981 2302 2044 αὐτὸς
2348 1981 2742 2052 κληρονομήσει
2789 1981 3034 2045 πολλοὺς,
3080 1981 3307 2034 καὶτῶν
3342 1982 3576 2052 ἰσχυρῶν
3613 2001 3708 2054 με·

2143 2075 2248 2145 ριεϊ
2281 2072 2469 2125 σκῦλα.
2515 2091 2532 2123 ι
2571 2072 2737 2124 Ἔνθα
2755 2071 2936 2125 λοιπὸν
2962 2073 3060 2143 ἤδη
3099 2073 3314 2143 καὶτῆς
3346 2074 3706 2145 κληρονομίας

2139 2163 2232 2216 τοῦ
2266 2162 2498 2232 Χριστοῦ
2524 2162 2885 2233 μέμνηταιτῴ
2897 2163 3130 2233 δευτέρῳ
3158 2163 3459 2232 συμφώνως
3488 2164 3703 2234 ψαλμῷ,

2138 2252 2204 2305 δι’
2225 2248 2284 2306 οῦ
2320 2252 2446 2322 περί
2494 2253 2594 2322 τῆς
2623 2253 2910 2322 ἐπιϐουλῆς
2953 2253 3053 2321 τῆς
3093 2254 3211 2307 κατ’
3247 2255 3408 2306 αὐτοῦ
3448 2273 3706 2309 συσκευα-

2141 2342 2361 2413 σθείσης
2392 2343 2651 2411 ὀνομαστὶ
2700 2342 2960 2405 θεσπίσας
2987 2346 3014 2396 6
3042 2343 3197 2410 λόγος
3248 2345 3304 2396 ἐν
3342 2345 3438 2414 τῷ,
3477 2365 3492 2395 ι
3528 2346 3702 2417 Παρέ-

2142 2448 2340 2500 στησαν
2383 2433 2431 2483 οἱ
2479 2431 2716 2500 βασιλεῖς
2770 2433 2865 2501 τῆς
2898 2433 3019 2502 γῆς,
3047 2435 3139 2486 καὶ
3177 2436 3224 2486 οἱ
3255 2433 3510 2504 ἄρχοντες
3548 2438 3707 2507 συνή-

2139 2520 2342 2593 χθησαν
2381 2524 2471 2575 ἐ.πί
2510 2523 2568 2574 τὸ
2597 2523 2726 2575 αὐτὸ
2770 2525 2906 2577 κατά
2947 2524 3041 2576 τοῦ
3073 2526 3277 2595 Κυρίου
3314 2527 3405 2578 καὶ
3449 2527 3584 2579 κατά
3612 2527 3702 2580 τοῦ

2141 2613 2376 2684 Χριστοῦ
2407 2613 2590 2676 αὑτοῦ,
2636 2614 2759 2683 ἑξῆς
2794 2614 3062 2682 ἐπιλέγει·
3106 2635 3123 2667 ι
3175 2617 3372 2687 Κύριος
3401 2613 3518 2669 εἷπε
3570 2619 3704 2689 πρὸς

2143 2704 2238 2773 μέ·
2271 2704 2394 2766 Υἱός
2447 2722 2548 2774 μου
2610 2701 2659 2757 εἰ
2713 2706 2799 2772 σὺ,
2848 2705 2958 2774 ἐγὼ
3005 2709 3239 2779 σήμερον
3276 2710 3573 2782 γεγέννηκά
3611 2727 3699 2763 σε’

2139 2793 2357 2864 αἵτησαι
2379 2796 2505 2867 παρ’
2529 2796 2681 2866 ἐμοῦ,
2705 2800 2798 2851 καὶ
2814 2797 2968 2852 δώσω
2988 2815 3066 2851 σοι
3087 2799 3210 2870 ἔθνη
3229 2801 3322 2871 τὴν
3347 2802 3705 2872 κληρονομίαν

2140 2899 2255 2948 σου,
2290 2885 2382 2937 καὶ
2423 2886 2521 2956 τὴν
2563 2888 2888 2958 κατάσχεσίν
2933 2906 3024 2941 σου
3061 2891 3127 2942 τὰ
3158 2892 3366 2962 πέρατα
3395 2895 3492 2963 τῆς
3522 2895 3640 2962 γῆς.
3681 2914 3699 2945 ι

2139 2976 2324 3030 Ταῦτα
2355 2977 2399 3030 δ’
2429 2973 2520 3029 οὖν
2542 2978 2607 3030 τὰ
2635 2978 2759 3049 ἔθνη
2783 2981 2876 3033 καὶ
2893 2983 2921 3033 6
2950 2984 3230 3052 προφήτης
3262 2983 3477 3053 ᾐνίξατο
3502 2984 3667 3036 εἰπών
3687 3003 3699 3015 ·

2145 3088 2163 3121 ι
2185 3069 2283 3122 Διά
2294 3069 2449 3123 τοῦτο
2462 3072 2616 3135 αὐτὸς
2632 3071 3020 3145 κληρονομήσει
3034 3075 3277 3138 πολλούς⁹
3303 3096 3319 3126 ι
3337 3079 3427 3130 καὶ
3444 3077 3702 3145 ἐπιλέγειο

2145 3178 2162 3210 ι
2191 3161 2297 3212 Καὶ
2325 3161 2432 3213 τῶν
2471 3162 2706 3233 ἰσχυρῶν
2758 3167 2934 3234 μεριεῖ
2969 3165 3155 3216 σκῦλα.
3207 3185 3224 3216 ι
3259 3165 3376 3217 Τῶν
3416 3167 3522 3235 γάρ
3556 3167 3702 3220 δυνά-

477 3259 762 3314 ostendere
791 3258 869 3312 illi
902 3260 1116 3323 lucem;
1146 3258 1272 3314 fecit
1306 3260 1470 3330 igitur
1501 3261 1643 3315 hac:
1673 3268 1727 3316 et
1761 3277 1884 3315 cum
1907 3278 2038 3333 pur—

2142 3272 2283 3325 μεων
2310 3257 2417 3308 τῶν
2452 3256 2861 3326 ἀντικειμένων,
2902 3257 2955 3308 αἲ
2988 3257 3152 3309 πάλαι
3179 3256 3284 3308 τῶν
3313 3257 3478 3308 ἐθνῶν
3514 3253 3701 3328 ἦρχον,

475 3351 686 3421 gaverit
717 3351 890 3414 illum,
915 3349 1153 3405 ostendit
1181 3350 1257 3404 illi
1305 3353 1479 3406 lucem
1507 3371 1519 3406 :
1548 3359 1602 3408 et
1634 3353 1895 3422 quoniam
1943 3369 2038 3408 vo.

478 3440 600 3503 luit,
641 3451 694 3496 et
724 3442 912 3498 volens
936 3442 1163 3496 abstulit
1196 3442 1434 3496 laborem
1468 3443 1535 3496 ab
1570 3442 1751 3496 anima
1785 3443 1952 3509 illius,
1983 3450 2037 3499 et

473 3533 714 3588 ostendit
761 3533 837 3587 illi
887 3534 1061 3588 lucem
1093 3572 1109 3598 ,
1142 3533 1337 3588 merito
1362 3531 1633 3603 Propheta
1681 3534 1952 3605 sequitur,
1984 3543 2038 3589 et

477 3626 598 3679 ait:
638 3643 657 3676 ι
721 3623 947 3694 Propter
1009 3624 1111 3679 hoc
1151 3625 1268 3695 ipse
1311 3624 1649 3680 haereditabit
1705 3626 1939 3690 multos,
1983 3633 2038 3680 et

478 3713 698 3768 fortium
754 3713 959 3768 dividet
1013 3714 1187 3783 spolia
1226 3714 1315 3768 ἐι
1371 3732 1390 3766 ι
1427 3714 1517 3768 ubi
1563 3713 1728 3784 (quod
1767 3715 2036 3785 reliquum

477 3803 600 3874 fuit)
631 3803 742 3872 jam
781 3803 1114 3858 hereditatis
1148 3801 1310 3858 etiam
1347 3801 1551 3858 Christi
1585 3805 1914 3859 mentionem
1958 3805 2037 3858 fa-

476 3896 573 3958 cit,
609 3895 685 3949 illi
712 3895 919 3964 psalmo
947 3904 1314 3949 consentanea
1345 3893 1555 3956 dicens,
1583 3896 1637 3948 in
1667 3911 1776 3966 quo
1805 3896 1873 3951 de
1904 3896 2037 3950 insi-

475 3985 583 4041 diis
612 3987 874 4042 adversus
895 3986 1066 4056 illum
1107 3987 1440 4043 constructis
1480 3987 1801 4042 nominatim
1831 4004 2037 4044 canens

475 4079 778 4144 oraculum,
827 4078 921 4132 ubi
971 4079 1086 4133 ait:
1125 4095 1144 4128 ι
1200 4077 1506 4132 Astiterunt
1555 4094 1709 4149 reges
1761 4089 1939 4140 terrae.
1984 4089 2041 4136 et

475 4170 753 4241 principes
775 4177 1146 4223 convenerunt
1176 4169 1232 4223 in
1260 4185 1427 4223 unum
1453 4170 1718 4226 adversus
1746 4171 2036 4227 Dominum

476 4270 531 4315 et
555 4260 815 4315 adversus
841 4258 1120 4314 Christum
1144 4259 1264 4330 ejus
1293 4260 1369 4328 ³²;
1413 4281 1429 4312 ι
1461 4261 1718 4332 deinceps
1747 4263 1992 4334 adjungit
2021 4280 2036 4316 :

483 4369 504 4404 ι
545 4351 808 4408 Dominus
841 4353 976 4408 dixit
997 4352 1062 4406 ad
1099 4367 1204 4416 me,
1230 4352 1399 4408 Filius
1433 4369 1586 4408 meus
1615 4369 1674 4408 es
1698 4363 1779 4419 tu,
1813 4369 1912 4424 ego
1944 4354 2041 4408 lio-

478 4446 566 4501 die
589 4445 747 4514 genui
774 4453 824 4499 te
852 4463 864 4500 :
908 4445 1123 4515 postula
1161 4458 1190 4496 a
1213 4459 1318 4506 me,
1351 4453 1403 4499 et
1432 4444 1572 4498 dabo
1602 4445 1699 4498 tibi
1730 4454 1916 4516 gentes
1940 4444 2043 4499 ha:-

477 4539 760 4592 reditatem
803 4545 974 4600 tuam,
1019 4544 1072 4590 et
1110 4537 1511 4605 possessionem
1565 4547 1710 4589 tuam
1777 4537 2039 4591 terminos

477 4637 638 4684 terrae
653 4629 717 4682 ⁸³.
755 4648 773 4679 ι
801 4626 910 4681 llas
937 4627 1102 4696 igitur
1137 4635 1346 4696 gentes,
1377 4628 1541 4681 etiam
1575 4627 1837 4696 propheta
1879 4627 2037 4680 intel-

477 4721 628 4784 lexit,
667 4736 790 4773 cum
822 4719 1002 4774 dixit:
1041 4737 1060 4770 ι
1111 4716 1336 4786 Propter
1373 4718 1475 4771 hoc
1529 4718 1644 4788 ipse
1701 4717 2041 4772 hmreditabit

476 4818 698 4874 multos,
723 4818 814 4866 iet
841 4810 1090 4880 adjuugit
1125 4829 1137 4864 :
1171 4828 1190 4860 ι
1221 4807 1285 4861 Ει
1318 4807 1538 4862 fortium
1570 4807 1775 4863 dividet
1805 4809 2035 4877 spolia.»

479 4903 760 4974 Siquidem
793 4917 820 4954 a
858 4901 1219 4972 potestatibus
1258 4900 1569 4963 contrariis,
1599 4915 1720 4969 qua:
1761 4900 1914 4970 prius
1960 4900 2044 4954 in-

479 5006 560 5050 ter
591 5003 778 5065 gentes
805 4994 1252 5056 dominabantur,
1285 4994 1375 5047 ubi
1411 4992 1686 5062 subjectas
1732 4993 1944 5047 animas
1975 4990 2044 5045 li-

475 5086 704 5152 beravit,
719 5095 830 5140 tum
858 5086 1016 5156 quasi
1042 5085 1214 5154 spolia
1242 5084 1488 5156 quaedam
1522 5082 1638 5138 suis
1671 5082 1852 5137 divisit
1879 5083 2046 5138 disci—

475 5177 640 5247 pulis.
673 5175 909 5232 Proinde
956 5177 1128 5232 Isaias
1177 5176 1252 5229 ait
1275 5177 1343 5231 de
1368 5176 1476 5230 illis
1507 5194 1520 5230 :
1559 5193 1578 5225 ι
1617 5173 1682 5228 Et
1714 5175 2047 5230 laetabuntur

478 5285 664 5324 coram
695 5269 927 5331 te,sicut
956 5269 1049 5339 qui
1077 5267 1324 5321 dividunt
1351 5267 1525 5338 spolia
1548 5268 1613 5322 ⁸⁵.
1659 5286 1677 5319 ι
1711 5265 1774 5320 Et
1794 5265 2039 5322 Psalmo-

476 5375 599 5416 rum
655 5370 895 5414 auctor:
955 5375 975 5410 ι
1045 5357 1328 5418 Dominus.
1359 5357 1556 5426 inquit,
1609 5355 1757 5411 dabit
1811 5358 2038 5412 verbum

476 5450 978 5522 evangelizantibus
1015 5450 1216 5505 virtute
1268 5448 1435 5502 multa
1468 5467 1482 5504 :
1519 5464 1612 5502 rex
1647 5449 1910 5502 virtutum
1951 5448 2037 5502 di-

477 5543 625 5607 lecti,
655 5542 855 5611 speciei
880 5541 1078 5595 domus
1104 5539 1346 5595 dividere
1375 5540 1548 5610 spolia
1563 5542 1630 5594 ”.
1665 5559 1682 5591 ι
1714 5539 1906 5594 Merito
1935 5540 2037 5608 igi-

477 5643 568 5690 tur
587 5632 675 5688 hic
702 5647 918 5703 quoque
950 5631 1016 5689 de
1063 5633 1280 5688 Christo
1331 5633 1451 5686 ait:
1500 5630 1727 5701 Propter
1776 5631 1879 5686 hoc
1925 5631 2042 5702 ipse

2136 3345 2235 3408 τὰς
2266 3346 2605 3417 ὑποχειρίους
2629 3348 2924 3416 ῥυσάμενος
2942 3341 3240 3416 ψυχὰς,οἷα
3267 3346 3326 3418 δή
3355 3364 3475 3400 τινα
3510 3347 3701 3411 σκῦλα,

2135 3439 2245 3500 τοῖς
2265 3437 2481 3500 οἰκείοις
2515 3438 2749 3507 διένειμε
2783 3437 3066 3507 μαθηταῖς.
3103 3438 3195 3490 Διό
3222 3455 3383 3508 φησιν
3418 3441 3445 3492 6
3481 3440 3704 3502 Ἡσαΐας

2137 3528 2265 3600 περὶ
2293 3531 2504 3582 αὐτῶνθ
2548 3548 2566 3580 ι
2605 3530 2711 3581 Καὶ
2755 3528 3221 3599 εὐφρανθήσονται
3250 3530 3478 3582 ἐνώπιόν
3521 3547 3613 3582 σου
3645 3530 3704 3582 6v

2136 3620 2335 3692 τρόπον
2385 3623 2432 3672 οἱ
2461 3618 2822 3691 διαιρούμενοι
2864 3620 3052 3676 σκῦλα.
3087 3641 3103 3672 ι
3142 3621 3250 3673 Καὶ
3292 3624 3319 3674 6
3365 3621 3662 3690 Ψαλμῳδός
3687 3637 3701 3650 ⁸

2144 3730 2162 3760 σ
2198 3713 2398 3784 Κύριος
2443 3711 2600 3764 δώσει
2643 3712 2792 3781 ῥῆμα
2843 3714 2953 3774 τοῖς
2999 3711 3498 3780 εὐαγγελιζομένοις
3543 3710 3704 3762 δυνά-

2142 3820 2232 3873 μει
2264 3802 2462 3872 πολλῇ’
2495 3805 2522 3856 6
2556 3801 2802 3870 βασιλεὺς
2835 3800 2941 3853 τῶν
2969 3801 3244 3870 δυνάμεων
3274 3801 3365 3852 τοῦ
3399 3798 3702 3869 ἀγαπητοῦ,

2138 3898 2203 3967 τῇ
2233 3895 2523 3966 ὼραιότητι
2555 3892 2646 3946 τοῦ
2690 3895 2836 3946 οἴκου
2879 3893 3146 3947 διελέσθαι
3188 3894 3378 3947 σκῦλα.
3423 3913 3440 3944 ι
3469 3893 3706 3954 Εἰκότως

2138 3989 2423 4058 τοιγαροῦν
2474 3988 2567 4041 καὶ
2618 3986 2848 4040 ἐνταῦθα
2903 3988 3029 4058 περὶ
3073 3987 3163 4039 τοῦ
3224 3985 3460 4057 Χριστοῦ
3504 4001 3702 4056 φησιν·

2145 4097 2164 4130 ι
2203 4079 2300 4132 Διά
2339 4079 2493 4132 τοῦτο
2547 4079 2707 4142 αὐτὸς
2755 4079 3147 4149 κληρονομήσει
3192 4079 3440 4140 πολλοὺς,
3468 4078 3561 4131 καὶ
3599 4075 3705 4129 τῶν

2144 4171 2376 4240 ἰσχυρῶν
2429 4172 2604 4241 μεριεῖ
2634 4169 2826 4222 σκῦλα.
2860 4189 2878 4220 ι
2906 4170 3002 4222 Διά
3035 4173 3184 4222 ποῖον
3225 4171 3280 4222 δὲ
3324 4170 3499 4230 τοῦτο,
3548 4169 3706 4222 πάλιν

2141 4261 2267 4332 ἑξῆς
2295 4262 2556 4322 διδάσκει,
2593 4261 2786 4331 φήσας·
2826 4279 2843 4311 ι
2869 4260 3008 4312 Ἀνθ“
3037 4254 3111 4312 ὧν
3139 4261 3402 4331 παρεδόθη
3434 4263 3512 4324 εἰς
3540 4261 3709 4313 θάνα-

2139 4373 2230 4409 τον
2259 4356 2290 4425 ἡ
2318 4353 2462 4423 ψυχὴ
2490 4351 2674 4414 αὑτοῦ,
2712 4353 2806 4404 καὶ
2825 4353 2880 4403 ὲν
2911 4355 3021 4415 τοῖς
3051 4352 3269 4422 ἀνόμοις
3300 4351 3548 4423 ἐλογίσθη
3571 4369 3583 4382 ·
3613 4351 3706 4403 καὶ

2141 4447 2300 4509 αὐτὸς
2335 4445 2606 4514 ἁμαρτίας
2633 4443 2838 4496 πολλῶν
2860 4443 3121 4512 ἀνήνεγκε
3144 4461 3156 4472 ·
3183 4446 3274 4496 καὶ
3296 4444 3381 4496 διὰ
3411 4443 3507 4506 τάς
3530 4446 3707 4514 ἀμαρ-

2141 4539 2261 4600 τίας
2302 4536 2479 4590 αὐτῶν
2541 4535 2830 4606 παρεδόθη.
2869 4555 2886 4585 ι
2936 4537 3080 4588 Ἀντί.
3121 4535 3320 4589 τούτων
3349 4537 3456 4606 γὰρ
3488 4536 3709 4606 ἀμειϐό-

2147 4646 2303 4700 μενος
2361 4627 2520 4680 αὑτὸν
2549 4630 2576 4680 ό
2610 4627 2797 4697 Πατὴρ
2843 4628 2940 4698 τῆς
2977 4629 3221 4697 ὑπακοῆς
3262 4629 3356 4680 καὶ
3388 4629 3483 4697 τῆς
3506 4629 3708 4700 ὑπομο-

2145 4720 2239 4789 νῆς
2259 4720 2438 4780 ἕνεκα,
2472 4718 2765 4790 δεδώρηται
2790 4719 2937 4788 αὑτῷ
2956 4719 3022 4770 τά
3050 4720 3359 4789 ἐγκείμενα.
3388 4720 3578 4787 Γέγονε
3601 4720 3708 4791 γάρ

2143 4810 2380 4881 ὑπήκοος
2415 4808 2491 4880 τῷ
2522 4810 2694 4882 Πατρὶ
2739 4809 2899 4880 μέχρι
2927 4808 3156 4863 θανάτου
3176 4826 3188 4838 ·
3229 4811 3308 4862 διὸ
3335 4811 3425 4862 καί
3454 4811 3709 4882 κληρονο-

2143 4899 2306 4970 μήσει
2335 4898 2580 4962 πολλοὺς,
2603 4900 2695 4952 καὶ
2715 4897 2776 4970 οὐ
2814 4898 3099 4969 πρότερον,
3121 4897 3254 4951 ἀλλά
3285 4899 3422 4968 μετά
3436 4899 3496 4952 τὸ
3528 4917 3708 4970 παρα-

2137 4992 2354 5063 δοθῆναι
2381 4993 2460 5054 εἰς
2476 4990 2702 5044 θάνατον
2720 4989 2816 5062 τὴν
2833 4990 3010 5060 ψυχὴν
3045 4988 3233 5052 αὑτοῦ,
3269 4991 3362 5044 καί⁸
3381 4992 3440 5043 ὲν
3464 4994 3576 5056 τοίς
3594 4992 3711 5046 ἀνό-

2143 5101 2261 5154 μοις
2289 5081 2623 5152 λογισθῆναι,
2654 5079 2990 5144 θεσπίζεται.
3025 5081 3122 5134 Διά
3149 5079 3320 5134 ταῦτα
3354 5081 3460 5153 γάρ
3489 5085 3704 5153 εἴρηται

2140 5177 2568 5248 κληρονομήσειν
2584 5173 2829 5234 πολλοὺς,
2857 5171 2951 5224 καὶ
2977 5171 3083 5224 τῶν
3105 5172 3341 5244 ἰσχυρῶν
3375 5174 3620 5243 μερίσειν
3640 5173 3709 5226 τὰ

2137 5269 2325 5323 σκῦλα.
2342 5266 2612 5337 Ἠγοῦμαι
2639 5264 2696 5317 δὲ
2719 5264 3104 5334 ἀναμφιλόγως
3131 5265 3230 5335 τὴν
3261 5267 3325 5318 ὲκ
3342 5264 3550 5335 νεκρῶν
3579 5265 3711 5318 ἀνά-

2138 5378 2326 5417 στασιν
2356 5358 2450 5414 τοῦ
2483 5357 2957 5429 προφητευομένου
2976 5356 3064 5410 διὰ
3093 5357 3298 5410 τούτων
3323 5357 3704 5426 παρίστασθαι.

2137 5452 2261 5515 Πῶς
2293 5453 2401 5522 γάρ
2431 5448 2604 5511 ἄλλως
2632 5448 2910 5519 ἐπινοῆσαι
2942 5449 3160 5502 δυνατὸν
3195 5449 3269 5510 ὡς
3311 5447 3579 5520 πρόϐατον
3619 5448 3709 5500 ἐπὶ

2138 5538 2350 5610 σφαγὴν
2398 5538 2649 5609 ἀχθέντα,
2702 5539 2794 5592 καὶ
2847 5538 2956 5592 ἀπὸ
3001 5538 3109 5590 τῶν
3160 5537 3398 5607 ἀνομιῶν
3446 5536 3538 5590 τοῦ
3581 5537 3710 5589 ἰου-

2138 5629 2300 5682 δαίων
2331 5628 2460 5682 λαοῦ
2494 5627 2705 5700 θανάτῳ
2746 5627 3136 5700 παραδοθέντα,
3183 5629 3272 5680 καὶ
3315 5627 3447 5698 μετά
3496 5628 3710 5697 ἀνόμων

549 5791 595 5824 ⁸⁸
623 5791 727 5848 lsa.
759 5805 876 5857 ιιιι,
905 5790 991 5846 10.
1065 5789 1108 5822 ⁵¹
1141 5787 1274 5844 ibid.
1308 5788 1390 5843 12.
1468 5788 1514 5820 "
1549 5785 1690 5840 Psal.
1722 5799 1780 5851 tl,
1803 5784 1856 5837 2.
1933 5785 1978 5815 ⁸³
2012 5784 2040 5838 ιε

2176 5783 2288 5844 Ἱ,8.
2365 5784 2408 5815 ⁸⁸
2439 5785 2542 5838 lsa.
2577 5798 2650 5846 Ix,
2684 5783 2735 5836 3.
2809 5783 2854 5814 "
2879 5779 3212 5842 Psal.t.xvu,
3251 5779 3337 5835 l9...
