4126 6450
430 446 534 502 185

1319 435 1976 493 DEMONSTRATIONIS
2013 434 2472 491 EVANGELiC/E
2513 434 2646 490 LIB.
2687 433 2778 489 lli.

3582 437 3683 493 186

428 560 763 630 λογισθέντα,
781 560 922 629 ταφῇ
939 575 997 612 τε
1022 556 1392 629 παραδοθέντα
1405 574 1419 587 ⁸
1437 552 1554 610 εἶτα
1575 555 1987 628 καθαριζόμενοη

2107 553 2446 610 ὴαξῐεάίιεδίι
2477 552 2700 618 multos,
2713 558 2768 607 et
2797 550 3018 606 fortium
3051 549 3256 607 dividet
3284 551 3476 621 spolia.
3500 550 3672 617 Quam

425 652 532 706 ὑπὸ
556 650 648 704 τοῦ
694 650 918 721 Κυρίου,
949 648 1041 702 καὶ
1082 649 1198 717 φῶς
1229 648 1359 718 παρ’
1394 647 1543 717 αὐτῷ
1584 647 1868 717 ὀψόμενον,
1903 647 1997 702 καὶ

427 741 859 815 κληρονομοῦντα
888 740 1132 804 πολλοὺς,
1160 741 1253 793 καίι
1296 738 1468 793 σκῦλα
1502 743 1612 802 τοῖς
1643 738 1860 801 οἰκείοις
1886 737 1999 791 δια-

429 833 693 901 νέμοντας
724 830 833 884 Καὶ
872 830 1044 896 ἄλλως
1082 830 1141 884 δέ
1185 830 1315 902 περὶ
1350 830 1450 901 τῆς
1480 829 1617 901 μετὰ
1647 829 1738 882 τὸν
1770 829 1997 883 θάνατον

427 922 774 987 ἀναϐιώσεως
805 922 967 976 αὐτοῦ
1012 922 1157 992 λέγει
1197 939 1297 976 που
1339 920 1695 993 προφητεύων
1732 923 1796 974 ἐκ
1826 938 1996 992 προσ-

428 1013 574 1068 ὠπου
618 1014 710 1067 τοῦ
758 1012 992 1086 Χριστοῦ
1050 1017 1079 1068 ό
1122 1014 1318 1068 Δαϐίδ·
1360 1033 1379 1065 ι
1419 1014 1535 1067 Οὐκ
1587 1011 1997 1082 ἐγκαταλείψεις

427 1103 523 1175 τὴν
557 1103 733 1175 ψυχήν
774 1121 874 1175 μου
920 1105 1000 1168 εἰς
1025 1104 1175 1176 ᾅδην,
1205 1104 1326 1157 οὐδὲ
1353 1102 1543 1167 δώσεις
1567 1103 1711 1157 ὅσιόν
1745 1119 1837 1156 σου
1871 1104 1997 1159 ίδεῑν

425 1192 735 1266 διαφθοράν.
776 1214 795 1245 ι
828 1195 936 1248 Καὶ
969 1194 1154 1248 πάλιν*
1191 1213 1210 1246 ι
1244 1193 1436 1266 Κύριε,
1477 1196 1753 1267 ἀνήγαγες
1784 1196 1843 1261 ἐξ
1870 1196 1995 1267 ᾅδου

424 1287 522 1358 τὴν
554 1285 732 1359 ψυχήν
773 1305 895 1357 μου,
933 1286 1142 1351 ἔσωσας
1178 1305 1244 1358 με
1287 1287 1396 1342 ἀπὸ
1421 1287 1530 1342 τῶν
1563 1287 1996 1343 καταϐαινόντων

422 1380 506 1443 τίς
534 1378 751 1433 λάκκον.
792 1398 812 1430 ι
854 1379 963 1432 Καὶ
990 1378 1183 1432 πάλιν·
1220 1398 1239 1430 ι
1292 1381 1350 1432 '0
1383 1379 1533 1449 ὑψῶν
1568 1397 1638 1450 με
1664 1381 1729 1433 ἐκ
1754 1378 1862 1433 τῶν
1896 1396 1999 1433 πυ-

423 1467 533 1521 λῶν
559 1469 653 1523 τοῦ
691 1469 942 1532 θανάτου,
970 1472 1117 1535 ὅπως
1152 1471 1218 1524 ἂν
1249 1469 1545 1540 ἐξαγγείλω
1578 1471 1757 1535 πάσας
1793 1470 1891 1535 τὰς
1920 1473 1997 1523 al-

423 1562 599 1626 νέσεις
629 1579 743 1615 σου.
786 1582 805 1614 ι
847 1561 1067 1626 Τούτοις
1104 1562 1159 1616 δὲ
1206 1565 1368 1617 πᾶσιν
1396 1562 1711 1633 ἀντιϐλέψαι
1739 1564 1995 1618 δύνασθαι

423 1650 545 1704 οὐδὲ
577 1651 703 1714 τούς
749 1652 953 1723 σφόδρα
1001 1653 1512 1722 ἀγνωμονεστάτους
1556 1653 1813 1725 ἡγοῦμαι.
1848 1654 1995 1726 Πλὴν

423 1740 558 1795 ἀλλὰ
606 1742 705 1813 τῆς
740 1742 956 1797 Ἡσαΐου
1003 1743 1337 1813 προφητείας
1380 1743 1442 1796 τὸ
1487 1743 1858 1816 συμπέρασμα
1896 1744 1995 1815 τὴν

424 1834 592 1887 πάλαι
620 1834 834 1904 στείραν
866 1835 963 1887 καὶ
984 1833 1185 1905 έρημον
1215 1831 1350 1887 Θεοῦ
1379 1832 1576 1904 ψυχὴν,
1604 1833 1636 1905 ἢ
1670 1836 1763 1888 καὶ
1794 1834 1994 1905 μᾶλλον

2104 655 2284 703 autem
2320 648 2392 703 ob
2426 662 2544 702 rem
2576 647 2681 702 hoc
2710 645 2787 701 illi
2836 643 3025 699 datum
3069 645 3175 709 sit,
3206 644 3367 700 docet
3394 644 3673 713 deinceps,

2103 738 2197 793 ubi
2226 738 2302 792 ait
2328 757 2342 793 :
2383 757 2402 789 ι
2434 735 2543 791 Pro
2562 752 2629 792 eo
2649 734 2795 807 quod
2830 736 3030 789 tradita
3052 745 3134 790 est
3162 735 3215 789 in
3239 743 3470 789 mortem
3495 735 3673 788 anima

2102 829 2245 898 ejus,
2279 836 2484 884 etcum
2518 828 2724 897 iniquis
2748 827 3047 898 deputatus
3078 834 3162 883 est
3188 846 3200 882 :
3230 837 3287 882 et
3313 827 3429 897 ipse
3451 837 3674 896 peccata

2103 921 2398 974 multorum
2432 919 2583 983 tulit,
2620 927 2674 974 et
2710 928 2931 989 propter
2960 928 3184 988 peccata
3210 934 3399 973 eorum
3442 918 3675 974 traditus

2102 1019 2186 1064 est
2211 1009 2280 1063 δ’.
2320 1028 2340 1060 ι
2378 1006 2484 1061 Pro
2521 1008 2609 1062 his
2641 1009 2785 1063 enim
2817 1023 3177 1063 remunerans
3210 1008 3361 1061 illum
3393 1007 3573 1070 Pater,
3607 1023 3674 1063 eo

2102 1097 2249 1170 quod
2279 1097 2428 1153 dicto
2474 1097 2701 1151 audiens
2752 1095 2917 1151 fuerit
2975 1096 3424 1165 sustinueritque,
3451 1095 3674 1149 donavit

2103 1191 2255 1244 illum
2297 1189 2366 1245 iis
2387 1204 2511 1259 quae
2554 1188 2802 1259 exposita
2842 1197 2989 1242 sunt.
3026 1186 3227 1242 Factus
3253 1188 3399 1242 enim
3427 1195 3512 1242 est
3543 1187 3673 1243 obe-

2101 1282 2257 1338 diens
2304 1281 2450 1335 Patri
2507 1294 2682 1350 usque
2741 1277 2811 1332 ad
2864 1286 3130 1332 mortem:
3166 1292 3337 1349 quare
3376 1278 3672 1332 multorum

2102 1388 2320 1444 quoque
2385 1372 2759 1428 hereditatem
2813 1377 3241 1425 consecuturum
3290 1370 3443 1424 illum
3500 1371 3670 1432 canit,

2102 1481 2211 1520 non
2236 1465 2387 1535 prius
2416 1472 2603 1522 tamen
2635 1480 2798 1535 quam
2830 1464 3031 1520 tradita
3062 1463 3226 1518 fuerit
3256 1465 3434 1517 anima
3462 1462 3583 1532 ejus
3616 1462 3670 1516 in

2102 1567 2352 1621 mortem,
2384 1567 2582 1613 etcum
2609 1558 2813 1628 iniquis
2849 1558 2922 1613 sit
2958 1557 3274 1626 deputatus.
3304 1552 3530 1625 Pr0pter
3556 1554 3672 1609 haec

2100 1648 2244 1704 enim
2260 1646 2465 1701 dictum
2481 1655 2586 1711 est,
2606 1648 2759 1702 illum
2783 1646 3229 1702 hatreditaturum
3251 1643 3473 1708 multos,
3490 1651 3545 1697 et
3562 1641 3675 1698 for-

2102 1743 2234 1793 tium
2265 1739 2568 1794 divisurum
2603 1739 2798 1808 spolia.
2840 1736 2981 1792 Puto
3028 1744 3208 1791 autem
3242 1734 3546 1789 indubitate
3584 1748 3669 1790 re-

2099 1827 2402 1883 versionem
2429 1826 2550 1897 ejus
2575 1842 2607 1880 a
2626 1826 2854 1880 mortuis
2875 1824 3168 1896 signiﬁcari
3184 1822 3382 1877 talibus
3400 1820 3667 1877 oraculis:

422 1920 521 1993 τήν
563 1921 625 1987 ἐξ
664 1922 832 1976 ἐθνῶν
876 1923 1195 1993 Ἐκκλησίαν
1226 1923 1651 1994 εὐαγγελίζεται,
1692 1924 1987 1989 ἀκολούθως

2107 1918 2258 1987 ιοι
2289 1918 2384 1987 qui
2409 1917 2554 1972 enim
2597 1915 2716 1971 ﬁeri
2765 1922 2963 1986 potest,
3000 1922 3060 1968 ut
3092 1916 3250 1969 aliter
3273 1912 3339 1969 de
3370 1929 3438 1969 eo
3469 1911 3667 1967 intelli-

422 2014 488 2082 τῇ
536 2011 738 2083 θεωρίᾳ
782 2011 889 2066 τῶν
935 2013 1258 2084 εἰρημένων.
1308 2014 1521 2087 Ἐπειδὴ
1551 2015 1660 2088 γὰρ
1705 2016 1774 2070 τὰ
1820 2018 1998 2072 πάντα

418 2102 487 2155 δι’
539 2103 708 2174 αὐτὴν
757 2105 786 2156 ό
831 2105 1063 2175 Χριστὸς
1104 2104 1413 2175 ὑπέμεινεν,
1454 2107 1675 2171 εἰκότως
1724 2108 1864 2179 μετὰ
1900 2108 1998 2171 τὰς

420 2192 548 2263 περὶ
591 2194 753 2247 αὐτοῦ
783 2197 1113 2266 προρρήσεις
1157 2197 1406 2268 ἐπιφέρει
1451 2197 1656 2266 λέγων’
1689 2216 1708 2248 ι
1745 2199 1997 2269 Εὐφράν-

416 2282 541 2352 θητι
582 2285 768 2355 στείρα
800 2288 833 2357 ή
865 2288 927 2339 οὐ
966 2286 1243 2350 τίκτουσα,
1276 2289 1435 2359 ῥῆξον
1473 2291 1567 2342 καὶ
1598 2288 1790 2360 βόησον
1824 2291 1857 2359 ή
1896 2290 1997 2342 οὐκ

413 2377 707 2431 ὠδίνουσα·
747 2380 828 2432 ὅτι
861 2380 1029 2433 πολλά
1062 2380 1129 2434 τὰ
1164 2381 1330 2435 τέκνα
1368 2380 1466 2450 τῆς
1499 2382 1704 2451 ἐρήμου
1736 2380 1993 2453 μᾶλλονῆ

414 2468 514 2537 τῆς
547 2470 776 2540 ἐχούσης
808 2471 899 2523 τὸν
930 2471 1119 2542 ἄνδρα.
1148 2468 1283 2524 Εἷπε
1321 2471 1429 2543 γὰρ
1457 2471 1686 2542 Κύριοςο
1724 2471 1996 2526 Πλάτυνον

414 2558 506 2610 τὸν
542 2560 704 2616 τόπον
731 2560 831 2630 τῆς
855 2562 1058 2632 σκηνῆς
1087 2579 1180 2615 σου
1216 2564 1309 2616 καὶ
1338 2562 1446 2615 τῶν
1475 2564 1709 2618 αὐλαιῶν
1737 2582 1852 2630 σου,
1889 2566 1993 2637 πῆ-

416 2650 525 2714 ξον,
572 2651 646 2721 μὴ
695 2652 857 2724 φείσῃ
889 2669 902 2682 ·
934 2653 1198 2707 πλατυνον
1242 2654 1312 2707 τὰ
1354 2655 1708 2726 σχοινίσματά
1737 2674 1849 2721 σου,
1898 2661 1992 2712 καὶ

414 2740 539 2803 τοὺς
563 2742 871 2805 πασσάλους
904 2759 997 2795 σου
1026 2744 1376 2814 κατίσχυσον·
1409 2746 1487 2798 ἔτι
1522 2748 1602 2810 είς
1633 2748 1699 2802 τὰ
1727 2748 1875 2814 δεξιὰ
1899 2753 1992 2805 καὶ

413 2833 495 2895 είς
525 2832 592 2884 τὰ
621 2834 884 2904 ἀριστερὰ
924 2835 1240 2903 ἐκπέταισον,
1274 2837 1366 2890 καὶ
1400 2838 1459 2890 τὸ
1492 2839 1710 2911 σπέρμα
1737 2858 1830 2894 σου
1863 2842 1987 2916 ἔθνη

413 2923 827 2995 κληρονομήσει.
864 2944 882 2976 ι
930 2926 1192 2981 Ἐνταῦθα
1227 2927 1284 2980 δὲ
1332 2928 1428 2999 τὴν
1463 2928 1522 2995 ἐξ
1554 2931 1730 2987 ἐθνῶν
1762 2934 1991 3006 Ἐκκλη-

416 3015 534 3069 σίαν
561 3015 680 3068 καθ’
708 3016 834 3083 ὅλης
854 3017 953 3087 τῆς
982 3018 1304 3089 οἰκουμένης
1337 3019 1727 3095 ἐξηπλωμένην
1760 3026 1855 3078 καὶ
1883 3026 1990 3081 ἀπὸ

411 3110 684 3165 ἀνατολῶν
708 3110 858 3182 ἡλίου
887 3110 1048 3182 μέχρι
1074 3112 1292 3183 δυσμῶν
1323 3114 1753 3187 παρατείνουσαν
1778 3119 1808 3170 ὁ
1831 3119 1989 3188 λόγος

411 3200 841 3269 εὐαγγελίζεται,
880 3202 1191 3272 σαφέστατα
1239 3203 1398 3258 τοῦτο
1441 3208 1710 3279 παριστὰς
1735 3208 1824 3263 διὰ
1854 3210 1950 3264 τοῦ
1970 3229 1985 3243 ο

417 3313 436 3344 ι
472 3294 580 3346 Καὶ
605 3293 668 3346 τὸ
702 3295 922 3365 σπέρμα
964 3311 1058 3348 σου
1084 3294 1210 3366 ἔθνη
1245 3295 1660 3371 κληρονομήσει.
1693 3320 1712 3352 ι
1737 3301 1989 3368 Ιιλείονος

409 3384 467 3438 δὲ
489 3382 808 3455 ἐξεργασίας
835 3385 1101 3456 δεομένων
1127 3387 1235 3441 τῶν
1263 3388 1406 3443 κατά
1430 3391 1522 3444 τὸν
1544 3391 1727 3458 τόπον,
1758 3394 1989 3466 ἀρκούν-

409 3493 518 3539 τως
563 3478 657 3530 ἐπὶ
709 3476 804 3529 τοῦ
870 3478 1136 3549 παρόντος
1184 3481 1337 3535 ταῦθ’
1400 3484 1530 3555 ἡμῖν
1581 3487 1984 3559 ὲπιτετμήσθω.

411 3564 644 3619 Πλεῖστα
668 3568 713 3620 δ’
742 3568 808 3622 ἂν
843 3570 936 3622 καὶ
959 3571 1119 3633 αὐτὸς
1144 3572 1237 3626 ἐπὶ
1286 3574 1482 3647 σχολῆς
1514 3577 1872 3643 ἀναλέξασθαι
1898 3580 1988 3633 δύ-

411 3674 530 3711 ναιο
568 3658 817 3730 περὶτοῦ
851 3664 1228 3733 προκειμένου.
1264 3664 1377 3717 Καὶ
1411 3668 1444 3736 ή
1478 3668 1727 3738 παροῦσα
1755 3670 1812 3724 δέ
1841 3688 1987 3743 πρα-

410 3749 649 3821 γματεία
691 3751 790 3822 τῆς
830 3752 1189 3826 εὐαγγελικῆς
1236 3756 1564 3823 ἀποδείξεως
1611 3760 1754 3815 κατὰ
1797 3763 1985 3832 καιρὸν

410 3840 618 3894 ἕκαστα
672 3840 1050 3912 παραδώσεταί
1103 3860 1162 3896 τε
1213 3844 1307 3895 καὶ
1359 3844 1704 3915 ἑρμηνεύσει.
1744 3847 1894 3912 Τέως
1928 3848 1985 3901 δὲ

410 3931 505 3985 hri.
533 3930 625 3983 τοῦ
658 3931 922 4002 παρόντος
960 3932 1060 4003 τῆς
1087 3933 1196 3986 τῶν
1238 3934 1534 4005 προφητῶν
1585 3937 1713 4006 περὶ
1752 3938 1851 4008 τῆς
1890 3938 1983 3993 τοῦ

409 4023 661 4094 Σωτῆρος
680 4022 836 4095 ἡμῶν
865 4026 1242 4095 προρρήσεως,
1271 4025 1462 4090 καὶ-ὼς
1492 4029 1656 4081 πᾶσιν
1678 4028 1986 4101 ἀνθρώποις

406 4114 507 4185 τὴν
535 4113 645 4167 τῶν
679 4112 979 4185 μελλόντων
1007 4114 1225 4185 ἀγαθῶν
1254 4118 1552 4189 παρουσίαν
1583 4120 1982 4190 εὐηγγελίζετο,

409 4205 610 4269 ίκανῶς
638 4205 751 4276 ἔχει
774 4206 844 4260 τὰ
868 4207 1154 4278 εἰρημένα,
1179 4210 1668 4280 προαναφωνοῦντα
1704 4212 1982 4283 προφήτου

403 4297 547 4361 τινὸς
571 4297 774 4367 ἄφιξιν,
806 4299 901 4352 καί⁵
930 4300 1208 4354 εὐσέϐειαν
1235 4301 1523 4373 νομοθέτου
1554 4304 1778 4357 Μωῡσεῖ
1808 4321 1986 4376 παρα-

405 4388 652 4459 πλησίου,
684 4389 839 4457 γένος
868 4408 929 4444 τε
963 4391 1145 4457 αὐτοῦ,
1189 4390 1282 4443 καὶ
1327 4391 1517 4462 φυλὴν,
1545 4393 1639 4445 καὶ
1674 4392 1836 4447 τόπον
1861 4393 1982 4448 ὃθεν

406 4481 809 4552 προελεύσεται,
835 4484 1024 4554 χρόνον
1062 4499 1122 4536 τε
1153 4483 1277 4537 καθ’
1299 4485 1358 4536 ὃν
1384 4484 1524 4554 ἥξει,
1581 4485 1981 4556 προφητεύεται

2099 2033 2312 2088 gamus.
2346 2017 2438 2087 qui
2462 2024 2721 2086 tanquam
2746 2014 2866 2070 ovis
2904 2016 2971 2070 ad
2998 2015 3330 2071 occisionem
3360 2015 3431 2069 sit
3449 2013 3670 2078 ductus,

2097 2119 2153 2165 et
2198 2110 2269 2165 ab
2318 2109 2703 2180 iniquitatibus
2744 2106 2958 2163 Judaiei
2983 2108 3170 2178 populi
3196 2106 3428 2162 traditus
3479 2105 3552 2161 sit
3598 2104 3670 2159 ad

2096 2209 2349 2266 mortem,
2377 2210 2431 2256 et
2461 2216 2584 2255 cum
2622 2200 2826 2270 iniquis
2876 2199 3171 2269 deputatus
3194 2238 3209 2262 ,
3267 2197 3673 2266 sepulturaeque

2096 2289 2511 2346 commendatus
2548 2329 2563 2353 ,
2599 2287 2799 2344 deinde
2823 2295 3089 2358 purgatus
3129 2302 3160 2341 a
3196 2284 3472 2340 Domino?
3499 2295 3553 2341 et
3580 2286 3672 2340 lu-

2096 2395 2214 2436 cem
2240 2395 2405 2451 penes
2429 2396 2489 2437 se
2509 2379 2732 2435 visurus
2761 2378 2855 2442 sit,
2886 2385 2941 2432 et
2966 2377 3263 2431 multorum
3295 2374 3668 2430 haereditatem

2095 2478 2518 2536 consecuturus,
2545 2480 2599 2525 et
2629 2469 2746 2526 suis
2776 2469 2951 2539 spolia
2985 2467 3267 2523 divisurus
3302 2466 3326 2521 ‘2
3372 2464 3481 2520 Sed
3512 2467 3672 2522 aliter

2095 2577 2315 2633 quoque
2345 2560 2411 2615 de
2434 2561 2584 2616 illius
2613 2560 2794 2614 reditu
2823 2560 2879 2613 in
2903 2559 3094 2622 vitam,
3125 2565 3249 2627 post
3284 2562 3512 2611 mortem
3537 2554 3672 2610 dicit

2095 2655 2330 2725 quodam
2364 2654 2484 2708 loco
2521 2652 2831 2708 vaticinans
2854 2650 3024 2706 David
3051 2667 3118 2706 ex
3157 2664 3389 2722 persona
3410 2649 3615 2705 Christi
3649 2667 3664 2703 :

2099 2767 2117 2798 ι
2154 2746 2274 2801 Νοιι
2303 2747 2580 2816 relinques
2610 2745 2850 2799 animam
2909 2759 3086 2799 meam
3139 2744 3193 2798 in
3224 2742 3462 2809 inferno,
3492 2757 3670 2811 neque

2092 2840 2250 2895 dabis
2280 2846 2531 2895 sanctum
2576 2852 2729 2893 tuum
2760 2838 2946 2893 videre
2979 2837 3388 2908 corruptionem
3420 2835 3488 2889 ".
3548 2850 3569 2886 ι
3603 2832 3669 2887 Et

2092 2931 2220 2986 alibi
2255 2948 2301 2986 ει
2334 2928 2582 2995 Domine,
2600 2930 2840 2985 eduxisti
2869 2928 2939 2983 ab
2960 2927 3177 2983 inferno
3203 2928 3441 2982 animam
3469 2940 3666 2991 meam,

2093 3020 2313 3075 salvasti
2363 3034 2450 3074 me
2490 3034 2521 3072 a
2570 3017 3039 3075 descendentibus
3093 3017 3151 3071 in
3196 3017 3377 3071 lacum
3416 3016 3488 3071 ⁵³.
3543 3035 3561 3068 ι
3599 3013 3667 3068 Et

2089 3110 2218 3165 alibi
2246 3129 2261 3166 :
2292 3128 2312 3161 ι
2346 3108 2450 3176 Qui
2476 3110 2683 3165 exaltas
2716 3124 2802 3164 me
2829 3109 2896 3164 de
2918 3109 3091 3179 portis
3124 3109 3333 3173 mortis,
3367 3113 3425 3162 ut
3450 3122 3666 3161 annun-

2090 3203 2218 3259 tiem
2270 3218 2462 3258 omnes
2525 3201 2871 3259 laudationes
2936 3210 3060 3258 tuas
3094 3201 3165 3257 '°.
3219 3221 3238 3253 ›
3292 3200 3495 3256 Contra
3546 3214 3667 3255 om-

2090 3295 2180 3349 nia
2227 3295 2343 3351 haec
2387 3294 2674 3350 intendere
2702 3294 2868 3349 ullam
2916 3294 3112 3358 aciem,
3149 3308 3220 3348 ne
3252 3293 3664 3349 inimicissimos

2087 3386 2308 3458 quidem
2340 3397 2502 3457 atque
2531 3386 2936 3457 ingratissimos
2952 3401 3113 3457 posse
3140 3385 3396 3440 arbitror.
3434 3382 3665 3441 Verum-

2089 3486 2268 3534 tamen
2298 3478 2420 3548 ejus
2457 3479 2754 3550 pmphetia:
2786 3479 3093 3543 conclusio,
3123 3478 3282 3548 cujus
3309 3487 3503 3534 anetor
3549 3475 3665 3539 ,lsa-

2088 3571 2191 3637 ias,
2233 3571 2475 3628 sterilem
2499 3572 2647 3626 illam
2676 3572 2952 3641 quondam
2983 3579 3038 3628 et
3063 3570 3336 3627 desertam
3364 3587 3394 3625 a
3418 3570 3530 3626 Deo
3551 3571 3664 3626 aui-

2088 3677 2253 3726 mam,
2282 3670 2377 3715 aut
2405 3663 2586 3732 potius
2611 3660 2912 3716 Ecclesiam
2954 3662 3022 3716 de
3046 3660 3302 3732 gentibus
3351 3662 3660 3725 collectam,

2088 3754 2226 3809 laetis
2261 3754 2509 3816 vocibus,
2568 3753 2829 3823 bonoque
2871 3754 3064 3807 nuntio
3096 3755 3472 3823 prosequitur,
3532 3767 3662 3807 cum

2086 3845 2196 3900 illis
2227 3845 2416 3915 utique
2438 3844 2896 3915 recordans,quae
2917 3845 3030 3914 jam
3064 3846 3414 3915 contemplati
3445 3859 3659 3900 sumus.

2085 3935 2220 3991 Nam
2283 3951 2406 3991 cum
2448 3943 2671 4007 propter
2690 3950 2817 3990 eam
2845 3935 3099 3991 Christus
3139 3935 3324 3990 omnia
3347 3935 3654 4004 pertulerit,

2086 4027 2282 4083 merito
2323 4035 2447 4099 post
2484 4042 2547 4082 ea
2577 4066 2595 4093 ,
2649 4043 2771 4098 quae
2800 4028 2868 4083 de
2897 4029 2990 4082 illo
3022 4027 3312 4099 praedixit,
3360 4025 3607 4096 adjungit
3636 4041 3656 4083 :

2091 4136 2111 4170 ι
2142 4118 2372 4183 Laetare,
2406 4119 2606 4188 inquit,
2642 4119 2844 4174 sterilis
2874 4134 2997 4191 qua:
3024 4135 3134 4173 non
3155 4119 3328 4189 paris,
3359 4117 3660 4175 vociferare

2083 4211 2366 4276 et'clama,
2406 4225 2529 4281 quae
2561 4226 2669 4265 non
2701 4213 2943 4282 parturis
2978 4226 2992 4263 :
3042 4212 3301 4283 quoniam
3353 4213 3510 4267 multi
3559 4212 3658 4268 lilii

2082 4302 2313 4358 deserta:
2340 4303 2535 4374 magis,
2566 4318 2732 4374 quam
2785 4306 2906 4374 ejus
2930 4320 3053 4377 qua:
3089 4306 3253 4361 habet
3281 4305 3482 4360 virum.
3514 4305 3659 4362 Dixit

2082 4396 2227 4449 enim
2266 4396 2571 4452 Dominus:
2608 4396 2787 4452 Dilata
2824 4399 3007 4453 locum
3041 4398 3264 4453 tentorii
3323 4398 3427 4463 tui,
3452 4408 3509 4453 et
3535 4399 3654 4468 pel-

2083 4486 2163 4542 les
2188 4487 2669 4544 tabernaculorum
2706 4498 2924 4545 tuorum
2954 4490 3076 4559 ﬁge,
3107 4505 3178 4544 ne
3209 4505 3403 4559 parcas
3428 4509 3442 4545 :
3487 4489 3655 4544 dilata

406 4574 500 4626 καὶ
530 4576 762 4642 γένεσιν,
799 4579 895 4632 καὶ
923 4578 1197 4651 τελευτὴν,
1230 4582 1322 4633 καὶ
1345 4582 1658 4647 ἀναϐίωσιν,
1687 4585 1781 4638 καὶ
1809 4585 1980 4656 ἀρχὴν

2090 4578 2358 4634 lunieulos
2393 4587 2538 4644 tuos,
2562 4588 2617 4635 et
2666 4581 2851 4637 clavos
2875 4592 2997 4636 tuos
3033 4581 3362 4636 corrobora:
3418 4583 3656 4652 amplius

404 4662 503 4734 τὴν
530 4665 671 4719 κατά
707 4667 925 4721 πάντων
951 4667 1151 4722 ἐθνῶν·
1194 4669 1230 4723 ἃ
1271 4669 1335 4740 δὴ
1381 4672 1556 4725 πάντα
1588 4674 1855 4745 παρέστη,
1882 4676 1978 4729 καὶ

404 4754 486 4807 ἐτι
519 4755 716 4826 μᾶλλον
736 4757 825 4811 διὰ
849 4758 956 4812 τῶν
983 4758 1109 4829 ἐξῆς
1141 4761 1549 4833 παραστήσεται
1582 4765 1675 4817 ἐπὶ
1703 4764 1862 4836 μόνον
1885 4766 1976 4819 τὸν

404 4847 632 4918 Σωτῆρα
661 4849 756 4902 καὶ
795 4850 995 4923 Κύριον
1045 4852 1201 4925 ήμῶν
1246 4858 1769 4927 συμπεπερασμένα.
1818 4859 1978 4914 Ἀλλὰ

402 4936 574 4992 ταῦτα
606 4939 706 5009 μὲν
748 4941 854 4994 ἀπὸ
892 4944 1000 4998 τῶν
1042 4945 1200 5018 ἱερῶν
1244 4945 1438 5015 λογίων
1487 4952 1601 5013 τοῖς
1631 4951 1976 5007 πιστεύουσιν

400 5029 585 5094 αὐτοῖς
618 5031 1069 5105 παρατεθήσεταυ
1093 5039 1207 5099 τοῖς
1237 5036 1280 5089 δ’
1305 5036 1588 5091 ἀπειθοῦσι
1616 5043 1736 5104 ταῖς
1766 5058 1976 5116 προφη-

398 5124 579 5184 τικαῖς
608 5122 853 5193 Γραφαῖς
895 5125 1038 5190 ἰδίως
1071 5128 1474 5200 ἀπαντήσομεν,
1516 5131 1592 5194 ὡς
1619 5134 1750 5204 περὶ
1781 5134 1974 5207 ἀνδρὸς

400 5213 601 5278 κοινοῦ,
633 5216 728 5268 καὶ
760 5218 871 5279 τοῖς
904 5216 1110 5282 λοιποῖς
1138 5208 1516 5293 παραπλησίου
1548 5224 1685 5287 τέως
1715 5226 1814 5298 τὴν
1853 5227 1971 5292 ἐξέ-

398 5326 553 5364 τασιν
581 5312 922 5383 ποιούμενοι·
946 5314 1053 5380 ἵνα,
1077 5318 1276 5371 ὁπόταν
1310 5320 1528 5373 πάντων
1562 5319 1669 5374 τῶν
1694 5322 1754 5388 ἐξ
1779 5324 1970 5389 αἰῶνος

400 5399 698 5471 βοηθέντων
718 5404 776 5455 ἐν
809 5402 1135 5475 ἀνθρώποις,
1184 5409 1318 5463 πολύ
1362 5412 1626 5483 κρείττων
1655 5414 1971 5488 ἀσυγκρίτῳ

397 5492 635 5563 ὑπεροχῇ
670 5494 763 5546 καὶ
800 5494 1070 5568 διαφέρων
1111 5498 1379 5570 ἀναφανῇ,
1418 5504 1734 5573 τοτηνικάδε
1766 5507 1861 5560 καί⁸
1901 5507 1969 5561 τά

398 5584 524 5654 περί
549 5584 650 5654 τῆς
677 5583 951 5658 θειοτέρας
982 5589 1147 5642 αὐτοῦ
1176 5591 1387 5660 φύσεως
1418 5595 1559 5648 κατά
1580 5597 1770 5668 καιρὸν
1794 5597 1969 5652 διαλά-

397 5670 598 5742 ϐωμεν,
632 5673 691 5741 ἐξ
722 5675 968 5748 ἐναργῶν
994 5676 1100 5731 τῶν
1124 5677 1449 5744 ἀποδείξεων
1474 5683 1862 5752 παριστῶντες.
1890 5685 1966 5747 ὠς

2080 4671 2148 4727 ad
2179 4669 2425 4727 dextram
2448 4682 2502 4729 et
2524 4672 2593 4728 ad
2621 4673 2900 4728 sinistram
2925 4673 3175 4737 extende,
3204 4682 3259 4729 et
3289 4689 3472 4729 semen
3501 4680 3653 4728 tuum

2079 4778 2269 4839 gentes
2325 4765 2664 4822 haereditabit
2691 4766 2756 4819 °°.
2802 4784 2823 4817 ι
2859 4766 2956 4822 His
3006 4774 3187 4821 autem
3241 4765 3427 4820 verbis
3464 4764 3653 4820 Eccle-

2082 4861 2222 4915 siam
2251 4860 2321 4914 de
2344 4856 2600 4930 gentibus
2631 4856 2941 4921 collectam,
2967 4867 3023 4913 et
3074 4865 3192 4912 toto
3219 4858 3349 4912 orbe
3379 4865 3648 4910 terrarum

2080 4951 2358 5016 dili'usam,
2388 4949 2544 5003 etab
2571 4955 2695 5002 ortu
2752 4947 2887 5003 solis
2928 4948 2998 5002 ad
3042 4962 3299 5004 occasum
3348 4954 3648 5012 extentam,

2080 5041 2363 5097 oraculum
2392 5041 2563 5096 laetari
2591 5041 2766 5109 jubet,
2792 5040 3110 5111 planissime
3132 5040 3235 5093 hoc
3259 5038 3439 5108 ipsum
3480 5037 3651 5108 signi-

2079 5134 2272 5201 ﬁcans,
2300 5135 2391 5190 ubi
2445 5134 2557 5188 ait:
2598 5152 2617 5185 ι
2652 5133 2720 5187 Ει
2747 5148 2934 5190 semen
2958 5143 3112 5187 tuum
3142 5139 3332 5201 gentes
3361 5131 3651 5186 haeredita-

2077 5224 2177 5280 bit.
2217 5244 2236 5278 ι
2269 5223 2405 5280 Cum
2435 5232 2619 5281 autem
2639 5225 2935 5295 longiorem
2960 5222 3396 5294 explanationem
3429 5222 3650 5277 deside-

2077 5327 2198 5374 rent
2217 5333 2301 5386 ea,
2330 5333 2452 5390 quae
2477 5319 2545 5373 ad
2594 5318 2741 5372 hunc
2772 5318 2951 5375 locum
2982 5323 3251 5387 spectant,
3296 5314 3511 5370 abunde
3547 5330 3647 5369 no-

2075 5410 2161 5465 bis
2192 5410 2307 5465 haee
2329 5410 2639 5480 compendii
2675 5411 2855 5464 locum
2894 5407 3211 5476 explebunt.
3253 5404 3388 5460 Nam
3422 5412 3483 5460 tu
3504 5420 3645 5476 quo-

2072 5514 2180 5568 que
2201 5514 2299 5569 per
2322 5500 2493 5554 otium
2516 5499 2687 5552 multa
2718 5498 2873 5567 plura
2898 5496 3165 5566 colligere
3175 5494 3399 5564 poteris,
3428 5508 3551 5565 qua
3572 5495 3637 5550 ad

2073 5593 2215 5649 idem
2246 5592 2585 5663 propositum
2610 5597 2878 5660 spectent.
2910 5587 3015 5645 Sed
3033 5590 3208 5658 ipsum
3228 5603 3445 5661 quoque
3475 5602 3641 5643 evan-

2072 5685 2259 5758 gelica:
2291 5682 2776 5739 demonstrationis
2840 5683 3178 5752 propositum
3223 5682 3370 5755 quod
3400 5696 3546 5737 nunc
3579 5678 3637 5736 in

463 5831 512 5863 "
536 5833 643 5889 lsa.
675 5834 899 5903 1.11512.
976 5836 1019 5869 ⁸⁷
1050 5835 1193 5893 Psal.
1224 5854 1312 5904 xv,
1348 5837 1433 5894 10.
1511 5839 1555 5870 ⁵⁸
1576 5837 1719 5897 Psal.
1743 5842 1959 5904 rami.
2037 5842 2080 5876 "
2106 5839 2249 5897 Psal.
2282 5856 2359 5903 Ix.
2389 5841 2474 5896 l'i.
2551 5839 2597 5871 ⁶⁰
2620 5841 2719 5895 lsa.
2742 5856 2851 5906 1.1V,
2884 5840 2999 5895 l-‘S.
