4126 6436
500 420 605 475 187

1180 421 1445 475 EUSEBII
1484 418 1960 475 CASSA'RIENSIS
2000 418 2149 475 OPP.
2186 416 2367 472 PARS
2396 417 2461 472 ll.
2497 448 2566 457 —
2604 414 3098 472 APOLOGETICA.

3629 413 3735 470 188

490 535 747 589 manibus
776 540 880 598 est,
908 533 1083 587 tradet
1120 550 1219 589 suo
1246 542 1490 604 tempore
1520 543 1685 602 atque
1724 539 2043 606 interpreta-

2160 533 2260 586 οὐκ
2287 531 2629 601 ἀνθρωπείας
2661 532 2768 602 ἄρα
2799 526 2866 601 ἦν
2905 530 3119 598 φύσεως
3154 531 3186 600 ή
3215 528 3340 600 περὶ
3383 526 3543 581 αὐτὸν
3573 527 3734 583 δύνα·

490 626 641 680 bitur
666 625 899 695 singula.
947 625 1164 679 interim
1214 639 1344 679 vero
1369 624 1515 696 quod
1564 626 1628 679 ad
1655 626 2057 696 praedictionem

491 716 994 785 divinationemque
1050 716 1427 785 propheticam
1460 717 1528 771 de
1558 716 1840 773 Salvatore
1868 727 2058 772 nostro

489 807 742 875 pertinet,
776 805 1029 874 quodque
1062 805 1187 858 item
1215 805 1281 858 ad
1312 806 1365 861 id
1396 807 1540 876 quod
1566 822 1629 861 ea
1651 806 1932 876 praedictio
1946 821 2056 861 om-

488 913 590 952 nes
621 897 870 950 homines
921 912 1112 950 eorum
1155 896 1421 950 bonorum
1458 898 1612 967 102
1654 898 1888 952 adventu
1920 912 2055 968 gau—

486 987 615 1043 dere
638 987 861 1056 jubebat
887 1002 1007 1056 quae
1038 988 1513 1055 exspectabantur,
1544 989 1610 1043 iis
1627 1004 1747 1058 qua:
1765 988 1878 1056 jam
1902 986 2048 1041 dicta

486 1086 614 1132 sunt
654 1078 898 1132 contenti
954 1093 1076 1132 esse
1128 1093 1458 1146 possumus:
1491 1094 1611 1148 qua
1649 1079 1868 1145 quidem
1896 1080 2055 1148 plane

486 1172 774 1226 enuntiant
800 1172 1077 1240 propheta
1111 1171 1397 1239 cujusdam
1430 1170 1747 1234 adventum,
1774 1180 1827 1226 et
1876 1172 2053 1241 legum

485 1263 729 1316 anctoris
756 1262 1009 1331 pietatem
1040 1263 1132 1331 qui
1163 1262 1296 1315 Mosi
1325 1262 1521 1316 similis
1558 1261 1773 1317 futurus
1803 1264 1894 1326 sit,
1927 1278 2057 1317 nec-

2166 642 2285 695 μις·
2316 618 2398 687 οἷς
2431 622 2735 686 ἀκολούθως
2764 623 2858 676 καὶ
2887 621 2957 674 τά
2976 622 3075 691 τῆς
3102 623 3223 675 κατ’
3246 620 3405 673 αὑτὸν
3432 618 3729 688 θεολογίας,

2162 718 2239 781 ὡς
2263 712 2374 770 οἷόν
2398 732 2457 768 τε
2486 716 2630 769 ἐστὶν
2658 716 2789 785 ἡμῖν
2810 712 3157 775 ἐποπτεῦσαι,
3186 709 3541 781 ποιησόμεθα.
3580 711 3730 765 Ἐπεὶ

2160 808 2338 860 τοίνυν
2356 807 2462 860 τῶν
2488 807 2728 860 άπίστων
2749 807 2798 859 οἱ
2828 805 3043 867 πλείους
3067 804 3236 873 γόητα
3260 802 3351 854 καὶ
3367 801 3574 855 ’πλάνον
3595 803 3732 856 ἁπο-

2161 898 2466 962 καλοῦντες,
2501 899 2595 951 καὶ
2625 898 2845 967 μυρίαις
2884 895 3070 959 ἄλλαις
3103 894 3457 964 κακηγορίαις
3493 892 3732 964 βλασφη-

2163 990 2387 1061 μοῦντες
2428 989 2607 1053 αὑτὸν,
2640 987 2794 1041 οὔπω
2838 988 2930 1041 καὶ
2975 986 3070 1040 νῦν
3113 986 3396 1046 παύονται,
3439 981 3592 1055 φέρε,
3635 984 3729 1038 καὶ

2159 1080 2295 1151 πρὸς
2335 1080 2554 1143 τούτους
2586 1077 3027 1151 ἀποκρινώμεθα,
3067 1076 3276 1130 οἴκοθεν
3317 1076 3414 1146 μὲν
3458 1075 3627 1138 οὐδὲν,
3667 1074 3728 1141 ἐξ

2159 1170 2337 1224 αὐτῶν
2363 1170 2417 1224 δὲ
2451 1170 2557 1223 τῶν
2587 1169 2750 1223 αὑτοῦ
2789 1168 3000 1238 φωνῶν,
3036 1170 3126 1221 καὶ
3164 1164 3232 1238 ἦς
3274 1166 3555 1238 παρέδωκε
3581 1165 3728 1219 διδα-

2161 1261 2387 1324 σκαλίας
2409 1264 2507 1325 τάς
2536 1260 2864 1331 παραθέσεις
2890 1259 3221 1327 ποιούμενοι.

484 1371 593 1410 non
652 1356 898 1424 ejusdem
959 1371 1147 1427 genus,
1195 1365 1249 1411 et
1310 1357 1534 1420 tribum,
1587 1366 1642 1411 et
1680 1357 1857 1411 locum
1911 1358 2055 1413 unde
2098 1359 2346 1412 exiturus
2379 1395 2394 1420 ,
2445 1365 2499 1411 et
2544 1363 2755 1426 tempus
2786 1370 2896 1425 quo
2939 1362 3200 1408 venturus
3257 1353 3348 1407 sit.
3384 1350 3726 1448 Vaticinator

494 1453 759 1515 praeterea
784 1452 837 1501 et
868 1454 1073 1509 ortum,
1106 1455 1161 1500 et
1179 1454 1432 1507 mortem,
1484 1454 1538 1499 et
1566 1445 1799 1498 reditum
1829 1447 1883 1497 in
1905 1446 2091 1507 vitam,
2133 1451 2191 1498 et
2216 1444 2579 1514 principatum
2613 1444 2667 1495 in
2692 1443 2949 1496 omnibus
2974 1442 3249 1512 gentibus,
3276 1454 3397 1508 qua:
3433 1452 3565 1493 sane
3612 1442 3725 1504 jam

486 1552 720 1591 evenere
782 1538 1008 1591 omnia:
1046 1543 1100 1590 et
1130 1537 1303 1606 magis
1357 1537 1521 1590 etiam
1582 1536 1841 1604 deinceps
1875 1550 1934 1589 ex
1977 1535 2064 1597 iis,
2107 1549 2230 1603 quae
2289 1534 2542 1588 dicentur
2593 1533 2908 1599 constabit,
2956 1534 3011 1585 in
3071 1548 3181 1586 uno
3215 1530 3494 1584 Salvatore
3526 1543 3590 1582 ac
3617 1526 3725 1582 Do-

486 1629 639 1683 mino
675 1638 866 1683 nostro
921 1645 984 1683 ea
1054 1631 1215 1683 tinem
1266 1629 1563 1698 accepisse.
1616 1628 1722 1683 Sed
1757 1629 1871 1683 haec
1912 1644 2033 1698 qua:
2064 1628 2131 1682 de
2168 1628 2372 1683 sanctis
2400 1628 2638 1682 oraculis
2660 1637 2883 1696 accepta
2904 1627 3088 1691 vides,
3130 1626 3197 1680 iis
3220 1625 3313 1695 qui
3342 1625 3589 1686 credunt,
3625 1638 3725 1677 ex-

482 1722 661 1792 posita
712 1729 840 1776 sunt
869 1741 882 1776 :
916 1723 982 1776 iis
1017 1732 1197 1776 autem
1246 1722 1339 1791 qui
1395 1736 1503 1774 non
1555 1721 1805 1785 credunt,
1841 1735 2090 1775 seorsum
2131 1721 2345 1775 obviam
2398 1722 2619 1790 scriptis
2660 1722 2993 1791 propheticis
3028 1722 3245 1785 ibimus,
3283 1730 3445 1791 atque
3507 1721 3723 1773 interim

484 1822 740 1882 tanquam
768 1811 834 1866 de
863 1813 1137 1866 communi
1165 1814 1301 1877 viro,
1340 1821 1394 1867 et
1422 1814 1514 1882 qui
1554 1813 1780 1882 reliquis
1805 1811 1967 1867 fuerit
1997 1813 2194 1868 similis
2240 1812 2583 1883 inquiremus
2626 1833 2639 1868 :
2684 1822 2744 1867 ut
2793 1831 2915 1869 cum
2966 1814 3224 1869 omnibus
3270 1816 3364 1884 qui
3409 1829 3644 1881 unquam
3693 1828 3723 1865 a

483 1904 708 1961 condito
735 1917 849 1956 aevo
900 1903 1039 1957 inter
1075 1902 1323 1959 homines
1362 1903 1619 1958 celebrati
1655 1903 1768 1957 sint
1797 1940 1813 1965 ,
1864 1903 2034 1955 multo
2075 1904 2422 1971 praestantior
2453 1912 2507 1956 et
2556 1902 2967 1972 incomparabili
3027 1903 3261 1972 quadam
3317 1902 3609 1957 eminentia
3639 1916 3727 1956 su'

485 1996 665 2067 ρειῆοτ
720 1994 1052 2063 apparuerit,
1093 2010 1217 2048 cum
1247 2010 1310 2049 ea
1336 2009 1553 2065 quoque
1595 2010 1717 2065 qua:
1760 1993 1826 2047 ad
1870 1993 2188 2047 diviniorem
2228 1994 2348 2063 ejus
2376 2002 2626 2047 naturam
2680 2002 2931 2064 spectant
2972 2002 3364 2063 pertractemus
3402 2014 3417 2048 :
3466 2001 3521 2048 et
3579 1993 3723 2064 quod

482 2081 661 2134 virtus
699 2098 819 2151 qua:
859 2083 914 2137 in
955 2085 1048 2139 illo
1097 2093 1216 2141 erat
1267 2086 1413 2139 nulla
1467 2087 1704 2140 humana
1735 2093 1932 2140 natura
1985 2094 2281 2151 constaret,
2313 2086 2635 2142 certissimis
2675 2086 3231 2141 demonstrationihus
3257 2087 3670 2156 comprobemus
3703 2104 3720 2142 :

482 2170 674 2227 ordine
723 2173 979 2244 deinceps
1011 2185 1289 2246 sequetur,
1321 2186 1382 2231 ut
1411 2192 1474 2231 ea
1508 2191 1873 2245 proponamus
1896 2177 2311 2246 contemplanda
2336 2192 2436 2246 pro
2464 2178 2693 2233 viribus.
2722 2191 2844 2246 quae
2897 2177 2963 2230 ad
3014 2192 3131 2231 eam
3184 2177 3508 2247 theologiam
3559 2179 3724 2247 perti-

480 2271 631 2324 nent,
662 2279 782 2332 quae
820 2265 970 2318 illum
1014 2267 1291 2335 complexa
1320 2274 1425 2322 est.
1472 2265 1736 2333 Quoniam
1778 2266 1942 2337 igitur
1973 2267 2148 2335 major
2200 2281 2326 2335 pars
2358 2281 2544 2319 eorum
2574 2266 2667 2335 qui
2716 2282 2826 2321 non
2873 2268 3125 2333 credunt,
3159 2277 3354 2322 vocant
3382 2270 3532 2322 illum
3584 2284 3721 2340 pre-

480 2355 816 2424 stigiatorem
871 2371 935 2409 ac
987 2358 1365 2424 seductorem,
1426 2360 1669 2429 aliasque
1704 2357 2129 2415 innumerabiles
2167 2357 2469 2412 calumnias
2513 2358 2568 2411 in
2600 2358 2749 2411 illum
2802 2359 3210 2414 exsecrabiliter
3260 2360 3490 2427 iactant,
3535 2378 3599 2416 ac
3651 2378 3717 2416 ne

478 2464 626 2502 nunc
659 2451 876 2519 quidem
925 2450 1185 2506 desinunt
1222 2454 1490 2521 ejusmodi
1520 2455 1716 2523 probra
1744 2455 2074 2524 contingere,
2118 2462 2330 2522 tempus
2356 2452 2467 2521 jam
2499 2452 2714 2506 videtur
2766 2468 2889 2508 esse
2946 2462 3005 2508 ut
3041 2457 3202 2509 etiam
3235 2457 3357 2511 istis
3386 2459 3715 2527 respondea-

480 2555 624 2604 mus,
661 2542 729 2596 de
780 2552 969 2598 nostro
1019 2546 1239 2613 quidem
1285 2545 1422 2601 nihil
1452 2546 1764 2614 aﬂerentes,
1824 2549 1919 2603 sed
1947 2548 2015 2603 de
2059 2547 2308 2603 doctrina
2343 2563 2504 2617 quam
2535 2548 2652 2617 ipse
2698 2548 2995 2618 publicavit
3026 2560 3366 2609 assumentes
3390 2593 3403 2618 ,
3443 2554 3585 2622 quod
3632 2554 3719 2608 hic

481 2648 842 2703 apponamus.

480 2746 569 2802 Ill.
600 2747 861 2803 Adversus
896 2765 983 2803 eos
1014 2751 1103 2820 qui
1133 2750 1400 2832 Qliristum
1422 2753 1512 2807 Dei
1533 2754 1856 2809 seductorem
1874 2756 2038 2825 fuisse

2145 2748 2211 2803 [".
2248 2746 2403 2814 Πρός
2424 2745 2564 2811 τοὺς
2586 2745 3260 2832 πῇάνονιύπειζίηξότᾳς
3285 2756 3583 2823 γεγονέναι
3613 2759 3718 2815 τὸν

1089 2823 1421 2875 existimant.

548 2906 926 2981 lnterrogandi
962 2912 1127 2981 igitur
1147 2921 1297 2979 sunt,
1336 2930 1464 2967 num
1491 2916 1615 2985 quis
1644 2930 1884 2986 unquam
1903 2916 2043 2972 alius

482 3000 609 3054 huic
638 3002 834 3058 similis
867 3001 1127 3057 seductor
1156 3021 1223 3058 ex
1254 3006 1504 3061 historiis
1534 3008 1780 3077 ipsorum
1812 3009 2043 3078 proferri

481 3093 676 3161 possit,
706 3094 800 3164 qui
831 3095 1291 3165 mansuetudinis,
1310 3100 1618 3168 probitatis,
1649 3103 2040 3171 temperantiae,

480 3184 769 3254 omn-isque
794 3186 1017 3255 reliquae
1058 3188 1276 3245 virtutis
1319 3191 1385 3246 iis
1434 3206 1571 3261 quos
1618 3195 1893 3250 seduxerit
1931 3212 2045 3250 ma-

480 3278 651 3346 gister
679 3284 733 3331 et
762 3286 955 3332 auctor
984 3282 1252 3336 exstiterit
1280 3302 1293 3337 :
1330 3292 1382 3338 et
1410 3292 1590 3338 utrum
1615 3286 1698 3341 fas
1725 3290 1796 3343 sit
1848 3289 1914 3345 iis
1945 3305 2045 3344 no-

481 3366 721 3422 minibus
755 3382 952 3423 vocare
977 3385 1121 3424 eum:
1158 3373 1251 3441 qui
1283 3389 1352 3427 ne
1383 3374 1583 3429 intueri
1649 3377 1868 3445 quidem
1919 3395 2043 3434 mu-

481 3457 669 3511 lierem
702 3473 825 3511 cum
853 3460 1116 3529 petulanti
1150 3463 1449 3531 cupiditate
1496 3468 1791 3534 permittit:
1824 3476 1878 3523 et
1912 3486 2040 3524 num

480 3545 530 3600 is
582 3547 856 3613 seductor,
890 3550 980 3617 qui
1022 3565 1294 3605 summum
1354 3554 1709 3625 philosophiae
1769 3557 2040 3629 fastigium

478 3636 814 3703 tradiderit,
879 3640 1288 3712 discipulosque
1344 3660 1475 3700 suos
1536 3647 1830 3714 docuerit,
1895 3666 2042 3719 qua:-

479 3746 694 3801 cunque
762 3732 1097 3801 possideant}
1139 3736 1317 3800 bona,
1396 3738 1764 3807 indigentibus
1842 3743 2043 3813 imper-

481 3820 594 3883 tiri,
635 3827 689 3874 et
738 3820 940 3875 laboris
993 3822 1232 3877 studium
1306 3840 1372 3879 ac
1409 3826 1817 3883 beneficentiam
1887 3832 2041 3903 103

477 3911 695 3980 plurimi
761 3912 939 3967 facere
997 3932 1011 3968 :
1073 3922 1127 3968 et
1176 3923 1357 3969 utrum
1412 3918 1665 3973 seductor
1718 3922 1785 3984 is,
1845 3925 1937 3991 qui
1986 3925 2039 3977 in

476 4002 825 4058 multitudine
880 4004 1131 4073 populari
1180 4044 1196 4068 ,
1252 4007 1305 4059 in
1346 4008 1556 4076 plebeio
1619 4011 2040 4083 turbulentoque

476 4105 640 4160 grege
667 4094 872 4145 versari
904 4094 1176 4161 prohibet,
1212 4098 1386 4149 solum
1417 4104 1595 4152 autem
1630 4114 1812 4153 rerum
1841 4101 2042 4156 divina-
2067 4124 2110 4180 ο

476 4196 597 4234 rum
628 4181 870 4235 studium
904 4199 1001 4237 sua
1041 4184 1294 4238 doctrina
1341 4189 1704 4243 commendat.
1740 4189 1845 4256 Qui
1878 4207 2041 4261 porro

478 4269 595 4323 ﬁeri
628 4277 828 4338 potest,
864 4278 923 4323 ut
969 4272 1015 4324 is
1061 4272 1256 4326 merito
1295 4276 1608 4328 nominetur
1640 4275 1916 4343 seductor,
1946 4279 2039 4347 qui

475 4366 531 4413 et
576 4359 646 4413 ab
687 4360 835 4413 omni
886 4362 1170 4417 mendacio
1212 4363 1505 4429 deterreat,
1552 4375 1605 4420 et
1648 4367 1714 4420 ad
1758 4371 2039 4424 veritatem

476 4460 671 4519 praeter
694 4462 887 4505 cuncta
917 4453 1021 4506 alia
1049 4456 1480 4525 amplectendam
1503 4458 1861 4515 adhortetur?
1889 4469 1948 4515 ut
1972 4477 2040 4517 ne

468 4538 595 4607 jure
640 4540 858 4609 quidem
899 4542 1135 4611 jurando
1186 4546 1313 4599 velit
1361 4562 1461 4601 nos
1511 4549 1793 4620 indigere?
1836 4560 2040 4621 quanto

471 4639 654 4686 autem
700 4632 878 4688 minus
924 4635 1198 4703 perjurio?
1231 4658 1248 4687 ι
1278 4636 1360 4693 Sit
1404 4641 1549 4694 enim
1596 4657 1776 4711 sermo
1812 4653 2033 4700 vester:

476 4718 591 4783 Est,
624 4728 707 4775 est
735 4738 748 4774 :
777 4737 902 4785 non,
939 4740 1047 4777 non
1073 4726 1114 4755 ⁸³
1141 4744 1154 4779 :
1192 4745 1211 4777 ι
1248 4736 1303 4780 et
1330 4729 1461 4796 quid
1490 4745 1575 4784 me
1600 4731 1754 4799 plura
1787 4734 2039 4803 colligere

470 4819 707 4882 Oportet,
746 4827 869 4867 cum
901 4831 964 4869 ex
1002 4815 1091 4879 iis,
1123 4833 1245 4886 quae
1278 4818 1390 4887 jam
1423 4820 1568 4875 dicta
1603 4830 1750 4886 sunt,
1783 4825 1942 4892 plane
1975 4825 2039 4878 li-

469 4912 589 4959 ceat
619 4903 855 4970 discere,
886 4909 1160 4977 quodnam
1192 4911 1356 4967 fuerit
1382 4913 1502 4982 ejus
1536 4915 1848 4983 reipublicae
1877 4916 2038 4969 insti-

468 5001 665 5060 tutum,
701 5013 824 5066 qua:
870 5000 938 5053 ab
986 5001 1081 5055 illo
1110 5003 1251 5057 inter
1284 5004 1531 5061 homines
1562 5007 1629 5061 ad
1666 5008 1790 5061 vitae
1826 5009 2035 5062 utilita-

467 5093 572 5140 tem
596 5086 947 5144 disseminata
982 5094 1103 5146 est?
1130 5109 1196 5148 ex
1223 5111 1353 5165 qua,
1386 5112 1492 5151 non
1529 5098 1689 5153 modo
1732 5115 1839 5155 non
1872 5101 2036 5156 sedu-

468 5184 702 5241 ctorem,
727 5181 820 5235 sed
852 5198 977 5237 vere
1005 5184 1245 5239 divinum
1267 5189 1574 5256 quemdam,
1606 5198 1660 5245 et
1692 5190 1887 5245 divina:
1924 5193 2036 5261 pie-

464 5272 740 5338 tatemque
768 5272 1027 5342 amplexae
1059 5275 1435 5346 phil050phiae,
1482 5296 1591 5336 non
1633 5283 1941 5339 communis
1972 5285 2036 5337 il-

465 5357 570 5413 lius
620 5367 674 5414 et
724 5363 967 5433 vulgaris
1018 5366 1488 5433 introductorem,
1546 5375 1728 5429 omnis
1786 5375 2034 5430 veritatis

2629 2817 2890 2883 Χριστὸν
2918 2819 3025 2881 τοῦ
3059 2822 3229 2874 Θεοῦ.

2216 2908 2478 2961 Πευστέον
2518 2908 2581 2979 δὴ
2653 2908 2830 2961 αὐτῶν
2887 2909 3067 2963 εἴποτέ
3120 2930 3204 2975 τις
3267 2915 3423 2979 ἄλλος
3480 2920 3716 2986 τοιοῦτος

2145 2999 2341 3063 πλάνος
2369 3000 2640 3071 ἱστόρηται
2668 3000 2990 3071 πραότητος,
3024 3003 3115 3055 καὶ
3160 3005 3477 3071 ἐπιεικείας,
3506 3028 3716 3083 σωφρο-

2146 3091 2309 3161 σύνης
2358 3108 2417 3143 τε
2478 3092 2569 3144 καὶ
2612 3092 2712 3161 τῆς
2766 3092 2929 3163 άλλης
2972 3094 3172 3165 άρετῆς
3218 3098 3535 3164 διδάσκαλος
3600 3109 3737 3168 τοῖς,

2144 3182 2520 3253 άπατωμένοις
2562 3182 2799 3252 γεγονὼς
2846 3183 3045 3247 αἴτιος·
3093 3187 3188 3238 καὶ
3239 3191 3287 3240 εί
3337 3190 3554 3260 θεμιτὸν
3603 3195 3716 3248 τού-

2144 3292 2253 3337 τοις
2302 3276 2595 3329 ἀποκαλεῖν
2648 3278 2759 3338 τοῖς
2812 3276 3036 3346 ὀνόμασι
3091 3284 3181 3329 τὸν
3240 3279 3373 3350 μηδὲ
3426 3282 3714 3351 ἐμϐλέπειν

2148 3366 2282 3436 μετὰ
2350 3366 2643 3436 ἐπιθυμίας
2682 3366 2980 3419 ἀκολάστου
3028 3367 3270 3434 γυναιξὶν
3313 3371 3709 3442 ἐπιτρέψαντα·

2143 3456 2236 3509 καὶ
2285 3457 2332 3508 εί
2383 3456 2579 3517 πλάνος
2621 3456 2650 3508 ό
2699 3453 2796 3525 τὴν
2847 3457 2926 3518 είς
2972 3455 3137 3526 ἄκρον
3181 3459 3456 3527 παραδοὺς
3498 3462 3711 3529 φιλοσο-

2144 3548 2271 3615 φίαν
2302 3550 2359 3600 ὲν
2383 3547 2461 3617 τῷ
2486 3548 2613 3607 τοὺς
2642 3546 2898 3616 φοιτητὰς
2931 3547 3201 3600 παιδεύειν
3230 3549 3338 3601 τῶν
3365 3551 3713 3623 ὑπαρχόντων

2142 3635 2342 3688 ὲνδεέσι
2386 3638 2680 3696 κοινωνεῖν,
2725 3637 2820 3688 καὶ
2857 3636 2918 3688 τὸ
2951 3637 3231 3703 φιλόπονον
3277 3640 3370 3691 καὶ
3404 3643 3714 3694 κοινωνικὸν

2142 3727 2270 3798 περὶ
2305 3725 2498 3779 πολλοῦ
2531 3725 2793 3779 τίθεσθαι·
2823 3727 2916 3779 καὶ
2955 3729 3003 3779 εί
3049 3728 3247 3791 πλάνος
3288 3730 3317 3781 ό
3367 3731 3464 3799 τῆς
3514 3732 3715 3802 πανδή-

2146 3835 2267 3888 μου,
2306 3819 2401 3872 ttat
2440 3817 2713 3885 ἀγελαίου,
2758 3818 2851 3870 καὶ
2893 3816 3228 3889 θορυϐώδους
3281 3822 3563 3883 συνουσίας
3594 3823 3714 3874 ἁνε-

2141 3908 2361 3977 γείρων,
2385 3908 2648 3962 διδάσκων
2679 3908 2734 3961 δὲ
2763 3909 2927 3979 μόνην
2965 3908 3303 3972 ἀσπάζεσθαι
3343 3911 3441 3981 τὴν
3480 3914 3606 3982 περὶ
3645 3914 3714 3967 τά

2143 3998 2260 4053 θεῖα
2284 4000 2437 4069 λόγια
2470 4001 2683 4072 σχολήν.
2726 4001 2784 4053 '0
2832 4001 2889 4054 δὲ
2923 4002 3121 4065 παντὸς
3164 4003 3263 4072 μὲν
3314 4003 3545 4072 ψεύδους
3575 4007 3712 4059 ἀπο-

2142 4092 2377 4161 τρέπων,
2415 4094 2513 4163 τὴν
2548 4094 2594 4145 δ’
2633 4092 2886 4162 ἀλήθειαν
2934 4093 3036 4162 πρὸ
3073 4095 3272 4157 παντὸς
3309 4099 3472 4167 τιμᾷν
3510 4115 3709 4169 παραι-

2143 4182 2266 4234 νῶν·
2292 4182 2366 4245 ὼς
2399 4183 2517 4253 μηδ’
2542 4184 2791 4252 εὐορκίας
2818 4182 3043 4244 δεῖσθαι,
3080 4185 3272 4237 πολλοῦ
3300 4186 3381 4239 δεῖ
3412 4190 3708 4261 ἐπιορκεῖν·

2146 4289 2167 4322 ι
2196 4273 2373 4325 Ἔστω
2401 4273 2509 4343 γὰρ
2546 4273 2699 4342 ὑμῶν
2742 4270 2803 4323 τὸ
2833 4273 2939 4324 Ναὶ
2982 4275 3088 4335 ναὶ,
3128 4276 3187 4328 τὸ
3222 4277 3281 4330 οὓ
3317 4277 3397 4329 οῦ·
3441 4299 3459 4330 ι
3495 4281 3609 4343 πῶς
3647 4281 3711 4333 ἂν

2141 4362 2339 4427 πλάνος
2371 4364 2594 4428 ἐνδίκως
2625 4362 2984 4435 ὀνομασθείη;
3019 4367 3129 4419 Καὶ
3165 4368 3215 4419 τί
3253 4385 3318 4437 με
3351 4370 3455 4441 χρὴ
3495 4372 3712 4425 πλείονα

2139 4455 2233 4508 νῦν
2287 4455 2485 4524 λέγειν,
2532 4457 2704 4527 παρὸν
2743 4460 2805 4511 ἐκ
2861 4458 2966 4510 τῶν
3019 4458 3250 4529 πρόσθεν
3288 4463 3591 4532 εἰρημένων
3627 4465 3712 4526 τίς

2141 4562 2271 4599 ποτε
2311 4543 2378 4617 ἦν
2417 4547 2615 4618 τρόπος
2651 4547 2991 4619 γνῶναι.τῆς
3026 4549 3117 4601 ὑπ’
3148 4550 3312 4602 αὑτοῦ
3343 4553 3712 4623 κατασπαρεί-

2141 4656 2239 4712 σης
2262 4641 2337 4709 τῷ
2360 4639 2459 4709 βίῳ
2490 4638 2779 4702 πολιτείας,
2804 4639 2895 4708 ἀφ’
2926 4636 2992 4711 ἦς
3019 4642 3116 4709 οὐχ
3145 4641 3293 4703 ὃπως
3318 4642 3535 4706 πλάνον,
3574 4644 3711 4697 ἀλλά

2138 4749 2257 4785 τινα
2284 4731 2423 4784 θεῖον
2447 4731 2521 4793 ὡς
2548 4730 2779 4801 ἀληθῶς,
2817 4732 2909 4784 καὶ
2951 4730 3120 4794 θείας,
3157 4732 3249 4784 καὶ
3286 4733 3560 4797 εὐσεϐοῦς,
3594 4736 3708 4788 ἀλλ’

2138 4825 2199 4877 ού
2232 4824 2327 4893 τῆς
2370 4822 2553 4892 κοινῆς
2595 4824 2687 4874 καὶ
2730 4822 3006 4893 πανδήμου
3057 4822 3369 4891 φιλοσοφίας
3413 4827 3708 4896 εἰσηγητὴν

2137 4917 2245 4978 πᾶς
2282 4916 2310 4967 ό
2361 4913 2657 4985 φιλαλήθης
2694 4914 2853 4967 αὑτὸν
2900 4914 3229 4985 ὁμολογήσαι
3266 4914 3364 4980 άνς
3424 4915 3526 4969 Τὸν
3578 4918 3708 4985 γοῦν

2139 5010 2249 5079 βίον
2279 5009 2386 5062 τῶν
2417 5009 2579 5063 πάλαι
2607 5007 2873 5076 θεοφιλῶν
2914 5006 3180 5076 Ἐϐραίων
3212 5006 3309 5077 ἤδη
3354 5024 3470 5071 πως
3515 5005 3575 5073 ἐξ
3616 5010 3709 5062 άν-

2137 5100 2366 5171 θρώπων
2414 5099 2728 5153 ἀπολωλότα
2784 5098 2944 5168 μόνος
2973 5099 3452 5169 κάνανεωσάμενος,
3490 5101 3589 5154 οὐκ
3627 5103 3707 5167 είς

2138 5194 2357 5265 βραχεῖς
2398 5195 2492 5247 καὶ
2537 5192 2806 5261 μετρίους,
2862 5190 2972 5244 ἀλλ’
3005 5193 3083 5253 είς
3120 5191 3236 5243 ὅλον
3270 5192 3589 5259 ὲφαπλῶσαι
3614 5195 3707 5248 τὸν

2135 5288 2337 5356 κόσμον
2367 5284 2739 5338 ἀποδέδεικται
2777 5283 2864 5335 διὰ
2895 5283 2987 5335 τοῦ
3030 5281 3242 5354 πρώτου
3279 5284 3707 5354 συγγράμματος

2134 5381 2230 5449 τῆς
2261 5377 2540 5449 παρούσης
2570 5374 2896 5438 ὑποθέσεως·
2930 5376 2997 5429 δι’
3026 5371 3087 5429 οὗ
3116 5378 3377 5446 πάρεστιν
3402 5376 3706 5447 ἀνθρώποις

465 5457 675 5503 amator
722 5453 794 5507 sit
826 5454 1204 5513 confessurus.
1259 5458 1394 5513 Nam
1446 5463 1592 5532 quod
1645 5465 1777 5518 illud
1817 5465 2032 5520 vivendi

2145 5469 2229 5520 ἐπὶ
2253 5468 2481 5538 σπείρας
2518 5469 2629 5529 τοῖς
2662 5466 2781 5520 καθ’
2816 5468 2942 5538 ὅλης
2983 5470 3080 5538 τῆς
3116 5470 3439 5540 οἰκουμένης
3477 5471 3567 5524 τὸν
3597 5474 3704 5527 τῶν

464 5535 816 5603 institutum,
885 5559 993 5614 quo
1057 5546 1406 5604 Hebraeorum
1465 5556 1872 5624 antiquissimi,
1929 5555 2026 5611 Dei

466 5627 647 5694 amici,
687 5629 786 5682 viri
835 5635 1148 5704 utebantur,
1181 5641 1433 5713 quodque
1461 5643 1571 5714 jam
1606 5661 1672 5703 ex
1715 5648 2026 5705 hominibus

534 5779 576 5810 ⁶¹
628 5780 818 5839 Matth.
844 5802 898 5846 ν,
939 5788 1026 5844 57.

2135 5558 2394 5627 θεοφιλῶν
2421 5559 2640 5612 ἐκείνων
2670 5561 2810 5629 ἀμφὶ
2830 5561 2919 5613 τὸν
2952 5561 3200 5632 Ἀϐραὰμ
3227 5561 3450 5632 μυρίους
3470 5580 3529 5616 τε
3549 5565 3704 5629 ὅσους

2138 5648 2380 5718 ζηλωτὰς
2410 5649 2509 5703 οὐκ
2538 5648 2597 5713 ἐξ
2635 5650 2897 5721 Ἑλλήνων
2925 5650 3102 5721 μόνον,
3134 5652 3266 5704 ἀλλὰ
3296 5653 3386 5706 καὶ
3416 5653 3706 5728 βαρϐάρων
