4126 6430
468 444 576 503 189

1383 435 2041 495 DEMONSTRATIONIS
2080 432 2541 490 EVANGELICE
2580 433 2709 487 LIB.
2748 431 2836 487 Ill.

3612 427 3718 484 190

470 564 572 635 τῆς
594 562 818 615 ἐκείνων
846 558 1129 624 θεοσεϐοῦς
1154 558 1428 621 πολιτείας
1456 544 1750 623 ἀποδεῖξαι.
1798 552 1961 607 Ἀλλά
1977 550 2047 606 τά

2148 552 2549 622 quodammodo
2598 550 2915 613 interierat,
2961 549 3115 604 solus
3171 547 3290 616 ipse
3338 545 3716 609 renovaverit,

475 653 576 723 μὲν
602 650 908 723 ἠθικώτερα
933 651 1032 722 τῆς
1057 647 1401 712 διδασκαλίας
1430 646 1596 701 αὐτοῦ
1626 644 1870 699 τοιαῦτα.
1911 644 2048 715 Φέρε

471 744 529 798 δὲ
564 741 889 813 σκεψώμεθα
942 744 1014 814 μὴ
1060 742 1172 815 ἀρα
1203 741 1335 794 ποτὲ
1361 742 1391 793 ό
1420 738 1619 803 πλάνος
1646 736 1797 807 αὐτῷ
1827 736 1956 807 περὶ
1981 735 2050 789 τά

475 834 781 907 κυριώτατα
815 835 923 888 τῶν
974 835 1257 905 δογμάτων
1288 832 1620 900 κατεγίνετο.
1646 824 1775 901 'Ap’
1809 824 1903 882 οὖν
1931 827 2051 897 οὐχὶ

480 928 622 998 μόνῳ
647 926 726 997 τῷ
759 925 1091 997 παμϐασιλεῖ
1118 925 1238 997 Θεῷ
1281 923 1359 995 τῷ
1401 923 1494 977 καὶ
1513 921 1768 993 οὐρανοῦ,
1799 922 1893 974 καὶ
1923 919 2049 990 γῆς,

475 1020 569 1072 καὶ
627 1017 720 1071 τοῦ
782 1017 1092 1088 σύμπαντος
1149 1017 1352 1087 κόσμου
1415 1012 1729 1086 δημιουργῷ
1773 1012 1932 1074 αὐτός
1989 1027 2050 1063 τε

474 1109 826 1180 ἀνακείμενος
858 1110 1100 1171 καὶτοὺς
1132 1107 1390 1179 φοιτητὰς
1424 1106 1711 1177 προσάγων
1742 1104 2051 1173 ἀναγέγρα-

474 1216 642 1265 πται;
676 1200 857 1254 Είσέτι
890 1217 950 1253 τε
984 1201 1079 1254 καὶ
1109 1199 1269 1270 δεῦρο
1307 1200 1356 1251 οἱ
1390 1199 1491 1267 τῆς
1513 1196 1859 1257 διδασκαλίας
1884 1191 2049 1247 αὑτοῦ

474 1290 620 1359 λόγοι
649 1293 827 1346 πάντα
862 1291 1093 1362 Ἕλληνα
1123 1292 1216 1343 καὶ
1245 1290 1516 1361 βάρϐαρον
1545 1288 1656 1342 ἀνω
1690 1286 1787 1358 τὴν
1814 1285 2050 1340 διάνοιαν

475 1382 611 1455 πρὸς
639 1383 731 1436 τὸν
762 1383 1021 1436 ἀνωτάτω
1045 1383 1177 1436 Θεὸν
1204 1382 1484 1451 ἀνάγουσι,
1522 1382 1705 1435 πᾶσαν
1730 1378 1931 1449 ὁρατὴν
1951 1376 2053 1446 φύ-

477 1491 561 1529 σιν
593 1474 958 1546 ὑπερόψαντα.
988 1471 1133 1547 Ἀρα
1165 1471 1259 1528 οὖν
1301 1474 1375 1545 μὴ
1415 1473 1586 1536 οὕτως
1610 1468 1678 1543 ἦν
1707 1474 1736 1524 ὁ
1766 1469 1981 1534 πλάνος,
2015 1469 2049 1539 ἢ

472 1566 557 1620 δτι
586 1566 660 1637 μὴ
688 1568 786 1637 καὶ
811 1566 1025 1631 πλείους
1062 1567 1237 1619 σέϐειν
1268 1566 1422 1628 θεοὺς
1452 1566 1517 1619 ἐκ
1543 1565 1643 1635 τῆς
1679 1561 1936 1616 ἀνωτάτω
1956 1560 2052 1614 καὶ

478 1635 658 1728 μόνης
670 1635 904 1726 ἀληθοῦς
929 1657 1204 1726 θεολογίας
1233 1658 1323 1710 τὸν
1343 1657 1419 1719 ὡς
1447 1655 1658 1726 ἀληθῶς
1686 1655 1886 1709 πλάνον
1912 1669 2048 1724 τρα-

473 1747 797 1819 χηλισθέντα
825 1752 1128 1821 συγχωρεῖ;
1173 1747 1310 1801 Ἀλλ’
1345 1741 1499 1810 οὗτος
1532 1748 1594 1800 οὐ
1628 1745 1910 1817 νεώτερος,
1941 1745 2050 1798 οὐδ’

475 1841 674 1902 οἰκεῖος
707 1839 857 1911 αὐτῷ
876 1841 1051 1909 λόγος,
1075 1844 1185 1904 τοῖς
1212 1839 1255 1892 δ’
1289 1841 1353 1892 ὲκ
1390 1838 1600 1910 μακροῦ
1630 1838 1788 1892 πάλιν
1811 1835 2050 1906 θεοφιλέ-

2155 663 2333 716 neque
2375 646 2432 700 in
2466 648 2671 715 paucos
2702 649 2758 698 et
2789 642 3056 705 modicos,
3102 640 3196 695 sed
3229 640 3284 692 in
3315 646 3491 693 totum
3528 638 3719 694 orbem

2151 736 2449 801 diﬂuderit,
2476 736 2532 789 in
2567 735 2744 805 primo
2776 733 2942 802 hujus
2969 731 3152 802 operis
3184 731 3323 785 libro
3348 730 3485 785 satis
3506 730 3719 784 anobis

2151 839 2435 886 ostensum
2478 837 2562 882 est
2596 846 2612 881 τ
2644 842 2743 897 per
2788 841 2948 896 quem
2997 825 3186 893 utique
3225 823 3352 878 licet
3402 822 3718 878 hominibus

2147 920 2260 989 jam
2294 917 2571 972 turmatim
2603 915 2657 969 in
2690 922 2806 968 toto
2837 914 2988 975 orbe,
3021 913 3167 966 illius
3199 911 3344 972 vitae.
3374 910 3718 978 religionem-

2152 1025 2258 1082 que
2301 1009 2564 1078 amplexae
2610 1005 2938 1075 reipublicae,
2973 1019 3136 1073 quam
3175 1010 3228 1056 et
3278 1002 3395 1071 ipse
3440 1001 3717 1054 Abraham

2150 1112 2204 1157 et
2232 1101 2325 1171 qui
2368 1115 2463 1169 per
2503 1099 2642 1153 idem
2681 1105 2895 1164 tempus
2928 1095 3110 1148 vixere
3148 1092 3340 1147 sectati
3375 1098 3524 1155 sunt,
3555 1092 3718 1147 innu-

2149 1193 2440 1249 merabiles
2471 1206 2581 1245 non
2614 1189 2791 1244 solum
2823 1203 2888 1242 ex
2914 1184 3138 1247 Graecis,
3180 1183 3276 1240 sed
3307 1184 3469 1237 etiam
3497 1198 3562 1235 ex
3590 1182 3717 1236 bar-

2152 1286 2320 1350 baris,
2352 1285 2698 1339 aemulatores
2734 1280 3040 1334 ostendere.
3069 1277 3133 1330 Et
3182 1278 3327 1331 illius
3359 1276 3579 1345 quidem
3611 1275 3713 1329 do-

2150 1378 2341 1433 ctriuae
2390 1390 2515 1445 pars
2546 1387 2667 1443 qua:
2708 1371 2774 1424 ad
2815 1384 2994 1423 mores
3034 1369 3268 1437 pertinet
3321 1366 3517 1436 magis,
3567 1366 3716 1434 ejus—

2150 1468 2319 1523 modi.
2351 1465 2507 1520 Nunc
2536 1464 2820 1519 videamus
2851 1469 3033 1515 utrum
3059 1456 3366 1511 seductoris
3394 1469 3612 1518 nomen,
3638 1453 3714 1506 illi

2150 1561 2207 1615 in
2235 1574 2301 1613 eo
2328 1571 2523 1628 genere
2553 1563 2947 1624 praeceptorum
2970 1550 3279 1610 conveniat,
3314 1546 3457 1615 quod
3481 1546 3717 1601 maxime

2150 1647 2482 1703 dominatur.
2524 1643 2715 1698 Nonne
2761 1642 2926 1711 igitur
2974 1638 3042 1693 de
3087 1639 3179 1691 illo
3219 1638 3396 1706 palam
3451 1637 3715 1704 scriptum

2150 1746 2261 1804 est,
2292 1734 2748 1807 quemadmodum
2779 1734 2882 1787 soli
2909 1731 3155 1785 omnium
3186 1729 3301 1800 regi
3344 1727 3474 1789 Deo,
3505 1735 3561 1781 et
3591 1726 3717 1781 cceli

2153 1847 2217 1887 ac
2242 1839 2426 1893 terrae,
2455 1827 2750 1895 mundique
2778 1824 3019 1878 universi
3049 1822 3253 1892 Opilici,
3280 1831 3334 1876 et
3358 1821 3475 1889 ipse
3499 1817 3716 1873 deditus

476 1945 563 1982 σιν
603 1903 872 2002 Ἑϐραίοις
893 1903 1212 2003 προσφιλὴς,
1234 1903 1517 2002 ὠσπεροῢν
1547 1930 1811 1984 δέδεικται
1837 1903 1926 1981 διά
1951 1929 2048 1998 τῆς

2152 1925 2337 1989 fuerit,
2372 1930 2427 1977 et
2449 1918 2835 1975 commendare
2865 1931 2994 1971 suos
3018 1914 3317 1984 discipulos
3340 1909 3719 1967 consueverit?

474 2023 1007 2092 Προπαρασκευῆς,
1031 2024 1162 2095 παρ’
1190 2017 1264 2076 ὧν
1291 2024 1391 2093 ἤδη
1414 2022 1508 2076 καὶ
1529 2021 1636 2077 τῶν
1664 2022 1799 2075 νέων
1837 2019 2049 2090 φιλοσό-

474 2128 590 2179 φων
622 2113 810 2177 παῖδες
834 2114 901 2167 τὰ
937 2115 1144 2185 μεγάλα
1173 2114 1353 2185 ώφελη
1363 2114 1531 2184 μένοι,
1562 2112 1640 2184 τῷ
1657 2113 1884 2182 δόγματι
1920 2127 2049 2163 συν-

470 2202 800 2274 ηρέσθησαν.
834 2206 1189 2277 Σεμνύνονται
1221 2209 1285 2276 γέ
1316 2223 1399 2259 τοι
1455 2206 1551 2259 καὶ
1571 2204 1750 2257 αὐτῶν
1783 2202 2047 2272 Ἐλλήνων

472 2293 527 2344 oi.
564 2292 880 2363 λογιώτατοι
925 2296 1018 2350 ἐπὶ
1063 2298 1332 2367 χρησμοῖς
1365 2295 1475 2349 τῶν
1503 2293 1719 2348 οἰκείων
1760 2292 1917 2356 θεῶν,
1947 2285 2048 2344 ὧδέ

471 2397 592 2446 mg
625 2384 884 2456 Ἐϐραίων
910 2386 1354 2456 μνημονεύουσιν

2155 2014 2261 2070 Sed
2305 2026 2486 2067 nonne
2538 2010 2702 2064 etiam
2745 2022 2891 2061 nunc
2949 2006 3097 2059 illius
3140 2004 3403 2059 doctrinae
3449 2012 3720 2071 praecepta

2117 2146 2125 2154 .
2153 2118 2366 2167 omnes,
2395 2111 2449 2157 et
2488 2098 2708 2153 Graecos
2729 2105 2782 2152 et
2813 2097 3078 2151 barbaros
3116 2094 3182 2147 ad
3210 2108 3524 2162 supremum
3552 2091 3717 2145 Deum

2150 2210 2372 2251 sursum
2409 2198 2591 2247 mente
2621 2190 2910 2258 animoque
2942 2184 3371 2256 percipiendum,
3417 2191 3471 2236 et
3500 2195 3719 2236 omnem

2154 2284 2422 2341 visibilem
2476 2288 2727 2335 naturam
2776 2275 3176 2345 despiciendam
3225 2270 3531 2327 extollunt?
3587 2284 3717 2322 num

2154 2377 2322 2447 igitur
2341 2374 2432 2428 hic
2452 2372 2551 2426 fuit
2575 2369 2864 2426 seductor?
2901 2382 2971 2420 an
3005 2381 3133 2420 vero
3162 2364 3307 2433 quod
3334 2362 3518 2431 plures
3541 2362 3721 2414 colere

474 2473 608 2528 deos
643 2488 710 2528 ex
742 2449 1013 2543 suprema'
1034 2483 1088 2529 et
1126 2474 1242 2529 sola
1286 2488 1413 2528 vera
1447 2471 1716 2541 theologia
1755 2485 1902 2535 eum,
1968 2469 2060 2539 qui
2097 2480 2287 2522 revera
2318 2465 2374 2519 in
2411 2476 2651 2518 errorem
2710 2473 2949 2529 princeps
2987 2459 3059 2512 sit
3110 2456 3297 2524 lapsus
3353 2467 3461 2506 non
3498 2449 3722 2543 permit-

475 2563 581 2618 tit?
603 2571 658 2617 at
683 2564 772 2619 hic
800 2542 907 2618 non
944 2580 1157 2629 recens,
1185 2580 1362 2636 neque
1385 2565 1532 2619 illius
1561 2564 1814 2633 proprius
1836 2576 2041 2624 sermo,
2108 2559 2205 2615 sed
2242 2574 2309 2613 ex
2354 2556 2526 2611 multo
2577 2561 2822 2623 tempore
2865 2550 3063 2620 priscis
3120 2546 3212 2602 Dei
3258 2545 3561 2600 cultoribus
3613 2542 3721 2597 lie-

476 2655 638 2710 braais
666 2668 983 2719 consuetus,
1027 2657 1480 2727 quemadmodum
1507 2664 1560 2712 et
1593 2655 1650 2710 in
1675 2654 2074 2725 Pra'paratione
2113 2658 2395 2707 ostensum
2434 2656 2539 2711 est,
2572 2661 2637 2699 ex
2696 2659 2802 2713 qua
2830 2644 2941 2712 jam
2991 2653 3137 2695 nunc
3161 2653 3285 2693 cum
3332 2647 3579 2692 recentes
3607 2636 3727 2705 phi-

477 2747 694 2820 losophi
761 2763 1013 2820 magnam
1082 2751 1367 2806 utilitatem
1425 2753 1751 2820 acceperint,
1804 2751 1983 2820 ipsum
2049 2746 2313 2803 doctrina:
2385 2756 2559 2813 genus
2606 2739 3117 2809 comprobaverunt.
3165 2735 3432 2790 Caeterum
3474 2733 3716 2820 ipsorum

475 2818 637 2894 etiam
673 2839 831 2912 104
852 2818 1164 2896 Graecorum
1207 2841 1510 2897 doctissimi
1553 2818 1777 2897 suorum
1826 2818 2048 2896 _de0run

2148 2836 2377 2893 oraculis
2431 2833 2755 2905 gloriantur,
2803 2831 2872 2887 de
2928 2831 3170 2888 Hebraeis
3216 2831 3271 2885 in
3315 2829 3462 2884 hunc
3499 2818 3719 2882 modum

476 2936 806 2989 mentionem
836 2934 1165 2991 facientibus
1196 2953 1211 2991 :

2158 3040 2297 3097 Solis
2336 3038 2599 3096 Chaldaeis
2627 3039 2887 3107 sapientia
2908 3037 3142 3107 contigit,
3176 3045 3334 3106 atque

2159 3114 2421 3172 Hebraeis,
2448 3113 2538 3173 qui
2561 3125 2626 3165 ea:
2648 3106 2702 3163 se
2724 3111 2975 3178 genitum,
3009 3106 3276 3177 regemque
3304 3106 3560 3178 deumque

2157 3183 2305 3236 Pura
2339 3192 2505 3235 mente
2530 3175 2742 3244 colunt;
2767 3189 2920 3249 atque
2954 3175 3114 3231 unum
3146 3175 3335 3230 numen
3365 3175 3610 3231 adorant.

476 3046 703 3101 Μοῦνοι
727 3045 1007 3099 Χαλδαῖοι
1031 3046 1257 3114 σοφίην
1283 3046 1496 3114 λάχον,
1527 3045 1621 3113 ἠδ’
1645 3043 1736 3113 ἄρ’
1778 3045 2046 3114 Ἑϐραῖοι,

468 3118 912 3185 Αὑτοτένεθλον
941 3116 1172 3170 ἄνακτα
1199 3114 1576 3185 σεϐαζόμενοι
1611 3116 1758 3169 Θεὸν
1788 3114 2006 3185 ἁγνῶς.

2074 3239 2116 3296 C

475 3290 775 3355 Χαλδαίους
814 3291 871 3344 δὲ
914 3293 1041 3356 τοὺς
1087 3291 1283 3355 αὐτοὺς
1310 3290 1397 3344 διὰ
1422 3291 1515 3344 τὸν
1559 3289 1808 3361 Ἀϐραὰμ
1837 3291 2050 3362 ὠνόμα-

479 3400 590 3447 σεν,
629 3384 752 3436 ἐπεὶ
781 3382 1044 3446 Χαλδαῖος
1087 3379 1153 3454 ἦν
1193 3384 1254 3435 τὸ
1293 3383 1468 3451 γένος,
1517 3383 1592 3448 ώς
1630 3385 1940 3455 ἱστορεῖται.
1985 3385 2048 3436 Εἰ

475 3474 541 3546 δὴ
578 3470 670 3528 οὖν
700 3475 794 3528 καὶ
833 3475 1106 3545 πρόπαλαι
1146 3475 1332 3539 παῖδες
1375 3474 1637 3547 Ἐϐραίων
1661 3475 1768 3530 τῶν
1788 3475 1851 3545 δὴ
1894 3473 2050 3546 μάλι-

482 3581 602 3626 στα,
630 3565 883 3637 καὶπρὸς
912 3565 1018 3619 τῶν
1060 3566 1323 3638 χρησμῶν
1369 3568 1461 3619 ἐπὶ
1494 3568 1654 3637 σοφίᾳ
1697 3583 2050 3637 μεμαρτυρη-

482 3656 656 3727 μένων
691 3656 783 3708 ὲπὶ
815 3658 971 3727 μόνον
1014 3657 1102 3710 τὸν
1141 3657 1355 3711 πάντων
1387 3658 1714 3729 δημιουργὸν
1746 3657 1875 3710 Θεὸν
1918 3657 2051 3725 ἀνῆ-

480 3765 575 3816 γον
606 3749 667 3801 τὸ
715 3748 900 3812 σέϐας
931 3749 982 3803 τί
1023 3750 1104 3803 δεῖ
1136 3750 1352 3814 πλάνον,
1382 3750 1501 3819 οὐχὶ
1532 3750 1589 3803 δὲ
1623 3749 1933 3819 θαυμαστὸν
1961 3749 2051 3800 εὐ-

482 3839 696 3903 σεϐείας
724 3840 1038 3894 διδάσκαλον
1058 3841 1334 3910 ὁμολογεῖν
1356 3841 1573 3904 τοῦτονς
1597 3840 1656 3903 ὃς
1678 3840 1749 3893 τὰ
1775 3839 2049 3911 πρόπαλαι

482 3930 643 3999 μόνος
673 3934 785 3994 τοῖς
810 3931 1109 4000 θεοφιλέσιν
1153 3932 1422 4002 Ἑϐραίοις
1464 3930 1782 4001 ἐγνωσμένα
1814 3932 1893 3993 είς
1917 3930 2051 3983 πάν-

478 4035 578 4083 τας
605 4019 925 4090 ἀνθρώπους
967 4020 1181 4093 ἀοράτῳ
1213 4023 1306 4076 καὶ
1340 4020 1508 4091 ἐνθέῳ
1546 4021 1769 4091 δυνάμει
1810 4038 2052 4092 προαγα-

478 4112 592 4180 γὼν
624 4110 954 4181 ὲξήπλωσεν·
987 4112 1127 4165 ὥστε
1165 4113 1359 4184 μηκέτι
1387 4113 1525 4167 κατά
1552 4114 1613 4166 τὸ
1645 4113 1868 4166 παλαιὸν
1915 4114 2048 4186 βρα-

478 4206 593 4274 χεῖς
613 4220 763 4266 τινας
797 4203 889 4256 καὶ
914 4202 1129 4276 ἀριθμῷ
1160 4204 1396 4275 ληπτοὺς
1423 4205 1586 4276 ὀρθὰς
1618 4206 1745 4276 περὶ
1784 4205 1919 4259 Θεοῦ
1964 4206 2052 4275 φέ-

479 4310 595 4365 ρειν
631 4293 809 4358 δόξας,
837 4293 972 4346 ἀλλά
1007 4293 1172 4365 μυρία
1201 4294 1381 4365 πλήθη
1422 4294 1708 4365 βαρϐάρων
1739 4294 1845 4349 τῶν
1884 4295 2050 4350 πάλαι

478 4384 941 4456 θηριωδεστάτων,
979 4385 1171 4455 λογίων
1201 4403 1260 4439 τε
1294 4387 1387 4440 καὶ
1444 4386 1707 4459 Ἐλλήνων
1739 4388 1967 4460 ἀνδρῶν,
2000 4390 2049 4443 οἳ

477 4481 591 4540 τοῖς
623 4476 789 4531 πάλαι
828 4481 1131 4550 προφήταις
1153 4479 1246 4531 καὶ
1268 4478 1495 4542 δικαίοις
1516 4480 1773 4552 ἀνδράσιν
1805 4481 2049 4535 εὐσεϐεῖν

2149 3292 2437 3346 Chaldaeos
2464 3299 2644 3345 autem
2665 3290 2885 3346 eosdem
2914 3297 3136 3367 propter
3159 3289 3433 3342 Abraham
3465 3287 3718 3342 nomina-

2149 3385 2248 3447 vit,
2285 3387 2400 3454 qui,
2455 3394 2515 3438 ut
2552 3386 2826 3440 memoriae
2855 3386 3128 3454 proditum
3161 3392 3266 3449 est,
3317 3399 3516 3454 genere
3553 3381 3720 3437 Chal-

2149 3474 2300 3528 daeus
2328 3475 2449 3529 fuit.
2491 3474 2549 3529 Si
2580 3476 2747 3545 igitur
2774 3477 2937 3531 etiam
2984 3476 3055 3530 ab
3090 3476 3332 3546 antiquis
3368 3486 3542 3545 usque
3578 3481 3720 3529 tem-

2149 3564 2398 3633 poribus,
2442 3564 2675 3631 Hebraei,
2723 3569 2818 3636 qui
2856 3567 3091 3620 maxime
3128 3566 3197 3620 ab
3228 3566 3466 3620 oraculis
3501 3579 3719 3634 quoque

2150 3655 2430 3724 sapientiae
2470 3658 2839 3711 testimonium
2891 3665 3243 3726 acceperunt,
3281 3658 3338 3710 in
3370 3671 3539 3711 unum
3589 3670 3711 3709 om-

2148 3747 2302 3800 nium
2346 3762 2530 3801 rerum
2585 3747 2832 3816 opiﬁcem
2877 3746 3048 3801 Deum
3098 3748 3472 3802 adorationem
3515 3747 3718 3817 dirige-

2149 3840 2302 3902 bant,
2342 3853 2444 3893 cur
2477 3839 2822 3893 seductorem
2873 3838 3130 3906 amplius,
3162 3853 3227 3892 ac
3256 3853 3366 3892 non
3400 3838 3580 3907 potius
3614 3838 3718 3891 mi—

2150 3929 2378 3983 rabilem
2418 3928 2701 3999 religionis
2741 3929 3084 4000 magistrum,
3119 3929 3264 3983 hunc
3283 3928 3394 3997 jam
3432 3928 3602 3984 fuisse
3636 3928 3718 3982 fa-

2148 4022 2403 4076 teamur?
2445 4023 2538 4091 qui
2585 4037 2651 4076 ea
2703 4036 2825 4091 quae
2867 4021 3141 4091 quondam
3195 4022 3327 4076 solis
3372 4020 3468 4075 Dei
3522 4021 3717 4077 amicis

2149 4111 2391 4167 Hebrmis
2425 4113 2642 4183 cognita
2668 4123 2845 4177 erant,
2878 4114 2932 4167 in
2973 4120 3203 4169 cunctos
3239 4112 3488 4167 homines
3524 4111 3719 4167 invisi-

2148 4205 2269 4268 bili,
2294 4206 2587 4276 divinaque
2629 4207 2828 4261 virtute
2858 4207 3084 4277 protulit
3110 4223 3175 4261 ac
3204 4206 3483 4262 delitavit?
3518 4213 3576 4259 ut
3607 4220 3717 4259 non

2149 4294 2405 4363 amplius,
2446 4296 2588 4350 sicut
2621 4297 2774 4364 prius
2794 4296 2954 4365 pauci
2985 4295 3206 4364 quidam
3240 4302 3297 4348 et
3327 4293 3716 4355 numerabiles,

2153 4396 2330 4441 rectas
2359 4385 2427 4440 de
2458 4384 2568 4447 Deo
2598 4386 2832 4440 habeant
2854 4387 3162 4455 opiniones,
3186 4386 3281 4441 sed
3305 4394 3607 4440 conventus
3632 4385 3720 4437 in.

2149 4478 2519 4533 numerabiles
2562 4486 2671 4531 tam
2714 4479 2994 4533 hominum
3037 4479 3416 4544 barbarorum,
3461 4479 3555 4546 qui
3585 4478 3717 4532 olim

477 4568 677 4638 ὁμοίως
706 4569 795 4622 διὰ
816 4570 982 4639 μόνης
1011 4570 1108 4639 τῆς
1142 4569 1304 4622 αὐτοῦ
1331 4570 1612 4642 δυνάμεως
1631 4572 2047 4642 ὲπαιδεύθησαν.

2154 4569 2414 4625 ferissimi
2441 4578 2618 4634 erant,
2641 4586 2802 4639 quam
2828 4572 3157 4641 sapientium
3181 4580 3236 4626 et
3264 4569 3598 4634 Graecorum,
3622 4568 3717 4638 qui

493 4658 651 4712 ’Λλλά
691 4659 755 4730 δὴ
795 4660 856 4712 τὸ
902 4660 1084 4731 τρίτον
1133 4658 1478 4731 σκεψώμεθα,
1511 4664 1585 4733 μή
1627 4664 1744 4716 ποτ’
1765 4663 1874 4734 ἀρα
1905 4664 2049 4717 τοῦτ’

478 4745 547 4821 ἦν
565 4751 629 4803 δι’
650 4751 680 4805 δ
715 4750 912 4805 πλάνον
937 4753 1098 4806 αὐτόν
1125 4770 1310 4825 φησιν,
1335 4755 1417 4807 ὅτι
1451 4755 1524 4826 μὴ
1568 4754 1875 4824 βουθυσίαις
1917 4758 2051 4828 μηδὲ

479 4840 633 4907 ζώων
662 4844 869 4912 ἀλόγων
922 4849 1156 4915 σφαγαῖς
1195 4845 1315 4917 μηδ’
1361 4847 1556 4917 αἵμασι
1595 4850 1690 4901 καὶ
1728 4851 1880 4919 πυρὶ,
1918 4849 2051 4921 μηδὲ

387 5004 389 5014 Α
477 4938 590 4997 τοῖς
614 4937 723 4988 ἀπὸ
765 4937 865 5005 γῆς
892 4938 1358 5009 ἀναθυμιωμένοις
1395 4940 1456 4991 τὸ
1489 4938 1629 4993 θεῖον
1662 4942 1827 5012 τιμᾷν
1875 4942 2050 4995 διετά-

478 5024 625 5092 ξατο.
655 5027 897 5080 Ταπεινὰ
927 5031 1021 5099 μὲν
1053 5031 1144 5083 καὶ
1177 5029 1348 5101 γεώδη
1380 5030 1548 5083 ταῦτα
1581 5033 1675 5084 καὶ
1719 5034 1818 5103 τῆς
1847 5034 2047 5087 ἀθανά-

476 5133 570 5170 του
598 5118 812 5187 φύσεως
842 5120 1088 5191 οὐδαμῶς
1133 5124 1307 5175 οἰκεῖα
1350 5122 1722 5194 λογισάμενος,
1757 5126 1948 5196 κρίνας
1990 5128 2048 5180 δὲ

478 5208 657 5279 πάσης
693 5208 882 5272 θυσίας
936 5215 1377 5284 προσηνεστάτην
1422 5215 1516 5268 καὶ
1563 5215 1744 5286 ήδεῖαν
1789 5212 1929 5270 είναι
1970 5219 2048 5290 τῷ

476 5299 594 5371 Θεῷ
624 5300 724 5372 τὴν
769 5300 878 5354 τῶν
918 5301 1132 5356 οἰκείων
1177 5305 1404 5358 ἐντολῶν
1448 5308 1804 5380 κατόρθωσιν,
1854 5311 1920 5364 δι’
1971 5305 2047 5365 ὧν

474 5390 625 5464 αὐτῷ
653 5391 863 5462 σώματι
901 5393 995 5445 καὶ
1025 5391 1171 5464 ψυχῇ
1191 5395 1647 5467 κεκαθαρμένους,
1679 5398 1755 5470 νῷ
1792 5415 1851 5452 τε
1900 5399 2047 5453 διαυ-

474 5483 561 5549 γεῖ
580 5480 673 5534 καὶ
703 5481 963 5552 δόγμασιν
989 5482 1265 5538 εὐσεϐέσιν
1294 5489 1755 5558 κεκοσμημένους,
1781 5488 1878 5559 τὴν
1910 5490 2049 5562 πρὸς

474 5574 564 5626 τὸν
594 5573 725 5627 Θεὸν
765 5574 1082 5644 ἐξομοίωσιν
1111 5576 1503 5648 ἀπομιμεῖσθαι
1530 5580 1794 5646 ἐδίδασκε,
1820 5581 2045 5654 διαρρή-

474 5664 570 5734 δην
598 5665 838 5734 φάσκωνο
882 5685 902 5718 ι
951 5667 1177 5721 Ἔσεσθε
1222 5668 1434 5730 τέλειοι,
1470 5670 1546 5733 ὡς
1584 5672 1613 5723 ὁ
1659 5672 1843 5745 Πατήρ
1892 5673 2046 5744 ὑμῶν

476 5754 676 5820 τέλειός
698 5759 863 5813 ἐστιν.
904 5776 922 5809 ι
955 5758 1018 5811 El
1049 5758 1112 5830 δὴ
1151 5759 1323 5814 ταῦτά
1367 5778 1451 5824 τις
1502 5759 1765 5833 Ἑλλήνων
1803 5764 2042 5835 αἰτιῷτο,

477 5845 607 5901 ἔστω
635 5847 711 5921 μὴ
738 5847 865 5918 φίλα
886 5851 997 5913 τοῖς
1025 5850 1246 5914 οἰκείοις
1271 5851 1609 5916 διδασκάλοις
1641 5855 1871 5924 φρονῶν,
1906 5856 2040 5924 οἵγε,

2152 4664 2502 4732 antiquorum
2553 4664 2976 4732 prophetarum,
3024 4664 3410 4734 iustorumque
3472 4662 3716 4716 virorum

2151 4755 2466 4824 religionem
2492 4757 2766 4826 amplecti,
2791 4757 2906 4812 sola
2939 4757 3087 4810 illius
3112 4757 3314 4811 virtute
3348 4754 3526 4810 edocti
3552 4750 3719 4807 sunt?

2154 4846 2258 4902 Sed
2297 4848 2409 4917 jam
2462 4849 2682 4902 tertium
2731 4849 2865 4902 illud
2901 4849 3355 4916 contemplemur,
3406 4861 3536 4899 num
3592 4859 3717 4898 vere

2149 4939 2302 4993 illum
2353 4939 2695 4994 seductorem
2746 4940 3037 5009 appellent,
3079 4937 3225 5008 quod
3272 4952 3383 4991 non
3430 4935 3717 4990 sacriﬁciis

2149 5031 2336 5095 boum,
2377 5047 2554 5101 neque
2589 5033 2872 5086 brutorum
2917 5033 3233 5086 animalium
3272 5028 3713 5088 mactationibus,

2149 5137 2327 5191 neque
2352 5124 2643 5179 cruoribus
2694 5132 2857 5194 atque
2891 5124 3049 5192 igne,
3071 5138 3246 5192 neque
3283 5121 3352 5175 iis
3388 5121 3554 5175 rebus
3594 5135 3717 5187 quae

2146 5214 2216 5268 de
2237 5222 2384 5269 terra
2415 5226 2719 5270 nascuntur
2754 5217 3015 5278 incensis,
3047 5214 3388 5270 divinitatem
3420 5213 3599 5267 colere
3630 5211 3717 5263 in-

2149 5307 2371 5364 stituit:
2408 5325 2602 5379 nempe
2637 5310 2862 5363 humilia
2914 5308 3027 5361 Ι)ωο
3070 5314 3124 5360 et
3156 5310 3393 5366 terrena,
3443 5305 3720 5358 immorta-

2146 5400 2296 5469 lique
2325 5407 2537 5454 naturae
2581 5400 2733 5454 nullo
2767 5400 2929 5454 modo
2960 5396 3337 5452 convenientia
3367 5395 3711 5458 existimans,

2142 5490 2508 5561 judicansque
2550 5492 2701 5545 omni
2746 5490 3019 5547 sacriﬁcio
3071 5490 3279 5559 gratius
3305 5487 3714 5557 jucundiusque

2145 5582 2258 5639 Deo
2291 5600 2491 5639 munus
2523 5583 2728 5646 oll'erri,
2770 5598 2894 5636 cum
2926 5583 3051 5652 quis
3092 5583 3237 5636 illius
3268 5592 3534 5651 praecepta
3556 5582 3715 5650 plene

2145 5673 2538 5737 observaverit,
2565 5686 2661 5742 per
2684 5686 2804 5741 qua:
2837 5672 2955 5742 ipso
2986 5685 3236 5740 corpore,
3273 5671 3562 5739 animaque
3585 5685 3714 5738 pur-

2146 5770 2323 5833 gatos,
2357 5769 2644 5832 menteque
2672 5762 2843 5817 nitida
2883 5778 2947 5817 ac
2975 5762 3209 5818 decretis
3238 5764 3509 5832 religiosis
3536 5760 3716 5813 imbu-

2147 5864 2252 5921 tos,
2289 5857 2415 5911 dum
2444 5870 2508 5911 ea
2539 5855 2740 5910 imitari
2783 5855 2961 5917 docet.
2998 5870 3115 5924 qua:
3161 5856 3367 5911 similes
3399 5854 3506 5909 Deo
3537 5852 3713 5906 homin
