4126 6442
418 423 517 477 191

1079 422 1348 478 EUSEBII
1387 422 1868 480 CESARIENSIS
1899 423 2051 481 OPP.
2088 425 2268 481 PARS
2299 429 2367 483 ll.
2405 460 2476 470 —
2511 429 3013 487 APOLOGETICA.

3562 418 3666 476 1θῖ

416 556 518 597 nes
543 538 800 606 eﬂiciant,
833 555 964 595 suos
986 541 1163 610 palam
1195 541 1453 606 instituit,
1488 542 1681 597 dicens
1707 560 1722 596 :
1753 561 1771 595 ‹
1800 541 1988 598 Estote

2092 543 2165 608 ὡς
2195 545 2361 609 είκὺς,
2392 547 2450 615 ἐξ
2487 548 2646 619 ἡμῶν
2686 548 3026 619 ἀφελόμενοι,
3062 544 3184 599 ἐπεὶ
3226 547 3320 597 καὶ
3360 540 3478 612 μεθ’
3517 545 3665 613 ἡμᾶς

416 630 670 704 perfecti,
697 632 840 685 sicut
869 630 1033 685 Pater
1058 640 1236 686 vester
1256 631 1532 701 perfectus
1569 641 1657 687 est
1675 633 1742 688 ⁸⁸.
1774 652 1794 684 ι
1827 632 1983 698 Quod

416 727 466 779 si
515 724 640 793 quis
686 721 995 777 Grzcorum
1051 722 1165 777 haec
1213 722 1599 793 reprehendat,
1647 724 1695 779 is
1744 722 1883 778 sciat
1926 739 1986 780 se

416 815 580 867 etiam
616 812 1040 882 praeceptoribus
1075 813 1193 867 suis
1213 813 1488 867 contraria
1513 814 1736 875 sentire,
1771 814 1866 883 qui
1905 814 1987 867 vi-

2087 637 2341 705 γεγόνασι
2364 642 2476 703 τοῖς
2506 641 2734 711 χρόνοις,
2768 640 2912 708 λέγω
2956 639 3014 692 δὲ
3054 636 3191 706 μετά
3219 635 3319 705 τὴν
3367 633 3666 705 προϐεϐλη-

2094 732 2262 801 μένην
2288 733 2421 802 ἡμῖν
2447 732 2553 786 ὑπὸ
2578 732 2672 785 τοῦ
2700 733 2949 804 Σωτῆρος
2980 731 3135 803 ήμῶν
3170 728 3535 793 διδασκαλίαν,
3577 723 3666 782 οἷα

2089 819 2153 892 δὴ
2183 823 2475 894 ἐγγράφως
2497 824 2827 896 ὡμολόγουν.

415 905 635 966 delicet,
676 912 734 958 ut
781 919 879 974 par
918 914 1022 968 est,
1083 905 1251 959 multa
1304 921 1335 959 a
1378 905 1538 961 nobis
1591 906 1749 960 utilia
1790 905 1993 973 edocti,
2021 912 2224 983 quippe
2269 917 2363 985 qui
2408 918 2567 973 nobis
2626 920 2791 974 etiam
2826 925 3069 986 tempore
3134 916 3338 973 fuerint
3395 917 3667 999 posterio-

414 1014 527 1061 res,
561 998 686 1052 dico
720 1008 899 1051 autem
924 1012 990 1053 ea
1016 997 1268 1052 doctrina
1289 1013 1412 1068 quae
1443 998 1601 1054 nobis
1630 1014 1662 1053 a
1702 998 1985 1055 Salvatore
2018 1014 2211 1060 nostro
2229 1022 2294 1063 ex
2308 1014 2485 1079 posita
2512 1019 2617 1076 est,
2644 1011 2770 1067 audi
2789 1011 2901 1082 jam
2933 1025 3080 1065 nunc
3120 1011 3302 1082 qualia
3366 1012 3495 1076 sint,
3544 1024 3667 1082 qua:

415 1093 623 1162 scripto
655 1090 948 1145 fateantur.

418 1205 577 1279 105
595 1204 902 1279 Quod‘nihil
921 1219 1100 1279 eorum
1116 1218 1232 1271 quae
1247 1202 1311 1256 de
1329 1211 1469 1279 terra
1484 1204 1986 1279 prodergzttoportet

487 1272 692 1348 Ξιῖηψιο
725 1275 841 1348 Deo
864 1272 1135 1348 incendere
1165 1284 1257 1348 aut
1291 1276 1616 1348 sacriﬁcare.
1648 1275 1729 1329 Ex
1756 1272 1989 1348 Perphy-

488 1348 568 1402 rio
593 1345 669 1399 De
702 1340 1025 1398 abstinentia
1052 1342 1117 1395 ab
1144 1344 1417 1399 animalis.

489 1471 511 1505 ι
551 1454 662 1509 Deo
705 1468 944 1513 summo,
992 1453 1135 1507 sicut
1169 1452 1391 1521 quidam
1430 1454 1515 1508 vir
1558 1455 1777 1524 sapiens
1826 1456 1985 1521 dixit,

415 1544 554 1599 nihil
590 1559 779 1599 eorum
811 1558 933 1613 quae
974 1544 1041 1597 ad
1077 1559 1275 1601 sensus
1319 1547 1593 1615 pertinent
1635 1549 1750 1602 sive
1793 1546 1986 1601 incen-

415 1636 627 1698 dentes,
671 1637 788 1691 sive
821 1634 1238 1692 denominantes
1280 1637 1442 1707 (nihil
1471 1637 1617 1692 enim
1656 1646 1742 1692 est
1770 1652 1986 1702 eorum,

414 1742 540 1798 quae
566 1727 795 1781 materia
824 1736 1102 1793 constant,
1128 1726 1273 1798 quod
1298 1742 1407 1781 non
1433 1729 1683 1799 protinus
1714 1729 1763 1783 ei
1791 1729 1863 1784 sit
1892 1729 1991 1783 im-

416 1818 707 1884 mundum,
744 1820 839 1887 qui
869 1835 1066 1889 expers
1096 1828 1180 1875 est
1212 1821 1392 1873 omnis
1418 1821 1675 1875 materiae.
1710 1818 1890 1887 Quare
1920 1837 1989 1875 ne

2095 1186 2428 1263 Ὅτι-οὐδὲν
2456 1188 2573 1263 τῶν
2596 1190 2715 1263 ἀπὸ
2742 1190 2858 1263 γῆς
2883 1190 2998 1260 χρὴ
3030 1191 3110 1256 τῷ
3133 1192 3241 1263 sx;
3276 1192 3517 1247 πάντων
3544 1196 3667 1263 Θεῷ

2167 1259 2305 1333 οὔτε
2349 1258 2566 1333 θυμιᾶν
2595 1262 2732 1333 οὔτε
2751 1258 2757 1260 ⁷
2778 1258 2964 1333 θύειν.
2984 1258 3148 1333 ίἈπὸ
3173 1262 3292 1317 τῶν
3326 1258 3665 1333 Πφφυρίοὺ

2164 1327 2305 1396 Περὶ
2335 1329 2624 1398 ἐμψύχων
2651 1330 2891 1400 ἀποχῆς
2920 1332 3019 1400 (1).

2168 1459 2187 1491 ι
2218 1440 2335 1511 Θεῷ
2379 1442 2476 1510 μὲν
2514 1442 2590 1512 τῷ
2629 1443 2723 1495 ἐπὶ
2764 1445 2949 1508 πᾶσιν,
2990 1444 3065 1507 ὥς
3102 1459 3187 1507 τις
3217 1440 3357 1516 ἀνὴρ
3398 1447 3557 1515 σοφὸς
3587 1448 3663 1516 (2)

2094 1534 2197 1603 ἔφη
2216 1576 2231 1598 ,
2268 1535 2431 1605 μηδὲν
2458 1534 2567 1587 τῶν
2600 1534 2873 1606 αἰσθητῶν
2908 1538 3044 1609 μήτε
3077 1536 3292 1600 θύοντες
3324 1538 3447 1607 μήτ’
3480 1540 3667 1594 ἐπονο-

2097 1627 2376 1697 μάζοντες,
2415 1627 2586 1696 (οὐδὲν
2624 1626 2731 1699 γὰρ
2766 1628 2972 1694 ἕνυλον,
3013 1629 3042 1682 ὃ
3092 1630 3165 1701 μὴ
3206 1630 3284 1701 τῷ
3321 1630 3469 1702 ἀΰλῳ
3506 1630 3667 1696 εὐθύς

2094 1722 2239 1772 ἐστιν
2283 1719 2610 1790 ἀκάθαρτον.
2648 1720 2740 1772 Διὸ
2781 1719 2901 1773 οὐδὲ
2946 1719 3099 1789 λόγος
3142 1721 3290 1791 αὐτῷ
3325 1721 3438 1775 οὔθ’
3465 1724 3495 1776 ὁ
3526 1725 3667 1778 κατά

2095 1810 2275 1881 φωνὴν
2305 1813 2521 1874 οἰκεῖος,
2574 1809 2687 1862 οὗθ’
2724 1813 2752 1863 ὁ
2791 1810 2958 1875 ἔνδον,
2993 1812 3069 1864 ὅτ’
3100 1811 3167 1865 ἂν
3213 1813 3373 1867 πάθει
3423 1811 3664 1887 ψυχῆςῇ

418 1909 646 1963 verbum
675 1909 893 1978 quidem
929 1911 1119 1974 ullum,
1155 1912 1271 1966 sive
1303 1911 1358 1966 id
1384 1912 1559 1979 dicas,
1590 1913 1737 1983 quod
1774 1914 1829 1967 in
1855 1928 1988 1968 voce

2094 1903 2550 1977 μεμολυσμένος·)
2581 1903 2669 1956 διὸ.
2704 1903 2761 1956 δὲ
2794 1904 2953 1973 σιγῆς
2984 1904 3230 1977 καθαρᾶς
3257 1906 3351 1959 καὶ
3385 1906 3495 1960 τῶν
3539 1907 3666 1979 περὶ

418 1999 696 2065 consistit,
740 2000 855 2056 sive
901 2001 956 2055 id
1000 2002 1144 2071 quod
1189 2003 1523 2059 intrinsecus
1567 2004 1776 2074 concipi
1827 2005 1986 2069 solet,

418 2103 545 2144 cum
578 2091 745 2145 animi
775 2092 956 2161 aliquo
985 2093 1119 2147 vitio
1154 2101 1240 2149 est
1273 2094 1727 2156 contaminatum,
1756 2095 1832 2148 illi
1855 2109 1990 2148 cou-

418 2182 643 2251 veniat),
681 2183 774 2237 sed
805 2184 1023 2238 silentio
1054 2200 1209 2254 puro,
1244 2188 1507 2256 purisque
1536 2186 1603 2241 de
1635 2187 1753 2256 ipso
1778 2187 1989 2256 cogita-

417 2273 657 2328 tionibus
673 2274 824 2327 illum
841 2277 1106 2331 colamus.
1125 2277 1351 2347 Oportet
1372 2278 1538 2347 igitur
1559 2278 1635 2332 illi
1664 2279 1988 2347 conjunctos

412 2361 733 2433 similesque
764 2364 958 2429 factos,
990 2365 1132 2421 hanc
1158 2367 1284 2421 vitae
1330 2377 1536 2422 nostra:
1579 2368 1845 2422 rationem
1877 2368 1989 2423 Deo

412 2451 606 2509 aﬂ‘erre
631 2470 729 2525 pro
761 2456 1052 2512 sacriﬁcio.
1090 2458 1291 2513 Eadem
1324 2473 1454 2513 vero
1480 2466 1536 2513 et
1569 2458 1717 2515 illius
1746 2459 1988 2514 laudatio

2095 1996 2259 2052 αὑτοῦ
2280 1994 2535 2067 καθαρῶν
2556 1993 2771 2047 ἐννοιῶν
2791 1993 3199 2067 θρησκεύσομεν
3222 1998 3401 2053 αὐτόν.
3423 2000 3514 2051 Δεῖ
3536 1999 3665 2069 ἄρα,

2097 2088 2462 2158 συναφθέντας
2488 2088 2581 2140 καὶ
2608 2087 2970 2157 όμοιωθέντας
3000 2087 3168 2158 αύτῷ,
3197 2090 3295 2157 τὴν
3319 2089 3494 2143 αὐτῶν
3521 2091 3667 2158 ἀγω-

2095 2183 2200 2252 γὴν
2225 2180 2414 2234 θυσίαν
2444 2179 2596 2249 ίερὰν
2624 2182 2992 2249 προσαγαγεῖν
3021 2180 3158 2251 Θεῷ
3181 2180 3277 2251 τὴν
3306 2180 3474 2252 αὐτὴν
3493 2180 3549 2234 δὶ
3571 2183 3666 2235 καὶ

2095 2273 2260 2342 ὕμνον
2294 2268 2459 2325 οὖσαν
2516 2273 2610 2326 καὶ
2642 2272 2796 2343 ἡμῶν
2835 2273 3103 2343 σωτηρίαν
3134 2274 3193 2326 ὲν
3242 2273 3479 2346 ἀπαθείᾳ
3535 2275 3664 2347 ἁρε-

2093 2365 2195 2434 τῆς
2230 2363 2429 2434 ψυχῆς.
2459 2363 2565 2417 Τοῦ
2596 2363 2653 2416 δὲ
2685 2363 2823 2417 Θεοῦ
2853 2363 3055 2435 θεωρίᾳ
3088 2366 3122 2435 ή
3150 2364 3309 2419 θυσία
3337 2365 3475 2437 αῦτη
3505 2366 3665 2420 τελεῖ·

2091 2474 2201 2512 ται.
2261 2476 2282 2509 ι

409 2543 533 2605 erit,
566 2550 621 2597 et
648 2551 840 2599 nostra
862 2547 1249 2602 conservatio:
1296 2547 1553 2603 afferetur
1608 2550 1758 2604 enim
1817 2563 1944 2604 cum
2010 2549 2305 2604 slabilitate
2341 2556 2396 2605 et
2428 2548 2614 2619 quiete
2655 2547 2877 2605 Virtutis
2924 2550 3115 2605 animi.
3172 2548 3347 2620 Ipsius
3395 2565 3526 2605 vero
3572 2550 3665 2606 Dei

412 2636 874 2704 contemplatione
900 2639 1005 2691 hoc
1034 2637 1365 2693 sacriﬁcium
1403 2639 1705 2710 perficitur.
1746 2660 1766 2693 ι

450 2748 590 2805 Item
614 2749 678 2805 de
707 2751 886 2806 eodem
919 2768 985 2808 ea:
1012 2752 1283 2824 Apollonii
1317 2754 1611 2825 Tyanensis
1646 2755 1949 2826 Theologia.

491 2950 512 2984 ι
546 2934 623 2988 Ex
646 2950 755 3005 quo
785 2935 951 3005 igitur
982 2936 1216 2990 maxime
1243 2935 1367 3006 quis
1396 2945 1607 2992 natura;
1635 2937 1837 2992 divina:
1860 2951 1992 2991 con-

416 3023 721 3079 venientem
773 3040 963 3079 curam
1018 3023 1305 3092 adhibeat,
1358 3042 1425 3081 ex
1462 3042 1529 3082 eo
1563 3028 1799 3083 maxime
1841 3029 1989 3083 illam

416 3115 707 3185 propitiam
738 3115 1140 3186 benignamque
1172 3119 1434 3175 obtineat.
1473 3117 1585 3175 Hoc
1623 3119 1844 3190 quidem
1892 3136 1986 3190 pe-

2094 2757 2218 2807 Ἕτι
2250 2754 2383 2822 περὶ
2413 2752 2619 2817 αὑτοῦ,
2662 2752 2731 2805 ἐκ
2769 2753 2880 2818 τῆς
2923 2755 3322 2809 Ἀπολλωνίου
3363 2755 3469 2808 τοῦ
3520 2760 3665 2812 Τυα-

2616 2823 2766 2889 νέως
2798 2826 3137 2893 Θεολογιας.

2167 2954 2185 2985 ι
2229 2934 2384 2988 Οὕτω
2446 2934 2626 2988 τοίνυν
2663 2935 2896 3006 μάλιστα
2925 2937 2990 2990 ἄν
3022 2954 3107 3001 τις
3144 2938 3242 3009 τὴν
3288 2941 3669 3012 προσήκουσαν

2092 3026 2411 3096 ἐπιμέλειαν
2445 3029 2650 3080 ποιοῖτο
2698 3026 2791 3079 τοῦ
2827 3028 3014 3091 Θείου,
3056 3032 3311 3100 τυγχάνοι
3350 3049 3408 3084 τε
3444 3032 3669 3088 αὐτόθεν

2097 3117 2223 3170 ἵλεώ
2253 3134 2313 3170 τε
2352 3118 2445 3171 καὶ
2475 3116 2737 3187 εὐμενοῦς
2765 3119 2929 3172 αὑτοῦ
2964 3122 3093 3192 παρ’
3126 3122 3402 3175 ὁντιναοῦν
3436 3124 3541 3176 τῶν
3574 3125 3669 3177 ἀν-

418 3220 517 3261 nes
550 3206 799 3276 quemvis
840 3207 1121 3261 hominum
1165 3209 1308 3280 viget
1341 3229 1352 3263 :
1387 3210 1551 3279 idque
1594 3209 1773 3280 ipsum
1815 3227 1988 3267 unus-

2097 3208 2348 3280 θρώπων,
2384 3211 2432 3261 εί
2460 3208 2580 3280 Θεῷ
2616 3210 2735 3279 μὲν,
2757 3209 2814 3263 ὃν
2841 3211 2903 3282 δὴ
2926 3212 3104 3281 φαμὲν
3123 3212 3329 3275 τοῦτον,
3365 3214 3444 3266 ὲνί
3466 3231 3524 3267 τε
3551 3216 3667 3268 δντι

415 3296 649 3365 quisque
671 3296 984 3366 complebit,
1016 3298 1062 3352 si
1085 3314 1272 3366 eorum
1294 3315 1416 3370 quise
1437 3301 1539 3355 sub
1564 3302 1740 3356 visum
1764 3302 1990 3365 cadunt,

416 3386 601 3455 qualia
634 3395 763 3441 sunt
789 3387 925 3450 haec,
953 3404 1075 3458 qua:
1095 3389 1265 3459 digito
1284 3392 1747 3457 demonstramus,
1772 3394 1847 3447 illi
1872 3410 1994 3464 quae

418 3491 527 3531 una
555 3485 658 3539 est,
694 3486 748 3532 et
782 3480 850 3533 ab
881 3481 1135 3537 omnibus
1167 3484 1331 3538 rebus
1363 3493 1637 3555 separata,
1689 3487 1989 3541 secundum

417 3585 582 3639 quam
627 3571 834 3640 reliqua
878 3572 1059 3625 omnia
1089 3588 1423 3643 cognoscere
1456 3591 1683 3632 necesse
1714 3586 1819 3642 est,
1857 3578 1989 3632 nihil

417 3662 643 3715 omnino
696 3662 988 3725 sacriﬁcet,
1042 3679 1218 3733 neque
1267 3667 1443 3737 ignem
1498 3668 1773 3734 incendat,
1816 3685 1993 3741 neque

416 3763 644 3822 prorSus
675 3747 971 3822 quidquam
1011 3755 1100 3809 illa
1131 3759 1390 3825 postulet,
1428 3775 1496 3814 ne
1529 3775 1559 3813 a
1593 3762 1992 3829 prmstantiori-

414 3841 519 3895 bus
565 3841 785 3911 quidem
831 3858 995 3913 quam
1050 3859 1151 3899 nos
1200 3861 1392 3902 sumus
1427 3868 1441 3903 :
1481 3866 1658 3919 neque
1698 3851 1867 3905 ullum
1907 3859 1992 3907 est

414 3932 613 4004 planta:
656 3948 831 4002 genus
873 3933 1019 4004 quod
1062 3935 1131 3989 ab
1175 3935 1334 3991 initio
1379 3946 1525 3993 terra
1572 3941 1768 4009 pariat,
1816 3957 1991 4011 neque

415 4024 668 4079 animalis
692 4025 839 4095 quod
868 4027 1057 4081 eadem
1088 4029 1320 4090 nutriat,
1355 4029 1445 4083 cui
1473 4032 1725 4100 protinus
1756 4033 1991 4086 immun-

414 4111 575 4167 dities
603 4128 715 4167 non
746 4112 909 4177 adsit,
950 4115 1048 4169 sed
1080 4124 1267 4170 utatur
1288 4132 1414 4186 erga
1444 4111 1591 4173 illam
1624 4122 1744 4176 solo
1777 4122 1989 4177 meliori

412 4202 603 4266 verbo,
634 4203 759 4257 dico
788 4212 971 4259 autem
1006 4222 1115 4260 non
1147 4222 1214 4262 eo
1259 4209 1402 4277 quod
1437 4224 1532 4264 ore
1573 4211 1859 4280 emittitur,
1896 4214 1990 4268 sed

414 4292 561 4362 quod
598 4293 669 4347 ab
699 4295 907 4363 optimo
938 4310 1128 4351 eorum
1160 4314 1281 4368 quae
1319 4312 1445 4354 sunt
1475 4301 1864 4370 proficiscitur,
1894 4320 1992 4374 per

415 4383 682 4453 Optimum
714 4400 902 4439 eorum
934 4402 1056 4456 quae
1083 4387 1139 4441 in
1168 4389 1325 4444 nobis
1354 4399 1482 4446 sunt
1508 4393 1800 4451 bonorum.
1839 4394 1990 4451 Mens

415 4482 598 4530 autem
637 4476 751 4531 haec
779 4487 882 4539 est,
920 4495 1041 4548 qua:
1070 4480 1433 4538 instrumento
1471 4501 1579 4539 non
1610 4487 1834 4557 indiget.
1872 4508 1892 4540 ι
1931 4487 1988 4543 Si

2094 3303 2189 3353 καὶ
2217 3301 2606 3371 κεχωρισμένῳ
2635 3301 2872 3365 πάντων,
2916 3302 3034 3372 μεθ’
3062 3300 3121 3355 ὃν
3154 3302 3511 3373 γνωρίζεσθαι
3540 3307 3667 3370 τοὺς

2092 3389 2309 3453 λοιποὺς
2344 3391 2659 3458 ἀναγκαῖον,
2699 3393 2774 3461 μὴ
2804 3392 2919 3445 θύοι
2941 3409 2993 3444 τι
3016 3391 3113 3463 τὴν
3149 3392 3342 3464 ἀρχὴν,
3381 3396 3516 3466 μήτε
3538 3397 3669 3451 ἀνά-

2092 3499 2213 3534 πτοι
2238 3482 2370 3553 πῦρ,
2400 3484 2537 3554 μήτε
2562 3500 2614 3534 τι
2636 3483 2863 3537 καθόλου
2885 3484 2992 3537 τῶν
3019 3484 3291 3557 αἰσθητῶν
3319 3487 3663 3559 ὲπονομάζοι.

2092 3575 2274 3625 Δεῖται
2307 3572 2414 3643 γὰρ
2442 3572 2655 3636 οὐδενὸς
2679 3572 2797 3624 οὐδὲ
2827 3574 2976 3643 παρὰ
3004 3574 3110 3625 τῶν
3141 3575 3487 3645 κρειττόνων,
3510 3576 3669 3646 οἵπερ

2092 3666 2253 3733 ἡμεῖς
2290 3666 2475 3734 ἐσμενο
2503 3664 2612 3717 οὐδ’
2636 3663 2781 3716 ἔστιν
2812 3663 2842 3717 δ
2872 3665 2972 3734 τὴν
2995 3664 3167 3735 ἀρχὴν
3198 3664 3271 3734 γῆ
3297 3665 3479 3736 ἀνίησι
3503 3666 3669 3734 φυτὸν

2093 3755 2345 3828 ἢτρέςρει
2379 3753 2516 3820 ζῶον
2562 3755 2595 3826 ἢ
2642 3754 2772 3827 ἀὴρ,
2836 3749 2880 3823 ᾧ
2921 3755 2983 3808 οὐ
3033 3757 3293 3827 πρόσεστί
3325 3773 3388 3825 γε
3429 3757 3664 3828 μίασμαο

2095 3846 2242 3917 μόνῳ
2271 3846 2328 3899 δὲ
2361 3845 2541 3918 χρῷτο
2573 3845 2711 3918 πρὸς
2740 3846 2903 3900 αὑτὸν
2947 3848 3037 3901 ἀεὶ
3081 3848 3161 3918 τῷ
3199 3847 3468 3919 κρείττονι
3501 3847 3666 3919 λόγῳ,

2091 3938 2233 4007 λέγω
2259 3937 2316 3990 δὲ
2344 3937 2419 4009 τῷ
2442 3937 2517 4009 μὴ
2549 3937 2638 3991 διὰ
2667 3939 2932 4010 στόματος
2963 3940 3116 4005 ίέντι,
3153 3939 3302 4011 παρὰ
3332 3939 3387 3992 δὲ
3412 3938 3510 3992 τοῦ
3544 3940 3667 3992 καλ-

2091 4028 2271 4082 λίστου
2298 4026 2402 4080 τῶν
2420 4029 2589 4082 ὄντων
2621 4027 2711 4081 διὰ
2729 4028 2823 4082 τοῦ
2848 4029 3133 4083 καλλίστου
3160 4028 3255 4081 τοῦ
3285 4029 3342 4082 ὲν
3366 4031 3499 4099 ἡμῖν
3529 4027 3669 4083 δόντι

2090 4121 2158 4174 τὰ
2184 4121 2385 4191 ἀγαθά.
2414 4120 2557 4185 Νοῦς
2578 4120 2636 4174 δέ
2673 4123 2817 4173 ἐστιν
2845 4117 2998 4184 οὗτος
3028 4122 3260 4192 ὀργάνου
3302 4121 3376 4190 μὴ
3396 4121 3663 4191 δεόμενος.

2090 4212 2153 4265 Et
2188 4211 2253 4284 δὴ
2278 4207 2369 4265 οὖν
2398 4211 2568 4264 ταῦτα
2600 4210 2693 4262 καὶ
2723 4209 2860 4279 πρὸς
2888 4208 2994 4261 τῶν
3028 4209 3157 4278 παρ’
3194 4206 3415 4277 Ἕλλησι
3444 4208 3667 4279 διαπρε-

2091 4300 2208 4353 πῶν
2253 4300 2557 4370 φιλοσόφων
2596 4315 2656 4350 τε
2712 4297 2805 4350 καὶ
2851 4296 3115 4365 θεολόγων
3151 4296 3509 4366 ὁμολογεῖται,
3550 4297 3668 4360 πῶς

2091 4392 2157 4446 ἂν
2186 4391 2269 4462 είη
2304 4391 2501 4453 πλάνος
2536 4393 2565 4443 ὁ
2608 4388 2681 4460 μὴ
2713 4389 2872 4459 μόνον
2906 4387 3114 4455 λόγους,
3156 4387 3270 4439 ἀλλ’
3291 4387 3426 4459 ἔργα
3451 4387 3559 4441 τῶν
3584 4387 3671 4441 λό-

2089 4500 2201 4551 γων
2222 4484 2357 4536 πολὺ
2382 4482 2641 4553 πρότερον
2666 4484 2776 4543 τοῖς
2800 4481 3082 4550 φοιτηταῖς
3104 4479 3345 4531 ἐκτελεῖν
3370 4479 3667 4550 παραδοὺς,

415 4567 584 4639 igitur
616 4567 929 4624 Graecorum
958 4587 1174 4642 quoque
1217 4573 1480 4640 illustres,
1519 4585 1629 4631 tam
1679 4579 1987 4650 philosophi

2094 4578 2160 4630 δι’
2187 4573 2261 4630 ὧν
2308 4574 2449 4629 κατὰ
2488 4575 2577 4627 τὸν
2606 4572 2774 4645 ¹ὀρθὸν
2806 4571 2961 4640 λόγον
3001 4570 3222 4642 ἔμελλον
3256 4571 3577 4643 θεραπεύειν
3605 4571 3669 4627 τὸ

412 4675 579 4731 quam
611 4660 870 4734 theologi,
899 4663 1014 4719 hare
1043 4666 1394 4732 confitentur,
1425 4684 1664 4738 quonam
1699 4672 1863 4727 modo
1896 4686 1983 4729 se-

412 4751 610 4807 ductor
653 4754 759 4809 erit
816 4756 865 4810 is
919 4757 1014 4826 qui
1080 4773 1189 4812 non
1223 4759 1399 4813 solum
1462 4761 1650 4825 verba,
1708 4761 1803 4816 sed
1838 4764 1980 4819 facta

413 4845 585 4900 multo
650 4845 803 4916 prius
861 4864 1025 4917 quam
1094 4851 1260 4904 verba
1319 4850 1436 4906 suis
1486 4850 1794 4921 discipulis,
1859 4855 1988 4924 qui-

411 4934 514 4992 bus
557 4936 912 5007 fungerentur
968 4940 1283 4995 tradiderit!
1348 4949 1403 4995 et
1438 4943 1661 5012 quibus.
1724 4952 1784 4999 ut
1840 4954 1989 5001 recta

411 5028 551 5084 ratio
591 5029 770 5097 jubet,
804 5030 974 5085 Deum
1021 5032 1198 5102 ipsum
1245 5041 1431 5087 essent
1466 5035 1819 5088 veneraturi?
1869 5034 1991 5100 Quo

413 5126 594 5173 autem
628 5121 812 5183 modo,
844 5130 898 5177 et
929 5123 1130 5193 quibus
1159 5125 1465 5179 rationibus
1498 5126 1583 5181 usi
1616 5126 1668 5179 in
1702 5126 1989 5181 sacrificiis

410 5206 665 5262 dicantur
689 5213 858 5279 prisci
886 5210 1119 5281 Hebraei,
1150 5215 1203 5269 in
1233 5214 1409 5285 primo
1445 5216 1610 5286 hujus
1639 5219 1821 5287 operis
1853 5218 1991 5272 libro

410 5295 775 5355 disseruimus
803 5322 816 5357 :
851 5311 1015 5373 atque
1037 5306 1104 5360 iis
1132 5322 1254 5375 quae
1281 5308 1394 5363 illic
1423 5309 1569 5363 dicta
1594 5317 1721 5363 sunt
1746 5309 1990 5364 contenti

411 5404 536 5446 esse
574 5392 735 5464 106
774 5393 1060 5452 debemus.
1099 5394 1301 5453 Verum
1346 5401 1605 5470 quoniam
1661 5409 1857 5470 praeter
1899 5400 1991 5455 illa

411 5496 534 5549 quae
554 5483 668 5551 jam
695 5485 970 5554 disputata
1002 5498 1151 5555 sunt,
1186 5491 1441 5548 novimus
1473 5493 1552 5563 (id
1583 5492 1727 5565 quod
1764 5508 1793 5546 a
1822 5491 1988 5547 Chri-

413 5580 499 5630 Sto
538 5574 854 5648 didicimus)
909 5579 1115 5637 factum
1161 5599 1285 5640 esse
1336 5585 1621 5652 mundum,
1679 5586 1988 5658 cmlumque

488 5713 531 5745 "
585 5710 774 5769 Matth.
827 5717 998 5779 v.48.

488 5824 563 5892 (ι)
604 5822 722 5880 Lib.
769 5840 827 5879 ιι.

2091 4668 2276 4732 Θεῖον;
2308 4668 2494 4729 Ὅπως
2523 4666 2600 4728 δὲ,
2630 4666 2721 4717 καὶ
2747 4664 2856 4717 τίσι
2885 4661 3063 4732 λόγοις
3092 4664 3141 4715 ot
3169 4664 3387 4716 παλαιοὶ
3427 4663 3666 4734 Ἑϐραῖοι

2091 4757 2240 4811 θύειν
2275 4754 2720 4828 μνημονεύονται,
2751 4752 3084 4823 διειληφότες
3114 4754 3173 4806 ὲν
3205 4751 3280 4822 τῷ
3308 4750 3508 4824 πρώτῳ
3535 4771 3667 4824 συγ-

2092 4851 2380 4920 γράμματι
2419 4847 2518 4917 τῆς
2558 4847 2840 4917 παρούσης
2878 4843 3203 4906 ὑποθέσεως,
3239 4843 3468 4907 ἐκείνοις
3499 4845 3667 4915 ἀρκε-

2093 4939 2419 5010 σθησόμεθα.
2461 4939 2613 4991 Ἐπεὶ
2635 4938 2691 4992 δὲ
2718 4938 2855 5011 πρὸς
2875 4938 2989 4998 τοῖς
3013 4935 3396 5007 ἐξητασμένοις
3422 4935 3667 5006 ἔγνωμεν

2093 5033 2243 5103 παρὰ
2273 5032 2369 5085 τοῦ
2411 5033 2647 5105 Χριστοῦ
2691 5031 2973 5103 μαθόντες,
3008 5028 3092 5081 ὅτι
3120 5029 3345 5098 γενητὸς
3376 5031 3404 5082 ὁ
3440 5030 3664 5101 κόσμος,

2093 5124 2186 5176 καὶ
2225 5124 2307 5177 ὅτι
2349 5124 2579 5196 οὐρανὸς
2627 5122 2789 5185 αὐτὸς
2831 5121 2927 5175 καὶ
2968 5120 3139 5191 ἥλιος,
3180 5121 3273 5174 καὶ⁵
3318 5120 3534 5193 σελήνη,
3573 5124 3667 5177 καὶ

2092 5216 2284 5287 ἄστρα,
2330 5215 2467 5287 ἔργα
2499 5214 2635 5267 Θεοῦ
2672 5214 2949 5283 τυγχάνει,
2995 5214 3090 5268 καὶ
3120 5213 3201 5265 ὄτι
3231 5214 3337 5285 χρὴ
3371 5213 3445 5284 μὴ
3471 5213 3662 5278 ταῦτα,

2094 5307 2230 5362 ἀλλὰ
2248 5308 2339 5361 τὸν
2358 5307 2587 5377 ποιητὴν
2608 5305 2787 5358 αὐτῶν
2815 5306 3010 5364 σέόειν.
3041 5304 3339 5375 σκέψασθαι
3358 5305 3439 5358 δεῖ
3462 5305 3536 5377 μὴ
3557 5305 3664 5377 ἄρα

2093 5397 2451 5469 ἠπατήμεθα,
2497 5396 2683 5449 τοῦτον
2712 5397 2841 5469 παρ’
2877 5395 3043 5450 αὑτοῦ
3079 5395 3418 5465 διδαχθέντες
3449 5398 3665 5468 φρονεῖν

2091 5487 2183 5541 τὸν
2202 5487 2420 5560 τρόπον.
2448 5489 2557 5540 Καὶ
2589 5488 2695 5559 μὴν
2734 5487 2999 5560 Ἐϐραίων
3028 5490 3122 5541 καὶ
3151 5483 3306 5550 οὗτος
3333 5483 3400 5557 ἦν
3431 5487 3461 5539 ὁ
3484 5487 3661 5556 λόγος·

2095 5582 2186 5635 καὶ
2232 5580 2532 5649 φιλοσόφων
2575 5580 2633 5635 δὲ
2672 5582 2720 5634 οἱ
2771 5582 3006 5652 μάλιστα
3034 5581 3314 5648 διαφανεῖς
3343 5581 3455 5643 τοῖς
3483 5581 3665 5644 αὐτοῖς

2165 5822 2244 5890 (2)
2285 5822 2604 5891 Apollonius
2630 5823 2907 5891 Tyaneus,
2939 5831 2995 5877 ut
3025 5838 3090 5878 ex
3117 5823 3469 5888 sequentibus
3493 5826 3658 5888 patet.
