4126 6440
484 350 587 404 195

1398 344 2053 401 DEMONSTRATIONIS
2089 343 2544 400 EVANGELICIE
2585 344 2710 399 LIB.
2748 343 2834 399 ll].

3609 345 3714 405 {9|

481 463 902 536 συνηνέχθησαν,
939 462 1161 534 γενητὸν
1193 462 1288 515 καί⁵
1332 460 1491 514 αὑτὸν
1529 460 1619 513 τὸν
1660 460 1908 531 οὐρανὸν,
1949 460 2026 511 κα¹

2148 459 2322 526 ipsum
2348 465 2400 512 et
2424 459 2614 523 solem,
2643 468 2696 515 et
2723 462 2926 522 lunam,
2950 467 3005 515 ct
3027 460 3212 516 stellas
3237 474 3400 530 opera
3427 460 3516 515 Dei
3539 478 3664 520 esse
3690 483 3708 520 :

481 553 648 624 ήλιον,
683 555 778 607 καὶ
817 555 1063 625 σελήνην,
1110 554 1204 607 καὶ
1240 552 1433 623 ἄστρα,
1484 551 1578 604 καὶ
1624 550 1716 604 τὸν
1760 549 2045 619 σύμπαντα

481 645 681 715 κόσμον
714 645 844 716 πρὸς
873 645 964 697 τοῦ
992 645 1100 698 τῶν
1123 646 1256 697 ὅλων
1287 642 1509 714 ποιητοῦ
1543 641 1802 710 γεγονότα
1837 641 2047 708 ἀποφη-

482 738 716 807 νάμενοι.
766 736 923 789 Ἀλλά
961 738 1053 789 καὶ
1099 736 1424 799 συντέλειαν,
1471 735 1566 788 καί¹
1613 732 1915 804 μεταϐολὴν
1947 730 2046 801 τὴν

480 830 571 882 ἐπὶ
601 829 668 881 τὰ.
699 829 928 898 κρείττω
951 827 1104 880 τοῦδε
1136 828 1227 881 τοῦ
1261 827 1458 890 παντὸς
1493 825 1709 878 ἔσεσθαι
1743 823 2045 894 προσδοκᾷν

481 920 730 987 ἐδίδαξεν,
763 922 881 984 ταῖς
927 920 1190 992 Ἐϐραίων
1234 919 1326 972 καὶ
1357 919 1515 972 τοῦτο
1548 915 1862 976 ἀκολούθως
1905 914 2046 983 Γρα-

481 1016 622 1081 φαίς.
653 1015 716 1066 Τί
740 1009 870 1079 οὖν;
910 1013 1029 1084 οὐχὶ
1063 1015 1154 1066 καὶ
1185 1015 1213 1066 ὁ
1249 1010 1475 1064 Πλάτων
1516 1009 1726 1077 φύσεως
1757 1005 1922 1077 λυτῆς
1953 1007 2046 1058 καὶ

477 1105 720 1176 φθαρτῆς
749 1102 887 1158 οἶδεν
916 1105 1076 1158 αὐτόν
1110 1122 1170 1157 τε
1197 1103 1444 1174 οὐρανὸν,
1486 1102 1580 1155 καὶ
1617 1101 1788 1172 ἥλιον,
1831 1101 1925 1154 καὶ
1957 1117 2044 1152 σε·

475 1197 660 1268 λήνην,
701 1198 795 1251 καὶ
827 1198 950 1261 τοὺς
975 1196 1196 1257 λοιποὺς
1223 1195 1480 1264 ἀστέρας,
1516 1195 1563 1246 εί
1590 1194 1681 1246 καὶ
1711 1193 1785 1264 μὴ
1813 1193 2042 1263 λυθήσε-

477 1289 598 1344 σθαί
633 1305 762 1360 φησι
795 1288 984 1351 ταῦτα,
1008 1287 1084 1358 τῷ
1115 1287 1186 1358 μὴ
1217 1288 1307 1340 τὸν
1343 1285 1698 1358 συμπήξαντα
1727 1284 2038 1355 βούλεσθαι;

473 1383 520 1432 εἰ
548 1380 590 1433 δ’
615 1381 726 1451 ἄρα
759 1381 1037 1453 βουληθείη
1065 1377 1201 1434 εἶναι
1232 1379 1442 1449 φύσεως
1469 1378 1744 1448 τοιαύτης,
1779 1376 1954 1446 ψυχὴν
1984 1373 2040 1426 δὲ

472 1471 737 1525 ἀθάνατον
762 1472 904 1544 ἔχειν
927 1475 1072 1544 ἡμᾶς
1098 1473 1216 1526 κατ’
1240 1471 1388 1524 οὐδὲν
1420 1472 1515 1540 μὲν
1543 1469 1756 1540 ἐμφερῆ
1780 1469 1891 1530 τοῖς
1914 1465 2039 1518 ἁλό-

473 1581 587 1633 γοις
616 1563 792 1629 ζώοις,
819 1565 928 1618 τῶν
949 1565 1005 1618 δὲ
1029 1564 1122 1618 τοῦ
1143 1563 1276 1617 Θεοῦ
1295 1563 1572 1634 δυνάμεων
1597 1562 1865 1632 φέρουσαν
1887 1561 2041 1611 ἀπει-

471 1654 791 1724 κονίσματα,
819 1654 1030 1720 διδάξας
1054 1654 1321 1723 ἡγεῖσθαι,
1348 1651 1519 1715 οὕτως
1545 1652 1592 1703 τ’
1620 1650 1782 1720 ἔχειν,
1811 1649 1904 1703 καὶ
1926 1649 2040 1702 δια-

471 1747 702 1810 κεῖσθαι,
752 1746 844 1798 καὶ
890 1749 1104 1818 φρονεῖν
1144 1746 1320 1800 πάντα
1364 1745 1655 1816 βάρϐαρον,
1693 1745 1786 1796 καὶ
1823 1742 2036 1812 ἰδιώτην

2147 565 2322 618 neque
2353 551 2491 613 haec,
2523 551 2618 606 sed
2659 553 2854 606 horum
2885 561 3162 608 auctorem
3209 553 3388 608 colere
3435 563 3707 624 Oportere,

2147 641 2604 696 considerandum
2656 659 2778 699 esse
2821 643 3039 700 videtur
3083 661 3211 699 num
3255 646 3464 716 decepti
3513 649 3708 713 simus,

2145 733 2290 800 quod
2330 735 2386 786 in
2434 735 2581 789 hunc
2616 735 2834 789 modum
2867 736 2934 791 de
2966 744 3159 790 natura
3196 752 3376 792 rerum
3409 741 3611 795 sentire
3642 740 3714 796 ab

2145 823 2237 876 illo
2264 823 2409 877 docti
2443 841 2672 880 sumus:
2708 827 2853 896 alqui
2886 843 2993 881 non
3015 829 3189 882 solum
3221 828 3570 884 Hebraaorum
3594 831 3714 886 haec

2144 919 2247 972 fuit
2293 922 2492 984 oratio,
2542 923 2634 977 sed
2686 925 3133 994 phil050phorum
3184 941 3419 995 quoque,
3474 927 3710 984 maxime

2144 1009 2439 1064 illustrium
2472 1030 2485 1064 :
2514 1013 2606 1081 qui
2639 1029 2762 1066 cum
2796 1012 3038 1069 Hebra'is
3069 1016 3494 1082 consentientes,
3525 1025 3708 1072 ortum

2145 1101 2343 1156 habere
2365 1110 2420 1157 et
2441 1105 2638 1159 cmlum
2664 1106 2862 1175 ipsum,
2890 1112 2944 1160 et
2966 1107 3158 1172 solem,
3185 1114 3238 1161 et
3264 1107 3470 1173 lunam,
3498 1115 3552 1161 et
3578 1109 3710 1163 stel-

2143 1194 2246 1256 las,
2272 1195 2694 1266 universumque
2724 1196 2984 1251 mundum
3012 1198 3080 1251 ab
3109 1206 3330 1252 auctore
3350 1200 3590 1252 omnium
3621 1214 3709 1255 re—

2143 1299 2261 1336 rum
2301 1285 2502 1338 factum
2543 1301 2664 1341 esse
2711 1286 3147 1342 aﬂirmaverunt:
3189 1299 3440 1342 caeterum
3483 1289 3622 1344 idem
3651 1297 3707 1345 et

2141 1377 2666 1432 consummationem
2714 1386 2768 1432 et
2815 1380 3166 1434 mutationem
3222 1381 3274 1434 in
3311 1382 3523 1446 melius,
3580 1382 3706 1435 uni-

2143 1466 2280 1520 versi
2308 1466 2468 1535 hujus
2493 1467 2728 1523 futuram
2753 1478 2811 1523 ut
2835 1478 3272 1539 exspectaremus
3295 1472 3500 1534 docuit,
3517 1473 3572 1526 in
3603 1473 3705 1529 hoc

2140 1573 2357 1626 quoque
2408 1558 2756 1614 Hebraeorum
2805 1561 3095 1630 scripturis
3133 1562 3481 1617 consentiens
3519 1582 3531 1616 :
3570 1564 3702 1632 quid

2141 1647 2339 1715 igitur?
2379 1666 2557 1704 nonne
2594 1652 2755 1706 etiam
2799 1649 2954 1706 Plato
2997 1660 3188 1722 suapte
3216 1663 3412 1706 natura
3441 1660 3494 1706 et
3525 1653 3703 1722 ipsum

2140 1740 2360 1802 cmlum,
2397 1748 2449 1794 et
2482 1741 2673 1803 solem,
2703 1749 2757 1794 et
2789 1742 2993 1805 lunam,
3050 1759 3114 1797 ac
3142 1744 3347 1813 reliqua
3381 1744 3581 1805 sidera,
3613 1759 3705 1799 so-

473 1838 786 1900 παιδεύσας³
821 1833 907 1909 ἆρ’
949 1839 1068 1910 οὐχὶ
1118 1838 1454 1909 σοφωτέρους
1501 1837 1862 1908 ἀπείργασται
1912 1837 2026 1898 τοὺς

2142 1830 2328 1884 lutioni
2356 1833 2806 1901 corruptionique
2841 1833 3073 1887 obnoxia
3112 1850 3236 1889 esse
3260 1810 3419 1900 vidit,
3451 1838 3702 1905 quamvis

471 1929 592 1982 καθ’
619 1930 744 2001 ὅλης
776 1933 874 2000 τῆς
907 1930 1226 2001 οἰκουμένης
1257 1930 1325 1984 τά
1355 1930 1515 1984 αὐτοῦ
1548 1929 1896 2002 φρονοῦντας,
1930 1928 2037 1980 τῶν

470 2023 567 2086 τὰς
605 2022 774 2094 ὀφρῦς
807 2022 1221 2087 ἀνεσπακότωνς
1261 2022 1309 2074 οἳ
1347 2022 1514 2093 μηδὲν
1540 2021 1680 2075 κατὰ
1714 2020 1811 2092 τὴν
1851 2020 2037 2073 οὐσίαν

466 2113 740 2182 διαφέρειν
763 2115 1103 2184 ἀπεφήναντο
1123 2114 1346 2184 ἐμπίδος
1365 2133 1424 2166 τε
1447 2115 1541 2168 καὶ
1564 2114 1739 2183 εὐλῆς,
1758 2113 1851 2165 καὶ
1876 2112 2036 2182 μυίας

467 2205 564 2274 τὴν
593 2205 650 2254 ἐν
682 2202 990 2274 ἀνθρώποις
1027 2204 1224 2274 ψυχὴν,
1267 2203 1402 2257 ἀλλά
1430 2205 1525 2256 καὶ
1553 2204 1747 2272 ὄφεως,
1797 2202 1889 2254 καὶ
1928 2201 2037 2270 ἐχί-

463 2294 612 2364 δνης.
642 2297 841 2366 ἄρκτου
876 2313 934 2348 τε
964 2297 1056 2348 καὶ
1084 2295 1417 2365 παρδάλεως,
1445 2294 1538 2346 κα)⁸
1565 2295 1691 2355 συὸς
1713 2291 1890 2361 ψυχῆς
1914 2292 2034 2344 κατ’

463 2381 635 2446 οὐδὲν,
667 2385 788 2436 ὅσον
815 2383 906 2434 ἐπὶ
935 2383 1077 2452 λόγῳ
1106 2381 1318 2451 φύσεώς
1341 2399 1400 2434 τε
1423 2384 1516 2435 καὶ
1539 2380 1742 2446 οὐσίας,
1769 2381 1866 2451 τὴν
1889 2381 2035 2449 σφῶν

465 2473 644 2525 αὐτῶν
691 2473 798 2525 τῶν
847 2473 1296 2541 φιλοσοφωτάτων
1343 2471 1520 2542 ψυχὴν
1562 2471 1912 2526 διαλλάττεινο
1943 2473 2036 2526 καὶ

466 2564 609 2617 θείου
641 2565 698 2618 δὲ
729 2567 864 2636 πρὸς
896 2568 1106 2630 τούτοις
1149 2566 1529 2636 δικαιωτηρεου
1566 2565 1805 2635 συνεχῶς
1837 2568 2036 2637 ὑπομι-

469 2659 743 2727 μνήσκων,
777 2658 868 2710 καί
914 2657 1210 2728 μελλούσης
1250 2657 1466 2711 ἔσεσθαι
1493 2658 1745 2730 κρίσεως,
1785 2657 2035 2721 κολάσεις

463 2726 522 2803 τε
552 2751 646 2801 καὶ
672 2726 940 2821 τιμωρίας
961 2726 1362 2820 ἀπαραιτήτους
1382 2753 1493 2812 τοῖς
1522 2726 1770 2803 ἀσεϐέσιν
1797 2752 2034 2823 ὑπογρά-

463 2857 597 2908 φων,
623 2843 734 2903 τοῖς
754 2857 812 2891 τε
837 2840 1110 2892 εὐσεϐέσιν
1135 2840 1459 2908 ἐπαγγελίας
1479 2839 1612 2893 Θεοῦ
1632 2842 1847 2894 αἰωνίου
1865 2841 2028 2913 ζωῆς,

461 2932 554 2983 καὶ
575 2932 815 3002 οὐρανῶν
844 2931 1139 3000 βασιλείας,
1165 2933 1260 2985 καὶ
1288 2934 1382 2985 σὺν
1405 2932 1522 3003 Θεῷ
1549 2932 1821 3003 μακαρίας
1841 2933 2032 3000 διαγω-

459 3023 581 3092 γῆς,
611 3023 728 3076 τίνα
757 3023 822 3076 ἂν
851 3024 1190 3094 πλανήσειεν,
1219 3025 1339 3094 οὐχ).
1359 3023 1414 3077 δὲ
1449 3023 1644 3094 μᾶλλον
1667 3024 2031 3095 προτρέψαιτο

2136 1938 2198 1977 ea
2250 1938 2356 1977 non
2405 1923 2754 1979 dissolvenda
2805 1924 3173 1989 aﬂirmaverit,
3225 1934 3508 1996 propterea
3555 1926 3702 1996 quod

2139 2015 2284 2066 norit
2328 2016 2437 2079 ille,
2483 2016 2576 2086 qui
2623 2031 2685 2072 ea
2716 2019 3060 2087 composuit?
3103 2018 3257 2084 Quod
3302 2019 3348 2074 si
3381 2020 3476 2074 tali
3508 2029 3700 2075 natura

2137 2114 2389 2162 constare
2413 2124 2532 2172 nos,
2560 2111 3030 2180 immortalemque
3061 2112 3259 2166 habere
3289 2113 3545 2172 animam,
3577 2113 3704 2166 nul-

2138 2198 2296 2266 laque
2326 2198 2379 2250 in
2417 2211 2570 2267 parte
2611 2199 2788 2255 brutis
2831 2201 3159 2256 animalibus
3204 2202 3455 2265 similem,
3504 2205 3697 2266 voluit,

2135 2295 2188 2342 et
2218 2289 2475 2344 virtutum
2503 2305 2622 2359 quae
2646 2291 2698 2344 in
2728 2291 2839 2346 Deo
2870 2299 2997 2346 sunt
3026 2291 3322 2346 simulacra
3353 2294 3406 2346 in
3438 2308 3497 2348 sc
3521 2298 3700 2348 conti-

2135 2394 2265 2432 nere
2293 2379 2440 2432 illam
2469 2380 2722 2434 arbitrari
2749 2397 2848 2436 nos
2874 2382 3080 2445 docuit,
3105 2383 3292 2452 sicque
3317 2383 3514 2437 habere
3537 2391 3698 2452 atque

2135 2470 2274 2524 allici
2300 2481 2352 2526 et
2384 2486 2574 2540 sapere
2600 2487 2812 2534 omnes,
2851 2481 2905 2527 et
2947 2473 3210 2528 barbaros
3237 2481 3292 2528 et
3322 2474 3573 2541 vulgares
3606 2477 3696 2529 in-

2135 2562 2316 2616 stituit
2352 2581 2364 2616 :
2400 2576 2581 2616 nonne
2629 2565 2901 2632 sapientes
2949 2564 3121 2634 magis
3165 2564 3220 2618 in
3252 2571 3364 2619 toto
3399 2567 3531 2620 orbe
3565 2581 3697 2621 suos

2135 2661 2435 2707 sectatores
2464 2653 2724 2716 reddidit,
2759 2669 2920 2723 quam
2949 2655 2985 2707 ii
3019 2655 3111 2724 qui
3147 2656 3438 2729 supercilia
3468 2666 3695 2711 contra-

2131 2750 2218 2797 cta
2249 2750 2550 2808 ostentant,
2585 2745 2628 2800 si
2660 2745 2796 2798 nihil
2835 2745 2992 2815 plane
3038 2761 3100 2800 ea
3137 2756 3292 2816 parte
3322 2763 3429 2816 qua
3461 2753 3563 2809 est,
3591 2747 3697 2802 dif-

2133 2835 2274 2890 ferre
2307 2852 2337 2891 a
2379 2837 2574 2900 culice,
2621 2845 2710 2891 aut
2756 2838 3076 2899 vermiculo,
3113 2847 3206 2891 aut
3239 2854 3424 2893 musca
3455 2841 3692 2895 animam

2133 2926 2420 2981 humanam
2456 2928 2772 2982 afﬁrmant?
2818 2939 2910 2982 aut
2941 2929 2986 2982 si
3019 2945 3086 2984 ne
3115 2945 3144 2982 a
3171 2932 3442 3000 serpentis
3473 2932 3692 3000 quidem

2131 3026 2224 3072 aut
2247 3020 2462 3088 viperm,
2495 3028 2589 3074 aut
2617 3023 2749 3084 ursi,
2792 3029 2886 3073 aut
2927 3020 3186 3089 pardalis,
3222 3030 3315 3074 aut
3347 3022 3462 3076 suis
3489 3022 3691 3088 anima,

462 3114 709 3168 σπεύδειν
745 3115 842 3184 μὲν
882 3116 973 3168 ἐπὶ
1005 3115 1205 3186 ἀρετὴν
1237 3115 1344 3168 τῶν
1373 3116 1834 3186 προσδοκωμένων
1867 3117 2026 3170 ἕνεκα

2132 3113 2238 3164 ulla
2287 3126 2514 3180 prorsus
2546 3113 2600 3165 in
2649 3120 2822 3180 parte,
2857 3127 3010 3164 suam
3042 3112 3281 3180 ipsorum
3309 3111 3567 3177 animam,
3598 3112 3693 3181 qui

457 3208 568 3267 τοῖς
614 3206 892 3258 εὐσεϐέσιν
937 3206 1215 3270 ἐπάθλων,
1278 3205 1679 3278 ἀποτρέπεσθαι
1734 3206 1791 3258 δὲ
1845 3208 2024 3277 πάσης

458 3295 652 3358 κακίας
701 3296 788 3348 διὰ
836 3295 933 3358 τὰς
984 3297 1366 3366 ὲπηρτημένας
1418 3299 1529 3359 τοῖς
1579 3296 1798 3351 ἀσεϐέσι
1852 3314 2023 3367 τιμω-

459 3386 607 3456 ρίας;
668 3386 756 3438 Ἐν
788 3389 898 3448 τοῖς
929 3386 1274 3456 δογματικοῖς
1301 3386 1408 3440 τῶν
1436 3387 1599 3440 αὑτοῦ
1628 3387 1800 3456 λόγων
1829 3404 2024 3458 παρει-

457 3475 706 3546 λήφαμεν
749 3474 884 3529 εἶναί
930 3495 1078 3540 τινας
1122 3477 1256 3548 μετά
1306 3477 1395 3529 τὸν
1442 3477 1702 3532 ἀνωτάτω
1754 3478 1887 3531 Θεὸν
1933 3479 2024 3531 δυ-

457 3566 683 3635 νάμεις,
743 3569 1064 3637 ἀσωμάτους
1118 3569 1217 3638 τὴν
1275 3568 1434 3638 φύσιν
1493 3571 1586 3622 καὶ
1644 3569 1871 3639 νοεράς,
1931 3568 2021 3621 λοε-

457 3655 618 3724 γικάς
666 3673 724 3708 τε
762 3657 854 3709 καὶ
897 3658 1265 3728 παναρέτους,
1299 3658 1390 3710 τὸν
1451 3657 1796 3728 παμϐασιλέα
1833 3674 2023 3728 χορευ-

455 3746 650 3810 ούσας,
721 3740 796 3800 ὧν
849 3748 1062 3811 πλείους
1139 3750 1232 3802 καί⁸
1303 3747 1462 3818 μέχρι
1523 3746 1824 3818 ἀνθρώπων
1901 3747 2021 3800 νεύ-

458 3853 586 3906 ματι
629 3836 723 3889 τοῦ
774 3838 986 3908 Πατρδς
1040 3839 1128 3892 διά
1179 3855 1331 3900 τινας
1377 3837 1675 3908 σωτηρίους
1715 3837 2021 3906 οἰκονομίας

454 3929 810 3984 ἀπεστάλθαιο
859 3929 924 3994 ἃς
972 3931 1035 4001 δὴ
1089 3929 1372 4000 γνωρίζειν
1419 3930 1513 3982 καὶ
1560 3931 1724 3999 τιμᾷν
1776 3929 1916 3982 κατά
1959 3931 2020 3983 τὸ

456 4022 650 4094 μέτρον
686 4022 784 4091 τῆς
813 4020 968 4084 ἀξίας
998 4020 1368 4091 ἐδιδάχθημεν,
1407 4021 1552 4091 μόνῳ
1578 4020 1655 4090 τῷ
1691 4020 2020 4090 παμϐασιλεῖ

451 4111 570 4180 Θεῴ
613 4111 712 4182 τὴν
768 4112 1061 4184 σεϐάσμιον
1104 4113 1268 4183 τιμὴν
1312 4111 1689 4182 ἀπονέμοντες.
1721 4114 1838 4165 Ἔτι
1881 4113 2016 4184 πρὸς

449 4201 657 4263 τούτοις
687 4200 928 4270 ἔγνωμεν
977 4202 1103 4266 παρ’
1133 4200 1294 4253 αὐτοῦ
1327 4201 1587 4271 μαθόντες
1629 4201 1891 4272 πολεμίας
1931 4218 2014 4254 τι-

449 4295 546 4357 νάς
589 4297 681 4348 καὶ
729 4295 928 4366 ἐχθρὰς
970 4296 1062 4349 τοῦ
1116 4295 1450 4368 ἀνθρωπείου
1497 4296 1685 4364 γένους
1732 4297 1876 4367 ἀμφὶ
1924 4296 2014 4349 τὸν

449 4383 576 4453 περὶ
626 4386 729 4456 γῆν
790 4386 928 4455 ἀέρα
980 4385 1280 4449 πωτᾶσθαι,
1325 4387 1418 4439 καὶ
1466 4387 1562 4440 σὺν
1604 4388 1715 4449 τοῖς
1755 4389 2012 4458 πονηροῖς

2130 3202 2517 3270 sapientissimi
2549 3201 2773 3266 fuerint,
2803 3213 3074 3273 quatenus
3110 3212 3361 3258 naturam
3405 3204 3567 3258 habet
3610 3212 3693 3257 at-

2128 3309 2233 3362 que
2261 3303 2365 3354 est,
2410 3293 2683 3348 diversam
2729 3296 2891 3350 csse?
2920 3296 2985 3350 ad
3028 3296 3161 3358 haec,
3199 3311 3324 3350 cum
3362 3295 3463 3351 fori
3495 3297 3688 3359 divini,

2121 3384 2423 3454 judiciique
2453 3384 2620 3438 futuri
2655 3385 2932 3440 assiduam
2962 3388 3288 3441 mentionem
3321 3386 3532 3450 fecerit,
3567 3401 3692 3456 sup

2127 3478 2392 3547 pliciaque
2418 3491 2480 3531 ac
2512 3492 2703 3546 poenas
2732 3477 3072 3532 inevitabiles
3107 3477 3289 3546 impiis
3311 3476 3686 3547 descripserit,

2119 3569 2283 3636 justis
2312 3583 2440 3622 vero
2482 3574 2740 3622 aeternam
2781 3583 2810 3620 a
2845 3566 2956 3622 Deo
2995 3569 3156 3620 vitam
3203 3568 3465 3636 promitti,
3503 3577 3557 3621 et
3595 3583 3687 3623 re-

2123 3673 2285 3726 gnum
2321 3658 2564 3720 caeleste,
2609 3662 2663 3709 et
2710 3654 2918 3710 felicem
2955 3671 3078 3709 cum
3132 3656 3250 3725 ipso
3299 3655 3408 3710 Deo
3458 3657 3684 3722 victum,

2123 3747 2371 3800 docuerit
2404 3766 2415 3800 :
2448 3763 2607 3815 quem
2632 3747 2847 3800 tandem
2871 3747 3122 3814 decipere
3146 3747 3357 3814 potuit?
3385 3762 3566 3800 nonne
3588 3761 3688 3816 po-

2125 3837 2233 3891 tius
2258 3837 2577 3891 adhortatus
2601 3846 2684 3892 est
2706 3851 2892 3890 eorum
2917 3835 3259 3904 praemiorum
3283 3851 3472 3897 causa,
3505 3851 3626 3906 quae
3652 3851 3684 3890 a

2116 3925 2282 3994 justis
2311 3933 2699 3995 exspectantur
2721 3927 2774 3978 in
2802 3926 3056 3980 virtutem
3075 3926 3507 3979 incumbere?ab
3533 3926 3681 3980 omni

2121 4031 2248 4070 vero
2279 4017 2481 4070 malitia
2514 4018 2798 4080 deterruit,
2831 4025 3051 4087 pr0pter
3096 4016 3469 4088 impendentes
3499 4019 3682 4089 impiis

2119 4112 2351 4181 ptcnas?
2383 4110 2555 4165 Porro
2591 4119 2771 4165 autem
2801 4127 2867 4166 ex
2907 4112 3054 4166 illius
3089 4111 3324 4166 decretis
3369 4113 3681 4181 accepimus

2115 4218 2238 4258 esse
2273 4204 2535 4272 quasdam
2569 4213 2689 4274 post
2714 4218 3025 4273 supremum
3057 4201 3222 4258 Deum
3258 4211 3556 4273 potestates
3579 4219 3680 4257 na-

2117 4301 2237 4347 tura
2287 4296 2657 4364 incorporeas,
2719 4294 3101 4364 intelligentes,
3163 4295 3456 4350 rationales
3502 4297 3681 4349 omni-

2116 4401 2220 4452 que
2251 4387 2452 4438 virtute
2495 4385 2772 4455 praeditas,
2823 4400 2944 4455 qua:
2987 4387 3192 4439 circum
3224 4401 3404 4457 regem
3437 4386 3679 4442 universi

446 4476 739 4548 διατρίϐειν
772 4477 1026 4547 δυνάμεις
1052 4477 1334 4546 δαιμόνων,
1365 4478 1456 4531 καὶ
1482 4479 1806 4548 πνευμάτων
1849 4495 2012 4548 πονη-

2127 4473 2271 4542 [07
2308 4473 2505 4528 choros
2557 4482 2842 4529 exerceant
2899 4491 2914 4529 :
2967 4490 3196 4545 quarum
3268 4476 3454 4545 plures
3515 4478 3679 4530 etiam

449 4565 579 4637 ρῶν,
609 4567 703 4620 καὶ
739 4568 847 4619 τῶν
878 4569 936 4619 ὲν
960 4567 1168 4628 τούτοις
1199 4569 1493 4638 ἀρχόντων,
1525 4566 1618 4629 οὒς
1648 4567 1808 4618 παντὶ
1836 4565 2011 4619 σθένει

447 4655 666 4725 φεύγειν
721 4657 1152 4729 πεπαιδεύμεθαο
1211 4661 1259 4711 εἰ
1289 4659 1382 4710 καὶ
1443 4660 1524 4710 ὅτι
1588 4656 1820 4728 μάλιστα
1875 4657 2012 4711 θεῶν

447 4750 811 4822 προσηγορίας
856 4755 950 4804 καὶ
998 4752 1161 4822 τιμὰς
1200 4754 1410 4816 ἑαυτοῖς
1443 4752 1838 4823 ὑφαρπάζουσι·
1881 4752 2011 4805 ταύ-

444 4856 544 4912 της
585 4842 630 4894 δ’
661 4839 753 4896 οὖν
804 4843 884 4897 ἔτι
920 4844 1114 4915 μᾶλλον
1153 4845 1253 4912 τῆς
1285 4845 1577 4915 θεομαχίας
1625 4845 1719 4898 καὶ
1765 4845 1862 4916 τῆς
1893 4844 2010 4897 θεο-
2066 4915 2070 4919 ,

443 4943 663 5015 εχθρίας
709 4945 891 5000 ἕνεκεν
933 4948 1336 5019 ἀποτρεπταίας
1383 4943 1541 5010 εἶναι,
1577 4947 1708 5028 ⁶καθ’
1740 4947 1806 5010 ἃς
1843 4948 1900 5000 ὲν
1939 4951 2006 5018 τῇ

440 5032 914 5116 Προπαράσκευῇ
967 5047 1309 5120 πεποιήμεθα
1347 5046 1434 5100 διά
1478 5047 1742 5100 πλείστων
1789 5049 2006 5131 ἀποδεί-

440 5144 571 5211 ξεις.
608 5146 842 5198 Τοιαῦτα
869 5145 1003 5200 ἄττα
1038 5147 1288 5217 τυγχάνει
1320 5148 1413 5200 καὶ
1445 5147 1502 5198 ἐν
1528 5148 1638 5208 τοῖς
1661 5145 2006 5216 δογματικοῖς

405 5250 408 5254 ί
441 5248 721 5321 μαθήμασι
743 5246 836 5300 τοῦ
857 5248 1103 5319 Σωτῆρος
1127 5247 1282 5318 ἡμῶν
1305 5247 1702 5319 ἀναφερόμενα,
1734 5247 2002 5315 Ἐϐραίων

434 5352 544 5406 τῶν
570 5351 734 5406 πάλαι
768 5347 1026 5418 θεοφιλῶν
1058 5349 1264 5419 ἀνδρῶν
1299 5365 1360 5400 τε
1401 5349 1493 5402 καὶ
1534 5350 1823 5420 προφητῶν
1857 5349 2003 5402 ἀντι-

435 5465 572 5520 κρυς
623 5449 815 5519 εὐσεϐῆ
870 5446 1226 5517 παιδεύματα.
1265 5449 1327 5500 Εἰ
1353 5447 1418 5519 δὴ
1463 5444 1554 5501 οῦν
1591 5448 1760 5502 ταῦτα
1804 5448 1998 5521 σεμνὰ,

433 5551 484 5603 σί
515 5548 784 5620 ὠφέλιμα,
813 5550 861 5601 εἰ
889 5547 1168 5618 φιλόσοφα,
1199 5548 1247 5598 εἰ
1286 5547 1484 5618 ἀρετῆς
1529 5548 1718 5618 μεστὰ,
1751 5548 1891 5602 τίσιν
1933 5548 1999 5602 ἂν

432 5650 666 5719 εὐλόγως
709 5652 738 5703 ὁ
787 5649 992 5703 τούτων
1040 5648 1357 5711 διδάσκαλος
1405 5649 1757 5720 ὲπιγράφοιτο
1802 5653 1862 5706 τὺ
1903 5651 1996 5706 τοῦ

433 5751 632 5807 πλάνου
653 5751 856 5820 δνομα;
899 5749 1056 5804 Ἀλλά
1081 5749 1250 5803 ταῦτα
1307 5749 1405 5820 μὲν
1427 5747 1501 5812 ὡς
1535 5753 1664 5821 περὶ
1690 5751 1866 5806 κοινοῦ
1895 5753 1996 5824 τήν

2118 4579 2290 4634 usque
2317 4564 2385 4618 ad
2424 4565 2674 4622 homines
2709 4567 2879 4634 ipsius
2910 4567 3084 4637 patris
3125 4575 3284 4631 nutu,
3317 4567 3554 4636 quadam
3587 4585 3676 4622 sa-

2117 4655 2278 4709 lutari
2329 4656 2696 4726 dispositione,
2736 4659 3042 4723 mittantur,
3083 4675 3328 4729 quasque
3377 4666 3432 4714 et
3479 4674 3679 4730 cogno-

2115 4764 2290 4813 scere,
2322 4759 2376 4804 et
2408 4751 2655 4805 venerari
2689 4766 2787 4820 pro
2819 4751 3048 4815 ratione,
3081 4751 3360 4822 graduque
3394 4751 3677 4821 dignitatis

2113 4841 2288 4895 edocti
2336 4856 2547 4905 sumus,
2590 4848 2648 4895 ut
2687 4841 2788 4898 soli
2825 4841 2954 4905 Deo,
2989 4844 3080 4912 qui
3127 4858 3222 4901 rex
3272 4850 3357 4898 est
3408 4843 3672 4906 universi,

2114 4933 2449 4990 adorationis
2496 4935 2757 4990 honorem
2803 4935 3128 4990 tribuamus.
3164 4934 3247 4987 Ab
3296 4932 3486 4988 eodem
3535 4948 3674 5002 pra:-

2112 5031 2255 5080 terea
2285 5025 2595 5088 didicimus,
2626 5027 2850 5081 hostiles
2879 5025 3141 5096 quasdam
3181 5024 3538 5093 inimicasque
3563 5023 3671 5078 bu-

2111 5116 2255 5169 mani
2289 5117 2524 5186 generis,
2559 5132 2656 5187 per
2681 5117 2846 5178 hunc,
2887 5118 2981 5187 qui
3011 5117 3216 5170 circum
3257 5123 3456 5169 terram
3484 5130 3672 5172 versa-

2111 5214 2219 5273 tur,
2249 5223 2449 5270 aercm,
2483 5210 2666 5263 volare
2689 5217 2986 5278 potestates
3008 5209 3311 5262 daemonum
3341 5207 3666 5276 spirituum-

2107 5313 2213 5366 que
2243 5299 2529 5362 malorum,
2573 5313 2890 5368 eorumque,
2924 5299 3018 5368 qui
3050 5299 3105 5352 in
3153 5297 3258 5353 illis
3301 5298 3663 5369 principatum

2106 5399 2310 5452 tenent,
2341 5406 2460 5460 quae.
2486 5406 2609 5444 cum
2645 5393 2804 5445 malis
2839 5389 3148 5445 hominibus
3183 5398 3490 5456 versentur,
3529 5405 3666 5460 quas

2105 5489 2165 5536 ut
2199 5485 2344 5536 omni
2380 5492 2576 5538 conatu
2606 5484 2900 5552 fugiamus,
2942 5483 2997 5535 in
3035 5484 3320 5552 praeceptis
3360 5483 3662 5540 habemus:

2103 5572 2319 5627 tametsi
2345 5575 2429 5627 vel
2471 5587 2633 5642 quam
2667 5573 2899 5628 maxime
2927 5573 3152 5626 deorum
3185 5574 3575 5644 appellationes
3609 5582 3666 5628 et

2101 5664 2281 5719 cultus
2310 5664 2414 5718 sibi
2436 5664 2569 5734 ipsis
2593 5673 2868 5734 arrogant,
2899 5665 3176 5736 multoque
3203 5666 3364 5720 etiam
3395 5666 3567 5737 magis
3591 5665 3663 5721 ab

2101 5753 2210 5810 illis
2265 5768 2387 5809 esse
2424 5752 2829 5819 declinandum,
2869 5761 3092 5825 propter
3132 5756 3272 5812 hanc
3318 5757 3490 5825 ipsam
3534 5772 3658 5812 cum
