4126 6436
414 334 517 392 135
1050 329 1321 386 EUSEBII
1351 324 1835 384 CESARIENSIS
1867 326 2019 384 OPP.
2060 324 2245 381 PARS
2277 323 2345 379 ll.
2387 354 2456 367 —
2495 319 2997 379 APOLOGETICA.
3559 320 3656 376 196

414 451 524 503 Deo
554 445 990 518 repugnantiam,
1020 444 1230 514 hasque
1276 441 1541 497 adversus
1588 441 1756 497 Deum
1804 442 1981 496 inimi-

2092 442 2246 512 φύσιν
2290 438 2581 512 ἀνθρώπου
2623 440 2759 499 τέως
2790 436 3090 508 ἐξητάσθω,
3131 448 3515 508 παραστατικα
3561 438 3652 509 τῆς

413 538 573 594 citius
603 535 1094 608 :quemadmodum
1133 534 1297 589 latius
1341 534 1394 587 in
1439 532 1845 601 Prwparatione
1885 533 1981 588 de-

2092 534 2291 605 σεμνῆς
2317 532 2412 586 καὶ
2429 530 2721 602 βιωφελοῦς
2746 527 3088 593 διδασκαλίας
3112 527 3278 583 αὐτοῦ
3306 528 3639 599 τυγχάνοντα

414 631 861 685 monstravimus.
920 627 1064 682 Sane
1112 625 1493 695 hujuscemodi
1541 633 1692 690 sunt,
1744 641 1868 696 qua:
1925 625 1981 680 in

2092 628 2244 699 11)έρε,
2277 626 2341 697 δὴ
2373 624 2468 678 καὶ
2500 623 2569 677 τά
2594 623 2838 694 θειότερα
2872 619 3219 692 σκεψώμεθα.

415 722 694 792 praeceptis
755 731 916 791 atque
979 721 1249 776 institutis
1292 717 1594 773 Salvatoris
1657 719 1833 775 nostri
1886 719 2155 788 feruntur,
2206 735 2333 775 vere
2382 718 2688 788 priscorum
2752 716 3119 777 Hebrzeorutu,
3174 716 3267 785 qui
3326 715 3438 772 Deo
3511 712 3657 787 grati

415 813 586 875 fuere,
630 822 743 866 tum
776 814 1037 877 virorum,
1095 819 1210 866 tum
1253 812 1660 883 prophetarum,
1705 813 1793 883 pia
1850 823 2147 883 sanctaque
2199 812 2544 867 documenta.
2575 808 2731 876 Quod
2797 810 2842 864 si
2906 808 3020 863 haec
3062 810 3383 878 gravitatem
3431 808 3658 871 habent,

413 909 458 962 si
513 907 825 970 utilitatem,
885 905 931 960 si
984 904 1225 959 studium
1274 904 1577 973 sapientiae,
1635 904 1682 957 si
1735 903 1971 973 denique
2007 904 2156 957 enini
2215 903 2417 958 virtute
2474 899 2675 957 referta
2706 906 2877 954 sunt:
2914 914 3024 970 quo
3049 899 3265 954 tandem
3299 900 3441 967 jure.
3477 916 3653 970 quave

414 996 626 1052 ratione
669 996 741 1062 ei,
794 995 889 1065 qui
926 995 1057 1049 talia
1102 994 1373 1057 docuerit,
1423 995 1733 1049 ascribatur
1778 1009 1977 1049 nomen
2018 993 2356 1050 seductoris?
2388 999 2444 1049 et
2475 992 2588 1047 haec
2633 990 2852 1061 quidem
2891 998 3150 1061 tanquam
3186 990 3254 1046 de
3303 1006 3369 1045 eo
3409 990 3651 1058 homine,

415 1090 509 1159 qui
572 1106 601 1144 a
641 1088 856 1144 caeteris
902 1095 1099 1142 natura
1147 1103 1256 1141 non
1290 1086 1525 1152 differat,
1560 1088 1835 1159 disputata
1885 1089 2017 1153 sint,
2059 1104 2180 1159 qua:
2219 1088 2471 1143 videlicet
2501 1094 2557 1142 et
2607 1100 2847 1158 gravem,
2895 1092 2950 1140 et
2997 1084 3102 1154 ipsi
3134 1084 3258 1139 vita:
3285 1086 3472 1141 utilem
3513 1089 3654 1144 illius

419 1182 725 1237 doctrinam
766 1178 1059 1234 exhibeant
1090 1196 1104 1232 :
1138 1194 1287 1233 nunc
1325 1194 1390 1235 ea
1429 1196 1552 1251 quae
1595 1183 1769 1251 magis
1802 1181 1987 1236 divina
2021 1182 2152 1247 sint,
2180 1178 2613 1235 consideremus.

697 1314 788 1373 IV.
831 1316 908 1371 De
932 1316 1272 1372 divinioribus
1301 1316 1500 1373 Christi
1526 1320 1705 1389 gestis.

487 1434 568 1489 Ac
602 1434 838 1505 primum
861 1434 1101 1488 omnium
1126 1433 1577 1502 contemplemur,
1608 1448 1718 1502 quo
1744 1440 1988 1503 tempore

416 1533 670 1582 versatus
689 1532 775 1580 est
813 1539 937 1579 eum
979 1524 1310 1587 hominibus,
1343 1532 1498 1594 quot,
1532 1526 1821 1593 qualiaque
1850 1525 1983 1588 sint,

418 1632 542 1687 quae
570 1614 892 1669 mirabiliter
936 1613 1185 1683 gesserit,
1233 1628 1377 1666 nunc
1411 1612 1629 1681 quidem
1671 1613 1875 1681 lepram
1918 1611 1986 1667 de

419 1708 744 1778 corporibus
770 1706 1016 1775 eiiciens,
1046 1720 1223 1775 eaque
1251 1705 1515 1763 divinitus
1547 1719 1806 1775 purgans,
1837 1720 1987 1759 nunc

2119 1320 2192 1371 A'.
2226 1316 2364 1383 Περὶ
2395 1313 2514 1368 τῶν
2545 1313 2854 1382 θειοτέρων
2902 1313 3090 1382 ἔργων
3120 1311 3307 1367 αὐτοῦ
3344 1310 3623 1380 Χριστοῦ.

2155 1431 2265 1484 Καὶ
2287 1429 2350 1502 δὴ
2383 1429 2728 1501 σκεψώμεθα,
2765 1430 2905 1483 ὅσων
2941 1430 3036 1482 καὶ
3061 1429 3187 1482 οἴων
3218 1430 3313 1482 σὺν
3354 1427 3656 1501 ἀνθρώποις

2085 1522 2183 1586 τὰς
2210 1522 2486 1594 διατριϐὰς
2515 1522 2903 1591 πεποιημένος,
2935 1519 3249 1593 παραδόξων
3287 1521 3476 1590 γέγονε
3505 1539 3649 1592 nou;-

2086 1607 2181 1679 τὴς
2214 1609 2412 1680 ἔργων,
2441 1610 2561 1663 τοτὲ
2602 1609 2701 1680 μὲν
2733 1608 2967 1680 λεπροὺς
3006 1609 3067 1662 τὸ
3100 1610 3255 1680 σῶμα
3284 1610 3509 1681 δυνάμει
3540 1610 3656 1684 θείᾳ

2086 1702 2383 1773 καθαίρων,
2434 1702 2555 1756 τοτὲ
2619 1702 2677 1755 δὲ
2748 1701 3123 1773 προστάγματι
3195 1702 3352 1771 λόγου
3406 1705 3533 1767 τοὺς
3598 1705 3658 1759 ἐν

419 1814 553 1854 vero
576 1799 736 1867 jussu
762 1797 912 1852 verbi
935 1797 1208 1851 daemonas
1233 1811 1296 1850 ex
1332 1794 1646 1850 hominibus
1666 1797 1945 1865 expellens
1969 1814 1981 1849 :

2092 1793 2392 1865 ἀνθρώποις
2425 1794 2683 1865 δαίμονας
2718 1793 2978 1857 ἐλαύνων,
3018 1795 3113 1847 καὶ
3146 1794 3333 1849 ἄλλοτε
3381 1797 3542 1850 πάλιν
3569 1815 3657 1852 νο-

422 1890 560 1945 alias
598 1904 792 1943 rursus
818 1887 1229 1959 aegrotantibus,
1264 1886 1522 1956 omnique
1550 1887 1871 1956 languorum
1900 1903 1991 1955 ge-

422 1995 555 2034 nere
594 1979 989 2040 laborantibus,
1022 1978 1309 2032 sanitatem
1362 1975 1578 2029 abunde
1612 1976 1986 2045 suppeditans.

422 2069 669 2137 Quodam
736 2085 863 2125 vero
913 2076 1158 2138 tempore
1222 2068 1385 2121 etiam
1450 2067 1752 2137 paralytico
1809 2066 1987 2120 dixit:

431 2179 451 2212 ι
481 2160 721 2232 Surgens
747 2162 876 2216 tolle
915 2162 1198 2230 grabatum
1238 2166 1389 2213 tuum
1421 2165 1475 2213 et
1504 2158 1722 2213 ambula
1749 2158 1817 2222 “,
1852 2177 1871 2210 ι
1906 2166 1989 2211 at-

419 2268 529 2322 que
576 2254 665 2308 ille
708 2252 852 2322 quod
898 2252 1224 2322 imperatum
1267 2260 1351 2305 est
1388 2249 1540 2305 fecit.
1571 2249 1785 2305 Rursus
1827 2251 1990 2307 caicis

421 2347 529 2399 alio
549 2354 813 2415 tempore,
840 2343 1089 2399 videndae
1121 2344 1261 2398 lucis
1292 2342 1607 2398 facultatem
1632 2343 1863 2413 largitus
1885 2352 1985 2399 est.

419 2434 559 2491 Olim
598 2450 727 2490 vero
771 2433 966 2489 mulier
1010 2448 1133 2503 quae
1164 2432 1449 2503 sanguinis
1494 2431 1643 2486 lluxu
1678 2432 1983 2496 laborabat,

419 2536 473 2582 et
505 2541 679 2581 annos
701 2526 970 2595 plurimos
1004 2539 1069 2580 eo
1098 2516 1296 2594 genere
1334 2522 1511 2578 morbi
1545 2523 1866 2588 vexabatur,
1896 2523 1990 2578 ubi

419 2618 557 2674 vidit
613 2616 1065 2672 innumerabilem
1117 2618 1321 2671 circum
1368 2616 1520 2670 illum
1566 2615 1988 2680 multitudinem,

420 2725 545 2780 quae
577 2724 850 2778 nusquam
901 2708 1249 2779 permittebat
1302 2715 1362 2763 ut
1396 2707 1462 2763 ad
1508 2707 1660 2761 illum
1710 2707 1991 2762 accederet

427 2818 493 2857 ac
537 2802 890 2872 supplicaret,
923 2801 1415 2871 liberationemque
1462 2816 1493 2854 a
1531 2801 1721 2855 morbo
1758 2806 1988 2870 peteret,

423 2901 725 2948 extremum
778 2894 926 2949 illius
980 2897 1360 2948 vestimentum
1418 2893 1683 2962 attingere
1730 2891 1992 2945 duntaxat

422 2984 700 3054 cogitavit,
743 2985 905 3055 108
931 2993 1095 3053 atque
1148 2985 1220 3038 ita
1268 2984 1470 3051 subiit;
1500 2984 1833 3052 limbumque
1864 2996 1988 3036 eum

421 3077 896 3147 apprehendisset,
926 3092 1033 3130 una
1077 3092 1199 3131 eum
1236 3092 1303 3132 eo
1345 3077 1682 3131 curationem
1722 3075 1987 3129 malorum

2096 1887 2472 1958 σηλευομένοις
2503 1889 2775 1951 παντοίοις
2797 1887 3087 1942 ἀσθενειῶν
3126 1888 3290 1942 εἴδεσι
3318 1906 3658 1945 καταπονου-

2097 1979 2280 2049 μένοις
2305 1978 2403 2049 τὴν
2435 1980 2576 2033 ἴασιν
2604 1978 2848 2049 ἀφθόνως
2870 1980 3227 2051 δωρούμενος.
3258 1983 3367 2035 Καὶ
3399 1984 3528 2036 ποτὲ
3560 1984 3659 2054 μὲν

2094 2069 2262 2139 ἔφησε
2295 2069 2648 2140 παραλυτικῷ
2667 2086 2681 2100 ·
2722 2089 2740 2120 ι
2782 2071 3038 2133 Ἀναστὰς
3071 2066 3201 2141 ἆρον
3233 2073 3323 2125 τὸν
3352 2073 3659 2145 κράϐϐατόν

2096 2177 2209 2226 σου,
2237 2163 2330 2215 καὶ
2356 2162 2643 2233 περιπάτει
2672 2178 2685 2189 ·
2716 2179 2735 2211 ι
2773 2163 2802 2213 ὁ
2827 2161 2883 2215 δὲ
2922 2161 2982 2214 τὺ
3012 2161 3296 2216 κελευσθὲν
3326 2165 3516 2218 ἐποίει.
3553 2166 3661 2223 Τυ-

2094 2255 2244 2325 φλοῖς
2270 2254 2328 2307 δὲ
2362 2254 2519 2307 πάλιν
2544 2253 2728 2307 ἄλλοτε
2770 2253 2838 2306 τά
2871 2253 3135 2323 βλεπτικά
3160 2253 3252 2306 τοῦ
3279 2255 3453 2323 φωτὸς
3477 2257 3661 2327 ἐχαρί⁶

2094 2347 2234 2411 ζετο.
2264 2345 2402 2415 Ἤδη
2433 2344 2493 2398 δέ
2529 2361 2659 2399 ποτε
2701 2346 2795 2398 καὶ
2836 2345 3206 2418 αἱμορροοῦσα
3250 2347 3387 2418 γυνὴ
3423 2351 3659 2420 μακραῖς

2093 2437 2230 2492 ἐτῶν
2275 2436 2541 2508 περιόδοις
2577 2437 2715 2508 πρὸς
2763 2437 2858 2491 τοῦ
2915 2437 3122 2503 πάθους
3177 2439 3658 2511 κατατρυχομένη,

2096 2529 2279 2601 ἐπειδὴ
2312 2529 2456 2602 ἐώρα
2490 2529 2658 2601 μυρία
2689 2528 2863 2601 πλήθη
2888 2528 3191 2583 κυκλοῦντα
3222 2529 3406 2595 αὑτὸν,
3432 2531 3525 2584 καὶ
3557 2549 3662 2602 μηο

2093 2622 2279 2693 δαμῶς
2302 2620 2664 2693 ἐπιτρέποντα
2690 2620 2827 2691 αὒτῇ
2854 2619 3218 2689 γονυπετῆσαι
3249 2619 3619 2693 προσελθούσῃ
3640 2660 3658 2687 ,

2093 2714 2187 2768 τοῦ
2236 2732 2293 2767 τε
2339 2713 2541 2776 πάθους
2572 2712 2670 2783 τὴν
2713 2712 3031 2783 ἀπαλλαγὴν
3057 2710 3437 2783 ἐξαιτήσασθαι
3459 2752 3476 2776 ,
3522 2711 3660 2769 am

2095 2808 2190 2861 καὶ
2215 2808 2383 2879 ἄκρου
2404 2805 2498 2859 τοῦ
2522 2804 2734 2875 ἱματίου
2757 2803 3101 2875 προσψαῦσαι
3122 2805 3283 2875 μόνον
3297 2804 3656 2875 διανοηθεῖσα,

2094 2899 2364 2962 ὑποδύνει,
2385 2898 2481 2952 καὶ
2510 2896 2604 2950 τοῦ
2635 2895 2940 2968 κρασπέδου
2970 2895 3332 2968 ἐπιλαϐομένη
3350 2937 3364 2961 ,
3397 2895 3531 2968 ὁμοῦ
3567 2896 3661 2952 καὶ

2093 2990 2193 3059 τῆς
2236 2990 2345 3043 τῶν
2376 2988 2563 3044 κακῶν
2616 2990 2808 3051 ἰάσεως
2853 2987 3177 3052 ἐπελάϐετο,
3216 2988 3556 3061 παραχρῆμά
3598 3005 3662 3044 τε

2095 3080 2254 3152 ὑγιὴς
2284 3075 2350 3151 ἦν
2371 3120 2386 3144 ,
2416 3080 2516 3150 τῆς
2560 3078 2655 3132 τοῦ
2693 3078 2945 3148 Σωτῆρος
2975 3078 3130 3149 ἡμῶν
3160 3077 3342 3132 ἐνθέου
3379 3079 3661 3150 δυνάμεως

424 3166 807 3235 apprehendit,
852 3175 1017 3237 atque
1048 3167 1195 3221 illico
1236 3183 1368 3222 sana
1417 3167 1615 3232 evasit,
1656 3166 1736 3222 sie
1770 3165 1988 3236 quidem

2092 3172 2287 3242 δεῖγμα
2314 3171 2566 3242 μέγιστον
2599 3168 3050 3240 ἐπικομιζομένη.
3095 3169 3281 3232 ¹Ἄλλος
3307 3170 3365 3223 δέ
3393 3187 3475 3232 τις
3502 3170 3658 3240 βασι-

422 3259 622 3315 divina:
654 3259 957 3315 Salvatoris
989 3262 1163 3315 nostri
1191 3261 1411 3316 virtutis
1440 3261 1735 3314 maximum
1777 3260 1993 3330 signum

422 3360 735 3421 reportans.
758 3352 913 3408 Alius
935 3362 1115 3408 autem
1139 3354 1364 3424 quidam
1394 3354 1479 3407 vir
1507 3354 1750 3424 regulus,
1781 3367 1904 3407 cum
1926 3350 1993 3404 ad

421 3437 554 3496 Jesu
591 3442 755 3512 pedes
790 3445 1100 3507 cecidisset,
1134 3445 1301 3498 ﬁlium
1334 3444 1428 3515 qui
1464 3444 1764 3515 argrotabat
1790 3443 1993 3498 evesti—

425 3533 514 3602 gio
544 3548 738 3588 sanum
778 3537 1007 3606 recepit.
1050 3535 1241 3590 Filiam
1283 3536 1411 3591 item
1444 3536 1605 3599 alius,
1639 3536 1732 3605 qui
1756 3532 1994 3589 Iudaicae

428 3621 726 3695 Synagogae
765 3626 1017 3696 princeps
1056 3634 1192 3692 erat,
1240 3636 1295 3682 et
1330 3627 1418 3681 hic
1458 3627 1675 3697 quidem
1695 3626 1805 3696 jam
1846 3639 1994 3679 mor-

424 3726 595 3771 tuam.
621 3715 759 3782 Quid
790 3733 918 3772 vero
946 3718 1152 3785 dicam,
1175 3719 1321 3789 quod
1344 3720 1485 3775 alius
1508 3722 1621 3789 jam
1643 3718 1992 3789 quatriduum

422 3818 695 3875 mortuus,
742 3810 941 3865 virtute
969 3810 1098 3866 Jesu
1148 3812 1417 3867 excitatus
1459 3813 1580 3868 est?
1610 3812 1693 3867 vel
1738 3810 1883 3881 quod
1936 3809 1994 3864 in

424 3899 561 3951 mari
594 3906 852 3973 tanquam
888 3902 942 3955 in
971 3911 1116 3957 terra
1158 3918 1266 3973 qua
1292 3904 1511 3973 publice
1539 3904 1652 3958 itur
1679 3904 1810 3958 olim
1837 3900 1992 3973 pedi-

420 3987 528 4045 bus
564 3990 844 4060 ingressus
881 4001 986 4056 est,
1032 3994 1206 4064 ipsius
1245 3994 1463 4049 interim
1504 3994 1794 4065 discipulis
1838 3993 1993 4047 navi-

422 4080 715 4150 gantibus?
762 4089 818 4138 et
862 4085 1007 4153 quod
1039 4084 1201 4139 iidem
1241 4099 1368 4139 cum
1401 4085 1630 4141 adversa
1672 4091 1993 4156 tempestate

424 4171 784 4241 agitarentur,
824 4191 998 4242 mare,
1029 4176 1248 4241 ﬂuctus,
1287 4186 1478 4233 ventos
1508 4178 1801 4248 increpuit,
1830 4186 1993 4247 atque

423 4262 608 4315 omnia
639 4266 890 4333 protinus
927 4275 1187 4337 tanquam
1228 4268 1441 4323 Domini
1476 4284 1662 4325 vocem
1694 4268 1993 4323 formidan~

425 4354 502 4407 tia
552 4356 940 4413 constiterunt.
1002 4357 1141 4414 Cum
1183 4374 1313 4414 vero
1353 4362 1595 4431 quinque
1636 4362 1802 4415 millia
1841 4361 1991 4416 viro-

424 4463 571 4513 rum,
630 4464 739 4503 una
804 4465 927 4503 eum
979 4450 1362 4506 innumerabili
1418 4452 1743 4507 feminarum
1794 4468 1988 4523 puero-

423 4558 657 4613 rumque
683 4542 1034 4597 multitudine
1073 4545 1316 4614 quinque
1357 4560 1467 4599 non
1498 4545 1729 4615 amplius
1757 4546 1988 4616 panibus

423 4635 638 4691 abunde
667 4635 938 4705 quondam
969 4636 1320 4700 saturaverit,
1353 4635 1512 4700 adeo,
1543 4645 1603 4692 ut
1635 4652 1757 4708 quae
1791 4653 1986 4708 super-

427 4730 646 4785 fuerunt
692 4728 958 4798 reliquiae,
998 4728 1285 4784 duodecim
1324 4729 1589 4799 cophinos
1628 4730 1853 4801 implere
1890 4744 1991 4800 po.

426 4819 652 4880 tuerint,
712 4831 871 4886 quem
928 4832 1037 4871 non
1084 4825 1307 4887 stupore
1353 4817 1631 4873 all‘ccerit?
1683 4830 1778 4874 aut
1825 4836 1985 4891 quem

423 4922 533 4961 non
566 4906 763 4960 merito
796 4906 863 4960 ad
911 4905 1261 4974 quaerendum
1307 4906 1375 4962 de
1428 4908 1599 4977 ipsius
1646 4923 1847 4964 arcana
1892 4924 1987 4964 oc-

424 4999 680 5068 cultaque
706 4999 910 5053 virtute
953 4999 1309 5053 excitaverit?
1356 5000 1451 5055 sed
1492 5018 1559 5056 ne
1591 5002 1724 5055 mihi
1759 5018 1902 5057 nune
1934 5003 1989 5058 in

425 5089 646 5158 longum
699 5089 863 5143 nimis
905 5090 1140 5144 ducatur
1187 5091 1383 5155 oratio,
1428 5102 1702 5168 postrema
1745 5097 1987 5149 omnium

424 5178 572 5234 illius
608 5194 757 5235 mors
796 5190 1119 5249 exponatur,
1156 5197 1277 5251 qum
1302 5197 1411 5236 non
1438 5185 1712 5239 communi
1753 5186 1995 5256 reliquo-

422 5284 543 5324 rum
577 5270 855 5325 hominum
888 5287 1039 5328 more
1067 5274 1298 5330 exstitit.
1322 5274 1437 5330 Non
1469 5278 1613 5331 enim
1642 5277 1833 5331 morbo
1859 5293 1994 5331 eon-

424 5369 698 5431 sumptus,
739 5378 802 5417 ac
839 5379 906 5418 ne
938 5365 1133 5433 laqueo
1182 5365 1426 5435 quidem,
1476 5374 1571 5421 aut
1621 5367 1783 5437 igne:
1811 5383 1987 5438 neque

423 5466 555 5506 vero
596 5451 666 5505 ad
713 5468 919 5508 morem
956 5456 1314 5527 reliquorum,
1358 5458 1450 5527 qui
1492 5459 1564 5513 ob
1610 5461 1816 5515 scelera
1863 5475 1985 5524 sua,

426 5550 607 5605 crucis
646 5552 911 5621 supplicio
940 5555 1076 5608 allici
1106 5555 1310 5624 solent,
1346 5557 1603 5615 cruribus
1630 5557 1815 5614 itidem
1840 5558 1987 5616 ferro

497 5725 543 5757 ”
572 5723 739 5780 lare.
774 5742 835 5793 ιι,
861 5727 1059 5789 9ου..

2094 3263 2241 3327 λικδς
2266 3264 2404 3336 ἀνὴρ
2447 3262 2632 3327 κακῶς
2663 3262 2853 3332 ἔχοντα
2883 3263 2972 3315 τὸν
3001 3261 3194 3327 παῖδα,
3229 3260 3550 3331 προσπεσὼν
3581 3263 3660 3331 τῷ

2105 3355 2299 3427 Ἰησοῦ,
2332 3354 2673 3426 παραχρῆμα
2703 3354 2838 3407 σῶον
2866 3352 3235 3423 ἀπελάμϐανε.
3258 3353 3365 3406 Καὶ
3386 3352 3660 3424 θυγατέρα

2093 3448 2252 3503 πάλιν
2272 3447 2449 3511 ἄλλος,
2491 3444 2756 3500 Ἰουδαίων
2782 3443 2837 3497 δὲ
2864 3444 3307 3517 ἀρχισυνάγωγος
3327 3439 3415 3514 ἦν,
3435 3443 3546 3497 ἀλλ’
3571 3437 3661 3496 οῦ-

2093 3556 2182 3602 τος
2211 3538 2312 3609 ήδη
2343 3538 2437 3591 καὶ⁵
2467 3534 2754 3590 θανοῦσαν.
2789 3534 2853 3587 Τί
2893 3534 2974 3588 δεῖ
3014 3535 3192 3602 λέγειν
3235 3534 3310 3598 ὼς
3349 3538 3661 3606 τεταρταῖος

2093 3628 2249 3693 ἄλλος
2274 3629 2502 3699 δυνάμει
2524 3627 2619 3680 τοῦ
2654 3625 2829 3697 Ἰησοῦ
2854 3626 3045 3696 νεκρὸς
3077 3626 3365 3698 ὴγείρετο;
3398 3626 3431 3697 ἢ
3460 3627 3536 3690 ὼς
3567 3626 3661 3678 ἐπὶ

2094 3721 2380 3790 θαλάττης,
2403 3714 2491 3773 οἷα
2511 3720 2602 3773 ἐπὶ
2620 3718 2897 3790 λεωφόρου
2918 3719 3040 3788 γῆς,
3060 3718 3284 3789 πορείας
3307 3719 3465 3788 ήνυεν
3487 3715 3665 3771 ποιούο

2096 3832 2276 3885 μενος,
2300 3812 2407 3866 τῶν
2437 3810 2598 3865 αὐτοῦ
2631 3810 2885 3883 μαθητῶν
2914 3810 3292 3881 ἐμπλεόντωνς
3322 3809 3416 3863 καὶ⁵
3444 3809 3519 3871 ώς
3548 3826 3663 3879 χει-

2095 3904 2406 3976 μασθέντων
2440 3901 2741 3973 ἐπετίμησε
2782 3904 2848 3972 τῇ
2891 3900 3135 3973 θαλάσσῃ
3178 3901 3273 3954 καὶ
3312 3899 3389 3971 τῷ
3428 3899 3664 3953 κλύδωνι

2093 3997 2187 4049 καὶ
2229 3998 2340 4058 τοῖς
2375 3994 2597 4065 ἀνέμοις
2619 4034 2635 4059 ,
2688 3994 2782 4047 καὶ
2812 3994 2989 4047 πάντα
3021 4009 3085 4060 γε
3118 3991 3247 4062 ἔστη
3280 3990 3622 4062 παραχρῆμα
3641 4027 3658 4052 ,

2091 4082 2179 4142 οἷα
2203 4085 2459 4141 δεσπότου
2493 4085 2674 4156 φωνὴν
2703 4083 3163 4155 καταπτήξαντα;
3201 4083 3369 4136 Πέντε
3397 4082 3454 4135 δέ
3485 4082 3660 4153 χιλιά-

2090 4179 2185 4241 δας
2207 4178 2413 4250 ἀνδρῶν
2444 4177 2896 4248 συνεπιπαρόντος
2916 4175 3107 4248 μυρίου
3127 4174 3285 4230 ἄλλου
3303 4176 3574 4244 γυναικῶν
3600 4191 3663 4232 τε

2091 4271 2186 4324 καὶ
2212 4270 2417 4324 παίδων
2442 4268 2698 4340 πλήθους,
2721 4269 2785 4320 ἐκ
2807 4268 2965 4320 πέντε
2995 4266 3085 4320 τὸν
3114 4264 3343 4338 ἀριθμὸν
3372 4266 3551 4336 ἄρτων
3579 4268 3659 4330 είς

2044 4394 2049 4397 -
2091 4362 2251 4434 κόρον
2299 4361 2624 4433 πληρώσας,
2672 4361 2748 4425 ώς
2812 4360 2906 4414 καὶ
2955 4360 3184 4432 περιττά
3240 4359 3508 4424 τοσαῦτα,
3559 4361 3660 4413 ὅσα

2095 4454 2255 4509 ίκανά
2274 4450 2341 4525 ἦν
2362 4454 2646 4525 πληρῶσαι
2674 4451 2881 4506 δώδεκα
2900 4451 3153 4520 κοφίνους
3179 4450 3385 4517 λαϐεῖν,
3415 4451 3538 4504 τίνα
3560 4452 3663 4504 ούκ

2092 4545 2158 4598 ἂν
2205 4544 2495 4616 ἐκπλήξει,
2528 4545 2620 4598 καὶ
2654 4543 2747 4596 ἐπὶ
2781 4541 3005 4612 ζήτησίν
3046 4559 3110 4610 γε
3154 4541 3376 4605 εἰκότως
3406 4542 3506 4610 τῆς
3540 4543 3659 4596 κατ’

2092 4639 2254 4694 αὐτὸν
2286 4640 2596 4709 ἀπορρήτου
2635 4635 2914 4705 δυνάμεως
2959 4634 3344 4697 ἐκκαλέσεται;
3390 4633 3525 4686 Ἀλλ’
3574 4635 3665 4687 ἵνα

2096 4733 2168 4803 μή
2207 4748 2296 4801 μοι
2326 4731 2393 4784 τά
2422 4729 2516 4785 νῦν
2547 4732 2575 4783 ὁ
2600 4729 2755 4797 λόγος
2783 4730 2862 4791 εἰς
2906 4726 3113 4798 μακρὸν
3147 4726 3319 4797 μῆκος
3344 4727 3661 4789 ἐκτείωιτο,

2092 4825 2185 4877 ἐπὶ
2218 4824 2379 4876 πᾶσιν
2410 4820 2674 4875 ἐκκείσθω
2705 4823 2734 4874 ὁ
2763 4818 2927 4872 αὐτοῦ
2954 4816 3180 4880 θάνατος
3200 4856 3214 4879 ,
3250 4818 3311 4870 ού
3345 4817 3521 4881 κοινὸς
3550 4821 3662 4881 τοῖς

2092 4916 2295 4978 λοιποῖς
2335 4912 2641 4984 ἀνθρώποις
2684 4910 3069 4982 γεγενημένος.
3112 4910 3186 4962 Οὐ
3237 4908 3345 4980 γὰρ
3372 4909 3512 4979 νόσῳ
3541 4908 3661 4962 δια-

2093 5006 2337 5078 φθαρεὶς,
2366 5004 2481 5058 ἀλλ’
2510 5003 2630 5057 οῦδὲ
2660 5002 2839 5075 βρόχῳ
2865 5002 3095 5069 πνιγεὶς,
3117 5001 3235 5054 ούδέ
3260 5000 3364 5071 μὴν
3387 5000 3505 5052 κατ’
3530 4998 3664 5053 αύτὸ

2089 5098 2183 5152 τοῦ
2219 5094 2449 5169 σταυροῦ
2471 5094 2531 5148 τὺ
2551 5094 2806 5164 τρόπαιον
2825 5090 3025 5162 ὁμοίως
3048 5094 3160 5154 τοῖς
3187 5089 3392 5153 λοιποῖς
3425 5088 3595 5143 κακού
3605 5106 3662 5159 ρ-

2090 5206 2206 5257 γοις
2239 5186 2567 5258 ὑποτμηθεὶς
2601 5183 2801 5254 σιδήρῳ
2844 5181 2913 5235 τά
2969 5181 3162 5251 σκέλη,
3212 5180 3332 5234 ούδέ
3363 5180 3498 5244 ὅλως
3527 5180 3665 5250 πρός

2090 5296 2232 5342 τινος
2263 5277 2561 5350 ἀνθρώπων
2606 5271 2792 5328 παθών
2818 5290 2886 5351 Ι,τι
2927 5272 3036 5325 τῶν
3081 5274 3322 5345 ἀναιρεῖν
3359 5271 3659 5333 εἰωθότων,

2095 5371 2264 5444 βίαιον
2300 5371 2559 5440 ὑπέμεινε
2585 5365 2837 5437 τελευτὴν
2859 5406 2874 5431 ,
2905 5364 3018 5418 ἀλλ’
3057 5365 3133 5428 ώς
3159 5364 3289 5417 αὐτὸ
3321 5364 3478 5433 μόνον
3519 5360 3659 5415 ἑκὼν

2095 5465 2380 5537 παρεδίδου
2426 5464 2538 5526 τοῖς
2592 5460 2997 5515 ἐπιϐουλεύουσι
3030 5460 3090 5513 τὸ
3126 5457 3306 5529 σῶμα,
3355 5455 3666 5527 ἀνωρθοῦτο

2097 5560 2194 5632 μὲν
2226 5556 2332 5611 ἀπὸ
2352 5557 2453 5628 γῆς
2472 5556 2689 5622 αὐτίκα,
2714 5555 2950 5611 κᾶπειτα
2972 5552 3066 5608 ἐπὶ
3089 5549 3183 5604 τοῦ
3211 5550 3387 5623 ἰκρίον
3407 5550 3665 5622 φωνήσας
