4126 6418
364 301 463 354 197

1284 294 1942 351 DEMONSTRATIONIS
1981 292 2442 351 EVANGELICE
2472 294 2598 349 LIB.
2643 294 2732 351 lll.

3515 296 3617 354 198

364 414 506 484 μέγα
525 453 541 480 ,
571 415 666 466 καὶ
697 410 776 483 τῷ
819 410 994 482 ῙῘατρλ⁵
1035 410 1354 482 παρατιθεὶς
1384 412 1445 465 es
1476 411 1725 482 πνεῦμα,
1773 411 1939 465 εἰπὼν

2046 410 2300 473 succisis,
2348 424 2527 480 neque
2577 410 2803 465 omnino
2837 410 3134 481 quidquam
3179 410 3248 465 ab
3294 410 3404 464 ullo
3436 411 3619 465 homi-

361 504 545 568 αὐτοῖς
588 504 860 574 ῥήμασιν’
895 522 913 555 ι
944 503 1125 572 Πάτερ
1145 542 1159 567 ,
1191 505 1272 566 είς
1306 504 1491 573 χεῖράς
1523 520 1617 556 σου
1646 502 1938 574 παρατίθε-

367 611 464 665 μαι
501 594 563 648 τὺ
595 594 811 665 πνεῦμά
846 612 947 665 μου
970 633 985 657 ,
1020 614 1038 644 ι
1073 594 1247 658 οὕτως
1280 595 1478 664 ἄφετος
1522 594 1616 647 καὶ
1658 594 1940 666 ἐλεύθερος

363 684 527 748 αὐτὸς
578 684 671 753 ἀφ’
699 684 891 737 ἑαυτοῦ
919 684 1017 754 τὴν
1050 686 1113 737 ὲκ
1146 684 1240 736 τοῦ
1276 682 1524 753 σώματος
1555 683 1936 755 ἀναχώρησιν,

363 775 520 828 ταυτὶ
550 775 802 846 πρόσθες,
840 777 1091 828 ἐποιεῖτο.
1124 770 1257 828 Εἶτα
1284 774 1342 826 δὲ
1366 774 1459 827 τοῦ
1493 773 1743 845 σώματος
1774 775 1938 829 αὐτοῦ

365 866 660 939 ληφθέντος
687 866 820 936 πρὸς
846 866 953 919 τῶν
993 866 1285 937 γνωρίμων
1305 906 1319 930 ,
1348 866 1443 919 καὶ
1479 869 1546 938 τῇ
1588 866 1938 938 προσηκούσῃ

368 958 758 1030 παραδοθέντος
823 961 968 1029 ταφῇ
991 998 1005 1022 ,
1068 960 1311 1029 τριταῖος
1366 953 1521 1021 αὖθις
1587 957 1939 1027 ἀπελάμϐανε

366 1049 557 1114 τοῦτο,
623 1049 651 1102 ὃ
703 1050 832 1120 πρὶν
882 1050 1243 1121 ἀναχωρήσας
1294 1049 1435 1102 ἑκὼν
1502 1048 1778 1102 κατέθετο.
1830 1050 1941 1102 Καὶ

365 1140 599 1195 δείκνυσί
647 1157 713 1209 γε
765 1139 924 1193 πάλιν
974 1141 1133 1206 αὐτὸς
1180 1141 1369 1194 ἑαυτὸν
1419 1139 1709 1211 ἒνσαρκον,
1772 1139 1940 1193 ένσω-

371 1248 501 1302 μον,
552 1231 717 1284 αὐτὸν
777 1233 1019 1296 ἐκεῖνον,
1076 1226 1186 1295 οἷος
1246 1232 1341 1285 καί¹
1383 1231 1444 1284 τὸ
1500 1233 1628 1303 πρὶν
1681 1227 1778 1303 ἦν,
1828 1234 1940 1295 τοῖς

365 1323 586 1386 οἰκείοις
621 1323 918 1394 μαθηταῖς,
944 1321 1024 1386 οἷς
1054 1325 1148 1377 καὶ
1192 1325 1284 1377 ἐπὶ
1317 1324 1488 1395 βραχὺ
1518 1325 1815 1396 ὁμιλήσας,
1849 1324 1940 1377 καί

367 1432 485 1468 τινα
548 1414 930 1485 συνδιατρίψας
976 1416 1164 1486 χρόνον
1189 1453 1205 1478 ,
1247 1415 1450 1470 ἄνεισιν
1499 1415 1618 1468 ὅθεν
1680 1415 1774 1467 καὶ
1796 1431 1939 1485 παρ-

366 1507 432 1575 ῆν
450 1544 466 1566 ,
491 1507 581 1559 ὑπ’
609 1506 905 1577 ὀφθαλμοῖς
941 1507 1121 1561 αὐτῶν
1152 1506 1250 1577 τὴν
1304 1510 1385 1571 εἰς
1429 1507 1689 1578 οὐρανοὺς
1717 1507 1940 1578 πορείαν

371 1596 746 1666 στειλάμενος·
783 1590 865 1660 οἷς
910 1596 975 1666 δὴ
1010 1596 1102 1649 καὶ
1150 1596 1426 1667 ὑποθήκας
1478 1596 1606 1667 περὶ
1654 1595 1763 1648 τῶν
1797 1612 1939 1666 πρα-

368 1687 543 1740 κτέων
584 1687 880 1758 παραδοὺς,
927 1672 1277 1751 διδασκάλους
1324 1687 1431 1740 τῶν
1474 1687 1643 1740 ἐθνῶν
1684 1687 1941 1740 ἁπάντων

366 1778 466 1849 τῆς
489 1778 748 1831 ἀνωτάτω
781 1777 1084 1841 θεοσεϐείας
1113 1779 1377 1850 ἀπέφηνε.
1421 1778 1655 1831 Τοιαῦτα
1691 1781 1722 1849 ή
1734 1778 1848 1848 μῶν
1870 1778 1939 1831 τὰ
1975 1762 2016 1817 Β

370 1867 720 1939 πολυύμνητα
772 1869 871 1941 τῆς
914 1869 1117 1940 ἀρετῆς
1175 1868 1460 1939 θαύματα·
1508 1868 1679 1922 ταῦτα
1728 1869 1826 1939 τῆς
1884 1871 1943 1921 ὲν

369 1958 518 2030 αὐτῷ
551 1959 800 2031 θεότητος
849 1960 917 2013 τά
961 1961 1263 2031 τεκμήριαο
1305 1956 1479 2013 ταῦτα
1525 1960 1619 2013 καὶ
1664 1959 1817 2012 αὐτοὶ⁴
1856 1957 1944 2011 λο-

370 2050 553 2122 γισμῷ
586 2051 819 2122 σώφρονι
848 2051 1294 2123 τεθαυμάκαμεν,
1316 2051 1750 2122 βεϐασανισμένῃ
1770 2067 1827 2104 τε
1849 2051 1943 2104 καὶ

368 2144 710 2215 ἐξητασμένη
743 2145 921 2216 κρίσει
966 2144 1390 2215 κατεδεξάμεθα.
1441 2143 1761 2214 Ἐξήτασται
1814 2146 1943 2213 παρ’

368 2236 497 2305 ἡμῖν
543 2236 637 2289 καὶ
684 2235 1069 2306 βεὸασάνισται
1118 2237 1211 2289 καὶ
1250 2236 1318 2288 δι’
1360 2235 1560 2306 ἑτέρων
1603 2233 1941 2304 πραγμάτων

367 2326 613 2399 ἐναργῶν
647 2329 824 2382 πάντα
862 2328 1245 2382 καλυπτόντων
1276 2328 1453 2395 λόγον,
1486 2327 1555 2379 δι’
1606 2319 1679 2379 ὧν
1720 2326 1882 2389 αὐτὸς
1914 2326 1944 2378 ὁ

368 2418 571 2490 Κύριος
614 2419 769 2489 ἡμῶν
802 2420 971 2472 εἰσέτι
996 2420 1089 2472 καὶ
1128 2418 1223 2472 νῦν
1255 2413 1335 2481 οἷς
1367 2418 1434 2471 ἂν
1466 2418 1722 2487 κρίνειεν,
1772 2416 1944 2487 μικρά

368 2526 490 2563 τινα
518 2510 616 2581 τῆς
661 2510 826 2563 αὑτοῦ
854 2510 1135 2580 δυνάμεως
1173 2510 1534 2581 παραφαίνειν
1572 2508 1751 2562 εἴωθε.
1794 2509 1941 2581 Πλὴν

368 2600 503 2654 ἀλλὰ
531 2602 625 2655 καὶ
663 2604 728 2672 τῇ
762 2601 1097 2672 λογικωτέρα
1141 2600 1365 2671 μεθόδῳ,
1395 2601 1463 2671 ῆν
1489 2601 1783 2672 προσάγειν
1816 2599 1941 2653 εἰώ-

368 2688 539 2760 θαμεν
565 2693 677 2753 τοῖς
718 2691 778 2742 οὺ
818 2690 1279 2760 παραδεχομένοις
1308 2689 1376 2742 τά
1410 2690 1799 2763 προειρημένα,
1826 2689 1941 2743 ἀλλ’

367 2781 486 2852 ἤτοι
519 2779 794 2844 παντελῶς
820 2781 1137 2834 ἀπιστοῦσιν
1162 2781 1362 2844 αὐτοῖς,
1395 2781 1488 2833 καὶ
1522 2780 1688 2851 μηδὲν
1710 2779 1939 2832 καθόλου

365 2874 642 2942 γεγονέναι
669 2873 907 2926 τοιοῦτον
937 2871 1073 2943 πρὸς
1102 2861 1267 2925 αὑτοῦ
1302 2872 1620 2941 φάσκουσιν,
1661 2872 1693 2940 ἢ
1724 2872 1944 2940 γεγονέ-

366 2982 455 3019 ναι
490 2966 609 3036 μὲν,
641 2966 873 3035 γοητικά
918 2964 974 3017 δὲ
1006 2964 1177 3028 ἄλλως
1216 2963 1309 3017 ἐπὶ
1343 2963 1516 3034 πλάνη
1549 2962 1657 3015 τῶν
1690 2961 1942 3033 ὁρώντων

2043 516 2174 555 num
2205 516 2424 571 passus,
2457 516 2649 557 eorum
2679 502 2773 572 qui
2804 503 2940 558 alios
2966 517 3164 557 necare
3193 513 3614 566 consueverunt,

2039 591 2293 646 violenta:
2354 592 2549 647 mortis
2601 608 2773 662 genus
2820 593 2991 646 ullum
3055 592 3296 662 pertulit.
3358 591 3465 648 Sed
3523 595 3618 649 ubi

2043 682 2223 752 ipsum
2254 683 2520 738 duntaxat
2547 692 2741 753 sponte
2771 685 3005 753 praebuit
3036 684 3275 739 inimicis
3307 684 3619 739 insidianti—

2039 776 2144 832 bus
2174 790 2397 846 corpus,
2430 782 2545 829 tum
2585 784 2800 831 erectus
2828 784 2908 831 est
2948 791 2979 829 a
3018 787 3161 831 terra
3210 777 3377 832 illico.
3411 775 3618 831 Deinde

2040 869 2097 923 in
2127 869 2276 938 ligno
2317 881 2514 937 magna
2562 882 2697 921 voce
2727 868 2995 933 clamans,
3056 875 3110 923 et
3157 866 3307 922 Patri
3361 869 3614 937 spiritum

2041 958 2454 1022 commendans,
2492 964 2656 1027 atque
2681 957 2797 1012 hmo
2828 957 2894 1011 ad
2940 959 3165 1013 verbum
3198 959 3386 1013 dicens
3413 977 3427 1013 :
3460 977 3479 1009 ι
3510 957 3618 1012 Pa~

2040 1061 2144 1116 ter,
2172 1052 2227 1106 in
2256 1064 2452 1104 manus
2484 1057 2608 1104 tuas
2638 1050 2963 1105 commendo
2989 1050 3240 1119 spiritum
3271 1066 3451 1107 meum
3477 1051 3522 1083 ⁶⁶
3551 1071 3564 1105 :
3592 1071 3613 1104 ι

2042 1142 2117 1197 ita
2162 1142 2376 1196 solutus
2415 1156 2479 1195 ac
2523 1141 2681 1205 liber,
2730 1142 2847 1211 ipse
2893 1155 2991 1210 per
3031 1141 3270 1209 seipsum
3319 1156 3351 1195 a
3386 1156 3620 1211 corpore

2042 1233 2292 1288 secessit.
2326 1230 2532 1286 Deinde
2582 1247 2708 1287 cum
2745 1246 2945 1301 corpus
2979 1231 3154 1301 ipsius
3184 1230 3495 1306 familiares
3526 1247 3618 1287 ac-

2041 1327 2336 1396 cepissent,
2363 1334 2526 1396 atque
2550 1326 2791 1381 honestae
2808 1326 3101 1396 sepultura:
3116 1327 3434 1381 commenda
3443 1336 3615 1392 ssent,

2040 1418 2200 1471 tertio
2244 1418 2331 1472 die
2380 1433 2574 1471 rursus
2606 1417 2738 1471 illud
2771 1417 2947 1487 ipsum
2983 1418 3211 1487 recepit,
3245 1418 3393 1486 quod
3425 1401 3621 1473 videli-

2042 1517 2127 1562 cet
2164 1516 2358 1577 sponte
2386 1508 2702 1579 reliquerat.
2752 1507 2818 1561 Et
2851 1509 2932 1564 sic
2970 1525 3187 1571 rursus.
3225 1509 3342 1579 ipse
3371 1511 3619 1580 seipsum

2042 1599 2098 1651 in
2158 1612 2363 1663 carne,
2417 1598 2471 1651 in
2533 1612 2798 1667 corpore,
2857 1600 3037 1669 ipsum
3094 1600 3246 1653 illum
3315 1602 3409 1670 qui
3467 1603 3619 1671 prius

2045 1692 2242 1753 luerat,
2297 1689 2414 1744 suis
2453 1690 2694 1744 ostendit
2723 1690 3030 1759 discipulis,
3075 1691 3277 1760 quibus
3322 1706 3447 1745 cum
3483 1707 3620 1762 pau-

2044 1793 2139 1832 cos
2192 1778 2312 1832 dies
2368 1787 2655 1841 versatus,
2706 1787 2761 1833 et
2815 1794 2912 1848 per
2969 1780 3192 1850 aliquod
3248 1793 3464 1851 tempus
3516 1798 3619 1838 suo

2045 1869 2208 1923 etiam
2279 1883 2535 1923 sermone
2610 1868 2914 1939 dignatus,
2978 1870 3109 1925 illuc
3177 1886 3431 1927 reversus
3491 1882 3616 1936 est,

2044 1959 2189 2013 unde
2227 1960 2407 2014 oculis
2442 1960 2659 2014 illorum
2717 1974 2777 2015 se
2827 1960 3124 2026 obtulerat,
3172 1962 3361 2032 sicque
3398 1964 3501 2018 iter
3548 1964 3618 2018 ad

2046 2050 2204 2119 109
2242 2051 2442 2105 coelum
2480 2052 2697 2105 direxit.
2744 2051 2937 2106 Iisdem
2977 2067 3129 2116 vero,
3163 2069 3288 2107 cum
3346 2062 3620 2125 praecepta

2042 2156 2259 2210 quoque
2289 2141 2355 2195 de
2383 2142 2546 2196 rebus
2581 2143 2805 2212 agendis
2836 2142 3176 2210 tradidisset,
3216 2146 3437 2201 eosdem
3473 2149 3619 2217 apud

2043 2247 2232 2287 omnes
2282 2241 2473 2301 gentes
2508 2247 2777 2302 supremae
2822 2234 3103 2303 religionis
3136 2236 3397 2292 doctores
3430 2238 3619 2293 decla-

2041 2324 2202 2377 ravit.
2247 2322 2373 2378 Haec
2414 2340 2546 2380 sane
2602 2333 2732 2380 sunt
2771 2325 3026 2391 virtutis,
3072 2342 3195 2397 quae
3236 2328 3291 2382 in
3338 2328 3620 2386 Salvatore

2044 2423 2231 2470 nostro
2277 2423 2417 2479 erat,
2471 2419 2717 2486 apprime
2770 2417 3096 2471 celebranda
3140 2418 3407 2473 miracula
3449 2440 3463 2474 ε
3502 2422 3619 2475 haec

2042 2504 2366 2569 divinitatis,
2398 2522 2520 2575 quae
2551 2507 2606 2559 in
2642 2506 2737 2559 illo
2775 2513 2895 2559 erat
2932 2504 3135 2559 indicia
3164 2522 3177 2557 :
3207 2506 3323 2561 haec
3354 2508 3619 2579 ipsiquo-

2041 2609 2149 2664 que
2184 2603 2335 2650 casta
2373 2597 2735 2650 aestimatione
2772 2596 3027 2649 admirati
3065 2612 3276 2661 sumus,
3305 2601 3620 2669 explorato-

2042 2703 2147 2756 que
2175 2693 2337 2756 atque
2382 2687 2657 2757 exquisito
2700 2687 2911 2756 judicio
2958 2688 3289 2757 recepimus.
3333 2690 3621 2760 Exquisita

2043 2793 2174 2832 sane
2202 2779 2318 2831 haec
2348 2794 2377 2832 a
2415 2778 2595 2842 nobis,
2625 2780 3015 2849 explorataque
3046 2788 3195 2844 sunt,
3247 2782 3371 2836 aliis
3400 2798 3620 2853 quoque

2041 2869 2388 2924 evidentibus
2446 2871 2611 2925 rebus
2643 2909 2658 2935 ,
2705 2885 3032 2940 omnemque
3105 2871 3473 2941 aperientibus
3526 2890 3622 2928 ra-

2044 2963 2267 3025 tionem,
2297 2962 2495 3032 quibus
2517 2964 2632 3031 ipse
2663 2961 2928 3019 Dominus
2958 2971 3145 3018 noster
3167 2965 3332 3019 etiam
3356 2981 3502 3019 nunc
3526 2966 3619 3032 iis,

364 3059 511 3114 ὠσάν
537 3061 629 3113 ὑπ’
662 3059 852 3131 ἀνδρὸς
884 3058 1086 3111 πλάνου
1132 3059 1423 3126 ἀναγκαῖον
1454 3055 1756 3110 ἐπιθέσθαι.
1788 3057 1851 3110 Εἰ
1882 3056 1939 3110 δὲ

2041 3069 2179 3124 quos
2209 3054 2405 3125 dignos
2433 3055 2724 3123 putaverit,
2759 3055 2955 3125 exigua
2984 3054 3232 3125 quaedam
3259 3070 3372 3109 sua:
3399 3056 3620 3111 virtutis

364 3112 602 3224 γρὴκαὶ
630 3152 721 3205 ἐπὶ
751 3112 849 3204 τοῖς
888 3151 1151 3222 παρόντος
1195 3112 1401 3220 βραχέα
1443 3147 1580 3219 πρὸς
1625 3147 1751 3212 τοὺς
1787 3146 1938 3218 δεδη-

2041 3147 2195 3216 signa
2229 3146 2520 3201 ostendere
2540 3146 2847 3201 consuevit.
2877 3144 3022 3212 Quin
3044 3146 3209 3200 etiam
3239 3146 3525 3202 subtiliore
3554 3163 3619 3203 ac

364 3243 637 3313 λωμένους
694 3244 977 3313 ἐνστῆναι,
1038 3242 1138 3295 οὐκ
1189 3240 1593 3311 ἀπολειψόμεθα
1660 3239 1931 3311 σπουδῆς·

2042 3241 2274 3295 certiore
2297 3239 2550 3294 doctrina
2591 3238 2734 3293 idem
2771 3253 2801 3291 a
2824 3238 2984 3293 nobis
3013 3236 3268 3291 eﬁ‘ectum
3295 3244 3379 3292 est
3406 3256 3420 3291 :
3453 3252 3617 3307 quam

364 3335 537 3399 ἄλλως
558 3335 614 3388 δέ
641 3353 757 3398 πως
789 3336 970 3397 αὐτοῖς
998 3334 1411 3405 ἀπαντήσομεν;

2039 3331 2259 3401 quidem
2299 3330 2367 3386 iis
2396 3330 2655 3385 adhibere
2679 3330 3086 3395 consuevimus,
3122 3333 3215 3399 qui
3237 3343 3300 3384 ea
3322 3344 3445 3399 qua:
3470 3330 3619 3384 dicta

365 3436 493 3484 sunt
536 3444 648 3483 non
691 3428 1019 3490 concedunt,
1063 3428 1159 3482 sed
1198 3428 1402 3481 nullam
1432 3442 1661 3498 prorsus
1701 3427 1769 3482 iis
1808 3424 1965 3480 ﬁdem
2004 3424 2229 3486 habent,
2263 3439 2441 3493 neque
2470 3423 2692 3476 omnino
2731 3422 3027 3492 quidquam
3075 3423 3181 3477 tale
3212 3421 3282 3475 ab
3308 3437 3374 3476 eo
3413 3421 3616 3475 factum

364 3534 486 3575 esse
518 3521 869 3584 conﬁtentur,
908 3528 1002 3574 aut
1033 3520 1309 3575 exstitisse
1341 3521 1430 3574 illa
1464 3519 1683 3590 quidem
1727 3534 1836 3573 non
1877 3526 2096 3588 negant,
2124 3532 2315 3573 verum
2359 3517 2587 3585 magicis
2626 3515 2938 3585 praestigiis,
2972 3515 3038 3569 ad
3097 3529 3339 3570 errorem
3398 3515 3620 3569 intuen-

367 3612 503 3666 tium
551 3619 807 3682 tanquam
842 3628 873 3667 a
899 3612 1016 3668 viro
1054 3613 1340 3668 sednetore
1384 3612 1659 3682 imposita,
1699 3612 1845 3681 quod
1879 3613 1926 3665 si
1964 3613 2126 3666 etiam
2160 3611 2215 3664 in
2238 3609 2490 3680 praesenti
2521 3609 2786 3662 adversus
2825 3609 2962 3663 tales
3003 3623 3177 3678 pauca
3208 3608 3454 3678 quaedam
3501 3607 3618 3662 dis-

366 3713 560 3773 putare
587 3719 725 3774 opus
756 3703 850 3769 sit,
904 3718 1013 3758 non
1052 3704 1369 3759 deseremus
1407 3704 1648 3758 studium
1709 3703 1984 3773 inceptum
2022 3718 2034 3754 :
2078 3701 2281 3771 alioqui
2311 3713 2439 3753 vero
2482 3713 2721 3767 quonam
2763 3705 2925 3768 pacto
2971 3697 3173 3752 ibimus
3218 3697 3326 3750 illis
3361 3696 3619 3752 obviam?

365 3818 439 3870 E'.
465 3816 622 3884 Πρὸς
656 3817 798 3883 τοὺς
824 3817 1218 3881 ἀπειθοῦντας
1244 3815 1322 3882 τῇ
1359 3814 1478 3868 τῶν
1519 3813 1626 3867 τοῦ
1670 3812 1939 3883 Σωτῆρος

2039 3813 2089 3870 ιτ.
2121 3815 2380 3868 Adversus
2429 3831 2516 3869 eos
2567 3816 2656 3884 qui
2695 3830 2799 3867 non
2837 3814 3053 3867 credunt
3094 3811 3387 3867 Saluatoris
3436 3809 3608 3861 nostri

436 3883 604 3955 ἡμῶν
624 3889 756 3954 περὶ
773 3886 892 3940 τῶν
912 3885 1264 3954 παραδόξων
1278 3883 1551 3953 πράξεων
1568 3884 1864 3953 διηγήσει.

2098 3884 2398 4008 discipulis,
2440 3885 2788 3938 admirabiles
2826 3883 2975 3937 illius
3034 3900 3116 3936 res
3154 3892 3327 3952 gestas
3369 3894 3601 3932 narran-

2124 3970 2140 4007 ι
2178 3970 2261 4007 us.

2124 3970 2261 4007 wus.

435 4071 499 4125 Εί
538 4069 601 4141 δὴ
645 4069 851 4138 λέγοιεν
889 4069 1053 4139 μηδὲν
1096 4068 1194 4139 τὴν
1224 4067 1397 4140 ἀρχὴν
1446 4064 1799 4135 πεποιηκέναι
1839 4063 1933 4117 τὸν

2106 4061 2241 4115 Nam
2271 4060 2319 4116 si
2352 4059 2538 4115 dicant
2564 4058 2702 4113 nihil
2732 4056 2957 4113 omnino
2998 4055 3324 4111 admirabile
3363 4055 3614 4110 Salvalon

364 4162 594 4233 Σωτῆρα
645 4163 802 4234 ἡμῶν
840 4160 1171 4231 θαυμαστὸν,
1226 4159 1360 4230 μηδέ
1413 4174 1466 4209 τι
1514 4155 1812 4227 παράδοξον
1861 4148 1936 4209 ὧν

2039 4170 2149 4210 rem
2187 4161 2457 4219 nostrum,
2488 4168 2666 4222 neque
2695 4151 2992 4222 quidquam
3035 4150 3181 4220 quod
3218 4158 3438 4220 superet
3457 4152 3610 4221 cogi-

364 4252 749 4323 ὲμαρτύρησαν
799 4253 847 4303 οἱ
892 4249 1177 4322 γνώριμοι,
1212 4245 1537 4317 σκεψώμεθα
1573 4247 1622 4298 εί
1655 4244 1877 4309 πιθανὸς
1902 4245 1932 4297 ὁ

2039 4244 2298 4298 tationem
2330 4243 2623 4296 humanam
2657 4239 2874 4308 iecisse,
2918 4241 3099 4309 qualia
3133 4247 3263 4295 sunt
3303 4256 3425 4309 quae
3462 4241 3611 4295 illius

364 4343 519 4413 λόγος
540 4345 721 4408 αὐτοῖς
749 4342 920 4407 ἔσται,
947 4342 1019 4413 μὴ
1040 4342 1138 4413 τὴν
1165 4341 1338 4393 αἰτίαν
1370 4340 1579 4410 ἔχουσιν
1602 4337 1930 4401 ἀποδιδόναι,

2036 4332 2337 4387 familiares
2364 4331 2639 4387 testiﬁcati
2670 4338 2819 4394 sunt,
2866 4331 3152 4386 videamus
3188 4348 3319 4386 num
3344 4333 3451 4387 illis
3481 4334 3610 4389 talia

364 4436 429 4489 δι’
464 4438 529 4506 ἥν
555 4438 603 4489 οἱ
637 4436 733 4507 μὲν
767 4434 1023 4506 μαθηταὶ,
1058 4436 1086 4487 ὁ
1113 4433 1169 4486 δὲ
1196 4432 1513 4494 διδάσκαλος
1546 4430 1930 4502 ἐχρημάτισεν.

2039 4424 2348 4479 dicentibus
2375 4424 2523 4478 credi
2556 4424 2666 4477 ullo
2692 4423 2854 4477 modo
2884 4423 3080 4492 possit,
3107 4423 3312 4495 quippe
3362 4425 3453 4494 qui
3489 4428 3614 4480 nul-

367 4528 435 4580 ’Ὀ
481 4545 538 4582 τε
589 4527 697 4598 γὰρ
741 4526 1002 4580 διδάσκων
1048 4525 1377 4593 ἐπαγγελίαν
1427 4523 1749 4595 μαθήματός
1792 4540 1935 4585 τινος

367 4618 752 4686 ἐπαγγέλλεται
772 4636 784 4648 ’
818 4619 950 4671 οἵτε
983 4612 1049 4671 αὖ
1086 4618 1343 4688 μαθηταὶ,
1381 4616 1715 4688 μαθημάτων
1747 4615 1936 4686 ὀρεγό-

367 4726 538 4783 μενοι,
576 4712 714 4779 σφᾶς
744 4710 937 4773 αὐτοὺς
960 4708 1038 4780 τῷ
1060 4708 1361 4779 διδασκάλῳ
1395 4707 1793 4780 προσφέροντες
1815 4707 1934 4759 ἐπι-

362 4802 641 4871 τρέπουσι.
672 4802 803 4855 Τινα
817 4797 908 4854 οὖν
936 4801 1083 4853 ἐστὶν
1113 4802 1289 4853 εἰπεῖν
1315 4799 1488 4852 αἰτίαν
1509 4798 1614 4851 τῶν
1630 4797 1722 4851 τοῦ
1758 4795 1931 4868 Ἰησοῦ

367 4892 621 4963 μαθητῶν
639 4892 734 4961 τῆς
750 4894 843 4945 σὺν
874 4890 1333 4963 αὑτῷδιατριὸἦς,
1366 4890 1459 4943 καὶ
1489 4890 1541 4941 τί
1562 4889 1620 4942 τὸ
1637 4891 1929 4957 ἀναγκαῖον

361 4985 463 5055 τῆς
495 4984 623 5055 περὶ
653 4983 814 5036 αὑτὸν
855 4984 1123 5055 σπουδῆς;
1169 4984 1327 5036 τίνων
1372 4982 1427 5035 δὲ
1474 4982 1569 5034 καὶ
1614 4979 1930 5033 διδάσκαλον

362 5077 733 5149 ἐπεγράφοντο
786 5076 1154 5147 μαθημάτων;
1188 5077 1259 5128 Ἦ
1289 5073 1445 5127 τοῦτο
1475 5072 1665 5141 δῆλον;
1716 5071 1928 5135 πάντως

360 5167 472 5239 γάρ
497 5184 599 5219 που
628 5159 703 5219 ὧν
724 5167 852 5239 παρ’
883 5165 1046 5218 αὑτοῦ
1082 5165 1340 5236 μαθόντες
1360 5164 1438 5227 είς
1464 5163 1683 5234 ἑτέρους
1712 5161 1935 5232 ἐξήνεγ-

360 5277 494 5315 καν*
542 5253 904 5331 παραγγελίαι
951 5257 995 5310 δ’
1022 5253 1162 5329 ἦσαν
1190 5256 1338 5328 αὐτῷ
1368 5256 1655 5325 φιλοσόφου
1701 5253 1839 5324 βίου,
1872 5253 1931 5306 ὃν

362 5350 694 5423 ὑπογράφων
738 5350 920 5411 αὐτοῖς
965 5348 1139 5417 ἔλεγε·
1180 5366 1199 5399 ι
1250 5349 1343 5419 Μὴ
1391 5345 1664 5417 κτήσησθε
1709 5345 1930 5416 χρυσίον

365 5440 499 5513 μηδὲ
530 5441 769 5512 ἄργυρον
800 5441 879 5503 εἱς
909 5437 1007 5502 τὰς
1037 5436 1232 5502 ζώνας,
1273 5436 1345 5507 μὴ
1384 5437 1562 5508 πήραν
1605 5436 1684 5496 είς
1713 5433 1859 5486 ὁδόν·
1903 5452 1922 5485 ι

360 5535 456 5588 καὶ
510 5535 581 5589 τὰ
634 5536 881 5591 τοιαῦτα.
923 5536 1002 5609 Τῇ
1049 5536 1107 5590 δὲ
1163 5533 1339 5588 πάντα
1378 5529 1651 5604 διοικούσῃ
1704 5529 1932 5603 προνοίᾳ

359 5621 559 5687 αὐτοὺς
613 5623 909 5687 ἀναθέντας
928 5663 943 5688 ,
1003 5623 1168 5696 μηδὲν
1230 5622 1496 5695 μεριμνᾷν
1553 5619 1660 5676 τῶν
1731 5617 1931 5692 χρειῶν

434 5734 477 5766 ⁶⁴
510 5732 640 5789 Luc.
666 5750 819 5804 ιιιιι,
840 5734 929 5791 46.

2032 4515 2139 4569 lam
2178 4514 2391 4585 possint
2436 4514 2717 4584 assignare
2757 4529 3004 4577 causam,
3049 4521 3272 4585 propter
3313 4531 3501 4585 quam,
3553 4516 3610 4569 lii

2030 4605 2251 4676 quidem
2292 4605 2439 4660 illius
2482 4605 2762 4674 discipuli,
2798 4604 2888 4659 ille
2936 4620 3069 4660 vero
3111 4606 3308 4659 borum
3351 4607 3611 4676 magister

2030 4698 2321 4754 exstiterit.
2347 4697 2483 4751 Nam
2508 4705 2563 4751 et
2590 4696 2681 4766 qni
2708 4696 2889 4760 docet,
2926 4697 3159 4766 alicujus
3179 4696 3481 4766 disciplinae
3502 4712 3611 4750 ina-

2029 4791 2261 4863 gistrum
2297 4805 2357 4845 se
2382 4788 2670 4859 proﬁtetur
2699 4808 2712 4842 :
2740 4794 2794 4842 et
2833 4788 3092 4858 discipuli
3135 4789 3262 4845 talis
3306 4788 3610 4856 disciplinae

2035 4882 2223 4952 cupidi
2247 4882 2565 4951 magistrum
2590 4880 2881 4944 adeuntes,
2911 4880 3123 4950 seipsos
3148 4881 3221 4934 illi
3256 4880 3609 4935 instruendus

2035 4973 2403 5028 committunt.
2427 4971 2600 5038 Quam
2625 4972 2790 5043 igitur
2805 4986 3024 5025 causam
3044 4972 3133 5027 isti
3147 4970 3338 5026 aﬂ‘erre
3353 4980 3605 5040 possunt,

2036 5082 2206 5138 quare
2236 5066 2320 5121 sui
2344 5080 2467 5119 cum
2488 5062 2618 5118 Jesu
2641 5063 2898 5134 discipuli
2926 5063 3149 5128 versati,
3183 5061 3607 5132 frequentesque

2037 5158 2279 5213 fuerint?
2299 5164 2395 5212 aut
2425 5156 2687 5227 quidnam
2709 5156 2866 5220 illud,
2890 5169 3097 5224 quaeso,
3129 5161 3270 5217 erat,
3312 5153 3456 5222 quod
3486 5153 3608 5209 illos

2035 5250 2132 5306 tali
2166 5250 2285 5305 viro
2307 5252 2438 5304 dare
2469 5264 2690 5318 Operam
2723 5247 2978 5318 cogeret?
3002 5260 3232 5316 quarum
3257 5260 3421 5315 porro
3441 5246 3610 5303 disci-

2035 5343 2307 5412 plinarum
2359 5338 2844 5394 doctorem‘illum
2902 5337 3073 5392 fuisse
3119 5336 3342 5391 dicent?
3382 5353 3453 5395 an
3505 5337 3609 5391 hoc

2034 5433 2254 5505 quidem
2297 5429 2501 5484 nemini
2546 5428 2772 5482 dubium
2827 5442 2950 5482 esse
3006 5428 3219 5497 potest?
3252 5429 3412 5498 plane
3458 5428 3609 5484 enim

2038 5539 2224 5580 earum
2248 5536 2432 5577 rerum
2460 5518 2736 5573 doctorem
2759 5515 2930 5572 fuisse
2958 5532 3184 5573 necesse
3214 5525 3319 5585 est,
3356 5534 3497 5589 quas
3513 5518 3604 5588 qui

2039 5617 2109 5675 ab
2143 5615 2237 5673 illo
2273 5612 2602 5677 didicerunt,
2645 5608 2715 5664 ad
2759 5609 3002 5681 reliquos
3047 5611 3297 5668 homines
3323 5611 3604 5667 attulere:
