4126 6428
509 271 610 327 139

1179 269 1447 326 EUSEBH
1485 269 1962 328 CAESARIE‘NSIS
1998 270 2067 327 Oi

2191 270 2369 327 PARS
2407 271 2471 325 11.
2508 301 2576 312 —-
2615 269 3114 326 APOLOGETICA.

3650 273 3759 331 Sno

501 390 652 460 atqui
679 396 946 460 praecepta
979 396 1134 443 erant
1176 389 1290 443 haec
1319 389 1707 458 philosophicze
1737 390 1878 453 vitae,
1909 405 2067 459 quam

2175 389 2357 442 ἓνεκα.
2402 391 2640 461 Παρῂνει
2689 389 2734 441 δ’
2793 391 2976 452 αὐτοῖς
3027 389 3120 442 καὶ
3165 391 3275 446 τῶν
3329 387 3597 468 Ἰουδαίοις
3649 391 3757 444 ὑπὸ

503 481 610 536 illis
635 482 952 535 describens
989 478 1242 534 dicebat:
1275 501 1292 529 ι
1329 480 1507 543 Nolite
1543 479 1823 548 possidere
1859 495 2075 540 aurum.

502 588 682 642 neque
740 578 1024 642 argentum
1069 571 1125 624 in
1168 571 1325 626 zonis
1373 571 1598 633 vestris,
1655 585 1764 624 non
1807 586 1990 640 peram
2022 572 2077 624 in

503 665 588 718 via
611 664 674 728 ⁸⁸,
712 682 731 716 ο
761 672 815 718 et
842 662 944 715 alia
964 661 1252 730 ejusmodi.
1297 660 1519 730 Seipsos
1550 675 1675 716 vero
1702 661 1926 730 juhehat
1952 675 2080 730 pro-

499 755 768 820 videntiae,
787 771 906 826 quae
930 755 1112 810 omnia
1129 755 1418 825 gubernat,
1435 754 1900 816 commendantes,
1927 762 1980 807 et
2009 753 2076 806 ad

502 848 648 901 illam
679 847 996 910 referentes,
1038 863 1310 917 nusquam
1343 848 1614 902 sollicitos
1652 862 1776 900 esse
1809 845 1875 900 de
1910 845 2074 900 rebus

500 940 848 995 necessariis.
873 941 1216 994 Admonebat
1253 941 1418 994 etiam
1459 955 1576 1002 eos,
1619 946 1676 992 ut
1712 939 1877 992 altius
1913 953 2073 1007 sape-

498 1042 621 1086 rent
671 1036 776 1100 iis,
819 1049 941 1104 quze
971 1033 1176 1088 ludatis
1224 1051 1253 1088 a
1297 1033 1446 1089 Mose
1492 1040 1761 1103 praecepta
1807 1032 2020 1087 fuerant
2057 1046 2070 1079 :

502 1126 827 1194 110i|lum
847 1126 991 1179 enim
1022 1127 1194 1195 legem
1219 1126 1328 1180 illis
1362 1125 1630 1196 posuisse.
1665 1139 1774 1178 non
1801 1123 2070 1186 occidere,

497 1225 757 1287 tanquam
807 1217 1148 1287 proelivibus
1201 1218 1268 1271 ad
1321 1215 1678 1271 occidendum
1721 1233 1736 1270 :
1786 1217 1911 1269 item
1963 1229 2070 1268 non

496 1307 784 1369 mtechari,
837 1317 1095 1376 tanquam
1135 1307 1202 1362 iis
1242 1307 1334 1375 qui
1380 1305 1752 1368 lascivissimi,
1805 1314 1968 1373 atque
2016 1304 2071 1358 in

496 1399 776 1453 libidinem
820 1399 1234 1468 propensissimi
1265 1407 1467 1453 essent.
1505 1399 1716 1452 Rursus
1745 1411 1850 1450 non
1877 1395 2068 1459 furari,

494 1498 756 1559 tanquam
798 1492 995 1545 servile
1026 1491 1260 1543 maxime
1301 1490 1577 1559 ingenium
1607 1503 1716 1559 prae
1755 1503 1813 1542 se
1845 1486 2070 1541 ferenti-

494 1584 618 1637 bus.
652 1584 806 1651 Ipsos
841 1585 974 1637 vero
1021 1591 1275 1654 oportere
1325 1582 1604 1643 arbitrari,
1657 1580 1754 1634 has
1793 1579 1896 1634 sibi
1936 1579 2070 1648 ipsis

493 1687 764 1742 nusquam
793 1688 917 1729 esse
948 1673 1382 1728 accommodatas
1416 1673 1580 1742 leges,
1617 1671 1710 1725 sed
1743 1669 1910 1724 animi
1938 1670 2071 1722 libe-

2182 482 2458 545 Μωῦσέως
2509 481 2975 552 παρηγγελμένων
3033 481 3314 554 κρείττονα
3363 485 3597 554 φρονεῖν.
3652 483 3757 539 Τὸν

2185 572 2283 642 μὲν
2326 572 2455 643 γὰρ,
2490 567 2578 625 οἷα
2606 573 2916 644 προχείροις
2944 575 3024 636 είς
3051 573 3427 644 ἀνδροφονίας,
3461 577 3758 648 νομοθετῆ-

2182 680 2270 716 σαι
2304 663 2378 734 μὴ
2409 663 2678 732 φονεύειν·
2714 663 2972 727 ὡσαύτως
2997 664 3053 716 δὲ
3087 665 3182 718 καὶ
3225 666 3299 738 μὴ
3335 667 3625 737 μοιχεύειν,
3667 665 3756 723 οἶα

2179 753 2586 823 λαγνιστάτοις,
2628 756 2720 808 καὶ
2766 756 3275 827 καταφερεστάτοις.
3319 761 3428 812 Καὶ
3472 757 3538 815 αὖ
3594 762 3756 818 πάλιν

2183 848 2257 919 μὴ
2287 848 2560 910 κλέπτειν,
2588 843 2674 900 οἷα
2705 848 3274 921 δουλοπρεπεστάτοις.
3309 852 3517 916 Αὐτοὺς
3549 853 3604 906 δὲ
3643 854 3754 910 δεῖν

2176 938 2398 1002 τούτους
2443 940 2538 1009 μὲν
2575 939 2820 1010 ἡγεῖσθαι
2864 940 2938 1010 μὴ
2970 943 3266 1012 προσήκειν
3303 944 3484 1006 αὐτοῖς
3515 947 3640 1008 τοὺς
3666 948 3753 1000 νό-

2179 1046 2334 1100 μους.
2369 1029 2430 1082 τὸ
2462 1030 2504 1082 δ’
2533 1029 2738 1092 ἀπαθὲς
2766 1031 2864 1099 τῆς
2895 1030 3073 1101 ψυχῆς
3098 1033 3222 1102 περὶ
3247 1032 3440 1085 πολλοῦ
3476 1038 3750 1106 προτιμᾷν

2177 1123 2416 1176 κάτωθεν
2450 1125 2512 1176 ἐκ
2535 1123 2729 1192 βάθους
2750 1122 2914 1192 αὐτῆς
2937 1122 3194 1187 διανοίας,
3220 1123 3407 1196 ὥσπερ
3433 1125 3540 1177 ἀπὸ
3563 1125 3747 1195 ῥιζῶν,

2173 1215 2241 1268 τά
2256 1216 2353 1284 τῆς
2377 1215 2573 1277 κακίας
2593 1213 2996 1285 ἀποτέμνοντας
3015 1214 3384 1286 βλαστήματα·
3406 1218 3499 1268 καὶ
3529 1221 3750 1288 κρατεῖν

2177 1308 2272 1376 μὲν
2299 1306 2469 1377 ὀργῆς
2502 1307 2596 1359 καὶ
2626 1306 2807 1376 πάσης
2847 1307 3078 1378 αἰσχρᾶς
3111 1307 3406 1377 ἐπιθυμίας
3433 1309 3744 1380 πειρᾶσθαι,

2175 1397 2372 1467 μᾶλλον
2413 1398 2469 1450 δὲ
2521 1399 2654 1468 μηδὲ
2702 1399 3014 1469 ὀργίζεσθαι
3061 1399 3128 1452 δι’
3159 1400 3334 1470 ἄκραν
3378 1399 3555 1469 ψυχῆς
3607 1401 3750 1454 ἀπά-

2172 1488 2343 1554 θειαν,
2395 1490 2528 1561 μηδέ
2583 1491 2941 1560 προσϐλέπειν
2989 1494 3220 1558 γυναῖκα
3273 1491 3408 1561 μετὰ
3458 1491 3748 1562 ἐπιθυμίας

2170 1580 2498 1634 ἀκολάστου·
2553 1582 2686 1652 μηδὲ
2744 1582 3014 1645 κλέπτειν,
3063 1583 3370 1635 τούναντίον
3415 1583 3492 1644 δὲ,
3543 1585 3635 1636 καὶ
3679 1585 3748 1638 τά

2169 1672 2342 1724 οἰκεῖα
2373 1672 2658 1742 προΐεσθαι
2708 1674 2818 1734 τοῖς
2863 1672 3170 1742 δεομένοις·
3216 1672 3351 1725 ἀλλά
3383 1674 3515 1744 μηδὲ
3551 1675 3749 1745 σεμνύ-

493 1765 760 1818 rationem
793 1766 862 1819 ab
883 1765 1031 1818 omni
1065 1765 1253 1818 morbo
1291 1763 1510 1834 plurimi
1539 1762 1737 1826 facere,
1770 1762 1916 1816 etab
1944 1762 2067 1816 imis

2169 1761 2355 1814 νεσθαι
2377 1764 2468 1815 ἐπί
2496 1762 2573 1832 τῷ
2608 1762 2681 1833 μὴ
2716 1765 3058 1835 ἀποστερεῖν,
3085 1763 3196 1815 ἀλλ’
3223 1765 3316 1816 ἐπὶ
3347 1765 3424 1835 τῷ
3453 1766 3579 1828 τοὺς
3606 1767 3746 1834 σφᾶς

493 1856 743 1924 partibus
763 1872 826 1911 ac
857 1856 923 1911 de
952 1855 1223 1926 profundo
1246 1856 1616 1925 cogitationis,
1637 1863 1895 1924 tanquam
1921 1870 1950 1907 a
1980 1869 2068 1908 ra-

493 1947 710 2004 dicibus
761 1947 1026 2001 malitiam
1073 1947 1430 2017 pullulantem
1480 1961 1763 2012 resecare,
1821 1947 2069 2017 iramque

492 2045 658 2109 atque
687 2053 904 2092 omnem
933 2037 1117 2093 minus
1152 2038 1438 2092 honestam
1470 2036 1821 2106 cupiditatem
1848 2038 2068 2092 vincere

494 2131 768 2193 coronari,
804 2145 868 2184 ac
897 2131 1081 2199 potius
1115 2145 1179 2185 ex
1219 2144 1433 2185 summa
1471 2131 1635 2184 animi
1675 2130 2069 2200 tranquillitate

504 2236 571 2274 ne
601 2219 759 2274 irasci
783 2220 1022 2288 quidem,
1049 2235 1226 2290 neque
1255 2220 1538 2274 mulierem
1572 2235 1695 2273 eum
1729 2220 1954 2274 libidine
1984 2219 2068 2272 in-

502 2311 660 2374 tueri,
692 2326 755 2364 ac
803 2326 909 2365 non
942 2311 1102 2366 modo
1157 2326 1268 2364 non
1320 2309 1516 2375 furari,
1564 2311 1659 2365 sed
1709 2319 1934 2377 contra,
1978 2325 2067 2365 res

497 2404 658 2458 etiam
684 2418 814 2458 suas
850 2402 1219 2473 indigentibus
1251 2417 1498 2472 erogare.
1523 2400 1709 2472 Neque
1747 2418 1876 2457 vero
1908 2403 1963 2455 in
2000 2417 2067 2456 eo

494 2494 738 2565 gloriari,
789 2493 934 2562 quod
978 2494 1153 2547 aliena
1197 2493 1340 2547 inter
1382 2509 1441 2548 se
1479 2509 1590 2548 non
1641 2493 1936 2557 auferrent,
1972 2494 2066 2548 sed

489 2585 634 2655 quod
678 2585 780 2646 eis,
822 2584 915 2653 qui
963 2599 1023 2637 se
1063 2583 1225 2652 primi
1277 2583 1630 2653 spoliassent,
1673 2599 1886 2638 omnem
1920 2585 2065 2651 inju-

487 2675 628 2727 riam
654 2673 1007 2726 remitterent.
1032 2671 1096 2725 Et
1122 2673 1253 2742 quid
1283 2688 1424 2742 opus
1459 2682 1544 2728 est
1572 2689 1657 2728 me
1691 2673 1872 2726 omnia
1912 2689 2067 2742 repe-

487 2775 625 2826 tere,
660 2778 1002 2833 quzecunque
1031 2771 1125 2816 aut
1158 2764 1248 2818 ille
1271 2764 1480 2828 docuit,
1504 2772 1596 2817 aut
1620 2763 1695 2816 illi
1725 2763 2068 2817 didicerunt?

488 2871 614 2924 nam
647 2865 842 2926 praeter
864 2864 1085 2918 caetera,
1111 2856 1235 2910 illos
1262 2857 1334 2909 ita
1352 2857 1634 2911 veritatem
1668 2856 1920 2926 amplecti
1945 2856 2066 2910 hor-

484 2948 729 3011 tabatur,
766 2955 826 3000 ut
859 2963 925 3002 ne
966 2947 1091 3016 jure
1119 2946 1336 3016 quidem
1363 2947 1602 3017 jurando
1647 2947 1973 3019 indigerent,
2002 2964 2064 3003 ac

483 3041 656 3095 multo
689 3038 910 3110 quidem
951 3039 1134 3093 minus
1165 3039 1427 3108 perjurio.
1474 3041 1552 3092 lta
1586 3056 1715 3094 vero
1747 3055 1807 3095 se
1861 3041 1968 3094 vita
2000 3056 2064 3095 ac

484 3131 731 3186 moribus
762 3144 1102 3200 comparare,
1143 3139 1197 3184 ut
1248 3131 1393 3200 quod
1423 3131 1688 3197 dicerent,
1733 3133 1881 3187 omni
1909 3133 2062 3201 jure—
2090 3117 2131 3172 (ἶ

481 3224 718 3294 jurando
748 3225 954 3278 certius
991 3223 1303 3284 haberetur,
1331 3225 1745 3294 progredientes
1773 3225 1841 3280 ad
1871 3226 1922 3279 id
1965 3243 2060 3282 us-

485 3331 595 3386 que
643 3312 912 3370 sermonis
942 3321 998 3366 ut
1032 3329 1130 3382 pro
1158 3313 1514 3370 afﬁrmatione
1553 3317 1816 3384 dicerent,
1843 3317 2016 3370 Etiam
2044 3337 2058 3372 :

485 3422 582 3476 pro
611 3408 918 3478 negatione,
946 3405 1064 3460 Non
1095 3426 1108 3459 :
1141 3415 1194 3460 et
1221 3423 1344 3461 cum
1379 3409 1606 3464 veritate
1633 3409 1943 3479 hujusmodi
1969 3426 2062 3463 vo-

486 3501 642 3553 cibus
671 3507 976 3554 uterentur.
1008 3500 1414 3569 lnterrogemus
1440 3500 1627 3570 igitur,
1664 3516 1828 3570 quam
1861 3501 2058 3569 proba-

487 3593 754 3646 bilitatem
797 3591 1014 3654 habeat,
1039 3590 1228 3643 talium
1263 3589 1718 3645 documentorum
1755 3591 2054 3655 auditores,

485 3700 548 3738 ac
572 3677 751 3754 potius
770 3683 879 3752 jam
912 3682 1202 3750 magistros
1217 3680 1460 3743 effectos,
1481 3681 1749 3752 suspicari
1779 3684 2054 3745 mentitos,

483 3791 823 3846 quacunque
859 3790 1018 3830 suum
1065 3782 1453 3844 praeceptorem
1495 3773 1744 3829 eﬂecisse
1781 3774 2058 3829 testificati

484 3866 649 3921 sunt?
677 3873 771 3919 aut
800 3880 963 3936 quam
999 3863 1335 3919 credibiliter
1373 3862 1600 3928 faciant,
1638 3863 1685 3918 si
1721 3872 1912 3934 putent
1935 3864 2057 3921 illos

482 3971 673 4012 omnes
706 3956 811 4011 sibi
838 3956 980 4009 inter
1011 3970 1071 4010 se
1095 3955 1447 4010 consensisse
1474 3954 1534 4008 in
1567 3954 1886 4010 mendacio?
1917 3954 2057 4009 duo-

2168 1859 2490 1928 ἀποστερεῖν
2544 1858 3024 1929 προηγουμένους,
3080 1857 3476 1926 ἀμνησικάκως
3537 1859 3739 1928 φέρειν.

2169 1948 2278 2000 Καὶ
2317 1947 2370 1999 τί
2412 1965 2480 2018 με
2529 1949 2632 2020 χρὴ
2683 1951 3008 2015 συναγαγεῖν
3056 1947 3216 2000 πάνθ’
3254 1949 3353 2000 ὅσα
3380 1949 3409 2000 ό
3446 1949 3542 2018 μὲν
3571 1949 3745 2002 ἐδίδα-

2169 2058 2317 2103 σκεν,
2352 2042 2400 2093 οἱ
2440 2040 2484 2093 δ’
2535 2041 2834 2110 ἐμάνθανον
2861 2057 2874 2104 ;
2903 2039 3135 2111 παρῄνει
3175 2038 3220 2091 δ’
3256 2040 3440 2103 αὐτοῖς
3470 2041 3604 2110 πρὸς
3632 2043 3747 2103 τοῖς

2166 2133 2344 2195 ἄλλοις
2389 2133 2488 2202 τῆς
2518 2133 2773 2202 ἀληθείας
2817 2132 2989 2195 οὓτως
3037 2133 3274 2203 ἔχεσθαι,
3310 2133 3385 2196 ώς
3429 2134 3552 2202 μηδ’
3587 2135 3746 2204 εὐορ-

2168 2225 2292 2286 κίας
2333 2224 2561 2286 δεῖσθαι,
2599 2224 2795 2277 πολλοῦ
2835 2224 2916 2276 δεῖ
2953 2227 3254 2296 ἐπιορκεῖν·
3306 2226 3744 2296 παρασκευάζειν

2166 2313 2222 2367 δὲ
2253 2314 2343 2366 τὸν
2387 2315 2586 2384 τρόπον
2634 2315 2833 2378 παντὸς
2872 2317 3034 2386 ὅρκου
3082 2316 3396 2386 πιστότερον
3440 2316 3737 2384 φαίνεσθαι,

2171 2408 2330 2478 μέχρι
2374 2407 2466 2460 τοῦ
2500 2405 2605 2459 Ναὶ
2639 2408 2734 2460 καλ⁵
2786 2410 2879 2460 τοῦ
2915 2406 2989 2459 Οὓ
3031 2408 3359 2478 χωροῦντας,
3395 2410 3490 2460 σὺν
3519 2407 3744 2479 ἀληθεία

2167 2502 2277 2561 τοῖς
2328 2499 2534 2568 ῥήμασι
2580 2497 2911 2568 χρωμένους.
2954 2499 3222 2551 Πευστέον
3262 2499 3464 2561 τοίνυν,
3511 2499 3633 2551 τίνα
3679 2498 3744 2551 ἂν

2167 2589 2279 2659 ἔχοι
2316 2589 2474 2656 λόγον
2510 2589 2636 2651 τοὺς
2672 2588 2779 2640 τῶν
2828 2590 3039 2642 τοιωνδὶ
3079 2592 3373 2660 ἀκροατὰς,
3407 2591 3506 2660 ἤδη
3551 2591 3605 2644 δὲ
3651 2593 3744 2643 καὶ

2166 2677 2511 2739 διδασκάλους
2547 2676 2655 2729 τῶν
2688 2677 2864 2729 αὐτῶν
2901 2677 3102 2746 φύντας
3134 2679 3493 2749 μαθημάτων,
3528 2679 3738 2732 πεπλᾶ-

2169 2769 2288 2821 σθαι
2342 2770 2616 2831 ὑπονοεῖν,
2669 2770 2767 2820 ὃσα
2822 2768 3220 2839 διαπράξασθαι
3276 2771 3365 2823 τὸν
3424 2770 3741 2824 διδάσκαλον

2167 2857 2570 2930 ἐμαρτύρησαν.
2603 2859 2665 2910 Τί
2706 2859 2762 2910 δὲ
2788 2861 2847 2912 τὸ
2882 2861 3105 2913 πιθανὸν
3132 2862 3225 2914 τοῦ
3255 2862 3493 2932 νομίζειν
3518 2861 3741 2933 συμφώ-

2166 2967 2271 3014 νως
2306 2949 2552 3012 ἅπαντας
2593 2950 2915 3019 ψεύσασθαι,
2959 2951 3168 3005 δώδεκα
3213 2953 3374 3016 ὄντας
3399 2955 3486 3006 τὸν
3511 2953 3742 3026 ἀριθμὸν

2165 3042 2289 3103 τοὺς
2331 3039 2636 3109 ἐκκρίτους,
2682 3039 3050 3110 ἐϐδομήκοντα
3089 3040 3144 3092 δὲ
3188 3043 3315 3103 τοὺς
3353 3041 3601 3105 λοιπούς,
3646 3038 3742 3104 οὒς

2167 3135 2259 3186 καὶ
2281 3133 2592 3186 ἀποστεῖλαι
2614 3132 2829 3200 λέγεται
2858 3132 2962 3184 ἀνὰ
2991 3132 3083 3184 δύο
3107 3133 3212 3204 πρὸ
3237 3133 3528 3204 προσώπου
3552 3133 3737 3197 αὑτοῦ,

2167 3225 2246 3286 είς
2279 3222 2454 3275 πάντα
2482 3221 2645 3273 τόπον
2673 3221 2766 3273 καὶ
2796 3220 2979 3291 χώραν
3015 3215 3074 3274 οὗ
3123 3221 3344 3291 ἔμελλεν
3389 3221 3550 3284 αὐτὸς
3585 3221 3740 3292 ἔρχε-

2169 3311 2310 3364 σθαι.
2369 3311 2508 3364 Ἀλλ’
2541 3310 2714 3373 οὐδεὶς
2757 3313 2900 3381 αἱρεῖ
2927 3310 3079 3378 λόγος
3128 3310 3470 3364 ἀπιστεῖσθαι
3516 3310 3739 3364 τοσοῦτο

2168 3401 2372 3469 πλῆθος
2420 3400 2632 3472 ἀνδρῶν
2663 3400 2860 3470 εὐσεϐῆ
2893 3402 2986 3452 καὶ
3015 3402 3207 3470 σεμνὸν
3256 3401 3367 3471 βίον
3415 3402 3737 3471 ἀσπασαμέ-

2169 3511 2295 3556 νων,
2332 3493 2426 3546 καὶ
2477 3494 2694 3545 πάντων
2749 3491 2846 3562 μὲν
2883 3493 2992 3545 τῶν
3041 3493 3254 3546 οἰκείων
3287 3493 3736 3564 ὠλιγωρηκότων,

2165 3586 2285 3639 ἀντὶ
2313 3586 2369 3638 δὲ
2403 3585 2512 3638 τῶν
2549 3584 2839 3652 φιλτάτων,
2877 3585 3133 3653 γυναικὸς
3175 3585 3338 3653 λέγω,
3383 3585 3474 3637 καῖ⁵
3510 3575 3736 3646 παίδων,

2166 3680 2259 3731 καὶ
2284 3679 2483 3742 παντὸς
2523 3677 2736 3746 γένους,
2768 3677 2856 3730 τὸν
2901 3678 3184 3746 ἀκτήμονα
3216 3677 3415 3748 τρόπον
3449 3677 3738 3747 ἑλομένων,

2166 3771 2260 3824 καὶ
2288 3771 2388 3842 τὴν
2427 3772 2554 3841 περὶ
2591 3769 2684 3823 τού
2722 3768 3042 3824 διδασκάλου
3077 3769 3379 3840 μαρτυρίαν
3429 3769 3736 3840 σύμφωνον,

2161 3861 2238 3926 ὡς
2265 3863 2357 3932 ἀφ’
2382 3863 2500 3926 ἐνὸς
2539 3863 2824 3932 στόματος,
2860 3863 2939 3924 είς
2963 3862 3171 3924 πάντας
3199 3860 3521 3933 ἀνθρώπους
3555 3860 3708 3930 ἐξενη
3726 3889 3740 3901 ο

2164 3954 2415 4024 νοχότων.

483 4049 660 4103 decim
689 4046 908 4117 quidem
951 4045 1019 4100 de
1059 4047 1209 4100 omni
1259 4061 1490 4100 numero
1513 4047 1740 4110 electos,
1773 4049 2115 4118 septuaginta
2159 4057 2336 4100 autem
2366 4048 2648 4117 reliquos?
2687 4048 2836 4114 Quos
2870 4047 3029 4102 etiam
3068 4045 3228 4101 binos
3277 4047 3494 4100 misisse
3538 4046 3734 4098 dicitur

488 4149 611 4193 ante
642 4138 835 4191 faciem
865 4152 1042 4203 suam,
1074 4136 1143 4190 ad
1187 4151 1402 4190 omnem
1455 4137 1632 4192 locum
1667 4147 1722 4194 et
1748 4140 2048 4209 regionem.
2085 4155 2194 4208 quo
2221 4148 2339 4195 erat
2365 4141 2482 4210 ipse
2540 4148 2824 4195 venturus.
2853 4138 2956 4193 Sed
2992 4139 3141 4192 nulla
3177 4154 3418 4208 unquam
3481 4138 3737 4191 afferetur

488 4231 648 4293 ratio,
679 4244 849 4298 quare
883 4237 1046 4283 tantae
1088 4229 1422 4283 multitudini
1455 4231 1733 4285 hominum
1783 4233 2116 4288 credendum
2159 4250 2269 4288 non
2311 4235 2403 4297 sit,
2437 4234 2530 4305 qui
2568 4232 2789 4304 quidem
2837 4231 3146 4302 religiosam
3201 4245 3532 4300 gravemque
3568 4229 3735 4280 vitam

487 4323 720 4392 amplexi
760 4323 891 4386 sint,
950 4336 1147 4391 resque
1193 4337 1385 4377 omnes
1443 4340 1573 4379 suas
1609 4326 1907 4394 aspernati,
1934 4337 1987 4382 et
2017 4344 2118 4398 pro
2151 4328 2512 4390 charissimis,
2549 4342 2739 4388 uxore,
2773 4326 3024 4396 inquam,
3056 4332 3111 4379 et
3161 4325 3350 4379 liberis
3384 4333 3437 4377 ct
3468 4323 3616 4376 omni
3645 4338 3738 4391 ge-

487 4429 637 4475 nere,
681 4413 896 4482 inopem
929 4413 1134 4468 victum
1176 4414 1457 4482 elegerint,
1479 4431 1543 4470 ac
1571 4416 1638 4472 de
1666 4433 1766 4472 suo
1801 4428 2134 4490 praeceptore
2165 4436 2398 4476 concors
2430 4419 2821 4482 testimonium,
2860 4427 3118 4487 tanquam
3151 4432 3261 4470 uno
3302 4431 3418 4480 ore,
3449 4415 3504 4470 in
3549 4430 3740 4469 omnes

484 4508 732 4564 homines
764 4507 1104 4575 protulerint.

553 4597 814 4668 Princeps
837 4598 1000 4668 igitur
1026 4599 1139 4654 haae
1163 4609 1216 4655 et
1240 4601 1414 4670 prima
1431 4609 1485 4655 et
1514 4618 1640 4658 vera
1659 4603 1730 4658 sit
1759 4605 1921 4660 ratio.
1950 4603 2055 4658 Sed
2094 4611 2135 4665 ι)

481 4691 812 4745 contrariam
841 4706 1057 4760 quoque
1095 4702 1404 4762 spectemus
1439 4714 1452 4750 :
1490 4697 1542 4750 in
1573 4711 1677 4765 qua
1715 4698 1906 4750 saltem
1938 4697 2054 4765 pri-

482 4799 629 4837 mum
649 4782 779 4836 illud
796 4791 1030 4849 constet,
1045 4784 1310 4852 nobisque
1326 4801 1446 4839 cum
1471 4787 1578 4840 illis
1592 4787 2055 4848 conveniat,hunc

481 4877 700 4947 quidem
745 4877 914 4932 fuisse
960 4890 1369 4949 praeceptorem,
1410 4881 1531 4937 illos
1579 4897 1705 4936 vero
1729 4883 2050 4953 discipulos.

489 4967 642 5036 ιιι
674 4965 876 5020 Deinde
901 4969 1168 5037 fingamus
1197 4969 1346 5022 illum
1385 4986 1492 5025 non
1517 4987 1579 5025 ea
1613 4989 1732 5041 quae
1759 4973 1872 5041 jam
1905 4973 2051 5026 dicta

483 5068 632 5121 sunt,
661 5058 935 5123 docuisse,
959 5059 1053 5113 sed
1090 5061 1195 5115 illis
1233 5061 1391 5130 plane
1430 5064 1710 5116 contraria
1744 5065 1944 5130 facere,
1967 5066 2052 5117 vi-

481 5151 678 5206 delicet
700 5161 890 5206 contra
919 5153 1083 5222 leges,
1121 5153 1283 5222 impie
1313 5153 1620 5223 injusteque
1679 5171 1861 5224 agere,
1897 5171 2060 5223 supe-

481 5257 625 5306 rare,
657 5245 888 5311 spoliare
935 5251 1182 5308 caeteros,
1212 5252 1265 5298 et
1298 5245 1343 5298 si
1395 5246 1524 5314 quid
1562 5245 1743 5308 aliud,
1809 5246 1954 5316 quod
1992 5246 2056 5300 ad

483 5334 741 5386 malitiam
778 5333 1068 5402 pertineat,
1094 5333 1201 5387 dici
1233 5342 1412 5402 potest
1446 5353 1458 5386 :
1494 5335 1661 5388 latere
1704 5346 1886 5388 autem
1922 5335 2058 5391 iniis

489 5419 745 5475 omnibus
802 5422 1014 5485 conari,
1062 5432 1119 5477 et
1150 5423 1424 5492 ejusmodi
1481 5439 1661 5478 mores
1713 5425 2060 5480 simulatione

484 5510 748 5566 doctrina:
769 5514 1056 5583 gravioris,
1089 5523 1143 5570 et
1165 5531 1304 5571 nova
1335 5516 1680 5587 professione
1716 5516 1937 5588 pietatis
1959 5517 2058 5572 ob-

554 5667 600 5699 ⁶⁸
627 5665 755 5722 Luc.
787 5682 841 5729 ι.
873 5668 926 5721 ι.

2243 4598 2301 4650 ὐ
2365 4597 2463 4668 μὲν
2525 4592 2616 4649 οὖν
2679 4596 2865 4668 κύριος
2935 4595 3030 4649 καὶ
3090 4595 3304 4664 πρῶτος
3370 4594 3463 4648 καὶ
3532 4595 3738 4667 ἀληθὴῖ

2158 4691 2315 4759 λόγος
2368 4691 2453 4760 εἴη
2499 4689 2566 4743 ἂν
2617 4684 2789 4752 οὗτος.
2835 4687 3170 4758 Σκεψώμεθα
3212 4688 3267 4740 δὲ
3315 4688 3407 4739 καὶ
3448 4687 3538 4739 τὸν
3585 4689 3739 4740 ἐναν-

2157 4783 2290 4835 τίον.
2343 4782 2522 4834 Ἔστω
2563 4781 2672 4852 γὰρ
2713 4783 2742 4833 ό
2795 4781 2894 4851 μὲν
2938 4781 3275 4844 διδάσκαλος,
3306 4780 3354 4831 οἱ
3387 4779 3442 4832 δέ
3477 4779 3734 4850 μαθηταί.

2159 4870 2272 4927 Εἶθ’
2301 4873 2376 4936 ώς
2410 4873 2466 4925 ἐν
2484 4871 2737 4925 ὑποθέσει
2769 4871 2948 4940 λόγου,
2985 4872 3012 4923 ὁ
3037 4871 3132 4941 μὲν
3157 4871 3230 4941 μὴ
3252 4871 3320 4922 τά
3337 4870 3740 4941 προλελεγμένα

2157 4966 2470 5028 διδασκέτω,
2519 4964 2587 5017 τὰ
2633 4963 2676 5016 δ’
2712 4963 2938 5024 ἐκείνοις
2995 4961 3231 5023 ἐναντία,
3277 4965 3614 5032 παρανομεῖν
3645 4961 3739 5031 δη-

2157 5059 2307 5130 λαδὴ,
2342 5059 2437 5111 καὶ
2471 5057 2706 5118 ἀσεϐεῖν,
2744 5055 2838 5108 κα)⁸
2871 5054 3092 5115 ἀδικεῖν,
3123 5055 3217 5106 καὶ
3244 5053 3605 5116 πλεονεκτεῖν,
3643 5058 3739 5108 καὶ

2153 5152 2491 5221 ἀποστερεῖν,
2529 5148 2618 5201 καὶ
2650 5147 2701 5199 εἴ
2733 5164 2785 5198 τι
2823 5147 3009 5216 ἕτερον
3043 5145 3211 5197 κακὸν
3254 5143 3466 5211 λέγοιτο
3488 5161 3500 5173 ·
3537 5143 3738 5198 λανθά-

2153 5259 2262 5293 νειν
2313 5242 2357 5294 δ’
2401 5242 2492 5293 ἐπὶ
2545 5242 2678 5291 πᾶσι
2729 5239 2938 5300 τούτοις
2988 5233 3328 5299 σπουδάζειν,
3371 5236 3466 5288 κα)⁸
3507 5235 3568 5287 τὸ
3607 5231 3740 5306 ἦθος

2155 5332 2278 5403 μάλ’
2304 5331 2518 5400 εὐφυῶς
2567 5327 2995 5401 ἐπικρύπτεσθαι
3043 5329 3389 5399 προσχήματι
3421 5325 3626 5396 σεμνῆς
3659 5325 3738 5377 δι-

2151 5423 2447 5486 δασκαλίας
2499 5422 2594 5474 καὶ
2631 5421 2912 5483 εὐσεϐείας
2959 5420 3259 5489 ἐπαγγελία
3309 5418 3519 5487 καινῆς.
3570 5418 3632 5468 Oi
3683 5416 3739 5468 δὲ

2152 5515 2325 5570 ταῦτα
2355 5513 2824 5586 μετερχέσθωσαν,
2870 5514 2964 5566 καὶ
3011 5511 3078 5564 τὰ
3110 5510 3316 5564 τούτων
3351 5509 3432 5562 ἐτι
3462 5507 3738 5579 μοχθηρό-
