  <div class='ocr_page' id='page_1' title='image "/cluster/home/n/w/nwhite01/storage/ocr_20150623/22:no.4/coo.31924054873025/114.png"; bbox 0 0 4126 6414; ppageno 0'>
   <div class='ocr_carea' id='block_1_1' title="bbox 395 369 499 423">
    <p class='ocr_par' dir='ltr' id='par_1_1' title="bbox 395 369 499 423">
     <span class='ocr_line' id='line_1_1' title="bbox 395 369 499 423; baseline -0.01 0"><span class='ocrx_word' id='word_1_1' title='bbox 395 369 499 423; x_wconf 68' lang='grc'><strong>201</strong></span> 
     </span>
    </p>
   </div>
   <div class='ocr_carea' id='block_1_2' title="bbox 1306 330 2755 406">
    <p class='ocr_par' dir='ltr' id='par_1_2' title="bbox 1306 330 2755 406">
     <span class='ocr_line' id='line_1_2' title="bbox 1306 330 2755 406; baseline -0.014 -1"><span class='ocrx_word' id='word_1_2' title='bbox 1306 341 1963 406; x_wconf 76' lang='lat' dir='ltr'><strong>DEMONSTRATIONIS</strong></span> <span class='ocrx_word' id='word_1_3' title='bbox 2001 334 2457 394; x_wconf 64' lang='lat' dir='ltr'><strong>EVANGELICAS</strong></span> <span class='ocrx_word' id='word_1_4' title='bbox 2498 334 2626 388; x_wconf 88' lang='lat' dir='ltr'><strong>LIB.</strong></span> <span class='ocrx_word' id='word_1_5' title='bbox 2666 330 2755 385; x_wconf 83' lang='grc'><strong>111.</strong></span> 
     </span>
    </p>
   </div>
   <div class='ocr_carea' id='block_1_3' title="bbox 3527 330 3636 386">
    <p class='ocr_par' dir='ltr' id='par_1_3' title="bbox 3527 330 3636 386">
     <span class='ocr_line' id='line_1_3' title="bbox 3527 330 3636 386; baseline 0.028 -3"><span class='ocrx_word' id='word_1_6' title='bbox 3527 330 3636 386; x_wconf 72' lang='grc'><strong>202</strong></span> 
     </span>
    </p>
   </div>
   <div class='ocr_carea' id='block_1_4' title="bbox 400 447 1980 550">
    <p class='ocr_par' dir='ltr' id='par_1_4' title="bbox 400 461 1973 550">
     <span class='ocr_line' id='line_1_4' title="bbox 400 461 1973 550; baseline -0.013 -18"><span class='ocrx_word' id='word_1_7' title='bbox 400 494 554 550; x_wconf 80' lang='grc' dir='ltr'>τερα,</span> <span class='ocrx_word' id='word_1_8' title='bbox 586 476 674 529; x_wconf 66' lang='grc' dir='ltr'><strong>διά</strong></span> <span class='ocrx_word' id='word_1_9' title='bbox 705 474 765 527; x_wconf 82' lang='grc' dir='ltr'><strong>τδ</strong></span> <span class='ocrx_word' id='word_1_10' title='bbox 809 470 1043 545; x_wconf 79' lang='grc' dir='ltr'><strong>προαλὲς</strong></span> <span class='ocrx_word' id='word_1_11' title='bbox 1083 469 1185 537; x_wconf 87' lang='grc' dir='ltr'><strong>τῆς</strong></span> <span class='ocrx_word' id='word_1_12' title='bbox 1222 467 1419 530; x_wconf 84' lang='grc' dir='ltr'>κακίας</span> <span class='ocrx_word' id='word_1_13' title='bbox 1462 466 1556 519; x_wconf 72' lang='grc' dir='ltr'><strong>καὶ</strong></span> <span class='ocrx_word' id='word_1_14' title='bbox 1595 461 1973 517; x_wconf 79' lang='grc' dir='ltr'>αὐτοδίδακτον</span> 
     </span>
    </p>
   </div>
   <div class='ocr_carea' id='block_1_5' title="bbox 2082 447 3719 550">
    <p class='ocr_par' dir='ltr' id='par_1_5' title="bbox 2082 447 3719 525">
     <span class='ocr_line' id='line_1_5' title="bbox 2082 447 3719 525; baseline -0.003 -17"><span class='ocrx_word' id='word_1_15' title='bbox 2082 464 2273 525; x_wconf 88' lang='lat' dir='ltr'><strong>legere.</strong></span> <span class='ocrx_word' id='word_1_16' title='bbox 2316 453 2424 522; x_wconf 92' lang='lat' dir='ltr'><strong>lpsi</strong></span> <span class='ocrx_word' id='word_1_17' title='bbox 2477 466 2607 506; x_wconf 82' lang='lat' dir='ltr'><strong>vero</strong></span> <span class='ocrx_word' id='word_1_18' title='bbox 2646 447 2901 518; x_wconf 77' lang='lat' dir='ltr'><strong>discipuli</strong></span> <span class='ocrx_word' id='word_1_19' title='bbox 2948 458 3002 503; x_wconf 89' lang='lat' dir='ltr'><strong>et</strong></span> <span class='ocrx_word' id='word_1_20' title='bbox 3056 448 3142 504; x_wconf 90' lang='lat' dir='ltr'><strong>his</strong></span> <span class='ocrx_word' id='word_1_21' title='bbox 3162 455 3540 515; x_wconf 74' lang='lat' dir='ltr'><strong>exerceantur,</strong></span> <span class='ocrx_word' id='word_1_22' title='bbox 3580 458 3634 504; x_wconf 87' lang='lat' dir='ltr'><strong>et</strong></span> <span class='ocrx_word' id='word_1_23' title='bbox 3714 448 3719 451; x_wconf 82' lang='grc'><em>’</em></span> 
     </span>
    </p>
   </div>
   <div class='ocr_carea' id='block_1_6' title="bbox 400 550 1973 639">
    <p class='ocr_par' dir='ltr' id='par_1_6' title="bbox 400 550 1973 639">
     <span class='ocr_line' id='line_1_6' title="bbox 400 550 1973 639; baseline -0.015 -16"><span class='ocrx_word' id='word_1_24' title='bbox 400 569 597 639; x_wconf 78' lang='grc' dir='ltr'>αὐτῆς·</span> <span class='ocrx_word' id='word_1_25' title='bbox 640 566 732 618; x_wconf 67' lang='grc' dir='ltr'><strong>ἐπὶ</strong></span> <span class='ocrx_word' id='word_1_26' title='bbox 776 564 914 635; x_wconf 90' lang='grc' dir='ltr'>μέγα</span> <span class='ocrx_word' id='word_1_27' title='bbox 957 561 1012 613; x_wconf 87' lang='grc' dir='ltr'>δὲ</span> <span class='ocrx_word' id='word_1_28' title='bbox 1052 559 1306 620; x_wconf 79' lang='grc' dir='ltr'><strong>πλαστοῖς</strong></span> <span class='ocrx_word' id='word_1_29' title='bbox 1353 557 1589 626; x_wconf 77' lang='grc' dir='ltr'>ῥήμασιν</span> <span class='ocrx_word' id='word_1_30' title='bbox 1638 550 1973 621; x_wconf 75' lang='grc' dir='ltr'><strong>ἐπαιρόντων</strong></span> 
     </span>
    </p>
   </div>
   <div class='ocr_carea' id='block_1_7' title="bbox 400 640 1968 724">
    <p class='ocr_par' dir='ltr' id='par_1_7' title="bbox 400 640 1968 724">
     <span class='ocr_line' id='line_1_7' title="bbox 400 640 1968 724; baseline -0.016 -10"><span class='ocrx_word' id='word_1_31' title='bbox 400 662 491 716; x_wconf 71' lang='grc' dir='ltr'><strong>τδν</strong></span> <span class='ocrx_word' id='word_1_32' title='bbox 524 656 851 719; x_wconf 88' lang='grc' dir='ltr'>διδάσκαλον,</span> <span class='ocrx_word' id='word_1_33' title='bbox 898 652 1125 724; x_wconf 76' lang='grc' dir='ltr'>μηδενὸς</span> <span class='ocrx_word' id='word_1_34' title='bbox 1154 647 1383 720; x_wconf 66' lang='grc' dir='ltr'>ψευδοῦς</span> <span class='ocrx_word' id='word_1_35' title='bbox 1428 644 1730 714; x_wconf 78' lang='grc' dir='ltr'><strong>φειδόμενοι</strong></span> <span class='ocrx_word' id='word_1_36' title='bbox 1770 640 1928 708; x_wconf 85' lang='grc' dir='ltr'>λόγου</span> <span class='ocrx_word' id='word_1_37' title='bbox 1951 655 1968 667; x_wconf 86' lang='grc'><strong>·</strong></span> 
     </span>
    </p>
   </div>
   <div class='ocr_carea' id='block_1_8' title="bbox 403 731 1972 815">
    <p class='ocr_par' dir='ltr' id='par_1_8' title="bbox 403 731 1972 815">
     <span class='ocr_line' id='line_1_8' title="bbox 403 731 1972 815; baseline -0.014 -12"><span class='ocrx_word' id='word_1_38' title='bbox 403 751 580 804; x_wconf 88' lang='grc' dir='ltr'>πάντα</span> <span class='ocrx_word' id='word_1_39' title='bbox 611 748 667 801; x_wconf 82' lang='grc' dir='ltr'><strong>δὲ</strong></span> <span class='ocrx_word' id='word_1_40' title='bbox 688 745 833 815; x_wconf 83' lang='grc' dir='ltr'>αύτῷ</span> <span class='ocrx_word' id='word_1_41' title='bbox 866 745 933 797; x_wconf 79' lang='grc' dir='ltr'>τὰ</span> <span class='ocrx_word' id='word_1_42' title='bbox 967 740 1243 813; x_wconf 80' lang='grc' dir='ltr'>παράδοξα</span> <span class='ocrx_word' id='word_1_43' title='bbox 1275 739 1369 792; x_wconf 77' lang='grc' dir='ltr'><strong>καὶ</strong></span> <span class='ocrx_word' id='word_1_44' title='bbox 1401 738 1501 799; x_wconf 89' lang='grc' dir='ltr'><strong>τάς</strong></span> <span class='ocrx_word' id='word_1_45' title='bbox 1530 731 1972 804; x_wconf 89' lang='grc' dir='ltr'>θαυματουργίας</span> 
     </span>
    </p>
   </div>
   <div class='ocr_carea' id='block_1_9' title="bbox 404 822 1973 909">
    <p class='ocr_par' dir='ltr' id='par_1_9' title="bbox 404 822 1973 909">
     <span class='ocr_line' id='line_1_9' title="bbox 404 822 1973 909; baseline -0.013 -14"><span class='ocrx_word' id='word_1_46' title='bbox 404 839 792 909; x_wconf 79' lang='grc' dir='ltr'><strong>πεπλασμένως</strong></span> <span class='ocrx_word' id='word_1_47' title='bbox 821 834 1255 905; x_wconf 82' lang='grc' dir='ltr'>ἐπιγραφόντων,</span> <span class='ocrx_word' id='word_1_48' title='bbox 1290 832 1365 893; x_wconf 86' lang='grc' dir='ltr'>ὼς</span> <span class='ocrx_word' id='word_1_49' title='bbox 1402 829 1466 882; x_wconf 86' lang='grc' dir='ltr'><strong>ἂν</strong></span> <span class='ocrx_word' id='word_1_50' title='bbox 1500 825 1860 897; x_wconf 77' lang='grc' dir='ltr'>θαυμάζοιντο</span> <span class='ocrx_word' id='word_1_51' title='bbox 1880 822 1973 875; x_wconf 78' lang='grc' dir='ltr'><strong>καὶ</strong></span> 
     </span>
    </p>
   </div>
   <div class='ocr_carea' id='block_1_10' title="bbox 405 915 1973 1000">
    <p class='ocr_par' dir='ltr' id='par_1_10' title="bbox 405 915 1973 1000">
     <span class='ocr_line' id='line_1_10' title="bbox 405 915 1973 1000; baseline -0.015 -12"><span class='ocrx_word' id='word_1_52' title='bbox 405 934 575 998; x_wconf 75' lang='grc' dir='ltr'>αὑτοὶ,</span> <span class='ocrx_word' id='word_1_53' title='bbox 616 930 710 984; x_wconf 75' lang='grc' dir='ltr'><strong>καὶ</strong></span> <span class='ocrx_word' id='word_1_54' title='bbox 747 927 1146 1000; x_wconf 78' lang='grc' dir='ltr'>μακαρίζοιντο,</span> <span class='ocrx_word' id='word_1_55' title='bbox 1185 920 1271 977; x_wconf 74' lang='grc' dir='ltr'>οἷα</span> <span class='ocrx_word' id='word_1_56' title='bbox 1309 921 1543 994; x_wconf 80' lang='grc' dir='ltr'>μαθηταὶ</span> <span class='ocrx_word' id='word_1_57' title='bbox 1583 917 1787 971; x_wconf 78' lang='grc' dir='ltr'>τοιοῦδε</span> <span class='ocrx_word' id='word_1_58' title='bbox 1819 915 1973 985; x_wconf 89' lang='grc' dir='ltr'>γενέ-</span> 
     </span>
    </p>
   </div>
   <div class='ocr_carea' id='block_1_11' title="bbox 406 1002 1973 1093">
    <p class='ocr_par' dir='ltr' id='par_1_11' title="bbox 406 1002 1973 1093">
     <span class='ocr_line' id='line_1_11' title="bbox 406 1002 1973 1093; baseline -0.015 -12"><span class='ocrx_word' id='word_1_59' title='bbox 406 1026 523 1081; x_wconf 88' lang='grc' dir='ltr'>σθαι</span> <span class='ocrx_word' id='word_1_60' title='bbox 556 1022 865 1093; x_wconf 71' lang='grc' dir='ltr'><strong>ἠξιωμένοι.</strong></span> <span class='ocrx_word' id='word_1_61' title='bbox 911 1019 1046 1089; x_wconf 82' lang='grc' dir='ltr'>Φέρε</span> <span class='ocrx_word' id='word_1_62' title='bbox 1081 1013 1173 1070; x_wconf 83' lang='grc' dir='ltr'><strong>οῦν</strong></span> <span class='ocrx_word' id='word_1_63' title='bbox 1208 1016 1429 1084; x_wconf 79' lang='grc' dir='ltr'>ἴδωμεν,</span> <span class='ocrx_word' id='word_1_64' title='bbox 1468 1014 1516 1064; x_wconf 87' lang='grc' dir='ltr'><strong>εί</strong></span> <span class='ocrx_word' id='word_1_65' title='bbox 1553 1008 1780 1063; x_wconf 80' lang='grc' dir='ltr'>τοιοῖσδε</span> <span class='ocrx_word' id='word_1_66' title='bbox 1826 1002 1973 1059; x_wconf 80' lang='grc' dir='ltr'>οὖσιν</span> 
     </span>
    </p>
   </div>
   <div class='ocr_carea' id='block_1_12' title="bbox 404 1096 1975 1182">
    <p class='ocr_par' dir='ltr' id='par_1_12' title="bbox 404 1096 1975 1182">
     <span class='ocr_line' id='line_1_12' title="bbox 404 1096 1975 1182; baseline -0.013 -11"><span class='ocrx_word' id='word_1_67' title='bbox 404 1118 585 1178; x_wconf 77' lang='grc' dir='ltr'>αὐτοῖς</span> <span class='ocrx_word' id='word_1_68' title='bbox 631 1113 889 1182; x_wconf 81' lang='grc' dir='ltr'>συστῆναι</span> <span class='ocrx_word' id='word_1_69' title='bbox 930 1107 1040 1162; x_wconf 76' lang='grc' dir='ltr'>οἷόν</span> <span class='ocrx_word' id='word_1_70' title='bbox 1078 1125 1138 1161; x_wconf 87' lang='grc' dir='ltr'><strong>τε</strong></span> <span class='ocrx_word' id='word_1_71' title='bbox 1174 1103 1242 1178; x_wconf 85' lang='grc' dir='ltr'><strong>ῆν</strong></span> <span class='ocrx_word' id='word_1_72' title='bbox 1290 1106 1350 1159; x_wconf 80' lang='grc' dir='ltr'>τὸ</span> <span class='ocrx_word' id='word_1_73' title='bbox 1396 1103 1750 1175; x_wconf 79' lang='grc' dir='ltr'>ἐπιχείρημα.</span> <span class='ocrx_word' id='word_1_74' title='bbox 1803 1096 1975 1168; x_wconf 78' lang='grc' dir='ltr'>Κακῷ</span> 
     </span>
    </p>
   </div>
   <div class='ocr_carea' id='block_1_13' title="bbox 402 1188 1973 1280">
    <p class='ocr_par' dir='ltr' id='par_1_13' title="bbox 402 1188 1973 1280">
     <span class='ocr_line' id='line_1_13' title="bbox 402 1188 1973 1280; baseline -0.013 -19"><span class='ocrx_word' id='word_1_75' title='bbox 402 1208 466 1280; x_wconf 85' lang='grc' dir='ltr'>δὴ</span> <span class='ocrx_word' id='word_1_76' title='bbox 496 1205 664 1260; x_wconf 82' lang='grc' dir='ltr'>κακὸν</span> <span class='ocrx_word' id='word_1_77' title='bbox 687 1204 746 1258; x_wconf 83' lang='grc' dir='ltr'><strong>οὑ</strong></span> <span class='ocrx_word' id='word_1_78' title='bbox 774 1219 934 1273; x_wconf 89' lang='grc' dir='ltr'>φασιν</span> <span class='ocrx_word' id='word_1_79' title='bbox 963 1197 1101 1253; x_wconf 84' lang='grc' dir='ltr'>εἶναι</span> <span class='ocrx_word' id='word_1_80' title='bbox 1129 1198 1302 1267; x_wconf 89' lang='grc' dir='ltr'>φίλον,</span> <span class='ocrx_word' id='word_1_81' title='bbox 1338 1195 1452 1249; x_wconf 88' lang='grc' dir='ltr'>ἀλλ’</span> <span class='ocrx_word' id='word_1_82' title='bbox 1484 1193 1603 1247; x_wconf 84' lang='grc' dir='ltr'><strong>οὑδέ</strong></span> <span class='ocrx_word' id='word_1_83' title='bbox 1631 1190 1837 1262; x_wconf 81' lang='grc' dir='ltr'>ἀγαθῷ.</span> <span class='ocrx_word' id='word_1_84' title='bbox 1868 1188 1973 1242; x_wconf 86' lang='grc' dir='ltr'><strong>Πό-</strong></span> 
     </span>
    </p>
   </div>
   <div class='ocr_carea' id='block_1_14' title="bbox 412 1279 1976 1366">
    <p class='ocr_par' dir='ltr' id='par_1_14' title="bbox 412 1279 1976 1366">
     <span class='ocr_line' id='line_1_14' title="bbox 412 1279 1976 1366; baseline -0.013 -14"><span class='ocrx_word' id='word_1_85' title='bbox 412 1279 500 1352; x_wconf 87' lang='grc' dir='ltr'><strong>θεν</strong></span> <span class='ocrx_word' id='word_1_86' title='bbox 528 1294 619 1351; x_wconf 83' lang='grc' dir='ltr'><strong>οῦν</strong></span> <span class='ocrx_word' id='word_1_87' title='bbox 653 1300 708 1349; x_wconf 89' lang='grc' dir='ltr'><strong>ἐν</strong></span> <span class='ocrx_word' id='word_1_88' title='bbox 738 1294 930 1366; x_wconf 81' lang='grc' dir='ltr'>πλήθει</span> <span class='ocrx_word' id='word_1_89' title='bbox 968 1290 1197 1345; x_wconf 79' lang='grc' dir='ltr'>τοσῶνδε</span> <span class='ocrx_word' id='word_1_90' title='bbox 1236 1287 1441 1357; x_wconf 87' lang='grc' dir='ltr'>ἀνδρῶν</span> <span class='ocrx_word' id='word_1_91' title='bbox 1466 1288 1499 1357; x_wconf 82' lang='grc' dir='ltr'><strong>ἡ</strong></span> <span class='ocrx_word' id='word_1_92' title='bbox 1526 1285 1634 1338; x_wconf 86' lang='grc' dir='ltr'><strong>τῶν</strong></span> <span class='ocrx_word' id='word_1_93' title='bbox 1673 1281 1857 1336; x_wconf 83' lang='grc' dir='ltr'>κακῶν</span> <span class='ocrx_word' id='word_1_94' title='bbox 1886 1279 1976 1334; x_wconf 84' lang='grc' dir='ltr'>εῦ-</span> 
     </span>
    </p>
   </div>
   <div class='ocr_carea' id='block_1_15' title="bbox 414 1373 1976 1462">
    <p class='ocr_par' dir='ltr' id='par_1_15' title="bbox 414 1373 1976 1462">
     <span class='ocr_line' id='line_1_15' title="bbox 414 1373 1976 1462; baseline -0.012 -19"><span class='ocrx_word' id='word_1_95' title='bbox 414 1406 575 1462; x_wconf 89' lang='grc' dir='ltr'>ρηται</span> <span class='ocrx_word' id='word_1_96' title='bbox 608 1386 926 1459; x_wconf 80' lang='grc' dir='ltr'>συμφωνία;</span> <span class='ocrx_word' id='word_1_97' title='bbox 961 1383 1122 1436; x_wconf 88' lang='grc' dir='ltr'>πόθεν</span> <span class='ocrx_word' id='word_1_98' title='bbox 1154 1383 1188 1452; x_wconf 75' lang='grc' dir='ltr'>ἡ</span> <span class='ocrx_word' id='word_1_99' title='bbox 1217 1379 1344 1450; x_wconf 78' lang='grc' dir='ltr'>περὶ</span> <span class='ocrx_word' id='word_1_100' title='bbox 1370 1376 1476 1431; x_wconf 85' lang='grc' dir='ltr'><strong>τῶν</strong></span> <span class='ocrx_word' id='word_1_101' title='bbox 1513 1374 1689 1429; x_wconf 83' lang='grc' dir='ltr'>αὐτῶν</span> <span class='ocrx_word' id='word_1_102' title='bbox 1720 1375 1779 1427; x_wconf 85' lang='grc' dir='ltr'><strong>ἐν</strong></span> <span class='ocrx_word' id='word_1_103' title='bbox 1811 1373 1976 1425; x_wconf 81' lang='grc' dir='ltr'>πᾶσιν</span> 
     </span>
    </p>
   </div>
   <div class='ocr_carea' id='block_1_16' title="bbox 408 1466 1977 1549">
    <p class='ocr_par' dir='ltr' id='par_1_16' title="bbox 408 1466 1977 1549">
     <span class='ocr_line' id='line_1_16' title="bbox 408 1466 1977 1549; baseline -0.011 -15"><span class='ocrx_word' id='word_1_104' title='bbox 408 1481 901 1549; x_wconf 83' lang='grc' dir='ltr'>αὑτοῖςόμόφωνος</span> <span class='ocrx_word' id='word_1_105' title='bbox 950 1472 1321 1546; x_wconf 84' lang='grc' dir='ltr'>μαρτυρία;ή</span> <span class='ocrx_word' id='word_1_106' title='bbox 1371 1468 1529 1539; x_wconf 84' lang='grc' dir='ltr'>μέχρι</span> <span class='ocrx_word' id='word_1_107' title='bbox 1577 1466 1802 1519; x_wconf 85' lang='grc' dir='ltr'>θανάτου</span> <span class='ocrx_word' id='word_1_108' title='bbox 1848 1467 1977 1533; x_wconf 84' lang='grc' dir='ltr'>ὁμο-</span> 
     </span>
    </p>
   </div>
   <div class='ocr_carea' id='block_1_17' title="bbox 407 1554 1978 1643">
    <p class='ocr_par' dir='ltr' id='par_1_17' title="bbox 407 1554 1978 1643">
     <span class='ocr_line' id='line_1_17' title="bbox 407 1554 1978 1643; baseline -0.013 -18"><span class='ocrx_word' id='word_1_109' title='bbox 407 1570 681 1643; x_wconf 75' lang='grc' dir='ltr'>φροσύνης</span> <span class='ocrx_word' id='word_1_110' title='bbox 711 1568 862 1638; x_wconf 77' lang='grc' dir='ltr'>ἀνδρὶ</span> <span class='ocrx_word' id='word_1_111' title='bbox 905 1567 960 1619; x_wconf 81' lang='grc' dir='ltr'><strong>δὲ</strong></span> <span class='ocrx_word' id='word_1_112' title='bbox 989 1565 1144 1633; x_wconf 87' lang='grc' dir='ltr'>γόητι</span> <span class='ocrx_word' id='word_1_113' title='bbox 1175 1561 1350 1615; x_wconf 79' lang='grc' dir='ltr'>τοιάδε</span> <span class='ocrx_word' id='word_1_114' title='bbox 1392 1558 1862 1627; x_wconf 77' lang='grc' dir='ltr'>ἐπαγγελλομένῳ,</span> <span class='ocrx_word' id='word_1_115' title='bbox 1892 1554 1978 1618; x_wconf 83' lang='grc' dir='ltr'><strong>τίς</strong></span> 
     </span>
    </p>
   </div>
   <div class='ocr_carea' id='block_1_18' title="bbox 410 1646 1976 1732">
    <p class='ocr_par' dir='ltr' id='par_1_18' title="bbox 410 1646 1976 1732">
     <span class='ocr_line' id='line_1_18' title="bbox 410 1646 1976 1732; baseline -0.013 -16"><span class='ocrx_word' id='word_1_116' title='bbox 410 1664 475 1716; x_wconf 79' lang='grc' dir='ltr'><strong>ἀν</strong></span> <span class='ocrx_word' id='word_1_117' title='bbox 523 1661 622 1732; x_wconf 85' lang='grc' dir='ltr'><strong>τὴν</strong></span> <span class='ocrx_word' id='word_1_118' title='bbox 672 1659 844 1731; x_wconf 86' lang='grc' dir='ltr'>ἀρχὴν</span> <span class='ocrx_word' id='word_1_119' title='bbox 878 1655 1148 1728; x_wconf 83' lang='grc' dir='ltr'>προσέσχε</span> <span class='ocrx_word' id='word_1_120' title='bbox 1192 1652 1281 1705; x_wconf 81' lang='grc' dir='ltr'><strong>τὸν</strong></span> <span class='ocrx_word' id='word_1_121' title='bbox 1332 1650 1489 1714; x_wconf 88' lang='grc' dir='ltr'>νοῦν;</span> <span class='ocrx_word' id='word_1_122' title='bbox 1528 1649 1717 1710; x_wconf 82' lang='grc' dir='ltr'>Εἵποις</span> <span class='ocrx_word' id='word_1_123' title='bbox 1758 1647 1843 1715; x_wconf 80' lang='grc' dir='ltr'><strong>ἂν,</strong></span> <span class='ocrx_word' id='word_1_124' title='bbox 1895 1646 1976 1698; x_wconf 86' lang='grc' dir='ltr'><strong>ὅτι</strong></span> 
     </span>
    </p>
   </div>
   <div class='ocr_carea' id='block_1_19' title="bbox 408 1732 1975 1823">
    <p class='ocr_par' dir='ltr' id='par_1_19' title="bbox 408 1732 1975 1823">
     <span class='ocr_line' id='line_1_19' title="bbox 408 1732 1975 1823; baseline -0.012 -17"><span class='ocrx_word' id='word_1_125' title='bbox 408 1753 599 1823; x_wconf 82' lang='grc' dir='ltr'>γόητες</span> <span class='ocrx_word' id='word_1_126' title='bbox 625 1750 779 1804; x_wconf 71' lang='grc' dir='ltr'>αὑτοὶ</span> <span class='ocrx_word' id='word_1_127' title='bbox 809 1747 957 1800; x_wconf 74' lang='grc' dir='ltr'>οὐδὲν</span> <span class='ocrx_word' id='word_1_128' title='bbox 989 1743 1148 1817; x_wconf 84' lang='grc' dir='ltr'>ἦττον</span> <span class='ocrx_word' id='word_1_129' title='bbox 1176 1742 1268 1795; x_wconf 90' lang='grc' dir='ltr'><strong>τοῦ</strong></span> <span class='ocrx_word' id='word_1_130' title='bbox 1312 1738 1619 1810; x_wconf 71' lang='grc' dir='ltr'>καθηγητοῦ</span> <span class='ocrx_word' id='word_1_131' title='bbox 1659 1734 1815 1808; x_wconf 77' lang='grc' dir='ltr'>ἦσαν.</span> <span class='ocrx_word' id='word_1_132' title='bbox 1850 1732 1975 1807; x_wconf 67' lang='grc' dir='ltr'><strong>Ἆρ’</strong></span> 
     </span>
    </p>
   </div>
   <div class='ocr_carea' id='block_1_20' title="bbox 409 1828 1976 1904">
    <p class='ocr_par' dir='ltr' id='par_1_20' title="bbox 409 1828 1976 1904">
     <span class='ocr_line' id='line_1_20' title="bbox 409 1828 1976 1904; baseline -0.01 -9"><span class='ocrx_word' id='word_1_133' title='bbox 409 1839 503 1898; x_wconf 85' lang='grc' dir='ltr'>οὗν</span> <span class='ocrx_word' id='word_1_134' title='bbox 534 1842 643 1894; x_wconf 81' lang='grc' dir='ltr'>οἵδε</span> <span class='ocrx_word' id='word_1_135' title='bbox 685 1841 745 1892; x_wconf 80' lang='grc' dir='ltr'><strong>τὸ</strong></span> <span class='ocrx_word' id='word_1_136' title='bbox 768 1838 917 1901; x_wconf 87' lang='grc' dir='ltr'>τέλος</span> <span class='ocrx_word' id='word_1_137' title='bbox 967 1838 1028 1889; x_wconf 83' lang='grc' dir='ltr'><strong>οὑ</strong></span> <span class='ocrx_word' id='word_1_138' title='bbox 1066 1835 1477 1904; x_wconf 82' lang='grc' dir='ltr'>συνεωράκεσαν</span> <span class='ocrx_word' id='word_1_139' title='bbox 1508 1830 1602 1883; x_wconf 90' lang='grc' dir='ltr'><strong>τοῦ</strong></span> <span class='ocrx_word' id='word_1_140' title='bbox 1639 1828 1976 1891; x_wconf 77' lang='grc' dir='ltr'>διδασκάλου,</span> 
     </span>
    </p>
   </div>
   <div class='ocr_carea' id='block_1_21' title="bbox 410 1917 1980 2001">
    <p class='ocr_par' dir='ltr' id='par_1_21' title="bbox 410 1917 1980 2001">
     <span class='ocr_line' id='line_1_21' title="bbox 410 1917 1980 2001; baseline -0.009 -15"><span class='ocrx_word' id='word_1_141' title='bbox 410 1934 506 1987; x_wconf 76' lang='grc' dir='ltr'><strong>καὶ</strong></span> <span class='ocrx_word' id='word_1_142' title='bbox 536 1932 632 2001; x_wconf 81' lang='grc' dir='ltr'><strong>οἵῳ</strong></span> <span class='ocrx_word' id='word_1_143' title='bbox 666 1930 897 2000; x_wconf 81' lang='grc' dir='ltr'>κέχρητο</span> <span class='ocrx_word' id='word_1_144' title='bbox 933 1927 1177 1996; x_wconf 85' lang='grc' dir='ltr'>θανάτῳ;</span> <span class='ocrx_word' id='word_1_145' title='bbox 1214 1924 1277 1976; x_wconf 91' lang='grc' dir='ltr'>Τί</span> <span class='ocrx_word' id='word_1_146' title='bbox 1312 1923 1446 1993; x_wconf 86' lang='grc' dir='ltr'>δῆτα</span> <span class='ocrx_word' id='word_1_147' title='bbox 1482 1917 1574 1975; x_wconf 82' lang='grc' dir='ltr'><strong>οὖν</strong></span> <span class='ocrx_word' id='word_1_148' title='bbox 1619 1922 1711 1975; x_wconf 69' lang='grc' dir='ltr'><strong>καλ⁸</strong></span> <span class='ocrx_word' id='word_1_149' title='bbox 1746 1919 1881 1992; x_wconf 85' lang='grc' dir='ltr'>μετὰ</span> <span class='ocrx_word' id='word_1_150' title='bbox 1917 1920 1980 1973; x_wconf 87' lang='grc' dir='ltr'>τὸ</span> 
     </span>
    </p>
   </div>
   <div class='ocr_carea' id='block_1_22' title="bbox 413 2014 1978 2094">
    <p class='ocr_par' dir='ltr' id='par_1_22' title="bbox 413 2014 1978 2094">
     <span class='ocr_line' id='line_1_22' title="bbox 413 2014 1978 2094; baseline -0.009 -16"><span class='ocrx_word' id='word_1_151' title='bbox 413 2026 685 2094; x_wconf 82' lang='grc' dir='ltr'>αἴσχιστον</span> <span class='ocrx_word' id='word_1_152' title='bbox 725 2023 897 2075; x_wconf 82' lang='grc' dir='ltr'>ἐκεῖνο</span> <span class='ocrx_word' id='word_1_153' title='bbox 927 2019 1078 2082; x_wconf 84' lang='grc' dir='ltr'>τέλος</span> <span class='ocrx_word' id='word_1_154' title='bbox 1130 2015 1296 2070; x_wconf 85' lang='grc' dir='ltr'>αὑτοῦ</span> <span class='ocrx_word' id='word_1_155' title='bbox 1341 2015 1628 2085; x_wconf 79' lang='grc' dir='ltr'>ἐπέμενον,</span> <span class='ocrx_word' id='word_1_156' title='bbox 1660 2014 1750 2067; x_wconf 82' lang='grc' dir='ltr'><strong>τὸν</strong></span> <span class='ocrx_word' id='word_1_157' title='bbox 1794 2015 1852 2066; x_wconf 82' lang='grc' dir='ltr'>ὲν</span> <span class='ocrx_word' id='word_1_158' title='bbox 1889 2028 1978 2065; x_wconf 86' lang='grc' dir='ltr'>νε-</span> 
     </span>
    </p>
   </div>
   <div class='ocr_carea' id='block_1_23' title="bbox 413 2104 1978 2187">
    <p class='ocr_par' dir='ltr' id='par_1_23' title="bbox 413 2104 1978 2187">
     <span class='ocr_line' id='line_1_23' title="bbox 413 2104 1978 2187; baseline -0.008 -18"><span class='ocrx_word' id='word_1_159' title='bbox 413 2119 564 2187; x_wconf 80' lang='grc' dir='ltr'>κροῖς</span> <span class='ocrx_word' id='word_1_160' title='bbox 596 2114 988 2182; x_wconf 90' lang='grc' dir='ltr'>θεολογοῦντες,</span> <span class='ocrx_word' id='word_1_161' title='bbox 1024 2110 1093 2164; x_wconf 87' lang='grc' dir='ltr'><strong>τά</strong></span> <span class='ocrx_word' id='word_1_162' title='bbox 1128 2109 1217 2163; x_wconf 86' lang='grc' dir='ltr'><strong>ίσα</strong></span> <span class='ocrx_word' id='word_1_163' title='bbox 1268 2108 1489 2169; x_wconf 84' lang='grc' dir='ltr'>παθεῖν;</span> <span class='ocrx_word' id='word_1_164' title='bbox 1523 2108 1632 2159; x_wconf 70' lang='grc' dir='ltr'><strong>Καὶ</strong></span> <span class='ocrx_word' id='word_1_165' title='bbox 1660 2107 1743 2168; x_wconf 82' lang='grc' dir='ltr'><strong>τίς</strong></span> <span class='ocrx_word' id='word_1_166' title='bbox 1773 2104 1978 2159; x_wconf 82' lang='grc' dir='ltr'>πώποτ’</span> 
     </span>
    </p>
   </div>
   <div class='ocr_carea' id='block_1_24' title="bbox 411 2199 1977 2277">
    <p class='ocr_par' dir='ltr' id='par_1_24' title="bbox 411 2199 1977 2277">
     <span class='ocr_line' id='line_1_24' title="bbox 411 2199 1977 2277; baseline -0.007 -15"><span class='ocrx_word' id='word_1_167' title='bbox 411 2211 498 2262; x_wconf 75' lang='grc' dir='ltr'>ἐπ’</span> <span class='ocrx_word' id='word_1_168' title='bbox 524 2208 699 2261; x_wconf 75' lang='grc' dir='ltr'>οὐδενὶ</span> <span class='ocrx_word' id='word_1_169' title='bbox 731 2207 872 2277; x_wconf 83' lang='grc' dir='ltr'>λόγῳ</span> <span class='ocrx_word' id='word_1_170' title='bbox 902 2204 1167 2277; x_wconf 88' lang='grc' dir='ltr'>πρόδηλον</span> <span class='ocrx_word' id='word_1_171' title='bbox 1199 2202 1371 2256; x_wconf 80' lang='grc' dir='ltr'>ἓλοιτο</span> <span class='ocrx_word' id='word_1_172' title='bbox 1401 2200 1655 2270; x_wconf 80' lang='grc' dir='ltr'>τοιαύτην</span> <span class='ocrx_word' id='word_1_173' title='bbox 1678 2199 1977 2269; x_wconf 85' lang='grc' dir='ltr'>τιμωρίαν;</span> 
     </span>
    </p>
   </div>
   <div class='ocr_carea' id='block_1_25' title="bbox 412 2290 1980 2371">
    <p class='ocr_par' dir='ltr' id='par_1_25' title="bbox 412 2290 1980 2371">
     <span class='ocr_line' id='line_1_25' title="bbox 412 2290 1980 2371; baseline -0.008 -17"><span class='ocrx_word' id='word_1_174' title='bbox 412 2301 522 2354; x_wconf 79' lang='grc' dir='ltr'>Καὶ</span> <span class='ocrx_word' id='word_1_175' title='bbox 558 2302 662 2371; x_wconf 81' lang='grc' dir='ltr'>μὴν</span> <span class='ocrx_word' id='word_1_176' title='bbox 698 2299 927 2353; x_wconf 84' lang='grc' dir='ltr'>δεδόσθω</span> <span class='ocrx_word' id='word_1_177' title='bbox 958 2298 1121 2367; x_wconf 84' lang='grc' dir='ltr'>τιμᾷν</span> <span class='ocrx_word' id='word_1_178' title='bbox 1158 2294 1317 2348; x_wconf 84' lang='grc' dir='ltr'>αὑτὸν</span> <span class='ocrx_word' id='word_1_179' title='bbox 1358 2293 1580 2347; x_wconf 85' lang='grc' dir='ltr'>συνόντα</span> <span class='ocrx_word' id='word_1_180' title='bbox 1614 2290 1691 2343; x_wconf 74' lang='grc' dir='ltr'>ἔτι</span> <span class='ocrx_word' id='word_1_181' title='bbox 1724 2291 1815 2343; x_wconf 73' lang='grc' dir='ltr'><strong>καὶ</strong></span> <span class='ocrx_word' id='word_1_182' title='bbox 1854 2306 1980 2343; x_wconf 88' lang='grc' dir='ltr'>συν-</span> 
     </span>
    </p>
   </div>
   <div class='ocr_carea' id='block_1_26' title="bbox 410 2381 1977 2460">
    <p class='ocr_par' dir='ltr' id='par_1_26' title="bbox 410 2381 1977 2460">
     <span class='ocr_line' id='line_1_26' title="bbox 410 2381 1977 2460; baseline -0.008 -16"><span class='ocrx_word' id='word_1_183' title='bbox 410 2390 771 2460; x_wconf 78' lang='grc' dir='ltr'>διατρίϐοντα,</span> <span class='ocrx_word' id='word_1_184' title='bbox 802 2389 893 2442; x_wconf 79' lang='grc' dir='ltr'><strong>καὶ</strong></span> <span class='ocrx_word' id='word_1_185' title='bbox 918 2389 984 2441; x_wconf 85' lang='grc' dir='ltr'>δι’</span> <span class='ocrx_word' id='word_1_186' title='bbox 1021 2386 1234 2456; x_wconf 83' lang='grc' dir='ltr'>ἀπάτης</span> <span class='ocrx_word' id='word_1_187' title='bbox 1266 2384 1478 2447; x_wconf 80' lang='grc' dir='ltr'>αὑτοὺς,</span> <span class='ocrx_word' id='word_1_188' title='bbox 1509 2382 1585 2446; x_wconf 84' lang='grc' dir='ltr'>ὡς</span> <span class='ocrx_word' id='word_1_189' title='bbox 1611 2382 1676 2436; x_wconf 87' lang='grc' dir='ltr'><strong>ἂν</strong></span> <span class='ocrx_word' id='word_1_190' title='bbox 1709 2381 1841 2451; x_wconf 86' lang='grc' dir='ltr'>φαίη</span> <span class='ocrx_word' id='word_1_191' title='bbox 1873 2397 1977 2445; x_wconf 89' lang='grc' dir='ltr'>τις,</span> 
     </span>
    </p>
   </div>
   <div class='ocr_carea' id='block_1_27' title="bbox 414 2470 1976 2544">
    <p class='ocr_par' dir='ltr' id='par_1_27' title="bbox 414 2470 1976 2544">
     <span class='ocr_line' id='line_1_27' title="bbox 414 2470 1976 2544; baseline -0.007 -10"><span class='ocrx_word' id='word_1_192' title='bbox 414 2480 827 2534; x_wconf 88' lang='grc' dir='ltr'>ἀποπλανῶντα.</span> <span class='ocrx_word' id='word_1_193' title='bbox 860 2479 924 2531; x_wconf 89' lang='grc' dir='ltr'>Τί</span> <span class='ocrx_word' id='word_1_194' title='bbox 964 2473 1078 2540; x_wconf 78' lang='grc' dir='ltr'>οὖν,</span> <span class='ocrx_word' id='word_1_195' title='bbox 1112 2477 1195 2528; x_wconf 86' lang='grc' dir='ltr'>ὃτι</span> <span class='ocrx_word' id='word_1_196' title='bbox 1242 2475 1335 2527; x_wconf 73' lang='grc' dir='ltr'><strong>καὶ</strong></span> <span class='ocrx_word' id='word_1_197' title='bbox 1383 2474 1518 2544; x_wconf 87' lang='grc' dir='ltr'><strong>μετά</strong></span> <span class='ocrx_word' id='word_1_198' title='bbox 1559 2474 1658 2541; x_wconf 84' lang='grc' dir='ltr'>τὴν</span> <span class='ocrx_word' id='word_1_199' title='bbox 1705 2470 1976 2543; x_wconf 81' lang='grc' dir='ltr'>τελευτὴν,</span> 
     </span>
    </p>
   </div>
   <div class='ocr_carea' id='block_1_28' title="bbox 416 2563 1976 2640">
    <p class='ocr_par' dir='ltr' id='par_1_28' title="bbox 416 2563 1976 2640">
     <span class='ocr_line' id='line_1_28' title="bbox 416 2563 1976 2640; baseline -0.006 -16"><span class='ocrx_word' id='word_1_200' title='bbox 416 2570 512 2624; x_wconf 74' lang='grc' dir='ltr'><strong>καὶ</strong></span> <span class='ocrx_word' id='word_1_201' title='bbox 549 2570 683 2635; x_wconf 81' lang='grc' dir='ltr'>πολὺ</span> <span class='ocrx_word' id='word_1_202' title='bbox 714 2569 910 2640; x_wconf 78' lang='grc' dir='ltr'>μᾶλλον</span> <span class='ocrx_word' id='word_1_203' title='bbox 940 2569 1060 2621; x_wconf 91' lang='grc' dir='ltr'>τότε</span> <span class='ocrx_word' id='word_1_204' title='bbox 1103 2566 1136 2637; x_wconf 83' lang='grc' dir='ltr'>ἢ</span> <span class='ocrx_word' id='word_1_205' title='bbox 1172 2566 1430 2636; x_wconf 86' lang='grc' dir='ltr'>πρότερον</span> <span class='ocrx_word' id='word_1_206' title='bbox 1458 2565 1618 2618; x_wconf 85' lang='grc' dir='ltr'>αὑτὸν</span> <span class='ocrx_word' id='word_1_207' title='bbox 1656 2563 1976 2633; x_wconf 81' lang='grc' dir='ltr'>τεθνηκότα,</span> 
     </span>
    </p>
   </div>
   <div class='ocr_carea' id='block_1_29' title="bbox 416 2653 1978 2730">
    <p class='ocr_par' dir='ltr' id='par_1_29' title="bbox 416 2653 1978 2730">
     <span class='ocr_line' id='line_1_29' title="bbox 416 2653 1978 2730; baseline -0.005 -17"><span class='ocrx_word' id='word_1_208' title='bbox 416 2660 805 2730; x_wconf 82' lang='grc' dir='ltr'>τετιμήκασιν;</span> <span class='ocrx_word' id='word_1_209' title='bbox 830 2658 952 2711; x_wconf 73' lang='grc' dir='ltr'>ἐπεὶ</span> <span class='ocrx_word' id='word_1_210' title='bbox 1016 2658 1111 2710; x_wconf 87' lang='grc' dir='ltr'><strong>σὺν</strong></span> <span class='ocrx_word' id='word_1_211' title='bbox 1146 2654 1451 2725; x_wconf 84' lang='grc' dir='ltr'>ἀνθρώποις</span> <span class='ocrx_word' id='word_1_212' title='bbox 1480 2654 1705 2724; x_wconf 84' lang='grc' dir='ltr'>μένοντα</span> <span class='ocrx_word' id='word_1_213' title='bbox 1733 2653 1978 2721; x_wconf 87' lang='grc' dir='ltr'>λέγονται</span> 
     </span>
    </p>
   </div>
   <div class='ocr_carea' id='block_1_30' title="bbox 416 2745 1976 2822">
    <p class='ocr_par' dir='ltr' id='par_1_30' title="bbox 416 2745 1976 2822">
     <span class='ocr_line' id='line_1_30' title="bbox 416 2745 1976 2822; baseline -0.004 -17"><span class='ocrx_word' id='word_1_214' title='bbox 416 2752 511 2805; x_wconf 74' lang='grc' dir='ltr'>καὶ</span> <span class='ocrx_word' id='word_1_215' title='bbox 541 2750 886 2822; x_wconf 87' lang='grc' dir='ltr'>ἀπηρνῆσθαί</span> <span class='ocrx_word' id='word_1_216' title='bbox 920 2765 1069 2812; x_wconf 87' lang='grc' dir='ltr'>ποτε,</span> <span class='ocrx_word' id='word_1_217' title='bbox 1103 2749 1192 2801; x_wconf 84' lang='grc' dir='ltr'><strong>ὅτε</strong></span> <span class='ocrx_word' id='word_1_218' title='bbox 1226 2747 1375 2818; x_wconf 84' lang='grc' dir='ltr'>αὐτῷ</span> <span class='ocrx_word' id='word_1_219' title='bbox 1403 2747 1472 2801; x_wconf 89' lang='grc' dir='ltr'><strong>τά</strong></span> <span class='ocrx_word' id='word_1_220' title='bbox 1510 2747 1609 2816; x_wconf 89' lang='grc' dir='ltr'><strong>τῆς</strong></span> <span class='ocrx_word' id='word_1_221' title='bbox 1650 2762 1714 2814; x_wconf 90' lang='grc' dir='ltr'><strong>γε</strong></span> <span class='ocrx_word' id='word_1_222' title='bbox 1756 2745 1976 2798; x_wconf 78' lang='grc' dir='ltr'>ἐπιϐου-</span> 
     </span>
    </p>
   </div>
   <div class='ocr_carea' id='block_1_31' title="bbox 414 2836 1976 2913">
    <p class='ocr_par' dir='ltr' id='par_1_31' title="bbox 414 2836 1976 2913">
     <span class='ocr_line' id='line_1_31' title="bbox 414 2836 1976 2913; baseline -0.003 -17"><span class='ocrx_word' id='word_1_223' title='bbox 414 2843 514 2912; x_wconf 87' lang='grc' dir='ltr'><strong>λῆς</strong></span> <span class='ocrx_word' id='word_1_224' title='bbox 541 2841 896 2913; x_wconf 80' lang='grc' dir='ltr'>ἐσκευώρητο.</span> <span class='ocrx_word' id='word_1_225' title='bbox 928 2841 1080 2894; x_wconf 88' lang='grc' dir='ltr'>Μετά</span> <span class='ocrx_word' id='word_1_226' title='bbox 1109 2841 1165 2894; x_wconf 81' lang='grc' dir='ltr'>δὲ</span> <span class='ocrx_word' id='word_1_227' title='bbox 1196 2841 1257 2894; x_wconf 78' lang='grc' dir='ltr'>τὸ</span> <span class='ocrx_word' id='word_1_228' title='bbox 1286 2841 1345 2907; x_wconf 81' lang='grc' dir='ltr'><strong>ἐξ</strong></span> <span class='ocrx_word' id='word_1_229' title='bbox 1375 2836 1675 2909; x_wconf 81' lang='grc' dir='ltr'>ἀνθρώπων</span> <span class='ocrx_word' id='word_1_230' title='bbox 1708 2836 1976 2905; x_wconf 85' lang='grc' dir='ltr'>γενέσθαι,</span> 
     </span>
    </p>
   </div>
   <div class='ocr_carea' id='block_1_32' title="bbox 414 2928 1978 3002">
    <p class='ocr_par' dir='ltr' id='par_1_32' title="bbox 414 2928 1978 3002">
     <span class='ocr_line' id='line_1_32' title="bbox 414 2928 1978 3002; baseline -0.003 -17"><span class='ocrx_word' id='word_1_231' title='bbox 414 2932 663 3002; x_wconf 86' lang='grc' dir='ltr'>ἀσμένως</span> <span class='ocrx_word' id='word_1_232' title='bbox 688 2932 839 2984; x_wconf 78' lang='grc' dir='ltr'>αὑτοὶ</span> <span class='ocrx_word' id='word_1_233' title='bbox 865 2930 1115 3002; x_wconf 79' lang='grc' dir='ltr'>θνήσκειν</span> <span class='ocrx_word' id='word_1_234' title='bbox 1151 2930 1347 3001; x_wconf 81' lang='grc' dir='ltr'>μᾶλλον</span> <span class='ocrx_word' id='word_1_235' title='bbox 1378 2928 1625 3001; x_wconf 71' lang='grc' dir='ltr'>ᾑροῦντο,</span> <span class='ocrx_word' id='word_1_236' title='bbox 1652 2928 1685 2999; x_wconf 85' lang='grc' dir='ltr'>ἦ</span> <span class='ocrx_word' id='word_1_237' title='bbox 1717 2928 1817 2997; x_wconf 89' lang='grc' dir='ltr'><strong>τῆς</strong></span> <span class='ocrx_word' id='word_1_238' title='bbox 1839 2928 1978 2998; x_wconf 85' lang='grc' dir='ltr'>ὑπὲρ</span> 
     </span>
    </p>
   </div>
   <div class='ocr_carea' id='block_1_33' title="bbox 415 3012 1978 3093">
    <p class='ocr_par' dir='ltr' id='par_1_33' title="bbox 415 3012 1978 3093">
     <span class='ocr_line' id='line_1_33' title="bbox 415 3012 1978 3093; baseline -0.003 -17"><span class='ocrx_word' id='word_1_239' title='bbox 415 3022 576 3076; x_wconf 85' lang='grc' dir='ltr'>αὑτοῦ</span> <span class='ocrx_word' id='word_1_240' title='bbox 616 3022 914 3093; x_wconf 78' lang='grc' dir='ltr'>μαρτυρίας</span> <span class='ocrx_word' id='word_1_241' title='bbox 948 3021 1159 3091; x_wconf 87' lang='grc' dir='ltr'>ἀγαθῆς</span> <span class='ocrx_word' id='word_1_242' title='bbox 1185 3012 1515 3086; x_wconf 77' lang='grc' dir='ltr'>ἐξίστασθαι.</span> <span class='ocrx_word' id='word_1_243' title='bbox 1543 3020 1606 3073; x_wconf 84' lang='lat' dir='ltr'><strong>El</strong></span> <span class='ocrx_word' id='word_1_244' title='bbox 1646 3018 1709 3090; x_wconf 81' lang='grc' dir='ltr'>δὴ</span> <span class='ocrx_word' id='word_1_245' title='bbox 1747 3015 1841 3072; x_wconf 77' lang='grc' dir='ltr'><strong>οὖν</strong></span> <span class='ocrx_word' id='word_1_246' title='bbox 1871 3036 1978 3090; x_wconf 84' lang='grc' dir='ltr'>μη-</span> 
     </span>
    </p>
   </div>
   <div class='ocr_carea' id='block_1_34' title="bbox 2071 538 3634 615">
    <p class='ocr_par' dir='ltr' id='par_1_34' title="bbox 2071 538 3634 615">
     <span class='ocr_line' id='line_1_34' title="bbox 2071 538 3634 615; baseline -0.003 -17"><span class='ocrx_word' id='word_1_247' title='bbox 2071 559 2233 615; x_wconf 90' lang='lat' dir='ltr'><strong>quam</strong></span> <span class='ocrx_word' id='word_1_248' title='bbox 2271 544 2387 598; x_wconf 64' lang='lat' dir='ltr'><strong>haec</strong></span> <span class='ocrx_word' id='word_1_249' title='bbox 2407 553 2553 605; x_wconf 86' lang='lat' dir='ltr'><strong>sunt,</strong></span> <span class='ocrx_word' id='word_1_250' title='bbox 2584 543 2748 596; x_wconf 88' lang='lat' dir='ltr'><strong>etiam</strong></span> <span class='ocrx_word' id='word_1_251' title='bbox 2798 540 3172 610; x_wconf 88' lang='lat' dir='ltr'><strong>nequioribus.</strong></span> <span class='ocrx_word' id='word_1_252' title='bbox 3206 538 3508 610; x_wconf 79' lang='lat' dir='ltr'><strong>Propterea</strong></span> <span class='ocrx_word' id='word_1_253' title='bbox 3551 541 3634 595; x_wconf 90' lang='lat' dir='ltr'><strong>vi-</strong></span> 
     </span>
    </p>
   </div>
   <div class='ocr_carea' id='block_1_35' title="bbox 2072 631 3636 704">
    <p class='ocr_par' dir='ltr' id='par_1_35' title="bbox 2072 631 3636 704">
     <span class='ocr_line' id='line_1_35' title="bbox 2072 631 3636 704; baseline -0.003 -14"><span class='ocrx_word' id='word_1_254' title='bbox 2072 635 2266 691; x_wconf 89' lang='lat' dir='ltr'><strong>delicet</strong></span> <span class='ocrx_word' id='word_1_255' title='bbox 2318 635 2462 704; x_wconf 91' lang='lat' dir='ltr'><strong>quod</strong></span> <span class='ocrx_word' id='word_1_256' title='bbox 2506 648 2702 704; x_wconf 84' lang='lat' dir='ltr'><strong>magna</strong></span> <span class='ocrx_word' id='word_1_257' title='bbox 2736 640 2822 688; x_wconf 90' lang='lat' dir='ltr'><strong>est</strong></span> <span class='ocrx_word' id='word_1_258' title='bbox 2868 631 2936 685; x_wconf 87' lang='lat' dir='ltr'><strong>ad</strong></span> <span class='ocrx_word' id='word_1_259' title='bbox 2969 632 3230 686; x_wconf 77' lang='lat' dir='ltr'><strong>malitiam</strong></span> <span class='ocrx_word' id='word_1_260' title='bbox 3273 631 3589 701; x_wconf 78' lang='lat' dir='ltr'><strong>proclivitas</strong></span> <span class='ocrx_word' id='word_1_261' title='bbox 3620 671 3636 693; x_wconf 87' lang='lat'><strong>,</strong></span> 
     </span>
    </p>
   </div>
   <div class='ocr_carea' id='block_1_36' title="bbox 2072 724 3638 796">
    <p class='ocr_par' dir='ltr' id='par_1_36' title="bbox 2072 724 3638 796">
     <span class='ocr_line' id='line_1_36' title="bbox 2072 724 3638 796; baseline -0.003 -15"><span class='ocrx_word' id='word_1_262' title='bbox 2072 742 2302 796; x_wconf 85' lang='lat' dir='ltr'><strong>eamque</strong></span> <span class='ocrx_word' id='word_1_263' title='bbox 2333 728 2416 781; x_wconf 86' lang='lat' dir='ltr'><strong>vel</strong></span> <span class='ocrx_word' id='word_1_264' title='bbox 2451 727 2601 779; x_wconf 90' lang='lat' dir='ltr'><strong>nullo</strong></span> <span class='ocrx_word' id='word_1_265' title='bbox 2632 730 2966 795; x_wconf 60' lang='lat' dir='ltr'><strong>praeceptore</strong></span> <span class='ocrx_word' id='word_1_266' title='bbox 2989 724 3203 780; x_wconf 82' lang='lat' dir='ltr'><strong>discere</strong></span> <span class='ocrx_word' id='word_1_267' title='bbox 3234 724 3394 780; x_wconf 88' lang='lat' dir='ltr'><strong>facile</strong></span> <span class='ocrx_word' id='word_1_268' title='bbox 3413 735 3498 781; x_wconf 92' lang='lat' dir='ltr'><strong>est</strong></span> <span class='ocrx_word' id='word_1_269' title='bbox 3531 743 3545 779; x_wconf 90' lang='lat'><strong>:</strong></span> <span class='ocrx_word' id='word_1_270' title='bbox 3581 726 3638 778; x_wconf 92' lang='lat' dir='ltr'><strong>in</strong></span> 
     </span>
    </p>
   </div>
   <div class='ocr_carea' id='block_1_37' title="bbox 2073 816 3640 888">
    <p class='ocr_par' dir='ltr' id='par_1_37' title="bbox 2073 816 3640 888">
     <span class='ocr_line' id='line_1_37' title="bbox 2073 816 3640 888; baseline -0.002 -15"><span class='ocrx_word' id='word_1_271' title='bbox 2073 820 2306 873; x_wconf 83' lang='lat' dir='ltr'><strong>sublime</strong></span> <span class='ocrx_word' id='word_1_272' title='bbox 2333 833 2464 873; x_wconf 86' lang='lat' dir='ltr'><strong>vero</strong></span> <span class='ocrx_word' id='word_1_273' title='bbox 2514 833 2673 872; x_wconf 91' lang='lat' dir='ltr'><strong>suum</strong></span> <span class='ocrx_word' id='word_1_274' title='bbox 2725 824 3108 888; x_wconf 70' lang='lat' dir='ltr'><strong>prmceptorem</strong></span> <span class='ocrx_word' id='word_1_275' title='bbox 3169 816 3313 871; x_wconf 83' lang='lat' dir='ltr'><strong>lictis</strong></span> <span class='ocrx_word' id='word_1_276' title='bbox 3339 816 3519 872; x_wconf 69' lang='lat' dir='ltr'><strong>verbis</strong></span> <span class='ocrx_word' id='word_1_277' title='bbox 3545 832 3640 872; x_wconf 84' lang='lat' dir='ltr'><strong>ex-</strong></span> 
     </span>
    </p>
   </div>
   <div class='ocr_carea' id='block_1_38' title="bbox 2074 906 3640 977">
    <p class='ocr_par' dir='ltr' id='par_1_38' title="bbox 2074 906 3640 977">
     <span class='ocr_line' id='line_1_38' title="bbox 2074 906 3640 977; baseline -0.001 -16"><span class='ocrx_word' id='word_1_278' title='bbox 2074 909 2289 970; x_wconf 86' lang='lat' dir='ltr'><strong>tollant,</strong></span> <span class='ocrx_word' id='word_1_279' title='bbox 2344 908 2589 977; x_wconf 87' lang='lat' dir='ltr'><strong>nullique</strong></span> <span class='ocrx_word' id='word_1_280' title='bbox 2649 906 2936 960; x_wconf 86' lang='lat' dir='ltr'><strong>mendacio</strong></span> <span class='ocrx_word' id='word_1_281' title='bbox 2976 914 3247 975; x_wconf 86' lang='lat' dir='ltr'><strong>parcant:</strong></span> <span class='ocrx_word' id='word_1_282' title='bbox 3297 907 3480 960; x_wconf 84' lang='lat' dir='ltr'><strong>omnia</strong></span> <span class='ocrx_word' id='word_1_283' title='bbox 3511 922 3640 961; x_wconf 88' lang='lat' dir='ltr'><strong>vero</strong></span> 
     </span>
    </p>
   </div>
   <div class='ocr_carea' id='block_1_39' title="bbox 2073 997 3642 1068">
    <p class='ocr_par' dir='ltr' id='par_1_39' title="bbox 2073 997 3642 1068">
     <span class='ocr_line' id='line_1_39' title="bbox 2073 997 3642 1068; baseline -0.001 -16"><span class='ocrx_word' id='word_1_284' title='bbox 2073 1000 2154 1052; x_wconf 88' lang='lat' dir='ltr'><strong>illi</strong></span> <span class='ocrx_word' id='word_1_285' title='bbox 2208 999 2471 1052; x_wconf 88' lang='lat' dir='ltr'><strong>miracula</strong></span> <span class='ocrx_word' id='word_1_286' title='bbox 2499 1005 2552 1052; x_wconf 90' lang='lat' dir='ltr'><strong>et</strong></span> <span class='ocrx_word' id='word_1_287' title='bbox 2584 1007 2855 1068; x_wconf 89' lang='lat' dir='ltr'><strong>portenta,</strong></span> <span class='ocrx_word' id='word_1_288' title='bbox 2890 1011 3016 1053; x_wconf 89' lang='lat' dir='ltr'><strong>cum</strong></span> <span class='ocrx_word' id='word_1_289' title='bbox 3065 998 3432 1063; x_wconf 76' lang='lat' dir='ltr'><strong>simulatione,</strong></span> <span class='ocrx_word' id='word_1_290' title='bbox 3487 997 3642 1052; x_wconf 84' lang='lat' dir='ltr'><strong>falsi-</strong></span> 
     </span>
    </p>
   </div>
   <div class='ocr_carea' id='block_1_40' title="bbox 2076 1085 3640 1158">
    <p class='ocr_par' dir='ltr' id='par_1_40' title="bbox 2076 1085 3640 1158">
     <span class='ocr_line' id='line_1_40' title="bbox 2076 1085 3640 1158; baseline 0.001 -16"><span class='ocrx_word' id='word_1_291' title='bbox 2076 1097 2290 1158; x_wconf 88' lang='lat' dir='ltr'><strong>tateque</strong></span> <span class='ocrx_word' id='word_1_292' title='bbox 2343 1088 2659 1151; x_wconf 86' lang='lat' dir='ltr'><strong>ascribant,</strong></span> <span class='ocrx_word' id='word_1_293' title='bbox 2705 1095 2764 1141; x_wconf 86' lang='lat' dir='ltr'><strong>ut</strong></span> <span class='ocrx_word' id='word_1_294' title='bbox 2796 1085 2898 1155; x_wconf 88' lang='lat' dir='ltr'><strong>ipsi</strong></span> <span class='ocrx_word' id='word_1_295' title='bbox 2939 1102 3156 1156; x_wconf 88' lang='lat' dir='ltr'><strong>quoque</strong></span> <span class='ocrx_word' id='word_1_296' title='bbox 3183 1088 3237 1141; x_wconf 91' lang='lat' dir='ltr'><strong>in</strong></span> <span class='ocrx_word' id='word_1_297' title='bbox 3280 1088 3640 1143; x_wconf 80' lang='lat' dir='ltr'><strong>admiratione</strong></span> 
     </span>
    </p>
   </div>
   <div class='ocr_carea' id='block_1_41' title="bbox 2077 1179 3638 1251">
    <p class='ocr_par' dir='ltr' id='par_1_41' title="bbox 2077 1179 3638 1251">
     <span class='ocr_line' id='line_1_41' title="bbox 2077 1179 3638 1251; baseline -0.001 -14"><span class='ocrx_word' id='word_1_298' title='bbox 2077 1182 2400 1244; x_wconf 79' lang='lat' dir='ltr'><strong>habeantur,</strong></span> <span class='ocrx_word' id='word_1_299' title='bbox 2432 1180 2688 1250; x_wconf 76' lang='lat' dir='ltr'><strong>beatique</strong></span> <span class='ocrx_word' id='word_1_300' title='bbox 2716 1179 3057 1248; x_wconf 86' lang='lat' dir='ltr'><strong>judicentur,</strong></span> <span class='ocrx_word' id='word_1_301' title='bbox 3093 1180 3184 1251; x_wconf 88' lang='lat' dir='ltr'><strong>qui</strong></span> <span class='ocrx_word' id='word_1_302' title='bbox 3214 1180 3481 1250; x_wconf 89' lang='lat' dir='ltr'><strong>ejusmodi</strong></span> <span class='ocrx_word' id='word_1_303' title='bbox 3500 1196 3638 1250; x_wconf 77' lang='lat' dir='ltr'><strong>pra:-</strong></span> 
     </span>
    </p>
   </div>
   <div class='ocr_carea' id='block_1_42' title="bbox 2075 1269 3640 1343">
    <p class='ocr_par' dir='ltr' id='par_1_42' title="bbox 2075 1269 3640 1343">
     <span class='ocr_line' id='line_1_42' title="bbox 2075 1269 3640 1343; baseline -0.003 -14"><span class='ocrx_word' id='word_1_304' title='bbox 2075 1274 2310 1343; x_wconf 88' lang='lat' dir='ltr'><strong>ceptoris</strong></span> <span class='ocrx_word' id='word_1_305' title='bbox 2356 1273 2607 1343; x_wconf 87' lang='lat' dir='ltr'><strong>discipuli</strong></span> <span class='ocrx_word' id='word_1_306' title='bbox 2639 1273 2969 1327; x_wconf 78' lang='lat' dir='ltr'><strong>exstiterint.</strong></span> <span class='ocrx_word' id='word_1_307' title='bbox 3021 1269 3314 1327; x_wconf 81' lang='lat' dir='ltr'><strong>Videamus</strong></span> <span class='ocrx_word' id='word_1_308' title='bbox 3345 1272 3512 1342; x_wconf 78' lang='lat' dir='ltr'><strong>igitur</strong></span> <span class='ocrx_word' id='word_1_309' title='bbox 3546 1274 3640 1343; x_wconf 83' lang='lat' dir='ltr'><strong>qui</strong></span> 
     </span>
    </p>
   </div>
   <div class='ocr_carea' id='block_1_43' title="bbox 2077 1361 3639 1433">
    <p class='ocr_par' dir='ltr' id='par_1_43' title="bbox 2077 1361 3639 1433">
     <span class='ocr_line' id='line_1_43' title="bbox 2077 1361 3639 1433; baseline 0.001 -18"><span class='ocrx_word' id='word_1_310' title='bbox 2077 1364 2311 1433; x_wconf 88' lang='lat' dir='ltr'><strong>potuerit</strong></span> <span class='ocrx_word' id='word_1_311' title='bbox 2344 1363 2451 1417; x_wconf 89' lang='lat' dir='ltr'><strong>illis</strong></span> <span class='ocrx_word' id='word_1_312' title='bbox 2488 1373 2595 1417; x_wconf 87' lang='lat' dir='ltr'><strong>tam</strong></span> <span class='ocrx_word' id='word_1_313' title='bbox 2660 1362 2837 1416; x_wconf 78' lang='lat' dir='ltr'><strong>audax</strong></span> <span class='ocrx_word' id='word_1_314' title='bbox 2884 1361 3176 1429; x_wconf 74' lang='lat' dir='ltr'><strong>inemptum</strong></span> <span class='ocrx_word' id='word_1_315' title='bbox 3224 1363 3558 1428; x_wconf 86' lang='lat' dir='ltr'><strong>consistere,</strong></span> <span class='ocrx_word' id='word_1_316' title='bbox 3593 1364 3639 1418; x_wconf 90' lang='lat' dir='ltr'><strong>si</strong></span> 
     </span>
    </p>
   </div>
   <div class='ocr_carea' id='block_1_44' title="bbox 2077 1452 3643 1524">
    <p class='ocr_par' dir='ltr' id='par_1_44' title="bbox 2077 1452 3643 1524">
     <span class='ocr_line' id='line_1_44' title="bbox 2077 1452 3643 1524; baseline 0.001 -17"><span class='ocrx_word' id='word_1_317' title='bbox 2077 1456 2210 1509; x_wconf 86' lang='lat' dir='ltr'><strong>tales</strong></span> <span class='ocrx_word' id='word_1_318' title='bbox 2243 1457 2409 1510; x_wconf 88' lang='lat' dir='ltr'><strong>fuere.</strong></span> <span class='ocrx_word' id='word_1_319' title='bbox 2446 1456 2635 1524; x_wconf 87' lang='lat' dir='ltr'><strong>quales</strong></span> <span class='ocrx_word' id='word_1_320' title='bbox 2661 1453 2924 1520; x_wconf 82' lang='lat' dir='ltr'><strong>descripti</strong></span> <span class='ocrx_word' id='word_1_321' title='bbox 2953 1461 3100 1509; x_wconf 93' lang='lat' dir='ltr'><strong>sunt.</strong></span> <span class='ocrx_word' id='word_1_322' title='bbox 3127 1452 3264 1507; x_wconf 84' lang='lat' dir='ltr'><strong>Nam</strong></span> <span class='ocrx_word' id='word_1_323' title='bbox 3293 1454 3494 1508; x_wconf 90' lang='lat' dir='ltr'><strong>malum</strong></span> <span class='ocrx_word' id='word_1_324' title='bbox 3524 1469 3643 1508; x_wconf 88' lang='lat' dir='ltr'><strong>ma-</strong></span> 
     </span>
    </p>
   </div>
   <div class='ocr_carea' id='block_1_45' title="bbox 2077 1543 3636 1616">
    <p class='ocr_par' dir='ltr' id='par_1_45' title="bbox 2077 1543 3636 1616">
     <span class='ocr_line' id='line_1_45' title="bbox 2077 1543 3636 1616; baseline 0.002 -18"><span class='ocrx_word' id='word_1_325' title='bbox 2077 1544 2150 1606; x_wconf 88' lang='lat' dir='ltr'><strong>lo,</strong></span> <span class='ocrx_word' id='word_1_326' title='bbox 2179 1543 2355 1610; x_wconf 91' lang='lat' dir='ltr'><strong>aiunt,</strong></span> <span class='ocrx_word' id='word_1_327' title='bbox 2402 1545 2639 1597; x_wconf 83' lang='lat' dir='ltr'><strong>amicum</strong></span> <span class='ocrx_word' id='word_1_328' title='bbox 2672 1560 2780 1599; x_wconf 88' lang='lat' dir='ltr'><strong>non</strong></span> <span class='ocrx_word' id='word_1_329' title='bbox 2819 1551 2943 1599; x_wconf 88' lang='lat' dir='ltr'><strong>est:</strong></span> <span class='ocrx_word' id='word_1_330' title='bbox 2991 1560 3054 1598; x_wconf 90' lang='lat' dir='ltr'><strong>ac</strong></span> <span class='ocrx_word' id='word_1_331' title='bbox 3086 1561 3154 1600; x_wconf 93' lang='lat' dir='ltr'><strong>ne</strong></span> <span class='ocrx_word' id='word_1_332' title='bbox 3205 1546 3347 1600; x_wconf 88' lang='lat' dir='ltr'><strong>bono</strong></span> <span class='ocrx_word' id='word_1_333' title='bbox 3397 1547 3636 1616; x_wconf 89' lang='lat' dir='ltr'><strong>quidem.</strong></span> 
     </span>
    </p>
   </div>
   <div class='ocr_carea' id='block_1_46' title="bbox 2079 1635 3644 1705">
    <p class='ocr_par' dir='ltr' id='par_1_46' title="bbox 2079 1635 3644 1705">
     <span class='ocr_line' id='line_1_46' title="bbox 2079 1635 3644 1705; baseline -0.001 -12"><span class='ocrx_word' id='word_1_334' title='bbox 2079 1636 2234 1693; x_wconf 82' lang='lat' dir='ltr'><strong>Unde</strong></span> <span class='ocrx_word' id='word_1_335' title='bbox 2261 1636 2427 1705; x_wconf 79' lang='lat' dir='ltr'><strong>igitur</strong></span> <span class='ocrx_word' id='word_1_336' title='bbox 2453 1635 2509 1689; x_wconf 89' lang='lat' dir='ltr'><strong>in</strong></span> <span class='ocrx_word' id='word_1_337' title='bbox 2535 1643 2683 1688; x_wconf 90' lang='lat' dir='ltr'><strong>tanta</strong></span> <span class='ocrx_word' id='word_1_338' title='bbox 2708 1636 2952 1690; x_wconf 80' lang='lat' dir='ltr'><strong>virorum</strong></span> <span class='ocrx_word' id='word_1_339' title='bbox 2994 1636 3362 1703; x_wconf 83' lang='lat' dir='ltr'><strong>multitudine,</strong></span> <span class='ocrx_word' id='word_1_340' title='bbox 3410 1652 3644 1694; x_wconf 87' lang='lat' dir='ltr'><strong>concor-</strong></span> 
     </span>
    </p>
   </div>
   <div class='ocr_carea' id='block_1_47' title="bbox 2078 1728 3643 1798">
    <p class='ocr_par' dir='ltr' id='par_1_47' title="bbox 2078 1728 3643 1798">
     <span class='ocr_line' id='line_1_47' title="bbox 2078 1728 3643 1798; baseline 0.003 -15"><span class='ocrx_word' id='word_1_341' title='bbox 2078 1728 2167 1783; x_wconf 90' lang='lat' dir='ltr'><strong>dia</strong></span> <span class='ocrx_word' id='word_1_342' title='bbox 2217 1728 2438 1782; x_wconf 68' lang='lat' dir='ltr'><strong>malitiae</strong></span> <span class='ocrx_word' id='word_1_343' title='bbox 2467 1738 2679 1798; x_wconf 84' lang='lat' dir='ltr'><strong>reperta</strong></span> <span class='ocrx_word' id='word_1_344' title='bbox 2723 1731 2851 1783; x_wconf 76' lang='lat' dir='ltr'><strong>est“!</strong></span> <span class='ocrx_word' id='word_1_345' title='bbox 2882 1728 3023 1783; x_wconf 89' lang='lat' dir='ltr'><strong>unde</strong></span> <span class='ocrx_word' id='word_1_346' title='bbox 3051 1730 3106 1783; x_wconf 92' lang='lat' dir='ltr'><strong>in</strong></span> <span class='ocrx_word' id='word_1_347' title='bbox 3127 1729 3234 1784; x_wconf 88' lang='lat' dir='ltr'><strong>illis</strong></span> <span class='ocrx_word' id='word_1_348' title='bbox 3270 1729 3545 1794; x_wconf 88' lang='lat' dir='ltr'><strong>omnibus,</strong></span> <span class='ocrx_word' id='word_1_349' title='bbox 3574 1731 3643 1787; x_wconf 85' lang='lat' dir='ltr'><strong>de</strong></span> 
     </span>
    </p>
   </div>
   <div class='ocr_carea' id='block_1_48' title="bbox 2080 1818 3644 1876">
    <p class='ocr_par' dir='ltr' id='par_1_48' title="bbox 2080 1818 3644 1876">
     <span class='ocr_line' id='line_1_48' title="bbox 2080 1818 3644 1876; baseline 0.003 -4"><span class='ocrx_word' id='word_1_350' title='bbox 2080 1818 2272 1874; x_wconf 87' lang='lat' dir='ltr'><strong>iisdem</strong></span> <span class='ocrx_word' id='word_1_351' title='bbox 2329 1819 2496 1873; x_wconf 88' lang='lat' dir='ltr'><strong>rebus</strong></span> <span class='ocrx_word' id='word_1_352' title='bbox 2530 1832 2762 1872; x_wconf 86' lang='lat' dir='ltr'><strong>concors</strong></span> <span class='ocrx_word' id='word_1_353' title='bbox 2792 1820 3209 1874; x_wconf 82' lang='lat' dir='ltr'><strong>testimonium?</strong></span> <span class='ocrx_word' id='word_1_354' title='bbox 3255 1829 3310 1875; x_wconf 91' lang='lat' dir='ltr'><strong>et</strong></span> <span class='ocrx_word' id='word_1_355' title='bbox 3334 1819 3522 1876; x_wconf 89' lang='lat' dir='ltr'><strong>eadem</strong></span> <span class='ocrx_word' id='word_1_356' title='bbox 3547 1836 3644 1876; x_wconf 88' lang='lat' dir='ltr'><strong>us-</strong></span> 
     </span>
    </p>
   </div>
   <div class='ocr_carea' id='block_1_49' title="bbox 2078 1910 3642 1985">
    <p class='ocr_par' dir='ltr' id='par_1_49' title="bbox 2078 1910 3642 1985">
     <span class='ocr_line' id='line_1_49' title="bbox 2078 1910 3642 1985; baseline 0.003 -21"><span class='ocrx_word' id='word_1_357' title='bbox 2078 1926 2183 1981; x_wconf 90' lang='lat' dir='ltr'><strong>que</strong></span> <span class='ocrx_word' id='word_1_358' title='bbox 2215 1911 2283 1965; x_wconf 87' lang='lat' dir='ltr'><strong>ad</strong></span> <span class='ocrx_word' id='word_1_359' title='bbox 2306 1921 2533 1964; x_wconf 91' lang='lat' dir='ltr'><strong>mortem</strong></span> <span class='ocrx_word' id='word_1_360' title='bbox 2585 1910 2855 1964; x_wconf 86' lang='lat' dir='ltr'><strong>sententia</strong></span> <span class='ocrx_word' id='word_1_361' title='bbox 2885 1911 2908 1963; x_wconf 87' lang='lat'><strong>?</strong></span> <span class='ocrx_word' id='word_1_362' title='bbox 2935 1910 3065 1966; x_wconf 75' lang='lat' dir='ltr'><strong>Viro</strong></span> <span class='ocrx_word' id='word_1_363' title='bbox 3114 1921 3296 1967; x_wconf 87' lang='lat' dir='ltr'><strong>autem</strong></span> <span class='ocrx_word' id='word_1_364' title='bbox 3347 1914 3642 1985; x_wconf 80' lang='lat' dir='ltr'><strong>praestigiis</strong></span> 
     </span>
    </p>
   </div>
   <div class='ocr_carea' id='block_1_50' title="bbox 2080 2000 3643 2074">
    <p class='ocr_par' dir='ltr' id='par_1_50' title="bbox 2080 2000 3643 2074">
     <span class='ocr_line' id='line_1_50' title="bbox 2080 2000 3643 2074; baseline 0.001 -18"><span class='ocrx_word' id='word_1_365' title='bbox 2080 2002 2252 2056; x_wconf 90' lang='lat' dir='ltr'><strong>utenti</strong></span> <span class='ocrx_word' id='word_1_366' title='bbox 2276 2010 2330 2055; x_wconf 87' lang='lat' dir='ltr'><strong>et</strong></span> <span class='ocrx_word' id='word_1_367' title='bbox 2349 2000 2604 2068; x_wconf 82' lang='lat' dir='ltr'><strong>fallaciis,</strong></span> <span class='ocrx_word' id='word_1_368' title='bbox 2636 2003 2729 2072; x_wconf 93' lang='lat' dir='ltr'><strong>qui</strong></span> <span class='ocrx_word' id='word_1_369' title='bbox 2764 2003 2893 2055; x_wconf 88' lang='lat' dir='ltr'><strong>talia</strong></span> <span class='ocrx_word' id='word_1_370' title='bbox 2929 2002 3181 2066; x_wconf 87' lang='lat' dir='ltr'><strong>doceret,</strong></span> <span class='ocrx_word' id='word_1_371' title='bbox 3230 2019 3293 2058; x_wconf 87' lang='lat' dir='ltr'><strong>ac</strong></span> <span class='ocrx_word' id='word_1_372' title='bbox 3320 2005 3451 2059; x_wconf 88' lang='lat' dir='ltr'><strong>talia</strong></span> <span class='ocrx_word' id='word_1_373' title='bbox 3475 2004 3643 2074; x_wconf 82' lang='lat' dir='ltr'><strong>profi-</strong></span> 
     </span>
    </p>
   </div>
   <div class='ocr_carea' id='block_1_51' title="bbox 2079 2093 3643 2166">
    <p class='ocr_par' dir='ltr' id='par_1_51' title="bbox 2079 2093 3643 2166">
     <span class='ocr_line' id='line_1_51' title="bbox 2079 2093 3643 2166; baseline 0.003 -19"><span class='ocrx_word' id='word_1_374' title='bbox 2079 2100 2305 2155; x_wconf 87' lang='lat' dir='ltr'><strong>teretur,</strong></span> <span class='ocrx_word' id='word_1_375' title='bbox 2335 2093 2460 2162; x_wconf 88' lang='lat' dir='ltr'><strong>quis</strong></span> <span class='ocrx_word' id='word_1_376' title='bbox 2491 2095 2558 2147; x_wconf 90' lang='lat' dir='ltr'><strong>ab</strong></span> <span class='ocrx_word' id='word_1_377' title='bbox 2586 2094 2745 2148; x_wconf 89' lang='lat' dir='ltr'><strong>initio</strong></span> <span class='ocrx_word' id='word_1_378' title='bbox 2789 2095 3089 2149; x_wconf 87' lang='lat' dir='ltr'><strong>studuisset</strong></span> <span class='ocrx_word' id='word_1_379' title='bbox 3116 2095 3141 2147; x_wconf 88' lang='lat'><strong>?</strong></span> <span class='ocrx_word' id='word_1_380' title='bbox 3173 2094 3353 2159; x_wconf 87' lang='lat' dir='ltr'><strong>Dices,</strong></span> <span class='ocrx_word' id='word_1_381' title='bbox 3382 2096 3528 2166; x_wconf 89' lang='lat' dir='ltr'><strong>quod</strong></span> <span class='ocrx_word' id='word_1_382' title='bbox 3551 2098 3643 2151; x_wconf 88' lang='lat' dir='ltr'><strong>alii</strong></span> 
     </span>
    </p>
   </div>
   <div class='ocr_carea' id='block_1_52' title="bbox 2078 2186 3649 2260">
    <p class='ocr_par' dir='ltr' id='par_1_52' title="bbox 2078 2186 3649 2260">
     <span class='ocr_line' id='line_1_52' title="bbox 2078 2186 3649 2260; baseline 0.003 -19"><span class='ocrx_word' id='word_1_383' title='bbox 2078 2202 2293 2257; x_wconf 85' lang='lat' dir='ltr'><strong>quoque</strong></span> <span class='ocrx_word' id='word_1_384' title='bbox 2315 2186 2408 2239; x_wconf 92' lang='lat' dir='ltr'><strong>illo</strong></span> <span class='ocrx_word' id='word_1_385' title='bbox 2439 2193 2767 2255; x_wconf 71' lang='lat' dir='ltr'><strong>praeceptore</strong></span> <span class='ocrx_word' id='word_1_386' title='bbox 2795 2202 2901 2241; x_wconf 89' lang='lat' dir='ltr'><strong>non</strong></span> <span class='ocrx_word' id='word_1_387' title='bbox 2929 2188 3523 2260; x_wconf 72' lang='lat' dir='ltr'><strong>minusprtestigiarum</strong></span> <span class='ocrx_word' id='word_1_388' title='bbox 3553 2207 3649 2245; x_wconf 91' lang='lat' dir='ltr'><strong>cu-</strong></span> 
     </span>
    </p>
   </div>
   <div class='ocr_carea' id='block_1_53' title="bbox 2079 2278 3647 2350">
    <p class='ocr_par' dir='ltr' id='par_1_53' title="bbox 2079 2278 3647 2350">
     <span class='ocr_line' id='line_1_53' title="bbox 2079 2278 3647 2350; baseline 0.003 -17"><span class='ocrx_word' id='word_1_389' title='bbox 2079 2279 2228 2350; x_wconf 86' lang='lat' dir='ltr'><strong>pidi:</strong></span> <span class='ocrx_word' id='word_1_390' title='bbox 2263 2293 2393 2347; x_wconf 88' lang='lat' dir='ltr'><strong>ergo</strong></span> <span class='ocrx_word' id='word_1_391' title='bbox 2440 2278 2518 2331; x_wconf 91' lang='lat' dir='ltr'><strong>illi</strong></span> <span class='ocrx_word' id='word_1_392' title='bbox 2566 2279 2919 2348; x_wconf 70' lang='lat' dir='ltr'><strong>praeceptoris</strong></span> <span class='ocrx_word' id='word_1_393' title='bbox 2971 2279 3057 2332; x_wconf 91' lang='lat' dir='ltr'><strong>sui</strong></span> <span class='ocrx_word' id='word_1_394' title='bbox 3118 2281 3324 2334; x_wconf 83' lang='lat' dir='ltr'><strong>exitum</strong></span> <span class='ocrx_word' id='word_1_395' title='bbox 3353 2296 3463 2335; x_wconf 90' lang='lat' dir='ltr'><strong>non</strong></span> <span class='ocrx_word' id='word_1_396' title='bbox 3492 2282 3647 2339; x_wconf 81' lang='lat' dir='ltr'><strong>vide-</strong></span> 
     </span>
    </p>
   </div>
   <div class='ocr_carea' id='block_1_54' title="bbox 2078 2370 3647 2444">
    <p class='ocr_par' dir='ltr' id='par_1_54' title="bbox 2078 2370 3647 2444">
     <span class='ocr_line' id='line_1_54' title="bbox 2078 2370 3647 2444; baseline 0.001 -19"><span class='ocrx_word' id='word_1_397' title='bbox 2078 2380 2207 2425; x_wconf 91' lang='lat' dir='ltr'><strong>runt</strong></span> <span class='ocrx_word' id='word_1_398' title='bbox 2231 2371 2255 2425; x_wconf 88' lang='lat'><strong>?</strong></span> <span class='ocrx_word' id='word_1_399' title='bbox 2276 2381 2330 2426; x_wconf 89' lang='lat' dir='ltr'><strong>et</strong></span> <span class='ocrx_word' id='word_1_400' title='bbox 2354 2371 2502 2442; x_wconf 86' lang='lat' dir='ltr'><strong>quali</strong></span> <span class='ocrx_word' id='word_1_401' title='bbox 2530 2377 2704 2425; x_wconf 91' lang='lat' dir='ltr'><strong>morte</strong></span> <span class='ocrx_word' id='word_1_402' title='bbox 2727 2370 2892 2425; x_wconf 88' lang='lat' dir='ltr'><strong>fuerit</strong></span> <span class='ocrx_word' id='word_1_403' title='bbox 2926 2370 3194 2427; x_wconf 77' lang='lat' dir='ltr'><strong>affectus?</strong></span> <span class='ocrx_word' id='word_1_404' title='bbox 3214 2388 3314 2427; x_wconf 92' lang='lat' dir='ltr'><strong>cur</strong></span> <span class='ocrx_word' id='word_1_405' title='bbox 3338 2374 3507 2443; x_wconf 80' lang='lat' dir='ltr'><strong>igitur</strong></span> <span class='ocrx_word' id='word_1_406' title='bbox 3523 2382 3647 2444; x_wconf 89' lang='lat' dir='ltr'><strong>post</strong></span> 
     </span>
    </p>
   </div>
   <div class='ocr_carea' id='block_1_55' title="bbox 2079 2464 3655 2536">
    <p class='ocr_par' dir='ltr' id='par_1_55' title="bbox 2079 2464 3655 2536">
     <span class='ocr_line' id='line_1_55' title="bbox 2079 2464 3655 2536; baseline -0.003 -17"><span class='ocrx_word' id='word_1_407' title='bbox 2079 2464 2227 2519; x_wconf 88' lang='lat' dir='ltr'><strong>illam</strong></span> <span class='ocrx_word' id='word_1_408' title='bbox 2247 2464 2618 2534; x_wconf 88' lang='lat' dir='ltr'><strong>turpissimam</strong></span> <span class='ocrx_word' id='word_1_409' title='bbox 2648 2465 2796 2519; x_wconf 91' lang='lat' dir='ltr'><strong>illius</strong></span> <span class='ocrx_word' id='word_1_410' title='bbox 2833 2478 3043 2527; x_wconf 86' lang='lat' dir='ltr'><strong>necem,</strong></span> <span class='ocrx_word' id='word_1_411' title='bbox 3087 2465 3155 2519; x_wconf 89' lang='lat' dir='ltr'><strong>de</strong></span> <span class='ocrx_word' id='word_1_412' title='bbox 3179 2479 3246 2521; x_wconf 87' lang='lat' dir='ltr'><strong>eo</strong></span> <span class='ocrx_word' id='word_1_413' title='bbox 3277 2467 3372 2536; x_wconf 88' lang='lat' dir='ltr'><strong>qui</strong></span> <span class='ocrx_word' id='word_1_414' title='bbox 3397 2475 3655 2521; x_wconf 80' lang='lat' dir='ltr'><strong>mortuus.</strong></span> 
     </span>
    </p>
   </div>
   <div class='ocr_carea' id='block_1_56' title="bbox 2086 2556 3643 2627">
    <p class='ocr_par' dir='ltr' id='par_1_56' title="bbox 2086 2556 3643 2627">
     <span class='ocr_line' id='line_1_56' title="bbox 2086 2556 3643 2627; baseline 0.002 -18"><span class='ocrx_word' id='word_1_415' title='bbox 2086 2567 2229 2611; x_wconf 88' lang='lat' dir='ltr'><strong>esset</strong></span> <span class='ocrx_word' id='word_1_416' title='bbox 2245 2571 2440 2610; x_wconf 87' lang='lat' dir='ltr'><strong>novam</strong></span> <span class='ocrx_word' id='word_1_417' title='bbox 2458 2556 2781 2627; x_wconf 77' lang='lat' dir='ltr'><strong>theologiam</strong></span> <span class='ocrx_word' id='word_1_418' title='bbox 2809 2556 3253 2611; x_wconf 87' lang='lat' dir='ltr'><strong>constantissime</strong></span> <span class='ocrx_word' id='word_1_419' title='bbox 3274 2558 3643 2627; x_wconf 87' lang='lat' dir='ltr'><strong>protulerunt,</strong></span> 
     </span>
    </p>
   </div>
   <div class='ocr_carea' id='block_1_57' title="bbox 2078 2646 3647 2719">
    <p class='ocr_par' dir='ltr' id='par_1_57' title="bbox 2078 2646 3647 2719">
     <span class='ocr_line' id='line_1_57' title="bbox 2078 2646 3647 2719; baseline 0.003 -20"><span class='ocrx_word' id='word_1_420' title='bbox 2078 2661 2182 2701; x_wconf 92' lang='lat' dir='ltr'><strong>nec</strong></span> <span class='ocrx_word' id='word_1_421' title='bbox 2211 2646 2280 2700; x_wconf 90' lang='lat' dir='ltr'><strong>ab</strong></span> <span class='ocrx_word' id='word_1_422' title='bbox 2311 2648 2548 2717; x_wconf 74' lang='lat' dir='ltr'><strong>incoepta</strong></span> <span class='ocrx_word' id='word_1_423' title='bbox 2575 2646 2838 2702; x_wconf 87' lang='lat' dir='ltr'><strong>deterreri</strong></span> <span class='ocrx_word' id='word_1_424' title='bbox 2866 2647 3199 2716; x_wconf 79' lang='lat' dir='ltr'><strong>potuerunt?</strong></span> <span class='ocrx_word' id='word_1_425' title='bbox 3223 2657 3317 2702; x_wconf 91' lang='lat' dir='ltr'><strong>aut</strong></span> <span class='ocrx_word' id='word_1_426' title='bbox 3339 2649 3472 2719; x_wconf 84' lang='lat' dir='ltr'><strong>quid</strong></span> <span class='ocrx_word' id='word_1_427' title='bbox 3495 2665 3558 2704; x_wconf 81' lang='lat' dir='ltr'><strong>ex</strong></span> <span class='ocrx_word' id='word_1_428' title='bbox 3580 2664 3647 2704; x_wconf 92' lang='lat' dir='ltr'><strong>ea</strong></span> 
     </span>
    </p>
   </div>
   <div class='ocr_carea' id='block_1_58' title="bbox 2079 2737 3645 2809">
    <p class='ocr_par' dir='ltr' id='par_1_58' title="bbox 2079 2737 3645 2809">
     <span class='ocr_line' id='line_1_58' title="bbox 2079 2737 3645 2809; baseline 0.002 -18"><span class='ocrx_word' id='word_1_429' title='bbox 2079 2752 2139 2793; x_wconf 89' lang='lat' dir='ltr'><strong>re</strong></span> <span class='ocrx_word' id='word_1_430' title='bbox 2172 2737 2389 2793; x_wconf 83' lang='lat' dir='ltr'><strong>tandem</strong></span> <span class='ocrx_word' id='word_1_431' title='bbox 2420 2737 2674 2808; x_wconf 89' lang='lat' dir='ltr'><strong>petebant</strong></span> <span class='ocrx_word' id='word_1_432' title='bbox 2697 2738 2720 2791; x_wconf 89' lang='lat'><strong>?</strong></span> <span class='ocrx_word' id='word_1_433' title='bbox 2740 2753 2869 2792; x_wconf 88' lang='lat' dir='ltr'><strong>num</strong></span> <span class='ocrx_word' id='word_1_434' title='bbox 2904 2747 2967 2792; x_wconf 87' lang='lat' dir='ltr'><strong>ut</strong></span> <span class='ocrx_word' id='word_1_435' title='bbox 3009 2738 3200 2792; x_wconf 90' lang='lat' dir='ltr'><strong>eodem</strong></span> <span class='ocrx_word' id='word_1_436' title='bbox 3230 2738 3500 2809; x_wconf 89' lang='lat' dir='ltr'><strong>supplicio</strong></span> <span class='ocrx_word' id='word_1_437' title='bbox 3529 2738 3645 2794; x_wconf 79' lang='lat' dir='ltr'><strong>alli-</strong></span> 
     </span>
    </p>
   </div>
   <div class='ocr_carea' id='block_1_59' title="bbox 2078 2828 3648 2903">
    <p class='ocr_par' dir='ltr' id='par_1_59' title="bbox 2078 2828 3648 2903">
     <span class='ocr_line' id='line_1_59' title="bbox 2078 2828 3648 2903; baseline 0 -18"><span class='ocrx_word' id='word_1_438' title='bbox 2078 2835 2334 2885; x_wconf 86' lang='lat' dir='ltr'><strong>cerentur</strong></span> <span class='ocrx_word' id='word_1_439' title='bbox 2358 2829 2381 2882; x_wconf 82' lang='lat' dir='ltr'><strong>‘l</strong></span> <span class='ocrx_word' id='word_1_440' title='bbox 2409 2828 2504 2884; x_wconf 89' lang='lat' dir='ltr'><strong>sed</strong></span> <span class='ocrx_word' id='word_1_441' title='bbox 2535 2830 2659 2899; x_wconf 92' lang='lat' dir='ltr'><strong>quis</strong></span> <span class='ocrx_word' id='word_1_442' title='bbox 2690 2830 2800 2883; x_wconf 93' lang='lat' dir='ltr'><strong>ullo</strong></span> <span class='ocrx_word' id='word_1_443' title='bbox 2820 2844 3059 2899; x_wconf 89' lang='lat' dir='ltr'><strong>unquam</strong></span> <span class='ocrx_word' id='word_1_444' title='bbox 3088 2838 3349 2900; x_wconf 89' lang='lat' dir='ltr'><strong>tempore,</strong></span> <span class='ocrx_word' id='word_1_445' title='bbox 3384 2832 3532 2885; x_wconf 87' lang='lat' dir='ltr'><strong>nulla</strong></span> <span class='ocrx_word' id='word_1_446' title='bbox 3551 2848 3648 2903; x_wconf 81' lang='lat' dir='ltr'><strong>spe</strong></span> 
     </span>
    </p>
   </div>
   <div class='ocr_carea' id='block_1_60' title="bbox 2079 2921 3649 2995">
    <p class='ocr_par' dir='ltr' id='par_1_60' title="bbox 2079 2921 3649 2995">
     <span class='ocr_line' id='line_1_60' title="bbox 2079 2921 3649 2995; baseline 0 -17"><span class='ocrx_word' id='word_1_447' title='bbox 2079 2922 2357 2991; x_wconf 82' lang='lat' dir='ltr'><strong>proposita</strong></span> <span class='ocrx_word' id='word_1_448' title='bbox 2386 2921 2656 2992; x_wconf 85' lang='lat' dir='ltr'><strong>ejusmodi</strong></span> <span class='ocrx_word' id='word_1_449' title='bbox 2701 2922 3027 2992; x_wconf 87' lang='lat' dir='ltr'><strong>supplicium</strong></span> <span class='ocrx_word' id='word_1_450' title='bbox 3082 2921 3431 2978; x_wconf 86' lang='lat' dir='ltr'><strong>manifestum</strong></span> <span class='ocrx_word' id='word_1_451' title='bbox 3479 2924 3649 2995; x_wconf 60' lang='lat' dir='ltr'><strong>elige»</strong></span> 
     </span>
    </p>
   </div>
   <div class='ocr_carea' id='block_1_61' title="bbox 2079 3012 3647 3079">
    <p class='ocr_par' dir='ltr' id='par_1_61' title="bbox 2079 3012 3647 3079">
     <span class='ocr_line' id='line_1_61' title="bbox 2079 3012 3647 3079; baseline 0.003 -14"><span class='ocrx_word' id='word_1_452' title='bbox 2079 3013 2205 3066; x_wconf 86' lang='lat' dir='ltr'><strong>ret?</strong></span> <span class='ocrx_word' id='word_1_453' title='bbox 2255 3012 2524 3068; x_wconf 70' lang='lat' dir='ltr'><strong>Caeterum</strong></span> <span class='ocrx_word' id='word_1_454' title='bbox 2581 3013 2776 3068; x_wconf 88' lang='lat' dir='ltr'><strong>demus</strong></span> <span class='ocrx_word' id='word_1_455' title='bbox 2835 3013 2958 3069; x_wconf 88' lang='lat' dir='ltr'><strong>illos</strong></span> <span class='ocrx_word' id='word_1_456' title='bbox 3001 3013 3154 3068; x_wconf 90' lang='lat' dir='ltr'><strong>illum</strong></span> <span class='ocrx_word' id='word_1_457' title='bbox 3184 3029 3309 3069; x_wconf 90' lang='lat' dir='ltr'><strong>esse</strong></span> <span class='ocrx_word' id='word_1_458' title='bbox 3335 3026 3647 3079; x_wconf 81' lang='lat' dir='ltr'><strong>veneratos,</strong></span> 
     </span>
    </p>
   </div>
   <div class='ocr_carea' id='block_1_62' title="bbox 414 3105 1980 3193">
    <p class='ocr_par' dir='ltr' id='par_1_62' title="bbox 414 3110 1978 3183">
     <span class='ocr_line' id='line_1_62' title="bbox 414 3110 1978 3183; baseline -0.003 -15"><span class='ocrx_word' id='word_1_459' title='bbox 414 3115 502 3170; x_wconf 80' lang='grc' dir='ltr'><strong>δὲν</strong></span> <span class='ocrx_word' id='word_1_460' title='bbox 535 3113 734 3182; x_wconf 88' lang='grc' dir='ltr'>ἀγαθὸν</span> <span class='ocrx_word' id='word_1_461' title='bbox 768 3114 1159 3181; x_wconf 82' lang='grc' dir='ltr'>συνεγνωκότες</span> <span class='ocrx_word' id='word_1_462' title='bbox 1188 3113 1263 3183; x_wconf 80' lang='grc' dir='ltr'>τῷ</span> <span class='ocrx_word' id='word_1_463' title='bbox 1290 3111 1609 3182; x_wconf 78' lang='grc' dir='ltr'>διδασκάλῳ,</span> <span class='ocrx_word' id='word_1_464' title='bbox 1639 3110 1713 3181; x_wconf 82' lang='grc' dir='ltr'>μὴ</span> <span class='ocrx_word' id='word_1_465' title='bbox 1743 3110 1873 3180; x_wconf 89' lang='grc' dir='ltr'>βίον,</span> <span class='ocrx_word' id='word_1_466' title='bbox 1904 3110 1978 3182; x_wconf 84' lang='grc' dir='ltr'>μὴ</span> 
     </span>
    </p>
   </div>
   <div class='ocr_carea' id='block_1_63' title="bbox 2082 3105 3646 3193">
    <p class='ocr_par' dir='ltr' id='par_1_63' title="bbox 2083 3105 3646 3178">
     <span class='ocr_line' id='line_1_63' title="bbox 2083 3105 3646 3178; baseline 0.001 -19"><span class='ocrx_word' id='word_1_467' title='bbox 2083 3107 2342 3177; x_wconf 85' lang='lat' dir='ltr'><strong>quamdiu</strong></span> <span class='ocrx_word' id='word_1_468' title='bbox 2388 3120 2513 3159; x_wconf 92' lang='lat' dir='ltr'><strong>cum</strong></span> <span class='ocrx_word' id='word_1_469' title='bbox 2565 3105 2700 3175; x_wconf 87' lang='lat' dir='ltr'><strong>ipsis</strong></span> <span class='ocrx_word' id='word_1_470' title='bbox 2743 3114 2999 3162; x_wconf 82' lang='lat' dir='ltr'><strong>versatus</strong></span> <span class='ocrx_word' id='word_1_471' title='bbox 3050 3114 3529 3178; x_wconf 86' lang='lat' dir='ltr'><strong>connnoratusque</strong></span> <span class='ocrx_word' id='word_1_472' title='bbox 3551 3109 3646 3171; x_wconf 90' lang='lat' dir='ltr'><strong>sit,</strong></span> 
     </span>
    </p>
   </div>
   <div class='ocr_carea' id='block_1_64' title="bbox 418 3201 1979 3278">
    <p class='ocr_par' dir='ltr' id='par_1_64' title="bbox 418 3201 1979 3278">
     <span class='ocr_line' id='line_1_64' title="bbox 418 3201 1979 3278; baseline -0.003 -20"><span class='ocrx_word' id='word_1_473' title='bbox 418 3205 665 3278; x_wconf 80' lang='grc' dir='ltr'>μάθημα,</span> <span class='ocrx_word' id='word_1_474' title='bbox 703 3205 777 3276; x_wconf 81' lang='grc' dir='ltr'>μὴ</span> <span class='ocrx_word' id='word_1_475' title='bbox 822 3204 1040 3276; x_wconf 76' lang='grc' dir='ltr'>πρᾶξιν,</span> <span class='ocrx_word' id='word_1_476' title='bbox 1079 3204 1152 3275; x_wconf 78' lang='grc' dir='ltr'>μὴ</span> <span class='ocrx_word' id='word_1_477' title='bbox 1184 3204 1342 3275; x_wconf 80' lang='grc' dir='ltr'>ἔργον</span> <span class='ocrx_word' id='word_1_478' title='bbox 1375 3203 1595 3257; x_wconf 80' lang='grc' dir='ltr'>ἐπαίνου</span> <span class='ocrx_word' id='word_1_479' title='bbox 1639 3202 1806 3269; x_wconf 80' lang='grc' dir='ltr'>ἄξιον,</span> <span class='ocrx_word' id='word_1_480' title='bbox 1845 3201 1979 3273; x_wconf 81' lang='grc' dir='ltr'>μηδὲ</span> 
     </span>
    </p>
   </div>
   <div class='ocr_carea' id='block_1_65' title="bbox 419 3295 1980 3373">
    <p class='ocr_par' dir='ltr' id='par_1_65' title="bbox 419 3295 1980 3373">
     <span class='ocr_line' id='line_1_65' title="bbox 419 3295 1980 3373; baseline -0.004 -19"><span class='ocrx_word' id='word_1_481' title='bbox 419 3300 526 3373; x_wconf 80' lang='grc' dir='ltr'>μὴν</span> <span class='ocrx_word' id='word_1_482' title='bbox 546 3301 688 3354; x_wconf 88' lang='grc' dir='ltr'>κατά</span> <span class='ocrx_word' id='word_1_483' title='bbox 718 3318 768 3353; x_wconf 89' lang='grc' dir='ltr'><strong>τι</strong></span> <span class='ocrx_word' id='word_1_484' title='bbox 799 3299 1135 3370; x_wconf 86' lang='grc' dir='ltr'>ὡφελημένοι</span> <span class='ocrx_word' id='word_1_485' title='bbox 1169 3296 1353 3363; x_wconf 85' lang='grc' dir='ltr'>αὑτοῦ,</span> <span class='ocrx_word' id='word_1_486' title='bbox 1382 3297 1415 3369; x_wconf 83' lang='grc' dir='ltr'>ἦ</span> <span class='ocrx_word' id='word_1_487' title='bbox 1448 3297 1569 3350; x_wconf 80' lang='grc' dir='ltr'>ὅσον</span> <span class='ocrx_word' id='word_1_488' title='bbox 1596 3295 1855 3368; x_wconf 88' lang='grc' dir='ltr'>πονηρίαν</span> <span class='ocrx_word' id='word_1_489' title='bbox 1887 3295 1980 3348; x_wconf 74' lang='grc' dir='ltr'><strong>καὶ</strong></span> 
     </span>
    </p>
   </div>
   <div class='ocr_carea' id='block_1_66' title="bbox 414 3386 1981 3464">
    <p class='ocr_par' dir='ltr' id='par_1_66' title="bbox 414 3386 1981 3464">
     <span class='ocr_line' id='line_1_66' title="bbox 414 3386 1981 3464; baseline -0.004 -16"><span class='ocrx_word' id='word_1_490' title='bbox 414 3392 623 3464; x_wconf 74' lang='grc' dir='ltr'>ἀνδρῶν</span> <span class='ocrx_word' id='word_1_491' title='bbox 669 3391 896 3461; x_wconf 84' lang='grc' dir='ltr'>πλάνην,</span> <span class='ocrx_word' id='word_1_492' title='bbox 931 3391 1048 3454; x_wconf 89' lang='grc' dir='ltr'><strong>πῶς</strong></span> <span class='ocrx_word' id='word_1_493' title='bbox 1080 3389 1338 3461; x_wconf 71' lang='grc' dir='ltr'>ἔθνησκον</span> <span class='ocrx_word' id='word_1_494' title='bbox 1361 3387 1652 3459; x_wconf 78' lang='grc' dir='ltr'>προθύμως</span> <span class='ocrx_word' id='word_1_495' title='bbox 1696 3387 1764 3442; x_wconf 93' lang='grc' dir='ltr'><strong>τά</strong></span> <span class='ocrx_word' id='word_1_496' title='bbox 1810 3386 1981 3457; x_wconf 87' lang='grc' dir='ltr'>σεμνά</span> 
     </span>
    </p>
   </div>
   <div class='ocr_carea' id='block_1_67' title="bbox 419 3478 1980 3555">
    <p class='ocr_par' dir='ltr' id='par_1_67' title="bbox 419 3478 1980 3555">
     <span class='ocr_line' id='line_1_67' title="bbox 419 3478 1980 3555; baseline -0.006 -16"><span class='ocrx_word' id='word_1_497' title='bbox 419 3486 512 3541; x_wconf 71' lang='grc' dir='ltr'><strong>καὶ</strong></span> <span class='ocrx_word' id='word_1_498' title='bbox 533 3483 748 3549; x_wconf 75' lang='grc' dir='ltr'>ἐπίδοξα</span> <span class='ocrx_word' id='word_1_499' title='bbox 782 3483 911 3555; x_wconf 77' lang='grc' dir='ltr'>περὶ</span> <span class='ocrx_word' id='word_1_500' title='bbox 932 3482 1094 3535; x_wconf 85' lang='grc' dir='ltr'>αὑτοῦ</span> <span class='ocrx_word' id='word_1_501' title='bbox 1131 3481 1547 3553; x_wconf 76' lang='grc' dir='ltr'>μαρτυροῦντες,</span> <span class='ocrx_word' id='word_1_502' title='bbox 1575 3478 1748 3550; x_wconf 82' lang='grc' dir='ltr'>παρὸν</span> <span class='ocrx_word' id='word_1_503' title='bbox 1767 3478 1980 3548; x_wconf 78' lang='grc' dir='ltr'>ἑκάστῳ</span> 
     </span>
    </p>
   </div>
   <div class='ocr_carea' id='block_1_68' title="bbox 420 3569 1980 3644">
    <p class='ocr_par' dir='ltr' id='par_1_68' title="bbox 420 3569 1980 3644">
     <span class='ocr_line' id='line_1_68' title="bbox 420 3569 1980 3644; baseline -0.002 -18"><span class='ocrx_word' id='word_1_504' title='bbox 420 3575 520 3644; x_wconf 72' lang='grc' dir='ltr'><strong>ζῇν</strong></span> <span class='ocrx_word' id='word_1_505' title='bbox 560 3574 946 3644; x_wconf 87' lang='grc' dir='ltr'>ἀπραγμόνως,</span> <span class='ocrx_word' id='word_1_506' title='bbox 989 3574 1082 3627; x_wconf 78' lang='grc' dir='ltr'><strong>καὶ</strong></span> <span class='ocrx_word' id='word_1_507' title='bbox 1127 3575 1219 3628; x_wconf 74' lang='grc' dir='ltr'>ἐπὶ</span> <span class='ocrx_word' id='word_1_508' title='bbox 1252 3575 1350 3644; x_wconf 88' lang='grc' dir='ltr'><strong>τῆς</strong></span> <span class='ocrx_word' id='word_1_509' title='bbox 1379 3574 1597 3636; x_wconf 83' lang='grc' dir='ltr'>οἰκείας-</span> <span class='ocrx_word' id='word_1_510' title='bbox 1627 3570 1808 3634; x_wconf 78' lang='grc' dir='ltr'>ἑστίας</span> <span class='ocrx_word' id='word_1_511' title='bbox 1843 3569 1980 3641; x_wconf 86' lang='grc' dir='ltr'><strong>μετά</strong></span> 
     </span>
    </p>
   </div>
   <div class='ocr_carea' id='block_1_69' title="bbox 419 3659 1980 3733">
    <p class='ocr_par' dir='ltr' id='par_1_69' title="bbox 419 3659 1980 3733">
     <span class='ocr_line' id='line_1_69' title="bbox 419 3659 1980 3733; baseline -0.004 -15"><span class='ocrx_word' id='word_1_512' title='bbox 419 3664 526 3718; x_wconf 84' lang='grc' dir='ltr'><strong>τῶν</strong></span> <span class='ocrx_word' id='word_1_513' title='bbox 565 3664 833 3733; x_wconf 79' lang='grc' dir='ltr'>φιλτάτων</span> <span class='ocrx_word' id='word_1_514' title='bbox 860 3666 950 3719; x_wconf 84' lang='grc' dir='ltr'><strong>τὸν</strong></span> <span class='ocrx_word' id='word_1_515' title='bbox 977 3666 1253 3719; x_wconf 82' lang='grc' dir='ltr'>ἀκίνδυνον</span> <span class='ocrx_word' id='word_1_516' title='bbox 1287 3665 1491 3733; x_wconf 80' lang='grc' dir='ltr'>διάγειν</span> <span class='ocrx_word' id='word_1_517' title='bbox 1520 3663 1633 3733; x_wconf 86' lang='grc' dir='ltr'>βίον</span> <span class='ocrx_word' id='word_1_518' title='bbox 1654 3680 1668 3727; x_wconf 90' lang='grc'>;</span> <span class='ocrx_word' id='word_1_519' title='bbox 1692 3661 1889 3715; x_wconf 88' lang='grc' dir='ltr'>Πλάνοι</span> <span class='ocrx_word' id='word_1_520' title='bbox 1921 3659 1980 3713; x_wconf 84' lang='grc' dir='ltr'><strong>δέ</strong></span> 
     </span>
    </p>
   </div>
   <div class='ocr_carea' id='block_1_70' title="bbox 419 3751 1981 3830">
    <p class='ocr_par' dir='ltr' id='par_1_70' title="bbox 419 3751 1981 3830">
     <span class='ocr_line' id='line_1_70' title="bbox 419 3751 1981 3830; baseline -0.006 -18"><span class='ocrx_word' id='word_1_521' title='bbox 419 3757 610 3830; x_wconf 75' lang='grc' dir='ltr'>ἄνδρες</span> <span class='ocrx_word' id='word_1_522' title='bbox 653 3758 746 3812; x_wconf 76' lang='grc' dir='ltr'>καὶ</span> <span class='ocrx_word' id='word_1_523' title='bbox 790 3758 1100 3822; x_wconf 78' lang='grc' dir='ltr'>ἀπατεῶνες</span> <span class='ocrx_word' id='word_1_524' title='bbox 1142 3758 1256 3821; x_wconf 86' lang='grc' dir='ltr'><strong>πῶς</strong></span> <span class='ocrx_word' id='word_1_525' title='bbox 1302 3755 1582 3826; x_wconf 76' lang='grc' dir='ltr'>ἀγαπητὸν</span> <span class='ocrx_word' id='word_1_526' title='bbox 1623 3752 1853 3824; x_wconf 80' lang='grc' dir='ltr'>ἡγοῦντο</span> <span class='ocrx_word' id='word_1_527' title='bbox 1890 3751 1981 3804; x_wconf 83' lang='grc' dir='ltr'><strong>τὸν</strong></span> 
     </span>
    </p>
   </div>
   <div class='ocr_carea' id='block_1_71' title="bbox 421 3838 1982 3918">
    <p class='ocr_par' dir='ltr' id='par_1_71' title="bbox 421 3838 1982 3918">
     <span class='ocr_line' id='line_1_71' title="bbox 421 3838 1982 3918; baseline -0.007 -17"><span class='ocrx_word' id='word_1_528' title='bbox 421 3848 561 3918; x_wconf 83' lang='grc' dir='ltr'>ὑπὲρ</span> <span class='ocrx_word' id='word_1_529' title='bbox 588 3849 773 3918; x_wconf 79' lang='grc' dir='ltr'>ἐτέρου</span> <span class='ocrx_word' id='word_1_530' title='bbox 796 3848 1040 3911; x_wconf 88' lang='grc' dir='ltr'>θάνατον,</span> <span class='ocrx_word' id='word_1_531' title='bbox 1064 3846 1122 3899; x_wconf 80' lang='grc' dir='ltr'>ὃν</span> <span class='ocrx_word' id='word_1_532' title='bbox 1144 3844 1385 3916; x_wconf 75' lang='grc' dir='ltr'>ἀκριϐῶς</span> <span class='ocrx_word' id='word_1_533' title='bbox 1415 3843 1628 3896; x_wconf 86' lang='grc' dir='ltr'>πάντων</span> <span class='ocrx_word' id='word_1_534' title='bbox 1653 3839 1849 3911; x_wconf 80' lang='grc' dir='ltr'>μᾶλλον</span> <span class='ocrx_word' id='word_1_535' title='bbox 1875 3838 1982 3906; x_wconf 85' lang='grc' dir='ltr'>ἐγί-</span> 
     </span>
    </p>
   </div>
   <div class='ocr_carea' id='block_1_72' title="bbox 421 3932 1980 4010">
    <p class='ocr_par' dir='ltr' id='par_1_72' title="bbox 421 3932 1980 4010">
     <span class='ocr_line' id='line_1_72' title="bbox 421 3932 1980 4010; baseline -0.007 -16"><span class='ocrx_word' id='word_1_536' title='bbox 421 3958 625 3995; x_wconf 87' lang='grc' dir='ltr'>νωσκον</span> <span class='ocrx_word' id='word_1_537' title='bbox 647 3941 854 4003; x_wconf 85' lang='grc' dir='ltr'>οὑδενὸς</span> <span class='ocrx_word' id='word_1_538' title='bbox 890 3940 985 4010; x_wconf 85' lang='grc' dir='ltr'><strong>μὲν</strong></span> <span class='ocrx_word' id='word_1_539' title='bbox 1016 3939 1214 4000; x_wconf 86' lang='grc' dir='ltr'>αὑτοῖς,</span> <span class='ocrx_word' id='word_1_540' title='bbox 1235 3937 1310 4000; x_wconf 84' lang='grc' dir='ltr'>ὡς</span> <span class='ocrx_word' id='word_1_541' title='bbox 1335 3936 1400 3989; x_wconf 87' lang='grc' dir='ltr'>ἂν</span> <span class='ocrx_word' id='word_1_542' title='bbox 1428 3934 1559 4006; x_wconf 88' lang='grc' dir='ltr'>φαίη</span> <span class='ocrx_word' id='word_1_543' title='bbox 1587 3950 1691 3996; x_wconf 87' lang='grc' dir='ltr'>τις,</span> <span class='ocrx_word' id='word_1_544' title='bbox 1720 3932 1980 4002; x_wconf 86' lang='grc' dir='ltr'>γεγονότα</span> 
     </span>
    </p>
   </div>
   <div class='ocr_carea' id='block_1_73' title="bbox 421 4021 1978 4102">
    <p class='ocr_par' dir='ltr' id='par_1_73' title="bbox 421 4021 1978 4102">
     <span class='ocr_line' id='line_1_73' title="bbox 421 4021 1978 4102; baseline -0.007 -18"><span class='ocrx_word' id='word_1_545' title='bbox 421 4032 705 4102; x_wconf 85' lang='grc' dir='ltr'>παραίτιον</span> <span class='ocrx_word' id='word_1_546' title='bbox 756 4030 983 4099; x_wconf 86' lang='grc' dir='ltr'>ἀγαθοῦ,</span> <span class='ocrx_word' id='word_1_547' title='bbox 1044 4030 1224 4098; x_wconf 86' lang='grc' dir='ltr'>πάσης</span> <span class='ocrx_word' id='word_1_548' title='bbox 1272 4027 1329 4080; x_wconf 84' lang='grc' dir='ltr'>δὲ</span> <span class='ocrx_word' id='word_1_549' title='bbox 1383 4025 1580 4089; x_wconf 87' lang='grc' dir='ltr'>κακίας</span> <span class='ocrx_word' id='word_1_550' title='bbox 1628 4021 1978 4087; x_wconf 84' lang='grc' dir='ltr'>διδάσκαλον;</span> 
     </span>
    </p>
   </div>
   <div class='ocr_carea' id='block_1_74' title="bbox 434 4113 1981 4194">
    <p class='ocr_par' dir='ltr' id='par_1_74' title="bbox 434 4113 1981 4194">
     <span class='ocr_line' id='line_1_74' title="bbox 434 4113 1981 4194; baseline -0.007 -19"><span class='ocrx_word' id='word_1_551' title='bbox 434 4124 598 4194; x_wconf 73' lang='grc' dir='ltr'>Ἀνὴρ</span> <span class='ocrx_word' id='word_1_552' title='bbox 630 4123 729 4193; x_wconf 82' lang='grc' dir='ltr'><strong>μὲν</strong></span> <span class='ocrx_word' id='word_1_553' title='bbox 764 4123 872 4194; x_wconf 87' lang='grc' dir='ltr'>γὰρ</span> <span class='ocrx_word' id='word_1_554' title='bbox 915 4119 1173 4191; x_wconf 82' lang='grc' dir='ltr'>λογισμοῦ</span> <span class='ocrx_word' id='word_1_555' title='bbox 1214 4120 1307 4194; x_wconf 59' lang='grc' dir='ltr'><strong>και</strong></span> <span class='ocrx_word' id='word_1_556' title='bbox 1336 4116 1538 4189; x_wconf 87' lang='grc' dir='ltr'>ἀρετῆς</span> <span class='ocrx_word' id='word_1_557' title='bbox 1580 4115 1803 4187; x_wconf 85' lang='grc' dir='ltr'>μέτοχος</span> <span class='ocrx_word' id='word_1_558' title='bbox 1842 4113 1981 4182; x_wconf 87' lang='grc' dir='ltr'>ὑπὲρ</span> 
     </span>
    </p>
   </div>
   <div class='ocr_carea' id='block_1_75' title="bbox 420 4191 1979 4286">
    <p class='ocr_par' dir='ltr' id='par_1_75' title="bbox 420 4191 1979 4286">
     <span class='ocr_line' id='line_1_75' title="bbox 420 4191 1979 4286; baseline -0.008 -16"><span class='ocrx_word' id='word_1_559' title='bbox 420 4214 627 4284; x_wconf 85' lang='grc' dir='ltr'>ἀγαθοῦ</span> <span class='ocrx_word' id='word_1_560' title='bbox 676 4212 1094 4286; x_wconf 83' lang='grc' dir='ltr'>κατορθώματος</span> <span class='ocrx_word' id='word_1_561' title='bbox 1135 4211 1236 4265; x_wconf 75' lang='grc' dir='ltr'>κᾶν</span> <span class='ocrx_word' id='word_1_562' title='bbox 1282 4191 1514 4278; x_wconf 75' lang='grc' dir='ltr'>ἓὺλόγως</span> <span class='ocrx_word' id='word_1_563' title='bbox 1558 4208 1687 4262; x_wconf 81' lang='grc' dir='ltr'>ποτὲ</span> <span class='ocrx_word' id='word_1_564' title='bbox 1732 4207 1825 4260; x_wconf 84' lang='grc' dir='ltr'><strong>τὸν</strong></span> <span class='ocrx_word' id='word_1_565' title='bbox 1865 4203 1979 4276; x_wconf 88' lang='grc' dir='ltr'>μετ’</span> 
     </span>
    </p>
   </div>
   <div class='ocr_carea' id='block_1_76' title="bbox 420 4297 1980 4373">
    <p class='ocr_par' dir='ltr' id='par_1_76' title="bbox 420 4297 1980 4373">
     <span class='ocr_line' id='line_1_76' title="bbox 420 4297 1980 4373; baseline -0.008 -12"><span class='ocrx_word' id='word_1_566' title='bbox 420 4307 668 4370; x_wconf 81' lang='grc' dir='ltr'>εὐκλείας</span> <span class='ocrx_word' id='word_1_567' title='bbox 715 4306 939 4360; x_wconf 88' lang='grc' dir='ltr'>θάνατον</span> <span class='ocrx_word' id='word_1_568' title='bbox 978 4303 1317 4373; x_wconf 87' lang='grc' dir='ltr'>ὑπομείνειεν</span> <span class='ocrx_word' id='word_1_569' title='bbox 1348 4319 1362 4331; x_wconf 88' lang='grc'><strong>·</strong></span> <span class='ocrx_word' id='word_1_570' title='bbox 1399 4304 1428 4355; x_wconf 86' lang='grc' dir='ltr'><strong>ό</strong></span> <span class='ocrx_word' id='word_1_571' title='bbox 1478 4301 1535 4354; x_wconf 78' lang='grc' dir='ltr'><strong>δέ</strong></span> <span class='ocrx_word' id='word_1_572' title='bbox 1586 4297 1853 4371; x_wconf 72' lang='grc' dir='ltr'>μοχθηρὸς</span> <span class='ocrx_word' id='word_1_573' title='bbox 1890 4297 1980 4350; x_wconf 83' lang='grc' dir='ltr'><strong>τὸν</strong></span> 
     </span>
    </p>
   </div>
   <div class='ocr_carea' id='block_1_77' title="bbox 421 4387 1982 4472">
    <p class='ocr_par' dir='ltr' id='par_1_77' title="bbox 421 4387 1982 4472">
     <span class='ocr_line' id='line_1_77' title="bbox 421 4387 1982 4472; baseline -0.008 -18"><span class='ocrx_word' id='word_1_574' title='bbox 421 4399 641 4472; x_wconf 87' lang='grc' dir='ltr'>τρόπον,</span> <span class='ocrx_word' id='word_1_575' title='bbox 677 4397 975 4469; x_wconf 84' lang='grc' dir='ltr'>φιλοπαθής</span> <span class='ocrx_word' id='word_1_576' title='bbox 1013 4415 1096 4460; x_wconf 89' lang='grc' dir='ltr'><strong>τις</strong></span> <span class='ocrx_word' id='word_1_577' title='bbox 1135 4398 1229 4449; x_wconf 74' lang='grc' dir='ltr'><strong>καὶ</strong></span> <span class='ocrx_word' id='word_1_578' title='bbox 1261 4395 1536 4466; x_wconf 81' lang='grc' dir='ltr'>φιλήδονος</span> <span class='ocrx_word' id='word_1_579' title='bbox 1576 4391 1672 4452; x_wconf 86' lang='grc' dir='ltr'>ὢν.</span> <span class='ocrx_word' id='word_1_580' title='bbox 1721 4390 1887 4460; x_wconf 88' lang='grc' dir='ltr'>μόνην</span> <span class='ocrx_word' id='word_1_581' title='bbox 1925 4387 1982 4442; x_wconf 87' lang='grc' dir='ltr'>δὲ</span> 
     </span>
    </p>
   </div>
   <div class='ocr_carea' id='block_1_78' title="bbox 2085 3195 3646 3264">
    <p class='ocr_par' dir='ltr' id='par_1_78' title="bbox 2085 3195 3646 3264">
     <span class='ocr_line' id='line_1_78' title="bbox 2085 3195 3646 3264; baseline 0.003 -16"><span class='ocrx_word' id='word_1_582' title='bbox 2085 3202 2139 3249; x_wconf 90' lang='lat' dir='ltr'><strong>et</strong></span> <span class='ocrx_word' id='word_1_583' title='bbox 2157 3195 2415 3264; x_wconf 88' lang='lat' dir='ltr'><strong>quamdiu</strong></span> <span class='ocrx_word' id='word_1_584' title='bbox 2448 3195 2677 3250; x_wconf 78' lang='lat' dir='ltr'><strong>fallaciis</strong></span> <span class='ocrx_word' id='word_1_585' title='bbox 2703 3210 2820 3260; x_wconf 88' lang='lat' dir='ltr'><strong>eos,</strong></span> <span class='ocrx_word' id='word_1_586' title='bbox 2850 3207 2911 3249; x_wconf 87' lang='lat' dir='ltr'><strong>ut</strong></span> <span class='ocrx_word' id='word_1_587' title='bbox 2939 3211 3190 3252; x_wconf 87' lang='lat' dir='ltr'><strong>sermone</strong></span> <span class='ocrx_word' id='word_1_588' title='bbox 3235 3197 3466 3252; x_wconf 90' lang='lat' dir='ltr'><strong>istorum</strong></span> <span class='ocrx_word' id='word_1_589' title='bbox 3504 3206 3646 3260; x_wconf 82' lang='lat' dir='ltr'><strong>utar,</strong></span> 
     </span>
    </p>
   </div>
   <div class='ocr_carea' id='block_1_79' title="bbox 2085 3286 3650 3359">
    <p class='ocr_par' dir='ltr' id='par_1_79' title="bbox 2085 3286 3650 3359">
     <span class='ocr_line' id='line_1_79' title="bbox 2085 3286 3650 3359; baseline 0.002 -17"><span class='ocrx_word' id='word_1_590' title='bbox 2085 3287 2338 3357; x_wconf 88' lang='lat' dir='ltr'><strong>decipere</strong></span> <span class='ocrx_word' id='word_1_591' title='bbox 2381 3286 2637 3357; x_wconf 83' lang='lat' dir='ltr'><strong>potuerit.</strong></span> <span class='ocrx_word' id='word_1_592' title='bbox 2675 3286 2788 3342; x_wconf 87' lang='lat' dir='ltr'><strong>Cur</strong></span> <span class='ocrx_word' id='word_1_593' title='bbox 2833 3288 2998 3359; x_wconf 79' lang='lat' dir='ltr'><strong>igitur</strong></span> <span class='ocrx_word' id='word_1_594' title='bbox 3026 3297 3151 3358; x_wconf 89' lang='lat' dir='ltr'><strong>post</strong></span> <span class='ocrx_word' id='word_1_595' title='bbox 3191 3296 3424 3344; x_wconf 90' lang='lat' dir='ltr'><strong>mortem</strong></span> <span class='ocrx_word' id='word_1_596' title='bbox 3474 3291 3650 3345; x_wconf 89' lang='lat' dir='ltr'><strong>multo</strong></span> 
     </span>
    </p>
   </div>
   <div class='ocr_carea' id='block_1_80' title="bbox 2085 3377 3650 3449">
    <p class='ocr_par' dir='ltr' id='par_1_80' title="bbox 2085 3377 3650 3449">
     <span class='ocr_line' id='line_1_80' title="bbox 2085 3377 3650 3449; baseline 0.003 -17"><span class='ocrx_word' id='word_1_597' title='bbox 2085 3378 2260 3449; x_wconf 86' lang='lat' dir='ltr'><strong>magis</strong></span> <span class='ocrx_word' id='word_1_598' title='bbox 2291 3394 2457 3448; x_wconf 90' lang='lat' dir='ltr'><strong>quam</strong></span> <span class='ocrx_word' id='word_1_599' title='bbox 2506 3388 2672 3445; x_wconf 85' lang='lat' dir='ltr'><strong>ante,</strong></span> <span class='ocrx_word' id='word_1_600' title='bbox 2707 3379 2861 3433; x_wconf 90' lang='lat' dir='ltr'><strong>illum</strong></span> <span class='ocrx_word' id='word_1_601' title='bbox 2911 3377 3164 3433; x_wconf 89' lang='lat' dir='ltr'><strong>admirati</strong></span> <span class='ocrx_word' id='word_1_602' title='bbox 3218 3379 3393 3434; x_wconf 85' lang='lat' dir='ltr'><strong>sunt?</strong></span> <span class='ocrx_word' id='word_1_603' title='bbox 3428 3395 3555 3435; x_wconf 87' lang='lat' dir='ltr'><strong>nam</strong></span> <span class='ocrx_word' id='word_1_604' title='bbox 3592 3382 3650 3438; x_wconf 91' lang='lat' dir='ltr'><strong>in</strong></span> 
     </span>
    </p>
   </div>
   <div class='ocr_carea' id='block_1_81' title="bbox 2086 3468 3651 3543">
    <p class='ocr_par' dir='ltr' id='par_1_81' title="bbox 2086 3468 3651 3543">
     <span class='ocr_line' id='line_1_81' title="bbox 2086 3468 3651 3543; baseline 0.004 -21"><span class='ocrx_word' id='word_1_605' title='bbox 2086 3468 2339 3524; x_wconf 88' lang='lat' dir='ltr'><strong>humanis</strong></span> <span class='ocrx_word' id='word_1_606' title='bbox 2371 3470 2653 3542; x_wconf 77' lang='lat' dir='ltr'><strong>degentem</strong></span> <span class='ocrx_word' id='word_1_607' title='bbox 2687 3477 2742 3525; x_wconf 88' lang='lat' dir='ltr'><strong>et</strong></span> <span class='ocrx_word' id='word_1_608' title='bbox 2776 3470 3086 3526; x_wconf 89' lang='lat' dir='ltr'><strong>deseruisse</strong></span> <span class='ocrx_word' id='word_1_609' title='bbox 3114 3478 3167 3525; x_wconf 90' lang='lat' dir='ltr'><strong>et</strong></span> <span class='ocrx_word' id='word_1_610' title='bbox 3195 3471 3496 3543; x_wconf 84' lang='lat' dir='ltr'><strong>abnegasse</strong></span> <span class='ocrx_word' id='word_1_611' title='bbox 3518 3473 3651 3528; x_wconf 89' lang='lat' dir='ltr'><strong>olim</strong></span> 
     </span>
    </p>
   </div>
   <div class='ocr_carea' id='block_1_82' title="bbox 2084 3561 3645 3625">
    <p class='ocr_par' dir='ltr' id='par_1_82' title="bbox 2084 3561 3645 3625">
     <span class='ocr_line' id='line_1_82' title="bbox 2084 3561 3645 3625; baseline 0 -8"><span class='ocrx_word' id='word_1_612' title='bbox 2084 3562 2361 3625; x_wconf 88' lang='lat' dir='ltr'><strong>dicuntur,</strong></span> <span class='ocrx_word' id='word_1_613' title='bbox 2413 3577 2538 3616; x_wconf 91' lang='lat' dir='ltr'><strong>cum</strong></span> <span class='ocrx_word' id='word_1_614' title='bbox 2579 3562 2657 3616; x_wconf 90' lang='lat' dir='ltr'><strong>illi</strong></span> <span class='ocrx_word' id='word_1_615' title='bbox 2688 3561 2938 3616; x_wconf 84' lang='lat' dir='ltr'><strong>videlicet</strong></span> <span class='ocrx_word' id='word_1_616' title='bbox 2997 3561 3209 3616; x_wconf 68' lang='lat' dir='ltr'><strong>insidia:</strong></span> <span class='ocrx_word' id='word_1_617' title='bbox 3274 3562 3429 3618; x_wconf 64' lang='lat' dir='ltr'><strong>facta:</strong></span> <span class='ocrx_word' id='word_1_618' title='bbox 3494 3572 3645 3619; x_wconf 90' lang='lat' dir='ltr'><strong>sunt.</strong></span> 
     </span>
    </p>
   </div>
   <div class='ocr_carea' id='block_1_83' title="bbox 2085 3648 3649 3719">
    <p class='ocr_par' dir='ltr' id='par_1_83' title="bbox 2085 3648 3649 3719">
     <span class='ocr_line' id='line_1_83' title="bbox 2085 3648 3649 3719; baseline 0.003 -17"><span class='ocrx_word' id='word_1_619' title='bbox 2085 3648 2377 3719; x_wconf 87' lang='lat' dir='ltr'><strong>Postquam</strong></span> <span class='ocrx_word' id='word_1_620' title='bbox 2410 3665 2540 3705; x_wconf 83' lang='lat' dir='ltr'><strong>vero</strong></span> <span class='ocrx_word' id='word_1_621' title='bbox 2590 3650 2732 3704; x_wconf 84' lang='lat' dir='ltr'><strong>inter</strong></span> <span class='ocrx_word' id='word_1_622' title='bbox 2788 3648 3038 3704; x_wconf 87' lang='lat' dir='ltr'><strong>homines</strong></span> <span class='ocrx_word' id='word_1_623' title='bbox 3069 3665 3192 3704; x_wconf 88' lang='lat' dir='ltr'><strong>esse</strong></span> <span class='ocrx_word' id='word_1_624' title='bbox 3224 3649 3405 3714; x_wconf 90' lang='lat' dir='ltr'><strong>desiit,</strong></span> <span class='ocrx_word' id='word_1_625' title='bbox 3439 3652 3649 3706; x_wconf 89' lang='lat' dir='ltr'><strong>alacres</strong></span> 
     </span>
    </p>
   </div>
   <div class='ocr_carea' id='block_1_84' title="bbox 2087 3739 3653 3809">
    <p class='ocr_par' dir='ltr' id='par_1_84' title="bbox 2087 3739 3653 3809">
     <span class='ocr_line' id='line_1_84' title="bbox 2087 3739 3653 3809; baseline 0.003 -16"><span class='ocrx_word' id='word_1_626' title='bbox 2087 3739 2193 3808; x_wconf 84' lang='lat' dir='ltr'><strong>ipsi</strong></span> <span class='ocrx_word' id='word_1_627' title='bbox 2217 3739 2356 3793; x_wconf 88' lang='lat' dir='ltr'><strong>mori</strong></span> <span class='ocrx_word' id='word_1_628' title='bbox 2386 3739 2682 3805; x_wconf 88' lang='lat' dir='ltr'><strong>malebant,</strong></span> <span class='ocrx_word' id='word_1_629' title='bbox 2712 3754 2877 3809; x_wconf 80' lang='lat' dir='ltr'><strong>quam</strong></span> <span class='ocrx_word' id='word_1_630' title='bbox 2925 3754 2956 3792; x_wconf 87' lang='lat' dir='ltr'><strong>a</strong></span> <span class='ocrx_word' id='word_1_631' title='bbox 2988 3754 3116 3795; x_wconf 84' lang='lat' dir='ltr'><strong>vera</strong></span> <span class='ocrx_word' id='word_1_632' title='bbox 3156 3740 3224 3795; x_wconf 89' lang='lat' dir='ltr'><strong>de</strong></span> <span class='ocrx_word' id='word_1_633' title='bbox 3261 3741 3354 3795; x_wconf 90' lang='lat' dir='ltr'><strong>illo</strong></span> <span class='ocrx_word' id='word_1_634' title='bbox 3386 3743 3653 3798; x_wconf 78' lang='lat' dir='ltr'><strong>testiﬁca-</strong></span> 
     </span>
    </p>
   </div>
   <div class='ocr_carea' id='block_1_85' title="bbox 2085 3827 3649 3899">
    <p class='ocr_par' dir='ltr' id='par_1_85' title="bbox 2085 3827 3649 3899">
     <span class='ocr_line' id='line_1_85' title="bbox 2085 3827 3649 3899; baseline 0.004 -17"><span class='ocrx_word' id='word_1_635' title='bbox 2085 3829 2232 3883; x_wconf 90' lang='lat' dir='ltr'><strong>tione</strong></span> <span class='ocrx_word' id='word_1_636' title='bbox 2252 3829 2510 3883; x_wconf 83' lang='lat' dir='ltr'><strong>amoveri.</strong></span> <span class='ocrx_word' id='word_1_637' title='bbox 2543 3827 2601 3882; x_wconf 91' lang='lat' dir='ltr'><strong>Si</strong></span> <span class='ocrx_word' id='word_1_638' title='bbox 2630 3830 2795 3899; x_wconf 80' lang='lat' dir='ltr'><strong>igitur</strong></span> <span class='ocrx_word' id='word_1_639' title='bbox 2823 3831 3139 3899; x_wconf 69' lang='lat' dir='ltr'><strong>praaceptori</strong></span> <span class='ocrx_word' id='word_1_640' title='bbox 3172 3845 3274 3885; x_wconf 89' lang='lat' dir='ltr'><strong>suo</strong></span> <span class='ocrx_word' id='word_1_641' title='bbox 3301 3832 3504 3888; x_wconf 88' lang='lat' dir='ltr'><strong>nullius</strong></span> <span class='ocrx_word' id='word_1_642' title='bbox 3519 3834 3649 3889; x_wconf 90' lang='lat' dir='ltr'><strong>boni</strong></span> 
     </span>
    </p>
   </div>
   <div class='ocr_carea' id='block_1_86' title="bbox 2087 3919 3651 3992">
    <p class='ocr_par' dir='ltr' id='par_1_86' title="bbox 2087 3919 3651 3992">
     <span class='ocr_line' id='line_1_86' title="bbox 2087 3919 3651 3992; baseline 0.003 -18"><span class='ocrx_word' id='word_1_643' title='bbox 2087 3920 2294 3975; x_wconf 88' lang='lat' dir='ltr'><strong>conscii</strong></span> <span class='ocrx_word' id='word_1_644' title='bbox 2325 3929 2501 3985; x_wconf 90' lang='lat' dir='ltr'><strong>erant,</strong></span> <span class='ocrx_word' id='word_1_645' title='bbox 2552 3935 2660 3975; x_wconf 91' lang='lat' dir='ltr'><strong>non</strong></span> <span class='ocrx_word' id='word_1_646' title='bbox 2696 3921 2840 3985; x_wconf 67' lang='lat' dir='ltr'><strong>vitae,</strong></span> <span class='ocrx_word' id='word_1_647' title='bbox 2873 3937 2984 3975; x_wconf 91' lang='lat' dir='ltr'><strong>non</strong></span> <span class='ocrx_word' id='word_1_648' title='bbox 3042 3919 3381 3992; x_wconf 66' lang='lat' dir='ltr'><strong>disciplinae,</strong></span> <span class='ocrx_word' id='word_1_649' title='bbox 3418 3938 3529 3978; x_wconf 89' lang='lat' dir='ltr'><strong>non</strong></span> <span class='ocrx_word' id='word_1_650' title='bbox 3558 3938 3651 3979; x_wconf 88' lang='lat' dir='ltr'><strong>ac-</strong></span> 
     </span>
    </p>
   </div>
   <div class='ocr_carea' id='block_1_87' title="bbox 2086 4012 3651 4085">
    <p class='ocr_par' dir='ltr' id='par_1_87' title="bbox 2086 4012 3651 4085">
     <span class='ocr_line' id='line_1_87' title="bbox 2086 4012 3651 4085; baseline 0.003 -20"><span class='ocrx_word' id='word_1_651' title='bbox 2086 4012 2272 4076; x_wconf 83' lang='lat' dir='ltr'><strong>tionis,</strong></span> <span class='ocrx_word' id='word_1_652' title='bbox 2302 4026 2413 4065; x_wconf 92' lang='lat' dir='ltr'><strong>non</strong></span> <span class='ocrx_word' id='word_1_653' title='bbox 2441 4012 2625 4082; x_wconf 85' lang='lat' dir='ltr'><strong>cperis</strong></span> <span class='ocrx_word' id='word_1_654' title='bbox 2647 4012 2881 4081; x_wconf 86' lang='lat' dir='ltr'><strong>alicujus</strong></span> <span class='ocrx_word' id='word_1_655' title='bbox 2914 4012 3127 4067; x_wconf 90' lang='lat' dir='ltr'><strong>laudem</strong></span> <span class='ocrx_word' id='word_1_656' title='bbox 3161 4014 3439 4078; x_wconf 89' lang='lat' dir='ltr'><strong>merentis,</strong></span> <span class='ocrx_word' id='word_1_657' title='bbox 3474 4029 3651 4085; x_wconf 86' lang='lat' dir='ltr'><strong>neque</strong></span> 
     </span>
    </p>
   </div>
   <div class='ocr_carea' id='block_1_88' title="bbox 2086 4100 3651 4172">
    <p class='ocr_par' dir='ltr' id='par_1_88' title="bbox 2086 4100 3651 4172">
     <span class='ocr_line' id='line_1_88' title="bbox 2086 4100 3651 4172; baseline 0.003 -18"><span class='ocrx_word' id='word_1_658' title='bbox 2086 4115 2216 4155; x_wconf 87' lang='lat' dir='ltr'><strong>vero</strong></span> <span class='ocrx_word' id='word_1_659' title='bbox 2246 4100 2544 4170; x_wconf 87' lang='lat' dir='ltr'><strong>quidquam</strong></span> <span class='ocrx_word' id='word_1_660' title='bbox 2591 4101 2661 4155; x_wconf 89' lang='lat' dir='ltr'><strong>ab</strong></span> <span class='ocrx_word' id='word_1_661' title='bbox 2714 4101 2807 4155; x_wconf 91' lang='lat' dir='ltr'><strong>illo</strong></span> <span class='ocrx_word' id='word_1_662' title='bbox 2838 4102 3189 4157; x_wconf 78' lang='lat' dir='ltr'><strong>emolumenti</strong></span> <span class='ocrx_word' id='word_1_663' title='bbox 3244 4112 3598 4172; x_wconf 83' lang='lat' dir='ltr'><strong>perceperant</strong></span> <span class='ocrx_word' id='word_1_664' title='bbox 3630 4144 3651 4170; x_wconf 81' lang='lat'><strong>,</strong></span> 
     </span>
    </p>
   </div>
   <div class='ocr_carea' id='block_1_89' title="bbox 2087 4192 3652 4257">
    <p class='ocr_par' dir='ltr' id='par_1_89' title="bbox 2087 4192 3652 4257">
     <span class='ocr_line' id='line_1_89' title="bbox 2087 4192 3652 4257; baseline 0.005 -13"><span class='ocrx_word' id='word_1_665' title='bbox 2087 4200 2281 4257; x_wconf 61' lang='lat' dir='ltr'><strong>praeter</strong></span> <span class='ocrx_word' id='word_1_666' title='bbox 2311 4207 2472 4246; x_wconf 90' lang='lat' dir='ltr'><strong>unam</strong></span> <span class='ocrx_word' id='word_1_667' title='bbox 2508 4192 2768 4246; x_wconf 88' lang='lat' dir='ltr'><strong>malitiam</strong></span> <span class='ocrx_word' id='word_1_668' title='bbox 2817 4200 2872 4246; x_wconf 90' lang='lat' dir='ltr'><strong>et</strong></span> <span class='ocrx_word' id='word_1_669' title='bbox 2918 4193 3148 4247; x_wconf 85' lang='lat' dir='ltr'><strong>aliorum</strong></span> <span class='ocrx_word' id='word_1_670' title='bbox 3183 4194 3463 4248; x_wconf 84' lang='lat' dir='ltr'><strong>hominum</strong></span> <span class='ocrx_word' id='word_1_671' title='bbox 3489 4195 3652 4252; x_wconf 86' lang='lat' dir='ltr'><strong>dece-</strong></span> 
     </span>
    </p>
   </div>
   <div class='ocr_carea' id='block_1_90' title="bbox 2086 4281 3651 4355">
    <p class='ocr_par' dir='ltr' id='par_1_90' title="bbox 2086 4281 3651 4355">
     <span class='ocr_line' id='line_1_90' title="bbox 2086 4281 3651 4355; baseline 0.006 -22"><span class='ocrx_word' id='word_1_672' title='bbox 2086 4281 2347 4351; x_wconf 89' lang='lat' dir='ltr'><strong>ptionem,</strong></span> <span class='ocrx_word' id='word_1_673' title='bbox 2398 4282 2555 4352; x_wconf 74' lang='lat'><strong>112</strong></span> <span class='ocrx_word' id='word_1_674' title='bbox 2591 4298 2753 4352; x_wconf 88' lang='lat' dir='ltr'><strong>quam</strong></span> <span class='ocrx_word' id='word_1_675' title='bbox 2785 4284 2855 4337; x_wconf 91' lang='lat' dir='ltr'><strong>ob</strong></span> <span class='ocrx_word' id='word_1_676' title='bbox 2889 4299 3001 4337; x_wconf 86' lang='lat' dir='ltr'><strong>rem</strong></span> <span class='ocrx_word' id='word_1_677' title='bbox 3030 4291 3138 4339; x_wconf 87' lang='lat' dir='ltr'><strong>tam</strong></span> <span class='ocrx_word' id='word_1_678' title='bbox 3169 4293 3418 4355; x_wconf 90' lang='lat' dir='ltr'><strong>prompte</strong></span> <span class='ocrx_word' id='word_1_679' title='bbox 3449 4286 3651 4342; x_wconf 87' lang='lat' dir='ltr'><strong>morie-</strong></span> 
     </span>
    </p>
   </div>
   <div class='ocr_carea' id='block_1_91' title="bbox 2086 4371 3649 4449">
    <p class='ocr_par' dir='ltr' id='par_1_91' title="bbox 2086 4371 3649 4449">
     <span class='ocr_line' id='line_1_91' title="bbox 2086 4371 3649 4449; baseline 0.003 -22"><span class='ocrx_word' id='word_1_680' title='bbox 2086 4372 2307 4438; x_wconf 89' lang='lat' dir='ltr'><strong>bantur,</strong></span> <span class='ocrx_word' id='word_1_681' title='bbox 2336 4371 2631 4428; x_wconf 85' lang='lat' dir='ltr'><strong>dummodo</strong></span> <span class='ocrx_word' id='word_1_682' title='bbox 2649 4372 2716 4428; x_wconf 81' lang='lat' dir='ltr'><strong>de</strong></span> <span class='ocrx_word' id='word_1_683' title='bbox 2732 4374 2824 4428; x_wconf 90' lang='lat' dir='ltr'><strong>illo</strong></span> <span class='ocrx_word' id='word_1_684' title='bbox 2845 4390 3035 4429; x_wconf 88' lang='lat' dir='ltr'><strong>severa</strong></span> <span class='ocrx_word' id='word_1_685' title='bbox 3063 4375 3311 4444; x_wconf 68' lang='lat' dir='ltr'><strong>quaedam</strong></span> <span class='ocrx_word' id='word_1_686' title='bbox 3334 4384 3389 4433; x_wconf 90' lang='lat' dir='ltr'><strong>et</strong></span> <span class='ocrx_word' id='word_1_687' title='bbox 3415 4377 3649 4449; x_wconf 83' lang='lat' dir='ltr'><strong>insignia</strong></span> 
     </span>
    </p>
   </div>
   <div class='ocr_carea' id='block_1_92' title="bbox 424 4463 1980 4563">
    <p class='ocr_par' dir='ltr' id='par_1_92' title="bbox 424 4463 1980 4563">
     <span class='ocr_line' id='line_1_92' title="bbox 424 4463 1980 4563; baseline -0.01 -18"><span class='ocrx_word' id='word_1_688' title='bbox 424 4463 521 4563; x_wconf 66' lang='grc' dir='ltr'><strong>τῆν</strong></span> <span class='ocrx_word' id='word_1_689' title='bbox 563 4463 894 4561; x_wconf 78' lang='grc' dir='ltr'>πρόσκαιρον</span> <span class='ocrx_word' id='word_1_690' title='bbox 931 4463 1157 4556; x_wconf 71' lang='grc' dir='ltr'>ταυτηνὶ</span> <span class='ocrx_word' id='word_1_691' title='bbox 1195 4463 1384 4556; x_wconf 40' lang='grc' dir='ltr'>ζωῆνξ</span> <span class='ocrx_word' id='word_1_692' title='bbox 1405 4484 1497 4537; x_wconf 61' lang='grc' dir='ltr'><strong>καὶ¹</strong></span> <span class='ocrx_word' id='word_1_693' title='bbox 1534 4480 1632 4545; x_wconf 86' lang='grc' dir='ltr'>τὰς</span> <span class='ocrx_word' id='word_1_694' title='bbox 1664 4480 1782 4533; x_wconf 83' lang='grc' dir='ltr'>κατ’</span> <span class='ocrx_word' id='word_1_695' title='bbox 1816 4477 1980 4548; x_wconf 83' lang='grc' dir='ltr'>αὑτὴν</span> 
     </span>
    </p>
   </div>
   <div class='ocr_carea' id='block_1_93' title="bbox 2082 4463 3649 4563">
    <p class='ocr_par' dir='ltr' id='par_1_93' title="bbox 2087 4463 3649 4539">
     <span class='ocr_line' id='line_1_93' title="bbox 2087 4463 3649 4539; baseline 0.006 -23"><span class='ocrx_word' id='word_1_696' title='bbox 2087 4463 2447 4533; x_wconf 84' lang='lat' dir='ltr'><strong>praedicarent</strong></span> <span class='ocrx_word' id='word_1_697' title='bbox 2474 4465 2498 4517; x_wconf 87' lang='lat'><strong>?</strong></span> <span class='ocrx_word' id='word_1_698' title='bbox 2538 4480 2660 4519; x_wconf 87' lang='lat' dir='ltr'><strong>cum</strong></span> <span class='ocrx_word' id='word_1_699' title='bbox 2687 4465 2904 4519; x_wconf 86' lang='lat' dir='ltr'><strong>interim</strong></span> <span class='ocrx_word' id='word_1_700' title='bbox 2939 4467 3158 4521; x_wconf 86' lang='lat' dir='ltr'><strong>illorum</strong></span> <span class='ocrx_word' id='word_1_701' title='bbox 3187 4468 3485 4539; x_wconf 90' lang='lat' dir='ltr'><strong>unicuique</strong></span> <span class='ocrx_word' id='word_1_702' title='bbox 3516 4470 3649 4525; x_wconf 84' lang='lat' dir='ltr'><strong>lice-</strong></span> 
     </span>
    </p>
   </div>
   <div class='ocr_carea' id='block_1_94' title="bbox 423 4568 1986 4652">
    <p class='ocr_par' dir='ltr' id='par_1_94' title="bbox 423 4568 1986 4652">
     <span class='ocr_line' id='line_1_94' title="bbox 423 4568 1986 4652; baseline -0.008 -19"><span class='ocrx_word' id='word_1_703' title='bbox 423 4579 748 4652; x_wconf 72' lang='grc' dir='ltr'>ήδυπαθείας</span> <span class='ocrx_word' id='word_1_704' title='bbox 776 4579 1140 4650; x_wconf 86' lang='grc' dir='ltr'>μεταδιώκων,</span> <span class='ocrx_word' id='word_1_705' title='bbox 1162 4578 1262 4630; x_wconf 87' lang='grc' dir='ltr'><strong>οὑκ</strong></span> <span class='ocrx_word' id='word_1_706' title='bbox 1282 4576 1345 4628; x_wconf 84' lang='grc' dir='ltr'>ἄν</span> <span class='ocrx_word' id='word_1_707' title='bbox 1364 4590 1494 4628; x_wconf 82' lang='grc' dir='ltr'>ποτε</span> <span class='ocrx_word' id='word_1_708' title='bbox 1515 4572 1684 4625; x_wconf 71' lang='grc' dir='ltr'>ἕλοιτο</span> <span class='ocrx_word' id='word_1_709' title='bbox 1713 4570 1819 4640; x_wconf 78' lang='grc' dir='ltr'><strong>πρὸ</strong></span> <span class='ocrx_word' id='word_1_710' title='bbox 1842 4568 1986 4639; x_wconf 82' lang='grc' dir='ltr'>ζωῆς</span> 
     </span>
    </p>
   </div>
   <div class='ocr_carea' id='block_1_95' title="bbox 425 4661 1987 4742">
    <p class='ocr_par' dir='ltr' id='par_1_95' title="bbox 425 4661 1987 4742">
     <span class='ocr_line' id='line_1_95' title="bbox 425 4661 1987 4742; baseline -0.008 -16"><span class='ocrx_word' id='word_1_711' title='bbox 425 4671 673 4736; x_wconf 89' lang='grc' dir='ltr'>θάνατον,</span> <span class='ocrx_word' id='word_1_712' title='bbox 716 4672 825 4725; x_wconf 74' lang='grc' dir='ltr'>οὐδ’</span> <span class='ocrx_word' id='word_1_713' title='bbox 856 4671 998 4742; x_wconf 82' lang='grc' dir='ltr'>ὑπὲρ</span> <span class='ocrx_word' id='word_1_714' title='bbox 1029 4669 1241 4723; x_wconf 85' lang='grc' dir='ltr'>οἰκείων</span> <span class='ocrx_word' id='word_1_715' title='bbox 1279 4668 1371 4721; x_wconf 78' lang='grc' dir='ltr'><strong>καὶ</strong></span> <span class='ocrx_word' id='word_1_716' title='bbox 1419 4665 1686 4735; x_wconf 84' lang='grc' dir='ltr'>φιλτάτων</span> <span class='ocrx_word' id='word_1_717' title='bbox 1718 4661 1987 4733; x_wconf 86' lang='grc' dir='ltr'>τιμωρίας</span> 
     </span>
    </p>
   </div>
   <div class='ocr_carea' id='block_1_96' title="bbox 426 4753 1987 4833">
    <p class='ocr_par' dir='ltr' id='par_1_96' title="bbox 426 4753 1987 4833">
     <span class='ocr_line' id='line_1_96' title="bbox 426 4753 1987 4833; baseline -0.008 -16"><span class='ocrx_word' id='word_1_718' title='bbox 426 4762 755 4833; x_wconf 77' lang='grc' dir='ltr'>ὑπομείνειε,</span> <span class='ocrx_word' id='word_1_719' title='bbox 782 4763 976 4833; x_wconf 82' lang='grc' dir='ltr'>μήτιγε</span> <span class='ocrx_word' id='word_1_720' title='bbox 992 4762 1129 4832; x_wconf 85' lang='grc' dir='ltr'>ὑπὲρ</span> <span class='ocrx_word' id='word_1_721' title='bbox 1162 4758 1253 4813; x_wconf 90' lang='grc' dir='ltr'><strong>τοῦ</strong></span> <span class='ocrx_word' id='word_1_722' title='bbox 1283 4759 1588 4830; x_wconf 79' lang='grc' dir='ltr'>φαυλότητα</span> <span class='ocrx_word' id='word_1_723' title='bbox 1608 4753 1987 4825; x_wconf 85' lang='grc' dir='ltr'>κατεγνωσμέ-</span> 
     </span>
    </p>
   </div>
   <div class='ocr_carea' id='block_1_97' title="bbox 426 4844 1987 4922">
    <p class='ocr_par' dir='ltr' id='par_1_97' title="bbox 426 4844 1987 4922">
     <span class='ocr_line' id='line_1_97' title="bbox 426 4844 1987 4922; baseline -0.006 -15"><span class='ocrx_word' id='word_1_724' title='bbox 426 4871 539 4908; x_wconf 72' lang='grc' dir='ltr'>νου.</span> <span class='ocrx_word' id='word_1_725' title='bbox 591 4853 715 4917; x_wconf 84' lang='grc' dir='ltr'>Πῶς</span> <span class='ocrx_word' id='word_1_726' title='bbox 756 4850 847 4907; x_wconf 85' lang='grc' dir='ltr'><strong>οῦν</strong></span> <span class='ocrx_word' id='word_1_727' title='bbox 892 4855 940 4906; x_wconf 83' lang='lat' dir='ltr'><strong>oi</strong></span> <span class='ocrx_word' id='word_1_728' title='bbox 972 4852 1063 4906; x_wconf 87' lang='grc' dir='ltr'><strong>τοῦ</strong></span> <span class='ocrx_word' id='word_1_729' title='bbox 1107 4850 1437 4922; x_wconf 87' lang='grc' dir='ltr'>δηλουμένου</span> <span class='ocrx_word' id='word_1_730' title='bbox 1487 4847 1741 4920; x_wconf 70' lang='grc' dir='ltr'>μαθηταὶ,</span> <span class='ocrx_word' id='word_1_731' title='bbox 1781 4846 1831 4898; x_wconf 82' lang='grc' dir='ltr'><strong>εί</strong></span> <span class='ocrx_word' id='word_1_732' title='bbox 1879 4844 1987 4917; x_wconf 79' lang='grc' dir='ltr'>ἄρα</span> 
     </span>
    </p>
   </div>
   <div class='ocr_carea' id='block_1_98' title="bbox 428 4933 1984 5015">
    <p class='ocr_par' dir='ltr' id='par_1_98' title="bbox 428 4933 1984 5015">
     <span class='ocr_line' id='line_1_98' title="bbox 428 4933 1984 5015; baseline -0.008 -17"><span class='ocrx_word' id='word_1_733' title='bbox 428 4944 629 5008; x_wconf 87' lang='grc' dir='ltr'>πλάνος</span> <span class='ocrx_word' id='word_1_734' title='bbox 658 4939 726 5015; x_wconf 81' lang='grc' dir='ltr'>ἦν</span> <span class='ocrx_word' id='word_1_735' title='bbox 756 4945 851 4997; x_wconf 76' lang='grc' dir='ltr'>καὶ</span> <span class='ocrx_word' id='word_1_736' title='bbox 883 4946 1034 5015; x_wconf 88' lang='grc' dir='ltr'>γόης,</span> <span class='ocrx_word' id='word_1_737' title='bbox 1059 4943 1159 4996; x_wconf 86' lang='grc' dir='ltr'><strong>οὑκ</strong></span> <span class='ocrx_word' id='word_1_738' title='bbox 1185 4938 1502 5009; x_wconf 85' lang='grc' dir='ltr'>ἀγνοοῦντες</span> <span class='ocrx_word' id='word_1_739' title='bbox 1545 4937 1705 4990; x_wconf 86' lang='grc' dir='ltr'>αὑτὸν</span> <span class='ocrx_word' id='word_1_740' title='bbox 1728 4933 1984 4999; x_wconf 85' lang='grc' dir='ltr'>τοιοῦτον,</span> 
     </span>
    </p>
   </div>
   <div class='ocr_carea' id='block_1_99' title="bbox 426 5026 1987 5105">
    <p class='ocr_par' dir='ltr' id='par_1_99' title="bbox 426 5026 1987 5105">
     <span class='ocr_line' id='line_1_99' title="bbox 426 5026 1987 5105; baseline -0.008 -13"><span class='ocrx_word' id='word_1_741' title='bbox 426 5037 563 5092; x_wconf 60' lang='grc' dir='ltr'>ἀλλὰ</span> <span class='ocrx_word' id='word_1_742' title='bbox 591 5036 684 5091; x_wconf 78' lang='grc' dir='ltr'><strong>καὶ</strong></span> <span class='ocrx_word' id='word_1_743' title='bbox 720 5036 891 5097; x_wconf 80' lang='grc' dir='ltr'>αὑτοὶ,</span> <span class='ocrx_word' id='word_1_744' title='bbox 917 5036 1116 5105; x_wconf 85' lang='grc' dir='ltr'>χείρονι</span> <span class='ocrx_word' id='word_1_745' title='bbox 1152 5032 1449 5104; x_wconf 85' lang='grc' dir='ltr'>μοχθηρίας</span> <span class='ocrx_word' id='word_1_746' title='bbox 1472 5030 1657 5101; x_wconf 85' lang='grc' dir='ltr'>τρόπῳ</span> <span class='ocrx_word' id='word_1_747' title='bbox 1687 5028 1785 5090; x_wconf 79' lang='grc' dir='ltr'>τὰς</span> <span class='ocrx_word' id='word_1_748' title='bbox 1813 5026 1987 5097; x_wconf 80' lang='grc' dir='ltr'>ψυχὰς</span> 
     </span>
    </p>
   </div>
   <div class='ocr_carea' id='block_1_100' title="bbox 427 5116 1986 5198">
    <p class='ocr_par' dir='ltr' id='par_1_100' title="bbox 427 5116 1986 5198">
     <span class='ocr_line' id='line_1_100' title="bbox 427 5116 1986 5198; baseline -0.006 -17"><span class='ocrx_word' id='word_1_749' title='bbox 427 5125 797 5198; x_wconf 85' lang='grc' dir='ltr'>ἐνεσχημένοι,</span> <span class='ocrx_word' id='word_1_750' title='bbox 842 5126 1108 5195; x_wconf 84' lang='grc' dir='ltr'>ὑπέμενον</span> <span class='ocrx_word' id='word_1_751' title='bbox 1156 5125 1292 5196; x_wconf 85' lang='grc' dir='ltr'>πρὸς</span> <span class='ocrx_word' id='word_1_752' title='bbox 1339 5122 1448 5176; x_wconf 88' lang='grc' dir='ltr'><strong>τῶν</strong></span> <span class='ocrx_word' id='word_1_753' title='bbox 1490 5117 1759 5191; x_wconf 86' lang='grc' dir='ltr'>ὁμοεθνῶν</span> <span class='ocrx_word' id='word_1_754' title='bbox 1808 5116 1986 5180; x_wconf 86' lang='grc' dir='ltr'>πάσας</span> 
     </span>
    </p>
   </div>
   <div class='ocr_carea' id='block_1_101' title="bbox 428 5210 1988 5289">
    <p class='ocr_par' dir='ltr' id='par_1_101' title="bbox 428 5210 1988 5289">
     <span class='ocr_line' id='line_1_101' title="bbox 428 5210 1988 5289; baseline -0.008 -14"><span class='ocrx_word' id='word_1_755' title='bbox 428 5221 633 5283; x_wconf 87' lang='grc' dir='ltr'>αἰκίας,</span> <span class='ocrx_word' id='word_1_756' title='bbox 658 5221 752 5273; x_wconf 71' lang='grc' dir='ltr'>καὶ</span> <span class='ocrx_word' id='word_1_757' title='bbox 776 5220 884 5271; x_wconf 79' lang='grc' dir='ltr'><strong>πᾶν</strong></span> <span class='ocrx_word' id='word_1_758' title='bbox 910 5218 1184 5289; x_wconf 86' lang='grc' dir='ltr'>τιμωριῶν</span> <span class='ocrx_word' id='word_1_759' title='bbox 1208 5214 1344 5281; x_wconf 81' lang='grc' dir='ltr'>εἶδος</span> <span class='ocrx_word' id='word_1_760' title='bbox 1367 5217 1505 5286; x_wconf 83' lang='grc' dir='ltr'>ὑπὲρ</span> <span class='ocrx_word' id='word_1_761' title='bbox 1529 5215 1628 5284; x_wconf 87' lang='grc' dir='ltr'><strong>τῆς</strong></span> <span class='ocrx_word' id='word_1_762' title='bbox 1654 5210 1818 5266; x_wconf 78' lang='grc' dir='ltr'>αὑτοῦ</span> <span class='ocrx_word' id='word_1_763' title='bbox 1847 5226 1988 5281; x_wconf 81' lang='grc' dir='ltr'>μαρ-</span> 
     </span>
    </p>
   </div>
   <div class='ocr_carea' id='block_1_102' title="bbox 426 5296 1988 5381">
    <p class='ocr_par' dir='ltr' id='par_1_102' title="bbox 426 5296 1988 5381">
     <span class='ocr_line' id='line_1_102' title="bbox 426 5296 1988 5381; baseline -0.009 -17"><span class='ocrx_word' id='word_1_764' title='bbox 426 5311 618 5381; x_wconf 86' lang='grc' dir='ltr'>τυρίας</span> <span class='ocrx_word' id='word_1_765' title='bbox 648 5305 1018 5377; x_wconf 88' lang='grc' dir='ltr'>ἀναδέχεσθαι,</span> <span class='ocrx_word' id='word_1_766' title='bbox 1060 5306 1159 5359; x_wconf 80' lang='grc' dir='ltr'><strong>οὐκ</strong></span> <span class='ocrx_word' id='word_1_767' title='bbox 1201 5305 1261 5358; x_wconf 82' lang='grc' dir='ltr'>ὃν</span> <span class='ocrx_word' id='word_1_768' title='bbox 1290 5304 1452 5358; x_wconf 89' lang='grc' dir='ltr'>τοῦτο</span> <span class='ocrx_word' id='word_1_769' title='bbox 1489 5302 1590 5372; x_wconf 88' lang='grc' dir='ltr'><strong>τῆς</strong></span> <span class='ocrx_word' id='word_1_770' title='bbox 1621 5300 1730 5353; x_wconf 92' lang='grc' dir='ltr'><strong>τῶν</strong></span> <span class='ocrx_word' id='word_1_771' title='bbox 1772 5296 1988 5367; x_wconf 85' lang='grc' dir='ltr'>φαύλων</span> 
     </span>
    </p>
   </div>
   <div class='ocr_carea' id='block_1_103' title="bbox 427 5387 1987 5468">
    <p class='ocr_par' dir='ltr' id='par_1_103' title="bbox 427 5387 1987 5468">
     <span class='ocr_line' id='line_1_103' title="bbox 427 5387 1987 5468; baseline -0.011 -12"><span class='ocrx_word' id='word_1_772' title='bbox 427 5404 624 5457; x_wconf 79' lang='grc' dir='ltr'>οἰκεῖον</span> <span class='ocrx_word' id='word_1_773' title='bbox 656 5399 903 5468; x_wconf 87' lang='grc' dir='ltr'>φύσεως;</span> <span class='ocrx_word' id='word_1_774' title='bbox 944 5397 1064 5450; x_wconf 89' lang='grc' dir='ltr'>Ἔτι</span> <span class='ocrx_word' id='word_1_775' title='bbox 1096 5396 1153 5449; x_wconf 84' lang='grc' dir='ltr'>δὲ</span> <span class='ocrx_word' id='word_1_776' title='bbox 1189 5397 1284 5449; x_wconf 78' lang='grc' dir='ltr'><strong>καὶ</strong></span> <span class='ocrx_word' id='word_1_777' title='bbox 1326 5396 1498 5465; x_wconf 82' lang='grc' dir='ltr'>τούτῳ</span> <span class='ocrx_word' id='word_1_778' title='bbox 1535 5392 1800 5464; x_wconf 86' lang='grc' dir='ltr'>πρόσχες·</span> <span class='ocrx_word' id='word_1_779' title='bbox 1837 5389 1887 5440; x_wconf 89' lang='grc' dir='ltr'>εἰ</span> <span class='ocrx_word' id='word_1_780' title='bbox 1923 5387 1987 5458; x_wconf 88' lang='grc' dir='ltr'><strong>δὴ</strong></span> 
     </span>
    </p>
   </div>
   <div class='ocr_carea' id='block_1_104' title="bbox 428 5477 1988 5554">
    <p class='ocr_par' dir='ltr' id='par_1_104' title="bbox 428 5477 1988 5554">
     <span class='ocr_line' id='line_1_104' title="bbox 428 5477 1988 5554; baseline -0.01 -7"><span class='ocrx_word' id='word_1_781' title='bbox 428 5493 525 5548; x_wconf 80' lang='grc' dir='ltr'><strong>καὶ</strong></span> <span class='ocrx_word' id='word_1_782' title='bbox 551 5492 703 5546; x_wconf 80' lang='grc' dir='ltr'>αὐτοὶ</span> <span class='ocrx_word' id='word_1_783' title='bbox 725 5488 912 5543; x_wconf 88' lang='grc' dir='ltr'>πλάνοι</span> <span class='ocrx_word' id='word_1_784' title='bbox 943 5489 1038 5541; x_wconf 77' lang='grc' dir='ltr'><strong>καὶ</strong></span> <span class='ocrx_word' id='word_1_785' title='bbox 1070 5484 1380 5548; x_wconf 86' lang='grc' dir='ltr'>ἀπατεῶνες</span> <span class='ocrx_word' id='word_1_786' title='bbox 1406 5484 1719 5554; x_wconf 78' lang='grc' dir='ltr'>ἐτύγχανον,</span> <span class='ocrx_word' id='word_1_787' title='bbox 1757 5477 1988 5551; x_wconf 87' lang='grc' dir='ltr'>πρόσθες</span> 
     </span>
    </p>
   </div>
   <div class='ocr_carea' id='block_1_105' title="bbox 428 5568 1989 5640">
    <p class='ocr_par' dir='ltr' id='par_1_105' title="bbox 428 5568 1989 5640">
     <span class='ocr_line' id='line_1_105' title="bbox 428 5568 1989 5640; baseline -0.01 -5"><span class='ocrx_word' id='word_1_788' title='bbox 428 5582 474 5635; x_wconf 75' lang='grc' dir='ltr'>δ’</span> <span class='ocrx_word' id='word_1_789' title='bbox 502 5583 584 5635; x_wconf 83' lang='grc' dir='ltr'><strong>δτι</strong></span> <span class='ocrx_word' id='word_1_790' title='bbox 624 5579 719 5634; x_wconf 71' lang='grc' dir='ltr'>καὶ</span> <span class='ocrx_word' id='word_1_791' title='bbox 749 5578 1061 5632; x_wconf 85' lang='grc' dir='ltr'>ἀπαίδευτοι</span> <span class='ocrx_word' id='word_1_792' title='bbox 1095 5575 1189 5633; x_wconf 74' lang='grc' dir='ltr'><strong>καὶ</strong></span> <span class='ocrx_word' id='word_1_793' title='bbox 1230 5573 1506 5637; x_wconf 86' lang='grc' dir='ltr'>παντελῶς</span> <span class='ocrx_word' id='word_1_794' title='bbox 1530 5571 1756 5635; x_wconf 83' lang='grc' dir='ltr'>ἰδιῶται,</span> <span class='ocrx_word' id='word_1_795' title='bbox 1792 5568 1989 5640; x_wconf 83' lang='grc' dir='ltr'>μᾶλλον</span> 
     </span>
    </p>
   </div>
   <div class='ocr_carea' id='block_1_106' title="bbox 427 5660 1988 5740">
    <p class='ocr_par' dir='ltr' id='par_1_106' title="bbox 427 5660 1988 5740">
     <span class='ocr_line' id='line_1_106' title="bbox 427 5660 1988 5740; baseline -0.008 -15"><span class='ocrx_word' id='word_1_796' title='bbox 427 5672 487 5725; x_wconf 83' lang='grc' dir='ltr'>δὲ</span> <span class='ocrx_word' id='word_1_797' title='bbox 512 5672 594 5724; x_wconf 84' lang='grc' dir='ltr'>ὅτι</span> <span class='ocrx_word' id='word_1_798' title='bbox 612 5670 706 5724; x_wconf 66' lang='grc' dir='ltr'><strong>καλ⁸</strong></span> <span class='ocrx_word' id='word_1_799' title='bbox 727 5667 1009 5740; x_wconf 77' lang='grc' dir='ltr'>βάρϐαροι,</span> <span class='ocrx_word' id='word_1_800' title='bbox 1042 5667 1137 5719; x_wconf 86' lang='grc' dir='ltr'><strong>καί</strong></span> <span class='ocrx_word' id='word_1_801' title='bbox 1160 5666 1257 5735; x_wconf 86' lang='grc' dir='ltr'><strong>τῆς</strong></span> <span class='ocrx_word' id='word_1_802' title='bbox 1284 5664 1470 5737; x_wconf 85' lang='grc' dir='ltr'>Σύρων</span> <span class='ocrx_word' id='word_1_803' title='bbox 1495 5664 1556 5717; x_wconf 83' lang='grc' dir='ltr'><strong>οὐ</strong></span> <span class='ocrx_word' id='word_1_804' title='bbox 1590 5662 1748 5717; x_wconf 85' lang='grc' dir='ltr'>πλέον</span> <span class='ocrx_word' id='word_1_805' title='bbox 1774 5660 1988 5714; x_wconf 76' lang='grc' dir='ltr'>ἐπαΐον-</span> 
     </span>
    </p>
   </div>
   <div class='ocr_carea' id='block_1_107' title="bbox 428 5754 2022 5841">
    <p class='ocr_par' dir='ltr' id='par_1_107' title="bbox 428 5754 2022 5841">
     <span class='ocr_line' id='line_1_107' title="bbox 428 5754 2022 5841; baseline -0.007 -25"><span class='ocrx_word' id='word_1_806' title='bbox 428 5778 520 5825; x_wconf 80' lang='grc' dir='ltr'><strong>τες</strong></span> <span class='ocrx_word' id='word_1_807' title='bbox 546 5761 747 5831; x_wconf 77' lang='grc' dir='ltr'>φωνῆς,</span> <span class='ocrx_word' id='word_1_808' title='bbox 774 5761 869 5814; x_wconf 74' lang='grc' dir='ltr'><strong>καὶ</strong></span> <span class='ocrx_word' id='word_1_809' title='bbox 901 5758 1016 5822; x_wconf 86' lang='grc' dir='ltr'><strong>πῶς</strong></span> <span class='ocrx_word' id='word_1_810' title='bbox 1058 5757 1150 5809; x_wconf 79' lang='grc' dir='ltr'><strong>ἐπὶ</strong></span> <span class='ocrx_word' id='word_1_811' title='bbox 1184 5758 1364 5810; x_wconf 76' lang='grc' dir='ltr'>πᾶσαν</span> <span class='ocrx_word' id='word_1_812' title='bbox 1404 5754 1666 5827; x_wconf 81' lang='grc' dir='ltr'>προῆλθον</span> <span class='ocrx_word' id='word_1_813' title='bbox 1694 5754 1790 5826; x_wconf 76' lang='grc' dir='ltr'>τὴν</span> <span class='ocrx_word' id='word_1_814' title='bbox 1812 5754 2022 5841; x_wconf 47' lang='grc' dir='ltr'>ρίκου-ν</span> 
     </span>
    </p>
   </div>
   <div class='ocr_carea' id='block_1_108' title="bbox 744 5846 1450 5914">
    <p class='ocr_par' dir='ltr' id='par_1_108' title="bbox 744 5846 1450 5914">
     <span class='ocr_line' id='line_1_108' title="bbox 744 5846 1450 5914; baseline -0.004 0"><span class='ocrx_word' id='word_1_815' title='bbox 744 5854 1009 5914; x_wconf 73' lang='lat' dir='ltr'><strong>Pnsoc.</strong></span> <span class='ocrx_word' id='word_1_816' title='bbox 1071 5852 1189 5914; x_wconf 78' lang='lat' dir='ltr'><strong>Gn.</strong></span> <span class='ocrx_word' id='word_1_817' title='bbox 1244 5846 1450 5911; x_wconf 77' lang='lat' dir='ltr'><strong>XXII.</strong></span> 
     </span>
    </p>
   </div>
   <div class='ocr_carea' id='block_1_109' title="bbox 2086 4556 3647 4628">
    <p class='ocr_par' dir='ltr' id='par_1_109' title="bbox 2086 4556 3647 4628">
     <span class='ocr_line' id='line_1_109' title="bbox 2086 4556 3647 4628; baseline 0.004 -19"><span class='ocrx_word' id='word_1_818' title='bbox 2086 4563 2171 4610; x_wconf 86' lang='lat' dir='ltr'><strong>ret</strong></span> <span class='ocrx_word' id='word_1_819' title='bbox 2195 4557 2369 4611; x_wconf 81' lang='lat' dir='ltr'><strong>otiose</strong></span> <span class='ocrx_word' id='word_1_820' title='bbox 2399 4556 2599 4621; x_wconf 81' lang='lat' dir='ltr'><strong>vivere,</strong></span> <span class='ocrx_word' id='word_1_821' title='bbox 2626 4563 2680 4611; x_wconf 89' lang='lat' dir='ltr'><strong>et</strong></span> <span class='ocrx_word' id='word_1_822' title='bbox 2710 4558 2763 4610; x_wconf 89' lang='lat' dir='ltr'><strong>in</strong></span> <span class='ocrx_word' id='word_1_823' title='bbox 2797 4558 3018 4628; x_wconf 85' lang='lat' dir='ltr'><strong>prepria</strong></span> <span class='ocrx_word' id='word_1_824' title='bbox 3046 4559 3208 4613; x_wconf 89' lang='lat' dir='ltr'><strong>domo</strong></span> <span class='ocrx_word' id='word_1_825' title='bbox 3248 4575 3356 4615; x_wconf 90' lang='lat' dir='ltr'><strong>una</strong></span> <span class='ocrx_word' id='word_1_826' title='bbox 3385 4575 3511 4614; x_wconf 91' lang='lat' dir='ltr'><strong>cum</strong></span> <span class='ocrx_word' id='word_1_827' title='bbox 3543 4561 3647 4617; x_wconf 89' lang='lat' dir='ltr'><strong>sibi</strong></span> 
     </span>
    </p>
   </div>
   <div class='ocr_carea' id='block_1_110' title="bbox 2088 4647 3651 4721">
    <p class='ocr_par' dir='ltr' id='par_1_110' title="bbox 2088 4647 3651 4721">
     <span class='ocr_line' id='line_1_110' title="bbox 2088 4647 3651 4721; baseline 0.004 -21"><span class='ocrx_word' id='word_1_828' title='bbox 2088 4647 2449 4710; x_wconf 88' lang='lat' dir='ltr'><strong>charissimis.</strong></span> <span class='ocrx_word' id='word_1_829' title='bbox 2502 4648 2838 4704; x_wconf 80' lang='lat' dir='ltr'><strong>securiorem</strong></span> <span class='ocrx_word' id='word_1_830' title='bbox 2894 4650 3067 4703; x_wconf 91' lang='lat' dir='ltr'><strong>multo</strong></span> <span class='ocrx_word' id='word_1_831' title='bbox 3100 4650 3463 4721; x_wconf 89' lang='lat' dir='ltr'><strong>tutioremque</strong></span> <span class='ocrx_word' id='word_1_832' title='bbox 3482 4652 3651 4706; x_wconf 87' lang='lat' dir='ltr'><strong>vitam</strong></span> 
     </span>
    </p>
   </div>
   <div class='ocr_carea' id='block_1_111' title="bbox 2087 4736 3652 4807">
    <p class='ocr_par' dir='ltr' id='par_1_111' title="bbox 2087 4736 3652 4807">
     <span class='ocr_line' id='line_1_111' title="bbox 2087 4736 3652 4807; baseline 0.004 -17"><span class='ocrx_word' id='word_1_833' title='bbox 2087 4753 2248 4807; x_wconf 84' lang='lat' dir='ltr'><strong>agere</strong></span> <span class='ocrx_word' id='word_1_834' title='bbox 2275 4738 2299 4791; x_wconf 87' lang='lat'><strong>?</strong></span> <span class='ocrx_word' id='word_1_835' title='bbox 2329 4736 2551 4794; x_wconf 87' lang='lat' dir='ltr'><strong>fallaces</strong></span> <span class='ocrx_word' id='word_1_836' title='bbox 2577 4740 3019 4795; x_wconf 81' lang='lat' dir='ltr'><strong>autembomines</strong></span> <span class='ocrx_word' id='word_1_837' title='bbox 3048 4749 3102 4795; x_wconf 91' lang='lat' dir='ltr'><strong>et</strong></span> <span class='ocrx_word' id='word_1_838' title='bbox 3136 4742 3192 4795; x_wconf 92' lang='lat' dir='ltr'><strong>in</strong></span> <span class='ocrx_word' id='word_1_839' title='bbox 3218 4742 3507 4798; x_wconf 86' lang='lat' dir='ltr'><strong>fraudibus</strong></span> <span class='ocrx_word' id='word_1_840' title='bbox 3525 4758 3652 4797; x_wconf 88' lang='lat' dir='ltr'><strong>ver-</strong></span> 
     </span>
    </p>
   </div>
   <div class='ocr_carea' id='block_1_112' title="bbox 2088 4830 3652 4904">
    <p class='ocr_par' dir='ltr' id='par_1_112' title="bbox 2088 4830 3652 4904">
     <span class='ocr_line' id='line_1_112' title="bbox 2088 4830 3652 4904; baseline 0.004 -20"><span class='ocrx_word' id='word_1_841' title='bbox 2088 4836 2296 4894; x_wconf 88' lang='lat' dir='ltr'><strong>santes,</strong></span> <span class='ocrx_word' id='word_1_842' title='bbox 2328 4830 2602 4899; x_wconf 89' lang='lat' dir='ltr'><strong>quomodo</strong></span> <span class='ocrx_word' id='word_1_843' title='bbox 2637 4830 2984 4887; x_wconf 77' lang='lat' dir='ltr'><strong>aﬂ‘ectassent</strong></span> <span class='ocrx_word' id='word_1_844' title='bbox 3008 4836 3148 4886; x_wconf 84' lang='lat' dir='ltr'><strong>mori</strong></span> <span class='ocrx_word' id='word_1_845' title='bbox 3179 4848 3278 4903; x_wconf 87' lang='lat' dir='ltr'><strong>pro</strong></span> <span class='ocrx_word' id='word_1_846' title='bbox 3307 4835 3414 4889; x_wconf 88' lang='lat' dir='ltr'><strong>alio</strong></span> <span class='ocrx_word' id='word_1_847' title='bbox 3433 4873 3447 4898; x_wconf 93' lang='lat'><strong>,</strong></span> <span class='ocrx_word' id='word_1_848' title='bbox 3487 4850 3652 4904; x_wconf 89' lang='lat' dir='ltr'><strong>quem</strong></span> 
     </span>
    </p>
   </div>
   <div class='ocr_carea' id='block_1_113' title="bbox 2090 4920 3651 4995">
    <p class='ocr_par' dir='ltr' id='par_1_113' title="bbox 2090 4920 3651 4995">
     <span class='ocr_line' id='line_1_113' title="bbox 2090 4920 3651 4995; baseline 0.008 -22"><span class='ocrx_word' id='word_1_849' title='bbox 2090 4920 2192 4990; x_wconf 87' lang='lat' dir='ltr'><strong>ipsi</strong></span> <span class='ocrx_word' id='word_1_850' title='bbox 2220 4923 2463 4976; x_wconf 88' lang='lat' dir='ltr'><strong>omnium</strong></span> <span class='ocrx_word' id='word_1_851' title='bbox 2490 4924 2769 4977; x_wconf 89' lang='lat' dir='ltr'><strong>hominum</strong></span> <span class='ocrx_word' id='word_1_852' title='bbox 2822 4925 3058 4979; x_wconf 82' lang='lat' dir='ltr'><strong>maxime</strong></span> <span class='ocrx_word' id='word_1_853' title='bbox 3091 4925 3505 4995; x_wconf 86' lang='lat' dir='ltr'><strong>certissimeque</strong></span> <span class='ocrx_word' id='word_1_854' title='bbox 3551 4941 3651 4985; x_wconf 83' lang='lat' dir='ltr'><strong>no-</strong></span> 
     </span>
    </p>
   </div>
   <div class='ocr_carea' id='block_1_114' title="bbox 2088 4998 3647 5084">
    <p class='ocr_par' dir='ltr' id='par_1_114' title="bbox 2088 4998 3647 5084">
     <span class='ocr_line' id='line_1_114' title="bbox 2088 4998 3647 5084; baseline 0.001 -19"><span class='ocrx_word' id='word_1_855' title='bbox 2088 5011 2294 5066; x_wconf 87' lang='lat' dir='ltr'><strong>vissent</strong></span> <span class='ocrx_word' id='word_1_856' title='bbox 2325 5011 2665 5081; x_wconf 70' lang='lat' dir='ltr'><strong>?pra:sertim</strong></span> <span class='ocrx_word' id='word_1_857' title='bbox 2721 5015 2812 5084; x_wconf 87' lang='lat' dir='ltr'><strong>qui</strong></span> <span class='ocrx_word' id='word_1_858' title='bbox 2843 5013 3001 5083; x_wconf 84' lang='lat' dir='ltr'><strong>ipsis,</strong></span> <span class='ocrx_word' id='word_1_859' title='bbox 3035 5020 3093 5066; x_wconf 89' lang='lat' dir='ltr'><strong>ut</strong></span> <span class='ocrx_word' id='word_1_860' title='bbox 3120 4998 3395 5068; x_wconf 26' lang='lat' dir='ltr'><strong>sermone.</strong></span> <span class='ocrx_word' id='word_1_861' title='bbox 3420 5014 3647 5068; x_wconf 88' lang='lat' dir='ltr'><strong>istorum</strong></span> 
     </span>
    </p>
   </div>
   <div class='ocr_carea' id='block_1_115' title="bbox 2089 5103 3656 5172">
    <p class='ocr_par' dir='ltr' id='par_1_115' title="bbox 2089 5103 3656 5172">
     <span class='ocr_line' id='line_1_115' title="bbox 2089 5103 3656 5172; baseline 0.004 -18"><span class='ocrx_word' id='word_1_862' title='bbox 2089 5110 2233 5167; x_wconf 90' lang='lat' dir='ltr'><strong>utar,</strong></span> <span class='ocrx_word' id='word_1_863' title='bbox 2256 5103 2462 5159; x_wconf 90' lang='lat' dir='ltr'><strong>nullius</strong></span> <span class='ocrx_word' id='word_1_864' title='bbox 2485 5105 2612 5159; x_wconf 87' lang='lat' dir='ltr'><strong>boni</strong></span> <span class='ocrx_word' id='word_1_865' title='bbox 2634 5115 2830 5160; x_wconf 81' lang='lat' dir='ltr'><strong>auctor</strong></span> <span class='ocrx_word' id='word_1_866' title='bbox 2852 5107 3065 5167; x_wconf 86' lang='lat' dir='ltr'><strong>fuisset,</strong></span> <span class='ocrx_word' id='word_1_867' title='bbox 3093 5104 3188 5161; x_wconf 89' lang='lat' dir='ltr'><strong>sed</strong></span> <span class='ocrx_word' id='word_1_868' title='bbox 3222 5112 3415 5158; x_wconf 89' lang='lat' dir='ltr'><strong>contra</strong></span> <span class='ocrx_word' id='word_1_869' title='bbox 3445 5105 3656 5172; x_wconf 82' lang='lat' dir='ltr'><strong>potius,</strong></span> 
     </span>
    </p>
   </div>
   <div class='ocr_carea' id='block_1_116' title="bbox 2088 5194 3649 5268">
    <p class='ocr_par' dir='ltr' id='par_1_116' title="bbox 2088 5194 3649 5268">
     <span class='ocr_line' id='line_1_116' title="bbox 2088 5194 3649 5268; baseline 0.002 -21"><span class='ocrx_word' id='word_1_870' title='bbox 2088 5194 2266 5249; x_wconf 89' lang='lat' dir='ltr'><strong>omnis</strong></span> <span class='ocrx_word' id='word_1_871' title='bbox 2293 5195 2511 5249; x_wconf 74' lang='lat' dir='ltr'><strong>malitia:</strong></span> <span class='ocrx_word' id='word_1_872' title='bbox 2539 5198 2972 5267; x_wconf 71' lang='lat' dir='ltr'><strong>praeceptor‘lvir</strong></span> <span class='ocrx_word' id='word_1_873' title='bbox 2995 5198 3140 5253; x_wconf 90' lang='lat' dir='ltr'><strong>enim</strong></span> <span class='ocrx_word' id='word_1_874' title='bbox 3162 5207 3216 5252; x_wconf 90' lang='lat' dir='ltr'><strong>et</strong></span> <span class='ocrx_word' id='word_1_875' title='bbox 3246 5197 3649 5268; x_wconf 59' lang='lat' dir='ltr'><strong>rationisfusnm</strong></span> 
     </span>
    </p>
   </div>
   <div class='ocr_carea' id='block_1_117' title="bbox 2088 5286 3655 5360">
    <p class='ocr_par' dir='ltr' id='par_1_117' title="bbox 2088 5286 3655 5360">
     <span class='ocr_line' id='line_1_117' title="bbox 2088 5286 3655 5360; baseline 0.001 -21"><span class='ocrx_word' id='word_1_876' title='bbox 2088 5286 2317 5351; x_wconf 87' lang='lat' dir='ltr'><strong>habens,</strong></span> <span class='ocrx_word' id='word_1_877' title='bbox 2354 5294 2409 5342; x_wconf 87' lang='lat' dir='ltr'><strong>et</strong></span> <span class='ocrx_word' id='word_1_878' title='bbox 2449 5288 2649 5343; x_wconf 81' lang='lat' dir='ltr'><strong>virtute</strong></span> <span class='ocrx_word' id='word_1_879' title='bbox 2679 5290 2960 5360; x_wconf 73' lang='lat' dir='ltr'><strong>praeditus,</strong></span> <span class='ocrx_word' id='word_1_880' title='bbox 2994 5289 3122 5344; x_wconf 90' lang='lat' dir='ltr'><strong>boni</strong></span> <span class='ocrx_word' id='word_1_881' title='bbox 3156 5289 3463 5359; x_wconf 88' lang='lat' dir='ltr'><strong>cujuspiam</strong></span> <span class='ocrx_word' id='word_1_882' title='bbox 3494 5287 3655 5343; x_wconf 75' lang='lat' dir='ltr'><strong>oﬂicii</strong></span> 
     </span>
    </p>
   </div>
   <div class='ocr_carea' id='block_1_118' title="bbox 2088 5378 3654 5450">
    <p class='ocr_par' dir='ltr' id='par_1_118' title="bbox 2088 5378 3654 5450">
     <span class='ocr_line' id='line_1_118' title="bbox 2088 5378 3654 5450; baseline 0.001 -20"><span class='ocrx_word' id='word_1_883' title='bbox 2088 5378 2261 5447; x_wconf 86' lang='lat' dir='ltr'><strong>gratia</strong></span> <span class='ocrx_word' id='word_1_884' title='bbox 2291 5394 2683 5449; x_wconf 89' lang='lat' dir='ltr'><strong>nonnunquam</strong></span> <span class='ocrx_word' id='word_1_885' title='bbox 2737 5381 3091 5450; x_wconf 88' lang='lat' dir='ltr'><strong>probabiliter</strong></span> <span class='ocrx_word' id='word_1_886' title='bbox 3118 5388 3344 5435; x_wconf 89' lang='lat' dir='ltr'><strong>mortem</strong></span> <span class='ocrx_word' id='word_1_887' title='bbox 3380 5395 3504 5433; x_wconf 91' lang='lat' dir='ltr'><strong>cum</strong></span> <span class='ocrx_word' id='word_1_888' title='bbox 3551 5379 3654 5433; x_wconf 87' lang='lat' dir='ltr'><strong>ho-</strong></span> 
     </span>
    </p>
   </div>
   <div class='ocr_carea' id='block_1_119' title="bbox 2089 5470 3653 5543">
    <p class='ocr_par' dir='ltr' id='par_1_119' title="bbox 2089 5470 3653 5543">
     <span class='ocr_line' id='line_1_119' title="bbox 2089 5470 3653 5543; baseline 0.001 -20"><span class='ocrx_word' id='word_1_889' title='bbox 2089 5478 2302 5526; x_wconf 89' lang='lat' dir='ltr'><strong>nestate</strong></span> <span class='ocrx_word' id='word_1_890' title='bbox 2340 5480 2396 5527; x_wconf 88' lang='lat' dir='ltr'><strong>et</strong></span> <span class='ocrx_word' id='word_1_891' title='bbox 2437 5474 2611 5543; x_wconf 79' lang='lat' dir='ltr'><strong>gloria</strong></span> <span class='ocrx_word' id='word_1_892' title='bbox 2655 5474 2907 5528; x_wconf 88' lang='lat' dir='ltr'><strong>subierit.</strong></span> <span class='ocrx_word' id='word_1_893' title='bbox 2962 5472 3067 5538; x_wconf 87' lang='lat' dir='ltr'><strong>Qui</strong></span> <span class='ocrx_word' id='word_1_894' title='bbox 3087 5488 3217 5529; x_wconf 86' lang='lat' dir='ltr'><strong>vero</strong></span> <span class='ocrx_word' id='word_1_895' title='bbox 3248 5470 3497 5527; x_wconf 88' lang='lat' dir='ltr'><strong>moribus</strong></span> <span class='ocrx_word' id='word_1_896' title='bbox 3526 5487 3653 5541; x_wconf 89' lang='lat' dir='ltr'><strong>per-</strong></span> 
     </span>
    </p>
   </div>
   <div class='ocr_carea' id='block_1_120' title="bbox 2090 5562 3657 5635">
    <p class='ocr_par' dir='ltr' id='par_1_120' title="bbox 2090 5562 3657 5635">
     <span class='ocr_line' id='line_1_120' title="bbox 2090 5562 3657 5635; baseline 0 -17"><span class='ocrx_word' id='word_1_897' title='bbox 2090 5566 2262 5620; x_wconf 87' lang='lat' dir='ltr'><strong>versis</strong></span> <span class='ocrx_word' id='word_1_898' title='bbox 2295 5565 2388 5628; x_wconf 88' lang='lat' dir='ltr'><strong>sit,</strong></span> <span class='ocrx_word' id='word_1_899' title='bbox 2418 5574 2475 5619; x_wconf 89' lang='lat' dir='ltr'><strong>et</strong></span> <span class='ocrx_word' id='word_1_900' title='bbox 2503 5564 2789 5620; x_wconf 73' lang='lat' dir='ltr'><strong>aﬂ‘ecﬁbus</strong></span> <span class='ocrx_word' id='word_1_901' title='bbox 2843 5565 3326 5635; x_wconf 85' lang='lat' dir='ltr'><strong>voluptatibusque</strong></span> <span class='ocrx_word' id='word_1_902' title='bbox 3367 5571 3515 5620; x_wconf 91' lang='lat' dir='ltr'><strong>totus</strong></span> <span class='ocrx_word' id='word_1_903' title='bbox 3545 5562 3657 5618; x_wconf 88' lang='lat' dir='ltr'><strong>de—</strong></span> 
     </span>
    </p>
   </div>
   <div class='ocr_carea' id='block_1_121' title="bbox 2090 5657 3686 5729">
    <p class='ocr_par' dir='ltr' id='par_1_121' title="bbox 2090 5657 3686 5729">
     <span class='ocr_line' id='line_1_121' title="bbox 2090 5657 3686 5729; baseline -0.004 -16"><span class='ocrx_word' id='word_1_904' title='bbox 2090 5658 2260 5719; x_wconf 88' lang='lat' dir='ltr'><strong>ditus,</strong></span> <span class='ocrx_word' id='word_1_905' title='bbox 2292 5659 2573 5728; x_wconf 85' lang='lat' dir='ltr'><strong>solamque</strong></span> <span class='ocrx_word' id='word_1_906' title='bbox 2602 5657 2743 5711; x_wconf 82' lang='lat' dir='ltr'><strong>hanc</strong></span> <span class='ocrx_word' id='word_1_907' title='bbox 2794 5659 3176 5729; x_wconf 87' lang='lat' dir='ltr'><strong>temporariam</strong></span> <span class='ocrx_word' id='word_1_908' title='bbox 3205 5658 3397 5722; x_wconf 85' lang='lat' dir='ltr'><strong>vitam,</strong></span> <span class='ocrx_word' id='word_1_909' title='bbox 3433 5663 3489 5712; x_wconf 91' lang='lat' dir='ltr'><strong>et</strong></span> <span class='ocrx_word' id='word_1_910' title='bbox 3534 5669 3686 5726; x_wconf 37' lang='lat' dir='ltr'><strong>quae.</strong></span> 
     </span>
    </p>
   </div>
   <div class='ocr_carea' id='block_1_122' title="bbox 2092 5748 3651 5820">
    <p class='ocr_par' dir='ltr' id='par_1_122' title="bbox 2092 5748 3651 5820">
     <span class='ocr_line' id='line_1_122' title="bbox 2092 5748 3651 5820; baseline -0.004 -16"><span class='ocrx_word' id='word_1_911' title='bbox 2092 5749 2161 5805; x_wconf 87' lang='lat' dir='ltr'><strong>ad</strong></span> <span class='ocrx_word' id='word_1_912' title='bbox 2196 5763 2312 5805; x_wconf 84' lang='lat' dir='ltr'><strong>eam</strong></span> <span class='ocrx_word' id='word_1_913' title='bbox 2365 5757 2611 5818; x_wconf 87' lang='lat' dir='ltr'><strong>spectant</strong></span> <span class='ocrx_word' id='word_1_914' title='bbox 2662 5748 2916 5803; x_wconf 83' lang='lat' dir='ltr'><strong>libidines</strong></span> <span class='ocrx_word' id='word_1_915' title='bbox 2948 5764 3281 5820; x_wconf 83' lang='lat' dir='ltr'><strong>persequens</strong></span> <span class='ocrx_word' id='word_1_916' title='bbox 3306 5789 3322 5816; x_wconf 95' lang='lat'><strong>,</strong></span> <span class='ocrx_word' id='word_1_917' title='bbox 3375 5759 3651 5816; x_wconf 70' lang='lat' dir='ltr'><strong>nunquam</strong></span> 
     </span>
    </p>
   </div>
   <div class='ocr_carea' id='block_1_123' title="bbox 3177 5841 3215 5900">
    <p class='ocr_par' dir='ltr' id='par_1_123' title="bbox 3177 5841 3215 5900">
     <span class='ocr_line' id='line_1_123' title="bbox 3177 5841 3215 5900; baseline 0 0"><span class='ocrx_word' id='word_1_918' title='bbox 3177 5841 3215 5900; x_wconf 73' lang='grc' dir='ltr'><strong>’Ξ</strong></span> 
     </span>
    </p>
   </div>
  </div>
