  <div class='ocr_page' id='page_1' title='image "/cluster/home/n/w/nwhite01/storage/ocr_20150623/22:no.4/coo.31924054873025/115.png"; bbox 0 0 4126 6444; ppageno 0'>
   <div class='ocr_carea' id='block_1_1' title="bbox 448 317 559 373">
    <p class='ocr_par' dir='ltr' id='par_1_1' title="bbox 448 317 559 373">
     <span class='ocr_line' id='line_1_1' title="bbox 448 317 559 373; baseline 0 0"><span class='ocrx_word' id='word_1_1' title='bbox 448 317 559 373; x_wconf 74' lang='grc'><strong>203</strong></span> 
     </span>
    </p>
   </div>
   <div class='ocr_carea' id='block_1_2' title="bbox 1086 315 3069 377">
    <p class='ocr_par' dir='ltr' id='par_1_2' title="bbox 1086 315 3069 377">
     <span class='ocr_line' id='line_1_2' title="bbox 1086 315 3069 377; baseline 0.002 -4"><span class='ocrx_word' id='word_1_2' title='bbox 1086 317 1355 374; x_wconf 88' lang='lat' dir='ltr'><strong>EUSEBIl</strong></span> <span class='ocrx_word' id='word_1_3' title='bbox 1392 315 1878 373; x_wconf 63' lang='lat' dir='ltr'><strong>CESARIENSIS</strong></span> <span class='ocrx_word' id='word_1_4' title='bbox 1915 315 2068 373; x_wconf 74' lang='lat' dir='ltr'><strong>OPP.</strong></span> <span class='ocrx_word' id='word_1_5' title='bbox 2116 315 2320 374; x_wconf 79' lang='lat' dir='ltr'><strong>PARS.</strong></span> <span class='ocrx_word' id='word_1_6' title='bbox 2366 316 2523 374; x_wconf 82' lang='lat' dir='ltr'><strong>IL—</strong></span> <span class='ocrx_word' id='word_1_7' title='bbox 2563 318 3069 377; x_wconf 73' lang='lat' dir='ltr'><strong>A‘POLOGETICA.</strong></span> 
     </span>
    </p>
   </div>
   <div class='ocr_carea' id='block_1_3' title="bbox 3600 326 3711 385">
    <p class='ocr_par' dir='ltr' id='par_1_3' title="bbox 3600 326 3711 385">
     <span class='ocr_line' id='line_1_3' title="bbox 3600 326 3711 385; baseline 0 0"><span class='ocrx_word' id='word_1_8' title='bbox 3600 326 3711 385; x_wconf 65' lang='grc' dir='ltr'><strong>2οι</strong></span> 
     </span>
    </p>
   </div>
   <div class='ocr_carea' id='block_1_4' title="bbox 445 432 2031 513">
    <p class='ocr_par' dir='ltr' id='par_1_4' title="bbox 445 433 2017 508">
     <span class='ocr_line' id='line_1_4' title="bbox 445 433 2017 508; baseline -0.003 -17"><span class='ocrx_word' id='word_1_9' title='bbox 445 433 694 508; x_wconf 84' lang='lat' dir='ltr'><strong>profecto</strong></span> <span class='ocrx_word' id='word_1_10' title='bbox 724 434 850 491; x_wconf 73' lang='lat' dir='ltr'><strong>vita:</strong></span> <span class='ocrx_word' id='word_1_11' title='bbox 877 440 1106 490; x_wconf 86' lang='lat' dir='ltr'><strong>mortem</strong></span> <span class='ocrx_word' id='word_1_12' title='bbox 1137 435 1515 505; x_wconf 68' lang='lat' dir='ltr'><strong>praeposuerit,</strong></span> <span class='ocrx_word' id='word_1_13' title='bbox 1545 449 1609 489; x_wconf 89' lang='lat' dir='ltr'><strong>ac</strong></span> <span class='ocrx_word' id='word_1_14' title='bbox 1635 451 1706 490; x_wconf 90' lang='lat' dir='ltr'><strong>ne</strong></span> <span class='ocrx_word' id='word_1_15' title='bbox 1747 434 2017 490; x_wconf 77' lang='lat' dir='ltr'><strong>domesti-</strong></span> 
     </span>
    </p>
   </div>
   <div class='ocr_carea' id='block_1_5' title="bbox 2129 432 3709 513">
    <p class='ocr_par' dir='ltr' id='par_1_5' title="bbox 2129 432 3709 513">
     <span class='ocr_line' id='line_1_5' title="bbox 2129 432 3709 513; baseline 0.004 -28"><span class='ocrx_word' id='word_1_16' title='bbox 2129 432 2330 504; x_wconf 66' lang='lat' dir='ltr'><strong>péqu;</strong></span> <span class='ocrx_word' id='word_1_17' title='bbox 2366 433 2398 504; x_wconf 80' lang='grc' dir='ltr'><strong>ἢ</strong></span> <span class='ocrx_word' id='word_1_18' title='bbox 2428 433 2558 505; x_wconf 73' lang='grc' dir='ltr'>ποίᾳ</span> <span class='ocrx_word' id='word_1_19' title='bbox 2613 435 2773 488; x_wconf 77' lang='grc' dir='ltr'>τοῦτο</span> <span class='ocrx_word' id='word_1_20' title='bbox 2802 434 3007 506; x_wconf 63' lang='grc' dir='ltr'>διανοίᾳ</span> <span class='ocrx_word' id='word_1_21' title='bbox 3065 432 3481 507; x_wconf 79' lang='grc' dir='ltr'>ἐφαντάσθησαν</span> <span class='ocrx_word' id='word_1_22' title='bbox 3508 440 3709 513; x_wconf 80' lang='grc' dir='ltr'>τολμῆ-</span> 
     </span>
    </p>
   </div>
   <div class='ocr_carea' id='block_1_6' title="bbox 444 525 2027 597">
    <p class='ocr_par' dir='ltr' id='par_1_6' title="bbox 444 525 2027 597">
     <span class='ocr_line' id='line_1_6' title="bbox 444 525 2027 597; baseline -0.003 -14"><span class='ocrx_word' id='word_1_23' title='bbox 444 542 641 583; x_wconf 86' lang='lat' dir='ltr'><strong>corum</strong></span> <span class='ocrx_word' id='word_1_24' title='bbox 671 526 913 597; x_wconf 88' lang='lat' dir='ltr'><strong>quidem,</strong></span> <span class='ocrx_word' id='word_1_25' title='bbox 941 534 996 581; x_wconf 88' lang='lat' dir='ltr'><strong>et</strong></span> <span class='ocrx_word' id='word_1_26' title='bbox 1026 525 1476 581; x_wconf 85' lang='lat' dir='ltr'><strong>charis’simorum</strong></span> <span class='ocrx_word' id='word_1_27' title='bbox 1508 540 1674 581; x_wconf 85' lang='lat' dir='ltr'><strong>causa</strong></span> <span class='ocrx_word' id='word_1_28' title='bbox 1699 526 2027 596; x_wconf 81' lang='lat' dir='ltr'><strong>supplicium</strong></span> 
     </span>
    </p>
   </div>
   <div class='ocr_carea' id='block_1_7' title="bbox 445 617 2025 689">
    <p class='ocr_par' dir='ltr' id='par_1_7' title="bbox 445 617 2025 689">
     <span class='ocr_line' id='line_1_7' title="bbox 445 617 2025 689; baseline -0.002 -13"><span class='ocrx_word' id='word_1_29' title='bbox 445 621 657 685; x_wconf 88' lang='lat' dir='ltr'><strong>tulerit,</strong></span> <span class='ocrx_word' id='word_1_30' title='bbox 698 620 895 675; x_wconf 88' lang='lat' dir='ltr'><strong>nedum</strong></span> <span class='ocrx_word' id='word_1_31' title='bbox 919 633 1019 689; x_wconf 90' lang='lat' dir='ltr'><strong>pro</strong></span> <span class='ocrx_word' id='word_1_32' title='bbox 1047 634 1133 681; x_wconf 86' lang='lat' dir='ltr'><strong>eo,</strong></span> <span class='ocrx_word' id='word_1_33' title='bbox 1165 617 1258 688; x_wconf 90' lang='lat' dir='ltr'><strong>qui</strong></span> <span class='ocrx_word' id='word_1_34' title='bbox 1290 618 1548 688; x_wconf 76' lang='lat' dir='ltr'><strong>nequitiae</strong></span> <span class='ocrx_word' id='word_1_35' title='bbox 1578 620 1652 674; x_wconf 93' lang='lat' dir='ltr'><strong>sit</strong></span> <span class='ocrx_word' id='word_1_36' title='bbox 1683 619 2025 673; x_wconf 84' lang='lat' dir='ltr'><strong>condemna-</strong></span> 
     </span>
    </p>
   </div>
   <div class='ocr_carea' id='block_1_8' title="bbox 445 711 2028 783">
    <p class='ocr_par' dir='ltr' id='par_1_8' title="bbox 445 711 2028 783">
     <span class='ocr_line' id='line_1_8' title="bbox 445 711 2028 783; baseline -0.001 -14"><span class='ocrx_word' id='word_1_37' title='bbox 445 720 562 771; x_wconf 88' lang='lat' dir='ltr'><strong>tus.</strong></span> <span class='ocrx_word' id='word_1_38' title='bbox 599 713 771 780; x_wconf 87' lang='lat' dir='ltr'><strong>Quam</strong></span> <span class='ocrx_word' id='word_1_39' title='bbox 813 728 941 783; x_wconf 83' lang='lat' dir='ltr'><strong>ergo</strong></span> <span class='ocrx_word' id='word_1_40' title='bbox 962 711 1264 783; x_wconf 82' lang='lat' dir='ltr'><strong>probabile,</strong></span> <span class='ocrx_word' id='word_1_41' title='bbox 1303 720 1363 767; x_wconf 90' lang='lat' dir='ltr'><strong>ut</strong></span> <span class='ocrx_word' id='word_1_42' title='bbox 1392 713 1541 768; x_wconf 92' lang='lat' dir='ltr'><strong>illius</strong></span> <span class='ocrx_word' id='word_1_43' title='bbox 1573 712 1641 767; x_wconf 92' lang='lat' dir='ltr'><strong>de</strong></span> <span class='ocrx_word' id='word_1_44' title='bbox 1671 728 1783 783; x_wconf 83' lang='lat' dir='ltr'><strong>quo</strong></span> <span class='ocrx_word' id='word_1_45' title='bbox 1816 713 2028 767; x_wconf 89' lang='lat' dir='ltr'><strong>dictum</strong></span> 
     </span>
    </p>
   </div>
   <div class='ocr_carea' id='block_1_9' title="bbox 446 801 2033 874">
    <p class='ocr_par' dir='ltr' id='par_1_9' title="bbox 446 801 2033 874">
     <span class='ocr_line' id='line_1_9' title="bbox 446 801 2033 874; baseline -0.003 -13"><span class='ocrx_word' id='word_1_46' title='bbox 446 812 559 871; x_wconf 88' lang='lat' dir='ltr'><strong>est,</strong></span> <span class='ocrx_word' id='word_1_47' title='bbox 608 803 887 874; x_wconf 83' lang='lat' dir='ltr'><strong>discipuli,</strong></span> <span class='ocrx_word' id='word_1_48' title='bbox 937 805 986 857; x_wconf 90' lang='lat' dir='ltr'><strong>si</strong></span> <span class='ocrx_word' id='word_1_49' title='bbox 1020 802 1182 857; x_wconf 89' lang='lat' dir='ltr'><strong>modo</strong></span> <span class='ocrx_word' id='word_1_50' title='bbox 1211 803 1304 857; x_wconf 90' lang='lat' dir='ltr'><strong>ille</strong></span> <span class='ocrx_word' id='word_1_51' title='bbox 1336 801 1595 857; x_wconf 81' lang='lat' dir='ltr'><strong>seductor</strong></span> <span class='ocrx_word' id='word_1_52' title='bbox 1633 802 2033 873; x_wconf 56' lang='lat' dir='ltr'><strong>praestigiator-</strong></span> 
     </span>
    </p>
   </div>
   <div class='ocr_carea' id='block_1_10' title="bbox 450 895 2031 969">
    <p class='ocr_par' dir='ltr' id='par_1_10' title="bbox 450 895 2031 969">
     <span class='ocr_line' id='line_1_10' title="bbox 450 895 2031 969; baseline -0.003 -16"><span class='ocrx_word' id='word_1_53' title='bbox 450 913 560 969; x_wconf 86' lang='lat' dir='ltr'><strong>que</strong></span> <span class='ocrx_word' id='word_1_54' title='bbox 588 895 709 961; x_wconf 91' lang='lat' dir='ltr'><strong>fuit,</strong></span> <span class='ocrx_word' id='word_1_55' title='bbox 744 911 869 951; x_wconf 89' lang='lat' dir='ltr'><strong>cum</strong></span> <span class='ocrx_word' id='word_1_56' title='bbox 904 895 1057 950; x_wconf 88' lang='lat' dir='ltr'><strong>illum</strong></span> <span class='ocrx_word' id='word_1_57' title='bbox 1088 896 1250 950; x_wconf 84' lang='lat' dir='ltr'><strong>talem</strong></span> <span class='ocrx_word' id='word_1_58' title='bbox 1285 909 1410 950; x_wconf 86' lang='lat' dir='ltr'><strong>esse</strong></span> <span class='ocrx_word' id='word_1_59' title='bbox 1435 910 1547 949; x_wconf 89' lang='lat' dir='ltr'><strong>non</strong></span> <span class='ocrx_word' id='word_1_60' title='bbox 1572 895 1911 965; x_wconf 78' lang='lat' dir='ltr'><strong>ignorarent,</strong></span> <span class='ocrx_word' id='word_1_61' title='bbox 1945 903 2031 948; x_wconf 85' lang='lat' dir='ltr'><strong>at-</strong></span> 
     </span>
    </p>
   </div>
   <div class='ocr_carea' id='block_1_11' title="bbox 445 985 2030 1062">
    <p class='ocr_par' dir='ltr' id='par_1_11' title="bbox 445 985 2030 1062">
     <span class='ocr_line' id='line_1_11' title="bbox 445 985 2030 1062; baseline -0.005 -16"><span class='ocrx_word' id='word_1_62' title='bbox 445 1005 556 1062; x_wconf 84' lang='lat' dir='ltr'><strong>que</strong></span> <span class='ocrx_word' id='word_1_63' title='bbox 575 989 679 1059; x_wconf 89' lang='lat' dir='ltr'><strong>ipsi</strong></span> <span class='ocrx_word' id='word_1_64' title='bbox 710 989 875 1044; x_wconf 81' lang='lat' dir='ltr'><strong>etiam</strong></span> <span class='ocrx_word' id='word_1_65' title='bbox 908 986 1241 1057; x_wconf 90' lang='lat' dir='ltr'><strong>improbiore</strong></span> <span class='ocrx_word' id='word_1_66' title='bbox 1261 985 1449 1056; x_wconf 83' lang='lat' dir='ltr'><strong>ﬂagitii</strong></span> <span class='ocrx_word' id='word_1_67' title='bbox 1473 1001 1671 1057; x_wconf 88' lang='lat' dir='ltr'><strong>genere</strong></span> <span class='ocrx_word' id='word_1_68' title='bbox 1694 987 1908 1041; x_wconf 89' lang='lat' dir='ltr'><strong>animos</strong></span> <span class='ocrx_word' id='word_1_69' title='bbox 1932 985 2030 1039; x_wconf 90' lang='lat' dir='ltr'><strong>ha-</strong></span> 
     </span>
    </p>
   </div>
   <div class='ocr_carea' id='block_1_12' title="bbox 446 1082 2028 1153">
    <p class='ocr_par' dir='ltr' id='par_1_12' title="bbox 446 1082 2028 1153">
     <span class='ocr_line' id='line_1_12' title="bbox 446 1082 2028 1153; baseline -0.004 -13"><span class='ocrx_word' id='word_1_70' title='bbox 446 1085 641 1140; x_wconf 89' lang='lat' dir='ltr'><strong>berent</strong></span> <span class='ocrx_word' id='word_1_71' title='bbox 687 1082 1004 1153; x_wconf 88' lang='lat' dir='ltr'><strong>implicitos,</strong></span> <span class='ocrx_word' id='word_1_72' title='bbox 1038 1096 1069 1135; x_wconf 86' lang='lat' dir='ltr'><strong>a</strong></span> <span class='ocrx_word' id='word_1_73' title='bbox 1100 1096 1215 1137; x_wconf 63' lang='lat' dir='ltr'><strong>suae</strong></span> <span class='ocrx_word' id='word_1_74' title='bbox 1244 1083 1423 1152; x_wconf 88' lang='lat' dir='ltr'><strong>gentis</strong></span> <span class='ocrx_word' id='word_1_75' title='bbox 1453 1082 1588 1136; x_wconf 89' lang='lat' dir='ltr'><strong>viris</strong></span> <span class='ocrx_word' id='word_1_76' title='bbox 1614 1082 1800 1137; x_wconf 87' lang='lat' dir='ltr'><strong>omnia</strong></span> <span class='ocrx_word' id='word_1_77' title='bbox 1828 1082 2028 1152; x_wconf 91' lang='lat' dir='ltr'><strong>probra</strong></span> 
     </span>
    </p>
   </div>
   <div class='ocr_carea' id='block_1_13' title="bbox 444 1174 2029 1244">
    <p class='ocr_par' dir='ltr' id='par_1_13' title="bbox 444 1174 2029 1244">
     <span class='ocr_line' id='line_1_13' title="bbox 444 1174 2029 1244; baseline -0.003 -13"><span class='ocrx_word' id='word_1_78' title='bbox 444 1177 592 1235; x_wconf 86' lang='lat' dir='ltr'><strong>ferre</strong></span> <span class='ocrx_word' id='word_1_79' title='bbox 635 1190 748 1231; x_wconf 90' lang='lat' dir='ltr'><strong>non</strong></span> <span class='ocrx_word' id='word_1_80' title='bbox 798 1175 1203 1238; x_wconf 79' lang='lat' dir='ltr'><strong>recusaverint,</strong></span> <span class='ocrx_word' id='word_1_81' title='bbox 1238 1180 1294 1229; x_wconf 91' lang='lat' dir='ltr'><strong>et</strong></span> <span class='ocrx_word' id='word_1_82' title='bbox 1322 1189 1484 1229; x_wconf 91' lang='lat' dir='ltr'><strong>omne</strong></span> <span class='ocrx_word' id='word_1_83' title='bbox 1543 1174 1801 1244; x_wconf 88' lang='lat' dir='ltr'><strong>supplicii</strong></span> <span class='ocrx_word' id='word_1_84' title='bbox 1855 1189 2029 1244; x_wconf 84' lang='lat' dir='ltr'><strong>genus</strong></span> 
     </span>
    </p>
   </div>
   <div class='ocr_carea' id='block_1_14' title="bbox 444 1264 2028 1340">
    <p class='ocr_par' dir='ltr' id='par_1_14' title="bbox 444 1264 2028 1340">
     <span class='ocr_line' id='line_1_14' title="bbox 444 1264 2028 1340; baseline -0.002 -18"><span class='ocrx_word' id='word_1_85' title='bbox 444 1282 547 1340; x_wconf 78' lang='lat' dir='ltr'><strong>pro</strong></span> <span class='ocrx_word' id='word_1_86' title='bbox 599 1266 915 1322; x_wconf 87' lang='lat' dir='ltr'><strong>testimonio</strong></span> <span class='ocrx_word' id='word_1_87' title='bbox 950 1265 1031 1319; x_wconf 86' lang='lat' dir='ltr'><strong>illi</strong></span> <span class='ocrx_word' id='word_1_88' title='bbox 1064 1264 1343 1319; x_wconf 87' lang='lat' dir='ltr'><strong>reddendo</strong></span> <span class='ocrx_word' id='word_1_89' title='bbox 1402 1264 1715 1320; x_wconf 81' lang='lat' dir='ltr'><strong>subierint?</strong></span> <span class='ocrx_word' id='word_1_90' title='bbox 1746 1279 1855 1319; x_wconf 86' lang='lat' dir='ltr'><strong>non</strong></span> <span class='ocrx_word' id='word_1_91' title='bbox 1894 1279 2028 1319; x_wconf 84' lang='lat' dir='ltr'><strong>con-</strong></span> 
     </span>
    </p>
   </div>
   <div class='ocr_carea' id='block_1_15' title="bbox 443 1356 2028 1428">
    <p class='ocr_par' dir='ltr' id='par_1_15' title="bbox 443 1356 2028 1428">
     <span class='ocr_line' id='line_1_15' title="bbox 443 1356 2028 1428; baseline -0.001 -14"><span class='ocrx_word' id='word_1_92' title='bbox 443 1361 597 1416; x_wconf 82' lang='lat' dir='ltr'><strong>venit</strong></span> <span class='ocrx_word' id='word_1_93' title='bbox 652 1359 757 1413; x_wconf 89' lang='lat' dir='ltr'><strong>hoc</strong></span> <span class='ocrx_word' id='word_1_94' title='bbox 783 1373 911 1413; x_wconf 91' lang='lat' dir='ltr'><strong>cum</strong></span> <span class='ocrx_word' id='word_1_95' title='bbox 943 1365 1143 1411; x_wconf 89' lang='lat' dir='ltr'><strong>natura</strong></span> <span class='ocrx_word' id='word_1_96' title='bbox 1179 1356 1575 1427; x_wconf 89' lang='lat' dir='ltr'><strong>improborum,</strong></span> <span class='ocrx_word' id='word_1_97' title='bbox 1614 1357 1931 1428; x_wconf 78' lang='lat' dir='ltr'><strong>longissime</strong></span> <span class='ocrx_word' id='word_1_98' title='bbox 1958 1357 2028 1412; x_wconf 89' lang='lat' dir='ltr'><strong>ab</strong></span> 
     </span>
    </p>
   </div>
   <div class='ocr_carea' id='block_1_16' title="bbox 443 1451 2027 1523">
    <p class='ocr_par' dir='ltr' id='par_1_16' title="bbox 443 1451 2027 1523">
     <span class='ocr_line' id='line_1_16' title="bbox 443 1451 2027 1523; baseline -0.003 -14"><span class='ocrx_word' id='word_1_99' title='bbox 443 1469 507 1510; x_wconf 87' lang='lat' dir='ltr'><strong>ea</strong></span> <span class='ocrx_word' id='word_1_100' title='bbox 546 1452 770 1523; x_wconf 80' lang='lat' dir='ltr'><strong>refugit.</strong></span> <span class='ocrx_word' id='word_1_101' title='bbox 800 1451 1070 1506; x_wconf 70' lang='lat' dir='ltr'><strong>Caeterum</strong></span> <span class='ocrx_word' id='word_1_102' title='bbox 1124 1451 1228 1506; x_wconf 85' lang='lat' dir='ltr'><strong>hoc</strong></span> <span class='ocrx_word' id='word_1_103' title='bbox 1269 1467 1488 1522; x_wconf 89' lang='lat' dir='ltr'><strong>quoque</strong></span> <span class='ocrx_word' id='word_1_104' title='bbox 1534 1451 1821 1522; x_wconf 87' lang='lat' dir='ltr'><strong>diligenter</strong></span> <span class='ocrx_word' id='word_1_105' title='bbox 1844 1451 2027 1506; x_wconf 82' lang='lat' dir='ltr'><strong>consi-</strong></span> 
     </span>
    </p>
   </div>
   <div class='ocr_carea' id='block_1_17' title="bbox 446 1543 2025 1613">
    <p class='ocr_par' dir='ltr' id='par_1_17' title="bbox 446 1543 2025 1613">
     <span class='ocr_line' id='line_1_17' title="bbox 446 1543 2025 1613; baseline 0 -14"><span class='ocrx_word' id='word_1_106' title='bbox 446 1545 578 1600; x_wconf 89' lang='lat' dir='ltr'><strong>dera</strong></span> <span class='ocrx_word' id='word_1_107' title='bbox 613 1561 628 1596; x_wconf 87' lang='lat'><strong>:</strong></span> <span class='ocrx_word' id='word_1_108' title='bbox 668 1559 793 1598; x_wconf 88' lang='lat' dir='ltr'><strong>nam</strong></span> <span class='ocrx_word' id='word_1_109' title='bbox 841 1543 890 1599; x_wconf 89' lang='lat' dir='ltr'><strong>si</strong></span> <span class='ocrx_word' id='word_1_110' title='bbox 944 1543 1049 1613; x_wconf 89' lang='lat' dir='ltr'><strong>ipsi</strong></span> <span class='ocrx_word' id='word_1_111' title='bbox 1110 1551 1165 1597; x_wconf 87' lang='lat' dir='ltr'><strong>et</strong></span> <span class='ocrx_word' id='word_1_112' title='bbox 1217 1543 1538 1599; x_wconf 88' lang='lat' dir='ltr'><strong>seductores</strong></span> <span class='ocrx_word' id='word_1_113' title='bbox 1591 1551 1646 1597; x_wconf 89' lang='lat' dir='ltr'><strong>et</strong></span> <span class='ocrx_word' id='word_1_114' title='bbox 1699 1544 2025 1613; x_wconf 86' lang='lat' dir='ltr'><strong>impostores</strong></span> 
     </span>
    </p>
   </div>
   <div class='ocr_carea' id='block_1_18' title="bbox 445 1636 2026 1706">
    <p class='ocr_par' dir='ltr' id='par_1_18' title="bbox 445 1636 2026 1706">
     <span class='ocr_line' id='line_1_18' title="bbox 445 1636 2026 1706; baseline -0.002 -13"><span class='ocrx_word' id='word_1_115' title='bbox 445 1644 627 1699; x_wconf 89' lang='lat' dir='ltr'><strong>erant,</strong></span> <span class='ocrx_word' id='word_1_116' title='bbox 663 1645 717 1691; x_wconf 85' lang='lat' dir='ltr'><strong>et</strong></span> <span class='ocrx_word' id='word_1_117' title='bbox 741 1644 1011 1706; x_wconf 65' lang='lat' dir='ltr'><strong>praeterea</strong></span> <span class='ocrx_word' id='word_1_118' title='bbox 1035 1636 1274 1705; x_wconf 89' lang='lat' dir='ltr'><strong>imperiti</strong></span> <span class='ocrx_word' id='word_1_119' title='bbox 1295 1636 1627 1705; x_wconf 91' lang='lat' dir='ltr'><strong>omninoque</strong></span> <span class='ocrx_word' id='word_1_120' title='bbox 1648 1636 1923 1705; x_wconf 80' lang='lat' dir='ltr'><strong>vulgares,</strong></span> <span class='ocrx_word' id='word_1_121' title='bbox 1964 1644 2026 1690; x_wconf 92' lang='lat' dir='ltr'><strong>ut</strong></span> 
     </span>
    </p>
   </div>
   <div class='ocr_carea' id='block_1_19' title="bbox 444 1726 2022 1799">
    <p class='ocr_par' dir='ltr' id='par_1_19' title="bbox 444 1726 2022 1799">
     <span class='ocr_line' id='line_1_19' title="bbox 444 1726 2022 1799; baseline -0.001 -17"><span class='ocrx_word' id='word_1_122' title='bbox 444 1734 686 1791; x_wconf 74' lang='lat' dir='ltr'><strong>constat,</strong></span> <span class='ocrx_word' id='word_1_123' title='bbox 727 1727 861 1799; x_wconf 87' lang='lat' dir='ltr'><strong>quin</strong></span> <span class='ocrx_word' id='word_1_124' title='bbox 889 1726 1054 1782; x_wconf 87' lang='lat' dir='ltr'><strong>etiam</strong></span> <span class='ocrx_word' id='word_1_125' title='bbox 1089 1726 1330 1791; x_wconf 85' lang='lat' dir='ltr'><strong>barbari,</strong></span> <span class='ocrx_word' id='word_1_126' title='bbox 1358 1733 1413 1781; x_wconf 91' lang='lat' dir='ltr'><strong>et</strong></span> <span class='ocrx_word' id='word_1_127' title='bbox 1439 1727 1532 1798; x_wconf 83' lang='lat' dir='ltr'><strong>qui</strong></span> <span class='ocrx_word' id='word_1_128' title='bbox 1560 1742 1669 1783; x_wconf 83' lang='lat' dir='ltr'><strong>non</strong></span> <span class='ocrx_word' id='word_1_129' title='bbox 1703 1727 1827 1798; x_wconf 83' lang='lat' dir='ltr'><strong>plus</strong></span> <span class='ocrx_word' id='word_1_130' title='bbox 1859 1741 2022 1798; x_wconf 88' lang='lat' dir='ltr'><strong>quam</strong></span> 
     </span>
    </p>
   </div>
   <div class='ocr_carea' id='block_1_20' title="bbox 448 1817 2027 1891">
    <p class='ocr_par' dir='ltr' id='par_1_20' title="bbox 448 1817 2027 1891">
     <span class='ocr_line' id='line_1_20' title="bbox 448 1817 2027 1891; baseline -0.001 -17"><span class='ocrx_word' id='word_1_131' title='bbox 448 1817 712 1891; x_wconf 72' lang='lat' dir='ltr'><strong>Syrorum</strong></span> <span class='ocrx_word' id='word_1_132' title='bbox 734 1818 974 1890; x_wconf 87' lang='lat' dir='ltr'><strong>linguam</strong></span> <span class='ocrx_word' id='word_1_133' title='bbox 1005 1830 1249 1883; x_wconf 83' lang='lat' dir='ltr'><strong>nossent,</strong></span> <span class='ocrx_word' id='word_1_134' title='bbox 1274 1818 1547 1888; x_wconf 88' lang='lat' dir='ltr'><strong>quomodo</strong></span> <span class='ocrx_word' id='word_1_135' title='bbox 1579 1819 1634 1873; x_wconf 88' lang='lat' dir='ltr'><strong>in</strong></span> <span class='ocrx_word' id='word_1_136' title='bbox 1670 1825 1846 1873; x_wconf 87' lang='lat' dir='ltr'><strong>totum</strong></span> <span class='ocrx_word' id='word_1_137' title='bbox 1896 1833 2027 1889; x_wconf 87' lang='lat' dir='ltr'><strong>pro-</strong></span> 
     </span>
    </p>
   </div>
   <div class='ocr_carea' id='block_1_21' title="bbox 444 1897 2073 1983">
    <p class='ocr_par' dir='ltr' id='par_1_21' title="bbox 444 1897 2073 1983">
     <span class='ocr_line' id='line_1_21' title="bbox 444 1897 2073 1983; baseline -0.002 -18"><span class='ocrx_word' id='word_1_138' title='bbox 444 1913 621 1983; x_wconf 87' lang='lat' dir='ltr'><strong>gressi</strong></span> <span class='ocrx_word' id='word_1_139' title='bbox 652 1922 783 1967; x_wconf 88' lang='lat' dir='ltr'><strong>sunt</strong></span> <span class='ocrx_word' id='word_1_140' title='bbox 814 1922 1088 1967; x_wconf 86' lang='lat' dir='ltr'><strong>terrarum</strong></span> <span class='ocrx_word' id='word_1_141' title='bbox 1123 1910 1312 1966; x_wconf 88' lang='lat' dir='ltr'><strong>orbem</strong></span> <span class='ocrx_word' id='word_1_142' title='bbox 1340 1916 1366 1969; x_wconf 85' lang='lat'><strong>?</strong></span> <span class='ocrx_word' id='word_1_143' title='bbox 1415 1912 1501 1965; x_wconf 76' lang='lat' dir='ltr'><strong>vel</strong></span> <span class='ocrx_word' id='word_1_144' title='bbox 1530 1925 1639 1980; x_wconf 87' lang='lat' dir='ltr'><strong>qua</strong></span> <span class='ocrx_word' id='word_1_145' title='bbox 1660 1897 1825 1967; x_wconf 44' lang='lat' dir='ltr'><strong>’istud</strong></span> <span class='ocrx_word' id='word_1_146' title='bbox 1853 1912 2027 1964; x_wconf 86' lang='lat' dir='ltr'><strong>soler-</strong></span> <span class='ocrx_word' id='word_1_147' title='bbox 2058 1906 2073 1914; x_wconf 70' lang='grc'><strong><em>⁵</em></strong></span> 
     </span>
    </p>
   </div>
   <div class='ocr_carea' id='block_1_22' title="bbox 446 2002 2027 2076">
    <p class='ocr_par' dir='ltr' id='par_1_22' title="bbox 446 2002 2027 2076">
     <span class='ocr_line' id='line_1_22' title="bbox 446 2002 2027 2076; baseline -0.001 -17"><span class='ocrx_word' id='word_1_148' title='bbox 446 2006 522 2060; x_wconf 91' lang='lat' dir='ltr'><strong>tia</strong></span> <span class='ocrx_word' id='word_1_149' title='bbox 542 2004 940 2076; x_wconf 78' lang='lat' dir='ltr'><strong>excogitarunt,</strong></span> <span class='ocrx_word' id='word_1_150' title='bbox 970 2004 1160 2059; x_wconf 85' lang='lat' dir='ltr'><strong>ausive</strong></span> <span class='ocrx_word' id='word_1_151' title='bbox 1184 2012 1315 2058; x_wconf 87' lang='lat' dir='ltr'><strong>sunt</strong></span> <span class='ocrx_word' id='word_1_152' title='bbox 1345 2005 1370 2056; x_wconf 87' lang='lat'><strong>?</strong></span> <span class='ocrx_word' id='word_1_153' title='bbox 1397 2002 1601 2072; x_wconf 89' lang='lat' dir='ltr'><strong>quibus</strong></span> <span class='ocrx_word' id='word_1_154' title='bbox 1627 2015 1795 2072; x_wconf 90' lang='lat' dir='ltr'><strong>porro</strong></span> <span class='ocrx_word' id='word_1_155' title='bbox 1814 2002 2027 2057; x_wconf 89' lang='lat' dir='ltr'><strong>viribus</strong></span> 
     </span>
    </p>
   </div>
   <div class='ocr_carea' id='block_1_23' title="bbox 444 2091 2027 2166">
    <p class='ocr_par' dir='ltr' id='par_1_23' title="bbox 444 2091 2027 2166">
     <span class='ocr_line' id='line_1_23' title="bbox 444 2091 2027 2166; baseline 0.001 -18"><span class='ocrx_word' id='word_1_156' title='bbox 444 2094 501 2149; x_wconf 85' lang='lat' dir='ltr'><strong>id</strong></span> <span class='ocrx_word' id='word_1_157' title='bbox 542 2094 688 2166; x_wconf 85' lang='lat' dir='ltr'><strong>quod</strong></span> <span class='ocrx_word' id='word_1_158' title='bbox 732 2094 854 2156; x_wconf 88' lang='lat' dir='ltr'><strong>ausi</strong></span> <span class='ocrx_word' id='word_1_159' title='bbox 898 2100 1028 2149; x_wconf 91' lang='lat' dir='ltr'><strong>sunt</strong></span> <span class='ocrx_word' id='word_1_160' title='bbox 1068 2092 1476 2163; x_wconf 75' lang='lat' dir='ltr'><strong>perfecerunt?</strong></span> <span class='ocrx_word' id='word_1_161' title='bbox 1518 2091 1649 2147; x_wconf 85' lang='lat' dir='ltr'><strong>Esto</strong></span> <span class='ocrx_word' id='word_1_162' title='bbox 1673 2095 1843 2158; x_wconf 90' lang='lat' dir='ltr'><strong>enim,</strong></span> <span class='ocrx_word' id='word_1_163' title='bbox 1874 2092 2027 2149; x_wconf 88' lang='lat' dir='ltr'><strong>viros</strong></span> 
     </span>
    </p>
   </div>
   <div class='ocr_carea' id='block_1_24' title="bbox 443 2182 2026 2255">
    <p class='ocr_par' dir='ltr' id='par_1_24' title="bbox 443 2182 2026 2255">
     <span class='ocr_line' id='line_1_24' title="bbox 443 2182 2026 2255; baseline -0.001 -16"><span class='ocrx_word' id='word_1_164' title='bbox 443 2186 684 2242; x_wconf 87' lang='lat' dir='ltr'><strong>rusticos</strong></span> <span class='ocrx_word' id='word_1_165' title='bbox 707 2185 761 2240; x_wconf 89' lang='lat' dir='ltr'><strong>in</strong></span> <span class='ocrx_word' id='word_1_166' title='bbox 788 2195 935 2240; x_wconf 89' lang='lat' dir='ltr'><strong>terra</strong></span> <span class='ocrx_word' id='word_1_167' title='bbox 957 2184 1179 2255; x_wconf 91' lang='lat' dir='ltr'><strong>propria</strong></span> <span class='ocrx_word' id='word_1_168' title='bbox 1221 2193 1532 2252; x_wconf 81' lang='lat' dir='ltr'><strong>versantes,</strong></span> <span class='ocrx_word' id='word_1_169' title='bbox 1563 2182 1817 2253; x_wconf 87' lang='lat' dir='ltr'><strong>decipere</strong></span> <span class='ocrx_word' id='word_1_170' title='bbox 1848 2191 1903 2237; x_wconf 91' lang='lat' dir='ltr'><strong>et</strong></span> <span class='ocrx_word' id='word_1_171' title='bbox 1929 2198 2026 2237; x_wconf 85' lang='lat' dir='ltr'><strong>va-</strong></span> 
     </span>
    </p>
   </div>
   <div class='ocr_carea' id='block_1_25' title="bbox 442 2275 2027 2348">
    <p class='ocr_par' dir='ltr' id='par_1_25' title="bbox 442 2275 2027 2348">
     <span class='ocr_line' id='line_1_25' title="bbox 442 2275 2027 2348; baseline 0 -18"><span class='ocrx_word' id='word_1_172' title='bbox 442 2275 582 2348; x_wconf 84' lang='lat' dir='ltr'><strong>gari,</strong></span> <span class='ocrx_word' id='word_1_173' title='bbox 611 2292 711 2331; x_wconf 88' lang='lat' dir='ltr'><strong>nec</strong></span> <span class='ocrx_word' id='word_1_174' title='bbox 729 2277 907 2331; x_wconf 84' lang='lat' dir='ltr'><strong>otiose</strong></span> <span class='ocrx_word' id='word_1_175' title='bbox 933 2283 1029 2330; x_wconf 89' lang='lat' dir='ltr'><strong>aut</strong></span> <span class='ocrx_word' id='word_1_176' title='bbox 1056 2275 1259 2330; x_wconf 80' lang='lat' dir='ltr'><strong>frustra</strong></span> <span class='ocrx_word' id='word_1_177' title='bbox 1282 2290 1397 2331; x_wconf 87' lang='lat' dir='ltr'><strong>rem</strong></span> <span class='ocrx_word' id='word_1_178' title='bbox 1425 2289 1630 2330; x_wconf 79' lang='lat' dir='ltr'><strong>serere.</strong></span> <span class='ocrx_word' id='word_1_179' title='bbox 1652 2276 1721 2327; x_wconf 84' lang='lat' dir='ltr'><strong>At</strong></span> <span class='ocrx_word' id='word_1_180' title='bbox 1737 2289 1866 2329; x_wconf 81' lang='lat' dir='ltr'><strong>vero</strong></span> <span class='ocrx_word' id='word_1_181' title='bbox 1883 2275 2027 2345; x_wconf 89' lang='lat' dir='ltr'><strong>apud</strong></span> 
     </span>
    </p>
   </div>
   <div class='ocr_carea' id='block_1_26' title="bbox 442 2364 2028 2438">
    <p class='ocr_par' dir='ltr' id='par_1_26' title="bbox 442 2364 2028 2438">
     <span class='ocr_line' id='line_1_26' title="bbox 442 2364 2028 2438; baseline -0.001 -16"><span class='ocrx_word' id='word_1_182' title='bbox 442 2383 633 2423; x_wconf 88' lang='lat' dir='ltr'><strong>omnes</strong></span> <span class='ocrx_word' id='word_1_183' title='bbox 655 2383 852 2423; x_wconf 89' lang='lat' dir='ltr'><strong>nomen</strong></span> <span class='ocrx_word' id='word_1_184' title='bbox 886 2365 1017 2424; x_wconf 86' lang='lat' dir='ltr'><strong>Jesu</strong></span> <span class='ocrx_word' id='word_1_185' title='bbox 1050 2367 1372 2438; x_wconf 70' lang='lat' dir='ltr'><strong>praedicare,</strong></span> <span class='ocrx_word' id='word_1_186' title='bbox 1396 2364 1852 2435; x_wconf 88' lang='lat' dir='ltr'><strong>admirabiliaque</strong></span> <span class='ocrx_word' id='word_1_187' title='bbox 1878 2366 2028 2421; x_wconf 90' lang='lat' dir='ltr'><strong>illius</strong></span> 
     </span>
    </p>
   </div>
   <div class='ocr_carea' id='block_1_27' title="bbox 441 2458 2029 2530">
    <p class='ocr_par' dir='ltr' id='par_1_27' title="bbox 441 2458 2029 2530">
     <span class='ocr_line' id='line_1_27' title="bbox 441 2458 2029 2530; baseline -0.001 -15"><span class='ocrx_word' id='word_1_188' title='bbox 441 2467 617 2530; x_wconf 88' lang='lat' dir='ltr'><strong>gesta,</strong></span> <span class='ocrx_word' id='word_1_189' title='bbox 647 2469 703 2515; x_wconf 89' lang='lat' dir='ltr'><strong>et</strong></span> <span class='ocrx_word' id='word_1_190' title='bbox 725 2459 782 2515; x_wconf 89' lang='lat' dir='ltr'><strong>in</strong></span> <span class='ocrx_word' id='word_1_191' title='bbox 810 2460 1045 2515; x_wconf 89' lang='lat' dir='ltr'><strong>urbibus</strong></span> <span class='ocrx_word' id='word_1_192' title='bbox 1077 2465 1133 2512; x_wconf 79' lang='lat' dir='ltr'><strong>et</strong></span> <span class='ocrx_word' id='word_1_193' title='bbox 1157 2460 1213 2512; x_wconf 87' lang='lat' dir='ltr'><strong>in</strong></span> <span class='ocrx_word' id='word_1_194' title='bbox 1239 2458 1388 2529; x_wconf 87' lang='lat' dir='ltr'><strong>agris</strong></span> <span class='ocrx_word' id='word_1_195' title='bbox 1410 2458 1610 2513; x_wconf 86' lang='lat' dir='ltr'><strong>docere</strong></span> <span class='ocrx_word' id='word_1_196' title='bbox 1635 2476 1648 2513; x_wconf 91' lang='lat'><strong>:</strong></span> <span class='ocrx_word' id='word_1_197' title='bbox 1670 2467 1726 2513; x_wconf 90' lang='lat' dir='ltr'><strong>et</strong></span> <span class='ocrx_word' id='word_1_198' title='bbox 1745 2458 1883 2514; x_wconf 86' lang='lat' dir='ltr'><strong>alios</strong></span> <span class='ocrx_word' id='word_1_199' title='bbox 1904 2459 2029 2529; x_wconf 84' lang='lat' dir='ltr'><strong>qui-</strong></span> 
     </span>
    </p>
   </div>
   <div class='ocr_carea' id='block_1_28' title="bbox 439 2548 2028 2622">
    <p class='ocr_par' dir='ltr' id='par_1_28' title="bbox 439 2548 2028 2622">
     <span class='ocr_line' id='line_1_28' title="bbox 439 2548 2028 2622; baseline -0.003 -14"><span class='ocrx_word' id='word_1_200' title='bbox 439 2553 566 2609; x_wconf 87' lang='lat' dir='ltr'><strong>dem</strong></span> <span class='ocrx_word' id='word_1_201' title='bbox 595 2567 809 2617; x_wconf 88' lang='lat' dir='ltr'><strong>eorum,</strong></span> <span class='ocrx_word' id='word_1_202' title='bbox 846 2551 1140 2622; x_wconf 89' lang='lat' dir='ltr'><strong>imperium</strong></span> <span class='ocrx_word' id='word_1_203' title='bbox 1186 2548 1532 2616; x_wconf 84' lang='lat' dir='ltr'><strong>Romanum,</strong></span> <span class='ocrx_word' id='word_1_204' title='bbox 1589 2549 1876 2620; x_wconf 87' lang='lat' dir='ltr'><strong>ipsamque</strong></span> <span class='ocrx_word' id='word_1_205' title='bbox 1909 2564 2028 2604; x_wconf 90' lang='lat' dir='ltr'><strong>om-</strong></span> 
     </span>
    </p>
   </div>
   <div class='ocr_carea' id='block_1_29' title="bbox 440 2639 2029 2713">
    <p class='ocr_par' dir='ltr' id='par_1_29' title="bbox 440 2639 2029 2713">
     <span class='ocr_line' id='line_1_29' title="bbox 440 2639 2029 2713; baseline -0.003 -14"><span class='ocrx_word' id='word_1_206' title='bbox 440 2645 596 2699; x_wconf 87' lang='lat' dir='ltr'><strong>nium</strong></span> <span class='ocrx_word' id='word_1_207' title='bbox 638 2645 858 2699; x_wconf 88' lang='lat' dir='ltr'><strong>urbium</strong></span> <span class='ocrx_word' id='word_1_208' title='bbox 906 2642 1151 2713; x_wconf 89' lang='lat' dir='ltr'><strong>reginam</strong></span> <span class='ocrx_word' id='word_1_209' title='bbox 1209 2640 1490 2696; x_wconf 83' lang='lat' dir='ltr'><strong>civitatem</strong></span> <span class='ocrx_word' id='word_1_210' title='bbox 1543 2639 1805 2696; x_wconf 82' lang='lat' dir='ltr'><strong>invadere</strong></span> <span class='ocrx_word' id='word_1_211' title='bbox 1840 2659 1854 2695; x_wconf 94' lang='lat'>:</span> <span class='ocrx_word' id='word_1_212' title='bbox 1889 2640 2029 2695; x_wconf 87' lang='lat' dir='ltr'><strong>alios</strong></span> 
     </span>
    </p>
   </div>
   <div class='ocr_carea' id='block_1_30' title="bbox 440 2732 2026 2807">
    <p class='ocr_par' dir='ltr' id='par_1_30' title="bbox 440 2732 2026 2807">
     <span class='ocr_line' id='line_1_30' title="bbox 440 2732 2026 2807; baseline -0.003 -16"><span class='ocrx_word' id='word_1_213' title='bbox 440 2736 739 2793; x_wconf 88' lang='lat' dir='ltr'><strong>Persarum</strong></span> <span class='ocrx_word' id='word_1_214' title='bbox 789 2749 1043 2807; x_wconf 87' lang='lat' dir='ltr'><strong>regnum,</strong></span> <span class='ocrx_word' id='word_1_215' title='bbox 1076 2733 1214 2789; x_wconf 90' lang='lat' dir='ltr'><strong>alios</strong></span> <span class='ocrx_word' id='word_1_216' title='bbox 1241 2732 1654 2799; x_wconf 80' lang='lat' dir='ltr'><strong>Armeniorum,</strong></span> <span class='ocrx_word' id='word_1_217' title='bbox 1698 2732 2026 2789; x_wconf 86' lang='lat' dir='ltr'><strong>Parthorum</strong></span> 
     </span>
    </p>
   </div>
   <div class='ocr_carea' id='block_1_31' title="bbox 433 2823 2027 2896">
    <p class='ocr_par' dir='ltr' id='par_1_31' title="bbox 433 2823 2027 2896">
     <span class='ocr_line' id='line_1_31' title="bbox 433 2823 2027 2896; baseline -0.001 -15"><span class='ocrx_word' id='word_1_218' title='bbox 433 2828 585 2883; x_wconf 69' lang='lat' dir='ltr'><strong>alios</strong></span> <span class='ocrx_word' id='word_1_219' title='bbox 616 2829 940 2884; x_wconf 89' lang='lat' dir='ltr'><strong>nationem:</strong></span> <span class='ocrx_word' id='word_1_220' title='bbox 993 2826 1125 2881; x_wconf 87' lang='lat' dir='ltr'><strong>item</strong></span> <span class='ocrx_word' id='word_1_221' title='bbox 1169 2825 1308 2881; x_wconf 86' lang='lat' dir='ltr'><strong>alios</strong></span> <span class='ocrx_word' id='word_1_222' title='bbox 1361 2823 1715 2896; x_wconf 82' lang='lat' dir='ltr'><strong>Scytharum,</strong></span> <span class='ocrx_word' id='word_1_223' title='bbox 1760 2825 2027 2895; x_wconf 86' lang='lat' dir='ltr'><strong>quosdam</strong></span> 
     </span>
    </p>
   </div>
   <div class='ocr_carea' id='block_1_32' title="bbox 445 2916 2028 2992">
    <p class='ocr_par' dir='ltr' id='par_1_32' title="bbox 445 2916 2028 2992">
     <span class='ocr_line' id='line_1_32' title="bbox 445 2916 2028 2992; baseline -0.002 -16"><span class='ocrx_word' id='word_1_224' title='bbox 445 2922 607 2976; x_wconf 85' lang='lat' dir='ltr'><strong>etiam</strong></span> <span class='ocrx_word' id='word_1_225' title='bbox 623 2920 691 2977; x_wconf 86' lang='lat' dir='ltr'><strong>ad</strong></span> <span class='ocrx_word' id='word_1_226' title='bbox 707 2921 859 2992; x_wconf 91' lang='lat' dir='ltr'><strong>ipsos</strong></span> <span class='ocrx_word' id='word_1_227' title='bbox 886 2920 1038 2977; x_wconf 90' lang='lat' dir='ltr'><strong>orbis</strong></span> <span class='ocrx_word' id='word_1_228' title='bbox 1053 2928 1213 2975; x_wconf 68' lang='lat' dir='ltr'><strong>terrae</strong></span> <span class='ocrx_word' id='word_1_229' title='bbox 1234 2918 1452 2975; x_wconf 75' lang='lat' dir='ltr'><strong>venisse</strong></span> <span class='ocrx_word' id='word_1_230' title='bbox 1478 2918 1634 2984; x_wconf 83' lang='lat' dir='ltr'><strong>ﬁnes,</strong></span> <span class='ocrx_word' id='word_1_231' title='bbox 1659 2916 2028 2989; x_wconf 85' lang='lat' dir='ltr'><strong>Indorumque</strong></span> 
     </span>
    </p>
   </div>
   <div class='ocr_carea' id='block_1_33' title="bbox 444 3010 2025 3086">
    <p class='ocr_par' dir='ltr' id='par_1_33' title="bbox 444 3010 2025 3086">
     <span class='ocr_line' id='line_1_33' title="bbox 444 3010 2025 3086; baseline 0.001 -19"><span class='ocrx_word' id='word_1_232' title='bbox 444 3014 723 3086; x_wconf 86' lang='lat' dir='ltr'><strong>regionem</strong></span> <span class='ocrx_word' id='word_1_233' title='bbox 758 3019 1115 3085; x_wconf 87' lang='lat' dir='ltr'><strong>penetrasse:</strong></span> <span class='ocrx_word' id='word_1_234' title='bbox 1168 3012 1309 3068; x_wconf 91' lang='lat' dir='ltr'><strong>alios</strong></span> <span class='ocrx_word' id='word_1_235' title='bbox 1346 3026 1512 3082; x_wconf 91' lang='lat' dir='ltr'><strong>porro</strong></span> <span class='ocrx_word' id='word_1_236' title='bbox 1544 3021 1698 3068; x_wconf 90' lang='lat' dir='ltr'><strong>trans</strong></span> <span class='ocrx_word' id='word_1_237' title='bbox 1745 3010 2025 3069; x_wconf 86' lang='lat' dir='ltr'><strong>Oceanum</strong></span> 
     </span>
    </p>
   </div>
   <div class='ocr_carea' id='block_1_34' title="bbox 446 3103 2099 3187">
    <p class='ocr_par' dir='ltr' id='par_1_34' title="bbox 446 3103 2099 3187">
     <span class='ocr_line' id='line_1_34' title="bbox 446 3103 2099 3187; baseline -0.002 -26"><span class='ocrx_word' id='word_1_238' title='bbox 446 3107 713 3170; x_wconf 89' lang='lat' dir='ltr'><strong>evasisse,</strong></span> <span class='ocrx_word' id='word_1_239' title='bbox 746 3104 817 3159; x_wconf 87' lang='lat' dir='ltr'><strong>ad</strong></span> <span class='ocrx_word' id='word_1_240' title='bbox 849 3118 944 3160; x_wconf 90' lang='lat' dir='ltr'><strong>eas</strong></span> <span class='ocrx_word' id='word_1_241' title='bbox 967 3104 1179 3159; x_wconf 88' lang='lat' dir='ltr'><strong>insulas</strong></span> <span class='ocrx_word' id='word_1_242' title='bbox 1206 3119 1328 3174; x_wconf 78' lang='lat' dir='ltr'><strong>quae</strong></span> <span class='ocrx_word' id='word_1_243' title='bbox 1365 3103 1695 3159; x_wconf 67' lang='lat' dir='ltr'><strong>Britannicas</strong></span> <span class='ocrx_word' id='word_1_244' title='bbox 1711 3111 1982 3161; x_wconf 85' lang='lat' dir='ltr'><strong>vocantur</strong></span> <span class='ocrx_word' id='word_1_245' title='bbox 2009 3122 2022 3158; x_wconf 89' lang='lat'><strong>:</strong></span> <span class='ocrx_word' id='word_1_246' title='bbox 2056 3129 2099 3187; x_wconf 66' lang='grc' dir='ltr'>α</span> 
     </span>
    </p>
   </div>
   <div class='ocr_carea' id='block_1_35' title="bbox 447 3188 2031 3262">
    <p class='ocr_par' dir='ltr' id='par_1_35' title="bbox 447 3188 2031 3262">
     <span class='ocr_line' id='line_1_35' title="bbox 447 3188 2031 3262; baseline -0.003 -13"><span class='ocrx_word' id='word_1_247' title='bbox 447 3193 567 3250; x_wconf 69' lang='lat' dir='ltr'><strong>haec</strong></span> <span class='ocrx_word' id='word_1_248' title='bbox 591 3208 726 3249; x_wconf 84' lang='lat' dir='ltr'><strong>sane</strong></span> <span class='ocrx_word' id='word_1_249' title='bbox 754 3205 857 3262; x_wconf 86' lang='lat' dir='ltr'><strong>ego</strong></span> <span class='ocrx_word' id='word_1_250' title='bbox 886 3205 1166 3261; x_wconf 89' lang='lat' dir='ltr'><strong>nunquam</strong></span> <span class='ocrx_word' id='word_1_251' title='bbox 1218 3189 1457 3243; x_wconf 86' lang='lat' dir='ltr'><strong>humana</strong></span> <span class='ocrx_word' id='word_1_252' title='bbox 1480 3190 1533 3245; x_wconf 93' lang='lat' dir='ltr'><strong>vi</strong></span> <span class='ocrx_word' id='word_1_253' title='bbox 1569 3188 1761 3245; x_wconf 71' lang='lat' dir='ltr'><strong>affecta</strong></span> <span class='ocrx_word' id='word_1_254' title='bbox 1805 3198 2031 3260; x_wconf 87' lang='lat' dir='ltr'><strong>putave-</strong></span> 
     </span>
    </p>
   </div>
   <div class='ocr_carea' id='block_1_36' title="bbox 445 3282 2029 3355">
    <p class='ocr_par' dir='ltr' id='par_1_36' title="bbox 445 3282 2029 3355">
     <span class='ocr_line' id='line_1_36' title="bbox 445 3282 2029 3355; baseline -0.004 -12"><span class='ocrx_word' id='word_1_255' title='bbox 445 3287 578 3351; x_wconf 88' lang='lat' dir='ltr'><strong>rim,</strong></span> <span class='ocrx_word' id='word_1_256' title='bbox 600 3286 802 3342; x_wconf 91' lang='lat' dir='ltr'><strong>nedum</strong></span> <span class='ocrx_word' id='word_1_257' title='bbox 830 3293 1030 3340; x_wconf 86' lang='lat' dir='ltr'><strong>conatu</strong></span> <span class='ocrx_word' id='word_1_258' title='bbox 1064 3282 1266 3339; x_wconf 88' lang='lat' dir='ltr'><strong>levium</strong></span> <span class='ocrx_word' id='word_1_259' title='bbox 1281 3283 1701 3355; x_wconf 82' lang='lat' dir='ltr'><strong>vulgariumque</strong></span> <span class='ocrx_word' id='word_1_260' title='bbox 1721 3282 2029 3350; x_wconf 89' lang='lat' dir='ltr'><strong>hominum,</strong></span> 
     </span>
    </p>
   </div>
   <div class='ocr_carea' id='block_1_37' title="bbox 452 3373 2028 3450">
    <p class='ocr_par' dir='ltr' id='par_1_37' title="bbox 452 3373 2028 3450">
     <span class='ocr_line' id='line_1_37' title="bbox 452 3373 2028 3450; baseline -0.003 -16"><span class='ocrx_word' id='word_1_261' title='bbox 452 3378 610 3450; x_wconf 79' lang='lat' dir='ltr'><strong>n3</strong></span> <span class='ocrx_word' id='word_1_262' title='bbox 646 3377 925 3434; x_wconf 13' lang='lat' dir='ltr'><strong>acrmulto</strong></span> <span class='ocrx_word' id='word_1_263' title='bbox 976 3377 1159 3431; x_wconf 89' lang='lat' dir='ltr'><strong>minus</strong></span> <span class='ocrx_word' id='word_1_264' title='bbox 1208 3375 1585 3442; x_wconf 80' lang='lat' dir='ltr'><strong>seducmrum,</strong></span> <span class='ocrx_word' id='word_1_265' title='bbox 1622 3373 2028 3445; x_wconf 67' lang='lat' dir='ltr'><strong>praestigiisque</strong></span> 
     </span>
    </p>
   </div>
   <div class='ocr_carea' id='block_1_38' title="bbox 447 3466 2033 3539">
    <p class='ocr_par' dir='ltr' id='par_1_38' title="bbox 447 3466 2033 3539">
     <span class='ocr_line' id='line_1_38' title="bbox 447 3466 2033 3539; baseline -0.004 -12"><span class='ocrx_word' id='word_1_266' title='bbox 447 3473 738 3528; x_wconf 89' lang='lat' dir='ltr'><strong>utentium.</strong></span> <span class='ocrx_word' id='word_1_267' title='bbox 769 3469 875 3537; x_wconf 86' lang='lat' dir='ltr'><strong>Qui</strong></span> <span class='ocrx_word' id='word_1_268' title='bbox 917 3484 1047 3525; x_wconf 84' lang='lat' dir='ltr'><strong>vero</strong></span> <span class='ocrx_word' id='word_1_269' title='bbox 1100 3467 1453 3539; x_wconf 87' lang='lat' dir='ltr'><strong>ﬂagitiosum,</strong></span> <span class='ocrx_word' id='word_1_270' title='bbox 1500 3474 1896 3538; x_wconf 89' lang='lat' dir='ltr'><strong>versutumque</strong></span> <span class='ocrx_word' id='word_1_271' title='bbox 1928 3466 2033 3521; x_wconf 85' lang='lat' dir='ltr'><strong>du-</strong></span> 
     </span>
    </p>
   </div>
   <div class='ocr_carea' id='block_1_39' title="bbox 447 3555 2075 3632">
    <p class='ocr_par' dir='ltr' id='par_1_39' title="bbox 447 3555 2075 3632">
     <span class='ocr_line' id='line_1_39' title="bbox 447 3555 2075 3632; baseline -0.007 -13"><span class='ocrx_word' id='word_1_272' title='bbox 447 3572 656 3619; x_wconf 91' lang='lat' dir='ltr'><strong>ctorem</strong></span> <span class='ocrx_word' id='word_1_273' title='bbox 689 3559 901 3632; x_wconf 79' lang='lat' dir='ltr'><strong>experti</strong></span> <span class='ocrx_word' id='word_1_274' title='bbox 931 3566 1137 3624; x_wconf 89' lang='lat' dir='ltr'><strong>essent,</strong></span> <span class='ocrx_word' id='word_1_275' title='bbox 1180 3566 1234 3613; x_wconf 88' lang='lat' dir='ltr'><strong>et</strong></span> <span class='ocrx_word' id='word_1_276' title='bbox 1256 3559 1376 3628; x_wconf 93' lang='lat' dir='ltr'><strong>ejus</strong></span> <span class='ocrx_word' id='word_1_277' title='bbox 1435 3557 1642 3613; x_wconf 80' lang='lat' dir='ltr'><strong>exitum</strong></span> <span class='ocrx_word' id='word_1_278' title='bbox 1687 3556 1814 3611; x_wconf 69' lang='lat' dir='ltr'><strong>vita:</strong></span> <span class='ocrx_word' id='word_1_279' title='bbox 1863 3555 2029 3610; x_wconf 87' lang='lat' dir='ltr'><strong>talem</strong></span> <span class='ocrx_word' id='word_1_280' title='bbox 2069 3610 2075 3615; x_wconf 61' lang='grc'><strong>,</strong></span> 
     </span>
    </p>
   </div>
   <div class='ocr_carea' id='block_1_40' title="bbox 447 3650 2032 3728">
    <p class='ocr_par' dir='ltr' id='par_1_40' title="bbox 447 3650 2032 3728">
     <span class='ocr_line' id='line_1_40' title="bbox 447 3650 2032 3728; baseline -0.005 -18"><span class='ocrx_word' id='word_1_281' title='bbox 447 3655 876 3728; x_wconf 75' lang='lat' dir='ltr'><strong>perspexissent,</strong></span> <span class='ocrx_word' id='word_1_282' title='bbox 930 3653 1132 3723; x_wconf 88' lang='lat' dir='ltr'><strong>quibus</strong></span> <span class='ocrx_word' id='word_1_283' title='bbox 1181 3651 1400 3706; x_wconf 88' lang='lat' dir='ltr'><strong>tandem</strong></span> <span class='ocrx_word' id='word_1_284' title='bbox 1444 3650 1629 3706; x_wconf 89' lang='lat' dir='ltr'><strong>verbis</strong></span> <span class='ocrx_word' id='word_1_285' title='bbox 1675 3662 2032 3719; x_wconf 84' lang='lat' dir='ltr'><strong>assequeren—</strong></span> 
     </span>
    </p>
   </div>
   <div class='ocr_carea' id='block_1_41' title="bbox 446 3741 2029 3814">
    <p class='ocr_par' dir='ltr' id='par_1_41' title="bbox 446 3741 2029 3814">
     <span class='ocr_line' id='line_1_41' title="bbox 446 3741 2029 3814; baseline -0.004 -12"><span class='ocrx_word' id='word_1_286' title='bbox 446 3758 559 3813; x_wconf 86' lang='lat' dir='ltr'><strong>tur,</strong></span> <span class='ocrx_word' id='word_1_287' title='bbox 592 3755 651 3802; x_wconf 91' lang='lat' dir='ltr'><strong>ut</strong></span> <span class='ocrx_word' id='word_1_288' title='bbox 685 3748 833 3803; x_wconf 90' lang='lat' dir='ltr'><strong>inter</strong></span> <span class='ocrx_word' id='word_1_289' title='bbox 864 3761 925 3802; x_wconf 88' lang='lat' dir='ltr'><strong>se</strong></span> <span class='ocrx_word' id='word_1_290' title='bbox 952 3745 1020 3801; x_wconf 93' lang='lat' dir='ltr'><strong>de</strong></span> <span class='ocrx_word' id='word_1_291' title='bbox 1064 3745 1159 3800; x_wconf 93' lang='lat' dir='ltr'><strong>illo</strong></span> <span class='ocrx_word' id='word_1_292' title='bbox 1194 3750 1564 3800; x_wconf 89' lang='lat' dir='ltr'><strong>consentanea</strong></span> <span class='ocrx_word' id='word_1_293' title='bbox 1602 3741 1907 3814; x_wconf 83' lang='lat' dir='ltr'><strong>ﬁngerent?</strong></span> <span class='ocrx_word' id='word_1_294' title='bbox 1950 3742 2029 3797; x_wconf 89' lang='lat' dir='ltr'><strong>si-</strong></span> 
     </span>
    </p>
   </div>
   <div class='ocr_carea' id='block_1_42' title="bbox 446 3830 2026 3909">
    <p class='ocr_par' dir='ltr' id='par_1_42' title="bbox 446 3830 2026 3909">
     <span class='ocr_line' id='line_1_42' title="bbox 446 3830 2026 3909; baseline -0.004 -16"><span class='ocrx_word' id='word_1_295' title='bbox 446 3836 667 3909; x_wconf 90' lang='lat' dir='ltr'><strong>quidem</strong></span> <span class='ocrx_word' id='word_1_296' title='bbox 698 3850 807 3891; x_wconf 92' lang='lat' dir='ltr'><strong>uno</strong></span> <span class='ocrx_word' id='word_1_297' title='bbox 836 3850 931 3891; x_wconf 92' lang='lat' dir='ltr'><strong>ore</strong></span> <span class='ocrx_word' id='word_1_298' title='bbox 963 3850 1155 3891; x_wconf 91' lang='lat' dir='ltr'><strong>omnes</strong></span> <span class='ocrx_word' id='word_1_299' title='bbox 1185 3842 1241 3889; x_wconf 92' lang='lat' dir='ltr'><strong>et</strong></span> <span class='ocrx_word' id='word_1_300' title='bbox 1276 3834 1619 3904; x_wconf 89' lang='lat' dir='ltr'><strong>leprosorum</strong></span> <span class='ocrx_word' id='word_1_301' title='bbox 1650 3830 2026 3903; x_wconf 86' lang='lat' dir='ltr'><strong>purgationes,</strong></span> 
     </span>
    </p>
   </div>
   <div class='ocr_carea' id='block_1_43' title="bbox 446 3924 2028 4002">
    <p class='ocr_par' dir='ltr' id='par_1_43' title="bbox 446 3924 2028 4002">
     <span class='ocr_line' id='line_1_43' title="bbox 446 3924 2028 4002; baseline -0.007 -15"><span class='ocrx_word' id='word_1_302' title='bbox 446 3942 502 3987; x_wconf 89' lang='lat' dir='ltr'><strong>et</strong></span> <span class='ocrx_word' id='word_1_303' title='bbox 558 3930 856 4002; x_wconf 81' lang='lat' dir='ltr'><strong>ejectiones</strong></span> <span class='ocrx_word' id='word_1_304' title='bbox 897 3929 1226 3996; x_wconf 65' lang='lat' dir='ltr'><strong>daemonum,</strong></span> <span class='ocrx_word' id='word_1_305' title='bbox 1263 3935 1318 3980; x_wconf 92' lang='lat' dir='ltr'><strong>et</strong></span> <span class='ocrx_word' id='word_1_306' title='bbox 1370 3924 1730 3980; x_wconf 82' lang='lat' dir='ltr'><strong>excitationes</strong></span> <span class='ocrx_word' id='word_1_307' title='bbox 1781 3930 2028 3977; x_wconf 86' lang='lat' dir='ltr'><strong>mortuo-</strong></span> 
     </span>
    </p>
   </div>
   <div class='ocr_carea' id='block_1_44' title="bbox 445 4015 2027 4088">
    <p class='ocr_par' dir='ltr' id='par_1_44' title="bbox 445 4015 2027 4088">
     <span class='ocr_line' id='line_1_44' title="bbox 445 4015 2027 4088; baseline -0.006 -8"><span class='ocrx_word' id='word_1_308' title='bbox 445 4039 591 4088; x_wconf 85' lang='lat' dir='ltr'><strong>rum,</strong></span> <span class='ocrx_word' id='word_1_309' title='bbox 611 4032 666 4080; x_wconf 89' lang='lat' dir='ltr'><strong>et</strong></span> <span class='ocrx_word' id='word_1_310' title='bbox 695 4036 964 4079; x_wconf 61' lang='lat' dir='ltr'><strong>caecorum</strong></span> <span class='ocrx_word' id='word_1_311' title='bbox 996 4021 1332 4082; x_wconf 90' lang='lat' dir='ltr'><strong>sanationes,</strong></span> <span class='ocrx_word' id='word_1_312' title='bbox 1353 4024 1408 4071; x_wconf 90' lang='lat' dir='ltr'><strong>et</strong></span> <span class='ocrx_word' id='word_1_313' title='bbox 1434 4015 1861 4071; x_wconf 89' lang='lat' dir='ltr'><strong>innumerabiles</strong></span> <span class='ocrx_word' id='word_1_314' title='bbox 1890 4016 2027 4071; x_wconf 86' lang='lat' dir='ltr'><strong>alias</strong></span> 
     </span>
    </p>
   </div>
   <div class='ocr_carea' id='block_1_45' title="bbox 446 4106 2030 4185">
    <p class='ocr_par' dir='ltr' id='par_1_45' title="bbox 446 4106 2030 4185">
     <span class='ocr_line' id='line_1_45' title="bbox 446 4106 2030 4185; baseline -0.006 -15"><span class='ocrx_word' id='word_1_315' title='bbox 446 4114 827 4185; x_wconf 64' lang='lat' dir='ltr'><strong>mgrotantium</strong></span> <span class='ocrx_word' id='word_1_316' title='bbox 866 4111 1130 4174; x_wconf 88' lang='lat' dir='ltr'><strong>medelas,</strong></span> <span class='ocrx_word' id='word_1_317' title='bbox 1161 4122 1299 4178; x_wconf 87' lang='lat' dir='ltr'><strong>quas</strong></span> <span class='ocrx_word' id='word_1_318' title='bbox 1330 4108 1421 4163; x_wconf 90' lang='lat' dir='ltr'><strong>ille</strong></span> <span class='ocrx_word' id='word_1_319' title='bbox 1451 4106 1805 4177; x_wconf 66' lang='lat' dir='ltr'><strong>praestiterat,</strong></span> <span class='ocrx_word' id='word_1_320' title='bbox 1835 4106 2030 4161; x_wconf 80' lang='lat' dir='ltr'><strong>testiﬁ-</strong></span> 
     </span>
    </p>
   </div>
   <div class='ocr_carea' id='block_1_46' title="bbox 445 4197 2027 4276">
    <p class='ocr_par' dir='ltr' id='par_1_46' title="bbox 445 4197 2027 4276">
     <span class='ocr_line' id='line_1_46' title="bbox 445 4197 2027 4276; baseline -0.008 -11"><span class='ocrx_word' id='word_1_321' title='bbox 445 4209 743 4273; x_wconf 88' lang='lat' dir='ltr'><strong>cabantur;</strong></span> <span class='ocrx_word' id='word_1_322' title='bbox 790 4215 1241 4276; x_wconf 89' lang='lat' dir='ltr'><strong>postremumque</strong></span> <span class='ocrx_word' id='word_1_323' title='bbox 1290 4200 1571 4263; x_wconf 88' lang='lat' dir='ltr'><strong>omnium,</strong></span> <span class='ocrx_word' id='word_1_324' title='bbox 1633 4197 1781 4269; x_wconf 90' lang='lat' dir='ltr'><strong>quod</strong></span> <span class='ocrx_word' id='word_1_325' title='bbox 1834 4197 2027 4267; x_wconf 86' lang='lat' dir='ltr'><strong>primis</strong></span> 
     </span>
    </p>
   </div>
   <div class='ocr_carea' id='block_1_47' title="bbox 448 4290 2022 4370">
    <p class='ocr_par' dir='ltr' id='par_1_47' title="bbox 448 4290 2022 4370">
     <span class='ocr_line' id='line_1_47' title="bbox 448 4290 2022 4370; baseline -0.006 -14"><span class='ocrx_word' id='word_1_326' title='bbox 448 4301 555 4356; x_wconf 89' lang='lat' dir='ltr'><strong>sibi</strong></span> <span class='ocrx_word' id='word_1_327' title='bbox 589 4308 718 4370; x_wconf 87' lang='lat' dir='ltr'><strong>post</strong></span> <span class='ocrx_word' id='word_1_328' title='bbox 758 4301 1015 4358; x_wconf 87' lang='lat' dir='ltr'><strong>mortem,</strong></span> <span class='ocrx_word' id='word_1_329' title='bbox 1049 4292 1259 4348; x_wconf 87' lang='lat' dir='ltr'><strong>reditus</strong></span> <span class='ocrx_word' id='word_1_330' title='bbox 1289 4292 1437 4347; x_wconf 91' lang='lat' dir='ltr'><strong>illius</strong></span> <span class='ocrx_word' id='word_1_331' title='bbox 1468 4293 1522 4347; x_wconf 92' lang='lat' dir='ltr'><strong>in</strong></span> <span class='ocrx_word' id='word_1_332' title='bbox 1558 4292 1726 4346; x_wconf 88' lang='lat' dir='ltr'><strong>vitam</strong></span> <span class='ocrx_word' id='word_1_333' title='bbox 1754 4290 1827 4346; x_wconf 91' lang='lat' dir='ltr'><strong>sit</strong></span> <span class='ocrx_word' id='word_1_334' title='bbox 1850 4292 2022 4347; x_wconf 83' lang='lat' dir='ltr'><strong>visus.</strong></span> 
     </span>
    </p>
   </div>
   <div class='ocr_carea' id='block_1_48' title="bbox 446 4384 2026 4460">
    <p class='ocr_par' dir='ltr' id='par_1_48' title="bbox 446 4384 2026 4460">
     <span class='ocr_line' id='line_1_48' title="bbox 446 4384 2026 4460; baseline -0.005 -14"><span class='ocrx_word' id='word_1_335' title='bbox 446 4391 576 4447; x_wconf 86' lang='lat' dir='ltr'><strong>Haec</strong></span> <span class='ocrx_word' id='word_1_336' title='bbox 600 4391 806 4460; x_wconf 84' lang='lat' dir='ltr'><strong>itaque,</strong></span> <span class='ocrx_word' id='word_1_337' title='bbox 838 4402 1017 4457; x_wconf 88' lang='lat' dir='ltr'><strong>neque</strong></span> <span class='ocrx_word' id='word_1_338' title='bbox 1041 4387 1182 4441; x_wconf 88' lang='lat' dir='ltr'><strong>facta</strong></span> <span class='ocrx_word' id='word_1_339' title='bbox 1213 4400 1393 4456; x_wconf 87' lang='lat' dir='ltr'><strong>neque</strong></span> <span class='ocrx_word' id='word_1_340' title='bbox 1417 4384 1600 4439; x_wconf 90' lang='lat' dir='ltr'><strong>audita</strong></span> <span class='ocrx_word' id='word_1_341' title='bbox 1635 4397 1877 4453; x_wconf 84' lang='lat' dir='ltr'><strong>unquam</strong></span> <span class='ocrx_word' id='word_1_342' title='bbox 1910 4384 2026 4439; x_wconf 89' lang='lat' dir='ltr'><strong>suis</strong></span> 
     </span>
    </p>
   </div>
   <div class='ocr_carea' id='block_1_49' title="bbox 2132 527 3709 600">
    <p class='ocr_par' dir='ltr' id='par_1_49' title="bbox 2132 527 3709 600">
     <span class='ocr_line' id='line_1_49' title="bbox 2132 527 3709 600; baseline 0.006 -23"><span class='ocrx_word' id='word_1_343' title='bbox 2132 540 2260 590; x_wconf 89' lang='grc' dir='ltr'>σαι;</span> <span class='ocrx_word' id='word_1_344' title='bbox 2298 527 2425 597; x_wconf 81' lang='grc' dir='ltr'>ποίᾳ</span> <span class='ocrx_word' id='word_1_345' title='bbox 2470 527 2526 581; x_wconf 84' lang='grc' dir='ltr'>δὲ</span> <span class='ocrx_word' id='word_1_346' title='bbox 2557 527 2785 598; x_wconf 80' lang='grc' dir='ltr'><strong>δυνάμει</strong></span> <span class='ocrx_word' id='word_1_347' title='bbox 2827 528 2887 581; x_wconf 85' lang='grc' dir='ltr'><strong>τὸ</strong></span> <span class='ocrx_word' id='word_1_348' title='bbox 2923 528 3269 600; x_wconf 83' lang='grc' dir='ltr'>ἐπιχειρηθὲν</span> <span class='ocrx_word' id='word_1_349' title='bbox 3293 528 3709 599; x_wconf 76' lang='grc' dir='ltr'>’κατώρθωσανς</span> 
     </span>
    </p>
   </div>
   <div class='ocr_carea' id='block_1_50' title="bbox 2133 615 3711 697">
    <p class='ocr_par' dir='ltr' id='par_1_50' title="bbox 2133 615 3711 697">
     <span class='ocr_line' id='line_1_50' title="bbox 2133 615 3711 697; baseline 0.007 -30"><span class='ocrx_word' id='word_1_350' title='bbox 2133 615 2316 669; x_wconf 84' lang='grc' dir='ltr'><strong>Ἔστω</strong></span> <span class='ocrx_word' id='word_1_351' title='bbox 2366 618 2476 689; x_wconf 83' lang='grc' dir='ltr'>γὰρ</span> <span class='ocrx_word' id='word_1_352' title='bbox 2531 620 2625 672; x_wconf 76' lang='grc' dir='ltr'><strong>ἐπὶ</strong></span> <span class='ocrx_word' id='word_1_353' title='bbox 2679 620 2778 689; x_wconf 85' lang='grc' dir='ltr'>τῆς</span> <span class='ocrx_word' id='word_1_354' title='bbox 2831 619 3038 682; x_wconf 83' lang='grc' dir='ltr'>οἰκείας</span> <span class='ocrx_word' id='word_1_355' title='bbox 3094 620 3199 690; x_wconf 80' lang='grc' dir='ltr'>γῆς</span> <span class='ocrx_word' id='word_1_356' title='bbox 3262 620 3711 697; x_wconf 76' lang='grc' dir='ltr'>καλινδουμένους</span> 
     </span>
    </p>
   </div>
   <div class='ocr_carea' id='block_1_51' title="bbox 2130 709 3708 787">
    <p class='ocr_par' dir='ltr' id='par_1_51' title="bbox 2130 709 3708 787">
     <span class='ocr_line' id='line_1_51' title="bbox 2130 709 3708 787; baseline 0.005 -26"><span class='ocrx_word' id='word_1_357' title='bbox 2130 709 2421 780; x_wconf 78' lang='grc' dir='ltr'><strong>ἀγροίκους</strong></span> <span class='ocrx_word' id='word_1_358' title='bbox 2451 710 2650 781; x_wconf 81' lang='grc' dir='ltr'>ἄνδρας</span> <span class='ocrx_word' id='word_1_359' title='bbox 2673 711 2880 782; x_wconf 76' lang='grc' dir='ltr'>πλανᾷν</span> <span class='ocrx_word' id='word_1_360' title='bbox 2910 712 3003 765; x_wconf 74' lang='grc' dir='ltr'>καὶ</span> <span class='ocrx_word' id='word_1_361' title='bbox 3030 710 3355 779; x_wconf 76' lang='grc' dir='ltr'>πλανᾶσθαι,</span> <span class='ocrx_word' id='word_1_362' title='bbox 3388 713 3482 767; x_wconf 84' lang='grc' dir='ltr'>καὶ</span> <span class='ocrx_word' id='word_1_363' title='bbox 3510 714 3585 785; x_wconf 79' lang='grc' dir='ltr'>μὴ</span> <span class='ocrx_word' id='word_1_364' title='bbox 3624 718 3708 787; x_wconf 81' lang='grc' dir='ltr'>ἐφ’</span> 
     </span>
    </p>
   </div>
   <div class='ocr_carea' id='block_1_52' title="bbox 2128 801 3706 875">
    <p class='ocr_par' dir='ltr' id='par_1_52' title="bbox 2128 801 3706 875">
     <span class='ocr_line' id='line_1_52' title="bbox 2128 801 3706 875; baseline 0.001 -19"><span class='ocrx_word' id='word_1_365' title='bbox 2128 803 2358 875; x_wconf 80' lang='grc' dir='ltr'><strong>ἡσυχίας</strong></span> <span class='ocrx_word' id='word_1_366' title='bbox 2387 801 2671 872; x_wconf 78' lang='grc' dir='ltr'><strong>βάλλεσθαι</strong></span> <span class='ocrx_word' id='word_1_367' title='bbox 2694 802 2756 854; x_wconf 76' lang='grc' dir='ltr'>τὸ</span> <span class='ocrx_word' id='word_1_368' title='bbox 2783 802 3041 872; x_wconf 78' lang='grc' dir='ltr'>πρᾶγμα·</span> <span class='ocrx_word' id='word_1_369' title='bbox 3078 801 3368 873; x_wconf 78' lang='grc' dir='ltr'><strong>κηρύττειν</strong></span> <span class='ocrx_word' id='word_1_370' title='bbox 3396 802 3439 855; x_wconf 73' lang='grc' dir='ltr'>δ’</span> <span class='ocrx_word' id='word_1_371' title='bbox 3467 806 3547 867; x_wconf 78' lang='grc' dir='ltr'><strong>εἰς</strong></span> <span class='ocrx_word' id='word_1_372' title='bbox 3575 805 3706 859; x_wconf 87' lang='grc' dir='ltr'>πάν-</span> 
     </span>
    </p>
   </div>
   <div class='ocr_carea' id='block_1_53' title="bbox 2125 892 3708 968">
    <p class='ocr_par' dir='ltr' id='par_1_53' title="bbox 2125 892 3708 968">
     <span class='ocr_line' id='line_1_53' title="bbox 2125 892 3708 968; baseline 0.001 -20"><span class='ocrx_word' id='word_1_373' title='bbox 2125 912 2226 959; x_wconf 94' lang='grc' dir='ltr'><strong>τας</strong></span> <span class='ocrx_word' id='word_1_374' title='bbox 2243 892 2412 948; x_wconf 86' lang='grc' dir='ltr'><strong>τὸτοῦ</strong></span> <span class='ocrx_word' id='word_1_375' title='bbox 2453 893 2625 963; x_wconf 77' lang='grc' dir='ltr'>’1ησοῦ</span> <span class='ocrx_word' id='word_1_376' title='bbox 2653 894 2844 964; x_wconf 74' lang='grc' dir='ltr'>ὄνομα,</span> <span class='ocrx_word' id='word_1_377' title='bbox 2874 895 2968 947; x_wconf 78' lang='grc' dir='ltr'><strong>καὶ</strong></span> <span class='ocrx_word' id='word_1_378' title='bbox 2992 894 3090 957; x_wconf 76' lang='grc' dir='ltr'>τὰς</span> <span class='ocrx_word' id='word_1_379' title='bbox 3124 894 3457 966; x_wconf 76' lang='grc' dir='ltr'>παραδόξους</span> <span class='ocrx_word' id='word_1_380' title='bbox 3484 895 3708 968; x_wconf 78' lang='grc' dir='ltr'>πράξεις</span> 
     </span>
    </p>
   </div>
   <div class='ocr_carea' id='block_1_54' title="bbox 2127 987 3704 1058">
    <p class='ocr_par' dir='ltr' id='par_1_54' title="bbox 2127 987 3704 1058">
     <span class='ocr_line' id='line_1_54' title="bbox 2127 987 3704 1058; baseline 0.001 -16"><span class='ocrx_word' id='word_1_381' title='bbox 2127 988 2292 1043; x_wconf 83' lang='grc' dir='ltr'>αὐτοῦ</span> <span class='ocrx_word' id='word_1_382' title='bbox 2336 987 2480 1041; x_wconf 87' lang='grc' dir='ltr'>κατά</span> <span class='ocrx_word' id='word_1_383' title='bbox 2520 1004 2582 1040; x_wconf 90' lang='grc' dir='ltr'><strong>τε</strong></span> <span class='ocrx_word' id='word_1_384' title='bbox 2625 987 2828 1058; x_wconf 79' lang='grc' dir='ltr'>ἀγροὺς</span> <span class='ocrx_word' id='word_1_385' title='bbox 2864 987 2961 1041; x_wconf 77' lang='grc' dir='ltr'><strong>καὶ</strong></span> <span class='ocrx_word' id='word_1_386' title='bbox 3017 987 3159 1041; x_wconf 84' lang='grc' dir='ltr'>κατὰ</span> <span class='ocrx_word' id='word_1_387' title='bbox 3202 988 3356 1041; x_wconf 78' lang='grc' dir='ltr'>πόλιν</span> <span class='ocrx_word' id='word_1_388' title='bbox 3401 989 3704 1044; x_wconf 59' lang='grc' dir='ltr'>διδάσκειν</span> 
     </span>
    </p>
   </div>
   <div class='ocr_carea' id='block_1_55' title="bbox 2128 1059 3708 1154">
    <p class='ocr_par' dir='ltr' id='par_1_55' title="bbox 2128 1059 3708 1154">
     <span class='ocr_line' id='line_1_55' title="bbox 2128 1059 3708 1154; baseline 0.003 -21"><span class='ocrx_word' id='word_1_389' title='bbox 2128 1080 2369 1143; x_wconf 73' lang='grc' dir='ltr'>καὶτοὺς</span> <span class='ocrx_word' id='word_1_390' title='bbox 2400 1079 2501 1151; x_wconf 87' lang='grc' dir='ltr'><strong>μὲν</strong></span> <span class='ocrx_word' id='word_1_391' title='bbox 2533 1079 2712 1132; x_wconf 77' lang='grc' dir='ltr'>αὐτῶν</span> <span class='ocrx_word' id='word_1_392' title='bbox 2750 1079 2847 1151; x_wconf 82' lang='grc' dir='ltr'>τὴν</span> <span class='ocrx_word' id='word_1_393' title='bbox 2884 1079 3171 1151; x_wconf 86' lang='grc' dir='ltr'>Ῥωμαίων</span> <span class='ocrx_word' id='word_1_394' title='bbox 3194 1081 3369 1153; x_wconf 79' lang='grc' dir='ltr'>ἀρχὴν</span> <span class='ocrx_word' id='word_1_395' title='bbox 3401 1084 3496 1137; x_wconf 78' lang='grc' dir='ltr'>καὶ</span> <span class='ocrx_word' id='word_1_396' title='bbox 3537 1059 3708 1154; x_wconf 69' lang='grc' dir='ltr'>αὑτήδ</span> 
     </span>
    </p>
   </div>
   <div class='ocr_carea' id='block_1_56' title="bbox 2125 1171 3707 1247">
    <p class='ocr_par' dir='ltr' id='par_1_56' title="bbox 2125 1171 3707 1247">
     <span class='ocr_line' id='line_1_56' title="bbox 2125 1171 3707 1247; baseline 0.002 -21"><span class='ocrx_word' id='word_1_397' title='bbox 2125 1189 2186 1226; x_wconf 81' lang='grc' dir='ltr'><strong>τε</strong></span> <span class='ocrx_word' id='word_1_398' title='bbox 2227 1172 2328 1244; x_wconf 78' lang='grc' dir='ltr'>τὴν</span> <span class='ocrx_word' id='word_1_399' title='bbox 2365 1171 2796 1242; x_wconf 80' lang='grc' dir='ltr'>βασιλικωτάτην</span> <span class='ocrx_word' id='word_1_400' title='bbox 2828 1172 2982 1225; x_wconf 80' lang='grc' dir='ltr'>πόλιν</span> <span class='ocrx_word' id='word_1_401' title='bbox 3027 1172 3337 1243; x_wconf 79' lang='grc' dir='ltr'>νείμασθαι,</span> <span class='ocrx_word' id='word_1_402' title='bbox 3370 1175 3497 1239; x_wconf 73' lang='grc' dir='ltr'>τοὺς</span> <span class='ocrx_word' id='word_1_403' title='bbox 3519 1175 3577 1228; x_wconf 85' lang='grc' dir='ltr'>δὲ</span> <span class='ocrx_word' id='word_1_404' title='bbox 3608 1178 3707 1247; x_wconf 84' lang='grc' dir='ltr'>τὴν</span> 
     </span>
    </p>
   </div>
   <div class='ocr_carea' id='block_1_57' title="bbox 2127 1261 3708 1337">
    <p class='ocr_par' dir='ltr' id='par_1_57' title="bbox 2127 1261 3708 1337">
     <span class='ocr_line' id='line_1_57' title="bbox 2127 1261 3708 1337; baseline 0.004 -23"><span class='ocrx_word' id='word_1_405' title='bbox 2127 1261 2375 1333; x_wconf 85' lang='grc' dir='ltr'>Περσῶν,</span> <span class='ocrx_word' id='word_1_406' title='bbox 2400 1264 2524 1325; x_wconf 77' lang='grc' dir='ltr'>τοὺς</span> <span class='ocrx_word' id='word_1_407' title='bbox 2550 1261 2605 1314; x_wconf 77' lang='grc' dir='ltr'>δὲ</span> <span class='ocrx_word' id='word_1_408' title='bbox 2633 1263 2732 1331; x_wconf 85' lang='grc' dir='ltr'><strong>τὴν</strong></span> <span class='ocrx_word' id='word_1_409' title='bbox 2770 1262 3092 1333; x_wconf 82' lang='grc' dir='ltr'>Ἀρμενίων,</span> <span class='ocrx_word' id='word_1_410' title='bbox 3118 1264 3339 1334; x_wconf 84' lang='grc' dir='ltr'>ἐτέρους</span> <span class='ocrx_word' id='word_1_411' title='bbox 3379 1266 3436 1319; x_wconf 86' lang='grc' dir='ltr'>δὲ</span> <span class='ocrx_word' id='word_1_412' title='bbox 3468 1266 3530 1319; x_wconf 78' lang='grc' dir='ltr'>τὸ</span> <span class='ocrx_word' id='word_1_413' title='bbox 3558 1268 3708 1337; x_wconf 85' lang='grc' dir='ltr'>Πάρ-</span> 
     </span>
    </p>
   </div>
   <div class='ocr_carea' id='block_1_58' title="bbox 2126 1348 3703 1436">
    <p class='ocr_par' dir='ltr' id='par_1_58' title="bbox 2126 1348 3703 1436">
     <span class='ocr_line' id='line_1_58' title="bbox 2126 1348 3703 1436; baseline 0.004 -30"><span class='ocrx_word' id='word_1_414' title='bbox 2126 1351 2235 1406; x_wconf 84' lang='grc' dir='ltr'><strong>θων</strong></span> <span class='ocrx_word' id='word_1_415' title='bbox 2278 1351 2449 1415; x_wconf 78' lang='grc' dir='ltr'>ἔθνος,</span> <span class='ocrx_word' id='word_1_416' title='bbox 2495 1351 2587 1405; x_wconf 79' lang='grc' dir='ltr'><strong>καὶ</strong></span> <span class='ocrx_word' id='word_1_417' title='bbox 2624 1348 2693 1405; x_wconf 76' lang='grc' dir='ltr'><strong>αὖ</strong></span> <span class='ocrx_word' id='word_1_418' title='bbox 2732 1352 2894 1406; x_wconf 88' lang='grc' dir='ltr'>πάλιν</span> <span class='ocrx_word' id='word_1_419' title='bbox 2936 1352 2997 1406; x_wconf 84' lang='grc' dir='ltr'><strong>τὸ</strong></span> <span class='ocrx_word' id='word_1_420' title='bbox 3040 1354 3290 1420; x_wconf 83' lang='grc' dir='ltr'>Σκυθῶν,</span> <span class='ocrx_word' id='word_1_421' title='bbox 3325 1358 3476 1436; x_wconf 69' lang='grc' dir='ltr'>τινας</span> <span class='ocrx_word' id='word_1_422' title='bbox 3502 1358 3559 1411; x_wconf 88' lang='grc' dir='ltr'>δὲ</span> <span class='ocrx_word' id='word_1_423' title='bbox 3602 1359 3703 1431; x_wconf 71' lang='grc' dir='ltr'><strong>ἤδη</strong></span> 
     </span>
    </p>
   </div>
   <div class='ocr_carea' id='block_1_59' title="bbox 2126 1440 3704 1520">
    <p class='ocr_par' dir='ltr' id='par_1_59' title="bbox 2126 1440 3704 1520">
     <span class='ocr_line' id='line_1_59' title="bbox 2126 1440 3704 1520; baseline 0.006 -26"><span class='ocrx_word' id='word_1_424' title='bbox 2126 1440 2219 1494; x_wconf 80' lang='grc' dir='ltr'>καὶ</span> <span class='ocrx_word' id='word_1_425' title='bbox 2265 1442 2352 1493; x_wconf 83' lang='grc' dir='ltr'>ἐπ’</span> <span class='ocrx_word' id='word_1_426' title='bbox 2395 1441 2536 1494; x_wconf 86' lang='grc' dir='ltr'><strong>αύτά</strong></span> <span class='ocrx_word' id='word_1_427' title='bbox 2585 1441 2683 1512; x_wconf 84' lang='grc' dir='ltr'><strong>τῆς</strong></span> <span class='ocrx_word' id='word_1_428' title='bbox 2723 1443 3043 1513; x_wconf 77' lang='grc' dir='ltr'>οἰκουμένης</span> <span class='ocrx_word' id='word_1_429' title='bbox 3083 1443 3256 1499; x_wconf 89' lang='grc' dir='ltr'>ἐλθεῖν</span> <span class='ocrx_word' id='word_1_430' title='bbox 3302 1446 3370 1500; x_wconf 82' lang='grc' dir='ltr'>τὰ</span> <span class='ocrx_word' id='word_1_431' title='bbox 3414 1449 3579 1520; x_wconf 81' lang='grc' dir='ltr'>ἄκρα,</span> <span class='ocrx_word' id='word_1_432' title='bbox 3611 1446 3704 1503; x_wconf 83' lang='grc' dir='ltr'><strong>ἐπί</strong></span> 
     </span>
    </p>
   </div>
   <div class='ocr_carea' id='block_1_60' title="bbox 2123 1531 3705 1616">
    <p class='ocr_par' dir='ltr' id='par_1_60' title="bbox 2123 1531 3705 1616">
     <span class='ocr_line' id='line_1_60' title="bbox 2123 1531 3705 1616; baseline 0.008 -32"><span class='ocrx_word' id='word_1_433' title='bbox 2123 1548 2184 1585; x_wconf 86' lang='grc' dir='ltr'><strong>τε</strong></span> <span class='ocrx_word' id='word_1_434' title='bbox 2239 1531 2338 1603; x_wconf 75' lang='grc' dir='ltr'><strong>τὴν</strong></span> <span class='ocrx_word' id='word_1_435' title='bbox 2393 1532 2567 1585; x_wconf 84' lang='grc' dir='ltr'>Ἰνδῶν</span> <span class='ocrx_word' id='word_1_436' title='bbox 2620 1532 2822 1602; x_wconf 79' lang='grc' dir='ltr'>φθάσαι</span> <span class='ocrx_word' id='word_1_437' title='bbox 2873 1534 3088 1607; x_wconf 85' lang='grc' dir='ltr'>χώραν,</span> <span class='ocrx_word' id='word_1_438' title='bbox 3147 1539 3240 1593; x_wconf 76' lang='grc' dir='ltr'>καὶ</span> <span class='ocrx_word' id='word_1_439' title='bbox 3295 1542 3513 1614; x_wconf 81' lang='grc' dir='ltr'>ἐτέρους</span> <span class='ocrx_word' id='word_1_440' title='bbox 3564 1543 3705 1616; x_wconf 83' lang='grc' dir='ltr'>ὑπὲρ</span> 
     </span>
    </p>
   </div>
   <div class='ocr_carea' id='block_1_61' title="bbox 2124 1623 3706 1706">
    <p class='ocr_par' dir='ltr' id='par_1_61' title="bbox 2124 1623 3706 1706">
     <span class='ocr_line' id='line_1_61' title="bbox 2124 1623 3706 1706; baseline 0.008 -29"><span class='ocrx_word' id='word_1_441' title='bbox 2124 1623 2215 1678; x_wconf 82' lang='grc' dir='ltr'>τὸν</span> <span class='ocrx_word' id='word_1_442' title='bbox 2256 1624 2507 1678; x_wconf 84' lang='grc' dir='ltr'>Ὠκεανὸν</span> <span class='ocrx_word' id='word_1_443' title='bbox 2544 1625 2834 1697; x_wconf 81' lang='grc' dir='ltr'>παρελθεῖν</span> <span class='ocrx_word' id='word_1_444' title='bbox 2874 1629 2969 1682; x_wconf 72' lang='grc' dir='ltr'><strong>ἐπὶ</strong></span> <span class='ocrx_word' id='word_1_445' title='bbox 3010 1630 3110 1695; x_wconf 68' lang='grc' dir='ltr'><strong>τὰς</strong></span> <span class='ocrx_word' id='word_1_446' title='bbox 3156 1632 3491 1704; x_wconf 77' lang='grc' dir='ltr'>καλουμένας</span> <span class='ocrx_word' id='word_1_447' title='bbox 3539 1635 3706 1706; x_wconf 85' lang='grc' dir='ltr'>Βρετ-</span> 
     </span>
    </p>
   </div>
   <div class='ocr_carea' id='block_1_62' title="bbox 2125 1716 3705 1795">
    <p class='ocr_par' dir='ltr' id='par_1_62' title="bbox 2125 1716 3705 1795">
     <span class='ocr_line' id='line_1_62' title="bbox 2125 1716 3705 1795; baseline 0.008 -27"><span class='ocrx_word' id='word_1_448' title='bbox 2125 1716 2351 1781; x_wconf 81' lang='grc' dir='ltr'>τανικὰς</span> <span class='ocrx_word' id='word_1_449' title='bbox 2378 1717 2593 1787; x_wconf 84' lang='grc' dir='ltr'>νήσους,</span> <span class='ocrx_word' id='word_1_450' title='bbox 2623 1717 2794 1772; x_wconf 75' lang='grc' dir='ltr'>ταῦτα</span> <span class='ocrx_word' id='word_1_451' title='bbox 2846 1718 3025 1773; x_wconf 76' lang='grc' dir='ltr'>οὐκέτ’</span> <span class='ocrx_word' id='word_1_452' title='bbox 3080 1720 3253 1790; x_wconf 78' lang='grc' dir='ltr'>ἔγωγε</span> <span class='ocrx_word' id='word_1_453' title='bbox 3286 1724 3525 1795; x_wconf 81' lang='grc' dir='ltr'>ήγοῦμαι</span> <span class='ocrx_word' id='word_1_454' title='bbox 3565 1727 3705 1781; x_wconf 67' lang='grc' dir='ltr'>κατὰ</span> 
     </span>
    </p>
   </div>
   <div class='ocr_carea' id='block_1_63' title="bbox 2127 1807 3703 1882">
    <p class='ocr_par' dir='ltr' id='par_1_63' title="bbox 2127 1807 3703 1882">
     <span class='ocr_line' id='line_1_63' title="bbox 2127 1807 3703 1882; baseline 0.007 -20"><span class='ocrx_word' id='word_1_455' title='bbox 2127 1807 2412 1879; x_wconf 78' lang='grc' dir='ltr'>ἄνθρωπον</span> <span class='ocrx_word' id='word_1_456' title='bbox 2445 1807 2603 1873; x_wconf 75' lang='grc' dir='ltr'>εἶναι,</span> <span class='ocrx_word' id='word_1_457' title='bbox 2640 1811 2834 1881; x_wconf 81' lang='grc' dir='ltr'>μήτιγε</span> <span class='ocrx_word' id='word_1_458' title='bbox 2869 1810 3009 1865; x_wconf 83' lang='grc' dir='ltr'><strong>κατά</strong></span> <span class='ocrx_word' id='word_1_459' title='bbox 3054 1813 3289 1877; x_wconf 74' lang='grc' dir='ltr'>εὐτελεῖς</span> <span class='ocrx_word' id='word_1_460' title='bbox 3335 1818 3429 1871; x_wconf 73' lang='grc' dir='ltr'><strong>καὶ</strong></span> <span class='ocrx_word' id='word_1_461' title='bbox 3470 1816 3703 1882; x_wconf 85' lang='grc' dir='ltr'>ἰδιώτας,</span> 
     </span>
    </p>
   </div>
   <div class='ocr_carea' id='block_1_64' title="bbox 2128 1900 3706 1979">
    <p class='ocr_par' dir='ltr' id='par_1_64' title="bbox 2128 1900 3706 1979">
     <span class='ocr_line' id='line_1_64' title="bbox 2128 1900 3706 1979; baseline 0.008 -26"><span class='ocrx_word' id='word_1_462' title='bbox 2128 1900 2322 1955; x_wconf 86' lang='grc' dir='ltr'>πολλοῦ</span> <span class='ocrx_word' id='word_1_463' title='bbox 2351 1901 2431 1957; x_wconf 87' lang='grc' dir='ltr'><strong>δεῖ</strong></span> <span class='ocrx_word' id='word_1_464' title='bbox 2460 1905 2600 1958; x_wconf 73' lang='grc' dir='ltr'>κατὰ</span> <span class='ocrx_word' id='word_1_465' title='bbox 2632 1906 2865 1970; x_wconf 84' lang='grc' dir='ltr'>πλάνους</span> <span class='ocrx_word' id='word_1_466' title='bbox 2902 1908 2996 1960; x_wconf 80' lang='grc' dir='ltr'><strong>καὶ</strong></span> <span class='ocrx_word' id='word_1_467' title='bbox 3026 1907 3242 1979; x_wconf 82' lang='grc' dir='ltr'>γόητας.</span> <span class='ocrx_word' id='word_1_468' title='bbox 3279 1911 3340 1963; x_wconf 88' lang='grc' dir='ltr'><strong>Οἱ</strong></span> <span class='ocrx_word' id='word_1_469' title='bbox 3370 1910 3427 1963; x_wconf 82' lang='grc' dir='ltr'>δὲ</span> <span class='ocrx_word' id='word_1_470' title='bbox 3456 1911 3706 1966; x_wconf 80' lang='grc' dir='ltr'>διδασκά-</span> 
     </span>
    </p>
   </div>
   <div class='ocr_carea' id='block_1_65' title="bbox 2128 1991 3705 2072">
    <p class='ocr_par' dir='ltr' id='par_1_65' title="bbox 2128 1991 3705 2072">
     <span class='ocr_line' id='line_1_65' title="bbox 2128 1991 3705 2072; baseline 0.006 -27"><span class='ocrx_word' id='word_1_471' title='bbox 2128 1991 2222 2045; x_wconf 90' lang='grc' dir='ltr'><strong>λου</strong></span> <span class='ocrx_word' id='word_1_472' title='bbox 2254 1993 2457 2063; x_wconf 83' lang='grc' dir='ltr'>φαύλου</span> <span class='ocrx_word' id='word_1_473' title='bbox 2488 1997 2581 2048; x_wconf 60' lang='grc' dir='ltr'><strong>καὶ¹</strong></span> <span class='ocrx_word' id='word_1_474' title='bbox 2609 1996 2979 2069; x_wconf 82' lang='grc' dir='ltr'>διαστροφέως</span> <span class='ocrx_word' id='word_1_475' title='bbox 3011 2000 3430 2072; x_wconf 80' lang='grc' dir='ltr'>πεπειραμένοι,</span> <span class='ocrx_word' id='word_1_476' title='bbox 3462 2002 3558 2058; x_wconf 76' lang='grc' dir='ltr'><strong>καὶ</strong></span> <span class='ocrx_word' id='word_1_477' title='bbox 3582 2002 3705 2057; x_wconf 87' lang='grc' dir='ltr'>τού-</span> 
     </span>
    </p>
   </div>
   <div class='ocr_carea' id='block_1_66' title="bbox 2127 2085 3705 2162">
    <p class='ocr_par' dir='ltr' id='par_1_66' title="bbox 2127 2085 3705 2162">
     <span class='ocr_line' id='line_1_66' title="bbox 2127 2085 3705 2162; baseline 0.006 -25"><span class='ocrx_word' id='word_1_478' title='bbox 2127 2102 2220 2138; x_wconf 88' lang='grc' dir='ltr'><strong>του</strong></span> <span class='ocrx_word' id='word_1_479' title='bbox 2253 2085 2350 2156; x_wconf 78' lang='grc' dir='ltr'>τὴν</span> <span class='ocrx_word' id='word_1_480' title='bbox 2382 2086 2606 2142; x_wconf 79' lang='grc' dir='ltr'>ἔκϐασιν</span> <span class='ocrx_word' id='word_1_481' title='bbox 2635 2088 2735 2159; x_wconf 83' lang='grc' dir='ltr'>τῆς</span> <span class='ocrx_word' id='word_1_482' title='bbox 2764 2089 3021 2160; x_wconf 81' lang='grc' dir='ltr'>τελευτῆς</span> <span class='ocrx_word' id='word_1_483' title='bbox 3059 2090 3494 2162; x_wconf 85' lang='grc' dir='ltr'>καθεωρακότες,</span> <span class='ocrx_word' id='word_1_484' title='bbox 3530 2094 3705 2159; x_wconf 87' lang='grc' dir='ltr'>ποίοις</span> 
     </span>
    </p>
   </div>
   <div class='ocr_carea' id='block_1_67' title="bbox 2128 2176 3706 2259">
    <p class='ocr_par' dir='ltr' id='par_1_67' title="bbox 2128 2176 3706 2259">
     <span class='ocr_line' id='line_1_67' title="bbox 2128 2176 3706 2259; baseline 0.007 -28"><span class='ocrx_word' id='word_1_485' title='bbox 2128 2176 2237 2249; x_wconf 83' lang='grc' dir='ltr'>ἄρα</span> <span class='ocrx_word' id='word_1_486' title='bbox 2261 2178 2437 2247; x_wconf 87' lang='grc' dir='ltr'>λόγοις</span> <span class='ocrx_word' id='word_1_487' title='bbox 2464 2181 2765 2251; x_wconf 88' lang='grc' dir='ltr'>ἐχρήσαντο</span> <span class='ocrx_word' id='word_1_488' title='bbox 2789 2183 2924 2255; x_wconf 83' lang='grc' dir='ltr'>πρὸς</span> <span class='ocrx_word' id='word_1_489' title='bbox 2948 2183 3230 2254; x_wconf 84' lang='grc' dir='ltr'>ἀλλήλους,</span> <span class='ocrx_word' id='word_1_490' title='bbox 3255 2186 3336 2250; x_wconf 77' lang='grc' dir='ltr'>εἰς</span> <span class='ocrx_word' id='word_1_491' title='bbox 3356 2186 3418 2239; x_wconf 76' lang='grc' dir='ltr'><strong>τὸ</strong></span> <span class='ocrx_word' id='word_1_492' title='bbox 3440 2186 3706 2259; x_wconf 84' lang='grc' dir='ltr'>σύμφωνα</span> 
     </span>
    </p>
   </div>
   <div class='ocr_carea' id='block_1_68' title="bbox 2129 2268 3703 2350">
    <p class='ocr_par' dir='ltr' id='par_1_68' title="bbox 2129 2268 3703 2350">
     <span class='ocr_line' id='line_1_68' title="bbox 2129 2268 3703 2350; baseline 0.008 -29"><span class='ocrx_word' id='word_1_493' title='bbox 2129 2268 2256 2340; x_wconf 56' lang='grc' dir='ltr'><strong>περὶ⁸</strong></span> <span class='ocrx_word' id='word_1_494' title='bbox 2299 2269 2465 2323; x_wconf 82' lang='grc' dir='ltr'>αὐτοῦ</span> <span class='ocrx_word' id='word_1_495' title='bbox 2514 2270 2857 2339; x_wconf 87' lang='grc' dir='ltr'>πλάσασθαι;</span> <span class='ocrx_word' id='word_1_496' title='bbox 2914 2274 2973 2341; x_wconf 78' lang='grc' dir='ltr'><strong>ἐξ</strong></span> <span class='ocrx_word' id='word_1_497' title='bbox 3018 2275 3137 2338; x_wconf 78' lang='grc' dir='ltr'>ἐνὸς</span> <span class='ocrx_word' id='word_1_498' title='bbox 3186 2275 3295 2348; x_wconf 79' lang='grc' dir='ltr'><strong>γάρ</strong></span> <span class='ocrx_word' id='word_1_499' title='bbox 3345 2278 3608 2350; x_wconf 86' lang='grc' dir='ltr'>στόματος</span> <span class='ocrx_word' id='word_1_500' title='bbox 3646 2278 3703 2333; x_wconf 76' lang='grc' dir='ltr'>ὀι</span> 
     </span>
    </p>
   </div>
   <div class='ocr_carea' id='block_1_69' title="bbox 2129 2360 3700 2440">
    <p class='ocr_par' dir='ltr' id='par_1_69' title="bbox 2129 2360 3700 2440">
     <span class='ocr_line' id='line_1_69' title="bbox 2129 2360 3700 2440; baseline 0.007 -26"><span class='ocrx_word' id='word_1_501' title='bbox 2129 2360 2350 2426; x_wconf 87' lang='grc' dir='ltr'>πάντες,</span> <span class='ocrx_word' id='word_1_502' title='bbox 2385 2363 2479 2417; x_wconf 57' lang='grc' dir='ltr'><strong>καὶ¹</strong></span> <span class='ocrx_word' id='word_1_503' title='bbox 2516 2363 2733 2437; x_wconf 87' lang='grc' dir='ltr'>λεπρῶν</span> <span class='ocrx_word' id='word_1_504' title='bbox 2788 2366 3103 2439; x_wconf 85' lang='grc' dir='ltr'>καθάρσεις,</span> <span class='ocrx_word' id='word_1_505' title='bbox 3148 2368 3245 2422; x_wconf 74' lang='grc' dir='ltr'><strong>καὶ</strong></span> <span class='ocrx_word' id='word_1_506' title='bbox 3283 2369 3554 2440; x_wconf 74' lang='grc' dir='ltr'>δαιμόνων</span> <span class='ocrx_word' id='word_1_507' title='bbox 3595 2372 3700 2424; x_wconf 82' lang='grc' dir='ltr'>άπ-</span> 
     </span>
    </p>
   </div>
   <div class='ocr_carea' id='block_1_70' title="bbox 2130 2453 3704 2535">
    <p class='ocr_par' dir='ltr' id='par_1_70' title="bbox 2130 2453 3704 2535">
     <span class='ocr_line' id='line_1_70' title="bbox 2130 2453 3704 2535; baseline 0.006 -29"><span class='ocrx_word' id='word_1_508' title='bbox 2130 2453 2370 2520; x_wconf 86' lang='grc' dir='ltr'>ελάσεις,</span> <span class='ocrx_word' id='word_1_509' title='bbox 2419 2455 2625 2535; x_wconf 81' lang='grc' dir='ltr'>νεκρῶν</span> <span class='ocrx_word' id='word_1_510' title='bbox 2656 2474 2717 2509; x_wconf 92' lang='grc' dir='ltr'><strong>τε</strong></span> <span class='ocrx_word' id='word_1_511' title='bbox 2749 2458 3093 2524; x_wconf 85' lang='grc' dir='ltr'>άναϐιώσεις,</span> <span class='ocrx_word' id='word_1_512' title='bbox 3142 2460 3335 2531; x_wconf 84' lang='grc' dir='ltr'>πηρῶν</span> <span class='ocrx_word' id='word_1_513' title='bbox 3378 2478 3437 2514; x_wconf 87' lang='grc' dir='ltr'><strong>τε</strong></span> <span class='ocrx_word' id='word_1_514' title='bbox 3480 2463 3704 2517; x_wconf 82' lang='grc' dir='ltr'>ἀναϐλέ-</span> 
     </span>
    </p>
   </div>
   <div class='ocr_carea' id='block_1_71' title="bbox 2127 2546 3703 2626">
    <p class='ocr_par' dir='ltr' id='par_1_71' title="bbox 2127 2546 3703 2626">
     <span class='ocr_line' id='line_1_71' title="bbox 2127 2546 3703 2626; baseline 0.007 -30"><span class='ocrx_word' id='word_1_515' title='bbox 2127 2546 2267 2614; x_wconf 72' lang='grc' dir='ltr'>ψεις,</span> <span class='ocrx_word' id='word_1_516' title='bbox 2303 2546 2397 2599; x_wconf 74' lang='grc' dir='ltr'>καὶ</span> <span class='ocrx_word' id='word_1_517' title='bbox 2432 2547 2631 2619; x_wconf 85' lang='grc' dir='ltr'>μυρίας</span> <span class='ocrx_word' id='word_1_518' title='bbox 2660 2548 2824 2613; x_wconf 77' lang='grc' dir='ltr'>ἄλλας</span> <span class='ocrx_word' id='word_1_519' title='bbox 2844 2551 3144 2605; x_wconf 84' lang='grc' dir='ltr'>νοσούντων</span> <span class='ocrx_word' id='word_1_520' title='bbox 3169 2553 3341 2616; x_wconf 83' lang='grc' dir='ltr'>ίάσεις</span> <span class='ocrx_word' id='word_1_521' title='bbox 3369 2554 3506 2626; x_wconf 86' lang='grc' dir='ltr'>πρὸς</span> <span class='ocrx_word' id='word_1_522' title='bbox 3537 2555 3703 2609; x_wconf 79' lang='grc' dir='ltr'>αὑτοῦ</span> 
     </span>
    </p>
   </div>
   <div class='ocr_carea' id='block_1_72' title="bbox 2128 2635 3704 2716">
    <p class='ocr_par' dir='ltr' id='par_1_72' title="bbox 2128 2635 3704 2716">
     <span class='ocr_line' id='line_1_72' title="bbox 2128 2635 3704 2716; baseline 0.008 -29"><span class='ocrx_word' id='word_1_523' title='bbox 2128 2635 2378 2702; x_wconf 84' lang='grc' dir='ltr'>γενέσθαι</span> <span class='ocrx_word' id='word_1_524' title='bbox 2406 2638 2815 2710; x_wconf 83' lang='grc' dir='ltr'>ἐμαρτύρησαν,</span> <span class='ocrx_word' id='word_1_525' title='bbox 2840 2642 2936 2694; x_wconf 76' lang='grc' dir='ltr'>καὶ</span> <span class='ocrx_word' id='word_1_526' title='bbox 2964 2643 3057 2696; x_wconf 80' lang='grc' dir='ltr'><strong>ἐπὶ</strong></span> <span class='ocrx_word' id='word_1_527' title='bbox 3083 2645 3216 2698; x_wconf 77' lang='grc' dir='ltr'>πᾶσι</span> <span class='ocrx_word' id='word_1_528' title='bbox 3244 2646 3343 2716; x_wconf 77' lang='grc' dir='ltr'>τὴν</span> <span class='ocrx_word' id='word_1_529' title='bbox 3374 2643 3538 2698; x_wconf 82' lang='grc' dir='ltr'>αὑτοῦ</span> <span class='ocrx_word' id='word_1_530' title='bbox 3566 2646 3704 2715; x_wconf 85' lang='grc' dir='ltr'><strong>μετά</strong></span> 
     </span>
    </p>
   </div>
   <div class='ocr_carea' id='block_1_73' title="bbox 2128 2726 3698 2810">
    <p class='ocr_par' dir='ltr' id='par_1_73' title="bbox 2128 2726 3698 2810">
     <span class='ocr_line' id='line_1_73' title="bbox 2128 2726 3698 2810; baseline 0.008 -32"><span class='ocrx_word' id='word_1_531' title='bbox 2128 2726 2217 2779; x_wconf 85' lang='grc' dir='ltr'><strong>τὸν</strong></span> <span class='ocrx_word' id='word_1_532' title='bbox 2258 2726 2487 2782; x_wconf 87' lang='grc' dir='ltr'>θάνατον</span> <span class='ocrx_word' id='word_1_533' title='bbox 2519 2730 2813 2786; x_wconf 87' lang='grc' dir='ltr'>ἀναϐίωσιν</span> <span class='ocrx_word' id='word_1_534' title='bbox 2858 2732 3099 2804; x_wconf 85' lang='grc' dir='ltr'>πρώτοις</span> <span class='ocrx_word' id='word_1_535' title='bbox 3136 2737 3320 2801; x_wconf 76' lang='grc' dir='ltr'>αὐτοῖς</span> <span class='ocrx_word' id='word_1_536' title='bbox 3361 2738 3698 2810; x_wconf 85' lang='grc' dir='ltr'>ἐωραμένην.</span> 
     </span>
    </p>
   </div>
   <div class='ocr_carea' id='block_1_74' title="bbox 2128 2819 3702 2896">
    <p class='ocr_par' dir='ltr' id='par_1_74' title="bbox 2128 2819 3702 2896">
     <span class='ocr_line' id='line_1_74' title="bbox 2128 2819 3702 2896; baseline 0.008 -25"><span class='ocrx_word' id='word_1_537' title='bbox 2128 2819 2315 2873; x_wconf 79' lang='grc' dir='ltr'>Ταῦτα</span> <span class='ocrx_word' id='word_1_538' title='bbox 2341 2819 2472 2893; x_wconf 82' lang='grc' dir='ltr'>γὰρ,</span> <span class='ocrx_word' id='word_1_539' title='bbox 2499 2821 2572 2892; x_wconf 80' lang='grc' dir='ltr'>μὴ</span> <span class='ocrx_word' id='word_1_540' title='bbox 2586 2823 2877 2894; x_wconf 84' lang='grc' dir='ltr'>γενόμενα,</span> <span class='ocrx_word' id='word_1_541' title='bbox 2911 2826 3038 2896; x_wconf 82' lang='grc' dir='ltr'>μηδ’</span> <span class='ocrx_word' id='word_1_542' title='bbox 3062 2828 3393 2883; x_wconf 85' lang='grc' dir='ltr'>άκουσθέντα</span> <span class='ocrx_word' id='word_1_543' title='bbox 3425 2848 3530 2895; x_wconf 88' lang='grc' dir='ltr'><strong>πω,</strong></span> <span class='ocrx_word' id='word_1_544' title='bbox 3560 2830 3702 2884; x_wconf 84' lang='grc' dir='ltr'><strong>κατά</strong></span> 
     </span>
    </p>
   </div>
   <div class='ocr_carea' id='block_1_75' title="bbox 2128 2910 3702 2995">
    <p class='ocr_par' dir='ltr' id='par_1_75' title="bbox 2128 2910 3702 2995">
     <span class='ocr_line' id='line_1_75' title="bbox 2128 2910 3702 2995; baseline 0.008 -30"><span class='ocrx_word' id='word_1_545' title='bbox 2128 2912 2253 2975; x_wconf 71' lang='grc' dir='ltr'>τοὺς</span> <span class='ocrx_word' id='word_1_546' title='bbox 2285 2910 2464 2966; x_wconf 81' lang='grc' dir='ltr'>αὐτῶν</span> <span class='ocrx_word' id='word_1_547' title='bbox 2507 2913 2732 2986; x_wconf 87' lang='grc' dir='ltr'>χρόνους</span> <span class='ocrx_word' id='word_1_548' title='bbox 2775 2916 2895 2981; x_wconf 82' lang='grc' dir='ltr'><strong>πῶς</strong></span> <span class='ocrx_word' id='word_1_549' title='bbox 2925 2918 2983 2986; x_wconf 77' lang='grc' dir='ltr'>ἐξ</span> <span class='ocrx_word' id='word_1_550' title='bbox 3011 2920 3131 2984; x_wconf 83' lang='grc' dir='ltr'>ἐνὸς</span> <span class='ocrx_word' id='word_1_551' title='bbox 3164 2922 3430 2993; x_wconf 86' lang='grc' dir='ltr'>στόματος</span> <span class='ocrx_word' id='word_1_552' title='bbox 3461 2922 3702 2995; x_wconf 82' lang='grc' dir='ltr'>ἐμαρτύ-</span> 
     </span>
    </p>
   </div>
   <div class='ocr_carea' id='block_1_76' title="bbox 2131 3000 3704 3084">
    <p class='ocr_par' dir='ltr' id='par_1_76' title="bbox 2131 3000 3704 3084">
     <span class='ocr_line' id='line_1_76' title="bbox 2131 3000 3704 3084; baseline 0.01 -32"><span class='ocrx_word' id='word_1_553' title='bbox 2131 3017 2257 3070; x_wconf 89' lang='grc' dir='ltr'>ρουν</span> <span class='ocrx_word' id='word_1_554' title='bbox 2272 3000 2574 3070; x_wconf 79' lang='grc' dir='ltr'>γεγονέναι,</span> <span class='ocrx_word' id='word_1_555' title='bbox 2594 3003 2754 3075; x_wconf 82' lang='grc' dir='ltr'>μέχρι</span> <span class='ocrx_word' id='word_1_556' title='bbox 2778 3005 2871 3058; x_wconf 77' lang='grc' dir='ltr'>καὶ</span> <span class='ocrx_word' id='word_1_557' title='bbox 2920 3005 3151 3062; x_wconf 85' lang='grc' dir='ltr'>θανάτου</span> <span class='ocrx_word' id='word_1_558' title='bbox 3203 3017 3553 3082; x_wconf 83' lang='grc' dir='ltr'>πιστούμενοι</span> <span class='ocrx_word' id='word_1_559' title='bbox 3603 3012 3704 3084; x_wconf 76' lang='grc' dir='ltr'>τὴν</span> 
     </span>
    </p>
   </div>
   <div class='ocr_carea' id='block_1_77' title="bbox 2130 3092 3702 3174">
    <p class='ocr_par' dir='ltr' id='par_1_77' title="bbox 2130 3092 3702 3174">
     <span class='ocr_line' id='line_1_77' title="bbox 2130 3092 3702 3174; baseline 0.009 -31"><span class='ocrx_word' id='word_1_560' title='bbox 2130 3092 2439 3163; x_wconf 82' lang='grc' dir='ltr'>ὁμολογίαν,</span> <span class='ocrx_word' id='word_1_561' title='bbox 2482 3095 2531 3147; x_wconf 76' lang='grc' dir='ltr'><strong>εἰ</strong></span> <span class='ocrx_word' id='word_1_562' title='bbox 2571 3095 2781 3166; x_wconf 86' lang='grc' dir='ltr'>μήποτε</span> <span class='ocrx_word' id='word_1_563' title='bbox 2821 3096 2949 3168; x_wconf 79' lang='grc' dir='ltr'>ἄρα,</span> <span class='ocrx_word' id='word_1_564' title='bbox 2989 3099 3335 3165; x_wconf 84' lang='grc' dir='ltr'>συνελθόντες</span> <span class='ocrx_word' id='word_1_565' title='bbox 3366 3103 3702 3174; x_wconf 83' lang='grc' dir='ltr'>συνωμοσίαν</span> 
     </span>
    </p>
   </div>
   <div class='ocr_carea' id='block_1_78' title="bbox 2131 3183 3703 3267">
    <p class='ocr_par' dir='ltr' id='par_1_78' title="bbox 2131 3183 3703 3267">
     <span class='ocr_line' id='line_1_78' title="bbox 2131 3183 3703 3267; baseline 0.007 -31"><span class='ocrx_word' id='word_1_566' title='bbox 2131 3200 2191 3237; x_wconf 88' lang='grc' dir='ltr'><strong>τε</strong></span> <span class='ocrx_word' id='word_1_567' title='bbox 2224 3183 2364 3238; x_wconf 76' lang='grc' dir='ltr'>κατὰ</span> <span class='ocrx_word' id='word_1_568' title='bbox 2391 3185 2451 3237; x_wconf 81' lang='grc' dir='ltr'><strong>τὸ</strong></span> <span class='ocrx_word' id='word_1_569' title='bbox 2478 3185 2611 3238; x_wconf 83' lang='grc' dir='ltr'>αὐτὸ</span> <span class='ocrx_word' id='word_1_570' title='bbox 2643 3187 3019 3257; x_wconf 83' lang='grc' dir='ltr'>πεποιημένοι,</span> <span class='ocrx_word' id='word_1_571' title='bbox 3055 3189 3323 3261; x_wconf 83' lang='grc' dir='ltr'>συνθήκας</span> <span class='ocrx_word' id='word_1_572' title='bbox 3354 3190 3536 3245; x_wconf 80' lang='grc' dir='ltr'>ἔθεντο</span> <span class='ocrx_word' id='word_1_573' title='bbox 3568 3194 3703 3267; x_wconf 78' lang='grc' dir='ltr'>πρὸς</span> 
     </span>
    </p>
   </div>
   <div class='ocr_carea' id='block_1_79' title="bbox 2131 3275 3704 3357">
    <p class='ocr_par' dir='ltr' id='par_1_79' title="bbox 2131 3275 3704 3357">
     <span class='ocr_line' id='line_1_79' title="bbox 2131 3275 3704 3357; baseline 0.005 -26"><span class='ocrx_word' id='word_1_574' title='bbox 2131 3275 2390 3347; x_wconf 79' lang='grc' dir='ltr'>ἀλλήλους</span> <span class='ocrx_word' id='word_1_575' title='bbox 2421 3276 2750 3343; x_wconf 87' lang='grc' dir='ltr'>πλάσασθαι,</span> <span class='ocrx_word' id='word_1_576' title='bbox 2780 3279 2873 3333; x_wconf 78' lang='grc' dir='ltr'>καὶ</span> <span class='ocrx_word' id='word_1_577' title='bbox 2902 3281 3342 3351; x_wconf 73' lang='grc' dir='ltr'>καταψεύσασθαι</span> <span class='ocrx_word' id='word_1_578' title='bbox 3373 3284 3479 3339; x_wconf 88' lang='grc' dir='ltr'><strong>τῶν</strong></span> <span class='ocrx_word' id='word_1_579' title='bbox 3514 3285 3589 3357; x_wconf 83' lang='grc' dir='ltr'>μὴ</span> <span class='ocrx_word' id='word_1_580' title='bbox 3610 3302 3704 3354; x_wconf 85' lang='grc' dir='ltr'>γε-</span> 
     </span>
    </p>
   </div>
   <div class='ocr_carea' id='block_1_80' title="bbox 2128 3371 3702 3450">
    <p class='ocr_par' dir='ltr' id='par_1_80' title="bbox 2128 3371 3702 3450">
     <span class='ocr_line' id='line_1_80' title="bbox 2128 3371 3702 3450; baseline 0.006 -27"><span class='ocrx_word' id='word_1_581' title='bbox 2128 3371 2402 3437; x_wconf 87' lang='grc' dir='ltr'>γονότων;</span> <span class='ocrx_word' id='word_1_582' title='bbox 2433 3373 2527 3425; x_wconf 60' lang='grc' dir='ltr'><strong>καὶ⁹</strong></span> <span class='ocrx_word' id='word_1_583' title='bbox 2568 3371 2743 3435; x_wconf 87' lang='grc' dir='ltr'>ποίοις</span> <span class='ocrx_word' id='word_1_584' title='bbox 2782 3373 2891 3444; x_wconf 79' lang='grc' dir='ltr'>ἄρα</span> <span class='ocrx_word' id='word_1_585' title='bbox 2923 3372 3148 3429; x_wconf 82' lang='grc' dir='ltr'>πιθανὸν</span> <span class='ocrx_word' id='word_1_586' title='bbox 3195 3377 3367 3430; x_wconf 75' lang='grc' dir='ltr'>εἰπεῖν</span> <span class='ocrx_word' id='word_1_587' title='bbox 3398 3379 3702 3450; x_wconf 88' lang='grc' dir='ltr'>χρήσασθαι</span> 
     </span>
    </p>
   </div>
   <div class='ocr_carea' id='block_1_81' title="bbox 2131 3461 3703 3539">
    <p class='ocr_par' dir='ltr' id='par_1_81' title="bbox 2131 3461 3703 3539">
     <span class='ocr_line' id='line_1_81' title="bbox 2131 3461 3703 3539; baseline 0.005 -24"><span class='ocrx_word' id='word_1_588' title='bbox 2131 3461 2327 3525; x_wconf 79' lang='grc' dir='ltr'>αὐτοὺς</span> <span class='ocrx_word' id='word_1_589' title='bbox 2369 3461 2548 3530; x_wconf 83' lang='grc' dir='ltr'>λόγοις</span> <span class='ocrx_word' id='word_1_590' title='bbox 2593 3462 2685 3515; x_wconf 83' lang='grc' dir='ltr'><strong>ἐπὶ</strong></span> <span class='ocrx_word' id='word_1_591' title='bbox 2721 3466 2841 3526; x_wconf 87' lang='grc' dir='ltr'>ταῖς</span> <span class='ocrx_word' id='word_1_592' title='bbox 2886 3465 3201 3537; x_wconf 85' lang='grc' dir='ltr'>συνθήκαις,</span> <span class='ocrx_word' id='word_1_593' title='bbox 3241 3468 3292 3520; x_wconf 76' lang='grc' dir='ltr'>εἰ</span> <span class='ocrx_word' id='word_1_594' title='bbox 3321 3469 3396 3539; x_wconf 89' lang='grc' dir='ltr'><strong>μή</strong></span> <span class='ocrx_word' id='word_1_595' title='bbox 3428 3485 3559 3523; x_wconf 87' lang='grc' dir='ltr'>ποτε</span> <span class='ocrx_word' id='word_1_596' title='bbox 3590 3474 3703 3534; x_wconf 88' lang='grc' dir='ltr'>τοῖς</span> 
     </span>
    </p>
   </div>
   <div class='ocr_carea' id='block_1_82' title="bbox 2130 3554 3705 3633">
    <p class='ocr_par' dir='ltr' id='par_1_82' title="bbox 2130 3554 3705 3633">
     <span class='ocr_line' id='line_1_82' title="bbox 2130 3554 3705 3633; baseline 0.006 -26"><span class='ocrx_word' id='word_1_597' title='bbox 2130 3554 2391 3620; x_wconf 83' lang='grc' dir='ltr'>τοιοῖσδε;</span> <span class='ocrx_word' id='word_1_598' title='bbox 2424 3555 2650 3627; x_wconf 82' lang='grc' dir='ltr'>Ἀνδρες</span> <span class='ocrx_word' id='word_1_599' title='bbox 2685 3556 2845 3625; x_wconf 87' lang='grc' dir='ltr'>φίλοι,</span> <span class='ocrx_word' id='word_1_600' title='bbox 2872 3556 2964 3611; x_wconf 82' lang='grc' dir='ltr'><strong>τὸν</strong></span> <span class='ocrx_word' id='word_1_601' title='bbox 3008 3556 3107 3628; x_wconf 84' lang='grc' dir='ltr'>μὲν</span> <span class='ocrx_word' id='word_1_602' title='bbox 3137 3558 3201 3631; x_wconf 80' lang='grc' dir='ltr'><strong>δή</strong></span> <span class='ocrx_word' id='word_1_603' title='bbox 3226 3558 3353 3630; x_wconf 83' lang='grc' dir='ltr'>χθὲς</span> <span class='ocrx_word' id='word_1_604' title='bbox 3392 3562 3486 3614; x_wconf 71' lang='grc' dir='ltr'><strong>καὶ</strong></span> <span class='ocrx_word' id='word_1_605' title='bbox 3516 3560 3705 3633; x_wconf 81' lang='grc' dir='ltr'>πρώην</span> 
     </span>
    </p>
   </div>
   <div class='ocr_carea' id='block_1_83' title="bbox 2130 3645 3706 3723">
    <p class='ocr_par' dir='ltr' id='par_1_83' title="bbox 2130 3645 3706 3723">
     <span class='ocr_line' id='line_1_83' title="bbox 2130 3645 3706 3723; baseline 0.004 -23"><span class='ocrx_word' id='word_1_606' title='bbox 2130 3645 2443 3711; x_wconf 81' lang='grc' dir='ltr'>ἀπατεῶνα,</span> <span class='ocrx_word' id='word_1_607' title='bbox 2470 3648 2567 3702; x_wconf 75' lang='grc' dir='ltr'><strong>καὶ</strong></span> <span class='ocrx_word' id='word_1_608' title='bbox 2621 3646 2829 3720; x_wconf 87' lang='grc' dir='ltr'>πλάνης</span> <span class='ocrx_word' id='word_1_609' title='bbox 2890 3648 3232 3717; x_wconf 86' lang='grc' dir='ltr'>διδάσκαλον,</span> <span class='ocrx_word' id='word_1_610' title='bbox 3268 3650 3359 3703; x_wconf 83' lang='grc' dir='ltr'>ὑπ’</span> <span class='ocrx_word' id='word_1_611' title='bbox 3409 3651 3706 3723; x_wconf 81' lang='grc' dir='ltr'>ὀφθαλμοῖς</span> 
     </span>
    </p>
   </div>
   <div class='ocr_carea' id='block_1_84' title="bbox 2129 3740 3704 3815">
    <p class='ocr_par' dir='ltr' id='par_1_84' title="bbox 2129 3740 3704 3815">
     <span class='ocr_line' id='line_1_84' title="bbox 2129 3740 3704 3815; baseline 0.001 -20"><span class='ocrx_word' id='word_1_612' title='bbox 2129 3740 2385 3795; x_wconf 84' lang='grc' dir='ltr'>ἁπάντων</span> <span class='ocrx_word' id='word_1_613' title='bbox 2415 3740 2573 3813; x_wconf 81' lang='grc' dir='ltr'>ἡμῶν</span> <span class='ocrx_word' id='word_1_614' title='bbox 2601 3742 2700 3811; x_wconf 83' lang='grc' dir='ltr'>τὴν</span> <span class='ocrx_word' id='word_1_615' title='bbox 2731 3740 2968 3813; x_wconf 78' lang='grc' dir='ltr'>ἐσχάτην</span> <span class='ocrx_word' id='word_1_616' title='bbox 3008 3742 3380 3813; x_wconf 83' lang='grc' dir='ltr'>ὑπομείναντα</span> <span class='ocrx_word' id='word_1_617' title='bbox 3410 3745 3704 3815; x_wconf 78' lang='grc' dir='ltr'>τιμωρίαν,</span> 
     </span>
    </p>
   </div>
   <div class='ocr_carea' id='block_1_85' title="bbox 2129 3829 3704 3908">
    <p class='ocr_par' dir='ltr' id='par_1_85' title="bbox 2129 3829 3704 3908">
     <span class='ocr_line' id='line_1_85' title="bbox 2129 3829 3704 3908; baseline 0.002 -21"><span class='ocrx_word' id='word_1_618' title='bbox 2129 3833 2274 3898; x_wconf 85' lang='grc' dir='ltr'>ὅστις</span> <span class='ocrx_word' id='word_1_619' title='bbox 2302 3833 2432 3887; x_wconf 84' lang='grc' dir='ltr'>ποτὲ</span> <span class='ocrx_word' id='word_1_620' title='bbox 2454 3829 2544 3905; x_wconf 81' lang='grc' dir='ltr'>ἦν,</span> <span class='ocrx_word' id='word_1_621' title='bbox 2573 3836 2790 3889; x_wconf 76' lang='grc' dir='ltr'>πάντων</span> <span class='ocrx_word' id='word_1_622' title='bbox 2814 3835 2974 3905; x_wconf 82' lang='grc' dir='ltr'>ἡμεῖς</span> <span class='ocrx_word' id='word_1_623' title='bbox 3001 3833 3235 3904; x_wconf 87' lang='grc' dir='ltr'>μάλιστα</span> <span class='ocrx_word' id='word_1_624' title='bbox 3256 3835 3500 3906; x_wconf 88' lang='grc' dir='ltr'>ἀκριϐῶς</span> <span class='ocrx_word' id='word_1_625' title='bbox 3525 3838 3704 3908; x_wconf 85' lang='grc' dir='ltr'>ἴσμεν,</span> 
     </span>
    </p>
   </div>
   <div class='ocr_carea' id='block_1_86' title="bbox 2127 3918 3707 3998">
    <p class='ocr_par' dir='ltr' id='par_1_86' title="bbox 2127 3918 3707 3998">
     <span class='ocr_line' id='line_1_86' title="bbox 2127 3918 3707 3998; baseline 0.003 -21"><span class='ocrx_word' id='word_1_626' title='bbox 2127 3918 2216 3978; x_wconf 79' lang='grc' dir='ltr'>οἷα</span> <span class='ocrx_word' id='word_1_627' title='bbox 2251 3924 2450 3995; x_wconf 89' lang='grc' dir='ltr'>μύσται</span> <span class='ocrx_word' id='word_1_628' title='bbox 2476 3925 2584 3978; x_wconf 90' lang='grc' dir='ltr'><strong>τῶν</strong></span> <span class='ocrx_word' id='word_1_629' title='bbox 2616 3927 2944 3997; x_wconf 75' lang='grc' dir='ltr'>ἀπορρήτων</span> <span class='ocrx_word' id='word_1_630' title='bbox 2976 3926 3136 3979; x_wconf 81' lang='grc' dir='ltr'>αὐτοῦ</span> <span class='ocrx_word' id='word_1_631' title='bbox 3183 3930 3560 3998; x_wconf 79' lang='grc' dir='ltr'>γεγενημένοι·</span> <span class='ocrx_word' id='word_1_632' title='bbox 3617 3947 3707 3982; x_wconf 89' lang='grc' dir='ltr'>σε-</span> 
     </span>
    </p>
   </div>
   <div class='ocr_carea' id='block_1_87' title="bbox 2134 4017 3706 4089">
    <p class='ocr_par' dir='ltr' id='par_1_87' title="bbox 2134 4017 3706 4089">
     <span class='ocr_line' id='line_1_87' title="bbox 2134 4017 3706 4089; baseline 0.001 -18"><span class='ocrx_word' id='word_1_633' title='bbox 2134 4017 2265 4087; x_wconf 84' lang='grc' dir='ltr'>μνὸς</span> <span class='ocrx_word' id='word_1_634' title='bbox 2302 4017 2404 4088; x_wconf 79' lang='grc' dir='ltr'>μέν</span> <span class='ocrx_word' id='word_1_635' title='bbox 2434 4035 2519 4082; x_wconf 89' lang='grc' dir='ltr'><strong>τις</strong></span> <span class='ocrx_word' id='word_1_636' title='bbox 2550 4021 2661 4082; x_wconf 89' lang='grc' dir='ltr'>τοῖς</span> <span class='ocrx_word' id='word_1_637' title='bbox 2685 4019 2898 4082; x_wconf 86' lang='grc' dir='ltr'>πολλοῖς</span> <span class='ocrx_word' id='word_1_638' title='bbox 2927 4020 3256 4089; x_wconf 73' lang='grc' dir='ltr'>ἐφαντάζετο</span> <span class='ocrx_word' id='word_1_639' title='bbox 3274 4061 3289 4086; x_wconf 94' lang='grc'><strong>,</strong></span> <span class='ocrx_word' id='word_1_640' title='bbox 3334 4022 3428 4074; x_wconf 85' lang='grc' dir='ltr'><strong>καί</strong></span> <span class='ocrx_word' id='word_1_641' title='bbox 3467 4038 3520 4073; x_wconf 85' lang='grc' dir='ltr'><strong>τι</strong></span> <span class='ocrx_word' id='word_1_642' title='bbox 3548 4022 3706 4075; x_wconf 85' lang='grc' dir='ltr'>πλέον</span> 
     </span>
    </p>
   </div>
   <div class='ocr_carea' id='block_1_88' title="bbox 2129 4108 3706 4183">
    <p class='ocr_par' dir='ltr' id='par_1_88' title="bbox 2129 4108 3706 4183">
     <span class='ocr_line' id='line_1_88' title="bbox 2129 4108 3706 4183; baseline 0.001 -21"><span class='ocrx_word' id='word_1_643' title='bbox 2129 4108 2274 4180; x_wconf 72' lang='grc' dir='ltr'>ἔχειν</span> <span class='ocrx_word' id='word_1_644' title='bbox 2300 4109 2452 4181; x_wconf 80' lang='grc' dir='ltr'>παρὰ</span> <span class='ocrx_word' id='word_1_645' title='bbox 2480 4111 2602 4174; x_wconf 77' lang='grc' dir='ltr'>τοὺς</span> <span class='ocrx_word' id='word_1_646' title='bbox 2629 4111 2856 4175; x_wconf 73' lang='grc' dir='ltr'>πολλοὺς</span> <span class='ocrx_word' id='word_1_647' title='bbox 2890 4112 3129 4183; x_wconf 80' lang='grc' dir='ltr'>ἐφρόνει,</span> <span class='ocrx_word' id='word_1_648' title='bbox 3160 4111 3312 4165; x_wconf 80' lang='grc' dir='ltr'>οὐδὲν</span> <span class='ocrx_word' id='word_1_649' title='bbox 3336 4111 3392 4164; x_wconf 83' lang='grc' dir='ltr'>δὲ</span> <span class='ocrx_word' id='word_1_650' title='bbox 3418 4112 3560 4182; x_wconf 84' lang='grc' dir='ltr'>μέγα</span> <span class='ocrx_word' id='word_1_651' title='bbox 3587 4111 3706 4166; x_wconf 78' lang='grc' dir='ltr'>οὐδὲ</span> 
     </span>
    </p>
   </div>
   <div class='ocr_carea' id='block_1_89' title="bbox 2128 4200 3707 4276">
    <p class='ocr_par' dir='ltr' id='par_1_89' title="bbox 2128 4200 3707 4276">
     <span class='ocr_line' id='line_1_89' title="bbox 2128 4200 3707 4276; baseline -0.001 -20"><span class='ocrx_word' id='word_1_652' title='bbox 2128 4200 2230 4271; x_wconf 81' lang='grc' dir='ltr'>τῆς</span> <span class='ocrx_word' id='word_1_653' title='bbox 2258 4201 2604 4266; x_wconf 86' lang='grc' dir='ltr'>ἀναστάσεως</span> <span class='ocrx_word' id='word_1_654' title='bbox 2650 4202 2797 4266; x_wconf 82' lang='grc' dir='ltr'>ἄξιον</span> <span class='ocrx_word' id='word_1_655' title='bbox 2820 4202 3081 4273; x_wconf 79' lang='grc' dir='ltr'>ἐπήγετο,</span> <span class='ocrx_word' id='word_1_656' title='bbox 3111 4207 3159 4257; x_wconf 79' lang='grc' dir='ltr'>εἰ</span> <span class='ocrx_word' id='word_1_657' title='bbox 3191 4207 3263 4276; x_wconf 89' lang='grc' dir='ltr'><strong>μή</strong></span> <span class='ocrx_word' id='word_1_658' title='bbox 3295 4220 3378 4267; x_wconf 88' lang='grc' dir='ltr'><strong>τις</strong></span> <span class='ocrx_word' id='word_1_659' title='bbox 3405 4202 3466 4256; x_wconf 85' lang='grc' dir='ltr'>τὸ</span> <span class='ocrx_word' id='word_1_660' title='bbox 3491 4203 3707 4275; x_wconf 83' lang='grc' dir='ltr'>δολερὸν</span> 
     </span>
    </p>
   </div>
   <div class='ocr_carea' id='block_1_90' title="bbox 2126 4292 3707 4368">
    <p class='ocr_par' dir='ltr' id='par_1_90' title="bbox 2126 4292 3707 4368">
     <span class='ocr_line' id='line_1_90' title="bbox 2126 4292 3707 4368; baseline 0.003 -23"><span class='ocrx_word' id='word_1_661' title='bbox 2126 4292 2225 4346; x_wconf 72' lang='grc' dir='ltr'>καὶ</span> <span class='ocrx_word' id='word_1_662' title='bbox 2256 4292 2485 4347; x_wconf 72' lang='grc' dir='ltr'>ὕπουλον</span> <span class='ocrx_word' id='word_1_663' title='bbox 2512 4293 2659 4363; x_wconf 78' lang='grc' dir='ltr'>λέγει</span> <span class='ocrx_word' id='word_1_664' title='bbox 2698 4293 2791 4347; x_wconf 80' lang='grc' dir='ltr'>τοῦ</span> <span class='ocrx_word' id='word_1_665' title='bbox 2824 4293 3047 4364; x_wconf 88' lang='grc' dir='ltr'>τρόπου,</span> <span class='ocrx_word' id='word_1_666' title='bbox 3082 4297 3179 4349; x_wconf 75' lang='grc' dir='ltr'>καὶ</span> <span class='ocrx_word' id='word_1_667' title='bbox 3209 4297 3270 4349; x_wconf 84' lang='grc' dir='ltr'>τὸ</span> <span class='ocrx_word' id='word_1_668' title='bbox 3301 4296 3597 4368; x_wconf 85' lang='grc' dir='ltr'>διάστροφα</span> <span class='ocrx_word' id='word_1_669' title='bbox 3628 4295 3707 4349; x_wconf 87' lang='grc' dir='ltr'>δι-</span> 
     </span>
    </p>
   </div>
   <div class='ocr_carea' id='block_1_91' title="bbox 2128 4378 3705 4457">
    <p class='ocr_par' dir='ltr' id='par_1_91' title="bbox 2128 4378 3705 4457">
     <span class='ocr_line' id='line_1_91' title="bbox 2128 4378 3705 4457; baseline -0.001 -20"><span class='ocrx_word' id='word_1_670' title='bbox 2128 4378 2283 4447; x_wconf 80' lang='grc' dir='ltr'>δάξαι</span> <span class='ocrx_word' id='word_1_671' title='bbox 2322 4384 2469 4453; x_wconf 82' lang='grc' dir='ltr'>ἡμᾶς</span> <span class='ocrx_word' id='word_1_672' title='bbox 2510 4383 2725 4448; x_wconf 80' lang='grc' dir='ltr'>αὐτοὺς,</span> <span class='ocrx_word' id='word_1_673' title='bbox 2754 4384 2845 4437; x_wconf 87' lang='grc' dir='ltr'><strong>τόν</strong></span> <span class='ocrx_word' id='word_1_674' title='bbox 2883 4401 2943 4439; x_wconf 88' lang='grc' dir='ltr'><strong>τε</strong></span> <span class='ocrx_word' id='word_1_675' title='bbox 2982 4385 3049 4439; x_wconf 90' lang='grc' dir='ltr'>δι’</span> <span class='ocrx_word' id='word_1_676' title='bbox 3083 4386 3299 4457; x_wconf 83' lang='grc' dir='ltr'>ἀπάτης</span> <span class='ocrx_word' id='word_1_677' title='bbox 3340 4385 3526 4456; x_wconf 81' lang='grc' dir='ltr'>τῦφον.</span> <span class='ocrx_word' id='word_1_678' title='bbox 3564 4383 3705 4439; x_wconf 82' lang='grc' dir='ltr'>’Δνθ⁹</span> 
     </span>
    </p>
   </div>
   <div class='ocr_carea' id='block_1_92' title="bbox 447 4466 2031 4555">
    <p class='ocr_par' dir='ltr' id='par_1_92' title="bbox 447 4475 2029 4555">
     <span class='ocr_line' id='line_1_92' title="bbox 447 4475 2029 4555; baseline -0.006 -14"><span class='ocrx_word' id='word_1_679' title='bbox 447 4485 808 4555; x_wconf 87' lang='lat' dir='ltr'><strong>temporibus,</strong></span> <span class='ocrx_word' id='word_1_680' title='bbox 828 4479 1104 4553; x_wconf 86' lang='lat' dir='ltr'><strong>quomodo</strong></span> <span class='ocrx_word' id='word_1_681' title='bbox 1130 4493 1239 4534; x_wconf 91' lang='lat' dir='ltr'><strong>uno</strong></span> <span class='ocrx_word' id='word_1_682' title='bbox 1262 4494 1358 4534; x_wconf 88' lang='lat' dir='ltr'><strong>ore</strong></span> <span class='ocrx_word' id='word_1_683' title='bbox 1390 4477 1535 4533; x_wconf 88' lang='lat' dir='ltr'><strong>facta</strong></span> <span class='ocrx_word' id='word_1_684' title='bbox 1560 4476 1731 4533; x_wconf 87' lang='lat' dir='ltr'><strong>fuisse</strong></span> <span class='ocrx_word' id='word_1_685' title='bbox 1760 4475 2029 4531; x_wconf 81' lang='lat' dir='ltr'><strong>aﬂirmare</strong></span> 
     </span>
    </p>
   </div>
   <div class='ocr_carea' id='block_1_93' title="bbox 2129 4466 3707 4555">
    <p class='ocr_par' dir='ltr' id='par_1_93' title="bbox 2133 4466 3707 4547">
     <span class='ocr_line' id='line_1_93' title="bbox 2133 4466 3707 4547; baseline 0.001 -20"><span class='ocrx_word' id='word_1_686' title='bbox 2133 4466 2229 4537; x_wconf 84' lang='grc' dir='ltr'>ὧν,</span> <span class='ocrx_word' id='word_1_687' title='bbox 2265 4473 2420 4545; x_wconf 85' lang='grc' dir='ltr'>φέρε,</span> <span class='ocrx_word' id='word_1_688' title='bbox 2448 4474 2629 4541; x_wconf 81' lang='grc' dir='ltr'>δεξιὰς</span> <span class='ocrx_word' id='word_1_689' title='bbox 2667 4474 2846 4539; x_wconf 87' lang='grc' dir='ltr'>δόντες</span> <span class='ocrx_word' id='word_1_690' title='bbox 2876 4475 3144 4547; x_wconf 85' lang='grc' dir='ltr'>ἀλλήλοις,</span> <span class='ocrx_word' id='word_1_691' title='bbox 3176 4476 3313 4547; x_wconf 81' lang='grc' dir='ltr'>ὁμοῦ</span> <span class='ocrx_word' id='word_1_692' title='bbox 3352 4477 3553 4541; x_wconf 87' lang='grc' dir='ltr'>πάντες</span> <span class='ocrx_word' id='word_1_693' title='bbox 3583 4493 3707 4531; x_wconf 88' lang='grc' dir='ltr'>συν-</span> 
     </span>
    </p>
   </div>
   <div class='ocr_carea' id='block_1_94' title="bbox 449 4566 2028 4645">
    <p class='ocr_par' dir='ltr' id='par_1_94' title="bbox 449 4566 2028 4645">
     <span class='ocr_line' id='line_1_94' title="bbox 449 4566 2028 4645; baseline -0.007 -12"><span class='ocrx_word' id='word_1_694' title='bbox 449 4579 571 4633; x_wconf 86' lang='lat' dir='ltr'><strong>ausi</strong></span> <span class='ocrx_word' id='word_1_695' title='bbox 596 4584 803 4644; x_wconf 88' lang='lat' dir='ltr'><strong>essent,</strong></span> <span class='ocrx_word' id='word_1_696' title='bbox 839 4581 1014 4629; x_wconf 84' lang='lat' dir='ltr'><strong>morte</strong></span> <span class='ocrx_word' id='word_1_697' title='bbox 1038 4586 1257 4645; x_wconf 84' lang='lat' dir='ltr'><strong>quoque</strong></span> <span class='ocrx_word' id='word_1_698' title='bbox 1281 4571 1402 4641; x_wconf 89' lang='lat' dir='ltr'><strong>ipsa</strong></span> <span class='ocrx_word' id='word_1_699' title='bbox 1435 4568 1857 4640; x_wconf 87' lang='lat' dir='ltr'><strong>comprobantes</strong></span> <span class='ocrx_word' id='word_1_700' title='bbox 1879 4566 2028 4637; x_wconf 90' lang='lat' dir='ltr'><strong>quod</strong></span> 
     </span>
    </p>
   </div>
   <div class='ocr_carea' id='block_1_95' title="bbox 447 4661 2030 4737">
    <p class='ocr_par' dir='ltr' id='par_1_95' title="bbox 447 4661 2030 4737">
     <span class='ocr_line' id='line_1_95' title="bbox 447 4661 2030 4737; baseline -0.006 -10"><span class='ocrx_word' id='word_1_701' title='bbox 447 4670 732 4728; x_wconf 84' lang='lat' dir='ltr'><strong>dicerent?</strong></span> <span class='ocrx_word' id='word_1_702' title='bbox 760 4666 1023 4737; x_wconf 91' lang='lat' dir='ltr'><strong>numquid</strong></span> <span class='ocrx_word' id='word_1_703' title='bbox 1056 4667 1188 4721; x_wconf 83' lang='lat' dir='ltr'><strong>olim</strong></span> <span class='ocrx_word' id='word_1_704' title='bbox 1212 4663 1495 4736; x_wconf 87' lang='lat' dir='ltr'><strong>congressi</strong></span> <span class='ocrx_word' id='word_1_705' title='bbox 1529 4671 1583 4719; x_wconf 91' lang='lat' dir='ltr'><strong>et</strong></span> <span class='ocrx_word' id='word_1_706' title='bbox 1620 4661 2030 4733; x_wconf 87' lang='lat' dir='ltr'><strong>conspiratione</strong></span> 
     </span>
    </p>
   </div>
   <div class='ocr_carea' id='block_1_96' title="bbox 449 4747 2029 4819">
    <p class='ocr_par' dir='ltr' id='par_1_96' title="bbox 449 4747 2029 4819">
     <span class='ocr_line' id='line_1_96' title="bbox 449 4747 2029 4819; baseline -0.009 -2"><span class='ocrx_word' id='word_1_707' title='bbox 449 4761 518 4817; x_wconf 85' lang='lat' dir='ltr'><strong>ad</strong></span> <span class='ocrx_word' id='word_1_708' title='bbox 552 4760 696 4816; x_wconf 90' lang='lat' dir='ltr'><strong>idem</strong></span> <span class='ocrx_word' id='word_1_709' title='bbox 747 4756 1095 4814; x_wconf 82' lang='lat' dir='ltr'><strong>sentiendum</strong></span> <span class='ocrx_word' id='word_1_710' title='bbox 1156 4754 1321 4812; x_wconf 82' lang='lat' dir='ltr'><strong>facta.</strong></span> <span class='ocrx_word' id='word_1_711' title='bbox 1358 4750 1537 4806; x_wconf 63' lang='lat' dir='ltr'><strong>foedus</strong></span> <span class='ocrx_word' id='word_1_712' title='bbox 1581 4750 1725 4806; x_wconf 89' lang='lat' dir='ltr'><strong>inter</strong></span> <span class='ocrx_word' id='word_1_713' title='bbox 1769 4764 1829 4805; x_wconf 91' lang='lat' dir='ltr'><strong>se</strong></span> <span class='ocrx_word' id='word_1_714' title='bbox 1877 4747 2029 4819; x_wconf 92' lang='lat' dir='ltr'><strong>pepi-</strong></span> 
     </span>
    </p>
   </div>
   <div class='ocr_carea' id='block_1_97' title="bbox 449 4845 2029 4925">
    <p class='ocr_par' dir='ltr' id='par_1_97' title="bbox 449 4845 2029 4925">
     <span class='ocr_line' id='line_1_97' title="bbox 449 4845 2029 4925; baseline -0.008 -17"><span class='ocrx_word' id='word_1_715' title='bbox 449 4859 667 4925; x_wconf 84' lang='lat' dir='ltr'><strong>gerunt,</strong></span> <span class='ocrx_word' id='word_1_716' title='bbox 694 4865 803 4920; x_wconf 89' lang='lat' dir='ltr'><strong>quo</strong></span> <span class='ocrx_word' id='word_1_717' title='bbox 838 4848 1101 4917; x_wconf 80' lang='lat' dir='ltr'><strong>ﬁngerent</strong></span> <span class='ocrx_word' id='word_1_718' title='bbox 1131 4845 1636 4913; x_wconf 85' lang='lat' dir='ltr'><strong>ementirenturque</strong></span> <span class='ocrx_word' id='word_1_719' title='bbox 1659 4856 1723 4896; x_wconf 90' lang='lat' dir='ltr'><strong>ea</strong></span> <span class='ocrx_word' id='word_1_720' title='bbox 1747 4856 1867 4912; x_wconf 58' lang='lat' dir='ltr'><strong>qua;</strong></span> <span class='ocrx_word' id='word_1_721' title='bbox 1894 4855 2029 4896; x_wconf 86' lang='lat' dir='ltr'><strong>nus-</strong></span> 
     </span>
    </p>
   </div>
   <div class='ocr_carea' id='block_1_98' title="bbox 450 4934 2027 5016">
    <p class='ocr_par' dir='ltr' id='par_1_98' title="bbox 450 4934 2027 5016">
     <span class='ocr_line' id='line_1_98' title="bbox 450 4934 2027 5016; baseline -0.008 -16"><span class='ocrx_word' id='word_1_722' title='bbox 450 4961 614 5016; x_wconf 87' lang='lat' dir='ltr'><strong>quam</strong></span> <span class='ocrx_word' id='word_1_723' title='bbox 662 4941 802 4999; x_wconf 83' lang='lat' dir='ltr'><strong>facla</strong></span> <span class='ocrx_word' id='word_1_724' title='bbox 835 4939 1055 4997; x_wconf 89' lang='lat' dir='ltr'><strong>essent?</strong></span> <span class='ocrx_word' id='word_1_725' title='bbox 1079 4948 1133 4994; x_wconf 90' lang='lat' dir='ltr'><strong>et</strong></span> <span class='ocrx_word' id='word_1_726' title='bbox 1163 4936 1364 5008; x_wconf 89' lang='lat' dir='ltr'><strong>quibus</strong></span> <span class='ocrx_word' id='word_1_727' title='bbox 1398 4934 1695 4991; x_wconf 73' lang='lat' dir='ltr'><strong>verisimile</strong></span> <span class='ocrx_word' id='word_1_728' title='bbox 1735 4934 1885 4990; x_wconf 88' lang='lat' dir='ltr'><strong>dictu</strong></span> <span class='ocrx_word' id='word_1_729' title='bbox 1919 4940 2027 4997; x_wconf 87' lang='lat' dir='ltr'><strong>est,</strong></span> 
     </span>
    </p>
   </div>
   <div class='ocr_carea' id='block_1_99' title="bbox 450 5026 2030 5093">
    <p class='ocr_par' dir='ltr' id='par_1_99' title="bbox 450 5026 2030 5093">
     <span class='ocr_line' id='line_1_99' title="bbox 450 5026 2030 5093; baseline -0.008 0"><span class='ocrx_word' id='word_1_730' title='bbox 450 5039 574 5093; x_wconf 88' lang='lat' dir='ltr'><strong>illos</strong></span> <span class='ocrx_word' id='word_1_731' title='bbox 600 5051 722 5093; x_wconf 86' lang='lat' dir='ltr'><strong>esse</strong></span> <span class='ocrx_word' id='word_1_732' title='bbox 751 5049 885 5090; x_wconf 92' lang='lat' dir='ltr'><strong>usos</strong></span> <span class='ocrx_word' id='word_1_733' title='bbox 914 5032 1099 5088; x_wconf 81' lang='lat' dir='ltr'><strong>verbis</strong></span> <span class='ocrx_word' id='word_1_734' title='bbox 1130 5031 1186 5084; x_wconf 93' lang='lat' dir='ltr'><strong>in</strong></span> <span class='ocrx_word' id='word_1_735' title='bbox 1223 5029 1468 5084; x_wconf 70' lang='lat' dir='ltr'><strong>fmdere?</strong></span> <span class='ocrx_word' id='word_1_736' title='bbox 1494 5042 1627 5082; x_wconf 90' lang='lat' dir='ltr'><strong>num</strong></span> <span class='ocrx_word' id='word_1_737' title='bbox 1655 5027 1884 5083; x_wconf 79' lang='lat' dir='ltr'><strong>forsitan</strong></span> <span class='ocrx_word' id='word_1_738' title='bbox 1905 5026 2030 5081; x_wconf 89' lang='lat' dir='ltr'><strong>tali-</strong></span> 
     </span>
    </p>
   </div>
   <div class='ocr_carea' id='block_1_100' title="bbox 448 5119 2030 5193">
    <p class='ocr_par' dir='ltr' id='par_1_100' title="bbox 448 5119 2030 5193">
     <span class='ocr_line' id='line_1_100' title="bbox 448 5119 2030 5193; baseline -0.009 -7"><span class='ocrx_word' id='word_1_739' title='bbox 448 5130 591 5186; x_wconf 88' lang='lat' dir='ltr'><strong>bus?</strong></span> <span class='ocrx_word' id='word_1_740' title='bbox 621 5127 734 5181; x_wconf 82' lang='lat' dir='ltr'><strong>Viri</strong></span> <span class='ocrx_word' id='word_1_741' title='bbox 792 5125 978 5187; x_wconf 91' lang='lat' dir='ltr'><strong>amici,</strong></span> <span class='ocrx_word' id='word_1_742' title='bbox 1014 5125 1306 5193; x_wconf 87' lang='lat' dir='ltr'><strong>quisquam</strong></span> <span class='ocrx_word' id='word_1_743' title='bbox 1352 5121 1519 5176; x_wconf 86' lang='lat' dir='ltr'><strong>fuerit</strong></span> <span class='ocrx_word' id='word_1_744' title='bbox 1556 5120 1650 5174; x_wconf 90' lang='lat' dir='ltr'><strong>ille</strong></span> <span class='ocrx_word' id='word_1_745' title='bbox 1683 5120 1777 5191; x_wconf 92' lang='lat' dir='ltr'><strong>qui</strong></span> <span class='ocrx_word' id='word_1_746' title='bbox 1808 5119 1926 5173; x_wconf 89' lang='lat' dir='ltr'><strong>beri</strong></span> <span class='ocrx_word' id='word_1_747' title='bbox 1966 5133 2030 5172; x_wconf 93' lang='lat' dir='ltr'><strong>ac</strong></span> 
     </span>
    </p>
   </div>
   <div class='ocr_carea' id='block_1_101' title="bbox 449 5208 2033 5292">
    <p class='ocr_par' dir='ltr' id='par_1_101' title="bbox 449 5208 2033 5292">
     <span class='ocr_line' id='line_1_101' title="bbox 449 5208 2033 5292; baseline -0.009 -16"><span class='ocrx_word' id='word_1_748' title='bbox 449 5235 625 5292; x_wconf 87' lang='lat' dir='ltr'><strong>nuper</strong></span> <span class='ocrx_word' id='word_1_749' title='bbox 656 5216 974 5279; x_wconf 88' lang='lat' dir='ltr'><strong>seducebat,</strong></span> <span class='ocrx_word' id='word_1_750' title='bbox 1007 5229 1072 5268; x_wconf 90' lang='lat' dir='ltr'><strong>ac</strong></span> <span class='ocrx_word' id='word_1_751' title='bbox 1094 5212 1431 5282; x_wconf 86' lang='lat' dir='ltr'><strong>deceptionis</strong></span> <span class='ocrx_word' id='word_1_752' title='bbox 1461 5217 1577 5266; x_wconf 89' lang='lat' dir='ltr'><strong>erat</strong></span> <span class='ocrx_word' id='word_1_753' title='bbox 1607 5211 1886 5279; x_wconf 90' lang='lat' dir='ltr'><strong>magister,</strong></span> <span class='ocrx_word' id='word_1_754' title='bbox 1916 5208 2033 5280; x_wconf 84' lang='lat' dir='ltr'><strong>qui-</strong></span> 
     </span>
    </p>
   </div>
   <div class='ocr_carea' id='block_1_102' title="bbox 450 5298 2031 5383">
    <p class='ocr_par' dir='ltr' id='par_1_102' title="bbox 450 5298 2031 5383">
     <span class='ocr_line' id='line_1_102' title="bbox 450 5298 2031 5383; baseline -0.009 -17"><span class='ocrx_word' id='word_1_755' title='bbox 450 5327 557 5383; x_wconf 89' lang='lat' dir='ltr'><strong>que</strong></span> <span class='ocrx_word' id='word_1_756' title='bbox 586 5310 645 5365; x_wconf 91' lang='lat' dir='ltr'><strong>in</strong></span> <span class='ocrx_word' id='word_1_757' title='bbox 674 5307 852 5363; x_wconf 85' lang='lat' dir='ltr'><strong>oculis</strong></span> <span class='ocrx_word' id='word_1_758' title='bbox 885 5304 1133 5361; x_wconf 87' lang='lat' dir='ltr'><strong>onmium</strong></span> <span class='ocrx_word' id='word_1_759' title='bbox 1166 5303 1369 5358; x_wconf 87' lang='lat' dir='ltr'><strong>nostris</strong></span> <span class='ocrx_word' id='word_1_760' title='bbox 1399 5310 1703 5357; x_wconf 80' lang='lat' dir='ltr'><strong>extremum</strong></span> <span class='ocrx_word' id='word_1_761' title='bbox 1725 5298 1875 5356; x_wconf 89' lang='lat' dir='ltr'><strong>dedit</strong></span> <span class='ocrx_word' id='word_1_762' title='bbox 1901 5315 2031 5369; x_wconf 90' lang='lat' dir='ltr'><strong>sup-</strong></span> 
     </span>
    </p>
   </div>
   <div class='ocr_carea' id='block_1_103' title="bbox 450 5390 2025 5474">
    <p class='ocr_par' dir='ltr' id='par_1_103' title="bbox 450 5390 2025 5474">
     <span class='ocr_line' id='line_1_103' title="bbox 450 5390 2025 5474; baseline -0.009 -18"><span class='ocrx_word' id='word_1_763' title='bbox 450 5403 697 5474; x_wconf 91' lang='lat' dir='ltr'><strong>plicium,</strong></span> <span class='ocrx_word' id='word_1_764' title='bbox 732 5401 833 5470; x_wconf 92' lang='lat' dir='ltr'><strong>ipsi</strong></span> <span class='ocrx_word' id='word_1_765' title='bbox 870 5397 1189 5468; x_wconf 86' lang='lat' dir='ltr'><strong>planissime</strong></span> <span class='ocrx_word' id='word_1_766' title='bbox 1214 5393 1750 5465; x_wconf 63' lang='lat' dir='ltr'><strong>exquisitissimeque</strong></span> <span class='ocrx_word' id='word_1_767' title='bbox 1783 5390 2025 5445; x_wconf 90' lang='lat' dir='ltr'><strong>omnium</strong></span> 
     </span>
    </p>
   </div>
   <div class='ocr_carea' id='block_1_104' title="bbox 449 5484 2031 5561">
    <p class='ocr_par' dir='ltr' id='par_1_104' title="bbox 449 5484 2031 5561">
     <span class='ocr_line' id='line_1_104' title="bbox 449 5484 2031 5561; baseline -0.009 -11"><span class='ocrx_word' id='word_1_768' title='bbox 449 5495 727 5556; x_wconf 83' lang='lat' dir='ltr'><strong>novimus,</strong></span> <span class='ocrx_word' id='word_1_769' title='bbox 765 5500 968 5561; x_wconf 81' lang='lat' dir='ltr'><strong>utpote,</strong></span> <span class='ocrx_word' id='word_1_770' title='bbox 1005 5491 1097 5561; x_wconf 91' lang='lat' dir='ltr'><strong>qui</strong></span> <span class='ocrx_word' id='word_1_771' title='bbox 1136 5496 1190 5544; x_wconf 87' lang='lat' dir='ltr'><strong>et</strong></span> <span class='ocrx_word' id='word_1_772' title='bbox 1219 5487 1497 5557; x_wconf 88' lang='lat' dir='ltr'><strong>discipuli,</strong></span> <span class='ocrx_word' id='word_1_773' title='bbox 1526 5496 1580 5539; x_wconf 87' lang='lat' dir='ltr'><strong>et</strong></span> <span class='ocrx_word' id='word_1_774' title='bbox 1616 5484 1762 5539; x_wconf 83' lang='lat' dir='ltr'><strong>illius</strong></span> <span class='ocrx_word' id='word_1_775' title='bbox 1802 5497 2031 5538; x_wconf 89' lang='lat' dir='ltr'><strong>arcano-</strong></span> 
     </span>
    </p>
   </div>
   <div class='ocr_carea' id='block_1_105' title="bbox 451 5574 2029 5651">
    <p class='ocr_par' dir='ltr' id='par_1_105' title="bbox 451 5574 2029 5651">
     <span class='ocr_line' id='line_1_105' title="bbox 451 5574 2029 5651; baseline -0.008 -11"><span class='ocrx_word' id='word_1_776' title='bbox 451 5602 575 5641; x_wconf 86' lang='lat' dir='ltr'><strong>rum</strong></span> <span class='ocrx_word' id='word_1_777' title='bbox 622 5585 829 5639; x_wconf 89' lang='lat' dir='ltr'><strong>conscii</strong></span> <span class='ocrx_word' id='word_1_778' title='bbox 880 5583 1187 5638; x_wconf 78' lang='lat' dir='ltr'><strong>fuerimus:</strong></span> <span class='ocrx_word' id='word_1_779' title='bbox 1221 5579 1421 5651; x_wconf 84' lang='lat' dir='ltr'><strong>dignus</strong></span> <span class='ocrx_word' id='word_1_780' title='bbox 1456 5578 1545 5632; x_wconf 90' lang='lat' dir='ltr'><strong>ille</strong></span> <span class='ocrx_word' id='word_1_781' title='bbox 1590 5576 1810 5647; x_wconf 90' lang='lat' dir='ltr'><strong>quidem</strong></span> <span class='ocrx_word' id='word_1_782' title='bbox 1848 5574 2029 5643; x_wconf 85' lang='lat' dir='ltr'><strong>aliqua</strong></span> 
     </span>
    </p>
   </div>
   <div class='ocr_carea' id='block_1_106' title="bbox 428 5671 2029 5740">
    <p class='ocr_par' dir='ltr' id='par_1_106' title="bbox 428 5671 2029 5740">
     <span class='ocr_line' id='line_1_106' title="bbox 428 5671 2029 5740; baseline -0.007 -3"><span class='ocrx_word' id='word_1_783' title='bbox 428 5680 800 5737; x_wconf 70' lang='lat' dir='ltr'><strong>veneratione</strong></span> <span class='ocrx_word' id='word_1_784' title='bbox 838 5692 868 5732; x_wconf 89' lang='lat' dir='ltr'><strong>a</strong></span> <span class='ocrx_word' id='word_1_785' title='bbox 897 5676 1084 5733; x_wconf 87' lang='lat' dir='ltr'><strong>multis</strong></span> <span class='ocrx_word' id='word_1_786' title='bbox 1122 5675 1468 5740; x_wconf 81' lang='lat' dir='ltr'><strong>censebatur,</strong></span> <span class='ocrx_word' id='word_1_787' title='bbox 1501 5672 1596 5730; x_wconf 87' lang='lat' dir='ltr'><strong>sed</strong></span> <span class='ocrx_word' id='word_1_788' title='bbox 1630 5679 1809 5727; x_wconf 87' lang='lat' dir='ltr'><strong>tamen</strong></span> <span class='ocrx_word' id='word_1_789' title='bbox 1850 5671 2029 5726; x_wconf 87' lang='lat' dir='ltr'><strong>omnis</strong></span> 
     </span>
    </p>
   </div>
   <div class='ocr_carea' id='block_1_107' title="bbox 2131 4565 3707 4640">
    <p class='ocr_par' dir='ltr' id='par_1_107' title="bbox 2131 4565 3707 4640">
     <span class='ocr_line' id='line_1_107' title="bbox 2131 4565 3707 4640; baseline 0 -19"><span class='ocrx_word' id='word_1_790' title='bbox 2131 4565 2355 4638; x_wconf 82' lang='grc' dir='ltr'>θώμεθα</span> <span class='ocrx_word' id='word_1_791' title='bbox 2379 4568 2507 4640; x_wconf 73' lang='grc' dir='ltr'>περὶ</span> <span class='ocrx_word' id='word_1_792' title='bbox 2532 4568 2697 4621; x_wconf 79' lang='grc' dir='ltr'>αὐτοῦ</span> <span class='ocrx_word' id='word_1_793' title='bbox 2730 4568 3018 4640; x_wconf 81' lang='grc' dir='ltr'>σύμφωνον</span> <span class='ocrx_word' id='word_1_794' title='bbox 3049 4567 3357 4638; x_wconf 79' lang='grc' dir='ltr'>ἐξενεγκεῖν</span> <span class='ocrx_word' id='word_1_795' title='bbox 3380 4568 3461 4631; x_wconf 81' lang='grc' dir='ltr'>εἰς</span> <span class='ocrx_word' id='word_1_796' title='bbox 3499 4568 3707 4632; x_wconf 84' lang='grc' dir='ltr'>πάντας</span> 
     </span>
    </p>
   </div>
   <div class='ocr_carea' id='block_1_108' title="bbox 2130 4657 3708 4733">
    <p class='ocr_par' dir='ltr' id='par_1_108' title="bbox 2130 4657 3708 4733">
     <span class='ocr_line' id='line_1_108' title="bbox 2130 4657 3708 4733; baseline 0 -20"><span class='ocrx_word' id='word_1_797' title='bbox 2130 4657 2451 4732; x_wconf 83' lang='grc' dir='ltr'>ἀνθρώπους</span> <span class='ocrx_word' id='word_1_798' title='bbox 2493 4660 2722 4733; x_wconf 87' lang='grc' dir='ltr'>πλάνην,</span> <span class='ocrx_word' id='word_1_799' title='bbox 2770 4663 2863 4715; x_wconf 75' lang='grc' dir='ltr'><strong>καὶ</strong></span> <span class='ocrx_word' id='word_1_800' title='bbox 2895 4662 3142 4733; x_wconf 83' lang='grc' dir='ltr'>λέγωμεν</span> <span class='ocrx_word' id='word_1_801' title='bbox 3191 4661 3496 4733; x_wconf 79' lang='grc' dir='ltr'>ἑωρακέναι</span> <span class='ocrx_word' id='word_1_802' title='bbox 3543 4661 3708 4715; x_wconf 81' lang='grc' dir='ltr'>αὐτὸν</span> 
     </span>
    </p>
   </div>
   <div class='ocr_carea' id='block_1_109' title="bbox 2130 4751 3708 4826">
    <p class='ocr_par' dir='ltr' id='par_1_109' title="bbox 2130 4751 3708 4826">
     <span class='ocr_line' id='line_1_109' title="bbox 2130 4751 3708 4826; baseline -0.001 -21"><span class='ocrx_word' id='word_1_803' title='bbox 2130 4752 2350 4821; x_wconf 82' lang='grc' dir='ltr'>τυφλοῖς</span> <span class='ocrx_word' id='word_1_804' title='bbox 2377 4752 2437 4805; x_wconf 83' lang='grc' dir='ltr'><strong>τὸ</strong></span> <span class='ocrx_word' id='word_1_805' title='bbox 2460 4751 2676 4823; x_wconf 82' lang='grc' dir='ltr'>βλέπειν</span> <span class='ocrx_word' id='word_1_806' title='bbox 2702 4756 3116 4826; x_wconf 76' lang='grc' dir='ltr'>κεχαρισμένον,</span> <span class='ocrx_word' id='word_1_807' title='bbox 3142 4754 3171 4808; x_wconf 81' lang='grc' dir='ltr'><strong>ὃ</strong></span> <span class='ocrx_word' id='word_1_808' title='bbox 3200 4753 3373 4816; x_wconf 80' lang='grc' dir='ltr'>οὐδείς</span> <span class='ocrx_word' id='word_1_809' title='bbox 3402 4752 3520 4807; x_wconf 84' lang='grc' dir='ltr'>ποθ’</span> <span class='ocrx_word' id='word_1_810' title='bbox 3550 4752 3708 4824; x_wconf 79' lang='grc' dir='ltr'>ἡμῶν</span> 
     </span>
    </p>
   </div>
   <div class='ocr_carea' id='block_1_110' title="bbox 2135 4843 3708 4917">
    <p class='ocr_par' dir='ltr' id='par_1_110' title="bbox 2135 4843 3708 4917">
     <span class='ocr_line' id='line_1_110' title="bbox 2135 4843 3708 4917; baseline 0 -21"><span class='ocrx_word' id='word_1_811' title='bbox 2135 4843 2418 4916; x_wconf 81' lang='grc' dir='ltr'>ἱστόρησε·</span> <span class='ocrx_word' id='word_1_812' title='bbox 2453 4844 2548 4899; x_wconf 74' lang='grc' dir='ltr'><strong>καὶ</strong></span> <span class='ocrx_word' id='word_1_813' title='bbox 2577 4848 2780 4915; x_wconf 87' lang='grc' dir='ltr'>κωφοῖς</span> <span class='ocrx_word' id='word_1_814' title='bbox 2806 4846 2905 4917; x_wconf 80' lang='grc' dir='ltr'>τὴν</span> <span class='ocrx_word' id='word_1_815' title='bbox 2932 4845 3101 4917; x_wconf 78' lang='grc' dir='ltr'>ἀκοὴν</span> <span class='ocrx_word' id='word_1_816' title='bbox 3131 4846 3454 4915; x_wconf 86' lang='grc' dir='ltr'>παρασχεῖν,</span> <span class='ocrx_word' id='word_1_817' title='bbox 3483 4843 3511 4895; x_wconf 83' lang='grc' dir='ltr'><strong>ὃ</strong></span> <span class='ocrx_word' id='word_1_818' title='bbox 3534 4844 3708 4907; x_wconf 70' lang='grc' dir='ltr'>οὐδεὶς</span> 
     </span>
    </p>
   </div>
   <div class='ocr_carea' id='block_1_111' title="bbox 2132 4934 3708 5009">
    <p class='ocr_par' dir='ltr' id='par_1_111' title="bbox 2132 4934 3708 5009">
     <span class='ocr_line' id='line_1_111' title="bbox 2132 4934 3708 5009; baseline 0.001 -22"><span class='ocrx_word' id='word_1_819' title='bbox 2132 4934 2252 4988; x_wconf 82' lang='grc' dir='ltr'>ποθ’</span> <span class='ocrx_word' id='word_1_820' title='bbox 2282 4935 2438 5007; x_wconf 84' lang='grc' dir='ltr'>ἡμῶν</span> <span class='ocrx_word' id='word_1_821' title='bbox 2485 4936 2714 5007; x_wconf 72' lang='grc' dir='ltr'>ἤκουσε·</span> <span class='ocrx_word' id='word_1_822' title='bbox 2757 4936 2989 5009; x_wconf 87' lang='grc' dir='ltr'>λεπρούς</span> <span class='ocrx_word' id='word_1_823' title='bbox 3030 4953 3091 4989; x_wconf 89' lang='grc' dir='ltr'><strong>τε</strong></span> <span class='ocrx_word' id='word_1_824' title='bbox 3129 4935 3446 5008; x_wconf 83' lang='grc' dir='ltr'>καθαρίσαι,</span> <span class='ocrx_word' id='word_1_825' title='bbox 3488 4937 3582 4990; x_wconf 69' lang='grc' dir='ltr'>καὶ</span> <span class='ocrx_word' id='word_1_826' title='bbox 3620 4953 3708 4989; x_wconf 84' lang='grc' dir='ltr'>νε·-</span> 
     </span>
    </p>
   </div>
   <div class='ocr_carea' id='block_1_112' title="bbox 2132 5027 3709 5101">
    <p class='ocr_par' dir='ltr' id='par_1_112' title="bbox 2132 5027 3709 5101">
     <span class='ocr_line' id='line_1_112' title="bbox 2132 5027 3709 5101; baseline 0 -21"><span class='ocrx_word' id='word_1_827' title='bbox 2132 5027 2298 5100; x_wconf 84' lang='grc' dir='ltr'>κροὺς</span> <span class='ocrx_word' id='word_1_828' title='bbox 2323 5028 2533 5101; x_wconf 79' lang='grc' dir='ltr'>ἐγεῖραι</span> <span class='ocrx_word' id='word_1_829' title='bbox 2550 5044 2564 5060; x_wconf 77' lang='grc' dir='ltr'><strong>ο</strong></span> <span class='ocrx_word' id='word_1_830' title='bbox 2597 5031 2692 5084; x_wconf 70' lang='grc' dir='ltr'><strong>καὶ</strong></span> <span class='ocrx_word' id='word_1_831' title='bbox 2721 5028 3021 5100; x_wconf 83' lang='grc' dir='ltr'>συλλήϐδην</span> <span class='ocrx_word' id='word_1_832' title='bbox 3045 5029 3243 5093; x_wconf 77' lang='grc' dir='ltr'>εἰπεῖν,</span> <span class='ocrx_word' id='word_1_833' title='bbox 3269 5027 3307 5081; x_wconf 76' lang='grc' dir='ltr'><strong>ἀ</strong></span> <span class='ocrx_word' id='word_1_834' title='bbox 3336 5029 3473 5099; x_wconf 88' lang='grc' dir='ltr'>μήτε</span> <span class='ocrx_word' id='word_1_835' title='bbox 3496 5027 3709 5098; x_wconf 74' lang='grc' dir='ltr'>εἴδομεν</span> 
     </span>
    </p>
   </div>
   <div class='ocr_carea' id='block_1_113' title="bbox 2130 5118 3705 5194">
    <p class='ocr_par' dir='ltr' id='par_1_113' title="bbox 2130 5118 3705 5194">
     <span class='ocr_line' id='line_1_113' title="bbox 2130 5118 3705 5194; baseline -0.001 -21"><span class='ocrx_word' id='word_1_836' title='bbox 2130 5121 2269 5193; x_wconf 86' lang='grc' dir='ltr'>πρὸς</span> <span class='ocrx_word' id='word_1_837' title='bbox 2300 5122 2464 5175; x_wconf 81' lang='grc' dir='ltr'>αὑτοῦ</span> <span class='ocrx_word' id='word_1_838' title='bbox 2510 5121 2843 5194; x_wconf 79' lang='grc' dir='ltr'>πραχθέντα,</span> <span class='ocrx_word' id='word_1_839' title='bbox 2889 5123 3025 5193; x_wconf 88' lang='grc' dir='ltr'>μήτε</span> <span class='ocrx_word' id='word_1_840' title='bbox 3076 5121 3393 5194; x_wconf 78' lang='grc' dir='ltr'>ἠκούσαμεν</span> <span class='ocrx_word' id='word_1_841' title='bbox 3423 5118 3705 5190; x_wconf 84' lang='grc' dir='ltr'>λεχθέντα,</span> 
     </span>
    </p>
   </div>
   <div class='ocr_carea' id='block_1_114' title="bbox 2129 5211 3707 5287">
    <p class='ocr_par' dir='ltr' id='par_1_114' title="bbox 2129 5211 3707 5287">
     <span class='ocr_line' id='line_1_114' title="bbox 2129 5211 3707 5287; baseline -0.001 -20"><span class='ocrx_word' id='word_1_842' title='bbox 2129 5213 2301 5267; x_wconf 79' lang='grc' dir='ltr'>ταῦτα</span> <span class='ocrx_word' id='word_1_843' title='bbox 2333 5214 2409 5279; x_wconf 85' lang='grc' dir='ltr'>ὠς</span> <span class='ocrx_word' id='word_1_844' title='bbox 2444 5213 2660 5285; x_wconf 86' lang='grc' dir='ltr'>ἀληθῶς</span> <span class='ocrx_word' id='word_1_845' title='bbox 2694 5214 3057 5287; x_wconf 79' lang='grc' dir='ltr'>πεπραγμένα</span> <span class='ocrx_word' id='word_1_846' title='bbox 3097 5211 3510 5283; x_wconf 87' lang='grc' dir='ltr'>διατεινώμεθα.</span> <span class='ocrx_word' id='word_1_847' title='bbox 3569 5211 3707 5265; x_wconf 81' lang='grc' dir='ltr'>Ἀλλ’</span> 
     </span>
    </p>
   </div>
   <div class='ocr_carea' id='block_1_115' title="bbox 2131 5303 3709 5379">
    <p class='ocr_par' dir='ltr' id='par_1_115' title="bbox 2131 5303 3709 5379">
     <span class='ocr_line' id='line_1_115' title="bbox 2131 5303 3709 5379; baseline -0.001 -21"><span class='ocrx_word' id='word_1_848' title='bbox 2131 5307 2252 5360; x_wconf 79' lang='grc' dir='ltr'>ἐπεὶ</span> <span class='ocrx_word' id='word_1_849' title='bbox 2294 5307 2387 5361; x_wconf 74' lang='grc' dir='ltr'><strong>καὶ</strong></span> <span class='ocrx_word' id='word_1_850' title='bbox 2429 5309 2462 5377; x_wconf 90' lang='grc' dir='ltr'>ὴ</span> <span class='ocrx_word' id='word_1_851' title='bbox 2510 5305 2712 5379; x_wconf 81' lang='grc' dir='ltr'>ἐσχάτη</span> <span class='ocrx_word' id='word_1_852' title='bbox 2747 5307 2912 5360; x_wconf 81' lang='grc' dir='ltr'>αὐτοῦ</span> <span class='ocrx_word' id='word_1_853' title='bbox 2951 5307 3176 5379; x_wconf 84' lang='grc' dir='ltr'>τελευτὴ</span> <span class='ocrx_word' id='word_1_854' title='bbox 3228 5304 3550 5378; x_wconf 76' lang='grc' dir='ltr'>περιϐόητον</span> <span class='ocrx_word' id='word_1_855' title='bbox 3583 5303 3709 5373; x_wconf 75' lang='grc' dir='ltr'>ἔσχε</span> 
     </span>
    </p>
   </div>
   <div class='ocr_carea' id='block_1_116' title="bbox 2134 5396 3710 5469">
    <p class='ocr_par' dir='ltr' id='par_1_116' title="bbox 2134 5396 3710 5469">
     <span class='ocr_line' id='line_1_116' title="bbox 2134 5396 3710 5469; baseline -0.001 -19"><span class='ocrx_word' id='word_1_856' title='bbox 2134 5401 2232 5450; x_wconf 60' lang='grc' dir='ltr'><strong>καλ⁵</strong></span> <span class='ocrx_word' id='word_1_857' title='bbox 2287 5396 2517 5467; x_wconf 85' lang='grc' dir='ltr'>διαφανῆ</span> <span class='ocrx_word' id='word_1_858' title='bbox 2567 5397 2659 5449; x_wconf 84' lang='grc' dir='ltr'><strong>τὸν</strong></span> <span class='ocrx_word' id='word_1_859' title='bbox 2705 5396 2952 5461; x_wconf 87' lang='grc' dir='ltr'>θάνατον,</span> <span class='ocrx_word' id='word_1_860' title='bbox 3003 5398 3079 5462; x_wconf 87' lang='grc' dir='ltr'>ὡς</span> <span class='ocrx_word' id='word_1_861' title='bbox 3126 5399 3201 5469; x_wconf 83' lang='grc' dir='ltr'>μὴ</span> <span class='ocrx_word' id='word_1_862' title='bbox 3251 5396 3508 5451; x_wconf 89' lang='grc' dir='ltr'>δύνασθαι</span> <span class='ocrx_word' id='word_1_863' title='bbox 3546 5396 3710 5450; x_wconf 80' lang='grc' dir='ltr'>αὐτὸν</span> 
     </span>
    </p>
   </div>
   <div class='ocr_carea' id='block_1_117' title="bbox 2136 5485 3712 5559">
    <p class='ocr_par' dir='ltr' id='par_1_117' title="bbox 2136 5485 3712 5559">
     <span class='ocr_line' id='line_1_117' title="bbox 2136 5485 3712 5559; baseline 0 -21"><span class='ocrx_word' id='word_1_864' title='bbox 2136 5486 2564 5556; x_wconf 84' lang='grc' dir='ltr'>ἐπικρύψασθαι,</span> <span class='ocrx_word' id='word_1_865' title='bbox 2604 5487 2739 5541; x_wconf 84' lang='grc' dir='ltr'>ἀλλὰ</span> <span class='ocrx_word' id='word_1_866' title='bbox 2780 5488 2873 5541; x_wconf 59' lang='grc' dir='ltr'><strong>κοιλ⁸</strong></span> <span class='ocrx_word' id='word_1_867' title='bbox 2906 5488 3094 5541; x_wconf 82' lang='grc' dir='ltr'>τοῦτον</span> <span class='ocrx_word' id='word_1_868' title='bbox 3137 5489 3298 5559; x_wconf 83' lang='grc' dir='ltr'>ἡμεῖς</span> <span class='ocrx_word' id='word_1_869' title='bbox 3338 5485 3712 5558; x_wconf 63' lang='grc' dir='ltr'>ἀδωτρὲπτως</span> 
     </span>
    </p>
   </div>
   <div class='ocr_carea' id='block_1_118' title="bbox 2138 5576 3710 5653">
    <p class='ocr_par' dir='ltr' id='par_1_118' title="bbox 2138 5576 3710 5653">
     <span class='ocr_line' id='line_1_118' title="bbox 2138 5576 3710 5653; baseline -0.001 -21"><span class='ocrx_word' id='word_1_870' title='bbox 2138 5579 2505 5650; x_wconf 83' lang='grc' dir='ltr'>ὲπιλυώμεθα,</span> <span class='ocrx_word' id='word_1_871' title='bbox 2540 5582 2939 5653; x_wconf 79' lang='grc' dir='ltr'>μαρτυροῦντες</span> <span class='ocrx_word' id='word_1_872' title='bbox 2965 5576 3022 5634; x_wconf 83' lang='grc' dir='ltr'><strong>εὖ</strong></span> <span class='ocrx_word' id='word_1_873' title='bbox 3066 5581 3212 5652; x_wconf 73' lang='grc' dir='ltr'>μάλα</span> <span class='ocrx_word' id='word_1_874' title='bbox 3244 5579 3494 5643; x_wconf 86' lang='grc' dir='ltr'>ἀναιδῶς,</span> <span class='ocrx_word' id='word_1_875' title='bbox 3531 5579 3613 5632; x_wconf 83' lang='grc' dir='ltr'><strong>ὅτι</strong></span> <span class='ocrx_word' id='word_1_876' title='bbox 3644 5577 3710 5646; x_wconf 81' lang='grc' dir='ltr'>δὴ</span> 
     </span>
    </p>
   </div>
   <div class='ocr_carea' id='block_1_119' title="bbox 2141 5668 3715 5745">
    <p class='ocr_par' dir='ltr' id='par_1_119' title="bbox 2141 5668 3715 5745">
     <span class='ocr_line' id='line_1_119' title="bbox 2141 5668 3715 5745; baseline -0.001 -22"><span class='ocrx_word' id='word_1_877' title='bbox 2141 5673 2304 5727; x_wconf 77' lang='grc' dir='ltr'>πᾶσιν</span> <span class='ocrx_word' id='word_1_878' title='bbox 2338 5674 2471 5744; x_wconf 76' lang='grc' dir='ltr'>ἡμῖν</span> <span class='ocrx_word' id='word_1_879' title='bbox 2510 5673 2648 5745; x_wconf 82' lang='grc' dir='ltr'><strong>μετά</strong></span> <span class='ocrx_word' id='word_1_880' title='bbox 2688 5674 2749 5727; x_wconf 79' lang='grc' dir='ltr'><strong>τὸ</strong></span> <span class='ocrx_word' id='word_1_881' title='bbox 2788 5675 2851 5727; x_wconf 81' lang='grc' dir='ltr'><strong>ἐκ</strong></span> <span class='ocrx_word' id='word_1_882' title='bbox 2892 5671 3102 5744; x_wconf 88' lang='grc' dir='ltr'>νεκρῶν</span> <span class='ocrx_word' id='word_1_883' title='bbox 3149 5671 3446 5726; x_wconf 80' lang='grc' dir='ltr'>ἀναϐιῶναι</span> <span class='ocrx_word' id='word_1_884' title='bbox 3491 5668 3715 5739; x_wconf 79' lang='grc' dir='ltr'>συνεγὲ-</span> 
     </span>
    </p>
   </div>
  </div>
