4126 6422
426 346 537 403 ἓῦὃ

1345 334 2006 394 DEMON‘STRATIONIS
2045 331 2501 389 EVANGELICAE
2541 332 2670 388 LIB.
2708 329 2799 388 lll.

3580 328 3689 385 206

433 478 573 528 νετο,
604 460 789 526 ἑστίας
806 477 865 513 τε
886 459 987 514 καὶ
1002 458 1210 530 τροφῆς
1243 457 1503 529 συνήθους
1526 454 1870 525 ἐκοινώνησε.
1897 455 2001 506 Φυ-

2117 451 2257 508 illius
2309 466 2465 506 mens
2519 459 2656 515 erat,
2694 458 2752 504 ut
2796 449 2946 503 omni
2991 464 3175 504 rerum
3218 462 3415 519 genere
3458 459 3685 502 caeteros

430 552 709 607 λαττέσθω
734 552 780 606 δ’
818 554 954 624 ἡμῖν
980 554 1114 605 πᾶσι
1146 550 1207 604 τὸ
1244 549 1456 613 ἀναιδὲς
1485 550 1579 603 καὶ
1624 548 2006 618 ἀδιάτρεπτον,

433 645 644 717 μενέτω
665 644 720 698 δὲ
748 643 999 706 ἔκστασις
1034 642 1197 714 μέχρι
1229 641 1460 695 θανάτου
1480 658 1494 671 ·
1535 640 1589 693 τί
1619 639 1728 710 γὰρ
1761 639 1855 693 καὶ
1885 636 2009 689 ἀτο-

433 755 531 791 πον
566 737 705 807 ὑπὲρ
727 735 824 789 τοῦ
853 735 1081 807 μηδενὸς
1114 732 1510 805 ἀποθνήσκειν;
1539 731 1597 785 τί
1621 731 1679 784 δὲ
1709 730 1805 784 καὶ
1826 730 2006 791 λυπεῖ,

437 827 662 900 μηδενὸς
692 826 913 895 εὐλόγου
939 827 1121 899 χάριν,
1149 827 1419 897 μάστιγας
1448 825 1542 879 καὶ
1572 823 1838 894 βασάνους
1867 820 2010 883 κατά

430 920 525 973 τοῦ
556 920 804 991 σώματος
831 920 1049 989 λαϐεῖν;
1079 924 1126 974 εί
1153 922 1210 975 δὲ
1233 920 1344 974 δέοι
1367 919 1458 973 καὶ
1480 916 1870 989 δεσμωτηρίων
1898 931 2009 967 πει-

433 1011 651 1084 ρᾶσθαι,
681 1013 918 1084 ἀτιμιῶν
952 1030 1011 1066 τε
1060 1013 1154 1067 καὶ
1196 1013 1406 1084 ὕϐρεων
1440 1011 1581 1081 ὑπὲρ
1621 1009 1834 1073 οὐδενὸς
1878 1006 2010 1077 ἀλη-

431 1117 575 1183 θοῦς,
609 1119 701 1172 καὶ
732 1118 881 1171 τοῦθ’
913 1120 1045 1190 ἡμῖν
1076 1118 1176 1190 ἢδη
1216 1116 1622 1189 μεμελετήσθω.
1666 1111 2011 1183 Ψευδώμεθα

431 1210 495 1281 δὴ
528 1210 730 1275 πάντες
758 1209 894 1281 ὁμοῦ
926 1209 1256 1281 συμφώνως,
1285 1210 1378 1263 καὶ
1405 1204 1771 1278 πλαττὼμεθα
1810 1206 1899 1256 ἐπ’
1927 1203 2011 1257 οὺ-

430 1312 577 1377 δενὸς
629 1312 896 1384 ὠφελείᾳ,
938 1310 1051 1365 οὗθ’
1089 1311 1281 1383 ἡμῶν,
1313 1309 1440 1364 οὔτε
1467 1310 1575 1364 τῶν
1614 1306 2006 1378 ἀπατωμένων,

429 1404 551 1458 οὐδὲ
577 1404 684 1476 μὴν
708 1404 873 1458 αὑτοῦ
901 1403 995 1457 τοῦ
1020 1404 1088 1458 τά
1110 1404 1282 1475 ψευδῆ
1308 1403 1442 1476 πρὸς
1474 1401 1631 1474 ἡμῶν
1661 1399 2010 1471 ἐκθειάζομὲ-

429 1514 546 1551 νου.
596 1497 872 1569 Τείνωμεν
915 1497 975 1551 δὲ
1019 1498 1081 1551 τὸ
1130 1497 1342 1568 ψεῦδος,
1395 1495 1470 1568 μὴ
1508 1496 1602 1548 ἐπὶ
1645 1495 1839 1566 μόνους
1884 1495 2011 1555 τοὺς

430 1590 729 1661 ὁμοεθνεῖς,
764 1591 901 1645 ἀλλὰ
931 1591 1025 1644 καὶ
1057 1592 1139 1656 εἰς
1179 1592 1384 1654 πάντας
1418 1588 1772 1663 προελθόντες
1804 1583 2015 1657 ἀνθρώ⁹

433 1699 590 1748 πους,
635 1683 729 1738 καὶ
768 1684 1062 1755 σύμπασαν
1088 1682 1186 1754 τὴν
1214 1683 1542 1754 οἰκουμένην
1572 1679 2011 1750 καταπλήσωμεν

433 1778 543 1831 τῶν
598 1777 728 1848 περὶ
772 1774 936 1830 αὐτοῦ
983 1775 1399 1847 συντιθεμένων.
1454 1773 1593 1845 Ἤδη
1646 1771 1705 1825 δὲ
1763 1768 2011 1824 ἐντεῦθεν

435 1870 818 1941 νομοθετῶμεν
850 1870 983 1923 πᾶσι
1021 1871 1133 1932 τοῖς
1177 1866 1384 1922 ἔθνεσιν
1419 1865 1752 1938 ἀντίστροφα
1792 1865 1914 1926 ταῖς
1948 1860 2015 1927 ἐξ

437 1962 634 2027 αἰῶνος
657 1966 783 2036 παρ’
817 1963 1000 2026 αὐτοῖς
1026 1962 1156 2032 περὶ
1184 1961 1293 2016 τῶν
1321 1960 1591 2033 πατρῴων
1634 1957 1773 2014 θεῶν
1807 1956 2007 2022 δόξαις.

438 2068 760 2138 Κελεύωμεν
796 2067 1087 2138 Ῥωμαίοις
1127 2067 1312 2130 αὐτοῖς
1344 2064 1630 2137 πρώτιστα
1668 2062 1889 2116 πάντων
1932 2060 2010 2132 μὴ

438 2159 618 2213 σέϐειν
645 2158 740 2222 οὒς
778 2157 1008 2229 ἡγοῦντο
1038 2157 1196 2222 θεοὺς
1226 2160 1274 2211 οἱ
1316 2157 1680 2228 προπάτορες.
1715 2154 2014 2225 Παρίωμεν

433 2250 491 2304 δὲ
521 2252 616 2305 καὶ
652 2251 746 2304 ἐπὶ
773 2250 873 2321 τὴν
908 2248 1154 2316 Ἐλλάδα,
1197 2249 1293 2302 καὶ
1322 2252 1437 2310 τοῖς
1469 2246 1674 2300 τούτων
1714 2247 1896 2314 σοφοῖς
1921 2244 2015 2297 ἀν-

432 2344 879 2415 τικηρύττωμεν·
951 2342 1072 2414 μηδ’
1139 2340 1468 2409 Αἰγυπτίους
1537 2339 1783 2409 ἀνῶμεν,
1857 2336 2015 2390 πολε-

439 2433 633 2505 μῶμεν
683 2434 742 2487 δὲ
796 2433 893 2488 καὶ
932 2434 1059 2496 τοὺς
1120 2432 1327 2484 τούτων
1388 2429 1543 2493 Θεοὺς
1563 2469 1580 2488 .
1645 2429 1720 2501 μὴ
1775 2428 1843 2483 τὰ
1887 2430 2021 2482 Μω-

439 2528 577 2590 σέως
613 2523 850 2597 πρόσθεν
896 2527 1018 2578 κατ’
1060 2523 1241 2578 αὐτῶν
1286 2524 1552 2594 γενόμενα
1591 2523 2014 2592 ἅνατεινόμενοι,

436 2619 529 2672 τὸν
569 2617 625 2670 δὲ
657 2617 751 2672 τοῦ
780 2617 1049 2690 ἡμετέρου
1076 2616 1395 2670 διδασκάλου
1442 2615 1692 2679 θάνατον,
1732 2614 1922 2685 ὥσπερ
1962 2631 2016 2666 τι

438 2709 730 2780 φόϐητρον,
756 2709 941 2771 αὐτοῖς
976 2708 1403 2770 ἀντιτάττοντες⁶
1440 2708 1535 2761 καὶ
1561 2707 1661 2778 τὴν
1693 2707 1787 2758 ἀπ’
1821 2705 2018 2776 αίῶνος

438 2799 500 2864 ἐξ
525 2798 706 2853 αὐτῶν
740 2800 822 2863 είς
857 2799 1067 2862 πάντας
1108 2796 1429 2869 ἀνθρώπους
1473 2797 1843 2869 προελθοῦσαν
1888 2797 2018 2867 περὶ

438 2890 581 2946 θεῶν
621 2893 831 2963 φήμην,
873 2890 949 2962 μὴ
995 2891 1284 2963 ῥηματίοις
1322 2892 1417 2945 καὶ
1449 2890 1653 2959 λόγοις,
1692 2889 1917 2961 δυνάμει
1960 2889 2021 2943 δὲ

437 2983 534 3038 τοῦ
555 2984 960 3055 σταυρωθέντος
982 2983 1303 3038 διδασκάλου
1329 2982 1706 3054 καταλύωμεν.
1742 2982 2019 3053 Ἀπίωμεν

438 3077 534 3130 καὶ
569 3076 665 3129 ἐπὶ
700 3076 801 3148 τὴν
838 3075 1004 3145 ἄλλην
1045 3076 1321 3149 βάρϐαρον
1349 3077 1472 3147 γῆν,
1502 3077 1596 3130 καὶ
1624 3076 1693 3131 τά
1726 3075 1877 3148 παρὰ
1905 3078 2019 3139 τοῖς

440 3170 610 3222 πᾶσιν
655 3168 1069 3240 ἀνατρέπωμεν.
1123 3168 1462 3240 Προθυμίαις
1516 3168 1576 3222 δὲ
1627 3168 1815 3239 μηδεὶς
1860 3167 2019 3239 ἡμῶν
2046 3181 2088 3238 c

441 3259 738 3313 λειπέσθω·
767 3259 891 3314 οὔτε
919 3262 1029 3333 γάρ
1054 3261 1246 3333 μικρὸς
1267 3262 1293 3315 ὁ
1313 3256 1473 3324 ἆθλος
1499 3260 1608 3314 τῶν
1633 3260 2016 3332 τολμωμένων,

443 3353 568 3405 ἐπεὶ
595 3351 669 3423 μὴ
694 3351 762 3405 τά
788 3354 1021 3423 τυχόντα
1052 3352 1279 3424 βραδεῖα
1307 3354 1455 3424 ἡμᾶς
1481 3353 1780 3420 ἐκδέξεται,
1814 3351 1928 3406 ἀλλ’
1962 3354 2019 3406 αί

443 3441 552 3494 ἀπὸ
585 3442 693 3494 τῶν
726 3444 858 3514 παρ’
886 3444 1159 3508 ἑκάστοις,
1193 3445 1270 3509 ὡς
1300 3444 1480 3508 εἰκὸς,
1525 3445 1704 3516 νόμων
1734 3445 2017 3517 τιμωρίαι,

443 3531 619 3603 δεσμά
644 3533 844 3605 δηλαδὴ
887 3536 983 3589 καὶ
1021 3536 1242 3607 βάσανοι
1274 3537 1370 3591 καὶ
1403 3536 1665 3606 φυλακαὶ,
1695 3537 1808 3609 πῦρ
1837 3555 1895 3592 τε
1926 3539 2023 3592 καὶ

448 3624 685 3695 σίδηρος,
719 3628 813 3680 καὶ
839 3628 1083 3698 σταυροὶ,
1111 3630 1206 3683 καὶ
1234 3628 1422 3701 θῆρες,
1451 3621 1527 3684 ὧν
1551 3630 1786 3700 μάλιστα
1818 3629 2025 3703 προθυ-

448 3732 669 3803 μητέον,
702 3735 946 3801 καὶ,τοῖς
985 3739 1177 3801 κακοῖς
1204 3737 1368 3808 ὁμόσε
1406 3737 1681 3808 χωρητέον
1716 3738 2023 3808 ὑπόδειγμα

445 3819 539 3875 τδν
578 3822 896 3879 διδάσκαλον
939 3826 1313 3898 κεκτημένοις.
1345 3827 1410 3878 Τί
1442 3826 1552 3896 γάρ
1582 3825 1787 3878 τούτων
1822 3825 2022 3894 γένοιτ’

445 3914 515 3969 ἂν
565 3915 802 3982 κάλλιον,
843 3917 1071 3989 ἐχθροὺς
1110 3919 1204 3971 καὶ
1251 3918 1394 3981 θεοῖς
1434 3919 1530 3971 καὶ⁵
1573 3916 1881 3989 ἀνθρώποις
1932 3917 2022 3971 ἐπ’

444 4004 625 4059 οὐδενὶ
685 4006 828 4078 λόγῳ
894 4007 1231 4077 καταστῆναι
1289 4010 1385 4062 καὶ
1424 4011 1632 4079 μήποτε
1675 4006 1831 4078 ἡδέος
1888 4008 2024 4061 ἀπο-

445 4095 643 4150 λαῦσαί
670 4115 835 4163 τινος,
866 4099 1003 4170 μήτε
1028 4098 1138 4152 τῶν
1163 4099 1429 4169 φιλτάτων
1454 4100 1700 4164 ὄνασθαι,
1725 4102 1863 4172 μήτε
1890 4118 2025 4172 χρη-

451 4188 637 4261 μάτων
668 4193 871 4260 τυχεῖν,
901 4193 1038 4262 μήτε
1065 4191 1212 4255 τινὸς
1240 4191 1446 4260 ἀγαθοῦ
1474 4193 1532 4245 τὸ
1557 4194 1813 4265 παράπαν
1835 4193 2023 4247 ἐλπίδα

446 4281 773 4352 κτήσασθαι,
795 4281 920 4353 είκῆ
938 4283 997 4335 δὲ
1018 4284 1113 4337 καὶ
1141 4281 1315 4355 μάτην
1342 4285 1645 4340 πλανᾶσθαι
1670 4286 1763 4339 καὶ
1793 4285 2020 4357 πλανᾷνς

447 4370 620 4426 Τοῦτο
650 4370 760 4443 γὰρ
791 4369 860 4442 ἦν
882 4372 945 4426 τὸ
975 4373 1273 4447 συμφέρον,
1307 4376 1400 4427 καὶ
1435 4374 1496 4428 τὸ
1525 4375 1783 4447 φέρεσθαι
1810 4375 2025 4441 ἐξεναν-

2110 552 2415 615 superaret,
2460 559 2523 598 ac
2562 559 2630 598 ne
2673 557 2931 614 magnum
2982 542 3199 612 quidem
3251 554 3478 611 prorsus
3524 540 3688 610 quid-

2109 651 2272 707 quam
2316 637 2415 697 illi,
2449 644 2545 690 aut
2591 636 2770 691 reditu
2803 637 2861 689 in
2902 636 3068 689 vitam
3103 635 3326 705 dignum
3366 640 3550 687 actum
3578 640 3685 694 est,

2108 726 2217 782 nisi
2247 726 2372 796 quis
2410 725 2550 781 dolis
2589 727 2849 795 omnique
2889 726 3243 781 simulatione
3270 724 3506 779 refertos
3536 723 3687 777 illius

2116 819 2325 874 referat
2398 833 2625 883 mores,
2680 827 2736 874 et
2803 819 2952 888 quod
3010 819 3160 888 ipsos
3216 831 3319 871 nos
3358 831 3519 869 usum
3559 830 3703 873 ver-r

2110 911 2401 975 sutiarum,
2453 912 2781 982 inanemque
2823 911 3145 981 jactantiam
3196 923 3295 979 per
3345 907 3591 962 fraudem
3623 922 3687 960 ac

2111 1004 2297 1059 dolum
2320 1003 2590 1058 docuerit.
2624 1002 2896 1070 Quocirca
2932 1002 3148 1065 demus,
3178 1016 3386 1072 quaeso,
3413 1002 3557 1057 inter
3584 1015 3689 1056 nos

2111 1095 2354 1161 dextras,
2388 1094 2661 1165 simulque
2696 1108 2887 1149 omnes
2918 1094 3097 1149 fmdus
3122 1093 3488 1164 paciscamur,
3522 1101 3585 1147 ut
3618 1092 3689 1147 de

2109 1184 2206 1238 illo
2230 1184 2285 1237 in
2315 1192 2544 1239 cunctos
2573 1183 2824 1239 homines
2847 1184 3222 1254 deceptionem
3245 1198 3547 1240 consonam
3569 1198 3691 1253 pro-

2111 1275 2786 1346 fcramus,narremusque
2814 1275 3019 1331 vidisse
3046 1290 3150 1330 nos
3184 1275 3336 1329 illum
3365 1276 3494 1331 dum
3526 1275 3688 1332 caecis

2109 1366 2287 1422 visum
2322 1366 2636 1437 largiretur,
2673 1364 2890 1420 tametsi
2933 1365 3120 1420 nullus
3150 1380 3395 1435 unquam
3435 1372 3689 1420 nostrum

2110 1459 2217 1513 hoc
2255 1457 2408 1523 vidit,
2442 1470 2496 1514 et
2531 1459 2661 1513 dum
2705 1458 2889 1516 surdis
2935 1456 3180 1512 auditum
3214 1457 3506 1527 praeberet,
3542 1455 3693 1526 quod

2111 1551 2330 1623 quidem
2379 1553 2563 1608 nullus
2607 1566 2849 1622 unquam
2901 1558 3152 1606 nostrum
3201 1551 3431 1615 audivit,
3464 1559 3519 1606 et
3557 1549 3692 1605 dum

2112 1644 2358 1715 leprosos
2391 1652 2667 1715 purgaret,
2686 1652 3043 1715 mortuosque
3070 1644 3139 1700 ad
3162 1644 3330 1698 vitam
3354 1643 3691 1698 restitueret.

2112 1737 2357 1807 Denique
2385 1752 2447 1791 ea
2478 1752 2600 1807 quae
2637 1753 2816 1807 neque
2842 1736 2985 1792 facta
3023 1738 3092 1793 ab
3133 1737 3229 1790 illo
3263 1735 3542 1799 novimus,
3580 1750 3695 1788 ne—

2042 1821 2086 1877 Β
2112 1845 2218 1901 que
2241 1829 2389 1883 dicta
2416 1828 2749 1893 audivimus,
2772 1836 3034 1900 tanquam
3057 1843 3186 1884 vere
3213 1836 3367 1900 gesta
3393 1826 3694 1883 contenda-

2112 1936 2258 1976 mus.
2319 1917 2519 1976 Verum
2572 1921 2833 1989 quoniam
2887 1928 3194 1975 extremum
3247 1920 3401 1975 illius
3450 1926 3690 1989 tempus,

2112 2013 2380 2068 celebrem
2432 2012 2621 2066 habuit
2648 2021 2702 2068 et
2732 2011 3080 2082 perspicuum
3111 2011 3415 2076 interitum,
3452 2018 3511 2066 ut
3548 2026 3700 2065 nus-

2113 2119 2277 2175 quam
2319 2103 2387 2159 ab
2425 2103 2519 2157 illo
2550 2102 2815 2158 occultari
2846 2103 3108 2173 potuerit,
3152 2117 3255 2157 nos
3309 2102 3439 2157 huic
3474 2115 3697 2173 quoque

2113 2194 2463 2251 incommodo
2493 2204 2642 2250 recta
2680 2202 2965 2266 pergentes
3005 2208 3395 2260 occurramus;
3428 2192 3696 2249 testiﬁce-

2113 2303 2346 2357 murque
2397 2288 2558 2357 plane
2610 2284 2750 2341 bene
2790 2285 3154 2356 impudenter,
3189 2285 3345 2338 illum
3399 2293 3699 2354 postquam

2119 2379 2280 2453 114
2310 2395 2339 2434 a
2371 2386 2549 2434 morte
2578 2378 2646 2433 ad
2672 2378 2841 2433 vitam
2866 2376 3109 2440 redierit,
3145 2377 3290 2430 inter
3313 2390 3414 2430 nos
3438 2389 3561 2430 esse
3580 2390 3700 2428 νοιδ-

2116 2482 2318 2537 satum,
2368 2471 2662 2542 iocumque
2716 2478 2771 2525 et
2815 2469 3003 2525 cibum
3032 2477 3359 2524 consuetum
3408 2465 3699 2522 nobiscum

2115 2579 2436 2636 usurpasse.
2480 2564 2852 2619 Conservetur
2901 2570 3081 2616 autem
3128 2560 3199 2614 ah
3248 2559 3505 2615 omnibus
3536 2558 3700 2613 nobis

2114 2654 2470 2726 impudentia:
2541 2652 3113 2721 immutabilitati'sque
3153 2658 3332 2717 tenor,
3377 2657 3433 2706 et
3478 2658 3700 2706 maneat

2116 2747 2234 2801 haec
2266 2747 2464 2802 mentis
2495 2745 2751 2801 alienatio
2784 2759 2959 2814 usque
2992 2743 3060 2798 ad
3093 2750 3356 2807 mortem;
3388 2742 3523 2814 quid
3550 2743 3700 2798 enim

2117 2836 2340 2891 ahsurdi
2373 2836 2533 2891 habet
2560 2849 2659 2905 pro
2691 2834 2866 2889 nihilo
2895 2834 3057 2901 mori,
3086 2841 3181 2887 aut
3221 2832 3355 2904 quid
3386 2833 3701 2904 quempiam

2116 2927 2374 2995 offendat,
2387 2928 2535 2983 nulla
2566 2926 2835 2998 probabili
2861 2941 3048 2991 causa,
3069 2925 3294 2981 verbera
3316 2933 3702 2996 tormentaque

2116 3022 2176 3076 in
2205 3036 2454 3093 corpore,
2485 3029 2540 3075 et
2588 3020 2636 3075 si
2684 3034 2824 3090 opus
2872 3019 2966 3080 sit,
3001 3017 3222 3072 vincula
3245 3032 3465 3088 quoque
3491 3024 3545 3073 et
3576 3010 3702 3072 car-

2120 3128 2294 3177 ceres,
2320 3128 2423 3168 nec
2456 3127 2566 3167 non
2601 3111 2965 3167 contumelias
2982 3119 3037 3166 et
3079 3111 3283 3181 probra
3317 3112 3522 3166 nullius
3558 3127 3708 3168 rem

2123 3207 2201 3263 rei
2242 3206 2416 3278 gratia
2463 3203 2740 3276 experiri?
2780 3201 2894 3258 Hoc
2932 3202 3099 3273 igitur
3123 3202 3236 3271 jam
3275 3217 3425 3258 nunc
3469 3202 3704 3258 medite-

2122 3315 2266 3368 mur,
2316 3299 2757 3368 mentiamurque
2805 3311 2999 3352 omnes
3032 3311 3143 3351 uno
3175 3310 3292 3361 ore,
3323 3303 3379 3351 et
3432 3294 3701 3367 tingamus

2122 3409 2209 3461 ea,
2239 3407 2362 3463 qua“:
2412 3404 2591 3461 neque
2623 3389 2790 3445 alicui
2840 3396 3094 3445 nostrum
3148 3390 3303 3443 utilia
3344 3389 3531 3444 futura
3566 3390 3705 3455 siut,

2123 3502 2301 3558 neque
2349 3486 2511 3541 alicui
2559 3500 2750 3541 eorum
2808 3500 2950 3556 quos
3004 3484 3364 3555 decipiemus,
3406 3499 3471 3540 ac
3515 3501 3584 3540 ne
3623 3485 3704 3539 illi

2123 3579 2344 3650 quidem
2395 3578 2488 3648 qui
2534 3593 2565 3632 a
2612 3576 2774 3632 nobis
2830 3576 3120 3633 mendacio
3170 3578 3474 3635 extollitur.
3515 3585 3569 3633 et
3601 3593 3705 3648 pro

2124 3669 2234 3727 Deo
2262 3666 2699 3726 commendatur.
2731 3668 2902 3723 Porro
2929 3676 3112 3724 autem
3140 3669 3487 3724 mendacium
3522 3670 3707 3724 inteno

2124 3761 2323 3814 damus
2377 3774 2488 3814 non
2549 3759 2712 3814 modo
2754 3759 2811 3813 in
2853 3767 3058 3814 nostra:
3091 3761 3266 3830 gentis
3303 3759 3574 3825 homines,
3604 3763 3705 3816 sed

2126 3853 2181 3908 in
2223 3867 2385 3908 omne
2429 3851 2655 3907 omnino
2710 3851 2995 3906 hominum
3039 3864 3234 3921 genus,
3277 3860 3564 3922 totumque
3609 3868 3706 3906 or-

2124 3947 2248 4002 bem
2298 3955 2571 4001 terrarum
2595 3945 2701 4001 hoc
2726 3959 2937 4010 errore,
2973 3944 3151 4013 iisque
3188 3959 3310 4015 quae
3332 3944 3400 4000 de
3428 3945 3523 3999 illo
3557 3946 3703 4001 inter

2125 4055 2228 4095 nos
2272 4039 2684 4110 composuimus
2742 4038 3089 4109 impleamus.
3150 4036 3379 4108 Jamque
3442 4037 3703 4110 deinceps

2124 4133 2272 4204 leges
2301 4133 2439 4187 alias
2464 4133 2680 4187 cunctis
2697 4132 2952 4204 gentibus
2984 4132 3349 4203 imponamus,
3369 4145 3489 4200 quae
3511 4145 3703 4185 omnes

2125 4222 2371 4277 omnium
2416 4222 2485 4277 de
2535 4222 2731 4292 patriis
2780 4221 3026 4292 ipsorum
3066 4222 3174 4278 diis
3205 4220 3496 4291 opiniones
3529 4236 3705 4292 oppu-

2126 4325 2294 4388 gnent
2327 4323 2491 4386 atque
2540 4322 2809 4378 evertant,
2851 4330 3211 4384 quascunque
3238 4331 3269 4367 a
3314 4313 3534 4368 condito
3589 4327 3704 4366 aevo

2126 4409 2440 4472 habuerint,
2467 4407 2910 4477 imperemusque
2925 4406 3118 4477 primis
3143 4406 3388 4460 omnium
3416 4403 3703 4464 Romanis.

448 4477 569 4543 τίας
600 4481 732 4532 πᾶσι
754 4482 867 4543 τοῖς
887 4478 1085 4545 ἔθνεσι,
1114 4479 1292 4533 καὶτὸ
1318 4480 1460 4544 θεοῖς
1483 4481 1581 4551 μὲν
1601 4483 1713 4545 τοῖς
1743 4482 1802 4546 ἐξ
1829 4480 2019 4547 αἰῶνος

2130 4516 2199 4556 ne
2248 4501 2434 4556 colant
2485 4516 2625 4570 quos
2671 4499 2909 4569 majores
2958 4500 3203 4567 ipsorum
3267 4496 3403 4552 deos
3458 4496 3707 4551 arbitrati

452 4571 601 4643 παρὰ
657 4574 822 4626 πᾶσιν
877 4573 1322 4645 ὡμολογημένοις
1364 4575 1642 4645 πολεμεῖν,
1706 4574 1797 4627 τὸν
1837 4574 1884 4627 δ’
1932 4575 2025 4629 ὑπ’

451 4663 748 4735 ὀφθαλμοῖς
791 4665 948 4737 ἡμῶν
978 4666 1158 4720 αὐτῶν
1187 4664 1523 4730 διδάσκαλον,
1560 4667 1694 4720 Θεὸν
1740 4664 1899 4730 εἶναι,
1932 4667 2026 4721 καὶ

451 4753 586 4809 Θεοῦ
616 4756 780 4810 παῖδα
808 4756 1120 4829 κηρύττειν,
1171 4759 1311 4830 ὑπὲρ
1344 4753 1404 4813 οὗ
1431 4759 1524 4812 καὶ
1551 4760 1748 4823 αὐτοὺς
1774 4758 2026 4831 θνήσκειν

454 4843 706 4915 ἑτοίμους
742 4841 903 4911 εἶναι,
937 4847 1105 4919 μηδὲν
1134 4847 1331 4920 ἀληθὲς
1356 4848 1488 4922 παρ’
1529 4848 1692 4902 αὑτοῦ
1725 4848 1847 4921 μηδ’
1884 4849 2026 4918 ὠφέ-

453 4936 610 5010 λιμον
641 4938 1049 5012 μεμαθηκότας.
1087 4941 1268 5013 Ταύτῃ
1302 4943 1346 4996 δ’
1377 4939 1471 4997 οὖν
1500 4944 1595 4996 καὶ
1637 4944 1834 5015 μᾶλλον
1866 4963 2028 5017 τιμη-

451 5044 577 5100 τέον
600 5045 784 5110 αὑτὸν,
820 5047 869 5100 εί
905 5047 1069 5118 μηδὲν
1104 5030 1482 5120 ἡμᾶς’ῶνησε,
1519 5049 1698 5102 πάντα
1726 5066 1786 5103 τε
1828 5050 1920 5103 ἐπὶ
1950 5049 2027 5121 τῷ

451 5137 672 5203 δοξάσαι
701 5137 865 5192 αὐτοῦ
893 5138 992 5211 τὴν
1021 5139 1390 5212 προσηγορίαν
1416 5142 1684 5212 ποιητέον,
1716 5143 1811 5195 καὶ
1846 5143 2028 5207 πάσας

454 5230 641 5304 ὕϐρεις
672 5232 765 5285 καὶ
795 5233 1064 5304 τιμωρίας
1096 5235 1484 5308 ὑπομενητέον,
1522 5237 1700 5290 πάντα
1729 5254 1789 5289 τε
1826 5237 2027 5310 τρόπον

452 5324 774 5379 ἀναδεκτέον
811 5323 1064 5391 θανάτου,
1108 5327 1249 5400 ὑπὲρ
1289 5329 1514 5400 μηδενὸς
1550 5327 1800 5401 ἀληθοῦς.
1842 5327 2026 5382 Κακὸν

451 5416 562 5489 γὰρ
592 5417 723 5482 ἴσως
764 5417 1012 5490 ἀλήθεια,
1049 5419 1111 5473 τὸ
1150 5420 1209 5474 δὲ
1251 5420 1445 5491 ψεῦδος
1482 5421 1595 5494 ἔχει
1625 5422 1721 5476 τοῦ
1757 5420 1931 5476 κακοῦ
1964 5423 2027 5476 τὸ

453 5510 722 5564 ἐναντίον
753 5511 835 5565 διὸ
866 5511 1148 5583 λέγωμεν,
1183 5513 1272 5566 ὅτι
1302 5514 1396 5565 καὶ
1425 5515 1651 5585 νεκροὺς
1683 5516 1898 5588 ἥγειρε,
1931 5516 2026 5569 καὶ

452 5601 688 5676 λεπροὺς
714 5605 1030 5678 ὲκαθάρισε,
1055 5608 1148 5661 καὶ
1170 5606 1427 5677 δαίμονας
1450 5608 1638 5679 ἤλασε,
1669 5610 1765 5663 καὶ
1793 5609 1901 5663 τῶν
1932 5607 2027 5662 ἀλα

448 5692 561 5749 λων
602 5696 916 5768 παραδόξων
958 5696 1135 5769 ἔργων
1176 5697 1367 5766 γέγονε
1415 5698 1665 5770 ποιητὴς,
1714 5700 1882 5771 μηδὲν
1929 5698 2027 5771 μὲν

453 5787 689 5845 τοιοῦτον
738 5791 886 5862 αὐτῷ
925 5793 1345 5862 συνεγνωκότες,
1380 5793 1590 5855 ἑαυτοῖς
1640 5792 1695 5846 δὲ
1744 5794 1813 5848 τά
1853 5792 2031 5851 πάντα

2130 4598 2280 4646 sunt.
2314 4589 2375 4644 in
2416 4588 2681 4645 Grzeciam
2721 4605 2939 4661 quoque
2986 4597 3356 4659 penetremus,
3397 4597 3450 4643 et
3488 4588 3708 4657 sapien-

2127 4682 2275 4737 tibus
2313 4683 2403 4753 qui
2433 4683 2542 4737 illic
2573 4691 2701 4738 sunt
2730 4683 3002 4738 contraria
3037 4682 3252 4752 publice
3282 4682 3605 4744 doceamus,
3642 4696 3709 4735 ac

2127 4791 2197 4830 ne
2225 4773 2512 4847 Egyptios
2541 4775 2765 4846 quidem
2789 4776 3132 4841 omittamus,
3164 4773 3261 4831 sed
3299 4774 3541 4843 ipsorum
3567 4784 3708 4841 qao-

2130 4883 2236 4937 que
2272 4868 2406 4924 deos
2459 4870 2667 4939 patrios
2703 4884 3104 4939 oppugnemus,
3154 4882 3264 4922 non
3310 4862 3550 4920 Mosaica
3593 4877 3707 4914 am-

2129 4961 2279 5045 piius
2306 4977 2427 5031 qua:
2463 4962 2594 5015 olim
2640 4961 2785 5032 apud
2819 4961 2944 5016 illos
2986 4968 3139 5032 gesta
3172 4967 3301 5015 sunt
3338 4956 3706 5026 proferentes.

2131 5057 2226 5111 sed
2261 5044 2435 5111 nostri
2467 5053 2819 5124 praeceptoris
2875 5052 3155 5107 interitum
3187 5049 3297 5102 illis
3340 5044 3502 5117 quasi
3534 5044 3709 5115 quod-

2129 5151 2254 5206 dam
2310 5148 2522 5218 insigne
2560 5146 2787 5201 terroris
2824 5145 3168 5212 objicientes.
3201 5138 3334 5206 Qua:
3361 5152 3492 5192 vero
3521 5138 3709 5208 opinio

2130 5251 2186 5297 et
2209 5240 2351 5294 fama
2379 5239 2448 5293 ab
2471 5237 2628 5292 initio
2657 5236 2726 5292 ab
2762 5235 2896 5300 illis,
2919 5232 2986 5288 ad
3021 5245 3215 5286 omnes
3238 5228 3489 5282 homines
3512 5226 3580 5281 de
3602 5225 3711 5281 diis

2130 5334 2399 5406 pervenit,
2430 5331 2572 5385 hanc
2601 5344 2708 5385 nos
2737 5344 2847 5382 non
2877 5326 3087 5381 voculis
3121 5310 3475 5392 quihusdani'
3492 5325 3587 5372 aut
3619 5334 3712 5370 ra-
3818 5332 3824 5340 ·

2129 5428 2393 5487 tionibus,
2443 5422 2540 5479 sed
2593 5417 2945 5492 prmeeptoris
3001 5413 3249 5471 cruciﬁxi
3297 5413 3352 5468 vi
3405 5411 3708 5466 diluamus.

2129 5515 2551 5587 Progrediamur
2592 5526 2722 5567 vero
2766 5510 2931 5566 etiam
2978 5508 3034 5562 in
3084 5506 3355 5577 reliquam
3409 5503 3705 5560 barba’ram

2088 5616 2091 5617 ⁷
2132 5617 2363 5673 terram,
2400 5613 2455 5662 et
2480 5620 2601 5675 qua:
2636 5600 2779 5674 apud
2834 5614 3027 5655 omnes
3075 5593 3295 5654 decreta
3326 5605 3459 5652 sunt
3496 5604 3712 5652 everta-

2132 5714 2257 5753 mus
2294 5716 2308 5753 :
2345 5711 2521 5767 neque
2547 5708 2677 5748 vero
2716 5691 3008 5762 quisquam
3040 5698 3289 5747 nostrum
3327 5687 3494 5744 animi
3530 5685 3714 5740 inten-

2133 5792 2341 5847 tionem
2391 5788 2656 5845 remittat.
2683 5782 2804 5841 Non
2853 5783 3001 5840 enim
3051 5783 3308 5854 exiguum
3351 5789 3444 5836 aut
3480 5788 3709 5851 parvum
