  <div class='ocr_page' id='page_1' title='image "/cluster/home/n/w/nwhite01/storage/ocr_20150623/22:no.4/coo.31924054873025/117.png"; bbox 0 0 4126 6428; ppageno 0'>
   <div class='ocr_carea' id='block_1_1' title="bbox 424 324 3668 389">
    <p class='ocr_par' dir='ltr' id='par_1_1' title="bbox 424 324 3668 389">
     <span class='ocr_line' id='line_1_1' title="bbox 424 324 3668 389; baseline 0.002 -8"><span class='ocrx_word' id='word_1_1' title='bbox 424 324 527 381; x_wconf 75' lang='grc'><strong>207</strong></span> <span class='ocrx_word' id='word_1_2' title='bbox 1089 327 1355 385; x_wconf 83' lang='lat' dir='ltr'><strong>EUSEBll</strong></span> <span class='ocrx_word' id='word_1_3' title='bbox 1400 324 1873 381; x_wconf 67' lang='lat' dir='ltr'><strong>CAESARIENSIS</strong></span> <span class='ocrx_word' id='word_1_4' title='bbox 1910 325 2060 380; x_wconf 88' lang='lat' dir='ltr'><strong>OPP.</strong></span> <span class='ocrx_word' id='word_1_5' title='bbox 2098 326 2277 380; x_wconf 79' lang='lat' dir='ltr'><strong>PARS</strong></span> <span class='ocrx_word' id='word_1_6' title='bbox 2314 326 2379 381; x_wconf 90' lang='lat' dir='ltr'><strong>ll.</strong></span> <span class='ocrx_word' id='word_1_7' title='bbox 2421 330 2990 388; x_wconf 71' lang='lat' dir='ltr'><strong>-—APOLOGETICA.</strong></span> <span class='ocrx_word' id='word_1_8' title='bbox 3562 334 3668 389; x_wconf 73' lang='lat'><strong>208</strong></span> 
     </span>
    </p>
   </div>
   <div class='ocr_carea' id='block_1_2' title="bbox 427 446 1992 535">
    <p class='ocr_par' dir='ltr' id='par_1_2' title="bbox 427 446 1992 518">
     <span class='ocr_line' id='line_1_2' title="bbox 427 446 1992 518; baseline -0.004 -14"><span class='ocrx_word' id='word_1_9' title='bbox 427 451 529 504; x_wconf 88' lang='lat' dir='ltr'><strong>riet</strong></span> <span class='ocrx_word' id='word_1_10' title='bbox 563 447 727 518; x_wconf 84' lang='lat' dir='ltr'><strong>hujus</strong></span> <span class='ocrx_word' id='word_1_11' title='bbox 771 447 1010 502; x_wconf 75' lang='lat' dir='ltr'><strong>audacia:</strong></span> <span class='ocrx_word' id='word_1_12' title='bbox 1063 449 1365 518; x_wconf 65' lang='lat' dir='ltr'><strong>praemium,</strong></span> <span class='ocrx_word' id='word_1_13' title='bbox 1417 446 1683 515; x_wconf 77' lang='lat' dir='ltr'><strong>siquidem</strong></span> <span class='ocrx_word' id='word_1_14' title='bbox 1729 462 1839 500; x_wconf 92' lang='lat' dir='ltr'><strong>non</strong></span> <span class='ocrx_word' id='word_1_15' title='bbox 1882 447 1992 500; x_wconf 85' lang='lat' dir='ltr'><strong>vul-</strong></span> 
     </span>
    </p>
   </div>
   <div class='ocr_carea' id='block_1_3' title="bbox 2097 446 3671 535">
    <p class='ocr_par' dir='ltr' id='par_1_3' title="bbox 2107 447 3671 524">
     <span class='ocr_line' id='line_1_3' title="bbox 2107 447 3671 524; baseline 0.005 -25"><span class='ocrx_word' id='word_1_16' title='bbox 2107 447 2483 518; x_wconf 81' lang='grc' dir='ltr'><strong>πλαττόμενοι,</strong></span> <span class='ocrx_word' id='word_1_17' title='bbox 2521 451 2611 501; x_wconf 74' lang='grc' dir='ltr'>καὶ</span> <span class='ocrx_word' id='word_1_18' title='bbox 2643 449 2950 516; x_wconf 76' lang='grc' dir='ltr'>πλανῶντες</span> <span class='ocrx_word' id='word_1_19' title='bbox 2988 453 3085 524; x_wconf 80' lang='grc' dir='ltr'>μὲν</span> <span class='ocrx_word' id='word_1_20' title='bbox 3111 451 3204 517; x_wconf 80' lang='grc' dir='ltr'><strong>οὓς</strong></span> <span class='ocrx_word' id='word_1_21' title='bbox 3240 452 3493 506; x_wconf 81' lang='grc' dir='ltr'>δυνατόν’</span> <span class='ocrx_word' id='word_1_22' title='bbox 3533 455 3580 506; x_wconf 86' lang='grc' dir='ltr'><strong>εί</strong></span> <span class='ocrx_word' id='word_1_23' title='bbox 3612 453 3671 507; x_wconf 80' lang='grc' dir='ltr'>δὲ</span> 
     </span>
    </p>
   </div>
   <div class='ocr_carea' id='block_1_4' title="bbox 425 537 1992 615">
    <p class='ocr_par' dir='ltr' id='par_1_4' title="bbox 425 540 1991 615">
     <span class='ocr_line' id='line_1_4' title="bbox 425 540 1991 615; baseline -0.002 -19"><span class='ocrx_word' id='word_1_24' title='bbox 425 558 585 615; x_wconf 79' lang='lat' dir='ltr'><strong>gares</strong></span> <span class='ocrx_word' id='word_1_25' title='bbox 625 557 725 597; x_wconf 92' lang='lat' dir='ltr'><strong>nos</strong></span> <span class='ocrx_word' id='word_1_26' title='bbox 759 557 858 611; x_wconf 89' lang='lat' dir='ltr'><strong>pro</strong></span> <span class='ocrx_word' id='word_1_27' title='bbox 892 540 1055 593; x_wconf 84' lang='lat' dir='ltr'><strong>tantis</strong></span> <span class='ocrx_word' id='word_1_28' title='bbox 1088 541 1479 594; x_wconf 76' lang='lat' dir='ltr'><strong>certaminibus</strong></span> <span class='ocrx_word' id='word_1_29' title='bbox 1510 549 1731 593; x_wconf 89' lang='lat' dir='ltr'><strong>manent</strong></span> <span class='ocrx_word' id='word_1_30' title='bbox 1754 554 1991 598; x_wconf 60' lang='lat' dir='ltr'><strong>coronae.</strong></span> 
     </span>
    </p>
   </div>
   <div class='ocr_carea' id='block_1_5' title="bbox 2097 537 3668 615">
    <p class='ocr_par' dir='ltr' id='par_1_5' title="bbox 2106 537 3668 615">
     <span class='ocr_line' id='line_1_5' title="bbox 2106 537 3668 615; baseline 0.006 -27"><span class='ocrx_word' id='word_1_31' title='bbox 2106 537 2179 609; x_wconf 75' lang='grc' dir='ltr'>μὴ</span> <span class='ocrx_word' id='word_1_32' title='bbox 2207 537 2443 592; x_wconf 88' lang='grc' dir='ltr'>πείθοιτό</span> <span class='ocrx_word' id='word_1_33' title='bbox 2467 557 2567 603; x_wconf 89' lang='grc' dir='ltr'>τις,</span> <span class='ocrx_word' id='word_1_34' title='bbox 2594 541 2706 593; x_wconf 80' lang='grc' dir='ltr'>ἀλλ’</span> <span class='ocrx_word' id='word_1_35' title='bbox 2730 543 2876 594; x_wconf 60' lang='grc' dir='ltr'>αὐτοί</span> <span class='ocrx_word' id='word_1_36' title='bbox 2897 560 2979 609; x_wconf 79' lang='grc' dir='ltr'><strong>γε,</strong></span> <span class='ocrx_word' id='word_1_37' title='bbox 3012 544 3148 615; x_wconf 75' lang='grc' dir='ltr'>ὑπὲρ</span> <span class='ocrx_word' id='word_1_38' title='bbox 3165 537 3238 595; x_wconf 81' lang='grc' dir='ltr'>ὧν</span> <span class='ocrx_word' id='word_1_39' title='bbox 3266 542 3668 614; x_wconf 83' lang='grc' dir='ltr'>συντεθείμεθα,</span> 
     </span>
    </p>
   </div>
   <div class='ocr_carea' id='block_1_6' title="bbox 426 628 1992 704">
    <p class='ocr_par' dir='ltr' id='par_1_6' title="bbox 426 628 1992 700">
     <span class='ocr_line' id='line_1_6' title="bbox 426 628 1992 700; baseline -0.002 -15"><span class='ocrx_word' id='word_1_40' title='bbox 426 629 523 686; x_wconf 84' lang='lat' dir='ltr'><strong>sed</strong></span> <span class='ocrx_word' id='word_1_41' title='bbox 576 645 695 700; x_wconf 72' lang='lat' dir='ltr'><strong>qua:</strong></span> <span class='ocrx_word' id='word_1_42' title='bbox 735 629 1001 697; x_wconf 89' lang='lat' dir='ltr'><strong>supplicia</strong></span> <span class='ocrx_word' id='word_1_43' title='bbox 1038 628 1289 682; x_wconf 78' lang='lat' dir='ltr'><strong>videlicet</strong></span> <span class='ocrx_word' id='word_1_44' title='bbox 1316 628 1577 697; x_wconf 75' lang='lat' dir='ltr'><strong>alegibus</strong></span> <span class='ocrx_word' id='word_1_45' title='bbox 1609 629 1855 682; x_wconf 90' lang='lat' dir='ltr'><strong>omnium</strong></span> <span class='ocrx_word' id='word_1_46' title='bbox 1894 629 1992 683; x_wconf 92' lang='lat' dir='ltr'><strong>ho-</strong></span> 
     </span>
    </p>
   </div>
   <div class='ocr_carea' id='block_1_7' title="bbox 2097 628 3563 704">
    <p class='ocr_par' dir='ltr' id='par_1_7' title="bbox 2106 629 3563 704">
     <span class='ocr_line' id='line_1_7' title="bbox 2106 629 3563 704; baseline 0.004 -24"><span class='ocrx_word' id='word_1_47' title='bbox 2106 629 2398 700; x_wconf 86' lang='grc' dir='ltr'>τάπίχειρα</span> <span class='ocrx_word' id='word_1_48' title='bbox 2428 631 2528 700; x_wconf 72' lang='grc' dir='ltr'><strong>τῆς</strong></span> <span class='ocrx_word' id='word_1_49' title='bbox 2561 632 2767 701; x_wconf 72' lang='grc' dir='ltr'>πλάνης</span> <span class='ocrx_word' id='word_1_50' title='bbox 2800 633 2919 685; x_wconf 82' lang='grc' dir='ltr'>καθ’</span> <span class='ocrx_word' id='word_1_51' title='bbox 2956 636 3161 686; x_wconf 76' lang='grc' dir='ltr'>ἑαυτῶν</span> <span class='ocrx_word' id='word_1_52' title='bbox 3195 633 3563 704; x_wconf 76' lang='grc' dir='ltr'>ἐφελκόμενοι.</span> 
     </span>
    </p>
   </div>
   <div class='ocr_carea' id='block_1_8' title="bbox 423 719 3670 792">
    <p class='ocr_par' dir='ltr' id='par_1_8' title="bbox 423 719 3670 792">
     <span class='ocr_line' id='line_1_8' title="bbox 423 719 3670 792; baseline 0.001 -17"><span class='ocrx_word' id='word_1_53' title='bbox 423 722 654 783; x_wconf 89' lang='lat' dir='ltr'><strong>minum,</strong></span> <span class='ocrx_word' id='word_1_54' title='bbox 683 728 738 773; x_wconf 93' lang='lat' dir='ltr'><strong>ut</strong></span> <span class='ocrx_word' id='word_1_55' title='bbox 770 736 865 789; x_wconf 90' lang='lat' dir='ltr'><strong>par</strong></span> <span class='ocrx_word' id='word_1_56' title='bbox 895 729 999 784; x_wconf 88' lang='lat' dir='ltr'><strong>est,</strong></span> <span class='ocrx_word' id='word_1_57' title='bbox 1024 719 1531 776; x_wconf 73' lang='lat' dir='ltr'><strong>contradicentibus</strong></span> <span class='ocrx_word' id='word_1_58' title='bbox 1570 721 1818 790; x_wconf 88' lang='lat' dir='ltr'><strong>injuncta</strong></span> <span class='ocrx_word' id='word_1_59' title='bbox 1847 727 1997 784; x_wconf 92' lang='lat' dir='ltr'><strong>sunt,</strong></span> <span class='ocrx_word' id='word_1_60' title='bbox 2035 720 2250 774; x_wconf 88' lang='lat' dir='ltr'><strong>vincula</strong></span> <span class='ocrx_word' id='word_1_61' title='bbox 2284 722 2510 787; x_wconf 82' lang='lat' dir='ltr'><strong>scilicet,</strong></span> <span class='ocrx_word' id='word_1_62' title='bbox 2543 731 2833 790; x_wconf 88' lang='lat' dir='ltr'><strong>tormenta,</strong></span> <span class='ocrx_word' id='word_1_63' title='bbox 2901 739 3150 778; x_wconf 88' lang='lat' dir='ltr'><strong>carceres</strong></span> <span class='ocrx_word' id='word_1_64' title='bbox 3185 743 3197 777; x_wconf 90' lang='lat'>:</span> <span class='ocrx_word' id='word_1_65' title='bbox 3234 738 3442 777; x_wconf 92' lang='lat' dir='ltr'><strong>necnon</strong></span> <span class='ocrx_word' id='word_1_66' title='bbox 3508 722 3670 792; x_wconf 82' lang='lat' dir='ltr'><strong>ignis.</strong></span> 
     </span>
    </p>
   </div>
   <div class='ocr_carea' id='block_1_9' title="bbox 420 813 3671 884">
    <p class='ocr_par' dir='ltr' id='par_1_9' title="bbox 420 813 3671 884">
     <span class='ocr_line' id='line_1_9' title="bbox 420 813 3671 884; baseline -0.002 -14"><span class='ocrx_word' id='word_1_67' title='bbox 420 821 476 871; x_wconf 81' lang='lat' dir='ltr'><strong>et</strong></span> <span class='ocrx_word' id='word_1_68' title='bbox 529 815 755 877; x_wconf 79' lang='lat' dir='ltr'><strong>ferrum,</strong></span> <span class='ocrx_word' id='word_1_69' title='bbox 795 821 847 867; x_wconf 91' lang='lat' dir='ltr'><strong>et</strong></span> <span class='ocrx_word' id='word_1_70' title='bbox 910 828 1123 875; x_wconf 88' lang='lat' dir='ltr'><strong>cruces,</strong></span> <span class='ocrx_word' id='word_1_71' title='bbox 1161 822 1215 867; x_wconf 88' lang='lat' dir='ltr'><strong>et</strong></span> <span class='ocrx_word' id='word_1_72' title='bbox 1270 814 1463 867; x_wconf 86' lang='lat' dir='ltr'><strong>belluae</strong></span> <span class='ocrx_word' id='word_1_73' title='bbox 1500 833 1514 869; x_wconf 87' lang='lat'><strong>:</strong></span> <span class='ocrx_word' id='word_1_74' title='bbox 1550 814 1615 868; x_wconf 88' lang='lat' dir='ltr'><strong>ad</strong></span> <span class='ocrx_word' id='word_1_75' title='bbox 1666 829 1785 884; x_wconf 71' lang='lat' dir='ltr'><strong>qua:</strong></span> <span class='ocrx_word' id='word_1_76' title='bbox 1816 815 1999 868; x_wconf 89' lang='lat' dir='ltr'><strong>omnia</strong></span> <span class='ocrx_word' id='word_1_77' title='bbox 2037 815 2444 883; x_wconf 89' lang='lat' dir='ltr'><strong>promptissimo</strong></span> <span class='ocrx_word' id='word_1_78' title='bbox 2505 816 2689 869; x_wconf 85' lang='lat' dir='ltr'><strong>animo</strong></span> <span class='ocrx_word' id='word_1_79' title='bbox 2711 824 2793 870; x_wconf 89' lang='lat' dir='ltr'><strong>est</strong></span> <span class='ocrx_word' id='word_1_80' title='bbox 2822 815 3211 877; x_wconf 88' lang='lat' dir='ltr'><strong>accedendum,</strong></span> <span class='ocrx_word' id='word_1_81' title='bbox 3262 815 3438 882; x_wconf 86' lang='lat' dir='ltr'><strong>iisque</strong></span> <span class='ocrx_word' id='word_1_82' title='bbox 3458 813 3671 866; x_wconf 83' lang='lat' dir='ltr'><strong>obviam</strong></span> 
     </span>
    </p>
   </div>
   <div class='ocr_carea' id='block_1_10' title="bbox 419 906 3671 980">
    <p class='ocr_par' dir='ltr' id='par_1_10' title="bbox 419 906 3671 980">
     <span class='ocr_line' id='line_1_10' title="bbox 419 906 3671 980; baseline -0.002 -17"><span class='ocrx_word' id='word_1_83' title='bbox 419 910 579 964; x_wconf 91' lang='lat' dir='ltr'><strong>malis</strong></span> <span class='ocrx_word' id='word_1_84' title='bbox 603 910 837 963; x_wconf 88' lang='lat' dir='ltr'><strong>eundum</strong></span> <span class='ocrx_word' id='word_1_85' title='bbox 900 907 1191 978; x_wconf 83' lang='lat' dir='ltr'><strong>intrepide,</strong></span> <span class='ocrx_word' id='word_1_86' title='bbox 1233 924 1354 979; x_wconf 70' lang='lat' dir='ltr'><strong>quae</strong></span> <span class='ocrx_word' id='word_1_87' title='bbox 1389 908 1781 979; x_wconf 49' lang='lat' dir='ltr'><strong>prax‘cptorcm’</strong></span> <span class='ocrx_word' id='word_1_88' title='bbox 1820 919 2067 964; x_wconf 89' lang='lat' dir='ltr'><strong>nostrum</strong></span> <span class='ocrx_word' id='word_1_89' title='bbox 2110 910 2265 963; x_wconf 85' lang='lat' dir='ltr'><strong>nobis</strong></span> <span class='ocrx_word' id='word_1_90' title='bbox 2292 924 2390 978; x_wconf 90' lang='lat' dir='ltr'><strong>pro</strong></span> <span class='ocrx_word' id='word_1_91' title='bbox 2406 910 2650 980; x_wconf 79' lang='lat' dir='ltr'><strong>exemplo</strong></span> <span class='ocrx_word' id='word_1_92' title='bbox 2684 918 2980 963; x_wconf 82' lang='lat' dir='ltr'><strong>ostentant.</strong></span> <span class='ocrx_word' id='word_1_93' title='bbox 3009 908 3148 974; x_wconf 82' lang='lat' dir='ltr'><strong>Quid</strong></span> <span class='ocrx_word' id='word_1_94' title='bbox 3177 908 3321 962; x_wconf 89' lang='lat' dir='ltr'><strong>enim</strong></span> <span class='ocrx_word' id='word_1_95' title='bbox 3355 906 3671 977; x_wconf 82' lang='lat' dir='ltr'><strong>pulchrius,</strong></span> 
     </span>
    </p>
   </div>
   <div class='ocr_carea' id='block_1_11' title="bbox 418 999 3670 1072">
    <p class='ocr_par' dir='ltr' id='par_1_11' title="bbox 418 999 3670 1072">
     <span class='ocr_line' id='line_1_11' title="bbox 418 999 3670 1072; baseline -0.002 -16"><span class='ocrx_word' id='word_1_96' title='bbox 418 1017 580 1072; x_wconf 90' lang='lat' dir='ltr'><strong>quam</strong></span> <span class='ocrx_word' id='word_1_97' title='bbox 615 1003 761 1056; x_wconf 89' lang='lat' dir='ltr'><strong>nulla</strong></span> <span class='ocrx_word' id='word_1_98' title='bbox 795 1004 1004 1056; x_wconf 85' lang='lat' dir='ltr'><strong>ratione</strong></span> <span class='ocrx_word' id='word_1_99' title='bbox 1027 1010 1079 1055; x_wconf 91' lang='lat' dir='ltr'><strong>et</strong></span> <span class='ocrx_word' id='word_1_100' title='bbox 1106 1002 1212 1056; x_wconf 90' lang='lat' dir='ltr'><strong>diis</strong></span> <span class='ocrx_word' id='word_1_101' title='bbox 1242 1011 1295 1054; x_wconf 88' lang='lat' dir='ltr'><strong>et</strong></span> <span class='ocrx_word' id='word_1_102' title='bbox 1327 1002 1640 1056; x_wconf 89' lang='lat' dir='ltr'><strong>hominibus</strong></span> <span class='ocrx_word' id='word_1_103' title='bbox 1692 1002 1805 1055; x_wconf 85' lang='lat' dir='ltr'><strong>lieri</strong></span> <span class='ocrx_word' id='word_1_104' title='bbox 1873 1001 2149 1067; x_wconf 79' lang='lat' dir='ltr'><strong>inimicos;</strong></span> <span class='ocrx_word' id='word_1_105' title='bbox 2185 1017 2361 1071; x_wconf 89' lang='lat' dir='ltr'><strong>neque</strong></span> <span class='ocrx_word' id='word_1_106' title='bbox 2407 1002 2515 1055; x_wconf 89' lang='lat' dir='ltr'><strong>ulla</strong></span> <span class='ocrx_word' id='word_1_107' title='bbox 2579 1017 2819 1071; x_wconf 86' lang='lat' dir='ltr'><strong>unquam</strong></span> <span class='ocrx_word' id='word_1_108' title='bbox 2868 1017 3094 1070; x_wconf 85' lang='lat' dir='ltr'><strong>prorsus</strong></span> <span class='ocrx_word' id='word_1_109' title='bbox 3151 1000 3255 1054; x_wconf 76' lang='lat' dir='ltr'><strong>frui</strong></span> <span class='ocrx_word' id='word_1_110' title='bbox 3306 999 3670 1070; x_wconf 72' lang='lat' dir='ltr'><strong>iucunditate,</strong></span> 
     </span>
    </p>
   </div>
   <div class='ocr_carea' id='block_1_12' title="bbox 422 1090 3670 1165">
    <p class='ocr_par' dir='ltr' id='par_1_12' title="bbox 422 1090 3670 1165">
     <span class='ocr_line' id='line_1_12' title="bbox 422 1090 3670 1165; baseline -0.002 -18"><span class='ocrx_word' id='word_1_111' title='bbox 422 1094 579 1165; x_wconf 78' lang='lat'><strong>115</strong></span> <span class='ocrx_word' id='word_1_112' title='bbox 610 1108 784 1163; x_wconf 85' lang='lat' dir='ltr'><strong>neque</strong></span> <span class='ocrx_word' id='word_1_113' title='bbox 832 1092 1174 1147; x_wconf 87' lang='lat' dir='ltr'><strong>charissimis</strong></span> <span class='ocrx_word' id='word_1_114' title='bbox 1230 1091 1395 1146; x_wconf 92' lang='lat' dir='ltr'><strong>rebus</strong></span> <span class='ocrx_word' id='word_1_115' title='bbox 1453 1091 1715 1145; x_wconf 79' lang='lat' dir='ltr'><strong>oblectavi</strong></span> <span class='ocrx_word' id='word_1_116' title='bbox 1743 1132 1757 1155; x_wconf 97' lang='lat'><strong>,</strong></span> <span class='ocrx_word' id='word_1_117' title='bbox 1814 1106 1987 1160; x_wconf 88' lang='lat' dir='ltr'><strong>neque</strong></span> <span class='ocrx_word' id='word_1_118' title='bbox 2025 1105 2344 1159; x_wconf 84' lang='lat' dir='ltr'><strong>comparare</strong></span> <span class='ocrx_word' id='word_1_119' title='bbox 2379 1091 2659 1161; x_wconf 89' lang='lat' dir='ltr'><strong>pecunias,</strong></span> <span class='ocrx_word' id='word_1_120' title='bbox 2695 1107 2795 1145; x_wconf 89' lang='lat' dir='ltr'><strong>nec</strong></span> <span class='ocrx_word' id='word_1_121' title='bbox 2830 1093 2995 1146; x_wconf 84' lang='lat' dir='ltr'><strong>ullius</strong></span> <span class='ocrx_word' id='word_1_122' title='bbox 3053 1106 3280 1161; x_wconf 88' lang='lat' dir='ltr'><strong>prorsus</strong></span> <span class='ocrx_word' id='word_1_123' title='bbox 3326 1090 3453 1145; x_wconf 92' lang='lat' dir='ltr'><strong>boni</strong></span> <span class='ocrx_word' id='word_1_124' title='bbox 3519 1103 3670 1157; x_wconf 87' lang='lat' dir='ltr'><strong>spem</strong></span> 
     </span>
    </p>
   </div>
   <div class='ocr_carea' id='block_1_13' title="bbox 417 1178 3672 1256">
    <p class='ocr_par' dir='ltr' id='par_1_13' title="bbox 417 1178 3672 1256">
     <span class='ocr_line' id='line_1_13' title="bbox 417 1178 3672 1256; baseline -0.003 -12"><span class='ocrx_word' id='word_1_125' title='bbox 417 1188 521 1245; x_wconf 79' lang='lat' dir='ltr'><strong>sibi</strong></span> <span class='ocrx_word' id='word_1_126' title='bbox 554 1187 817 1256; x_wconf 86' lang='lat' dir='ltr'><strong>reliquam</strong></span> <span class='ocrx_word' id='word_1_127' title='bbox 852 1185 1027 1239; x_wconf 78' lang='lat' dir='ltr'><strong>facere</strong></span> <span class='ocrx_word' id='word_1_128' title='bbox 1062 1204 1075 1239; x_wconf 89' lang='lat'><strong>:</strong></span> <span class='ocrx_word' id='word_1_129' title='bbox 1111 1193 1315 1239; x_wconf 88' lang='lat' dir='ltr'><strong>temere</strong></span> <span class='ocrx_word' id='word_1_130' title='bbox 1372 1192 1551 1237; x_wconf 89' lang='lat' dir='ltr'><strong>autem</strong></span> <span class='ocrx_word' id='word_1_131' title='bbox 1584 1190 1638 1236; x_wconf 88' lang='lat' dir='ltr'><strong>et</strong></span> <span class='ocrx_word' id='word_1_132' title='bbox 1671 1183 1910 1237; x_wconf 84' lang='lat' dir='ltr'><strong>inaniter</strong></span> <span class='ocrx_word' id='word_1_133' title='bbox 1975 1197 2158 1237; x_wconf 90' lang='lat' dir='ltr'><strong>errare</strong></span> <span class='ocrx_word' id='word_1_134' title='bbox 2200 1198 2265 1237; x_wconf 89' lang='lat' dir='ltr'><strong>ac</strong></span> <span class='ocrx_word' id='word_1_135' title='bbox 2310 1183 2599 1253; x_wconf 85' lang='lat' dir='ltr'><strong>decipere?</strong></span> <span class='ocrx_word' id='word_1_136' title='bbox 2646 1182 2761 1238; x_wconf 84' lang='lat' dir='ltr'><strong>Hoc</strong></span> <span class='ocrx_word' id='word_1_137' title='bbox 2813 1184 2959 1238; x_wconf 90' lang='lat' dir='ltr'><strong>enim</strong></span> <span class='ocrx_word' id='word_1_138' title='bbox 3006 1184 3341 1253; x_wconf 62' lang='lat' dir='ltr'><strong>pt‘azcipuum</strong></span> <span class='ocrx_word' id='word_1_139' title='bbox 3404 1191 3488 1236; x_wconf 90' lang='lat' dir='ltr'><strong>est</strong></span> <span class='ocrx_word' id='word_1_140' title='bbox 3524 1178 3672 1250; x_wconf 86' lang='lat' dir='ltr'><strong>quod</strong></span> 
     </span>
    </p>
   </div>
   <div class='ocr_carea' id='block_1_14' title="bbox 415 1277 3674 1354">
    <p class='ocr_par' dir='ltr' id='par_1_14' title="bbox 415 1277 3674 1354">
     <span class='ocr_line' id='line_1_14' title="bbox 415 1277 3674 1354; baseline -0.003 -15"><span class='ocrx_word' id='word_1_141' title='bbox 415 1293 724 1354; x_wconf 85' lang='lat' dir='ltr'><strong>spectemus</strong></span> <span class='ocrx_word' id='word_1_142' title='bbox 753 1300 765 1335; x_wconf 89' lang='lat'>:</span> <span class='ocrx_word' id='word_1_143' title='bbox 792 1295 856 1333; x_wconf 88' lang='lat' dir='ltr'><strong>ac</strong></span> <span class='ocrx_word' id='word_1_144' title='bbox 882 1286 1140 1349; x_wconf 83' lang='lat' dir='ltr'><strong>praeterea</strong></span> <span class='ocrx_word' id='word_1_145' title='bbox 1176 1279 1430 1332; x_wconf 87' lang='lat' dir='ltr'><strong>omnibus</strong></span> <span class='ocrx_word' id='word_1_146' title='bbox 1490 1278 1799 1332; x_wconf 89' lang='lat' dir='ltr'><strong>nationibus</strong></span> <span class='ocrx_word' id='word_1_147' title='bbox 1863 1277 2162 1340; x_wconf 80' lang='lat' dir='ltr'><strong>adversari,</strong></span> <span class='ocrx_word' id='word_1_148' title='bbox 2199 1285 2254 1333; x_wconf 89' lang='lat' dir='ltr'><strong>et</strong></span> <span class='ocrx_word' id='word_1_149' title='bbox 2298 1277 2451 1342; x_wconf 89' lang='lat' dir='ltr'><strong>deos,</strong></span> <span class='ocrx_word' id='word_1_150' title='bbox 2482 1279 2575 1348; x_wconf 90' lang='lat' dir='ltr'><strong>qui</strong></span> <span class='ocrx_word' id='word_1_151' title='bbox 2613 1294 2644 1332; x_wconf 88' lang='lat' dir='ltr'><strong>a</strong></span> <span class='ocrx_word' id='word_1_152' title='bbox 2687 1279 2909 1333; x_wconf 88' lang='lat' dir='ltr'><strong>condito</strong></span> <span class='ocrx_word' id='word_1_153' title='bbox 2956 1294 3072 1333; x_wconf 62' lang='lat' dir='ltr'><strong>aevo</strong></span> <span class='ocrx_word' id='word_1_154' title='bbox 3104 1277 3247 1348; x_wconf 89' lang='lat' dir='ltr'><strong>apud</strong></span> <span class='ocrx_word' id='word_1_155' title='bbox 3306 1291 3497 1331; x_wconf 88' lang='lat' dir='ltr'><strong>omnes</strong></span> <span class='ocrx_word' id='word_1_156' title='bbox 3552 1290 3674 1329; x_wconf 77' lang='lat' dir='ltr'><strong>cer-</strong></span> 
     </span>
    </p>
   </div>
   <div class='ocr_carea' id='block_1_15' title="bbox 416 1372 3673 1446">
    <p class='ocr_par' dir='ltr' id='par_1_15' title="bbox 416 1372 3673 1446">
     <span class='ocr_line' id='line_1_15' title="bbox 416 1372 3673 1446; baseline -0.003 -12"><span class='ocrx_word' id='word_1_157' title='bbox 416 1378 615 1434; x_wconf 89' lang='lat' dir='ltr'><strong>tissimi</strong></span> <span class='ocrx_word' id='word_1_158' title='bbox 659 1376 828 1432; x_wconf 88' lang='lat' dir='ltr'><strong>habiti</strong></span> <span class='ocrx_word' id='word_1_159' title='bbox 864 1384 993 1431; x_wconf 92' lang='lat' dir='ltr'><strong>sunt</strong></span> <span class='ocrx_word' id='word_1_160' title='bbox 1026 1389 1360 1446; x_wconf 78' lang='lat' dir='ltr'><strong>Oppugnarc.</strong></span> <span class='ocrx_word' id='word_1_161' title='bbox 1410 1372 1801 1443; x_wconf 76' lang='lat' dir='ltr'><strong>Praeceptoretn</strong></span> <span class='ocrx_word' id='word_1_162' title='bbox 1838 1389 1988 1437; x_wconf 89' lang='lat' dir='ltr'><strong>vero,</strong></span> <span class='ocrx_word' id='word_1_163' title='bbox 2044 1389 2207 1444; x_wconf 87' lang='lat' dir='ltr'><strong>quem</strong></span> <span class='ocrx_word' id='word_1_164' title='bbox 2257 1374 2431 1428; x_wconf 90' lang='lat' dir='ltr'><strong>oculis</strong></span> <span class='ocrx_word' id='word_1_165' title='bbox 2481 1375 2688 1428; x_wconf 87' lang='lat' dir='ltr'><strong>nostris</strong></span> <span class='ocrx_word' id='word_1_166' title='bbox 2753 1376 3021 1444; x_wconf 90' lang='lat' dir='ltr'><strong>supplicio</strong></span> <span class='ocrx_word' id='word_1_167' title='bbox 3073 1376 3209 1429; x_wconf 76' lang='lat' dir='ltr'><strong>allici</strong></span> <span class='ocrx_word' id='word_1_168' title='bbox 3265 1375 3525 1436; x_wconf 89' lang='lat' dir='ltr'><strong>vidimus,</strong></span> <span class='ocrx_word' id='word_1_169' title='bbox 3573 1386 3673 1441; x_wconf 88' lang='lat' dir='ltr'><strong>pro</strong></span> 
     </span>
    </p>
   </div>
   <div class='ocr_carea' id='block_1_16' title="bbox 417 1462 3673 1536">
    <p class='ocr_par' dir='ltr' id='par_1_16' title="bbox 417 1462 3673 1536">
     <span class='ocr_line' id='line_1_16' title="bbox 417 1462 3673 1536; baseline -0.001 -15"><span class='ocrx_word' id='word_1_170' title='bbox 417 1467 528 1525; x_wconf 84' lang='lat' dir='ltr'><strong>Deo</strong></span> <span class='ocrx_word' id='word_1_171' title='bbox 559 1478 612 1524; x_wconf 88' lang='lat' dir='ltr'><strong>et</strong></span> <span class='ocrx_word' id='word_1_172' title='bbox 642 1482 740 1536; x_wconf 81' lang='lat' dir='ltr'><strong>pro</strong></span> <span class='ocrx_word' id='word_1_173' title='bbox 774 1465 869 1520; x_wconf 91' lang='lat' dir='ltr'><strong>Dei</strong></span> <span class='ocrx_word' id='word_1_174' title='bbox 911 1463 1050 1519; x_wconf 87' lang='lat' dir='ltr'><strong>Filio</strong></span> <span class='ocrx_word' id='word_1_175' title='bbox 1079 1465 1392 1533; x_wconf 59' lang='lat' dir='ltr'><strong>praedicare.</strong></span> <span class='ocrx_word' id='word_1_176' title='bbox 1428 1462 1533 1517; x_wconf 89' lang='lat' dir='ltr'><strong>Pro</strong></span> <span class='ocrx_word' id='word_1_177' title='bbox 1577 1478 1682 1532; x_wconf 84' lang='lat' dir='ltr'><strong>quo</strong></span> <span class='ocrx_word' id='word_1_178' title='bbox 1712 1470 1765 1516; x_wconf 84' lang='lat' dir='ltr'><strong>et</strong></span> <span class='ocrx_word' id='word_1_179' title='bbox 1815 1464 1916 1533; x_wconf 83' lang='lat' dir='ltr'><strong>ipsi</strong></span> <span class='ocrx_word' id='word_1_180' title='bbox 1949 1466 2086 1518; x_wconf 89' lang='lat' dir='ltr'><strong>mori</strong></span> <span class='ocrx_word' id='word_1_181' title='bbox 2123 1465 2294 1535; x_wconf 77' lang='lat' dir='ltr'><strong>parati</strong></span> <span class='ocrx_word' id='word_1_182' title='bbox 2336 1467 2527 1521; x_wconf 89' lang='lat' dir='ltr'><strong>simus.</strong></span> <span class='ocrx_word' id='word_1_183' title='bbox 2562 1468 2777 1520; x_wconf 83' lang='lat' dir='ltr'><strong>tametsi</strong></span> <span class='ocrx_word' id='word_1_184' title='bbox 2826 1468 2896 1520; x_wconf 83' lang='lat' dir='ltr'><strong>ab</strong></span> <span class='ocrx_word' id='word_1_185' title='bbox 2942 1467 3035 1521; x_wconf 90' lang='lat' dir='ltr'><strong>illo</strong></span> <span class='ocrx_word' id='word_1_186' title='bbox 3093 1483 3268 1535; x_wconf 88' lang='lat' dir='ltr'><strong>neque</strong></span> <span class='ocrx_word' id='word_1_187' title='bbox 3326 1467 3440 1521; x_wconf 90' lang='lat' dir='ltr'><strong>veri</strong></span> <span class='ocrx_word' id='word_1_188' title='bbox 3498 1479 3673 1533; x_wconf 87' lang='lat' dir='ltr'><strong>neque</strong></span> 
     </span>
    </p>
   </div>
   <div class='ocr_carea' id='block_1_17' title="bbox 416 1552 3672 1627">
    <p class='ocr_par' dir='ltr' id='par_1_17' title="bbox 416 1552 3672 1627">
     <span class='ocr_line' id='line_1_17' title="bbox 416 1552 3672 1627; baseline -0.001 -13"><span class='ocrx_word' id='word_1_189' title='bbox 416 1561 566 1615; x_wconf 92' lang='lat' dir='ltr'><strong>utilis</strong></span> <span class='ocrx_word' id='word_1_190' title='bbox 601 1567 693 1613; x_wconf 88' lang='lat' dir='ltr'><strong>aut</strong></span> <span class='ocrx_word' id='word_1_191' title='bbox 718 1555 989 1612; x_wconf 89' lang='lat' dir='ltr'><strong>commodi</strong></span> <span class='ocrx_word' id='word_1_192' title='bbox 1028 1555 1321 1625; x_wconf 86' lang='lat' dir='ltr'><strong>quidquam</strong></span> <span class='ocrx_word' id='word_1_193' title='bbox 1355 1553 1667 1607; x_wconf 76' lang='lat' dir='ltr'><strong>didicimus.</strong></span> <span class='ocrx_word' id='word_1_194' title='bbox 1698 1552 1810 1607; x_wconf 91' lang='lat' dir='ltr'><strong>lloc</strong></span> <span class='ocrx_word' id='word_1_195' title='bbox 1842 1555 1984 1607; x_wconf 91' lang='lat' dir='ltr'><strong>enim</strong></span> <span class='ocrx_word' id='word_1_196' title='bbox 2025 1556 2141 1623; x_wconf 89' lang='lat' dir='ltr'><strong>ipso</strong></span> <span class='ocrx_word' id='word_1_197' title='bbox 2173 1556 2264 1610; x_wconf 89' lang='lat' dir='ltr'><strong>ille</strong></span> <span class='ocrx_word' id='word_1_198' title='bbox 2291 1557 2463 1627; x_wconf 88' lang='lat' dir='ltr'><strong>pluris</strong></span> <span class='ocrx_word' id='word_1_199' title='bbox 2491 1566 2576 1612; x_wconf 87' lang='lat' dir='ltr'><strong>est</strong></span> <span class='ocrx_word' id='word_1_200' title='bbox 2607 1557 2909 1622; x_wconf 78' lang='lat' dir='ltr'><strong>faciendus,</strong></span> <span class='ocrx_word' id='word_1_201' title='bbox 2941 1557 3086 1627; x_wconf 89' lang='lat' dir='ltr'><strong>quod</strong></span> <span class='ocrx_word' id='word_1_202' title='bbox 3142 1558 3279 1610; x_wconf 87' lang='lat' dir='ltr'><strong>nihil</strong></span> <span class='ocrx_word' id='word_1_203' title='bbox 3340 1555 3499 1611; x_wconf 82' lang='lat' dir='ltr'><strong>nobis</strong></span> <span class='ocrx_word' id='word_1_204' title='bbox 3542 1570 3672 1625; x_wconf 83' lang='lat' dir='ltr'><strong>pro-</strong></span> 
     </span>
    </p>
   </div>
   <div class='ocr_carea' id='block_1_18' title="bbox 415 1645 3671 1719">
    <p class='ocr_par' dir='ltr' id='par_1_18' title="bbox 415 1645 3671 1719">
     <span class='ocr_line' id='line_1_18' title="bbox 415 1645 3671 1719; baseline -0.001 -13"><span class='ocrx_word' id='word_1_205' title='bbox 415 1653 601 1708; x_wconf 82' lang='lat' dir='ltr'><strong>fuerit.</strong></span> <span class='ocrx_word' id='word_1_206' title='bbox 656 1649 851 1705; x_wconf 86' lang='lat' dir='ltr'><strong>Omnia</strong></span> <span class='ocrx_word' id='word_1_207' title='bbox 884 1663 1015 1703; x_wconf 87' lang='lat' dir='ltr'><strong>vero</strong></span> <span class='ocrx_word' id='word_1_208' title='bbox 1058 1648 1217 1702; x_wconf 89' lang='lat' dir='ltr'><strong>nobis</strong></span> <span class='ocrx_word' id='word_1_209' title='bbox 1266 1646 1513 1700; x_wconf 81' lang='lat' dir='ltr'><strong>facienda</strong></span> <span class='ocrx_word' id='word_1_210' title='bbox 1564 1654 1711 1709; x_wconf 90' lang='lat' dir='ltr'><strong>sunt,</strong></span> <span class='ocrx_word' id='word_1_211' title='bbox 1758 1655 1815 1699; x_wconf 92' lang='lat' dir='ltr'><strong>ut</strong></span> <span class='ocrx_word' id='word_1_212' title='bbox 1874 1645 2018 1701; x_wconf 90' lang='lat' dir='ltr'><strong>illius</strong></span> <span class='ocrx_word' id='word_1_213' title='bbox 2083 1663 2280 1703; x_wconf 87' lang='lat' dir='ltr'><strong>numen</strong></span> <span class='ocrx_word' id='word_1_214' title='bbox 2346 1652 2556 1706; x_wconf 85' lang='lat' dir='ltr'><strong>illustre</strong></span> <span class='ocrx_word' id='word_1_215' title='bbox 2631 1651 3038 1719; x_wconf 72' lang='lat' dir='ltr'><strong>gloriosutnque</strong></span> <span class='ocrx_word' id='word_1_216' title='bbox 3112 1650 3425 1705; x_wconf 85' lang='lat' dir='ltr'><strong>reddamus.</strong></span> <span class='ocrx_word' id='word_1_217' title='bbox 3476 1649 3671 1705; x_wconf 76' lang='lat' dir='ltr'><strong>Ouuia</strong></span> 
     </span>
    </p>
   </div>
   <div class='ocr_carea' id='block_1_19' title="bbox 416 1744 3672 1824">
    <p class='ocr_par' dir='ltr' id='par_1_19' title="bbox 416 1744 3672 1824">
     <span class='ocr_line' id='line_1_19' title="bbox 416 1744 3672 1824; baseline -0.003 -18"><span class='ocrx_word' id='word_1_218' title='bbox 416 1752 637 1824; x_wconf 88' lang='lat' dir='ltr'><strong>probra,</strong></span> <span class='ocrx_word' id='word_1_219' title='bbox 672 1748 854 1802; x_wconf 87' lang='lat' dir='ltr'><strong>omnia</strong></span> <span class='ocrx_word' id='word_1_220' title='bbox 904 1746 1168 1816; x_wconf 89' lang='lat' dir='ltr'><strong>supplicia</strong></span> <span class='ocrx_word' id='word_1_221' title='bbox 1204 1744 1442 1809; x_wconf 82' lang='lat' dir='ltr'><strong>ferenda,</strong></span> <span class='ocrx_word' id='word_1_222' title='bbox 1510 1758 1671 1798; x_wconf 88' lang='lat' dir='ltr'><strong>omne</strong></span> <span class='ocrx_word' id='word_1_223' title='bbox 1714 1759 1885 1813; x_wconf 80' lang='lat' dir='ltr'><strong>genus</strong></span> <span class='ocrx_word' id='word_1_224' title='bbox 1916 1745 2109 1800; x_wconf 91' lang='lat' dir='ltr'><strong>mortis</strong></span> <span class='ocrx_word' id='word_1_225' title='bbox 2153 1745 2495 1800; x_wconf 86' lang='lat' dir='ltr'><strong>subeundum</strong></span> <span class='ocrx_word' id='word_1_226' title='bbox 2527 1761 2623 1816; x_wconf 87' lang='lat' dir='ltr'><strong>pro</strong></span> <span class='ocrx_word' id='word_1_227' title='bbox 2666 1760 2730 1799; x_wconf 91' lang='lat' dir='ltr'><strong>ea</strong></span> <span class='ocrx_word' id='word_1_228' title='bbox 2767 1760 2846 1807; x_wconf 89' lang='lat' dir='ltr'><strong>re,</strong></span> <span class='ocrx_word' id='word_1_229' title='bbox 2883 1760 3004 1814; x_wconf 76' lang='lat' dir='ltr'><strong>qua:</strong></span> <span class='ocrx_word' id='word_1_230' title='bbox 3035 1745 3181 1797; x_wconf 88' lang='lat' dir='ltr'><strong>nulla</strong></span> <span class='ocrx_word' id='word_1_231' title='bbox 3244 1744 3298 1797; x_wconf 91' lang='lat' dir='ltr'><strong>in</strong></span> <span class='ocrx_word' id='word_1_232' title='bbox 3342 1752 3494 1812; x_wconf 88' lang='lat' dir='ltr'><strong>parte</strong></span> <span class='ocrx_word' id='word_1_233' title='bbox 3544 1758 3672 1797; x_wconf 86' lang='lat' dir='ltr'><strong>vera</strong></span> 
     </span>
    </p>
   </div>
   <div class='ocr_carea' id='block_1_20' title="bbox 415 1836 3674 1910">
    <p class='ocr_par' dir='ltr' id='par_1_20' title="bbox 415 1836 3674 1910">
     <span class='ocr_line' id='line_1_20' title="bbox 415 1836 3674 1910; baseline -0.004 -9"><span class='ocrx_word' id='word_1_234' title='bbox 415 1854 522 1903; x_wconf 88' lang='lat' dir='ltr'><strong>est.</strong></span> <span class='ocrx_word' id='word_1_235' title='bbox 581 1843 790 1897; x_wconf 73' lang='lat' dir='ltr'><strong>Malum</strong></span> <span class='ocrx_word' id='word_1_236' title='bbox 837 1842 981 1897; x_wconf 90' lang='lat' dir='ltr'><strong>enim</strong></span> <span class='ocrx_word' id='word_1_237' title='bbox 1028 1839 1260 1894; x_wconf 77' lang='lat' dir='ltr'><strong>forsitan</strong></span> <span class='ocrx_word' id='word_1_238' title='bbox 1308 1840 1535 1902; x_wconf 86' lang='lat' dir='ltr'><strong>veritas,</strong></span> <span class='ocrx_word' id='word_1_239' title='bbox 1599 1845 1652 1892; x_wconf 89' lang='lat' dir='ltr'><strong>et</strong></span> <span class='ocrx_word' id='word_1_240' title='bbox 1716 1838 1842 1892; x_wconf 87' lang='lat' dir='ltr'><strong>tnali</strong></span> <span class='ocrx_word' id='word_1_241' title='bbox 1909 1839 2243 1893; x_wconf 79' lang='lat' dir='ltr'><strong>contratium</strong></span> <span class='ocrx_word' id='word_1_242' title='bbox 2300 1840 2356 1894; x_wconf 90' lang='lat' dir='ltr'><strong>in</strong></span> <span class='ocrx_word' id='word_1_243' title='bbox 2422 1840 2708 1894; x_wconf 85' lang='lat' dir='ltr'><strong>tncmiaeio</strong></span> <span class='ocrx_word' id='word_1_244' title='bbox 2756 1858 2770 1895; x_wconf 86' lang='lat'>:</span> <span class='ocrx_word' id='word_1_245' title='bbox 2825 1854 2993 1910; x_wconf 89' lang='lat' dir='ltr'><strong>quare</strong></span> <span class='ocrx_word' id='word_1_246' title='bbox 3045 1838 3372 1891; x_wconf 69' lang='lat' dir='ltr'><strong>allirmcnzus</strong></span> <span class='ocrx_word' id='word_1_247' title='bbox 3419 1836 3568 1889; x_wconf 85' lang='lat' dir='ltr'><strong>illum</strong></span> <span class='ocrx_word' id='word_1_248' title='bbox 3617 1845 3674 1889; x_wconf 86' lang='lat' dir='ltr'><strong>et</strong></span> 
     </span>
    </p>
   </div>
   <div class='ocr_carea' id='block_1_21' title="bbox 414 1929 3671 2002">
    <p class='ocr_par' dir='ltr' id='par_1_21' title="bbox 414 1929 3671 2002">
     <span class='ocr_line' id='line_1_21' title="bbox 414 1929 3671 2002; baseline -0.003 -10"><span class='ocrx_word' id='word_1_249' title='bbox 414 1946 661 1992; x_wconf 90' lang='lat' dir='ltr'><strong>mortuos</strong></span> <span class='ocrx_word' id='word_1_250' title='bbox 713 1935 1006 1997; x_wconf 77' lang='lat' dir='ltr'><strong>excitasse,</strong></span> <span class='ocrx_word' id='word_1_251' title='bbox 1056 1942 1109 1987; x_wconf 87' lang='lat' dir='ltr'><strong>et</strong></span> <span class='ocrx_word' id='word_1_252' title='bbox 1153 1933 1400 2001; x_wconf 82' lang='lat' dir='ltr'><strong>leprosos</strong></span> <span class='ocrx_word' id='word_1_253' title='bbox 1470 1946 1767 2001; x_wconf 82' lang='lat' dir='ltr'><strong>purgasse,</strong></span> <span class='ocrx_word' id='word_1_254' title='bbox 1840 1940 1895 1986; x_wconf 88' lang='lat' dir='ltr'><strong>et</strong></span> <span class='ocrx_word' id='word_1_255' title='bbox 1958 1933 2233 1988; x_wconf 66' lang='lat' dir='ltr'><strong>daemonas</strong></span> <span class='ocrx_word' id='word_1_256' title='bbox 2265 1934 2510 2002; x_wconf 88' lang='lat' dir='ltr'><strong>ejecisse,</strong></span> <span class='ocrx_word' id='word_1_257' title='bbox 2552 1941 2607 1987; x_wconf 88' lang='lat' dir='ltr'><strong>et</strong></span> <span class='ocrx_word' id='word_1_258' title='bbox 2645 1933 2750 1986; x_wconf 91' lang='lat' dir='ltr'><strong>alia</strong></span> <span class='ocrx_word' id='word_1_259' title='bbox 2796 1930 3162 1991; x_wconf 82' lang='lat' dir='ltr'><strong>incredibilia,</strong></span> <span class='ocrx_word' id='word_1_260' title='bbox 3223 1944 3547 1999; x_wconf 89' lang='lat' dir='ltr'><strong>omnemque</strong></span> <span class='ocrx_word' id='word_1_261' title='bbox 3604 1929 3671 1983; x_wconf 79' lang='lat' dir='ltr'><strong>li-</strong></span> 
     </span>
    </p>
   </div>
   <div class='ocr_carea' id='block_1_22' title="bbox 413 2024 3671 2103">
    <p class='ocr_par' dir='ltr' id='par_1_22' title="bbox 413 2024 3671 2103">
     <span class='ocr_line' id='line_1_22' title="bbox 413 2024 3671 2103; baseline -0.003 -14"><span class='ocrx_word' id='word_1_262' title='bbox 413 2032 537 2089; x_wconf 86' lang='lat' dir='ltr'><strong>dcm</strong></span> <span class='ocrx_word' id='word_1_263' title='bbox 568 2030 880 2103; x_wconf 82' lang='lat' dir='ltr'><strong>superantia</strong></span> <span class='ocrx_word' id='word_1_264' title='bbox 906 2027 1125 2092; x_wconf 82' lang='lat' dir='ltr'><strong>fecisse,</strong></span> <span class='ocrx_word' id='word_1_265' title='bbox 1155 2041 1388 2097; x_wconf 89' lang='lat' dir='ltr'><strong>quarum</strong></span> <span class='ocrx_word' id='word_1_266' title='bbox 1419 2024 1638 2096; x_wconf 89' lang='lat' dir='ltr'><strong>quidem</strong></span> <span class='ocrx_word' id='word_1_267' title='bbox 1687 2041 1869 2079; x_wconf 87' lang='lat' dir='ltr'><strong>rerum</strong></span> <span class='ocrx_word' id='word_1_268' title='bbox 1929 2026 2144 2082; x_wconf 89' lang='lat' dir='ltr'><strong>nullius</strong></span> <span class='ocrx_word' id='word_1_269' title='bbox 2191 2027 2265 2081; x_wconf 86' lang='lat' dir='ltr'><strong>illi</strong></span> <span class='ocrx_word' id='word_1_270' title='bbox 2315 2044 2416 2083; x_wconf 85' lang='lat' dir='ltr'><strong>nos</strong></span> <span class='ocrx_word' id='word_1_271' title='bbox 2470 2028 2678 2083; x_wconf 89' lang='lat' dir='ltr'><strong>conscii</strong></span> <span class='ocrx_word' id='word_1_272' title='bbox 2746 2042 2958 2092; x_wconf 89' lang='lat' dir='ltr'><strong>sumus,</strong></span> <span class='ocrx_word' id='word_1_273' title='bbox 3026 2024 3119 2079; x_wconf 87' lang='lat' dir='ltr'><strong>sed</strong></span> <span class='ocrx_word' id='word_1_274' title='bbox 3164 2025 3429 2079; x_wconf 81' lang='lat' dir='ltr'><strong>arbitratu</strong></span> <span class='ocrx_word' id='word_1_275' title='bbox 3482 2034 3671 2080; x_wconf 89' lang='lat' dir='ltr'><strong>nostro</strong></span> 
     </span>
    </p>
   </div>
   <div class='ocr_carea' id='block_1_23' title="bbox 414 2117 3673 2194">
    <p class='ocr_par' dir='ltr' id='par_1_23' title="bbox 414 2117 3673 2194">
     <span class='ocr_line' id='line_1_23' title="bbox 414 2117 3673 2194; baseline -0.002 -12"><span class='ocrx_word' id='word_1_276' title='bbox 414 2139 612 2182; x_wconf 88' lang='lat' dir='ltr'><strong>cuncta</strong></span> <span class='ocrx_word' id='word_1_277' title='bbox 667 2121 935 2194; x_wconf 78' lang='lat' dir='ltr'><strong>fingentes</strong></span> <span class='ocrx_word' id='word_1_278' title='bbox 968 2140 981 2176; x_wconf 89' lang='lat'><strong>:</strong></span> <span class='ocrx_word' id='word_1_279' title='bbox 1010 2129 1064 2175; x_wconf 88' lang='lat' dir='ltr'><strong>et</strong></span> <span class='ocrx_word' id='word_1_280' title='bbox 1098 2118 1436 2190; x_wconf 89' lang='lat' dir='ltr'><strong>decipiamus</strong></span> <span class='ocrx_word' id='word_1_281' title='bbox 1465 2117 1681 2188; x_wconf 89' lang='lat' dir='ltr'><strong>quidem</strong></span> <span class='ocrx_word' id='word_1_282' title='bbox 1717 2134 1855 2188; x_wconf 85' lang='lat' dir='ltr'><strong>quos</strong></span> <span class='ocrx_word' id='word_1_283' title='bbox 1895 2135 2209 2190; x_wconf 87' lang='lat' dir='ltr'><strong>possumus,</strong></span> <span class='ocrx_word' id='word_1_284' title='bbox 2255 2121 2300 2175; x_wconf 86' lang='lat' dir='ltr'><strong>si</strong></span> <span class='ocrx_word' id='word_1_285' title='bbox 2337 2122 2425 2175; x_wconf 90' lang='lat' dir='ltr'><strong>cui</strong></span> <span class='ocrx_word' id='word_1_286' title='bbox 2457 2138 2583 2176; x_wconf 85' lang='lat' dir='ltr'><strong>vero</strong></span> <span class='ocrx_word' id='word_1_287' title='bbox 2609 2138 2718 2176; x_wconf 92' lang='lat' dir='ltr'><strong>non</strong></span> <span class='ocrx_word' id='word_1_288' title='bbox 2746 2121 3202 2190; x_wconf 87' lang='lat' dir='ltr'><strong>persuaserimus,</strong></span> <span class='ocrx_word' id='word_1_289' title='bbox 3263 2128 3374 2172; x_wconf 90' lang='lat' dir='ltr'><strong>tutn</strong></span> <span class='ocrx_word' id='word_1_290' title='bbox 3416 2119 3519 2190; x_wconf 86' lang='lat' dir='ltr'><strong>ipsi</strong></span> <span class='ocrx_word' id='word_1_291' title='bbox 3572 2136 3673 2191; x_wconf 90' lang='lat' dir='ltr'><strong>pro</strong></span> 
     </span>
    </p>
   </div>
   <div class='ocr_carea' id='block_1_24' title="bbox 414 2214 2935 2296">
    <p class='ocr_par' dir='ltr' id='par_1_24' title="bbox 414 2214 2935 2296">
     <span class='ocr_line' id='line_1_24' title="bbox 414 2214 2935 2296; baseline -0.004 -17"><span class='ocrx_word' id='word_1_292' title='bbox 414 2226 484 2284; x_wconf 91' lang='lat' dir='ltr'><strong>iis</strong></span> <span class='ocrx_word' id='word_1_293' title='bbox 514 2240 634 2296; x_wconf 81' lang='lat' dir='ltr'><strong>quae</strong></span> <span class='ocrx_word' id='word_1_294' title='bbox 667 2224 806 2278; x_wconf 78' lang='lat' dir='ltr'><strong>inter</strong></span> <span class='ocrx_word' id='word_1_295' title='bbox 836 2236 935 2275; x_wconf 88' lang='lat' dir='ltr'><strong>nos</strong></span> <span class='ocrx_word' id='word_1_296' title='bbox 967 2217 1379 2286; x_wconf 87' lang='lat' dir='ltr'><strong>composuimus</strong></span> <span class='ocrx_word' id='word_1_297' title='bbox 1411 2214 1615 2269; x_wconf 90' lang='lat' dir='ltr'><strong>erroris</strong></span> <span class='ocrx_word' id='word_1_298' title='bbox 1646 2215 1975 2280; x_wconf 89' lang='lat' dir='ltr'><strong>mercedem,</strong></span> <span class='ocrx_word' id='word_1_299' title='bbox 2020 2216 2283 2272; x_wconf 86' lang='lat' dir='ltr'><strong>adversus</strong></span> <span class='ocrx_word' id='word_1_300' title='bbox 2321 2233 2419 2271; x_wconf 90' lang='lat' dir='ltr'><strong>nos</strong></span> <span class='ocrx_word' id='word_1_301' title='bbox 2445 2218 2598 2286; x_wconf 84' lang='lat' dir='ltr'><strong>ipsos</strong></span> <span class='ocrx_word' id='word_1_302' title='bbox 2632 2218 2935 2271; x_wconf 83' lang='lat' dir='ltr'><strong>eliciamus.</strong></span> 
     </span>
    </p>
   </div>
   <div class='ocr_carea' id='block_1_25' title="bbox 486 2304 1992 2380">
    <p class='ocr_par' dir='ltr' id='par_1_25' title="bbox 486 2306 1992 2372">
     <span class='ocr_line' id='line_1_25' title="bbox 486 2306 1992 2372; baseline -0.007 -2"><span class='ocrx_word' id='word_1_303' title='bbox 486 2317 825 2372; x_wconf 85' lang='lat' dir='ltr'><strong>Videnturne</strong></span> <span class='ocrx_word' id='word_1_304' title='bbox 864 2311 960 2365; x_wconf 84' lang='lat' dir='ltr'><strong>tibi</strong></span> <span class='ocrx_word' id='word_1_305' title='bbox 999 2308 1282 2364; x_wconf 90' lang='lat' dir='ltr'><strong>credibilia</strong></span> <span class='ocrx_word' id='word_1_306' title='bbox 1324 2306 1461 2370; x_wconf 63' lang='lat' dir='ltr'><strong>haec,</strong></span> <span class='ocrx_word' id='word_1_307' title='bbox 1495 2315 1589 2361; x_wconf 89' lang='lat' dir='ltr'><strong>aut</strong></span> <span class='ocrx_word' id='word_1_308' title='bbox 1640 2306 1735 2361; x_wconf 79' lang='lat' dir='ltr'><strong>ulli</strong></span> <span class='ocrx_word' id='word_1_309' title='bbox 1772 2322 1899 2363; x_wconf 87' lang='lat' dir='ltr'><strong>vero</strong></span> <span class='ocrx_word' id='word_1_310' title='bbox 1928 2308 1992 2362; x_wconf 91' lang='lat' dir='ltr'><strong>si-</strong></span> 
     </span>
    </p>
   </div>
   <div class='ocr_carea' id='block_1_26' title="bbox 2097 2304 3675 2380">
    <p class='ocr_par' dir='ltr' id='par_1_26' title="bbox 2171 2304 3675 2380">
     <span class='ocr_line' id='line_1_26' title="bbox 2171 2304 3675 2380; baseline 0.003 -19"><span class='ocrx_word' id='word_1_311' title='bbox 2171 2304 2318 2378; x_wconf 67' lang='grc' dir='ltr'><strong>*Αρά</strong></span> <span class='ocrx_word' id='word_1_312' title='bbox 2346 2327 2424 2363; x_wconf 90' lang='grc' dir='ltr'><strong>σοι</strong></span> <span class='ocrx_word' id='word_1_313' title='bbox 2451 2308 2652 2362; x_wconf 86' lang='grc' dir='ltr'>πιθανά</span> <span class='ocrx_word' id='word_1_314' title='bbox 2677 2308 2847 2362; x_wconf 77' lang='grc' dir='ltr'>ταῦτα</span> <span class='ocrx_word' id='word_1_315' title='bbox 2872 2308 2904 2379; x_wconf 84' lang='grc' dir='ltr'>ἢ</span> <span class='ocrx_word' id='word_1_316' title='bbox 2934 2307 3028 2362; x_wconf 72' lang='grc' dir='ltr'><strong>καὶ</strong></span> <span class='ocrx_word' id='word_1_317' title='bbox 3057 2307 3291 2379; x_wconf 78' lang='grc' dir='ltr'><strong>ἀληθοῦς</strong></span> <span class='ocrx_word' id='word_1_318' title='bbox 3316 2307 3549 2380; x_wconf 75' lang='grc' dir='ltr'>ἐχόμενα</span> <span class='ocrx_word' id='word_1_319' title='bbox 3584 2309 3675 2365; x_wconf 80' lang='grc' dir='ltr'>λό-</span> 
     </span>
    </p>
   </div>
   <div class='ocr_carea' id='block_1_27' title="bbox 411 2399 1992 2478">
    <p class='ocr_par' dir='ltr' id='par_1_27' title="bbox 411 2400 1990 2478">
     <span class='ocr_line' id='line_1_27' title="bbox 411 2400 1990 2478; baseline -0.009 -13"><span class='ocrx_word' id='word_1_320' title='bbox 411 2409 606 2466; x_wconf 87' lang='lat' dir='ltr'><strong>milia?</strong></span> <span class='ocrx_word' id='word_1_321' title='bbox 645 2405 913 2478; x_wconf 82' lang='lat' dir='ltr'><strong>ignobiles</strong></span> <span class='ocrx_word' id='word_1_322' title='bbox 959 2403 1320 2472; x_wconf 72' lang='lat' dir='ltr'><strong>vulgaresque</strong></span> <span class='ocrx_word' id='word_1_323' title='bbox 1369 2400 1639 2463; x_wconf 86' lang='lat' dir='ltr'><strong>homines,</strong></span> <span class='ocrx_word' id='word_1_324' title='bbox 1700 2407 1990 2470; x_wconf 87' lang='lat' dir='ltr'><strong>postquam</strong></span> 
     </span>
    </p>
   </div>
   <div class='ocr_carea' id='block_1_28' title="bbox 2097 2399 3673 2478">
    <p class='ocr_par' dir='ltr' id='par_1_28' title="bbox 2097 2399 3673 2472">
     <span class='ocr_line' id='line_1_28' title="bbox 2097 2399 3673 2472; baseline 0.003 -19"><span class='ocrx_word' id='word_1_325' title='bbox 2097 2418 2215 2470; x_wconf 83' lang='grc' dir='ltr'>γου,</span> <span class='ocrx_word' id='word_1_326' title='bbox 2247 2400 2321 2463; x_wconf 81' lang='grc' dir='ltr'>ὡς</span> <span class='ocrx_word' id='word_1_327' title='bbox 2365 2400 2435 2453; x_wconf 87' lang='grc' dir='ltr'><strong>τά</strong></span> <span class='ocrx_word' id='word_1_328' title='bbox 2470 2400 2693 2454; x_wconf 78' lang='grc' dir='ltr'>τοιαῦτα</span> <span class='ocrx_word' id='word_1_329' title='bbox 2724 2399 3061 2470; x_wconf 81' lang='grc' dir='ltr'><strong>πλασάμενοι</strong></span> <span class='ocrx_word' id='word_1_330' title='bbox 3094 2401 3188 2453; x_wconf 80' lang='grc' dir='ltr'><strong>καὶ</strong></span> <span class='ocrx_word' id='word_1_331' title='bbox 3223 2400 3537 2472; x_wconf 77' lang='grc' dir='ltr'>συνθέμενοι</span> <span class='ocrx_word' id='word_1_332' title='bbox 3575 2403 3673 2457; x_wconf 87' lang='grc' dir='ltr'>ἀλ-</span> 
     </span>
    </p>
   </div>
   <div class='ocr_carea' id='block_1_29' title="bbox 411 2490 1995 2565">
    <p class='ocr_par' dir='ltr' id='par_1_29' title="bbox 411 2490 1995 2565">
     <span class='ocr_line' id='line_1_29' title="bbox 411 2490 1995 2565; baseline -0.009 -7"><span class='ocrx_word' id='word_1_333' title='bbox 411 2504 540 2558; x_wconf 89' lang='lat' dir='ltr'><strong>talia</strong></span> <span class='ocrx_word' id='word_1_334' title='bbox 566 2499 845 2561; x_wconf 73' lang='lat' dir='ltr'><strong>finxerint,</strong></span> <span class='ocrx_word' id='word_1_335' title='bbox 877 2503 1041 2565; x_wconf 88' lang='lat' dir='ltr'><strong>atque</strong></span> <span class='ocrx_word' id='word_1_336' title='bbox 1068 2495 1210 2549; x_wconf 88' lang='lat' dir='ltr'><strong>inter</strong></span> <span class='ocrx_word' id='word_1_337' title='bbox 1245 2510 1304 2548; x_wconf 88' lang='lat' dir='ltr'><strong>se</strong></span> <span class='ocrx_word' id='word_1_338' title='bbox 1334 2490 1764 2562; x_wconf 83' lang='lat' dir='ltr'><strong>composuerint,</strong></span> <span class='ocrx_word' id='word_1_339' title='bbox 1801 2490 1995 2545; x_wconf 83' lang='lat' dir='ltr'><strong>Roma-</strong></span> 
     </span>
    </p>
   </div>
   <div class='ocr_carea' id='block_1_30' title="bbox 413 2585 1991 2663">
    <p class='ocr_par' dir='ltr' id='par_1_30' title="bbox 413 2585 1991 2663">
     <span class='ocr_line' id='line_1_30' title="bbox 413 2585 1991 2663; baseline -0.01 -13"><span class='ocrx_word' id='word_1_340' title='bbox 413 2612 545 2650; x_wconf 89' lang='lat' dir='ltr'><strong>num</strong></span> <span class='ocrx_word' id='word_1_341' title='bbox 581 2595 869 2663; x_wconf 88' lang='lat' dir='ltr'><strong>imperium</strong></span> <span class='ocrx_word' id='word_1_342' title='bbox 921 2586 1225 2643; x_wconf 84' lang='lat' dir='ltr'><strong>invasisse?</strong></span> <span class='ocrx_word' id='word_1_343' title='bbox 1258 2593 1351 2640; x_wconf 90' lang='lat' dir='ltr'><strong>aut</strong></span> <span class='ocrx_word' id='word_1_344' title='bbox 1380 2585 1676 2639; x_wconf 87' lang='lat' dir='ltr'><strong>humanam</strong></span> <span class='ocrx_word' id='word_1_345' title='bbox 1718 2593 1991 2646; x_wconf 86' lang='lat' dir='ltr'><strong>naturam,</strong></span> 
     </span>
    </p>
   </div>
   <div class='ocr_carea' id='block_1_31' title="bbox 413 2675 1995 2758">
    <p class='ocr_par' dir='ltr' id='par_1_31' title="bbox 413 2675 1995 2758">
     <span class='ocr_line' id='line_1_31' title="bbox 413 2675 1995 2758; baseline -0.008 -17"><span class='ocrx_word' id='word_1_346' title='bbox 413 2700 536 2758; x_wconf 68' lang='lat' dir='ltr'><strong>qua:</strong></span> <span class='ocrx_word' id='word_1_347' title='bbox 586 2684 712 2738; x_wconf 75' lang='lat' dir='ltr'><strong>vita:</strong></span> <span class='ocrx_word' id='word_1_348' title='bbox 766 2695 1009 2735; x_wconf 88' lang='lat' dir='ltr'><strong>amorem</strong></span> <span class='ocrx_word' id='word_1_349' title='bbox 1066 2694 1131 2733; x_wconf 91' lang='lat' dir='ltr'><strong>ac</strong></span> <span class='ocrx_word' id='word_1_350' title='bbox 1194 2676 1434 2731; x_wconf 89' lang='lat' dir='ltr'><strong>studium</strong></span> <span class='ocrx_word' id='word_1_351' title='bbox 1491 2675 1647 2745; x_wconf 86' lang='lat' dir='ltr'><strong>quasi</strong></span> <span class='ocrx_word' id='word_1_352' title='bbox 1712 2676 1995 2745; x_wconf 89' lang='lat' dir='ltr'><strong>proprium</strong></span> 
     </span>
    </p>
   </div>
   <div class='ocr_carea' id='block_1_32' title="bbox 413 2766 1995 2848">
    <p class='ocr_par' dir='ltr' id='par_1_32' title="bbox 413 2766 1995 2848">
     <span class='ocr_line' id='line_1_32' title="bbox 413 2766 1995 2848; baseline -0.007 -16"><span class='ocrx_word' id='word_1_353' title='bbox 413 2776 676 2848; x_wconf 81' lang='lat' dir='ltr'><strong>quiddam</strong></span> <span class='ocrx_word' id='word_1_354' title='bbox 722 2772 985 2844; x_wconf 88' lang='lat' dir='ltr'><strong>possidet,</strong></span> <span class='ocrx_word' id='word_1_355' title='bbox 1036 2769 1279 2840; x_wconf 89' lang='lat' dir='ltr'><strong>potuisse</strong></span> <span class='ocrx_word' id='word_1_356' title='bbox 1313 2783 1553 2839; x_wconf 87' lang='lat' dir='ltr'><strong>unquam</strong></span> <span class='ocrx_word' id='word_1_357' title='bbox 1595 2767 1704 2821; x_wconf 90' lang='lat' dir='ltr'><strong>ulla</strong></span> <span class='ocrx_word' id='word_1_358' title='bbox 1747 2766 1995 2821; x_wconf 88' lang='lat' dir='ltr'><strong>mercede</strong></span> 
     </span>
    </p>
   </div>
   <div class='ocr_carea' id='block_1_33' title="bbox 412 2855 1993 2930">
    <p class='ocr_par' dir='ltr' id='par_1_33' title="bbox 412 2855 1993 2930">
     <span class='ocr_line' id='line_1_33' title="bbox 412 2855 1993 2930; baseline -0.009 -5"><span class='ocrx_word' id='word_1_359' title='bbox 412 2867 782 2925; x_wconf 76' lang='lat' dir='ltr'><strong>voluntarium</strong></span> <span class='ocrx_word' id='word_1_360' title='bbox 816 2863 1005 2921; x_wconf 90' lang='lat' dir='ltr'><strong>subire</strong></span> <span class='ocrx_word' id='word_1_361' title='bbox 1036 2862 1340 2924; x_wconf 90' lang='lat' dir='ltr'><strong>interitum,</strong></span> <span class='ocrx_word' id='word_1_362' title='bbox 1373 2856 1832 2930; x_wconf 88' lang='lat' dir='ltr'><strong>quemadmodum</strong></span> <span class='ocrx_word' id='word_1_363' title='bbox 1871 2855 1993 2911; x_wconf 87' lang='lat' dir='ltr'><strong>Sal-</strong></span> 
     </span>
    </p>
   </div>
   <div class='ocr_carea' id='block_1_34' title="bbox 411 2949 1993 3026">
    <p class='ocr_par' dir='ltr' id='par_1_34' title="bbox 411 2949 1993 3026">
     <span class='ocr_line' id='line_1_34' title="bbox 411 2949 1993 3026; baseline -0.009 -9"><span class='ocrx_word' id='word_1_364' title='bbox 411 2961 618 3017; x_wconf 87' lang='lat' dir='ltr'><strong>vatoris</strong></span> <span class='ocrx_word' id='word_1_365' title='bbox 657 2957 833 3014; x_wconf 90' lang='lat' dir='ltr'><strong>nostri</strong></span> <span class='ocrx_word' id='word_1_366' title='bbox 865 2954 1119 3026; x_wconf 89' lang='lat' dir='ltr'><strong>discipuli</strong></span> <span class='ocrx_word' id='word_1_367' title='bbox 1151 2954 1418 3025; x_wconf 87' lang='lat' dir='ltr'><strong>potuere?</strong></span> <span class='ocrx_word' id='word_1_368' title='bbox 1462 2951 1613 3019; x_wconf 89' lang='lat' dir='ltr'><strong>Quos</strong></span> <span class='ocrx_word' id='word_1_369' title='bbox 1649 2951 1729 3005; x_wconf 89' lang='lat' dir='ltr'><strong>sic</strong></span> <span class='ocrx_word' id='word_1_370' title='bbox 1773 2949 1993 3020; x_wconf 82' lang='lat' dir='ltr'><strong>quidem</strong></span> 
     </span>
    </p>
   </div>
   <div class='ocr_carea' id='block_1_35' title="bbox 411 3039 1990 3124">
    <p class='ocr_par' dir='ltr' id='par_1_35' title="bbox 411 3039 1990 3124">
     <span class='ocr_line' id='line_1_35' title="bbox 411 3039 1990 3124; baseline -0.011 -13"><span class='ocrx_word' id='word_1_371' title='bbox 411 3070 477 3112; x_wconf 89' lang='lat' dir='ltr'><strong>eo</strong></span> <span class='ocrx_word' id='word_1_372' title='bbox 502 3051 746 3124; x_wconf 88' lang='lat' dir='ltr'><strong>stuporis</strong></span> <span class='ocrx_word' id='word_1_373' title='bbox 774 3049 991 3105; x_wconf 88' lang='lat' dir='ltr'><strong>venisse</strong></span> <span class='ocrx_word' id='word_1_374' title='bbox 1021 3046 1233 3111; x_wconf 88' lang='lat' dir='ltr'><strong>credas,</strong></span> <span class='ocrx_word' id='word_1_375' title='bbox 1267 3055 1325 3100; x_wconf 90' lang='lat' dir='ltr'><strong>ut</strong></span> <span class='ocrx_word' id='word_1_376' title='bbox 1352 3059 1477 3099; x_wconf 92' lang='lat' dir='ltr'><strong>cum</strong></span> <span class='ocrx_word' id='word_1_377' title='bbox 1508 3044 1576 3097; x_wconf 93' lang='lat' dir='ltr'><strong>ab</strong></span> <span class='ocrx_word' id='word_1_378' title='bbox 1604 3042 1698 3096; x_wconf 85' lang='lat' dir='ltr'><strong>illo</strong></span> <span class='ocrx_word' id='word_1_379' title='bbox 1740 3041 1874 3095; x_wconf 84' lang='lat' dir='ltr'><strong>nihil</strong></span> <span class='ocrx_word' id='word_1_380' title='bbox 1904 3039 1990 3095; x_wconf 89' lang='lat' dir='ltr'><strong>di-</strong></span> 
     </span>
    </p>
   </div>
   <div class='ocr_carea' id='block_1_36' title="bbox 416 3135 1992 3218">
    <p class='ocr_par' dir='ltr' id='par_1_36' title="bbox 416 3135 1992 3218">
     <span class='ocr_line' id='line_1_36' title="bbox 416 3135 1992 3218; baseline -0.008 -17"><span class='ocrx_word' id='word_1_381' title='bbox 416 3161 582 3218; x_wconf 77' lang='lat' dir='ltr'><strong>gnum</strong></span> <span class='ocrx_word' id='word_1_382' title='bbox 617 3141 982 3197; x_wconf 89' lang='lat' dir='ltr'><strong>admiratione</strong></span> <span class='ocrx_word' id='word_1_383' title='bbox 1013 3145 1224 3209; x_wconf 78' lang='lat' dir='ltr'><strong>gestum</strong></span> <span class='ocrx_word' id='word_1_384' title='bbox 1272 3137 1629 3207; x_wconf 81' lang='lat' dir='ltr'><strong>inspexerint,</strong></span> <span class='ocrx_word' id='word_1_385' title='bbox 1667 3135 1770 3205; x_wconf 90' lang='lat' dir='ltr'><strong>ipsi</strong></span> <span class='ocrx_word' id='word_1_386' title='bbox 1812 3145 1992 3190; x_wconf 89' lang='lat' dir='ltr'><strong>tamen</strong></span> 
     </span>
    </p>
   </div>
   <div class='ocr_carea' id='block_1_37' title="bbox 418 3227 1995 3305">
    <p class='ocr_par' dir='ltr' id='par_1_37' title="bbox 418 3227 1995 3305">
     <span class='ocr_line' id='line_1_37' title="bbox 418 3227 1995 3305; baseline -0.006 -14"><span class='ocrx_word' id='word_1_387' title='bbox 418 3253 489 3294; x_wconf 77' lang='lat' dir='ltr'><strong>ex</strong></span> <span class='ocrx_word' id='word_1_388' title='bbox 538 3234 843 3305; x_wconf 86' lang='lat' dir='ltr'><strong>composito</strong></span> <span class='ocrx_word' id='word_1_389' title='bbox 892 3241 1089 3287; x_wconf 89' lang='lat' dir='ltr'><strong>cuncta</strong></span> <span class='ocrx_word' id='word_1_390' title='bbox 1145 3230 1265 3300; x_wconf 84' lang='lat' dir='ltr'><strong>ejus</strong></span> <span class='ocrx_word' id='word_1_391' title='bbox 1316 3229 1531 3300; x_wconf 77' lang='lat' dir='ltr'><strong>generis</strong></span> <span class='ocrx_word' id='word_1_392' title='bbox 1591 3227 1995 3283; x_wconf 77' lang='lat' dir='ltr'><strong>conﬁnxerint?</strong></span> 
     </span>
    </p>
   </div>
   <div class='ocr_carea' id='block_1_38' title="bbox 413 3319 1993 3396">
    <p class='ocr_par' dir='ltr' id='par_1_38' title="bbox 413 3319 1993 3396">
     <span class='ocr_line' id='line_1_38' title="bbox 413 3319 1993 3396; baseline -0.006 -12"><span class='ocrx_word' id='word_1_393' title='bbox 413 3327 610 3384; x_wconf 88' lang='lat' dir='ltr'><strong>deinde</strong></span> <span class='ocrx_word' id='word_1_394' title='bbox 651 3326 811 3396; x_wconf 83' lang='lat' dir='ltr'><strong>nugis</strong></span> <span class='ocrx_word' id='word_1_395' title='bbox 849 3323 1173 3395; x_wconf 89' lang='lat' dir='ltr'><strong>quibusdam</strong></span> <span class='ocrx_word' id='word_1_396' title='bbox 1212 3321 1279 3377; x_wconf 91' lang='lat' dir='ltr'><strong>de</strong></span> <span class='ocrx_word' id='word_1_397' title='bbox 1320 3321 1412 3375; x_wconf 90' lang='lat' dir='ltr'><strong>illo</strong></span> <span class='ocrx_word' id='word_1_398' title='bbox 1444 3321 1765 3391; x_wconf 76' lang='lat' dir='ltr'><strong>corrogatis,</strong></span> <span class='ocrx_word' id='word_1_399' title='bbox 1798 3335 1896 3391; x_wconf 90' lang='lat' dir='ltr'><strong>pro</strong></span> <span class='ocrx_word' id='word_1_400' title='bbox 1925 3319 1993 3375; x_wconf 89' lang='lat' dir='ltr'><strong>iis</strong></span> 
     </span>
    </p>
   </div>
   <div class='ocr_carea' id='block_1_39' title="bbox 413 3408 1994 3488">
    <p class='ocr_par' dir='ltr' id='par_1_39' title="bbox 413 3408 1994 3488">
     <span class='ocr_line' id='line_1_39' title="bbox 413 3408 1994 3488; baseline -0.007 -13"><span class='ocrx_word' id='word_1_401' title='bbox 413 3433 577 3475; x_wconf 82' lang='lat' dir='ltr'><strong>omne</strong></span> <span class='ocrx_word' id='word_1_402' title='bbox 608 3431 782 3488; x_wconf 76' lang='lat' dir='ltr'><strong>genus</strong></span> <span class='ocrx_word' id='word_1_403' title='bbox 809 3415 1002 3468; x_wconf 83' lang='lat' dir='ltr'><strong>mortis</strong></span> <span class='ocrx_word' id='word_1_404' title='bbox 1044 3413 1230 3467; x_wconf 89' lang='lat' dir='ltr'><strong>subire</strong></span> <span class='ocrx_word' id='word_1_405' title='bbox 1257 3411 1454 3482; x_wconf 89' lang='lat' dir='ltr'><strong>parati,</strong></span> <span class='ocrx_word' id='word_1_406' title='bbox 1491 3411 1839 3481; x_wconf 89' lang='lat' dir='ltr'><strong>promptique</strong></span> <span class='ocrx_word' id='word_1_407' title='bbox 1876 3408 1994 3464; x_wconf 87' lang='lat' dir='ltr'><strong>l&#39;ue-</strong></span> 
     </span>
    </p>
   </div>
   <div class='ocr_carea' id='block_1_40' title="bbox 413 3501 1994 3577">
    <p class='ocr_par' dir='ltr' id='par_1_40' title="bbox 413 3501 1994 3577">
     <span class='ocr_line' id='line_1_40' title="bbox 413 3501 1994 3577; baseline -0.009 -8"><span class='ocrx_word' id='word_1_408' title='bbox 413 3511 563 3569; x_wconf 87' lang='lat' dir='ltr'><strong>rint?</strong></span> <span class='ocrx_word' id='word_1_409' title='bbox 585 3519 644 3565; x_wconf 92' lang='lat' dir='ltr'><strong>tu</strong></span> <span class='ocrx_word' id='word_1_410' title='bbox 668 3524 797 3563; x_wconf 83' lang='lat' dir='ltr'><strong>vero</strong></span> <span class='ocrx_word' id='word_1_411' title='bbox 829 3506 960 3577; x_wconf 90' lang='lat' dir='ltr'><strong>quid</strong></span> <span class='ocrx_word' id='word_1_412' title='bbox 987 3505 1069 3561; x_wconf 89' lang='lat' dir='ltr'><strong>ais</strong></span> <span class='ocrx_word' id='word_1_413' title='bbox 1119 3503 1339 3560; x_wconf 87' lang='lat' dir='ltr'><strong>tandem</strong></span> <span class='ocrx_word' id='word_1_414' title='bbox 1372 3503 1634 3560; x_wconf 86' lang='lat' dir='ltr'><strong>adversus</strong></span> <span class='ocrx_word' id='word_1_415' title='bbox 1656 3502 1770 3557; x_wconf 70' lang='lat' dir='ltr'><strong>haec</strong></span> <span class='ocrx_word' id='word_1_416' title='bbox 1788 3504 1811 3555; x_wconf 88' lang='lat'><strong>?</strong></span> <span class='ocrx_word' id='word_1_417' title='bbox 1832 3501 1994 3557; x_wconf 79' lang='lat' dir='ltr'><strong>Nem-</strong></span> 
     </span>
    </p>
   </div>
   <div class='ocr_carea' id='block_1_41' title="bbox 416 3593 1992 3677">
    <p class='ocr_par' dir='ltr' id='par_1_41' title="bbox 416 3593 1992 3677">
     <span class='ocr_line' id='line_1_41' title="bbox 416 3593 1992 3677; baseline -0.008 -18"><span class='ocrx_word' id='word_1_418' title='bbox 416 3620 486 3677; x_wconf 88' lang='lat' dir='ltr'><strong>pe</strong></span> <span class='ocrx_word' id='word_1_419' title='bbox 549 3602 676 3657; x_wconf 91' lang='lat' dir='ltr'><strong>illos</strong></span> <span class='ocrx_word' id='word_1_420' title='bbox 711 3614 887 3669; x_wconf 91' lang='lat' dir='ltr'><strong>neque</strong></span> <span class='ocrx_word' id='word_1_421' title='bbox 937 3596 1187 3667; x_wconf 89' lang='lat' dir='ltr'><strong>opinatos</strong></span> <span class='ocrx_word' id='word_1_422' title='bbox 1246 3593 1448 3661; x_wconf 77' lang='lat' dir='ltr'><strong>fuisse,</strong></span> <span class='ocrx_word' id='word_1_423' title='bbox 1504 3608 1679 3664; x_wconf 89' lang='lat' dir='ltr'><strong>neque</strong></span> <span class='ocrx_word' id='word_1_424' title='bbox 1739 3606 1992 3664; x_wconf 87' lang='lat' dir='ltr'><strong>sperasse</strong></span> 
     </span>
    </p>
   </div>
   <div class='ocr_carea' id='block_1_42' title="bbox 2100 2490 3670 2565">
    <p class='ocr_par' dir='ltr' id='par_1_42' title="bbox 2100 2490 3670 2565">
     <span class='ocr_line' id='line_1_42' title="bbox 2100 2490 3670 2565; baseline 0.003 -22"><span class='ocrx_word' id='word_1_425' title='bbox 2100 2491 2283 2561; x_wconf 86' lang='grc' dir='ltr'>λήλοις</span> <span class='ocrx_word' id='word_1_426' title='bbox 2299 2491 2533 2555; x_wconf 80' lang='grc' dir='ltr'>εὐτελεῖς</span> <span class='ocrx_word' id='word_1_427' title='bbox 2557 2491 2748 2562; x_wconf 75' lang='grc' dir='ltr'>ἄνδρες</span> <span class='ocrx_word' id='word_1_428' title='bbox 2774 2491 2867 2543; x_wconf 77' lang='grc' dir='ltr'><strong>καὶ</strong></span> <span class='ocrx_word' id='word_1_429' title='bbox 2900 2490 3126 2553; x_wconf 85' lang='grc' dir='ltr'>ίδιῶται,</span> <span class='ocrx_word' id='word_1_430' title='bbox 3144 2491 3427 2561; x_wconf 77' lang='grc' dir='ltr'><strong>παρῄεσαν</strong></span> <span class='ocrx_word' id='word_1_431' title='bbox 3454 2493 3547 2545; x_wconf 75' lang='grc' dir='ltr'>ἐπὶ</span> <span class='ocrx_word' id='word_1_432' title='bbox 3572 2493 3670 2565; x_wconf 77' lang='grc' dir='ltr'>τὴν</span> 
     </span>
    </p>
   </div>
   <div class='ocr_carea' id='block_1_43' title="bbox 2106 2581 3671 2655">
    <p class='ocr_par' dir='ltr' id='par_1_43' title="bbox 2106 2581 3671 2655">
     <span class='ocr_line' id='line_1_43' title="bbox 2106 2581 3671 2655; baseline 0.001 -20"><span class='ocrx_word' id='word_1_433' title='bbox 2106 2584 2390 2653; x_wconf 84' lang='grc' dir='ltr'>Ῥωμαίων</span> <span class='ocrx_word' id='word_1_434' title='bbox 2416 2585 2611 2654; x_wconf 78' lang='grc' dir='ltr'>ἀρχήν;</span> <span class='ocrx_word' id='word_1_435' title='bbox 2633 2584 2664 2654; x_wconf 81' lang='grc' dir='ltr'><strong>ἦ</strong></span> <span class='ocrx_word' id='word_1_436' title='bbox 2696 2583 2770 2646; x_wconf 84' lang='grc' dir='ltr'><strong>ῶς</strong></span> <span class='ocrx_word' id='word_1_437' title='bbox 2792 2583 3103 2655; x_wconf 82' lang='grc' dir='ltr'>ἀνθρωπεία</span> <span class='ocrx_word' id='word_1_438' title='bbox 3121 2583 3302 2651; x_wconf 77' lang='grc' dir='ltr'>φύσις,</span> <span class='ocrx_word' id='word_1_439' title='bbox 3321 2584 3386 2636; x_wconf 81' lang='grc' dir='ltr'><strong>τὸ</strong></span> <span class='ocrx_word' id='word_1_440' title='bbox 3411 2581 3671 2650; x_wconf 75' lang='grc' dir='ltr'>φιλόζωον</span> 
     </span>
    </p>
   </div>
   <div class='ocr_carea' id='block_1_44' title="bbox 2094 2658 3668 2746">
    <p class='ocr_par' dir='ltr' id='par_1_44' title="bbox 2094 2658 3668 2746">
     <span class='ocr_line' id='line_1_44' title="bbox 2094 2658 3668 2746; baseline -0.001 -18"><span class='ocrx_word' id='word_1_441' title='bbox 2094 2677 2292 2730; x_wconf 83' lang='grc' dir='ltr'>οἰκεῖον</span> <span class='ocrx_word' id='word_1_442' title='bbox 2323 2677 2657 2746; x_wconf 79' lang='grc' dir='ltr'><strong>κεκτημένη,</strong></span> <span class='ocrx_word' id='word_1_443' title='bbox 2688 2674 2887 2728; x_wconf 74' lang='grc' dir='ltr'>δύναιτ’</span> <span class='ocrx_word' id='word_1_444' title='bbox 2916 2675 2980 2727; x_wconf 80' lang='grc' dir='ltr'>ἄν</span> <span class='ocrx_word' id='word_1_445' title='bbox 3012 2676 3129 2728; x_wconf 81' lang='grc' dir='ltr'>ποθ’</span> <span class='ocrx_word' id='word_1_446' title='bbox 3154 2676 3292 2746; x_wconf 78' lang='grc' dir='ltr'>ὑπὲρ</span> <span class='ocrx_word' id='word_1_447' title='bbox 3315 2674 3409 2728; x_wconf 77' lang='grc' dir='ltr'>τοῦ</span> <span class='ocrx_word' id='word_1_448' title='bbox 3444 2658 3668 2745; x_wconf 71' lang='grc' dir='ltr'>μηδενὸς</span> 
     </span>
    </p>
   </div>
   <div class='ocr_carea' id='block_1_45' title="bbox 2095 2764 3667 2838">
    <p class='ocr_par' dir='ltr' id='par_1_45' title="bbox 2095 2764 3667 2838">
     <span class='ocr_line' id='line_1_45' title="bbox 2095 2764 3667 2838; baseline -0.001 -17"><span class='ocrx_word' id='word_1_449' title='bbox 2095 2766 2412 2838; x_wconf 75' lang='grc' dir='ltr'>αὐθαίρετον</span> <span class='ocrx_word' id='word_1_450' title='bbox 2438 2767 2721 2836; x_wconf 84' lang='grc' dir='ltr'>ὑπομεῖναι</span> <span class='ocrx_word' id='word_1_451' title='bbox 2743 2764 3033 2836; x_wconf 81' lang='grc' dir='ltr'>τελευτήν;</span> <span class='ocrx_word' id='word_1_452' title='bbox 3061 2764 3093 2834; x_wconf 79' lang='grc' dir='ltr'>ἦ</span> <span class='ocrx_word' id='word_1_453' title='bbox 3123 2764 3198 2827; x_wconf 83' lang='grc' dir='ltr'>ὡς</span> <span class='ocrx_word' id='word_1_454' title='bbox 3226 2771 3273 2817; x_wconf 81' lang='grc' dir='ltr'><strong>οῖ</strong></span> <span class='ocrx_word' id='word_1_455' title='bbox 3301 2765 3393 2819; x_wconf 75' lang='grc' dir='ltr'>τοῦ</span> <span class='ocrx_word' id='word_1_456' title='bbox 3419 2765 3667 2837; x_wconf 78' lang='grc' dir='ltr'><strong>Σωτῆρος</strong></span> 
     </span>
    </p>
   </div>
   <div class='ocr_carea' id='block_1_46' title="bbox 2095 2855 3666 2930">
    <p class='ocr_par' dir='ltr' id='par_1_46' title="bbox 2095 2855 3666 2930">
     <span class='ocr_line' id='line_1_46' title="bbox 2095 2855 3666 2930; baseline -0.001 -19"><span class='ocrx_word' id='word_1_457' title='bbox 2095 2859 2251 2930; x_wconf 71' lang='grc' dir='ltr'>ἡμῶν</span> <span class='ocrx_word' id='word_1_458' title='bbox 2297 2858 2536 2930; x_wconf 73' lang='grc' dir='ltr'>μαθηταὶ</span> <span class='ocrx_word' id='word_1_459' title='bbox 2586 2859 2665 2920; x_wconf 79' lang='grc' dir='ltr'><strong>είς</strong></span> <span class='ocrx_word' id='word_1_460' title='bbox 2712 2856 2979 2927; x_wconf 76' lang='grc' dir='ltr'>τοσαύτην</span> <span class='ocrx_word' id='word_1_461' title='bbox 3023 2855 3327 2927; x_wconf 66' lang='grc' dir='ltr'>ὑπερϐολὴν</span> <span class='ocrx_word' id='word_1_462' title='bbox 3373 2856 3666 2928; x_wconf 77' lang='grc' dir='ltr'>ὲκπληξίας</span> 
     </span>
    </p>
   </div>
   <div class='ocr_carea' id='block_1_47' title="bbox 2095 2949 3666 3023">
    <p class='ocr_par' dir='ltr' id='par_1_47' title="bbox 2095 2949 3666 3023">
     <span class='ocr_line' id='line_1_47' title="bbox 2095 2949 3666 3023; baseline -0.001 -19"><span class='ocrx_word' id='word_1_463' title='bbox 2095 2952 2320 3023; x_wconf 73' lang='grc' dir='ltr'>ἡλασαν,</span> <span class='ocrx_word' id='word_1_464' title='bbox 2347 2952 2423 3015; x_wconf 83' lang='grc' dir='ltr'>ὡς</span> <span class='ocrx_word' id='word_1_465' title='bbox 2459 2951 2623 3022; x_wconf 78' lang='grc' dir='ltr'>μηδὲν</span> <span class='ocrx_word' id='word_1_466' title='bbox 2648 2951 2746 3020; x_wconf 77' lang='grc' dir='ltr'>μὲν</span> <span class='ocrx_word' id='word_1_467' title='bbox 2779 2952 2871 3003; x_wconf 74' lang='grc' dir='ltr'>ὑπ’</span> <span class='ocrx_word' id='word_1_468' title='bbox 2900 2949 3064 3003; x_wconf 83' lang='grc' dir='ltr'>αὐτοῦ</span> <span class='ocrx_word' id='word_1_469' title='bbox 3094 2949 3395 3020; x_wconf 79' lang='grc' dir='ltr'>παράδοξον</span> <span class='ocrx_word' id='word_1_470' title='bbox 3425 2949 3666 3021; x_wconf 79' lang='grc' dir='ltr'>πραχθὲν</span> 
     </span>
    </p>
   </div>
   <div class='ocr_carea' id='block_1_48' title="bbox 2095 3039 3670 3115">
    <p class='ocr_par' dir='ltr' id='par_1_48' title="bbox 2095 3039 3670 3115">
     <span class='ocr_line' id='line_1_48' title="bbox 2095 3039 3670 3115; baseline -0.002 -17"><span class='ocrx_word' id='word_1_471' title='bbox 2095 3044 2418 3115; x_wconf 74' lang='grc' dir='ltr'>ἑωρακέναι,</span> <span class='ocrx_word' id='word_1_472' title='bbox 2448 3044 2645 3108; x_wconf 78' lang='grc' dir='ltr'>αὐτοὺς</span> <span class='ocrx_word' id='word_1_473' title='bbox 2678 3043 2723 3097; x_wconf 84' lang='grc' dir='ltr'>δ’</span> <span class='ocrx_word' id='word_1_474' title='bbox 2756 3045 2820 3096; x_wconf 84' lang='grc' dir='ltr'>ὲκ</span> <span class='ocrx_word' id='word_1_475' title='bbox 2854 3042 3193 3113; x_wconf 74' lang='grc' dir='ltr'>συνθήματος</span> <span class='ocrx_word' id='word_1_476' title='bbox 3224 3041 3360 3112; x_wconf 77' lang='grc' dir='ltr'>ὁμοῦ</span> <span class='ocrx_word' id='word_1_477' title='bbox 3391 3042 3567 3095; x_wconf 79' lang='grc' dir='ltr'>πάντα</span> <span class='ocrx_word' id='word_1_478' title='bbox 3598 3039 3670 3095; x_wconf 79' lang='grc' dir='ltr'>τὰ</span> 
     </span>
    </p>
   </div>
   <div class='ocr_carea' id='block_1_49' title="bbox 2094 3131 3666 3206">
    <p class='ocr_par' dir='ltr' id='par_1_49' title="bbox 2094 3131 3666 3206">
     <span class='ocr_line' id='line_1_49' title="bbox 2094 3131 3666 3206; baseline -0.003 -16"><span class='ocrx_word' id='word_1_479' title='bbox 2094 3137 2319 3191; x_wconf 80' lang='grc' dir='ltr'>τοιαῦτα</span> <span class='ocrx_word' id='word_1_480' title='bbox 2376 3135 2713 3200; x_wconf 77' lang='grc' dir='ltr'><strong>πεπλάσθαι,</strong></span> <span class='ocrx_word' id='word_1_481' title='bbox 2782 3135 2973 3189; x_wconf 72' lang='grc' dir='ltr'>ἔπειτα</span> <span class='ocrx_word' id='word_1_482' title='bbox 3032 3135 3272 3206; x_wconf 77' lang='grc' dir='ltr'>ῥημάτια</span> <span class='ocrx_word' id='word_1_483' title='bbox 3326 3135 3455 3205; x_wconf 76' lang='grc' dir='ltr'>περὶ</span> <span class='ocrx_word' id='word_1_484' title='bbox 3502 3131 3666 3186; x_wconf 79' lang='grc' dir='ltr'>αὑτοῦ</span> 
     </span>
    </p>
   </div>
   <div class='ocr_carea' id='block_1_50' title="bbox 2093 3226 3669 3302">
    <p class='ocr_par' dir='ltr' id='par_1_50' title="bbox 2093 3226 3669 3302">
     <span class='ocr_line' id='line_1_50' title="bbox 2093 3226 3669 3302; baseline -0.004 -18"><span class='ocrx_word' id='word_1_485' title='bbox 2093 3231 2263 3301; x_wconf 73' lang='grc' dir='ltr'>ψευδῆ</span> <span class='ocrx_word' id='word_1_486' title='bbox 2318 3227 2935 3302; x_wconf 44' lang='grc' dir='ltr'>ωνταξαμένουῆὑπὲρ</span> <span class='ocrx_word' id='word_1_487' title='bbox 2987 3227 3190 3281; x_wconf 75' lang='grc' dir='ltr'>τούτων</span> <span class='ocrx_word' id='word_1_488' title='bbox 3237 3227 3491 3297; x_wconf 74' lang='grc' dir='ltr'>θνήσκειν</span> <span class='ocrx_word' id='word_1_489' title='bbox 3539 3226 3669 3279; x_wconf 83' lang='grc' dir='ltr'>ὑπο-</span> 
     </span>
    </p>
   </div>
   <div class='ocr_carea' id='block_1_51' title="bbox 2099 3319 3666 3395">
    <p class='ocr_par' dir='ltr' id='par_1_51' title="bbox 2099 3319 3666 3395">
     <span class='ocr_line' id='line_1_51' title="bbox 2099 3319 3666 3395; baseline -0.004 -17"><span class='ocrx_word' id='word_1_490' title='bbox 2099 3325 2281 3395; x_wconf 79' lang='grc' dir='ltr'>μένειν</span> <span class='ocrx_word' id='word_1_491' title='bbox 2333 3323 2562 3395; x_wconf 77' lang='grc' dir='ltr'>ἑτοίμως</span> <span class='ocrx_word' id='word_1_492' title='bbox 2616 3323 2795 3393; x_wconf 80' lang='grc' dir='ltr'>εχειν;</span> <span class='ocrx_word' id='word_1_493' title='bbox 2852 3321 3008 3374; x_wconf 77' lang='grc' dir='ltr'>Ἀλλά</span> <span class='ocrx_word' id='word_1_494' title='bbox 3055 3322 3108 3373; x_wconf 89' lang='grc' dir='ltr'><strong>τί</strong></span> <span class='ocrx_word' id='word_1_495' title='bbox 3150 3321 3291 3390; x_wconf 75' lang='grc' dir='ltr'>φῄςς</span> <span class='ocrx_word' id='word_1_496' title='bbox 3331 3319 3404 3391; x_wconf 84' lang='grc' dir='ltr'>μὴ</span> <span class='ocrx_word' id='word_1_497' title='bbox 3438 3319 3666 3391; x_wconf 84' lang='grc' dir='ltr'>προσδο-</span> 
     </span>
    </p>
   </div>
   <div class='ocr_carea' id='block_1_52' title="bbox 2095 3410 3665 3487">
    <p class='ocr_par' dir='ltr' id='par_1_52' title="bbox 2095 3410 3665 3487">
     <span class='ocr_line' id='line_1_52' title="bbox 2095 3410 3665 3487; baseline -0.003 -20"><span class='ocrx_word' id='word_1_498' title='bbox 2095 3417 2261 3487; x_wconf 79' lang='grc' dir='ltr'>κῆσαι</span> <span class='ocrx_word' id='word_1_499' title='bbox 2298 3415 2492 3478; x_wconf 73' lang='grc' dir='ltr'>αὐτοὺς</span> <span class='ocrx_word' id='word_1_500' title='bbox 2537 3414 2670 3485; x_wconf 82' lang='grc' dir='ltr'>μηδὲ</span> <span class='ocrx_word' id='word_1_501' title='bbox 2713 3413 2929 3466; x_wconf 77' lang='grc' dir='ltr'>ἐλπίσαι</span> <span class='ocrx_word' id='word_1_502' title='bbox 2978 3413 3146 3466; x_wconf 73' lang='grc' dir='ltr'>δεινόν</span> <span class='ocrx_word' id='word_1_503' title='bbox 3188 3429 3240 3465; x_wconf 85' lang='grc' dir='ltr'><strong>τι</strong></span> <span class='ocrx_word' id='word_1_504' title='bbox 3282 3411 3562 3465; x_wconf 86' lang='grc' dir='ltr'>πείσεσθαι</span> <span class='ocrx_word' id='word_1_505' title='bbox 3597 3410 3665 3463; x_wconf 74' lang='grc' dir='ltr'>ἑκ</span> 
     </span>
    </p>
   </div>
   <div class='ocr_carea' id='block_1_53' title="bbox 2093 3501 3668 3579">
    <p class='ocr_par' dir='ltr' id='par_1_53' title="bbox 2093 3501 3668 3579">
     <span class='ocr_line' id='line_1_53' title="bbox 2093 3501 3668 3579; baseline -0.004 -18"><span class='ocrx_word' id='word_1_506' title='bbox 2093 3510 2193 3579; x_wconf 78' lang='grc' dir='ltr'>τῆς</span> <span class='ocrx_word' id='word_1_507' title='bbox 2238 3506 2491 3578; x_wconf 74' lang='grc' dir='ltr'>περὶτοῦ</span> <span class='ocrx_word' id='word_1_508' title='bbox 2536 3506 2708 3577; x_wconf 87' lang='grc' dir='ltr'>Ἰησοῦ</span> <span class='ocrx_word' id='word_1_509' title='bbox 2746 3505 3068 3577; x_wconf 73' lang='grc' dir='ltr'>μαρτυρίας,</span> <span class='ocrx_word' id='word_1_510' title='bbox 3119 3504 3200 3558; x_wconf 82' lang='grc' dir='ltr'><strong>διὸ</strong></span> <span class='ocrx_word' id='word_1_511' title='bbox 3228 3505 3322 3557; x_wconf 74' lang='grc' dir='ltr'>καὶ</span> <span class='ocrx_word' id='word_1_512' title='bbox 3362 3502 3534 3567; x_wconf 82' lang='grc' dir='ltr'>ἀδεῶς</span> <span class='ocrx_word' id='word_1_513' title='bbox 3574 3501 3668 3555; x_wconf 76' lang='grc' dir='ltr'><strong>ἐπὶ</strong></span> 
     </span>
    </p>
   </div>
   <div class='ocr_carea' id='block_1_54' title="bbox 2094 3594 3669 3673">
    <p class='ocr_par' dir='ltr' id='par_1_54' title="bbox 2094 3594 3669 3673">
     <span class='ocr_line' id='line_1_54' title="bbox 2094 3594 3669 3673; baseline -0.005 -17"><span class='ocrx_word' id='word_1_514' title='bbox 2094 3604 2156 3656; x_wconf 83' lang='grc' dir='ltr'>τὸ</span> <span class='ocrx_word' id='word_1_515' title='bbox 2181 3602 2310 3673; x_wconf 71' lang='grc' dir='ltr'>περὶ</span> <span class='ocrx_word' id='word_1_516' title='bbox 2337 3600 2502 3655; x_wconf 79' lang='grc' dir='ltr'>αὐτοῦ</span> <span class='ocrx_word' id='word_1_517' title='bbox 2546 3601 2806 3672; x_wconf 76' lang='grc' dir='ltr'>κήρυγμα</span> <span class='ocrx_word' id='word_1_518' title='bbox 2849 3599 3164 3671; x_wconf 84' lang='grc' dir='ltr'>προελθεῖν;</span> <span class='ocrx_word' id='word_1_519' title='bbox 3223 3597 3361 3650; x_wconf 74' lang='grc' dir='ltr'>Ἀλλ’</span> <span class='ocrx_word' id='word_1_520' title='bbox 3391 3597 3491 3649; x_wconf 79' lang='grc' dir='ltr'><strong>οὐκ</strong></span> <span class='ocrx_word' id='word_1_521' title='bbox 3522 3594 3669 3659; x_wconf 74' lang='grc' dir='ltr'>εἰκὸς</span> 
     </span>
    </p>
   </div>
   <div class='ocr_carea' id='block_1_55' title="bbox 412 3683 1992 3770">
    <p class='ocr_par' dir='ltr' id='par_1_55' title="bbox 412 3683 1984 3768">
     <span class='ocr_line' id='line_1_55' title="bbox 412 3683 1984 3768; baseline -0.01 -16"><span class='ocrx_word' id='word_1_522' title='bbox 412 3695 713 3768; x_wconf 86' lang='lat' dir='ltr'><strong>quidquam</strong></span> <span class='ocrx_word' id='word_1_523' title='bbox 745 3690 1016 3762; x_wconf 87' lang='lat' dir='ltr'><strong>ejusmodi</strong></span> <span class='ocrx_word' id='word_1_524' title='bbox 1053 3687 1122 3741; x_wconf 91' lang='lat' dir='ltr'><strong>ob</strong></span> <span class='ocrx_word' id='word_1_525' title='bbox 1152 3687 1681 3742; x_wconf 90' lang='lat' dir='ltr'><strong>commendationem</strong></span> <span class='ocrx_word' id='word_1_526' title='bbox 1710 3683 1839 3740; x_wconf 85' lang='lat' dir='ltr'><strong>Jesu</strong></span> <span class='ocrx_word' id='word_1_527' title='bbox 1870 3699 1984 3754; x_wconf 83' lang='lat' dir='ltr'><strong>per-</strong></span> 
     </span>
    </p>
   </div>
   <div class='ocr_carea' id='block_1_56' title="bbox 2097 3683 3669 3770">
    <p class='ocr_par' dir='ltr' id='par_1_56' title="bbox 2097 3686 3669 3761">
     <span class='ocr_line' id='line_1_56' title="bbox 2097 3686 3669 3761; baseline -0.002 -19"><span class='ocrx_word' id='word_1_528' title='bbox 2097 3686 2162 3761; x_wconf 80' lang='grc' dir='ltr'>ἦν</span> <span class='ocrx_word' id='word_1_529' title='bbox 2203 3689 2500 3743; x_wconf 82' lang='grc' dir='ltr'>ἀπελπίσαι</span> <span class='ocrx_word' id='word_1_530' title='bbox 2544 3688 2613 3742; x_wconf 78' lang='grc' dir='ltr'><strong>τά</strong></span> <span class='ocrx_word' id='word_1_531' title='bbox 2645 3689 2819 3742; x_wconf 76' lang='grc' dir='ltr'>πάντα</span> <span class='ocrx_word' id='word_1_532' title='bbox 2852 3689 2942 3741; x_wconf 82' lang='grc' dir='ltr'><strong>ὑπ’</strong></span> <span class='ocrx_word' id='word_1_533' title='bbox 2977 3688 3155 3741; x_wconf 79' lang='grc' dir='ltr'>αὐτῶν</span> <span class='ocrx_word' id='word_1_534' title='bbox 3190 3686 3494 3750; x_wconf 88' lang='grc' dir='ltr'>πείσεσθαι,</span> <span class='ocrx_word' id='word_1_535' title='bbox 3542 3687 3669 3749; x_wconf 69' lang='grc' dir='ltr'>τοὺς</span> 
     </span>
    </p>
   </div>
   <div class='ocr_carea' id='block_1_57' title="bbox 414 3773 1992 3859">
    <p class='ocr_par' dir='ltr' id='par_1_57' title="bbox 414 3773 1992 3859">
     <span class='ocr_line' id='line_1_57' title="bbox 414 3773 1992 3859; baseline -0.008 -16"><span class='ocrx_word' id='word_1_536' title='bbox 414 3802 694 3859; x_wconf 90' lang='lat' dir='ltr'><strong>pessuros.</strong></span> <span class='ocrx_word' id='word_1_537' title='bbox 728 3782 909 3851; x_wconf 84' lang='lat' dir='ltr'><strong>Quare</strong></span> <span class='ocrx_word' id='word_1_538' title='bbox 938 3790 1044 3835; x_wconf 87' lang='lat' dir='ltr'><strong>tam</strong></span> <span class='ocrx_word' id='word_1_539' title='bbox 1079 3779 1347 3851; x_wconf 87' lang='lat' dir='ltr'><strong>intrepide</strong></span> <span class='ocrx_word' id='word_1_540' title='bbox 1391 3779 1456 3833; x_wconf 87' lang='lat' dir='ltr'><strong>ad</strong></span> <span class='ocrx_word' id='word_1_541' title='bbox 1493 3776 1894 3849; x_wconf 62' lang='lat' dir='ltr'><strong>praedicandum</strong></span> <span class='ocrx_word' id='word_1_542' title='bbox 1925 3773 1992 3830; x_wconf 89' lang='lat' dir='ltr'><strong>de</strong></span> 
     </span>
    </p>
   </div>
   <div class='ocr_carea' id='block_1_58' title="bbox 414 3868 1993 3951">
    <p class='ocr_par' dir='ltr' id='par_1_58' title="bbox 414 3868 1993 3951">
     <span class='ocr_line' id='line_1_58' title="bbox 414 3868 1993 3951; baseline -0.009 -16"><span class='ocrx_word' id='word_1_543' title='bbox 414 3882 507 3935; x_wconf 91' lang='lat' dir='ltr'><strong>illo</strong></span> <span class='ocrx_word' id='word_1_544' title='bbox 551 3886 837 3951; x_wconf 86' lang='lat' dir='ltr'><strong>provectos</strong></span> <span class='ocrx_word' id='word_1_545' title='bbox 891 3892 904 3928; x_wconf 94' lang='lat'>:</span> <span class='ocrx_word' id='word_1_546' title='bbox 956 3884 1012 3928; x_wconf 90' lang='lat' dir='ltr'><strong>at</strong></span> <span class='ocrx_word' id='word_1_547' title='bbox 1056 3872 1199 3928; x_wconf 90' lang='lat' dir='ltr'><strong>istuc</strong></span> <span class='ocrx_word' id='word_1_548' title='bbox 1239 3886 1476 3943; x_wconf 89' lang='lat' dir='ltr'><strong>quonam</strong></span> <span class='ocrx_word' id='word_1_549' title='bbox 1522 3876 1683 3940; x_wconf 90' lang='lat' dir='ltr'><strong>pacto</strong></span> <span class='ocrx_word' id='word_1_550' title='bbox 1726 3868 1993 3923; x_wconf 85' lang='lat' dir='ltr'><strong>concede-</strong></span> 
     </span>
    </p>
   </div>
   <div class='ocr_carea' id='block_1_59' title="bbox 413 3956 1994 4035">
    <p class='ocr_par' dir='ltr' id='par_1_59' title="bbox 413 3956 1994 4035">
     <span class='ocr_line' id='line_1_59' title="bbox 413 3956 1994 4035; baseline -0.01 -10"><span class='ocrx_word' id='word_1_551' title='bbox 413 3969 542 4025; x_wconf 87' lang='lat' dir='ltr'><strong>tur?</strong></span> <span class='ocrx_word' id='word_1_552' title='bbox 577 3970 699 4024; x_wconf 92' lang='lat' dir='ltr'><strong>illos</strong></span> <span class='ocrx_word' id='word_1_553' title='bbox 730 3982 840 4022; x_wconf 91' lang='lat' dir='ltr'><strong>non</strong></span> <span class='ocrx_word' id='word_1_554' title='bbox 867 3979 1120 4035; x_wconf 86' lang='lat' dir='ltr'><strong>sperasse</strong></span> <span class='ocrx_word' id='word_1_555' title='bbox 1156 3978 1255 4033; x_wconf 91' lang='lat' dir='ltr'><strong>pro</strong></span> <span class='ocrx_word' id='word_1_556' title='bbox 1282 3962 1375 4015; x_wconf 91' lang='lat' dir='ltr'><strong>illo</strong></span> <span class='ocrx_word' id='word_1_557' title='bbox 1401 3976 1458 4016; x_wconf 92' lang='lat' dir='ltr'><strong>se</strong></span> <span class='ocrx_word' id='word_1_558' title='bbox 1484 3960 1664 4013; x_wconf 90' lang='lat' dir='ltr'><strong>omnia</strong></span> <span class='ocrx_word' id='word_1_559' title='bbox 1695 3956 1994 4029; x_wconf 87' lang='lat' dir='ltr'><strong>passuros?</strong></span> 
     </span>
    </p>
   </div>
   <div class='ocr_carea' id='block_1_60' title="bbox 410 4045 1991 4132">
    <p class='ocr_par' dir='ltr' id='par_1_60' title="bbox 410 4045 1991 4132">
     <span class='ocr_line' id='line_1_60' title="bbox 410 4045 1991 4132; baseline -0.01 -18"><span class='ocrx_word' id='word_1_560' title='bbox 410 4056 592 4132; x_wconf 82' lang='lat' dir='ltr'><strong>quiet</strong></span> <span class='ocrx_word' id='word_1_561' title='bbox 646 4058 789 4129; x_wconf 88' lang='lat' dir='ltr'><strong>apud</strong></span> <span class='ocrx_word' id='word_1_562' title='bbox 840 4053 1140 4118; x_wconf 75' lang='lat' dir='ltr'><strong>Romanos,</strong></span> <span class='ocrx_word' id='word_1_563' title='bbox 1176 4060 1229 4107; x_wconf 89' lang='lat' dir='ltr'><strong>et</strong></span> <span class='ocrx_word' id='word_1_564' title='bbox 1284 4053 1428 4122; x_wconf 86' lang='lat' dir='ltr'><strong>apud</strong></span> <span class='ocrx_word' id='word_1_565' title='bbox 1485 4048 1725 4112; x_wconf 65' lang='lat' dir='ltr'><strong>Graecos,</strong></span> <span class='ocrx_word' id='word_1_566' title='bbox 1763 4056 1817 4103; x_wconf 89' lang='lat' dir='ltr'><strong>et</strong></span> <span class='ocrx_word' id='word_1_567' title='bbox 1847 4045 1991 4116; x_wconf 89' lang='lat' dir='ltr'><strong>apud</strong></span> 
     </span>
    </p>
   </div>
   <div class='ocr_carea' id='block_1_61' title="bbox 412 4138 1992 4213">
    <p class='ocr_par' dir='ltr' id='par_1_61' title="bbox 412 4138 1992 4213">
     <span class='ocr_line' id='line_1_61' title="bbox 412 4138 1992 4213; baseline -0.013 -4"><span class='ocrx_word' id='word_1_568' title='bbox 412 4154 699 4213; x_wconf 88' lang='lat' dir='ltr'><strong>barbaros,</strong></span> <span class='ocrx_word' id='word_1_569' title='bbox 734 4149 962 4204; x_wconf 88' lang='lat' dir='ltr'><strong>deorum</strong></span> <span class='ocrx_word' id='word_1_570' title='bbox 992 4145 1327 4201; x_wconf 80' lang='lat' dir='ltr'><strong>eversionem</strong></span> <span class='ocrx_word' id='word_1_571' title='bbox 1358 4150 1542 4198; x_wconf 88' lang='lat' dir='ltr'><strong>essent</strong></span> <span class='ocrx_word' id='word_1_572' title='bbox 1575 4140 1882 4195; x_wconf 85' lang='lat' dir='ltr'><strong>invecturi?</strong></span> <span class='ocrx_word' id='word_1_573' title='bbox 1924 4138 1992 4190; x_wconf 86' lang='lat' dir='ltr'><strong>At</strong></span> 
     </span>
    </p>
   </div>
   <div class='ocr_carea' id='block_1_62' title="bbox 413 4231 1989 4308">
    <p class='ocr_par' dir='ltr' id='par_1_62' title="bbox 413 4231 1989 4308">
     <span class='ocr_line' id='line_1_62' title="bbox 413 4231 1989 4308; baseline -0.01 -10"><span class='ocrx_word' id='word_1_574' title='bbox 413 4245 558 4299; x_wconf 89' lang='lat' dir='ltr'><strong>enim</strong></span> <span class='ocrx_word' id='word_1_575' title='bbox 586 4240 815 4295; x_wconf 86' lang='lat' dir='ltr'><strong>historia</strong></span> <span class='ocrx_word' id='word_1_576' title='bbox 849 4254 970 4308; x_wconf 76' lang='lat' dir='ltr'><strong>qua:</strong></span> <span class='ocrx_word' id='word_1_577' title='bbox 998 4240 1065 4292; x_wconf 86' lang='lat' dir='ltr'><strong>de</strong></span> <span class='ocrx_word' id='word_1_578' title='bbox 1099 4236 1207 4289; x_wconf 88' lang='lat' dir='ltr'><strong>illis</strong></span> <span class='ocrx_word' id='word_1_579' title='bbox 1234 4243 1431 4298; x_wconf 73' lang='lat' dir='ltr'><strong>exstat,</strong></span> <span class='ocrx_word' id='word_1_580' title='bbox 1462 4241 1645 4302; x_wconf 86' lang='lat' dir='ltr'><strong>aperte</strong></span> <span class='ocrx_word' id='word_1_581' title='bbox 1674 4233 1777 4286; x_wconf 92' lang='lat' dir='ltr'><strong>hoc</strong></span> <span class='ocrx_word' id='word_1_582' title='bbox 1804 4231 1989 4293; x_wconf 87' lang='lat' dir='ltr'><strong>habet,</strong></span> 
     </span>
    </p>
   </div>
   <div class='ocr_carea' id='block_1_63' title="bbox 417 4321 1991 4405">
    <p class='ocr_par' dir='ltr' id='par_1_63' title="bbox 417 4321 1991 4405">
     <span class='ocr_line' id='line_1_63' title="bbox 417 4321 1991 4405; baseline -0.012 -13"><span class='ocrx_word' id='word_1_583' title='bbox 417 4334 581 4405; x_wconf 81' lang='lat'><strong>116</strong></span> <span class='ocrx_word' id='word_1_584' title='bbox 610 4333 733 4387; x_wconf 88' lang='lat' dir='ltr'><strong>illos</strong></span> <span class='ocrx_word' id='word_1_585' title='bbox 764 4339 887 4401; x_wconf 90' lang='lat' dir='ltr'><strong>post</strong></span> <span class='ocrx_word' id='word_1_586' title='bbox 915 4327 1276 4398; x_wconf 62' lang='lat' dir='ltr'><strong>Praeceptoris</strong></span> <span class='ocrx_word' id='word_1_587' title='bbox 1317 4325 1615 4388; x_wconf 89' lang='lat' dir='ltr'><strong>interitum,</strong></span> <span class='ocrx_word' id='word_1_588' title='bbox 1659 4323 1728 4378; x_wconf 92' lang='lat' dir='ltr'><strong>ab</strong></span> <span class='ocrx_word' id='word_1_589' title='bbox 1762 4321 1991 4377; x_wconf 82' lang='lat' dir='ltr'><strong>insidia-</strong></span> 
     </span>
    </p>
   </div>
   <div class='ocr_carea' id='block_1_64' title="bbox 415 4413 1993 4491">
    <p class='ocr_par' dir='ltr' id='par_1_64' title="bbox 415 4413 1993 4491">
     <span class='ocr_line' id='line_1_64' title="bbox 415 4413 1993 4491; baseline -0.008 -14"><span class='ocrx_word' id='word_1_590' title='bbox 415 4424 630 4477; x_wconf 89' lang='lat' dir='ltr'><strong>toribus</strong></span> <span class='ocrx_word' id='word_1_591' title='bbox 679 4419 1007 4491; x_wconf 90' lang='lat' dir='ltr'><strong>quibusdam</strong></span> <span class='ocrx_word' id='word_1_592' title='bbox 1043 4424 1231 4487; x_wconf 91' lang='lat' dir='ltr'><strong>captos</strong></span> <span class='ocrx_word' id='word_1_593' title='bbox 1277 4414 1468 4479; x_wconf 82' lang='lat' dir='ltr'><strong>fuisse,</strong></span> <span class='ocrx_word' id='word_1_594' title='bbox 1501 4422 1553 4469; x_wconf 88' lang='lat' dir='ltr'><strong>et</strong></span> <span class='ocrx_word' id='word_1_595' title='bbox 1586 4414 1823 4483; x_wconf 90' lang='lat' dir='ltr'><strong>primum</strong></span> <span class='ocrx_word' id='word_1_596' title='bbox 1871 4413 1993 4481; x_wconf 91' lang='lat' dir='ltr'><strong>qui-</strong></span> 
     </span>
    </p>
   </div>
   <div class='ocr_carea' id='block_1_65' title="bbox 415 4504 1988 4579">
    <p class='ocr_par' dir='ltr' id='par_1_65' title="bbox 415 4504 1988 4579">
     <span class='ocr_line' id='line_1_65' title="bbox 415 4504 1988 4579; baseline -0.006 -12"><span class='ocrx_word' id='word_1_597' title='bbox 415 4516 538 4570; x_wconf 85' lang='lat' dir='ltr'><strong>dem</strong></span> <span class='ocrx_word' id='word_1_598' title='bbox 583 4515 639 4568; x_wconf 91' lang='lat' dir='ltr'><strong>in</strong></span> <span class='ocrx_word' id='word_1_599' title='bbox 677 4526 952 4567; x_wconf 87' lang='lat' dir='ltr'><strong>carcerem</strong></span> <span class='ocrx_word' id='word_1_600' title='bbox 984 4510 1285 4579; x_wconf 87' lang='lat' dir='ltr'><strong>conjectos,</strong></span> <span class='ocrx_word' id='word_1_601' title='bbox 1327 4505 1525 4562; x_wconf 90' lang='lat' dir='ltr'><strong>deinde</strong></span> <span class='ocrx_word' id='word_1_602' title='bbox 1558 4521 1687 4559; x_wconf 88' lang='lat' dir='ltr'><strong>vero</strong></span> <span class='ocrx_word' id='word_1_603' title='bbox 1710 4504 1988 4565; x_wconf 89' lang='lat' dir='ltr'><strong>dimissos,</strong></span> 
     </span>
    </p>
   </div>
   <div class='ocr_carea' id='block_1_66' title="bbox 417 4594 1991 4674">
    <p class='ocr_par' dir='ltr' id='par_1_66' title="bbox 417 4594 1991 4674">
     <span class='ocr_line' id='line_1_66' title="bbox 417 4594 1991 4674; baseline -0.007 -15"><span class='ocrx_word' id='word_1_604' title='bbox 417 4614 531 4659; x_wconf 87' lang='lat' dir='ltr'><strong>tum</strong></span> <span class='ocrx_word' id='word_1_605' title='bbox 562 4605 629 4658; x_wconf 92' lang='lat' dir='ltr'><strong>iis</strong></span> <span class='ocrx_word' id='word_1_606' title='bbox 655 4604 978 4674; x_wconf 88' lang='lat' dir='ltr'><strong>imperatum</strong></span> <span class='ocrx_word' id='word_1_607' title='bbox 1010 4617 1076 4655; x_wconf 89' lang='lat' dir='ltr'><strong>ne</strong></span> <span class='ocrx_word' id='word_1_608' title='bbox 1109 4600 1203 4654; x_wconf 93' lang='lat' dir='ltr'><strong>ulli</strong></span> <span class='ocrx_word' id='word_1_609' title='bbox 1224 4600 1504 4653; x_wconf 91' lang='lat' dir='ltr'><strong>hominum</strong></span> <span class='ocrx_word' id='word_1_610' title='bbox 1533 4598 1588 4651; x_wconf 92' lang='lat' dir='ltr'><strong>in</strong></span> <span class='ocrx_word' id='word_1_611' title='bbox 1620 4597 1838 4651; x_wconf 89' lang='lat' dir='ltr'><strong>nomine</strong></span> <span class='ocrx_word' id='word_1_612' title='bbox 1863 4594 1991 4651; x_wconf 86' lang='lat' dir='ltr'><strong>Jesu</strong></span> 
     </span>
    </p>
   </div>
   <div class='ocr_carea' id='block_1_67' title="bbox 418 4690 1992 4767">
    <p class='ocr_par' dir='ltr' id='par_1_67' title="bbox 418 4690 1992 4767">
     <span class='ocr_line' id='line_1_67' title="bbox 418 4690 1992 4767; baseline -0.007 -15"><span class='ocrx_word' id='word_1_613' title='bbox 418 4699 791 4767; x_wconf 84' lang='lat' dir='ltr'><strong>loquerentur.</strong></span> <span class='ocrx_word' id='word_1_614' title='bbox 852 4691 1047 4746; x_wconf 88' lang='lat' dir='ltr'><strong>Postea</strong></span> <span class='ocrx_word' id='word_1_615' title='bbox 1099 4707 1227 4746; x_wconf 86' lang='lat' dir='ltr'><strong>vero</strong></span> <span class='ocrx_word' id='word_1_616' title='bbox 1276 4706 1399 4745; x_wconf 90' lang='lat' dir='ltr'><strong>cum</strong></span> <span class='ocrx_word' id='word_1_617' title='bbox 1452 4692 1529 4745; x_wconf 91' lang='lat' dir='ltr'><strong>illi</strong></span> <span class='ocrx_word' id='word_1_618' title='bbox 1584 4690 1684 4744; x_wconf 91' lang='lat' dir='ltr'><strong>hos</strong></span> <span class='ocrx_word' id='word_1_619' title='bbox 1727 4690 1992 4745; x_wconf 82' lang='lat' dir='ltr'><strong>vidissent</strong></span> 
     </span>
    </p>
   </div>
   <div class='ocr_carea' id='block_1_68' title="bbox 416 4782 1988 4857">
    <p class='ocr_par' dir='ltr' id='par_1_68' title="bbox 416 4782 1988 4857">
     <span class='ocr_line' id='line_1_68' title="bbox 416 4782 1988 4857; baseline -0.003 -17"><span class='ocrx_word' id='word_1_620' title='bbox 416 4787 560 4857; x_wconf 60' lang='lat' dir='ltr'><strong>apud</strong></span> <span class='ocrx_word' id='word_1_621' title='bbox 591 4785 997 4840; x_wconf 75' lang='lat' dir='ltr'><strong>multitulinetn</strong></span> <span class='ocrx_word' id='word_1_622' title='bbox 1024 4785 1200 4853; x_wconf 89' lang='lat' dir='ltr'><strong>palam</strong></span> <span class='ocrx_word' id='word_1_623' title='bbox 1235 4783 1303 4837; x_wconf 90' lang='lat' dir='ltr'><strong>de</strong></span> <span class='ocrx_word' id='word_1_624' title='bbox 1328 4783 1420 4836; x_wconf 89' lang='lat' dir='ltr'><strong>illo</strong></span> <span class='ocrx_word' id='word_1_625' title='bbox 1454 4783 1648 4837; x_wconf 89' lang='lat' dir='ltr'><strong>iterum</strong></span> <span class='ocrx_word' id='word_1_626' title='bbox 1684 4782 1988 4851; x_wconf 86' lang='lat' dir='ltr'><strong>loquentes,</strong></span> 
     </span>
    </p>
   </div>
   <div class='ocr_carea' id='block_1_69' title="bbox 417 4873 1992 4946">
    <p class='ocr_par' dir='ltr' id='par_1_69' title="bbox 417 4873 1992 4946">
     <span class='ocr_line' id='line_1_69' title="bbox 417 4873 1992 4946; baseline -0.003 -16"><span class='ocrx_word' id='word_1_627' title='bbox 417 4884 700 4946; x_wconf 83' lang='lat' dir='ltr'><strong>correptos</strong></span> <span class='ocrx_word' id='word_1_628' title='bbox 740 4875 1117 4936; x_wconf 86' lang='lat' dir='ltr'><strong>verberarunt,</strong></span> <span class='ocrx_word' id='word_1_629' title='bbox 1148 4889 1352 4943; x_wconf 90' lang='lat' dir='ltr'><strong>eosque</strong></span> <span class='ocrx_word' id='word_1_630' title='bbox 1396 4873 1467 4927; x_wconf 90' lang='lat' dir='ltr'><strong>ob</strong></span> <span class='ocrx_word' id='word_1_631' title='bbox 1500 4873 1762 4927; x_wconf 76' lang='lat' dir='ltr'><strong>doctrina:</strong></span> <span class='ocrx_word' id='word_1_632' title='bbox 1822 4886 1992 4943; x_wconf 77' lang='lat' dir='ltr'><strong>genus</strong></span> 
     </span>
    </p>
   </div>
   <div class='ocr_carea' id='block_1_70' title="bbox 418 4963 1993 5036">
    <p class='ocr_par' dir='ltr' id='par_1_70' title="bbox 418 4963 1993 5036">
     <span class='ocr_line' id='line_1_70' title="bbox 418 4963 1993 5036; baseline -0.003 -14"><span class='ocrx_word' id='word_1_633' title='bbox 418 4973 791 5036; x_wconf 70' lang='lat' dir='ltr'><strong>increpat-unt.</strong></span> <span class='ocrx_word' id='word_1_634' title='bbox 829 4965 947 5031; x_wconf 89' lang='lat' dir='ltr'><strong>Quo</strong></span> <span class='ocrx_word' id='word_1_635' title='bbox 985 4974 1229 5035; x_wconf 88' lang='lat' dir='ltr'><strong>tempore</strong></span> <span class='ocrx_word' id='word_1_636' title='bbox 1271 4963 1523 5018; x_wconf 88' lang='lat' dir='ltr'><strong>videlicet</strong></span> <span class='ocrx_word' id='word_1_637' title='bbox 1568 4979 1761 5020; x_wconf 87' lang='lat' dir='ltr'><strong>rursus</strong></span> <span class='ocrx_word' id='word_1_638' title='bbox 1798 4964 1875 5023; x_wconf 83' lang='lat' dir='ltr'><strong>illi</strong></span> <span class='ocrx_word' id='word_1_639' title='bbox 1906 4979 1993 5017; x_wconf 84' lang='lat' dir='ltr'><strong>re-</strong></span> 
     </span>
    </p>
   </div>
   <div class='ocr_carea' id='block_1_71' title="bbox 2108 3777 3667 3853">
    <p class='ocr_par' dir='ltr' id='par_1_71' title="bbox 2108 3777 3667 3853">
     <span class='ocr_line' id='line_1_71' title="bbox 2108 3777 3667 3853; baseline -0.004 -18"><span class='ocrx_word' id='word_1_640' title='bbox 2108 3782 2401 3852; x_wconf 85' lang='grc' dir='ltr'>Ῥωμαίοις</span> <span class='ocrx_word' id='word_1_641' title='bbox 2449 3780 2584 3853; x_wconf 83' lang='grc' dir='ltr'>ὁμοῦ</span> <span class='ocrx_word' id='word_1_642' title='bbox 2641 3781 2733 3835; x_wconf 74' lang='grc' dir='ltr'><strong>καὶ</strong></span> <span class='ocrx_word' id='word_1_643' title='bbox 2784 3781 3009 3851; x_wconf 84' lang='grc' dir='ltr'>Ἕλλησι</span> <span class='ocrx_word' id='word_1_644' title='bbox 3059 3781 3153 3833; x_wconf 77' lang='grc' dir='ltr'><strong>καὶ</strong></span> <span class='ocrx_word' id='word_1_645' title='bbox 3196 3779 3489 3852; x_wconf 74' lang='grc' dir='ltr'>βαρεάροις</span> <span class='ocrx_word' id='word_1_646' title='bbox 3530 3777 3667 3830; x_wconf 87' lang='grc' dir='ltr'>θεῶν</span> 
     </span>
    </p>
   </div>
   <div class='ocr_carea' id='block_1_72' title="bbox 2094 3867 3668 3946">
    <p class='ocr_par' dir='ltr' id='par_1_72' title="bbox 2094 3867 3668 3946">
     <span class='ocr_line' id='line_1_72' title="bbox 2094 3867 3668 3946; baseline -0.004 -19"><span class='ocrx_word' id='word_1_647' title='bbox 2094 3873 2408 3946; x_wconf 75' lang='grc' dir='ltr'>ἀνατροπὴν</span> <span class='ocrx_word' id='word_1_648' title='bbox 2450 3873 2955 3944; x_wconf 81' lang='grc' dir='ltr'>εἰσηγησαμένους;</span> <span class='ocrx_word' id='word_1_649' title='bbox 3011 3873 3073 3925; x_wconf 77' lang='grc' dir='ltr'><strong>Ἰι</strong></span> <span class='ocrx_word' id='word_1_650' title='bbox 3119 3871 3175 3924; x_wconf 77' lang='grc' dir='ltr'>δέ</span> <span class='ocrx_word' id='word_1_651' title='bbox 3208 3888 3271 3939; x_wconf 81' lang='grc' dir='ltr'>γε</span> <span class='ocrx_word' id='word_1_652' title='bbox 3320 3872 3445 3939; x_wconf 73' lang='grc' dir='ltr'>περὶ</span> <span class='ocrx_word' id='word_1_653' title='bbox 3488 3867 3668 3923; x_wconf 76' lang='grc' dir='ltr'>αὐτῶν</span> 
     </span>
    </p>
   </div>
   <div class='ocr_carea' id='block_1_73' title="bbox 2096 3958 3669 4035">
    <p class='ocr_par' dir='ltr' id='par_1_73' title="bbox 2096 3958 3669 4035">
     <span class='ocr_line' id='line_1_73' title="bbox 2096 3958 3669 4035; baseline -0.004 -17"><span class='ocrx_word' id='word_1_654' title='bbox 2096 3964 2304 4035; x_wconf 75' lang='grc' dir='ltr'>ἱστορία</span> <span class='ocrx_word' id='word_1_655' title='bbox 2343 3963 2525 4032; x_wconf 65' lang='grc' dir='ltr'>σαφῶς</span> <span class='ocrx_word' id='word_1_656' title='bbox 2554 3964 2842 4028; x_wconf 85' lang='grc' dir='ltr'>δείκνυσιν,</span> <span class='ocrx_word' id='word_1_657' title='bbox 2882 3963 2957 4027; x_wconf 86' lang='grc' dir='ltr'>ὡς</span> <span class='ocrx_word' id='word_1_658' title='bbox 2990 3961 3126 4033; x_wconf 86' lang='grc' dir='ltr'><strong>μετά</strong></span> <span class='ocrx_word' id='word_1_659' title='bbox 3157 3961 3261 4032; x_wconf 73' lang='grc' dir='ltr'><strong>τὴν</strong></span> <span class='ocrx_word' id='word_1_660' title='bbox 3292 3960 3385 4013; x_wconf 79' lang='grc' dir='ltr'>τοῦ</span> <span class='ocrx_word' id='word_1_661' title='bbox 3417 3958 3669 4012; x_wconf 75' lang='grc' dir='ltr'>διδασκάο</span> 
     </span>
    </p>
   </div>
   <div class='ocr_carea' id='block_1_74' title="bbox 2095 4051 3664 4125">
    <p class='ocr_par' dir='ltr' id='par_1_74' title="bbox 2095 4051 3664 4125">
     <span class='ocr_line' id='line_1_74' title="bbox 2095 4051 3664 4125; baseline -0.003 -18"><span class='ocrx_word' id='word_1_662' title='bbox 2095 4055 2187 4108; x_wconf 84' lang='grc' dir='ltr'><strong>λου</strong></span> <span class='ocrx_word' id='word_1_663' title='bbox 2236 4052 2488 4125; x_wconf 84' lang='grc' dir='ltr'>τελευτὴν</span> <span class='ocrx_word' id='word_1_664' title='bbox 2534 4052 2807 4107; x_wconf 77' lang='grc' dir='ltr'>ἐπίϐουλοι</span> <span class='ocrx_word' id='word_1_665' title='bbox 2851 4069 3015 4116; x_wconf 89' lang='grc' dir='ltr'>τινες,</span> <span class='ocrx_word' id='word_1_666' title='bbox 3053 4051 3403 4114; x_wconf 74' lang='grc' dir='ltr'>συλλαϐόντες</span> <span class='ocrx_word' id='word_1_667' title='bbox 3447 4051 3664 4114; x_wconf 76' lang='grc' dir='ltr'>αὐτοὺς,</span> 
     </span>
    </p>
   </div>
   <div class='ocr_carea' id='block_1_75' title="bbox 2095 4140 3664 4220">
    <p class='ocr_par' dir='ltr' id='par_1_75' title="bbox 2095 4140 3664 4220">
     <span class='ocr_line' id='line_1_75' title="bbox 2095 4140 3664 4220; baseline -0.006 -20"><span class='ocrx_word' id='word_1_668' title='bbox 2095 4145 2286 4220; x_wconf 84' lang='grc' dir='ltr'>πρῶτα</span> <span class='ocrx_word' id='word_1_669' title='bbox 2318 4145 2416 4216; x_wconf 79' lang='grc' dir='ltr'><strong>μὲν</strong></span> <span class='ocrx_word' id='word_1_670' title='bbox 2448 4144 2770 4216; x_wconf 80' lang='grc' dir='ltr'>παρέδωκαν</span> <span class='ocrx_word' id='word_1_671' title='bbox 2800 4144 3035 4215; x_wconf 79' lang='grc' dir='ltr'>φυλακῇ,</span> <span class='ocrx_word' id='word_1_672' title='bbox 3074 4142 3261 4195; x_wconf 76' lang='grc' dir='ltr'>ἔπειτα</span> <span class='ocrx_word' id='word_1_673' title='bbox 3290 4141 3345 4195; x_wconf 84' lang='grc' dir='ltr'>δὲ</span> <span class='ocrx_word' id='word_1_674' title='bbox 3370 4140 3664 4199; x_wconf 78' lang='grc' dir='ltr'>ἀπέλυσαν,</span> 
     </span>
    </p>
   </div>
   <div class='ocr_carea' id='block_1_76' title="bbox 2097 4229 3666 4309">
    <p class='ocr_par' dir='ltr' id='par_1_76' title="bbox 2097 4229 3666 4309">
     <span class='ocr_line' id='line_1_76' title="bbox 2097 4229 3666 4309; baseline -0.006 -17"><span class='ocrx_word' id='word_1_675' title='bbox 2097 4236 2563 4309; x_wconf 77' lang='grc' dir='ltr'>παραγγείλαντες</span> <span class='ocrx_word' id='word_1_676' title='bbox 2602 4235 2789 4307; x_wconf 62' lang='grc' dir='ltr'><strong>μηδεν)⁵</strong></span> <span class='ocrx_word' id='word_1_677' title='bbox 2834 4234 3015 4289; x_wconf 83' lang='grc' dir='ltr'>λαλεῖν</span> <span class='ocrx_word' id='word_1_678' title='bbox 3079 4234 3173 4287; x_wconf 73' lang='grc' dir='ltr'>ἐπὶ</span> <span class='ocrx_word' id='word_1_679' title='bbox 3206 4232 3286 4304; x_wconf 81' lang='grc' dir='ltr'><strong>τῷ</strong></span> <span class='ocrx_word' id='word_1_680' title='bbox 3318 4233 3540 4303; x_wconf 80' lang='grc' dir='ltr'>ὀνόματι</span> <span class='ocrx_word' id='word_1_681' title='bbox 3570 4229 3666 4284; x_wconf 79' lang='grc' dir='ltr'>τοῦ</span> 
     </span>
    </p>
   </div>
   <div class='ocr_carea' id='block_1_77' title="bbox 2108 4320 3668 4395">
    <p class='ocr_par' dir='ltr' id='par_1_77' title="bbox 2108 4320 3668 4395">
     <span class='ocr_line' id='line_1_77' title="bbox 2108 4320 3668 4395; baseline -0.004 -17"><span class='ocrx_word' id='word_1_682' title='bbox 2108 4325 2301 4395; x_wconf 81' lang='grc' dir='ltr'>Ἰησοῦ.</span> <span class='ocrx_word' id='word_1_683' title='bbox 2335 4323 2557 4387; x_wconf 85' lang='grc' dir='ltr'>Γνόντες</span> <span class='ocrx_word' id='word_1_684' title='bbox 2590 4323 2647 4375; x_wconf 76' lang='grc' dir='ltr'>δὲ</span> <span class='ocrx_word' id='word_1_685' title='bbox 2685 4322 2882 4387; x_wconf 65' lang='grc' dir='ltr'>αὐτοὺς</span> <span class='ocrx_word' id='word_1_686' title='bbox 2918 4323 3055 4394; x_wconf 80' lang='grc' dir='ltr'><strong>μετά</strong></span> <span class='ocrx_word' id='word_1_687' title='bbox 3095 4322 3286 4386; x_wconf 77' lang='grc' dir='ltr'>ταῦτα,</span> <span class='ocrx_word' id='word_1_688' title='bbox 3321 4321 3554 4392; x_wconf 75' lang='grc' dir='ltr'>δημοσίᾳ</span> <span class='ocrx_word' id='word_1_689' title='bbox 3590 4320 3668 4393; x_wconf 84' lang='grc' dir='ltr'>τῷ</span> 
     </span>
    </p>
   </div>
   <div class='ocr_carea' id='block_1_78' title="bbox 2096 4414 3668 4488">
    <p class='ocr_par' dir='ltr' id='par_1_78' title="bbox 2096 4414 3668 4488">
     <span class='ocr_line' id='line_1_78' title="bbox 2096 4414 3668 4488; baseline -0.002 -19"><span class='ocrx_word' id='word_1_690' title='bbox 2096 4416 2289 4488; x_wconf 77' lang='grc' dir='ltr'>πλήθει</span> <span class='ocrx_word' id='word_1_691' title='bbox 2328 4417 2394 4470; x_wconf 73' lang='grc' dir='ltr'>τὰ</span> <span class='ocrx_word' id='word_1_692' title='bbox 2428 4417 2555 4487; x_wconf 74' lang='grc' dir='ltr'>περὶ</span> <span class='ocrx_word' id='word_1_693' title='bbox 2595 4416 2756 4469; x_wconf 72' lang='grc' dir='ltr'>αὑτοῦ</span> <span class='ocrx_word' id='word_1_694' title='bbox 2790 4415 3219 4486; x_wconf 77' lang='grc' dir='ltr'>διαλεγομένους,</span> <span class='ocrx_word' id='word_1_695' title='bbox 3255 4414 3668 4484; x_wconf 71' lang='grc' dir='ltr'>ἀναρπάσαντες</span> 
     </span>
    </p>
   </div>
   <div class='ocr_carea' id='block_1_79' title="bbox 2096 4506 3666 4579">
    <p class='ocr_par' dir='ltr' id='par_1_79' title="bbox 2096 4506 3666 4579">
     <span class='ocr_line' id='line_1_79' title="bbox 2096 4506 3666 4579; baseline -0.003 -19"><span class='ocrx_word' id='word_1_696' title='bbox 2096 4509 2427 4579; x_wconf 76' lang='grc' dir='ltr'>ἐμάστιζον,</span> <span class='ocrx_word' id='word_1_697' title='bbox 2476 4508 2834 4579; x_wconf 81' lang='grc' dir='ltr'>ἐπιτιμῶντες</span> <span class='ocrx_word' id='word_1_698' title='bbox 2892 4508 2985 4561; x_wconf 73' lang='grc' dir='ltr'>ἐπὶ</span> <span class='ocrx_word' id='word_1_699' title='bbox 3031 4511 3096 4578; x_wconf 81' lang='grc' dir='ltr'>τῇ</span> <span class='ocrx_word' id='word_1_700' title='bbox 3145 4506 3482 4577; x_wconf 59' lang='grc' dir='ltr'>διδασκαλίᾳ.</span> <span class='ocrx_word' id='word_1_701' title='bbox 3541 4507 3666 4558; x_wconf 69' lang='lat' dir='ltr'><strong>&quot;Urs</strong></span> 
     </span>
    </p>
   </div>
   <div class='ocr_carea' id='block_1_80' title="bbox 2095 4596 3669 4673">
    <p class='ocr_par' dir='ltr' id='par_1_80' title="bbox 2095 4596 3669 4673">
     <span class='ocr_line' id='line_1_80' title="bbox 2095 4596 3669 4673; baseline -0.004 -17"><span class='ocrx_word' id='word_1_702' title='bbox 2095 4602 2417 4673; x_wconf 71' lang='grc' dir='ltr'>ἀποκριθεὶς</span> <span class='ocrx_word' id='word_1_703' title='bbox 2449 4598 2603 4664; x_wconf 75' lang='grc' dir='ltr'>αὖθις</span> <span class='ocrx_word' id='word_1_704' title='bbox 2631 4603 2814 4665; x_wconf 71' lang='grc' dir='ltr'>αὐτοῖς</span> <span class='ocrx_word' id='word_1_705' title='bbox 2845 4603 2873 4655; x_wconf 82' lang='grc' dir='ltr'>ὁ</span> <span class='ocrx_word' id='word_1_706' title='bbox 2908 4602 3113 4672; x_wconf 85' lang='grc' dir='ltr'>Πέτρος</span> <span class='ocrx_word' id='word_1_707' title='bbox 3156 4596 3307 4652; x_wconf 72' lang='grc' dir='ltr'>εἶπεν</span> <span class='ocrx_word' id='word_1_708' title='bbox 3329 4617 3341 4629; x_wconf 73' lang='grc'><strong><em>⁸</em></strong></span> <span class='ocrx_word' id='word_1_709' title='bbox 3378 4620 3394 4650; x_wconf 73' lang='grc' dir='ltr'>α</span> <span class='ocrx_word' id='word_1_710' title='bbox 3434 4597 3669 4668; x_wconf 84' lang='grc' dir='ltr'>Πειθαρ-</span> 
     </span>
    </p>
   </div>
   <div class='ocr_carea' id='block_1_81' title="bbox 2095 4693 3669 4767">
    <p class='ocr_par' dir='ltr' id='par_1_81' title="bbox 2095 4693 3669 4767">
     <span class='ocr_line' id='line_1_81' title="bbox 2095 4693 3669 4767; baseline -0.003 -19"><span class='ocrx_word' id='word_1_711' title='bbox 2095 4699 2211 4766; x_wconf 85' lang='grc' dir='ltr'>χεῖν</span> <span class='ocrx_word' id='word_1_712' title='bbox 2248 4697 2327 4750; x_wconf 81' lang='grc' dir='ltr'><strong>δεῖ</strong></span> <span class='ocrx_word' id='word_1_713' title='bbox 2364 4696 2480 4766; x_wconf 83' lang='grc' dir='ltr'>Θεῷ</span> <span class='ocrx_word' id='word_1_714' title='bbox 2522 4695 2717 4766; x_wconf 74' lang='grc' dir='ltr'>μᾶλλον</span> <span class='ocrx_word' id='word_1_715' title='bbox 2751 4696 2782 4767; x_wconf 80' lang='grc' dir='ltr'>ἢ</span> <span class='ocrx_word' id='word_1_716' title='bbox 2814 4695 3139 4766; x_wconf 74' lang='grc' dir='ltr'>ἀνθρώποις.</span> <span class='ocrx_word' id='word_1_717' title='bbox 3182 4715 3200 4747; x_wconf 83' lang='grc'>›</span> <span class='ocrx_word' id='word_1_718' title='bbox 3233 4695 3387 4749; x_wconf 75' lang='grc' dir='ltr'>Μετὰ</span> <span class='ocrx_word' id='word_1_719' title='bbox 3410 4694 3466 4746; x_wconf 78' lang='grc' dir='ltr'>δὲ</span> <span class='ocrx_word' id='word_1_720' title='bbox 3497 4693 3669 4745; x_wconf 72' lang='grc' dir='ltr'>ταῦτα.</span> 
     </span>
    </p>
   </div>
   <div class='ocr_carea' id='block_1_82' title="bbox 2096 4785 3668 4860">
    <p class='ocr_par' dir='ltr' id='par_1_82' title="bbox 2096 4785 3668 4860">
     <span class='ocr_line' id='line_1_82' title="bbox 2096 4785 3668 4860; baseline -0.003 -20"><span class='ocrx_word' id='word_1_721' title='bbox 2096 4789 2263 4853; x_wconf 85' lang='grc' dir='ltr'>λίθοις</span> <span class='ocrx_word' id='word_1_722' title='bbox 2314 4788 2528 4860; x_wconf 72' lang='grc' dir='ltr'>βληθεὶς</span> <span class='ocrx_word' id='word_1_723' title='bbox 2561 4790 2862 4860; x_wconf 87' lang='grc' dir='ltr'>ἀναιρεῖται</span> <span class='ocrx_word' id='word_1_724' title='bbox 2909 4788 3197 4855; x_wconf 62' lang='grc' dir='ltr'>Στέφανος,</span> <span class='ocrx_word' id='word_1_725' title='bbox 3246 4787 3338 4840; x_wconf 74' lang='grc' dir='ltr'>ἐπὶ</span> <span class='ocrx_word' id='word_1_726' title='bbox 3382 4785 3475 4838; x_wconf 79' lang='grc' dir='ltr'>τοῦ</span> <span class='ocrx_word' id='word_1_727' title='bbox 3533 4785 3668 4838; x_wconf 79' lang='grc' dir='ltr'>Ἰου-</span> 
     </span>
    </p>
   </div>
   <div class='ocr_carea' id='block_1_83' title="bbox 2095 4878 3669 4953">
    <p class='ocr_par' dir='ltr' id='par_1_83' title="bbox 2095 4878 3669 4953">
     <span class='ocr_line' id='line_1_83' title="bbox 2095 4878 3669 4953; baseline -0.003 -18"><span class='ocrx_word' id='word_1_728' title='bbox 2095 4882 2256 4935; x_wconf 86' lang='grc' dir='ltr'>δαίων</span> <span class='ocrx_word' id='word_1_729' title='bbox 2284 4882 2517 4952; x_wconf 76' lang='grc' dir='ltr'>πλήθους</span> <span class='ocrx_word' id='word_1_730' title='bbox 2550 4881 3087 4953; x_wconf 74' lang='grc' dir='ltr'>παρρησιασάμενος,</span> <span class='ocrx_word' id='word_1_731' title='bbox 3122 4882 3214 4932; x_wconf 73' lang='grc' dir='ltr'><strong>καὶ</strong></span> <span class='ocrx_word' id='word_1_732' title='bbox 3245 4879 3480 4949; x_wconf 74' lang='grc' dir='ltr'>διωγμὸς</span> <span class='ocrx_word' id='word_1_733' title='bbox 3512 4878 3610 4948; x_wconf 75' lang='grc' dir='ltr'><strong>οὐχ</strong></span> <span class='ocrx_word' id='word_1_734' title='bbox 3641 4879 3669 4931; x_wconf 72' lang='grc' dir='ltr'>ὁ</span> 
     </span>
    </p>
   </div>
   <div class='ocr_carea' id='block_1_84' title="bbox 2095 4967 3667 5042">
    <p class='ocr_par' dir='ltr' id='par_1_84' title="bbox 2095 4967 3667 5042">
     <span class='ocr_line' id='line_1_84' title="bbox 2095 4967 3667 5042; baseline -0.003 -18"><span class='ocrx_word' id='word_1_735' title='bbox 2095 4972 2272 5042; x_wconf 81' lang='grc' dir='ltr'>τυχὼν</span> <span class='ocrx_word' id='word_1_736' title='bbox 2313 4973 2668 5026; x_wconf 81' lang='grc' dir='ltr'>ἐπανίσταται</span> <span class='ocrx_word' id='word_1_737' title='bbox 2702 4975 2810 5035; x_wconf 85' lang='grc' dir='ltr'>τοῖς</span> <span class='ocrx_word' id='word_1_738' title='bbox 2857 4970 3215 5042; x_wconf 76' lang='grc' dir='ltr'>πρεσϐεύουσι</span> <span class='ocrx_word' id='word_1_739' title='bbox 3249 4969 3308 5023; x_wconf 82' lang='grc' dir='ltr'><strong>τὸ</strong></span> <span class='ocrx_word' id='word_1_740' title='bbox 3337 4969 3428 5022; x_wconf 80' lang='grc' dir='ltr'>τοῦ</span> <span class='ocrx_word' id='word_1_741' title='bbox 3491 4967 3667 5038; x_wconf 84' lang='grc' dir='ltr'>Ἰησοῦ</span> 
     </span>
    </p>
   </div>
   <div class='ocr_carea' id='block_1_85' title="bbox 418 5053 1992 5135">
    <p class='ocr_par' dir='ltr' id='par_1_85' title="bbox 418 5053 1992 5128">
     <span class='ocr_line' id='line_1_85' title="bbox 418 5053 1992 5128; baseline -0.004 -15"><span class='ocrx_word' id='word_1_742' title='bbox 418 5058 696 5128; x_wconf 80' lang='lat' dir='ltr'><strong>spondens</strong></span> <span class='ocrx_word' id='word_1_743' title='bbox 722 5057 917 5113; x_wconf 89' lang='lat' dir='ltr'><strong>Petrus</strong></span> <span class='ocrx_word' id='word_1_744' title='bbox 962 5057 1096 5111; x_wconf 77' lang='lat' dir='ltr'><strong>dixit</strong></span> <span class='ocrx_word' id='word_1_745' title='bbox 1124 5076 1136 5110; x_wconf 89' lang='lat'>:</span> <span class='ocrx_word' id='word_1_746' title='bbox 1172 5075 1191 5107; x_wconf 71' lang='grc' dir='ltr'><strong>ι</strong></span> <span class='ocrx_word' id='word_1_747' title='bbox 1222 5055 1453 5112; x_wconf 85' lang='lat' dir='ltr'><strong>Obedirc</strong></span> <span class='ocrx_word' id='word_1_748' title='bbox 1482 5064 1695 5126; x_wconf 90' lang='lat' dir='ltr'><strong>oportet</strong></span> <span class='ocrx_word' id='word_1_749' title='bbox 1741 5053 1851 5110; x_wconf 90' lang='lat' dir='ltr'><strong>Deo</strong></span> <span class='ocrx_word' id='word_1_750' title='bbox 1880 5068 1992 5107; x_wconf 86' lang='lat' dir='ltr'><strong>ma-</strong></span> 
     </span>
    </p>
   </div>
   <div class='ocr_carea' id='block_1_86' title="bbox 2097 5053 3669 5135">
    <p class='ocr_par' dir='ltr' id='par_1_86' title="bbox 2100 5061 3669 5135">
     <span class='ocr_line' id='line_1_86' title="bbox 2100 5061 3669 5135; baseline -0.002 -17"><span class='ocrx_word' id='word_1_751' title='bbox 2100 5065 2286 5135; x_wconf 83' lang='grc' dir='ltr'>δνομα.</span> <span class='ocrx_word' id='word_1_752' title='bbox 2321 5064 2430 5116; x_wconf 72' lang='grc' dir='ltr'>Καὶ</span> <span class='ocrx_word' id='word_1_753' title='bbox 2474 5064 2636 5117; x_wconf 88' lang='grc' dir='ltr'>πάλιν</span> <span class='ocrx_word' id='word_1_754' title='bbox 2675 5063 2860 5117; x_wconf 80' lang='grc' dir='ltr'>ἄλλοτε</span> <span class='ocrx_word' id='word_1_755' title='bbox 2906 5062 3150 5134; x_wconf 77' lang='grc' dir='ltr'>Ἰῐρῶδης</span> <span class='ocrx_word' id='word_1_756' title='bbox 3191 5064 3219 5115; x_wconf 85' lang='grc' dir='ltr'>ὁ</span> <span class='ocrx_word' id='word_1_757' title='bbox 3253 5063 3360 5115; x_wconf 86' lang='grc' dir='ltr'><strong>τῶν</strong></span> <span class='ocrx_word' id='word_1_758' title='bbox 3405 5061 3669 5115; x_wconf 78' lang='grc' dir='ltr'>Ἰουδαίων</span> 
     </span>
    </p>
   </div>
   <div class='ocr_carea' id='block_1_87' title="bbox 420 5142 1993 5219">
    <p class='ocr_par' dir='ltr' id='par_1_87' title="bbox 420 5142 1993 5219">
     <span class='ocr_line' id='line_1_87' title="bbox 420 5142 1993 5219; baseline -0.004 -19"><span class='ocrx_word' id='word_1_759' title='bbox 420 5151 501 5219; x_wconf 79' lang='lat' dir='ltr'><strong>gis</strong></span> <span class='ocrx_word' id='word_1_760' title='bbox 531 5164 694 5218; x_wconf 88' lang='lat' dir='ltr'><strong>quam</strong></span> <span class='ocrx_word' id='word_1_761' title='bbox 722 5146 1040 5202; x_wconf 89' lang='lat' dir='ltr'><strong>hominibus</strong></span> <span class='ocrx_word' id='word_1_762' title='bbox 1071 5147 1137 5200; x_wconf 72' lang='grc' dir='ltr'><strong>σθ.</strong></span> <span class='ocrx_word' id='word_1_763' title='bbox 1177 5164 1196 5197; x_wconf 84' lang='grc'><strong>›</strong></span> <span class='ocrx_word' id='word_1_764' title='bbox 1234 5142 1389 5197; x_wconf 88' lang='lat' dir='ltr'><strong>llaud</strong></span> <span class='ocrx_word' id='word_1_765' title='bbox 1428 5144 1502 5196; x_wconf 90' lang='lat' dir='ltr'><strong>ita</strong></span> <span class='ocrx_word' id='word_1_766' title='bbox 1541 5143 1713 5197; x_wconf 90' lang='lat' dir='ltr'><strong>multo</strong></span> <span class='ocrx_word' id='word_1_767' title='bbox 1758 5149 1883 5214; x_wconf 89' lang='lat' dir='ltr'><strong>post</strong></span> <span class='ocrx_word' id='word_1_768' title='bbox 1913 5142 1993 5194; x_wconf 90' lang='lat' dir='ltr'><strong>la-</strong></span> 
     </span>
    </p>
   </div>
   <div class='ocr_carea' id='block_1_88' title="bbox 420 5234 1991 5311">
    <p class='ocr_par' dir='ltr' id='par_1_88' title="bbox 420 5234 1991 5311">
     <span class='ocr_line' id='line_1_88' title="bbox 420 5234 1991 5311; baseline -0.005 -17"><span class='ocrx_word' id='word_1_769' title='bbox 420 5241 637 5310; x_wconf 89' lang='lat' dir='ltr'><strong>pidibus</strong></span> <span class='ocrx_word' id='word_1_770' title='bbox 682 5241 884 5311; x_wconf 85' lang='lat' dir='ltr'><strong>petitus</strong></span> <span class='ocrx_word' id='word_1_771' title='bbox 931 5238 1242 5308; x_wconf 89' lang='lat' dir='ltr'><strong>Stephanus</strong></span> <span class='ocrx_word' id='word_1_772' title='bbox 1292 5236 1636 5301; x_wconf 88' lang='lat' dir='ltr'><strong>interlicitur,</strong></span> <span class='ocrx_word' id='word_1_773' title='bbox 1685 5251 1810 5289; x_wconf 88' lang='lat' dir='ltr'><strong>cum</strong></span> <span class='ocrx_word' id='word_1_774' title='bbox 1849 5234 1991 5305; x_wconf 89' lang='lat' dir='ltr'><strong>apud</strong></span> 
     </span>
    </p>
   </div>
   <div class='ocr_carea' id='block_1_89' title="bbox 418 5327 1990 5397">
    <p class='ocr_par' dir='ltr' id='par_1_89' title="bbox 418 5327 1990 5397">
     <span class='ocr_line' id='line_1_89' title="bbox 418 5327 1990 5397; baseline -0.004 -10"><span class='ocrx_word' id='word_1_775' title='bbox 418 5332 734 5388; x_wconf 68' lang='lat' dir='ltr'><strong>Judaaorum</strong></span> <span class='ocrx_word' id='word_1_776' title='bbox 776 5331 1179 5385; x_wconf 87' lang='lat' dir='ltr'><strong>multitudinem</strong></span> <span class='ocrx_word' id='word_1_777' title='bbox 1226 5327 1495 5397; x_wconf 87' lang='lat' dir='ltr'><strong>intrepide</strong></span> <span class='ocrx_word' id='word_1_778' title='bbox 1549 5329 1990 5391; x_wconf 87' lang='lat' dir='ltr'><strong>coneionarctnr,</strong></span> 
     </span>
    </p>
   </div>
   <div class='ocr_carea' id='block_1_90' title="bbox 422 5420 1993 5494">
    <p class='ocr_par' dir='ltr' id='par_1_90' title="bbox 422 5420 1993 5494">
     <span class='ocr_line' id='line_1_90' title="bbox 422 5420 1993 5494; baseline -0.001 -18"><span class='ocrx_word' id='word_1_779' title='bbox 422 5433 583 5494; x_wconf 87' lang='lat' dir='ltr'><strong>atque</strong></span> <span class='ocrx_word' id='word_1_780' title='bbox 634 5425 922 5480; x_wconf 72' lang='lat' dir='ltr'><strong>insettatio</strong></span> <span class='ocrx_word' id='word_1_781' title='bbox 968 5439 1077 5477; x_wconf 88' lang='lat' dir='ltr'><strong>non</strong></span> <span class='ocrx_word' id='word_1_782' title='bbox 1136 5421 1428 5475; x_wconf 80' lang='lat' dir='ltr'><strong>inediocris</strong></span> <span class='ocrx_word' id='word_1_783' title='bbox 1458 5427 1575 5473; x_wconf 82' lang='lat' dir='ltr'><strong>orta</strong></span> <span class='ocrx_word' id='word_1_784' title='bbox 1624 5429 1705 5474; x_wconf 87' lang='lat' dir='ltr'><strong>cst</strong></span> <span class='ocrx_word' id='word_1_785' title='bbox 1734 5420 1993 5475; x_wconf 77' lang='lat' dir='ltr'><strong>adversus</strong></span> 
     </span>
    </p>
   </div>
   <div class='ocr_carea' id='block_1_91' title="bbox 423 5511 1995 5585">
    <p class='ocr_par' dir='ltr' id='par_1_91' title="bbox 423 5511 1995 5585">
     <span class='ocr_line' id='line_1_91' title="bbox 423 5511 1995 5585; baseline -0.003 -15"><span class='ocrx_word' id='word_1_786' title='bbox 423 5532 541 5581; x_wconf 88' lang='lat' dir='ltr'><strong>eos,</strong></span> <span class='ocrx_word' id='word_1_787' title='bbox 571 5518 665 5585; x_wconf 87' lang='lat' dir='ltr'><strong>qui</strong></span> <span class='ocrx_word' id='word_1_788' title='bbox 709 5532 909 5571; x_wconf 88' lang='lat' dir='ltr'><strong>nomen</strong></span> <span class='ocrx_word' id='word_1_789' title='bbox 944 5515 1072 5571; x_wconf 77' lang='lat' dir='ltr'><strong>Jcsu</strong></span> <span class='ocrx_word' id='word_1_790' title='bbox 1107 5514 1322 5584; x_wconf 91' lang='lat' dir='ltr'><strong>publice</strong></span> <span class='ocrx_word' id='word_1_791' title='bbox 1351 5511 1829 5568; x_wconf 88' lang='lat' dir='ltr'><strong>commendabant.</strong></span> <span class='ocrx_word' id='word_1_792' title='bbox 1874 5513 1995 5565; x_wconf 81' lang='lat' dir='ltr'><strong>Alio</strong></span> 
     </span>
    </p>
   </div>
   <div class='ocr_carea' id='block_1_92' title="bbox 424 5604 1992 5679">
    <p class='ocr_par' dir='ltr' id='par_1_92' title="bbox 424 5604 1992 5679">
     <span class='ocr_line' id='line_1_92' title="bbox 424 5604 1992 5679; baseline -0.003 -17"><span class='ocrx_word' id='word_1_793' title='bbox 424 5624 617 5663; x_wconf 89' lang='lat' dir='ltr'><strong>rursus</strong></span> <span class='ocrx_word' id='word_1_794' title='bbox 661 5617 900 5679; x_wconf 89' lang='lat' dir='ltr'><strong>tempore</strong></span> <span class='ocrx_word' id='word_1_795' title='bbox 950 5608 1219 5672; x_wconf 84' lang='lat' dir='ltr'><strong>Herodes,</strong></span> <span class='ocrx_word' id='word_1_796' title='bbox 1251 5608 1345 5678; x_wconf 90' lang='lat' dir='ltr'><strong>qui</strong></span> <span class='ocrx_word' id='word_1_797' title='bbox 1390 5604 1701 5660; x_wconf 68' lang='lat' dir='ltr'><strong>Iudaeorum</strong></span> <span class='ocrx_word' id='word_1_798' title='bbox 1734 5621 1827 5661; x_wconf 80' lang='lat' dir='ltr'><strong>rex</strong></span> <span class='ocrx_word' id='word_1_799' title='bbox 1853 5614 1992 5669; x_wconf 89' lang='lat' dir='ltr'><strong>erat,</strong></span> 
     </span>
    </p>
   </div>
   <div class='ocr_carea' id='block_1_93' title="bbox 421 5697 1993 5777">
    <p class='ocr_par' dir='ltr' id='par_1_93' title="bbox 421 5697 1993 5777">
     <span class='ocr_line' id='line_1_93' title="bbox 421 5697 1993 5777; baseline -0.001 -22"><span class='ocrx_word' id='word_1_800' title='bbox 421 5697 683 5756; x_wconf 74' lang='lat' dir='ltr'><strong>Iacobum</strong></span> <span class='ocrx_word' id='word_1_801' title='bbox 740 5700 962 5756; x_wconf 79' lang='lat' dir='ltr'><strong>fratrem</strong></span> <span class='ocrx_word' id='word_1_802' title='bbox 1010 5700 1237 5757; x_wconf 82' lang='lat' dir='ltr'><strong>Joannis</strong></span> <span class='ocrx_word' id='word_1_803' title='bbox 1272 5699 1491 5777; x_wconf 32' lang='lat' dir='ltr'><strong>.occidit</strong></span> <span class='ocrx_word' id='word_1_804' title='bbox 1530 5698 1729 5771; x_wconf 78' lang='lat' dir='ltr'><strong>gladio.</strong></span> <span class='ocrx_word' id='word_1_805' title='bbox 1772 5697 1993 5756; x_wconf 88' lang='lat' dir='ltr'><strong>Petrum</strong></span> 
     </span>
    </p>
   </div>
   <div class='ocr_carea' id='block_1_94' title="bbox 493 5792 893 5862">
    <p class='ocr_par' dir='ltr' id='par_1_94' title="bbox 493 5792 893 5862">
     <span class='ocr_line' id='line_1_94' title="bbox 493 5792 893 5862; baseline -0.003 -17"><span class='ocrx_word' id='word_1_806' title='bbox 493 5793 539 5823; x_wconf 65' lang='grc'><strong>⁸⁸</strong></span> <span class='ocrx_word' id='word_1_807' title='bbox 571 5792 692 5849; x_wconf 64' lang='lat' dir='ltr'><strong>Atil.</strong></span> <span class='ocrx_word' id='word_1_808' title='bbox 726 5811 777 5862; x_wconf 74' lang='grc' dir='ltr'><strong>ν,</strong></span> <span class='ocrx_word' id='word_1_809' title='bbox 803 5795 893 5849; x_wconf 66' lang='lat'><strong>9.9.</strong></span> 
     </span>
    </p>
   </div>
   <div class='ocr_carea' id='block_1_95' title="bbox 2101 5154 3667 5227">
    <p class='ocr_par' dir='ltr' id='par_1_95' title="bbox 2101 5154 3667 5227">
     <span class='ocr_line' id='line_1_95' title="bbox 2101 5154 3667 5227; baseline -0.003 -18"><span class='ocrx_word' id='word_1_810' title='bbox 2101 5156 2351 5227; x_wconf 75' lang='grc' dir='ltr'>βασιλεὺς</span> <span class='ocrx_word' id='word_1_811' title='bbox 2375 5156 2583 5209; x_wconf 85' lang='grc' dir='ltr'>ἀνεῖλεν</span> <span class='ocrx_word' id='word_1_812' title='bbox 2614 5156 2704 5208; x_wconf 72' lang='grc' dir='ltr'><strong>τὸν</strong></span> <span class='ocrx_word' id='word_1_813' title='bbox 2741 5155 2993 5208; x_wconf 72' lang='grc' dir='ltr'>Ἰάκωϐον</span> <span class='ocrx_word' id='word_1_814' title='bbox 3023 5155 3111 5207; x_wconf 71' lang='grc' dir='ltr'>τὸν</span> <span class='ocrx_word' id='word_1_815' title='bbox 3143 5154 3370 5224; x_wconf 67' lang='grc' dir='ltr'>ἀδελφὺν</span> <span class='ocrx_word' id='word_1_816' title='bbox 3421 5154 3667 5206; x_wconf 80' lang='grc' dir='ltr'>Ἰωάννου</span> 
     </span>
    </p>
   </div>
   <div class='ocr_carea' id='block_1_96' title="bbox 2104 5241 3668 5316">
    <p class='ocr_par' dir='ltr' id='par_1_96' title="bbox 2104 5241 3668 5316">
     <span class='ocr_line' id='line_1_96' title="bbox 2104 5241 3668 5316; baseline -0.005 -17"><span class='ocrx_word' id='word_1_817' title='bbox 2104 5244 2364 5316; x_wconf 82' lang='grc' dir='ltr'>μαχαίρᾳ,</span> <span class='ocrx_word' id='word_1_818' title='bbox 2393 5244 2484 5297; x_wconf 89' lang='grc' dir='ltr'><strong>τόν</strong></span> <span class='ocrx_word' id='word_1_819' title='bbox 2513 5260 2571 5296; x_wconf 85' lang='grc' dir='ltr'><strong>τε</strong></span> <span class='ocrx_word' id='word_1_820' title='bbox 2603 5243 2805 5312; x_wconf 80' lang='grc' dir='ltr'>Πέτρον</span> <span class='ocrx_word' id='word_1_821' title='bbox 2836 5246 2863 5297; x_wconf 86' lang='grc' dir='ltr'>ὁ</span> <span class='ocrx_word' id='word_1_822' title='bbox 2893 5243 3052 5307; x_wconf 74' lang='grc' dir='ltr'>αὐτὸς</span> <span class='ocrx_word' id='word_1_823' title='bbox 3079 5243 3293 5315; x_wconf 86' lang='grc' dir='ltr'>δεσμοῖς</span> <span class='ocrx_word' id='word_1_824' title='bbox 3330 5241 3668 5314; x_wconf 70' lang='grc' dir='ltr'>περιέϐαλεν,</span> 
     </span>
    </p>
   </div>
   <div class='ocr_carea' id='block_1_97' title="bbox 2099 5328 3671 5405">
    <p class='ocr_par' dir='ltr' id='par_1_97' title="bbox 2099 5328 3671 5405">
     <span class='ocr_line' id='line_1_97' title="bbox 2099 5328 3671 5405; baseline -0.003 -18"><span class='ocrx_word' id='word_1_825' title='bbox 2099 5336 2175 5399; x_wconf 80' lang='grc' dir='ltr'>ὡς</span> <span class='ocrx_word' id='word_1_826' title='bbox 2205 5337 2261 5389; x_wconf 78' lang='grc' dir='ltr'>ἐν</span> <span class='ocrx_word' id='word_1_827' title='bbox 2282 5338 2404 5398; x_wconf 88' lang='grc' dir='ltr'>ταῖς</span> <span class='ocrx_word' id='word_1_828' title='bbox 2429 5333 2667 5405; x_wconf 82' lang='grc' dir='ltr'>Πράξεσι</span> <span class='ocrx_word' id='word_1_829' title='bbox 2708 5333 2816 5386; x_wconf 87' lang='grc' dir='ltr'><strong>τῶν</strong></span> <span class='ocrx_word' id='word_1_830' title='bbox 2855 5334 3164 5387; x_wconf 83' lang='grc' dir='ltr'>ἀποστόλων</span> <span class='ocrx_word' id='word_1_831' title='bbox 3187 5332 3516 5403; x_wconf 80' lang='grc' dir='ltr'>γέγραπται.</span> <span class='ocrx_word' id='word_1_832' title='bbox 3559 5328 3671 5382; x_wconf 79' lang='grc' dir='ltr'><strong>Καὶ</strong></span> 
     </span>
    </p>
   </div>
   <div class='ocr_carea' id='block_1_98' title="bbox 2099 5417 3674 5494">
    <p class='ocr_par' dir='ltr' id='par_1_98' title="bbox 2099 5417 3674 5494">
     <span class='ocr_line' id='line_1_98' title="bbox 2099 5417 3674 5494; baseline -0.006 -15"><span class='ocrx_word' id='word_1_833' title='bbox 2099 5426 2305 5480; x_wconf 83' lang='grc' dir='ltr'>τούτων</span> <span class='ocrx_word' id='word_1_834' title='bbox 2333 5424 2503 5478; x_wconf 72' lang='grc' dir='ltr'>ταῦτα</span> <span class='ocrx_word' id='word_1_835' title='bbox 2535 5424 2897 5489; x_wconf 84' lang='grc' dir='ltr'>πεπονθότων,</span> <span class='ocrx_word' id='word_1_836' title='bbox 2926 5428 2975 5478; x_wconf 77' lang='grc' dir='ltr'>οἱ</span> <span class='ocrx_word' id='word_1_837' title='bbox 3010 5424 3186 5477; x_wconf 68' lang='grc' dir='ltr'>λοιποὶ</span> <span class='ocrx_word' id='word_1_838' title='bbox 3225 5423 3462 5494; x_wconf 73' lang='grc' dir='ltr'>μαθηταὶ</span> <span class='ocrx_word' id='word_1_839' title='bbox 3503 5417 3674 5488; x_wconf 75' lang='grc' dir='ltr'>ἀπρὶξ</span> 
     </span>
    </p>
   </div>
   <div class='ocr_carea' id='block_1_99' title="bbox 2100 5509 3673 5585">
    <p class='ocr_par' dir='ltr' id='par_1_99' title="bbox 2100 5509 3673 5585">
     <span class='ocr_line' id='line_1_99' title="bbox 2100 5509 3673 5585; baseline -0.003 -19"><span class='ocrx_word' id='word_1_840' title='bbox 2100 5514 2347 5584; x_wconf 78' lang='grc' dir='ltr'>ἐχόμενοι</span> <span class='ocrx_word' id='word_1_841' title='bbox 2379 5511 2471 5564; x_wconf 78' lang='grc' dir='ltr'>τοῦ</span> <span class='ocrx_word' id='word_1_842' title='bbox 2515 5513 2709 5584; x_wconf 78' lang='grc' dir='ltr'>Ἰησοῦ,</span> <span class='ocrx_word' id='word_1_843' title='bbox 2752 5514 3056 5585; x_wconf 77' lang='grc' dir='ltr'>παρέμενον</span> <span class='ocrx_word' id='word_1_844' title='bbox 3087 5513 3164 5566; x_wconf 77' lang='grc' dir='ltr'>ἔτι</span> <span class='ocrx_word' id='word_1_845' title='bbox 3193 5511 3390 5583; x_wconf 78' lang='grc' dir='ltr'>μᾶλλον</span> <span class='ocrx_word' id='word_1_846' title='bbox 3422 5511 3501 5573; x_wconf 82' lang='grc' dir='ltr'><strong>είς</strong></span> <span class='ocrx_word' id='word_1_847' title='bbox 3545 5509 3673 5562; x_wconf 81' lang='grc' dir='ltr'>πάν-</span> 
     </span>
    </p>
   </div>
   <div class='ocr_carea' id='block_1_100' title="bbox 2101 5602 3669 5678">
    <p class='ocr_par' dir='ltr' id='par_1_100' title="bbox 2101 5602 3669 5678">
     <span class='ocr_line' id='line_1_100' title="bbox 2101 5602 3669 5678; baseline 0 -23"><span class='ocrx_word' id='word_1_848' title='bbox 2101 5621 2197 5667; x_wconf 88' lang='grc' dir='ltr'><strong>τας</strong></span> <span class='ocrx_word' id='word_1_849' title='bbox 2229 5604 2389 5657; x_wconf 77' lang='grc' dir='ltr'>αὺτὸν</span> <span class='ocrx_word' id='word_1_850' title='bbox 2422 5621 2476 5657; x_wconf 90' lang='grc' dir='ltr'><strong>τε</strong></span> <span class='ocrx_word' id='word_1_851' title='bbox 2508 5607 2601 5658; x_wconf 77' lang='grc' dir='ltr'><strong>καὶ</strong></span> <span class='ocrx_word' id='word_1_852' title='bbox 2643 5605 2741 5668; x_wconf 76' lang='grc' dir='ltr'><strong>τὰς</strong></span> <span class='ocrx_word' id='word_1_853' title='bbox 2777 5604 3232 5678; x_wconf 82' lang='grc' dir='ltr'>παραδοξοποιίας</span> <span class='ocrx_word' id='word_1_854' title='bbox 3264 5602 3426 5656; x_wconf 71' lang='grc' dir='ltr'>αὐτοῦ</span> <span class='ocrx_word' id='word_1_855' title='bbox 3463 5618 3669 5669; x_wconf 84' lang='grc' dir='ltr'>καταγ-</span> 
     </span>
    </p>
   </div>
   <div class='ocr_carea' id='block_1_101' title="bbox 2102 5690 3675 5765">
    <p class='ocr_par' dir='ltr' id='par_1_101' title="bbox 2102 5690 3675 5765">
     <span class='ocr_line' id='line_1_101' title="bbox 2102 5690 3675 5765; baseline -0.003 -17"><span class='ocrx_word' id='word_1_856' title='bbox 2102 5696 2401 5765; x_wconf 78' lang='grc' dir='ltr'>γέλλοντες.</span> <span class='ocrx_word' id='word_1_857' title='bbox 2444 5698 2566 5751; x_wconf 71' lang='grc' dir='ltr'><strong>Ἐπὶ</strong></span> <span class='ocrx_word' id='word_1_858' title='bbox 2592 5697 2801 5762; x_wconf 77' lang='grc' dir='ltr'>τούτοις</span> <span class='ocrx_word' id='word_1_859' title='bbox 2849 5698 3102 5759; x_wconf 61' lang='grc' dir='ltr'>Ἰάκωϐος</span> <span class='ocrx_word' id='word_1_860' title='bbox 3125 5699 3154 5750; x_wconf 84' lang='grc' dir='ltr'>ὁ</span> <span class='ocrx_word' id='word_1_861' title='bbox 3186 5694 3409 5765; x_wconf 78' lang='grc' dir='ltr'>ἁδελφὸς</span> <span class='ocrx_word' id='word_1_862' title='bbox 3436 5692 3526 5747; x_wconf 79' lang='grc' dir='ltr'>τοῦ</span> <span class='ocrx_word' id='word_1_863' title='bbox 3565 5690 3675 5745; x_wconf 79' lang='grc' dir='ltr'><strong>Κυ-</strong></span> 
     </span>
    </p>
   </div>
  </div>
