4126 6432
460 435 567 494 109

1371 430 2025 489 DEMONSTRATIONIS
2049 429 2506 488 EVANGELICAE
2543 429 2674 485 LIB.
2714 429 2805 484 lll.

3586 432 3689 489 2m

468 547 609 622 ρίου,
649 545 708 599 δν
737 547 787 599 οί
825 544 988 598 πάλαι
1020 542 1088 596 τά
1125 544 1467 617 Ἰεροσόλυμα
1498 546 1772 613 οἰκοῦντες
1806 547 2022 601 ἐκάλουν

2133 563 2263 603 vero
2311 548 2365 600 in
2411 546 2626 601 vincula
2667 544 2918 613 conjecit,
2954 547 3016 598 ut
3044 543 3096 597 in
3137 531 3294 599 Actis
3322 545 3691 616 apostolorum

466 642 676 696 δίκαιον
699 636 787 695 δεὰ
815 636 881 689 τά
903 636 1004 704 τῆς
1028 635 1226 705 ἀρετῆς
1254 636 1715 708 πλεονεκτήματα,
1738 638 2032 710 ἐρωτηθεὶς

467 733 606 805 πρὸς
642 730 748 783 τὼν
788 726 1085 798 ἀρχιερέων
1126 727 1221 781 καὶ
1259 727 1589 781 διδασκάλων
1617 728 1711 781 τοῦ
1767 729 2033 784 Ἰουδαίων

468 824 671 886 ἔθνους,
698 821 815 872 τίνα
855 819 984 890 περὶ
1022 818 1117 871 τοῦ
1155 818 1390 890 Χριστοῦ
1429 818 1542 889 ἔχοι
1579 819 1758 885 δόξαν,
1797 821 2031 875 κᾶπειτα

468 912 928 985 ἀποκρινάμενος.
966 910 1047 962 ὅτι
1088 910 1202 974 υίὸς
1235 910 1370 963 Θεοῦ
1402 912 1507 982 εἴη,
1541 911 1707 975 λίθοις
1742 914 1837 965 καὶ
1870 914 2030 978 αὐτὸς

467 1007 601 1079 πρὸς
643 1004 819 1057 αὐτῶν
858 1003 1128 1073 βάλλεται.
1172 1002 1282 1055 Καὶ
1324 1002 1528 1074 Πέτρος
1569 1004 1625 1057 δὲ
1672 1005 1765 1057 ἐπὶ
1815 1004 2030 1076 Ῥώμης

465 1096 605 1153 κατὰ
641 1096 881 1165 κεφαλῆς
916 1094 1259 1166 σταυροῦται,
1295 1094 1506 1157 nam;
1540 1112 1599 1148 τε
1643 1097 2029 1167 ἀποτέμνεται,

475 1188 728 1260 Ἰωάννης
764 1206 825 1242 τε
869 1189 1019 1258 νήσῳ
1052 1187 1419 1259 παραδίδοται.
1462 1188 1569 1242 Καὶ
1614 1190 1816 1243 τούτων
1859 1191 2029 1245 ταῦτα

461 1280 763 1343 παθόντων,
797 1280 969 1343 οὐδεὶς
999 1278 1107 1332 τῶν
1131 1278 1333 1333 λοιπῶν
1356 1280 1546 1352 ἐξέστη
1575 1281 1676 1351 τῆς
1700 1281 2026 1352 προθέσεως,

457 1371 524 1423 δι’
553 1372 718 1442 εὐχῆς
745 1372 802 1425 δέ
824 1372 1093 1442 τιθέμενοι
1123 1372 1215 1424 καὶ
1236 1373 1388 1425 αὐτοὶ
1414 1373 1520 1425 τῶν
1547 1374 1676 1426 ἴσων
1704 1377 1816 1438 τοῖς
1842 1391 2028 1445 προει-

461 1465 719 1535 ρημένοις
751 1465 849 1535 τῆς
893 1466 973 1528 είς
1009 1464 1070 1517 τὸ
1116 1452 1268 1518 Θεῖον
1313 1465 1593 1528 εὐσεϐείας
1626 1465 1786 1518 ἕνεκα
1822 1468 2025 1535 τυχεῖν,

459 1555 539 1607 ἔτι
600 1554 799 1625 μᾶλλον
849 1554 927 1626 τῷ
981 1554 1154 1626 Ἰησοῦ
1207 1555 1301 1608 καὶ
1338 1558 1447 1618 τοῖς
1488 1554 1808 1624 παραδόξοις
1850 1556 2028 1627 ἔργοις

459 1645 623 1698 αὐτοῦ
657 1646 793 1716 μετὰ
838 1645 1148 1716 παρρησίας
1188 1645 1546 1717 ἐμαρτύρουν.
1588 1646 1696 1698 Καὶ
1727 1646 1832 1718 μὴν
1870 1646 2029 1719 εἴπερ

459 1737 743 1808 ψεύσματα
794 1734 863 1808 ἧν
914 1737 1056 1791 κατὰ
1112 1738 1380 1808 συνθήκην
1420 1737 1601 1800 αὐτοῖς
1645 1737 2024 1808 πεπλασμένα,

461 1829 760 1901 θαυμάζειν
794 1830 962 1898 ἄξιον,
993 1832 1140 1894 ὅπως
1173 1830 1394 1885 τοσοῦτο
1424 1830 1627 1900 πλῆθος
1665 1832 1765 1902 τὴν
1805 1848 2026 1902 συμφω-

459 1921 579 1977 νίαν
609 1923 701 1976 ἐπὶ
740 1925 851 1987 τοῖς
889 1924 1168 1994 πλάσμασι
1198 1926 1291 1978 καὶ
1331 1925 1491 1995 μέχρι
1522 1923 1747 1977 θανάτου
1778 1923 2028 1993 διεφύλα-

461 2009 570 2077 ξεν,
614 2013 786 2077 οὐδείς
835 2031 895 2067 τε
942 2015 1118 2067 αὐτῶν
1180 2014 1397 2070 πώποτε
1456 2016 1527 2069 τὰ
1581 2016 1862 2086 συμϐάντα
1915 2019 2026 2078 τοῖς

461 2100 930 2175 προανῃρημένοις
1004 2103 1237 2174 τρέσας,
1313 2104 1506 2176 ἐξέστη
1576 2106 1676 2174 τῆς
1750 2106 2023 2177 ἑταιρίας,

457 2191 566 2245 οὐδ’
609 2192 942 2264 άντεκήρυξε
992 2197 1101 2257 τοῖς
1150 2194 1351 2258 ἄλλοις,
1408 2196 1488 2256 είς
1530 2195 1646 2265 φῶς
1697 2195 1916 2264 ἀγαγὼν
1958 2196 2026 2249 τά

460 2283 865 2352 συντεθειμένα.
938 2283 1096 2336 Ἀλλὰ
1138 2286 1232 2337 καὶ
1274 2288 1302 2337 ὁ
1351 2283 1528 2348 ζῶντα
1578 2285 1864 2356 προδοῦναι
1907 2286 2026 2339 τολ-

461 2372 638 2441 μήσας
680 2373 861 2436 αὑτὸν,
889 2373 1203 2443 αὐτοχειρίᾳ
1263 2372 1384 2426 καθ’
1440 2374 1632 2428 ἑαυτοῦ
1692 2375 2028 2447 παραχρῆμα

457 2460 555 2529 τὴν
582 2461 735 2532 δίκην
779 2462 1148 2516 ἐπεσπάσατο.
1197 2464 1432 2516 Κάκεῐνο
1475 2463 1532 2516 δὲ
1576 2463 1692 2527 πῶς
1726 2466 1785 2517 οὐ
1832 2464 2027 2535 μεστὸν

460 2549 792 2620 ἐκπλήξεως,
835 2550 897 2603 τὸ
936 2551 1166 2614 πλάνους
1207 2550 1405 2624 ἄνδρας
1446 2553 1539 2606 καὶ
1597 2552 1830 2618 ἰδιώτας,
1888 2555 2025 2625 μήτε

457 2637 657 2706 λαλεῖν,
697 2641 833 2711 μήτε
898 2641 1114 2695 ἀκούειν
1172 2643 1330 2696 πλέον
1401 2645 1498 2714 τῆς
1561 2646 1789 2718 πατρίου
1844 2647 2026 2716 φωνῆς

457 2731 865 2800 ἐπισταμένους,
943 2733 1017 2803 μὴ
1093 2733 1250 2803 μόνον
1325 2734 1669 2806 διανοηθῆναι
1757 2738 2024 2808 τολμῆσαι

456 2821 736 2892 προελθεῖν
792 2823 883 2876 ἐπὶ
926 2824 1024 2895 τὴν
1073 2824 1182 2878 τῶν
1229 2825 1398 2880 ἐθνῶν
1451 2827 1703 2881 ἁπάντων
1756 2828 2020 2899 περίοδον,

454 2907 588 2962 ἀλλὰ
675 2912 767 2964 καὶ
837 2912 1196 2983 προελθόντας
1278 2915 1618 2988 κατορθῶσαι
1702 2917 1763 2971 τὸ
1839 2919 2024 2989 ἐπιτή-

451 2998 625 3069 δευμα
652 3016 666 3065 ;
697 3000 901 3071 Σκέψαι
933 3002 989 3055 δὲ
1029 3003 1209 3057 ὁποῖόν
1237 3005 1353 3058 ἐστι
1384 3006 1477 3059 καὶ
1515 3007 1574 3059 τὸ
1621 3008 1822 3079 μηδένα
1854 3007 2024 3078 μηδα-

458 3089 561 3160 μοῦ
587 3090 853 3160 διάφωνον
887 3092 1188 3162 ἐξενεγκεῖν
1223 3097 1348 3167 περὶ
1378 3097 1483 3149 τῶν
1509 3098 1760 3169 πράξεων
1784 3097 1877 3150 τοῦ
1914 3099 2018 3170 Ἰη-

2135 641 2396 710 scriptum
2426 646 2510 694 est
2546 639 2613 694 ⁸⁷.
2652 636 2716 690 Et
2746 652 2870 691 cum
2902 636 2955 690 hi
2994 636 3123 689 talia
3150 637 3521 705 pertulissent,
3564 640 3692 694 reli-

2131 733 2225 803 qui
2257 730 2509 800 discipuli
2544 728 2984 785 constantissime
3021 725 3151 783 Jesu
3193 743 3295 784 suo
3327 730 3689 795 adhaerentes,

2131 823 2288 892 longe
2314 820 2477 876 etiam
2499 819 2672 889 magis
2694 833 2856 888 quam
2888 828 3014 873 ante
3041 826 3457 888 perseverarunt
3484 820 3539 874 in
3567 836 3693 890 pro-

2130 913 2330 984 posito,
2365 911 2511 980 apud
2548 911 2834 966 universos
2864 911 3064 981 ubique
3092 918 3147 966 et
3170 912 3322 966 illum
3347 920 3401 973 et
3428 914 3692 968 miracula

2130 1005 2276 1060 illius
2325 1004 2702 1074 praedicantes.
2757 1001 2952 1058 Postea
3000 1003 3235 1060 Jacobus
3278 1003 3445 1060 frater
3479 1005 3691 1061 Domini

2130 1096 2223 1164 qui
2248 1095 2315 1148 ab
2338 1094 2403 1149 iis
2431 1094 2523 1164 qui
2554 1094 2682 1148 olim
2715 1092 3092 1166 Hierosolyma
3118 1096 3448 1159 incolebant,
3479 1097 3549 1152 ob
3574 1096 3683 1150 vir-

2129 1185 2261 1240 tutis
2282 1182 2859 1240 excellentiamJustus
2880 1185 3199 1251 vocabatur,
3215 1197 3247 1238 a
3270 1185 3617 1256 pontiﬁcibus
3635 1192 3691 1243 et

2127 1262 2366 1330 Iudaica:
2396 1275 2572 1345 gentis
2597 1276 2873 1346 magistris
2911 1276 3300 1347 interrogatus,
3327 1278 3589 1348 quidnam
3622 1278 3692 1334 de

2127 1364 2254 1422 Jesu
2287 1367 2533 1431 sentiret,
2574 1381 2697 1421 cum
2726 1368 2884 1436 plane
2908 1366 3060 1421 illum
3101 1383 3224 1424 esse
3256 1366 3452 1423 Filium
3481 1369 3577 1424 Dei
3604 1386 3692 1425 re-

2129 1458 2460 1529 spondisset,
2505 1460 2619 1528 ipse
2646 1474 2864 1528 quoque
2905 1458 3175 1528 lapidibus
3228 1460 3297 1514 ab
3346 1460 3454 1515 illis
3492 1463 3694 1531 petitur

2129 1560 2291 1621 atque
2323 1550 2662 1606 interﬁcitur.
2707 1549 2900 1605 Petrus
2947 1560 3127 1606 autem
3173 1550 3359 1607 Romae
3409 1554 3585 1623 capite
3634 1555 3692 1610 in

2127 1653 2324 1700 terram
2365 1659 2524 1699 verso
2559 1644 2708 1697 cruci
2740 1642 2991 1713 alligitur.
3024 1642 3195 1698 Paulo
3234 1660 3363 1699 vero
3394 1652 3557 1717 caput
3594 1647 3694 1703 ab~

2128 1737 2415 1799 scinditur,
2456 1742 2509 1790 et
2538 1733 2776 1790 Joannes
2815 1735 2871 1788 in
2909 1735 3142 1790 insulam
3176 1736 3469 1806 relegatur.
3515 1735 3693 1807 Hique

2129 1842 2250 1881 cum
2276 1827 2407 1881 talia
2433 1827 2579 1896 passi
2612 1832 2814 1890 essent,
2845 1825 3028 1881 nullus
3057 1828 3391 1898 reliquorum
3426 1827 3495 1883 ab
3519 1828 3693 1883 incut-

2127 1926 2220 1987 pto
2248 1917 2476 1972 destitit.
2509 1916 2652 1982 Quin
2700 1919 2863 1972 etiam
2892 1918 3033 1972 votis
3063 1919 3438 1989 unusquisque
3468 1927 3690 1989 expete-

2126 2008 2240 2074 bat,
2275 2007 2492 2077 pietatis
2555 2007 2833 2077 divinique
2871 2007 3052 2063 cultus
3099 2009 3294 2080 gratia,
3326 2008 3429 2063 sibi
3474 2024 3692 2079 quoque

2127 2099 2331 2168 aliquid
2367 2099 2471 2154 tale
2492 2098 2823 2169 contingere.
2843 2097 2962 2164 Quo
2984 2099 3145 2153 etiam
3169 2100 3511 2155 constantius
3527 2108 3691 2172 atque

2127 2191 2407 2245 ardentius
2455 2197 2508 2245 et
2558 2190 2660 2258 ipsi
2690 2189 2840 2256 Jesu,
2876 2198 2931 2244 et
2982 2189 3395 2245 admirabilibus
3443 2192 3690 2260 ejusdem

2127 2281 2294 2351 gestis
2338 2281 2711 2335 testimonium
2756 2281 3070 2335 allerebant.
3126 2280 3282 2346 Quod
3318 2283 3365 2336 si
3409 2282 3692 2338 mendacia

2126 2373 2243 2428 haec
2272 2382 2429 2427 erant
2468 2387 2587 2441 quae
2632 2372 2715 2426 illi
2737 2387 2803 2425 ex
2838 2372 3140 2440 composito
3174 2370 3475 2434 finxissent,
3511 2386 3690 2442 opem

2126 2466 2358 2535 pretium
2391 2464 2496 2519 erit
2525 2463 2803 2529 admirari,
2828 2469 3067 2533 Quonam
3098 2469 3259 2532 pacto
3289 2470 3472 2517 tantus
3502 2479 3693 2518 nume-

2126 2572 2243 2621 rus,
2278 2570 2606 2611 consensum
2635 2555 2786 2608 illum
2823 2555 2966 2609 inter
2991 2569 3050 2610 se
3095 2554 3152 2607 in
3194 2554 3360 2608 rebus
3398 2553 3556 2621 fictis,
3608 2554 3693 2611 vel

2128 2663 2299 2719 usque
2326 2647 2394 2702 ad
2432 2658 2656 2702 mortem
2694 2647 3011 2713 servaverit,
3053 2661 3230 2716 neque
3252 2646 3396 2701 ullus
3425 2662 3688 2717 unquam,

2124 2754 2310 2793 earum
2338 2754 2519 2794 rerum
2547 2737 2838 2793 formidine
2863 2751 2985 2806 qua:
3013 2735 3141 2799 illis,
3189 2736 3281 2806 qui
3312 2737 3464 2807 prius
3488 2736 3691 2793 sublati

2124 2839 2279 2885 erant
2306 2830 2653 2894 accidissent,
2683 2844 2713 2882 a
2745 2829 3007 2883 societate
3048 2827 3358 2894 desciverit,
3400 2846 3575 2902 neque
3603 2846 3691 2885 re-

2123 2922 2288 2993 liquis
2321 2923 2537 2992 publice
2560 2922 2974 2989 cuntradixerit,
3008 2924 3243 2994 prodens
3286 2937 3352 2978 ea
3379 2938 3501 2993 quae
3549 2924 3692 2979 inter

2123 3014 2274 3085 ipsos
2299 3016 2756 3085 composuissent.
2782 3016 2921 3081 Quin
2939 3023 2993 3070 et
3012 3030 3152 3070 unus
3168 3030 3378 3079 eorum,
3398 3015 3489 3084 qui
3506 3015 3690 3069 vivum

2126 3115 2512 3175 praeceptorem
2556 3105 2785 3175 prodere
2815 3121 2984 3161 ausus
3014 3112 3118 3169 est,
3155 3105 3300 3159 illico
3328 3119 3546 3159 manum
3585 3104 3690 3159 sibi

453 3174 548 3229 σοῦ
574 3176 748 3245 λόγον.
775 3179 837 3232 Εἰ
870 3180 979 3251 γάρ
1014 3182 1104 3234 ἐπὶ
1135 3182 1348 3238 πάντων
1374 3186 1855 3258 άμφιγνοουμένων
1883 3205 2016 3260 πρα-

2123 3198 2221 3270 ipsi
2252 3174 2599 3254 consciscens
2620 3239 2638 3263 ,
2683 3198 2927 3254 debitum
2951 3198 3278 3270 supplicium
3300 3198 3529 3253 invenit.
3550 3195 3689 3252 lllud

452 3270 699 3340 γμάτων,
734 3271 792 3324 ἐν
824 3289 884 3325 τε
916 3276 1028 3337 τοῖς
1056 3275 1197 3328 κατά
1223 3276 1419 3346 νόμους
1450 3278 1815 3353 δικαστηρίοις
1847 3284 1940 3336 καὶ
1964 3284 2022 3337 ἐν

452 3363 571 3425 ταῖς
609 3367 815 3427 κοιναῖς
847 3366 1308 3437 ἀμφισϐητήσεσι,
1330 3370 1437 3423 τῶν
1472 3372 1763 3443 μαρτύρων
1799 3392 2024 3446 συμφωο

453 3452 540 3504 νία
582 3457 741 3524 κυροῖ
770 3455 829 3507 τὸ
870 3458 1336 3529 άμφιγνοούμενον
1406 3460 1517 3532 (ἐπὶ
1565 3466 1826 3536 στόματος
1853 3467 1897 3519 δ’
1929 3464 2022 3522 οὖν

452 3542 544 3595 δύο
571 3544 662 3596 καὶ
685 3545 847 3614 τριῶν
880 3549 1167 3620 μαρτύρων
1193 3553 1500 3608 συνίσταται
1531 3557 1637 3608 πᾶν
1673 3558 1880 3628 ῥῆμα),
1905 3560 2022 3624 πῶς

455 3635 555 3687 οὐκ
598 3634 728 3707 an,
772 3637 997 3707 ἀλήθεια
1042 3644 1133 3695 καὶ
1179 3644 1271 3696 ἐπὶ
1316 3645 1481 3699 τῶνδε
1526 3650 1774 3719 συσταίη,
1816 3649 2021 3704 δώδεκα

459 3723 557 3793 μὲν
609 3725 777 3779 ὄντων
832 3729 1162 3796 ἀποστόλων,
1212 3735 1576 3807 ἐϐδομήκοντα
1621 3738 1679 3791 δὲ
1740 3739 2018 3811 μαθητῶν,

459 3819 650 3889 μυρίον
677 3837 735 3872 τε
764 3821 999 3892 πλήθους
1022 3826 1227 3879 τούτων
1251 3828 1426 3891 ἐκτὸς,
1457 3830 1671 3883 πάντων
1704 3830 2020 3904 θαυμαστὴν

374 3986 377 3989 ν
455 3912 769 3980 συμφωνίαν
815 3915 1284 3987 ἐπιδεδειγμένων,
1328 3922 1421 3973 xal.
1462 3924 1926 3994 μαρτυρησάντων
1956 3942 2020 3994 γε

451 4004 564 4064 τοῖς
613 4002 718 4055 ὑπὸ
763 4004 855 4056 τοῦ
904 4004 1075 4074 Ἰησοῦ
1123 4009 1550 4079 πεπραγμένοις,
1600 4013 1700 4066 οὐκ
1746 4013 2016 4085 ἀνιδρωτὶ,

450 4089 538 4143 διὰ
576 4090 632 4143 δέ
660 4092 907 4162 βασάνων
934 4094 1231 4166 ὑπομονῆς,
1265 4099 1357 4151 καὶ
1384 4099 1563 4171 πάσης
1591 4102 1773 4166 αἰκίας
1804 4105 1895 4157 καὶ
1928 4103 2022 4158 θα-

450 4185 632 4242 νάτου.
662 4187 753 4238 καὶ
781 4186 871 4239 ἐπὶ
910 4189 1074 4240 πᾶσιν
1100 4190 1202 4242 ὑπὸ
1230 4190 1322 4244 τοῦ
1356 4192 1489 4246 Θεοῦ
1533 4195 2016 4267 μαρτυρηθέντων;

456 4277 550 4340 Ὃς
582 4276 673 4330 τὸν
708 4278 796 4331 ὑπ’
826 4277 987 4330 αὐτοῦ
1024 4282 1461 4350 καταγγελθέντα
1484 4284 1636 4353 λόγον
1668 4286 1747 4341 ἔτι
1777 4289 1871 4341 καὶ
1896 4288 2013 4355 νῦν,

452 4369 545 4422 καὶ
578 4372 656 4433 εἰς
680 4370 798 4424 ὅλον
825 4372 915 4425 τὸν
954 4373 1123 4427 αίῶνα
1152 4376 1427 4445 κρατύνει.
1461 4378 1644 4432 Ταῦτα
1673 4379 1771 4450 μὲν
1802 4376 1895 4434 οὖν
1920 4384 2018 4452 ἁρ-

451 4460 549 4529 χῆς
576 4460 773 4515 ἀτόπου
807 4462 946 4516 κατὰ
994 4464 1336 4535 συγχώρησιν
1361 4467 1602 4538 δοθείσης
1631 4470 2011 4541 γεγυμνάσθω.

452 4548 523 4604 Τὸ
553 4553 659 4623 γὰρ
688 4558 798 4617 τοῖς
823 4557 1116 4625 ἐγγράφοις
1139 4558 1395 4610 τάναντία
1437 4560 1741 4627 ὑπολαϐεῖν,
1778 4564 1873 4616 καὶ
1907 4564 2012 4633 φάο
2045 4543 2090 4596 D

449 4661 537 4697 ναι
570 4645 663 4698 τὸν
710 4648 911 4717 Ἰησοῦν
944 4648 1259 4705 διδάσκαλον
1296 4654 1574 4722 γεγονέναι
1613 4657 1686 4727 μὴ
1721 4659 2012 4729 σωφρόνων

449 4733 639 4804 λόγων,
670 4739 881 4803 ἀδικίας
911 4739 968 4792 δὲ
1011 4744 1101 4794 καὶ
1131 4743 1438 4810 πλεονεξίας
1472 4747 1563 4800 καὶ
1607 4749 1787 4818 πάσης
1818 4750 2015 4803 ἀκολα-

453 4824 591 4889 σίας,
620 4828 745 4890 τούς
775 4828 1101 4900 τεξμαθητὰς
1134 4831 1301 4903 αὐτῷ,
1326 4834 1548 4888 τοιαῦτα
1572 4836 2012 4907 δεδιδαγμένους,

450 4919 817 4989 παντορέκτας
859 4924 1136 4991 γεγονέναι
1186 4924 1279 4978 καὶ
1318 4929 1705 4999 παμπονήρους
1745 4928 1852 4983 τῶν
1900 4931 2016 4984 πώ-

454 5023 579 5059 ποτε
624 5007 946 5080 ἀνθρώπων,
994 5014 1113 5066 καθ’
1156 5015 1409 5068 ὑπόθεσιν
1443 5019 1572 5087 ἡμῖν
1618 5023 2009 5091 συνεχωρεῖτο’

447 5098 585 5170 ὅπερ
605 5094 673 5170 ἦν
713 5101 910 5155 παντὸς
940 5104 1298 5159 άτοπώτατον⁶
1316 5108 1498 5178 ὅμοιον
1532 5108 1607 5172 ὡς
1650 5111 1698 5162 εἰ
1731 5112 1841 5175 καὶ,
1898 5111 2016 5165 Μω-

448 5188 587 5252 σέως
627 5190 686 5242 ἐν
716 5193 827 5253 τοῖς
853 5192 1034 5262 νόμοις
1066 5195 1332 5265 λέγοντος,
1372 5200 1445 5251 Οὐ
1481 5198 1777 5269 φονεύσεις,
1804 5204 1864 5256 οὐ
1897 5222 2016 5274 μοι-

446 5281 682 5353 κεύσεις,
717 5284 777 5336 ού
812 5284 1050 5354 κλέψεις,
1084 5289 1145 5341 οὗ
1174 5276 1725 5364 ψευδομαρτυρήσειῧ
1750 5310 2014 5365 συκοφαν’

445 5371 552 5425 τῶν
584 5373 745 5426 αὐτὸν
792 5374 1029 5428 διέϐαλλέ
1060 5395 1163 5443 τις,
1199 5379 1370 5447 λέγων
1414 5384 1664 5455 εἰρωνεία
1703 5385 1875 5440 ταῦτα
1910 5387 2011 5455 φά-

445 5481 534 5517 ναι
566 5465 658 5517 καὶ
692 5467 1073 5538 προσποιήσει.
1118 5469 1408 5525 Βούλεσθαι
1454 5474 1552 5544 μὲν
1582 5475 1691 5547 γὰρ
1721 5477 1845 5540 τοὺς
1879 5479 2012 5549 ὑπη-

446 5554 624 5619 κόους,
676 5556 770 5611 καὶ
816 5559 1077 5628 φονεύειν,
1132 5563 1223 5615 καὶ
1274 5564 1565 5635 μοιχεύειν,
1619 5566 1709 5620 καὶ
1756 5569 2016 5623 τάναντία

448 5648 706 5716 πράττειν
739 5645 819 5714 οἷς
851 5651 1146 5722 νομοθετεῖ,
1191 5654 1603 5725 προσποιεῖσθαι
1644 5656 1700 5709 δέ
1750 5661 2015 5729 σχηματί-

448 5739 655 5803 ζεσθαι,
688 5743 780 5795 καὶ
810 5745 1297 5817 καθυποκρίνεσθαι
1323 5749 1410 5802 τδν
1447 5748 1637 5820 σεμνὸν
1668 5748 1797 5820 βίον.
1832 5752 2017 5825 Ταύτῃ

523 5853 565 5883 ⁸⁷
601 5853 719 5910 Act.
757 5871 852 5918 xtl,
882 5857 1001 5913 2-4.

2128 3291 2283 3360 117
2313 3305 2476 3360 porro
2496 3290 2591 3361 qui
2625 3289 2742 3344 ﬁeri
2769 3297 2967 3360 potest,
2999 3301 3058 3346 ut
3098 3305 3207 3344 non
3238 3305 3452 3345 omnem
3491 3288 3692 3344 habeat

2123 3389 2432 3452 stuporem,
2476 3381 2723 3436 homines
2763 3380 3081 3436 seductores
3134 3388 3296 3449 atque
3349 3379 3688 3442 illitteratos.

2121 3470 2214 3540 qui
2248 3485 2424 3539 neque
2467 3469 2618 3540 loqui
2664 3483 2842 3538 neque
2882 3467 3072 3522 audire
3130 3466 3460 3537 quidquam,
3492 3473 3691 3535 praeter

2123 3576 2287 3614 unam
2317 3561 2548 3631 patriam
2588 3561 2827 3629 linguam
2855 3558 3294 3622 consuevissent,
3342 3572 3455 3612 non
3509 3557 3687 3612 solum

2121 3653 2459 3720 excogitasse
2505 3651 2787 3707 audaciam
2838 3650 3160 3721 peragrandi
3208 3649 3394 3704 orbem
3441 3649 3685 3703 omnium

2121 3741 2424 3806 nationum,
2456 3742 2550 3797 sed
2577 3757 2704 3796 cum
2736 3740 3143 3810 peragraverint
3165 3777 3183 3804 ,
3215 3738 3511 3809 perfecisse
3541 3739 3687 3807 quod

2121 3833 2532 3906 cogitaverant?
2571 3834 2955 3904 Contemplare
3007 3838 3268 3902 prmterea
3329 3836 3592 3900 quantum
3633 3836 3691 3886 et

2121 3922 2428 3995 cuiusmodi
2459 3925 2548 3987 sit,
2581 3921 2704 3977 illos
2743 3921 2811 3975 de
2852 3921 3016 3975 rebus
3050 3918 3218 3990 gestis
3252 3916 3418 3981 Iesu,
3476 3918 3688 3976 nullum

2119 4031 2349 4086 usquam
2379 4016 2694 4084 discrepans
2731 4013 2955 4068 verbum
3000 4010 3312 4082 protulisse.
3354 4008 3412 4064 Si
3441 4010 3588 4065 enim
3629 4013 3688 4068 in

2120 4108 2373 4165 omnibus
2406 4107 2569 4161 rebus
2596 4104 2662 4160 de
2690 4104 2889 4175 quibus
2927 4102 3242 4172 ambigitur,
3267 4110 3429 4173 atque
3462 4103 3517 4157 in
3537 4103 3687 4173 judi-

2119 4202 2221 4257 ciis
2275 4215 2395 4272 quae
2435 4216 2500 4255 ex
2540 4199 2748 4269 legibus
2777 4204 3140 4262 exercentur,
3197 4196 3688 4268 communibusque

2118 4290 2524 4354 controversiis,
2555 4303 2856 4344 consensus
2897 4288 3111 4341 testium
3147 4292 3356 4341 certum
3398 4293 3687 4357 ratumque

2118 4383 2171 4437 id
2190 4382 2349 4438 eﬂicit
2378 4381 2445 4437 de
2476 4379 2584 4452 quo
2615 4381 2907 4450 ambigitur
2935 4381 3013 4449 (in
3045 4394 3142 4434 ore
3175 4378 3321 4432 enim
3344 4379 3576 4434 duorum
3598 4380 3685 4433 vel

2116 4476 2281 4529 trium
2316 4473 2534 4529 testium
2565 4472 2819 4526 consistit
2861 4486 3022 4526 omne
3048 4472 3332 4542 verbum),
3374 4488 3474 4529 cur
3502 4473 3558 4526 in
3597 4473 3687 4527 his

2119 4580 2334 4635 quoque
2380 4564 2582 4618 veritas
2638 4577 2749 4618 non
2804 4562 3100 4619 consistat?
3147 4577 3270 4617 eum
3300 4570 3354 4617 et
3397 4562 3686 4617 duodecim

2122 4655 2351 4725 apostoli
2384 4654 2600 4720 fuerint,
2630 4661 2682 4707 et
2716 4652 3056 4723 septuaginta
3086 4653 3370 4723 discipuli,
3423 4659 3478 4708 et
3521 4653 3685 4707 innu-

2121 4745 2399 4799 merabilis
2434 4753 2587 4799 extra
2621 4745 2765 4799 hunc
2796 4759 3083 4799 numerum
3112 4744 3432 4809 multitudo,
3464 4745 3557 4814 qui
3588 4745 3686 4798 ad-

2120 4834 2421 4889 mirabilem
2456 4836 2511 4889 in
2549 4836 2802 4891 omnibus
2848 4851 3176 4892 consensum
3228 4836 3594 4900 servaverint,
3628 4842 3684 4890 et

2122 4921 2189 4975 de
2212 4922 2370 4978 rebus
2384 4923 2454 4978 ab
2481 4922 2610 4978 Jesu
2626 4926 2792 4994 gestis
2814 4928 3181 4983 testimonium
3231 4927 3479 4983 dederint
3495 4967 3511 4992 ,
3571 4943 3683 4984 non

2119 5014 2250 5068 illud
2302 5015 2520 5084 quidem
2559 5016 2678 5071 sine
2716 5018 2932 5081 sudore,
2979 5020 3075 5074 sed
3119 5034 3241 5074 cum
3286 5027 3681 5074 tormentorum

2119 5107 2403 5177 omnisque
2437 5108 2649 5177 injuriae
2686 5124 2751 5163 ac
2785 5109 3018 5180 denique
3052 5112 3245 5166 mortis
3297 5114 3678 5180 perpessione,

2118 5205 2172 5252 et
2195 5214 2333 5269 quos
2361 5210 2635 5269 postremo
2663 5202 2825 5255 etiam
2854 5199 2996 5256 Deus
3028 5202 3268 5258 vicissim
3299 5217 3400 5256 suo
3431 5202 3680 5257 testimo-

2116 5294 2209 5350 nio
2236 5296 2688 5366 comprobaverit,
2722 5297 2813 5368 qui
2844 5298 3068 5352 verbum
3098 5297 3241 5367 quod
3267 5298 3334 5352 ab
3363 5297 3470 5351 illis
3496 5286 3683 5366 prodi-

2116 5393 2231 5440 tum
2277 5387 2661 5457 vulgatumque
2689 5396 2801 5449 est.
2850 5388 2916 5440 ad
2948 5388 3094 5441 hunc
3136 5403 3308 5455 usque
3333 5387 3497 5451 diem,
3532 5394 3587 5443 et
3623 5389 3680 5443 in

2114 5493 2275 5533 omne
2316 5492 2488 5532 aevum
2522 5479 2799 5533 continuat
2840 5486 3002 5547 atque
3029 5485 3310 5549 propagat.
3358 5477 3483 5533 Haec
3514 5477 3680 5549 igitur

2121 5573 2256 5627 satis
2298 5585 2365 5625 ex
2393 5570 2745 5626 concessione
2777 5578 2885 5624 tam
2917 5569 3136 5624 absurdi
3179 5572 3469 5641 principii,
3516 5571 3678 5627 nobis

2120 5662 2373 5716 meditata
2405 5661 2531 5716 sint.
2565 5660 2848 5714 Contraria
2874 5661 3017 5714 enim
3054 5660 3119 5716 iis
3152 5676 3272 5732 qum
3319 5662 3519 5732 scripta
3548 5670 3675 5716 sunt

2117 5753 2348 5826 epinari,
2377 5762 2431 5810 et
2465 5750 2648 5808 Jesum
2679 5751 2858 5808 dicere
2887 5768 2995 5808 non
3027 5753 3327 5810 honestatis
3354 5760 3446 5809 aut
3476 5752 3679 5809 sobrie-
