4126 6424
432 390 537 447 2H

1112 392 1383 449 EUSEBII
1418 393 1896 452 CESARIENSIS
1933 397 2084 453 OPP.
2129 396 2308 454 PARS
2348 397 2413 453 ll.
2442 429 2513 440 -
2537 397 3036 456 APOLOGETICA.

3576 401 3690 458 212

426 511 557 565 tatis
591 519 976 582 praeceptorem
1009 510 1208 575 fuisse,
1245 512 1345 568 sed
1372 513 1658 583 iniustitiae
1705 523 1761 570 et
1812 533 1990 587 super-

2109 519 2218 590 γὰρ
2251 519 2345 572 καὶ¹
2377 518 2475 583 τὰς
2509 519 2619 572 τῶν
2644 520 2776 590 παρ’
2807 518 3029 589 Ἕλλησι
3063 517 3367 587 φιλοσόφων
3401 517 3685 589 ὑποθήκας

425 601 531 656 bis:
565 603 851 672 omnisque
881 602 1334 673 intemperantiae,
1359 612 1415 661 et
1439 606 1588 662 illius
1614 606 1913 678 discipulos
1932 611 2001 666 ab

424 693 519 747 illo
553 695 681 748 talia
713 694 935 749 edoctos
955 733 971 757 ,
999 695 1148 748 omni
1170 696 1485 766 'cupiditate
1532 712 1597 753 ac
1646 700 1853 756 scelere
1881 716 2003 756 om-

424 800 525 840 nes
554 787 648 856 qui
682 800 921 856 unquam
970 786 1174 841 fuerint
1218 787 1467 845 homines
1502 806 1792 861 superasse
1814 833 1831 856 .
1873 808 1998 848 cum

422 878 666 931 omnium
697 894 818 950 qua:
851 877 1088 933 absurda
1118 890 1268 944 sunt,
1297 882 1757 940 absurdissimum
1784 886 1875 950 sit,
1901 901 2000 943 nos

422 972 557 1026 illud
591 980 772 1026 tamen
795 970 1111 1042 disputandi
1146 976 1324 1046 gratia
1359 976 1585 1030 concedi
1627 991 1791 1047 posse
1816 978 2002 1033 existi-

422 1063 709 1116 mavimus.
744 1062 902 1129 Quod
945 1064 1165 1133 quidem
1192 1072 1278 1120 est
1301 1064 1501 1129 simile,
1525 1074 1587 1121 ut
1618 1066 1663 1122 si
1695 1068 1841 1137 quis,
1871 1082 1998 1122 cum

420 1152 599 1208 Moses
628 1154 683 1207 in
714 1156 830 1211 suis
887 1157 1095 1227 legibus
1126 1157 1277 1212 dicat
1305 1176 1320 1212 :
1370 1176 1391 1209 ‹
1431 1157 1548 1214 Non
1579 1160 1798 1216 occides
1823 1201 1837 1226 ,
1887 1175 1998 1215 non

420 1246 809 1310 mmcliaberis.
842 1263 953 1302 non
1010 1248 1317 1313 furaberis,
1355 1265 1464 1305 non
1511 1249 1710 1305 falsum
1757 1252 2001 1307 testimo-

418 1338 571 1391 nium
602 1338 753 1394 dices
785 1340 867 1394 “:
915 1361 934 1393 ι
977 1343 1091 1396 lucc
1132 1344 1188 1397 in
1224 1344 1460 1414 priorem
1506 1359 1728 1399 sensum
1776 1345 2001 1401 trahens

418 1439 474 1485 et
506 1431 869 1499 calumnians,
900 1435 1070 1497 dicat,
1101 1435 1253 1490 iHum
1286 1452 1413 1492 cum
1444 1438 1696 1494 irrisione
1726 1452 1789 1493 ac
1829 1438 2000 1493 simu-

417 1522 624 1580 latione
676 1525 789 1581 alia
823 1529 1169 1600 prmecpisse.
1199 1529 1347 1587 Velle
1366 1532 1511 1586 enim
1540 1546 1637 1587 eos
1657 1531 1857 1602 quibus
1891 1532 1998 1586 im-

413 1626 591 1688 peret,
618 1626 672 1674 et
700 1622 953 1677 occidere
981 1632 1034 1679 et
1061 1624 1348 1691 mmchari,
1381 1634 1436 1680 et
1467 1625 1535 1680 iis
1564 1626 1746 1679 omnia
1774 1632 2001 1680 contra-

417 1707 501 1761 ria
527 1708 708 1765 facere
737 1726 859 1781 qua:
882 1714 997 1783 ipse
1026 1713 1080 1767 in
1110 1714 1318 1784 legibus
1350 1716 1616 1786 posuerit,
1649 1715 1743 1771 sed
1775 1715 1997 1770 interim

417 1800 623 1872 ﬁngere
654 1803 900 1858 habitum
943 1821 1003 1860 se
1034 1814 1088 1860 et
1116 1823 1406 1877 personam
1440 1808 1565 1863 vitae
1603 1809 1869 1879 gravioris
1912 1810 1998 1863 in-

2111 611 2386 666 διαϐάλλοι
2414 612 2480 665 ἀν
2510 628 2614 677 τις,
2641 613 2731 666 τόν
2752 628 2811 665 τε
2844 610 3167 683 καρτερικὸν
3201 610 3317 680 βίον
3342 611 3438 664 καὶ
3461 612 3585 674 τοὺς
3608 611 3692 665 λό-

2112 720 2244 774 γους
2269 702 2447 756 αὐτῶν
2479 702 2716 767 πάντων,
2744 702 2966 773 φάσκων
2998 700 3254 762 ἐναντίως
3288 699 3387 771 μὲν
3411 703 3524 763 τοῖς
3549 700 3684 755 ἀνα-

2109 793 2515 863 γεγραμμένοις
2547 790 2909 847 διατεθεῖσθαι
2946 792 3142 853 αὐτοὺς
3186 790 3285 843 καὶ
3318 789 3686 844 ἀναϐεϐιωκέ-

2108 898 2223 947 ναι,
2252 883 2720 955 προσπεποιῆσθαι
2748 883 2803 936 δὲ
2841 882 2962 937 καθ’
2995 881 3300 953 ὑπόκρισιν,
3334 880 3425 934 τὸν
3468 880 3687 949 φιλόσο-

2108 992 2209 1045 φον
2244 976 2520 1047 μετελθεῖν
2553 975 2685 1046 βίον.
2720 975 2905 1039 Οὕτως
2935 974 2993 1028 δέ
3033 991 3116 1038 τις
3148 975 3243 1028 καὶ
3269 974 3448 1036 πάσας
3495 971 3687 1036 ἁπλῶς

2109 1072 2282 1123 εἰπεῖν
2307 1069 2407 1133 τὰς
2435 1068 2544 1121 τῶν
2580 1067 2825 1122 παλαιῶν
2864 1066 3135 1121 διαϐάλλοι
3168 1066 3234 1120 ἂν
3266 1065 3528 1137 ἱστορίας,
3559 1064 3688 1119 ἀθε-

2108 1162 2216 1216 τῶν
2243 1162 2342 1233 τὴν
2382 1165 2441 1216 ἐν
2478 1164 2669 1225 αὑταῖς
2711 1161 2990 1232 ἀλήθειαν,
3026 1160 3121 1213 καὶ
3161 1162 3242 1222 εἰς
3279 1157 3589 1211 τούναντίον
3615 1156 3687 1209 τὰ

2107 1253 2413 1326 δηλούμενα
2436 1244 2895 1327 παραδεχόμενος.
2938 1251 3074 1304 Ἀλλ’
3101 1251 3177 1315 ὡς
3203 1251 3305 1304 οὑκ
3329 1249 3394 1304 ἀν
3415 1266 3499 1312 τις
3526 1249 3686 1319 ὀκνή-

2109 1363 2221 1400 σειε
2245 1347 2355 1400 τῶν
2391 1342 2450 1401 εῦ
2479 1345 2816 1418 φρονούντων
2850 1342 3135 1416 μαίνεσθαι
3159 1342 3251 1396 τὸν
3277 1342 3516 1395 τοιοῦτον
3550 1342 3686 1394 ἀπο-

2108 1438 2400 1509 φήνασθαι,
2428 1437 2572 1492 οὕτω
2601 1437 2695 1491 καὶ
2727 1438 2821 1491 ἐπὶ
2852 1436 2961 1490 τῶν
2992 1435 3087 1489 τοῦ
3124 1435 3381 1506 Σωτῆρος
3416 1433 3590 1501 λόγων
3620 1450 3682 1488 τε

2106 1535 2202 1587 καὶ
2255 1532 2627 1603 μαθημάτων,
2673 1530 2727 1584 εἰ
2760 1548 2843 1595 τις
2897 1528 3128 1601 τάληθὲς
3178 1527 3535 1599 διαστρέφων,
3582 1528 3685 1601 τὴν

2105 1626 2359 1679 ἐναντίαν
2399 1618 2481 1687 οἷς
2520 1622 2766 1675 ἐδίδασκε
2799 1621 3145 1695 περιϐάλλειν
3186 1618 3333 1690 αὐτῷ
3364 1620 3527 1684 δόξαν.
3557 1637 3684 1674 πει-

2110 1715 2268 1788 ρῷτο.
2313 1714 2458 1787 Πλὴν
2504 1713 2619 1769 ἀλλ’
2667 1714 2822 1787 ἐδόθη
2862 1715 2957 1769 καὶ
2995 1714 3154 1768 τοῦτο
3190 1715 3266 1777 ὡς
3306 1714 3364 1767 ὲν
3404 1714 3682 1782 ὑποθέσει,

2106 1809 2254 1872 ὅπως
2286 1807 2381 1861 καὶ
2412 1808 2477 1860 ὲκ
2507 1806 2842 1880 περιουσίας,
2873 1808 2967 1862 καὶ
3009 1808 3068 1859 ὲν
3094 1806 3279 1877 ἀτόπῳ
3312 1805 3683 1879 συγχωρήσει,

416 1891 605 1947 ducre.
655 1893 921 1951 Caeterum
970 1898 1157 1952 eadem
1187 1900 1399 1954 ratione
1427 1897 1740 1955 Grtecorum
1774 1914 1990 1971 quoque

2095 1900 2156 1953 τὸ
2181 1899 2485 1954 ἀσύστατον
2512 1898 2606 1952 τοῦ
2633 1898 2699 1950 δι’
2730 1899 2979 1963 ἐναντίας
3011 1897 3170 1967 λόγου
3201 1900 3365 1969 φανῇ.

416 1986 867 2056 philosophorum
920 1998 1214 2061 praecepta,
1243 2000 1297 2048 et
1323 1993 1670 2048 tolerantiam
1726 1993 1885 2061 vitaz,
1938 1994 2211 2065 planeque
2266 1986 2458 2048 eorum
2505 1995 2750 2046 omnium
2801 1992 3006 2061 scripta
3058 1989 3436 2060 unusquisque
3479 1990 3678 2061 poterit

417 2079 779 2143 calumniari.
818 2091 871 2137 et
918 2083 1136 2139 dicere:
1175 2085 1297 2139 illos
1334 2085 1554 2156 quidem
1623 2086 1693 2141 iis
1728 2101 1850 2157 qum
1911 2088 2266 2157 scripserint,
2306 2083 2587 2141 contraria
2641 2083 2699 2139 in
2748 2083 2932 2138 animo
2981 2082 3260 2147 habuisse,
3315 2082 3675 2137 contrariam-

413 2183 522 2240 que
550 2171 749 2226 rationi
778 2173 942 2227 vitam
984 2174 1226 2240 vixisse,
1278 2177 1573 2232 simulasse
1615 2184 1796 2231 autem
1840 2177 1997 2249 quasi
2038 2176 2142 2229 alia
2170 2175 2357 2230 induta
2387 2189 2645 2245 persona,
2704 2172 3143 2245 pbilosophicum
3184 2173 3287 2228 sibi
3342 2173 3469 2227 vita:
3497 2187 3675 2237 genus

413 2267 706 2336 placuisse.
753 2269 915 2341 118
963 2269 1053 2325 Sic
1084 2282 1264 2328 autem
1316 2287 1509 2329 omnes
1559 2287 1815 2343 quoque,
1850 2281 1911 2328 ut
1957 2271 2013 2327 in
2053 2286 2266 2328 summa
2296 2270 2500 2336 dicam,
2526 2278 2770 2327 veterum
2804 2269 3066 2324 historias
3091 2267 3413 2323 calumniari
3470 2267 3547 2322 sit
3587 2267 3671 2320 {a-

411 2364 537 2429 cile,
567 2371 621 2420 et
649 2366 864 2421 veritati
894 2382 1015 2436 qua:
1047 2368 1103 2421 in
1137 2367 1247 2423 illis
1277 2374 1365 2425 est
1413 2367 1702 2425 detrahere
1722 2410 1738 2435 ,
1789 2382 2020 2439 eamque
2056 2367 2263 2422 nullam
2291 2381 2413 2422 esse
2443 2364 2796 2427 contendere,
2830 2374 2885 2419 et
2917 2363 3153 2435 denique
3198 2364 3255 2418 in
3293 2363 3626 2418 contrarium
3651 2399 3675 2425 ,

410 2476 752 2532 quaecunque
804 2470 1026 2516 narrata
1080 2472 1241 2531 sunt,
1272 2472 1508 2523 vertere.
1549 2463 1659 2521 Sed
1701 2464 2157 2537 quemadmodum
2207 2463 2391 2517 nullus
2443 2463 2642 2517 mentis
2682 2474 2909 2531 compos
2943 2475 3092 2526 eum,
3157 2460 3253 2531 qui
3304 2458 3434 2513 talia
3481 2457 3670 2521 dicat,

412 2555 668 2607 insanum
716 2565 878 2624 alque
919 2562 1191 2610 amentem
1241 2556 1512 2613 allirmare
1564 2567 1854 2622 vereatur,
1911 2559 1986 2612 ita
2025 2560 2185 2614 etiam
2215 2556 2271 2611 in
2302 2555 2602 2611 Salvatoris
2629 2556 2804 2611 nostri
2862 2555 3207 2611 sermonibus
3245 2562 3411 2624 atque
3464 2566 3672 2623 prace-

416 2649 546 2719 ptis,
578 2650 627 2705 si
648 2650 775 2721 quis
799 2650 1085 2706 veritatem
1119 2658 1488 2723 contorquens
1521 2662 1684 2725 atque
1713 2661 2029 2724 pervertens
2049 2694 2065 2718 ,
2106 2653 2437 2710 contrariam
2476 2653 2545 2709 iis
2577 2668 2700 2724 qum
2728 2652 2915 2708 docuit
2944 2652 3032 2707 ille
3062 2651 3389 2706 sententiam
3442 2657 3678 2704 conetur

412 2742 714 2812 imponere,
746 2743 875 2799 huic
902 2759 1118 2815 quoque
1170 2760 1201 2799 a
1260 2746 1453 2811 nobis,
1504 2745 1559 2800 id
1602 2745 1749 2816 quod
1785 2745 1982 2801 falsum
2018 2755 2125 2811 est,
2157 2745 2495 2802 illustrandae
2524 2745 2771 2801 veritatis
2832 2743 3027 2815 gratia,
3060 2754 3121 2796 ut
3166 2742 3223 2796 in
3282 2740 3673 2811 disputationi-

411 2838 518 2894 bus
546 2838 661 2894 ﬁeri
693 2841 849 2904 solet,
882 2856 1207 2897 concessum
1231 2849 1349 2897 esto
1381 2861 1395 2898 :
1435 2849 1494 2897 ut
1552 2859 1676 2898 cum
1711 2842 2022 2899 dederimus
2062 2843 2118 2898 id
2138 2842 2284 2916 quod
2321 2843 2472 2899 dictu
2521 2842 2822 2899 absurdum
2849 2849 2956 2906 est,
2980 2839 3266 2895 contrariae
3296 2838 3526 2894 rationis
3580 2837 3669 2891 in-

412 2935 723 2990 constantia
746 2945 1023 2991 cernatur.

483 3024 620 3079 Cum
648 3039 779 3096 ergo
807 3040 932 3082 eum
966 3027 1058 3096 qui
1089 3027 1168 3082 sic
1206 3027 1569 3084 calumnietur
1604 3028 1738 3085 satis
1771 3026 1988 3084 abunde

2098 3028 2127 3041 “
2176 3020 2564 3092 Ἕληλεγμένου
2609 3021 2743 3091 δῆτα
2791 3018 3001 3085 τούτου,
3049 3017 3212 3091 φέρεν
3264 3018 3675 3091 ἀναδραμόντες

411 3116 944 3186 reprehenderimus,
971 3126 1184 3190 tempus
1214 3120 1326 3190 jam
1375 3129 1480 3185 est,
1518 3130 1576 3175 ut
1606 3122 1670 3176 ad
1704 3137 1987 3179 sacrorum

2095 3116 2185 3169 ἐπὶ
2223 3115 2320 3187 τὴν
2353 3114 2462 3168 τῶν
2511 3114 2670 3185 ἱερῶν
2711 3112 2943 3184 Γραφῶν
2974 3111 3246 3184 ἀλήθειαν,
3280 3110 3341 3164 τὸ
3381 3109 3514 3182 ἦθος
3558 3114 3669 3169 τῶν

412 3209 678 3263 librorum
711 3211 994 3266 veritatem
1026 3227 1395 3277 recurramus,
1422 3223 1476 3269 et
1518 3215 1573 3268 in
1608 3215 1716 3270 illis
1740 3216 1986 3286 discipu-

410 3304 591 3357 lorum
625 3300 755 3358 Iesu
786 3318 967 3358 mores
995 3306 1445 3375 contemplemur.
1479 3305 1613 3373 Quis
1645 3307 1811 3378 igitur
1833 3324 1987 3363 men-

409 3395 485 3450 tis
519 3395 752 3452 sanitate
800 3396 1096 3467 praeditus,
1149 3414 1256 3453 non
1292 3398 1361 3454 ab
1412 3398 1521 3454 illis
1551 3401 1686 3469 ipsis
1736 3401 1988 3471 protinus

412 3495 820 3558 argumentans,
849 3490 993 3543 omni
1012 3489 1118 3545 lide
1134 3490 1328 3563 dignos
1358 3493 1481 3547 illos
1515 3492 1879 3563 judicavcrit?
1907 3494 1989 3549 νία-

410 3593 508 3635 ros
540 3579 756 3649 absque
804 3582 1175 3638 controversia
1222 3581 1521 3652 ignobiles,
1579 3583 1987 3654 litterarumque

412 3671 634 3743 ignaros
663 3672 1026 3745 loquendique
1056 3675 1361 3745 imperitos,
1381 3683 1437 3731 at
1458 3675 1513 3729 in
1545 3684 1747 3731 sancta:
1775 3692 1839 3731 ac
1863 3678 1987 3748 phi-

412 3764 707 3835 losophica:
749 3764 1012 3821 doctrina:
1066 3781 1307 3822 amorem
1355 3781 1706 3837 progressos,
1757 3776 1810 3822 et
1848 3778 1988 3824 stre-

410 3872 575 3912 nuam
627 3856 1064 3926 laboriosamque
1102 3858 1267 3911 vitam
1299 3859 1613 3929 amplexos,
1664 3874 1829 3929 quam
1870 3859 1988 3930 qni-

410 3950 534 4004 dem
566 3949 765 4013 inedia,
790 3958 844 4005 et
871 3950 1201 4005 abstinentia
1231 3960 1345 4004 tum
1374 3965 1404 4005 a
1436 3951 1587 4014 vino,
1623 3958 1736 4006 tum
1775 3965 1807 4005 a
1860 3966 1986 4005 car-

410 4040 573 4094 nibus
594 4081 607 4101 ,
653 4040 917 4108 plurimos
952 4039 1079 4094 item
1112 4039 1233 4095 aliis
1265 4040 1650 4097 afﬂictionibus
1700 4041 1983 4113 corporis,

410 4140 574 4201 atque
611 4129 950 4184 orationibus
1011 4130 1607 4202 supplicationibusque
1664 4131 1731 4188 ad
1772 4133 1938 4187 Deum
1965 4172 1982 4194 ,

410 4236 477 4275 ac
527 4222 700 4275 multo
737 4221 919 4291 prius,
964 4236 1177 4276 summa
1229 4226 1583 4293 temperantia
1641 4235 1696 4281 et
1732 4226 1985 4280 castitate

408 4316 690 4384 corporis,
742 4314 949 4383 pariter
981 4321 1143 4385 atque
1189 4315 1385 4371 animae
1431 4318 1772 4372 correxerint
1820 4326 1985 4387 atque

408 4407 772 4477 perfecerint?
799 4408 924 4477 quis
961 4422 1072 4461 non
1127 4407 1290 4478 igitur
1330 4409 1547 4463 illorum
1587 4408 1985 4479 philosophiam

2094 3206 2190 3260 τοῦ
2231 3205 2405 3278 Ἰησοῦ
2451 3205 2706 3277 μαθητῶν
2754 3202 3095 3274 θεασώμεθα.
3142 3202 3376 3258 Αὑτόθεν
3430 3205 3527 3274 μὲν
3573 3201 3667 3261 οὗν

2094 3300 2160 3354 ἀν
2196 3317 2281 3363 τις
2324 3293 2383 3351 εὖ
2428 3296 2639 3369 φρονῶν
2682 3294 2799 3359 πῶς
2839 3294 2899 3347 οὐ
2934 3293 3114 3364 πάσης
3163 3293 3433 3365 ἀποδοχῆς
3470 3296 3667 3360 αὐτοὺς

2094 3392 2277 3459 ἀξίους
2322 3391 2583 3463 κρίνειεν;
2624 3388 2854 3458 Ἀνδρας
2896 3387 2997 3458 μὲν
3029 3385 3263 3450 εὐτελεῖς
3303 3387 3668 3461 ὁμολογουμέ-

2093 3502 2220 3551 νως,
2249 3483 2343 3538 καὶ
2369 3483 2459 3535 τὸν
2493 3481 2649 3549 λόγον
2683 3478 2916 3544 ἰδιώτας,
2941 3478 3197 3543 εὐσεϐοῦς
3229 3478 3286 3532 δὲ
3319 3480 3412 3533 καὶ
3451 3480 3665 3552 φιλοσό-

2094 3594 2195 3647 φου
2222 3572 2563 3636 διδασκαλίας
2597 3573 2675 3635 εἰς
2714 3571 2891 3643 ἔρωτα
2918 3569 3353 3641 συμϐεϐηκότας,
3384 3574 3477 3625 καὶ
3510 3572 3667 3646 στέρ-

2095 3668 2287 3735 ξαντας
2316 3668 2428 3739 βίον
2458 3665 2784 3738 καρτερικὸν
2811 3664 2907 3718 καὶ
2939 3664 3216 3728 ἐπίπονον,
3256 3664 3345 3717 διὰ
3378 3665 3665 3737 νηστειῶν,

2090 3761 2236 3814 οἴνου
2264 3778 2323 3813 τε
2349 3761 2442 3813 καὶ
2475 3759 2651 3830 κρεῶν
2684 3756 2921 3828 ἀποχῆς,
2957 3758 3052 3811 καὶ
3085 3756 3342 3827 πλείστης
3382 3756 3546 3829 ἀλλης
3573 3775 3668 3811 τα-

2091 3849 2400 3915 πεινώσεως
2421 3849 2513 3905 τοῦ
2545 3849 2815 3920 σώματος,
2850 3848 2939 3904 διά
2968 3865 3027 3901 τε
3053 3848 3227 3920 εὐχῶν
3252 3848 3346 3901 καὶ
3376 3848 3668 3920 ἱκετηριῶν

2089 3943 2198 3997 τῶν
2220 3944 2358 4013 πρὸς
2385 3943 2476 3997 τὸν
2500 3942 2657 4008 Θεὸν,
2690 3941 2785 3996 καὶ
2804 3940 2938 3993 πολύ
2968 3939 3233 4012 πρότερον
3261 3939 3329 3992 δι’
3357 3940 3532 4012 ἄκρας
3568 3956 3670 3994 σω·

2090 4036 2360 4107 φροσύνης
2381 4034 2473 4090 καὶ
2506 4034 2724 4105 ἁγνείας
2759 4033 3005 4104 σώματος
3043 4032 3178 4103 ὁμοῦ
3208 4032 3302 4085 καὶ
3328 4030 3506 4103 ψυχῆς
3538 4048 3666 4086 κατ·

2090 4126 2438 4199 ορθούμενον.
2474 4126 2569 4189 Τίς
2597 4126 2643 4178 δ’
2668 4120 2761 4178 οῦν
2782 4125 2882 4177 οὐκ
2911 4123 2978 4178 ἂν
2999 4124 3193 4186 αὑτοὺς
3248 4122 3564 4193 θαυμάσειε,
3593 4121 3664 4177 δι’

2091 4215 2395 4288 ὑπερϐολὴν
2419 4215 2737 4285 φιλοσοφίας
2765 4216 2859 4269 καὶ
2880 4216 3000 4277 ταῖς
3022 4212 3162 4267 κατά
3192 4212 3355 4283 νόμον
3388 4228 3667 4283 συγκεχω-

2094 4305 2358 4375 ρημέναις
2402 4307 2670 4375 γαμεταῖς
2714 4303 3209 4374 ἀποτεταγμένους,
3254 4303 3348 4357 καὶ
3391 4304 3516 4377 μήθ’
3558 4306 3664 4360 ὑπὸ

2090 4398 2188 4468 τῆς
2236 4394 2473 4465 φυσικῆς
2505 4394 2697 4465 ἡδονῆς
2745 4393 3229 4458 καθελκυσθέντας,
3274 4396 3412 4466 μήτε
3459 4396 3665 4450 παίδων

409 4515 577 4571 supra
625 4500 847 4555 modum
898 4500 1216 4566 admiretur,
1250 4501 1342 4571 qui
1369 4510 1424 4557 ct
1457 4518 1486 4555 a
1518 4502 1773 4573 legitimis
1808 4505 1988 4558 uxori-

2095 4487 2184 4539 καὶ
2212 4486 2449 4554 ἐγγόνων
2478 4485 2743 4556 ἐπιθυμίᾳ
2771 4484 3169 4551 δουλωθέντας;
3218 4487 3345 4538 ἐπεὶ
3381 4486 3514 4557 μηδὲ
3540 4488 3663 4559 θνη-

409 4591 517 4648 bus
544 4607 603 4646 se
634 4591 980 4657 abduxerim,
1016 4606 1191 4662 neque
1229 4607 1258 4645 a
1292 4594 1567 4663 voluptate
1600 4595 1792 4649 saltem
1823 4601 1985 4650 natu-

406 4687 507 4741 rali
539 4685 747 4741 deliniti
765 4686 895 4747 sint,
910 4702 1086 4755 neque
1105 4687 1335 4742 ﬁliorum
1359 4702 1421 4742 ac
1440 4696 1695 4758 nepotum
1712 4687 1985 4743 desiderio

408 4780 571 4834 fracti
600 4788 654 4834 et
687 4779 938 4835 subacti?
967 4778 1123 4851 quod,
1156 4780 1370 4851 quidem
1417 4782 1523 4835 illis
1576 4780 1695 4835 ideo
1725 4780 1983 4851 contigit,

408 4871 552 4940 quod
589 4887 697 4927 non
728 4873 989 4928 mortales
1031 4883 1295 4944 nepotes,
1341 4874 1438 4928 sed
1485 4873 1823 4927 immortales
1877 4874 1985 4928 sibi

405 4957 786 5027 expetiverint.
827 4956 1003 5012 Mores
1053 4968 1233 5014 autem
1280 4956 1597 5012 earumdem
1628 4971 1659 5009 a
1689 4958 1986 5026 cupiditate

407 5054 587 5108 omnis
615 5052 833 5123 generis
858 5051 1101 5121 pecunizc
1133 5051 1340 5105 alienos
1361 5089 1376 5113 ,
1418 5050 1542 5119 quis
1577 5064 1685 5104 non
1723 5051 1985 5120 obstupe-

407 5136 560 5192 seat?
585 5137 678 5206 qui
703 5136 809 5190 hoc
840 5151 1057 5206 quoque
1100 5135 1393 5201 coniecerit
1430 5150 1497 5189 ex
1547 5149 1642 5198 eo,
1695 5135 1843 5206 quod
1876 5151 1985 5192 non

408 5221 668 5291 fugerint,
710 5219 807 5275 sed
841 5221 1014 5276 secuti
1053 5221 1163 5273 sint
1192 5216 1607 5286 Pneccptorem,
1635 5220 1729 5289 qui
1771 5220 1920 5290 ipsos
1954 5234 1987 5273 a

405 5312 740 5383 possidendo
756 5327 891 5367 auro
909 5319 1072 5381 atque
1093 5317 1320 5380 argento
1339 5309 1685 5378 delerruerit,
1705 5313 1987 5385 legemque

408 5407 608 5470 llxerit,
624 5414 685 5459 ut
707 5421 775 5460 ne
789 5419 964 5474 usque
981 5404 1047 5458 ad
1066 5402 1202 5457 duas
1221 5401 1442 5473 quidem
1471 5403 1689 5460 tunicas
1705 5419 1818 5459 rem
1831 5420 1984 5460 suam

406 5506 709 5567 augerent:
747 5498 890 5566 quod
920 5495 1141 5568 quidem
1174 5495 1258 5551 vel
1291 5494 1499 5550 auditui
1526 5496 1867 5552 intolerabile
1892 5497 1985 5552 alii

404 5590 642 5659 cuipiam
698 5590 964 5653 videatur,
996 5589 1067 5645 ob
1111 5588 1433 5659 gravitatem
1479 5588 1734 5659 imperii:
1764 5595 1821 5643 at
1861 5589 2005 5644 illos.

404 5686 571 5739 etiam
605 5682 781 5751 reipsa
805 5683 1163 5751 eomplevisse
1192 5681 1336 5752 quod
1368 5682 1574 5738 dictum
1607 5690 1690 5737 est
1733 5688 1978 5737 constat:

406 5789 538 5845 ergo
567 5772 800 5849 qundam
850 5782 1091 5846 tempore
1141 5789 1265 5831 cum
1294 5775 1515 5845 quidam
1559 5775 1788 5830 claudus
1820 5790 1850 5828 ει
1883 5773 1983 5829 Pc-

477 5898 521 5929 ⁶⁸⁸
551 5896 717 5951 Exod.
748 5910 860 5960 xxi,
889 5891 1039 5946 3-15.

2084 4577 2195 4632 τῶν
2224 4576 2484 4645 ἐγγόνων,
2511 4576 2625 4629 ἀλλ’
2653 4576 2935 4630 ἀθανάτων
2962 4576 3301 4649 ὠρέχθησαν.
3338 4576 3413 4631 Τὸ
3452 4578 3508 4632 δὲ
3535 4580 3664 4650 ἀφι-

2084 4671 2429 4742 λοχρηματον
2457 4668 2636 4723 αὐτῶν
2659 4669 2752 4722 τοῦ
2782 4670 2981 4741 τρόπου
3005 4669 3121 4734 πῶς
3146 4671 3245 4726 οὐκ
3267 4672 3332 4726 ἀν
3356 4688 3439 4736 τις
3470 4672 3665 4727 ἐκπλα-

2084 4761 2208 4829 γείη
2236 4776 2250 4825 ;
2282 4760 2377 4812 καὶ
2414 4758 2569 4812 τοῦτο
2612 4759 3026 4831 τεκμηράμενος
3059 4762 3125 4813 ἐκ
3162 4759 3253 4813 τοῦ
3305 4759 3379 4831 μὴ
3418 4760 3661 4832 φεύγειν,

2086 4852 2203 4905 ἀλλ’
2236 4850 2587 4905 ἀσπάσασθαι
2638 4851 2979 4917 διδάσκαλον,
3025 4851 3225 4923 χρυσοῦ
3277 4853 3368 4906 καὶ
3419 4854 3660 4928 ἀργύρου

2086 4944 2184 5016 τὴν
2226 4944 2417 5015 κτῆσιν
2463 4944 2895 5015 ἀπαγορεύοντα,
2944 4945 3037 4998 καὶ
3085 4944 3476 5015 νομοθετοῦντα
3521 4945 3660 5019 μηδὲ

2090 5037 2251 5109 μέχρι
2300 5037 2553 5108 δευτέρου
2599 5036 2821 5107 χιτῶνος
2861 5034 3044 5100 αὔξειν
3074 5036 3171 5108 τὴν
3213 5036 3482 5107 ὓπαρξιν
3520 5039 3662 5112 ὅπερ

2086 5130 2227 5202 τάχα
2256 5148 2339 5194 τις
2366 5129 2604 5192 ἀκούσας
2629 5128 2909 5201 παρῄτητο
2930 5128 2994 5184 ἂν
3021 5129 3082 5183 τὸ
3108 5130 3250 5201 βαρὺ
3276 5130 3370 5183 τοῦ
3401 5129 3663 5203 πράγμα-

2085 5241 2177 5287 τος
2198 5241 2213 5254 ·
2240 5226 2289 5277 οἱ
2324 5223 2384 5277 δὲ
2413 5222 2505 5276 καὶ
2532 5222 2692 5292 ἔργον
2727 5224 3085 5294 πεποιηκότες
3128 5224 3219 5277 τὸν
3257 5224 3412 5292 λόγον
3448 5222 3664 5277 ἀποδεί-

2087 5334 2328 5370 κνυνται.
2353 5316 2681 5385 Αίτήσαντος
2706 5314 2832 5383 γοῦν
2853 5333 2982 5369 ποτε
3014 5317 3140 5380 τοὺς
3164 5317 3310 5388 ἀμφὶ¹
3343 5316 3434 5370 τὸν
3455 5316 3661 5388 Πέτρον

2088 5407 2262 5479 χωλοῦ
2289 5424 2436 5470 τινος
2484 5401 2658 5478 (οὗτος
2673 5406 2717 5459 δ’
2742 5401 2810 5478 ῆν
2831 5406 2938 5461 τῶν
2955 5407 3020 5462 δι’
3044 5408 3280 5479 ἐσχάτην
3308 5406 3541 5478 ἀπορίαν
3559 5406 3659 5471 τάς

2085 5498 2292 5571 τροφὰς
2321 5499 2716 5571 μεταιτούντων
2735 5500 2776 5572 ),
2807 5500 2907 5554 οὑκ
2941 5499 3080 5570 ἔχων
3118 5501 3148 5553 ὁ
3176 5499 3382 5569 Πέτρος
3414 5500 3443 5552 ὅ
3473 5517 3526 5553 τι
3557 5498 3654 5569 δῷ,

2083 5590 2351 5660 ὡμολόγει
2374 5591 2555 5663 πάσης
2572 5591 2855 5663 ὑπάρξεως
2871 5591 3092 5665 χρυσίου
3110 5592 3203 5643 καὶ
3218 5590 3480 5662 ἀργυρίου
3489 5589 3659 5664 ⁸καθαι-

2087 5682 2288 5754 ρεύειν,
2323 5683 2527 5753 φήσας·
2558 5701 2577 5734 ι
2600 5682 2886 5754 Ἀργύριον
2916 5684 3009 5737 καὶ
3039 5682 3262 5753 χρυσίον
3293 5681 3392 5752 οὐχ
3421 5680 3656 5755 ὑπάρχει

2087 5792 2198 5843 μοι,
2217 5773 2331 5827 δ’δὲ
2364 5773 2491 5845 ἔχω,
2514 5773 2667 5829 τοῦτό
2684 5792 2764 5828 σοι
2783 5774 2972 5843 δίδωμι
2994 5791 3003 5801 ·
3037 5774 3093 5826 ὲν
3116 5770 3193 5845 τῷ
3220 5771 3443 5844 ὀνόματι
3481 5770 3655 5845 Ἰησοῦ
