4126 6440
474 438 585 493 215

1396 421 2059 482 DEMONSTRATIONIS
2095 415 2556 476 EVANGELICIE
2591 414 2721 472 LIB.
2756 412 2853 471 Ill.

3620 406 3723 463 2H»

476 549 718 627 Χριστοῦ
776 548 981 621 ἔγειραι
1029 546 1124 601 καὶ
1174 543 1487 623 περιπάτει.
1532 562 1557 595 ι
1624 541 1933 615 Σκυθρωπὰ
1993 542 2050 595 δὲ

2157 549 2257 604 ιι·ο,
2281 546 2335 595 et
2366 539 2435 595 ab
2464 536 2533 592 iis
2568 536 2662 606 qui
2691 535 2897 589 circum
2926 517 3146 586 Petrum
3174 531 3332 582 erant
3369 523 3515 578 aliud
3538 532 3725 594 postu-

477 649 666 709 αὐτοῖς
697 640 1150 715 προαγγέλλοντος
1179 636 1277 692 τοῦ
1304 636 1654 703 Δῶασκάλου,
1695 636 2051 707 προσέχοντες

478 739 548 792 δι’
585 731 660 791 ὧν
683 736 817 808 πρὸς
857 734 1049 796 αὐτοὺς
1088 731 1270 799 ἔλεγεν
1295 747 1308 760 ·
1364 748 1385 783 ι
1420 729 1509 783 Ἐν
1538 728 1617 799 τῷ
1654 728 1844 798 κόσμῳ
1875 726 2052 795 θλίψιν

482 831 638 902 ἔχετε
656 846 702 879 ο»
728 828 821 882 καὶ
850 825 1009 881 πάλιν
1028 841 1045 857 σ
1083 822 1390 878 (Κλαύσετε
1415 821 1510 875 καὶ
1543 820 1841 892 θρηνήσετε
1873 819 2051 889 ὑμεῖς,

473 924 503 975 ὁ
538 904 594 974 δὲ
623 920 821 989 κόσμος
866 918 1186 988 χαρήσεται,
1211 933 1229 965 ι
1273 912 1394 976 πῶς
1437 912 1537 966 οὐκ
1575 911 1728 965 αὐτοὶ
1778 910 1877 981 μὲν
1903 908 2053 980 δῆλοι

474 1016 565 1069 τὸν
600 1011 817 1083 τρόπον,
844 1011 924 1063 ὅτι
950 1009 1015 1080 δὴ
1049 1007 1265 1081 στερροί
1287 1022 1432 1069 τινες
1455 1006 1551 1059 καὶ
1580 1003 1762 1075 βαθεῖς
1787 1003 2050 1073 ὑπῆρχον,

479 1106 550 1178 μὴ
605 1102 898 1174 φεύγοντες
939 1100 1009 1156 τὰ
1057 1101 1160 1171 τῆς
1215 1098 1394 1170 ψυχῆς
1451 1096 1765 1168 γυμνάσια,
1808 1094 1942 1165 μηδὲ
1984 1092 2052 1148 τὰ

473 1196 607 1268 πρὸς
657 1195 850 1267 ἡδονὴν
899 1191 1350 1265 μεταδιώκοντες;
1392 1189 1486 1243 καὶ
1536 1189 1564 1240 6
1607 1185 1921 1249 διδάσκαλος
1972 1185 2050 1250 δὲ,

471 1288 548 1339 ὅτι
609 1287 684 1357 μὴ
730 1286 800 1339 δι’
832 1285 1050 1356 ἀπάτης
1104 1282 1310 1351 θέλγων
1366 1281 1565 1345 αὐτοὺς
1617 1280 1714 1334 καὶ
1764 1278 1835 1332 τὰ
1878 1280 2056 1333 οἰκεῖα

474 1379 869 1450 προϊσχόμενος
920 1375 1269 1447 ἑξῳκειοῦτο,
1316 1373 1582 1445 ἐλευθέρῳ
1621 1372 1680 1425 δὲ
1726 1374 1824 1427 καὶ
1864 1370 2056 1442 ἀληθεῖ

474 1468 619 1539 λόγῳ
663 1468 733 1523 τὰ
783 1467 1172 1540 συμϐησόμενα
1228 1465 1518 1531 θεσπίζων,
1566 1463 1665 1534 τὴν
1706 1462 1914 1534 αἵρεσιν
1953 1461 2056 1531 τῆς

476 1563 597 1615 κατ’
614 1559 778 1614 αὑτοῦ
801 1560 876 1630 (1)
896 1558 1167 1622 πολιτείας
1180 1558 1259 1622 εἰς
1278 1558 1474 1620 αὐτοὺς
1496 1553 1760 1607 ἐνετίθετο
1782 1571 1797 1619 ;
1821 1553 2057 1608 Τοιαῦτα

477 1653 535 1705 δὲ
564 1647 637 1723 ἦν
666 1652 762 1706 καὶ
785 1651 853 1705 τὰ
878 1651 1003 1722 περ)⁴
1026 1649 1133 1704 τῶν
1160 1649 1456 1722 μελλόντων
1483 1646 1571 1700 διὰ
1601 1645 1662 1698 τὸ
1689 1644 1859 1716 ὄνομα
1890 1642 2057 1698 αὑτοῦ

480 1742 859 1814 συμϐήσεσθαι
899 1742 1115 1806 αὐτοῖς,
1163 1742 1221 1794 ὲν
1261 1735 1342 1803 οἷς
1376 1737 1656 1812 προλέγων
1690 1736 2057 1808 ἐμαρτύρατο,

479 1834 561 1886 ὅτι
592 1834 688 1886 καὶ
719 1833 813 1884 ἐπὶ
844 1830 1138 1902 ἡγεμονίας
1181 1829 1532 1900 ἀχθήσονται,
1567 1826 1664 1878 καὶ
1700 1824 1862 1895 μέχρι
1899 1821 2057 1893 βασι-

2149 634 2289 687 laret
2317 632 2428 705 (hic
2458 645 2621 701 porro
2652 642 2795 683 unus
2822 634 2942 682 erat
2969 636 3178 687 eorum,
3205 618 3297 691 qul
3328 617 3398 672 ob
3428 622 3726 672 extremam

2149 721 2388 793 inopiam
2431 724 2635 777 victum
2684 714 3090 786 mendicabant)
3117 724 3243 767 ‘non
3292 710 3500 764 habens
3531 707 3727 762 Petrus

2150 814 2282 884 quid
2331 815 2525 879 daret,
2581 810 2869 867 confessus
2925 814 3053 873 est,
3108 803 3179 859 ab
3233 801 3382 857 omni
3419 816 3479 855 se
3509 813 3726 869 posses-

2151 907 2306 963 sione
2352 904 2473 960 auri
2525 911 2687 974 atque
2730 899 2941 972 argenti
3003 896 3325 957 abhorrere,
3391 891 3478 947 his
3510 890 3727 961 quidem

2148 996 2378 1052 verbis:
2426 1012 2445 1045 ι
2504 993 2802 1063 Argentum
2865 994 2919 1045 et
2973 1000 3166 1042 aurum
3231 998 3342 1038 non
3401 988 3487 1038 est
3559 977 3728 1063 mihi,

2156 1085 2316 1156 119
2355 1083 2502 1155 quod
2547 1052 2726 1138 autem
2769 1080 2965 1147 habeo,
3004 1080 3110 1133 hoc
3130 1077 3226 1133 tibi
3258 1077 3361 1141 do;
3410 1074 3466 1127 in
3509 1052 3729 1127 noi'nine

2148 1172 2278 1229 Jesu
2297 1172 2499 1228 Christi
2531 1186 2692 1241 surge
2722 1178 2775 1225 et
2799 1169 3015 1223 ambula
3032 1169 3098 1223 ⁸⁸.
3127 1186 3145 1218 ι
3164 1166 3300 1221 Cum
3321 1179 3448 1219 vero
3470 1163 3549 1217 illi
3579 1177 3608 1216 a
3630 1174 3730 1218 suo

2150 1266 2492 1337 Prazceptore
2516 1266 2695 1321 tristia
2728 1264 2918 1319 auditu
2960 1263 3322 1333 perciperent,
3371 1260 3416 1314 si
3453 1257 3617 1313 modo
3648 1264 3730 1311 at-

2151 1359 2445 1416 tendebant
2467 1374 2587 1430 qua:
2614 1359 2681 1412 ad
2719 1357 2867 1427 ipsos
2895 1355 3122 1419 diceret,
3148 1353 3235 1407 (In
3254 1353 3456 1407 mundo
3483 1351 3731 1407 atilictio-

2150 1462 2278 1503 nem
2307 1449 2597 1505 habebitis.
2616 1468 2634 1501 ι
2659 1446 2727 1501 Ει
2759 1460 2953 1501 rursus
2978 1441 3322 1514 :cLugebitis
3351 1454 3403 1498 et
3441 1440 3732 1515 plorabitis

2150 1554 2271 1605 vos,
2303 1539 2539 1597 mundus
2566 1544 2746 1595 autem
2786 1536 3043 1610 gaudebit
3076 1555 3088 1589 :
3120 1536 3167 1567 ⁷ο
3189 1554 3207 1586 ι
3245 1550 3426 1589 nonne
3468 1534 3539 1589 de
3564 1533 3731 1589 animi

2156 1633 2243 1689 sui
2286 1633 2533 1688 moribus
2554 1632 2714 1702 plane
2758 1631 3113 1688 indicabant?
3141 1629 3287 1700 quod
3313 1628 3568 1684 videlicet
3597 1627 3734 1682 soli-

2155 1723 2297 1780 diori
2319 1724 2553 1795 quadam
2574 1723 2860 1795 altiorique
2882 1729 3075 1778 natura
3095 1729 3433 1787 constarent,
3462 1736 3591 1776 cum
3609 1720 3732 1777 ani-

2155 1818 2233 1873 mi
2261 1818 2481 1874 labores
2525 1832 2640 1873 non
2673 1817 2945 1889 fugerent,
2975 1831 3152 1887 neque
3184 1816 3512 1886 voluptatem
3548 1829 3733 1885 persee

481 1925 618 1978 λέων
650 1923 942 1994 φθάσουσι,
976 1923 1070 1976 καὶ
1103 1920 1361 1984 παντοίας
1399 1915 1731 1988 ὑπομενοῦσι
1763 1912 2054 1986 τιμωρίας,

2157 1921 2475 1982 querentur,
2510 1911 2765 1982 quodque
2795 1912 3039 1982 ipsorum
3082 1912 3341 1982 magister
3364 1925 3474 1964 non
3506 1907 3734 1963 fraudu-

479 2017 548 2070 δι’
581 2016 734 2070 οὐδὲν
764 2016 861 2087 μὲν
895 2015 1115 2085 φαῦλον,
1151 2014 1270 2069 οὐδὲ
1297 2012 1362 2065 δι’
1398 2011 1589 2082 ἑτέραν
1621 2007 1838 2075 εὔλογον
1855 2004 2054 2069 αἰτίαν,

479 2109 613 2163 αὐτὸ
643 2109 701 2162 δὲ
730 2106 889 2161 τοῦτο
920 2107 1039 2160 ὅλον
1066 2105 1154 2159 διὰ
1180 2105 1242 2158 τὸ
1269 2104 1438 2174 ὄνομα
1462 2099 1651 2155 αὑτοῦ.
1691 2101 1756 2153 "0
1783 2098 1878 2152 καὶ
1912 2096 2057 2149 ἔστιν

480 2203 562 2265 εἰς
608 2199 768 2272 δεῦρο
810 2198 1145 2273 θεωροῦντας
1188 2195 1600 2268 ένεργούμενον,
1647 2189 2060 2259 καταπλαγῆναι

479 2294 578 2366 τὴν
604 2293 904 2364 πρόρρησιν
923 2307 937 2320 ·
973 2292 1007 2361 ἡ
1033 2289 1142 2360 γὰρ
1170 2286 1265 2341 τοῦ
1297 2283 1472 2355 Ἰησοῦ
1502 2283 1767 2353 ὀνόματος
1797 2278 2058 2351 ὁμολογία

480 2387 608 2448 τοὺς
636 2384 840 2455 θυμοὺς
902 2382 1090 2435 εἴωθεν
1140 2378 1381 2433 ἐκκαίειν
1425 2375 1535 2430 τῶν
1581 2372 1878 2446 ἀρχόντων.
1935 2371 2057 2424 Κᾶν

489 2478 677 2549 μηδενὶ
724 2474 832 2546 γὰρ
870 2472 1071 2544 φαῦλον
1181 2467 1566 2540 πεπραγμένον
1597 2464 1677 2535 τῷ
1707 2463 1798 2517 τὸν
1822 2461 2057 2535 Χριστὸν

484 2562 866 2635 ὁμολογοῦντι,
915 2561 1234 2626 κολάζουσιν
1273 2558 1474 2629 ὁμοίως
1515 2556 1846 2626 αἰκιζόμενοι
1877 2554 1966 2608 διὰ
1995 2553 2058 2606 τὸ

483 2657 653 2727 ὄνομα
678 2652 864 2719 αὐτοῦ,
892 2654 966 2717 ὡς
996 2653 1209 2707 πάντων
1235 2648 1599 2722 ἁνοσιουργῶν
1621 2647 2053 2720 χαλεπωτέρους

482 2749 530 2800 εἰ
563 2746 607 2799 δ’
631 2743 949 2815 ὲξομόσαιτό
978 2760 1062 2806 τις
1099 2742 1198 2813 τὴν
1230 2739 1624 2812 προσηγορίαν,
1663 2739 1757 2791 καί
1792 2735 2053 2807 ἀρνηθείη

486 2836 559 2907 μὴ
592 2831 729 2889 εῖναι
754 2833 864 2887 τῶν
885 2830 1122 2904 Χριστοῦ
1161 2830 1439 2901 μαθητῶν,
1469 2829 1689 2896 ἀφεῖται
1720 2825 2055 2898 παραχρῆμα

480 2924 782 2996 ἐλεύθερος,
822 2922 926 2977 κᾶν
962 2922 1174 2993 μυρίοις
1200 2918 1380 2990 ἔνοχος
1406 2918 1694 2989 ἁλίσκηται
1727 2916 2055 2988 πλημμελή-

485 3036 636 3091 μασι.

2153 2004 2300 2059 lente
2327 2019 2423 2060 eos
2456 2004 2797 2073 demulceus,
2824 2014 2919 2060 aut
2942 2022 3031 2063 res
3049 2022 3178 2064 suas
3199 2006 3280 2064 eis
3301 2014 3588 2061 ostentans
3623 2004 3735 2059 sibi

2154 2094 2261 2165 ipsi
2293 2094 2419 2151 illos
2455 2094 2798 2165 adiungeret,
2833 2096 2931 2152 sed
2960 2097 3199 2169 ingenua
3222 2111 3460 2167 veraque
3485 2095 3735 2151 oratione

2155 2202 2277 2258 quae
2297 2196 2555 2242 eventura
2577 2196 2731 2243 erant
2749 2202 2975 2255 canens,
3004 2204 3118 2244 suae
3138 2188 3450 2260 reipublicaa
3470 2190 3736 2243 rationem

2159 2287 2323 2349 atque
2348 2278 2710 2349 propositum,
2739 2280 2795 2334 in
2824 2281 3024 2337 animis
3044 2281 3260 2336 illorum
3282 2280 3562 2351 inﬁgeret?
3582 2279 3738 2334 Talia

2160 2373 2291 2426 item
2323 2380 2481 2427 erant
2507 2388 2631 2442 quae
2670 2382 2889 2445 propter
2914 2389 3114 2430 nomen
3142 2388 3301 2429 suum
3330 2386 3593 2444 passuros
3612 2374 3739 2430 illos

2161 2461 2511 2530 prtedicabat,
2548 2461 2889 2532 signiﬁcans,
2923 2465 3071 2534 quod
3108 2463 3177 2518 ad
3206 2462 3467 2534 praesides
3503 2461 3739 2517 ducendi

2161 2560 2366 2621 essent,
2417 2553 2565 2623 quod
2597 2564 2722 2610 ante
2766 2571 2923 2628 reges
2962 2554 3214 2617 sistendi,
3241 2554 3388 2624 quod
3431 2553 3610 2609 omnis
3644 2569 3741 2624 ge-

2162 2644 2312 2700 neris
2349 2658 2541 2713 poenas
2578 2642 2839 2710 subituri,
2867 2661 2979 2701 non
3007 2644 3081 2699 ob
3108 2644 3280 2698 levem
3313 2657 3432 2699 rem
3475 2641 3737 2712 aliquam,

2157 2750 2335 2805 neque
2363 2735 2434 2791 ob
2476 2734 2644 2790 ullam
2669 2735 3006 2806 probabilem
3045 2750 3294 2801 causam,
3338 2734 3434 2791 sed
3472 2734 3527 2789 id
3561 2742 3740 2789 totum

2159 2833 2378 2898 propter
2398 2842 2566 2882 unum
2589 2843 2749 2884 suum
2773 2841 2992 2907 nomen.
3012 2827 3171 2894 Quod
3189 2827 3408 2883 interim
3424 2842 3547 2882 cum
3560 2827 3744 2897 rcipsa

2157 2917 2229 2972 ad
2267 2918 2418 2975 hunc
2450 2935 2626 2991 usque
2665 2919 2810 2976 diem
2851 2920 3114 2992 compleri
3156 2934 3471 2984 cernamus,
3501 2933 3602 2974 cur
3629 2933 3742 2973 non

2156 3008 2387 3081 hujusce
2418 3019 2645 3068 eventus
2668 3011 3076 3083 praedictionem
3125 3010 3602 3082 obstupescitnus?
3634 3024 3742 3065 una

481 3112 627 3167 enim
677 3110 952 3167 confessio
1001 3108 1243 3191 nomipis
1284 3107 1449 3174 Jesu,
1503 3106 1717 3162 animos
1763 3103 2051 3161 consuevit
2087 3105 2389 3162 accendere
2420 3107 2762 3179 principum.
2794 3107 2935 3163 Nam
2993 3109 3099 3164 etsi
3150 3109 3288 3163 nihil
3318 3105 3744 3184 reprehensione

483 3208 703 3278 dignum
729 3202 1030 3268 admiserit,
1060 3203 1155 3273 qui
1179 3199 1457 3256 Christum
1482 3198 1774 3255 confessus
1801 3205 1907 3266 est,
1931 3213 2056 3254 eum
2092 3204 2277 3253 tamen
2311 3198 2548 3268 puniunt
2576 3202 2876 3271 plectentes
2899 3201 3142 3257 nominis
3173 3200 3322 3256 illius
3385 3213 3573 3263 causa,
3624 3214 3744 3255 om-

482 3299 645 3353 nibus
679 3296 928 3352 scelestis
958 3295 1228 3365 asperius.
1291 3293 1446 3359 Quod
1482 3293 1529 3347 si
1578 3293 1702 3363 quis
1762 3306 1885 3347 eam
1944 3290 2363 3363 appellationem
2401 3291 2771 3362 abjuraverit,
2815 3296 3205 3367 negaveritque
3255 3308 3314 3350 se
3360 3290 3567 3348 Christi
3615 3307 3742 3348 esse

487 3391 839 3460 discipulum,
879 3389 1188 3443 dimittitur‘
1226 3387 1373 3442 illico
1406 3402 1472 3442 ac
1516 3387 1802 3451 liberatur,
1835 3386 2051 3443 etiamsi
2084 3385 2578 3442 innumerabilibus
2607 3387 2845 3458 peccatis
2873 3388 3148 3443 obnoxius
3179 3394 3451 3443 teneatur.

556 3485 667 3537 Καὶ
690 3483 741 3536 τί
772 3500 837 3552 με
863 3483 968 3553 χρὴ
1019 3481 1187 3553 μυρία
1216 3482 1563 3550 συναγαγεῖν,
1585 3480 1647 3533 τὸ
1681 3479 1790 3533 τῶν
1835 3479 2058 3533 ἀποστό-

2235 3475 2303 3529 Ει
2327 3478 2459 3548 quid
2495 3494 2583 3534 me
2614 3479 2914 3536 Salvatoris
2946 3479 3125 3536 nostri
3158 3478 3532 3548 apostolorum
3560 3491 3745 3532 mores

485 3573 593 3627 λων
622 3575 714 3628 τού
743 3574 992 3645 Σωτῆρος
1019 3574 1175 3645 ἡμῶν
1192 3573 1519 3645 ’διαγράφειν
1546 3569 1678 3645 ἦθος
1701 3572 2060 3645 πειρώμενον,

488 3668 794 3740 ἀρκούντων
847 3669 939 3721 καὶ
988 3667 1096 3720 τῶν
1151 3667 1455 3741 εἰρημένων
1497 3668 1577 3731 εἰς
1628 3666 1900 3731 ἀπόδειξιν
1965 3665 2062 3720 τοῦ

488 3756 887 3826 προκειμένου;
925 3749 1008 3819 οἷς
1039 3755 1121 3809 ἑτι
1153 3756 1324 3810 ταῦτα
1358 3755 1637 3827 προσθεὶς,
1667 3748 1760 3811 ἐπὶ
1791 3756 1851 3810 τὸ
1878 3757 2063 3828 ἕτερον

491 3850 672 3916 στῖφος
729 3847 835 3900 τῶν
902 3847 1250 3916 συκοφαντῶν
1314 3848 1712 3919 μεταϐήσομαι.
1785 3847 2064 3913 Ματθαῖος

488 3938 783 4003 ἀπόστολος
810 3939 901 3993 τὸν
928 3941 1193 4012 πρότερον
1225 3939 1339 4010 βίον
1365 3940 1465 3993 οὐκ
1492 3940 1600 3993 ἀπὸ
1628 3940 1833 4011 σεμνῆς
1859 3941 2064 4012 διατρι-

488 4032 589 4103 ϐῆς
613 4033 855 4106 ὡρμᾶτο,
885 4034 950 4085 ὲκ
970 4031 1027 4085 δὲ
1060 4031 1170 4084 τῶν
1195 4031 1336 4101 ἀμφὶ
1366 4029 1464 4094 τὰς
1491 4032 1749 4094 τελωνίας
1778 4032 1870 4086 καὶ
1902 4032 2061 4085 πλεο-

487 4124 666 4192 νεξίας
702 4123 1084 4195 σχολαζόντων.
1120 4120 1289 4176 Τοῦτο
1320 4122 1495 4186 οὐδεὶς
1525 4121 1633 4177 τῶν
1663 4123 2061 4192 εὐαγγελιστῶν

488 4216 771 4287 ἐδήλωσεν,
795 4217 893 4285 οὐχ
915 4218 942 4269 6
965 4215 1356 4279 συναπόστολος
1375 4214 1539 4268 αὐτοῦ
1565 4214 1835 4283 Ἰωάννης,
1857 4213 1976 4268 οὐδέ
1996 4230 2061 4282 γε

488 4308 722 4371 Λουκᾶς,
737 4306 857 4359 οὐδὲ
873 4306 1116 4378 Μάρκος,
1134 4308 1163 4359 6
1196 4305 1252 4359 δὲ
1267 4305 1542 4369 Ματθαῖος
1561 4304 1653 4358 τὸν
1669 4305 1862 4360 ἑαυτοῦ
1881 4306 2062 4377 στηλι-

486 4397 659 4449 τεύων
690 4395 821 4466 βίον,
852 4396 944 4449 καί
973 4397 1274 4468 κατήγορος
1299 4396 1462 4461 αὐτὸς
1494 4395 1688 4449 ἑαυτοῦ
1718 4398 2055 4468 γιγνόμενος.

500 4488 828 4542 Ἐπάκουσον
849 4487 979 4557 γοῦν
1001 4488 1149 4552 ὅπως
1169 4489 1461 4561 διαρρήδην
1487 4490 1576 4542 ἐπ’
1598 4488 1860 4560 ὀνόματος
1884 4488 2055 4543 αὑτοῦ

491 4580 759 4651 μέμνηται
777 4582 833 4633 ὲν
848 4579 925 4651 τῷ
944 4580 1079 4651 πρὸς
1099 4580 1261 4634 αὑτοῦ
1286 4580 1549 4652 γραφέντι
1579 4581 1914 4653 Εὐαγγελίῳ,
1938 4581 2060 4635 τοῦ-

486 4689 576 4727 τον
591 4673 762 4741 λέγων
782 4672 874 4725 τὸν
892 4673 1113 4744 τρόπον’
1142 4692 1159 4722 ι
1172 4673 1281 4726 Καὶ
1301 4674 1564 4744 παράγων
1589 4673 1795 4728 ἐκεῖθεν
1814 4675 1840 4727 6
1858 4673 2057 4745 Ἰησοῦς

490 4759 627 4817 εἶδεν
649 4764 932 4837 ἄνθρωπον
952 4764 1259 4836 καθήμενον
1287 4765 1467 4827 eum?)
1489 4764 1761 4832 τελώνιον,
1779 4766 2056 4821 Ματθαῖον

489 4832 767 4929 ὀνόματι,-
804 4859 896 4912 καὶ
966 4832 1119 4911 εἶπεν
1190 4857 1368 4927 αὐτῷ’
1428 4858 1733 4913 Ἀκολούθει
1781 4877 1902 4931 μοι’
1963 4860 2058 4914 καὶ
2087 4832 2133 4886 D

487 4950 722 5013 ἀναστὰς
763 4949 1126 5020 ἠκολούθησεν
1154 4949 1321 5020 αὐτῷ.
1358 4950 1466 5004 Καὶ
1500 4951 1736 5018 ἐγένετο,
1770 4952 2061 5024 ἀνακειμέ-

486 5060 579 5096 νου
618 5041 781 5094 αὑτοῦ
818 5043 874 5094 ὲν
902 5045 969 5113 τῇ
1011 5042 1175 5112 οἰκίᾳ,
1208 5042 1304 5095 καὶ
1341 5041 1448 5095 ἰδοὺ
1484 5042 1668 5096 πολλοὶ
1703 5044 1932 5098 τελῶναι
1964 5045 2060 5099 καὶ

488 5132 801 5207 ἁμαρτωλοί
827 5132 1197 5188 συνανέκειντο
1220 5134 1299 5204 τῷ
1331 5133 1505 5205 Ἰησοῦ
1532 5136 1627 5189 καί
1649 5136 1763 5199 τοῖς
1795 5135 2060 5207 μαθηταῖς

488 5222 676 5281 αὑτοῦ.
711 5244 728 5276 ι
784 5226 895 5277 Καὶ
939 5223 1099 5278 πάλιν
1133 5224 1337 5296 προῖὼν
1374 5225 1519 5298 ἑξῆς,
1551 5225 1643 5278 τόν
1678 5242 1738 5279 τε
1767 5226 2065 5297 κατάλογον

483 5316 591 5371 τῶν
623 5314 881 5388 μαθητῶν
920 5313 1397 5386 ἐξαριθμούμενος,
1447 5317 1610 5380 αὐτὸς
1651 5316 1830 5388 ἑαυτῷ
1871 5317 1933 5370 τὸ
1968 5318 2063 5371 τοῦ

481 5407 713 5461 τελώνου
773 5407 945 5477 ὄνομα
997 5406 1371 5476 προστίθησιν.
1417 5409 1579 5478 Λέγει
1624 5409 1669 5463 δ’
1705 5406 1831 5466 οὖν’
1890 5428 1909 5461 t
1941 5410 2062 5463 Τῶν

480 5496 539 5552 δὲ
569 5496 777 5553 δώδεκα
808 5497 1121 5553 ἀποστόλων
1149 5496 1219 5550 τὰ
1241 5498 1482 5569 ὀνόματά
1509 5501 1627 5554 ἐστι
1653 5501 1826 5556 ταῦτα
1844 5516 1858 5532 ⁶
1905 5501 2058 5574 πρῶ-

481 5605 571 5652 τος
600 5590 782 5660 Σίμων
819 5593 847 5645 6
870 5590 1159 5662 λεγόμενος
1184 5592 1410 5665 Πέτρος,
1435 5595 1528 5648 καὶ
1568 5594 1819 5667 Ἀνδρέας
1850 5597 1878 5650 6
1904 5596 2056 5650 ἀδελ-

485 5678 582 5748 φὸς
615 5680 802 5745 αὐτοῦ,
845 5682 1099 5747 Ἰάκωϐος
1137 5686 1167 5733 6
1203 5683 1299 5737 τοῦ
1328 5685 1635 5751 Ζεϐεδαίου,
1669 5689 1764 5740 καὶ
1807 5680 2059 5760 Ἰωᾶννης

554 5773 735 5829 “Act.
771 5792 853 5841 Ill,
883 5777 938 5833 6.
1085 5780 1131 5810 ⁷ο
1157 5777 1294 5835 Luc.
1326 5797 1401 5847 vr,
1432 5781 1522 5836 25.
1600 5784 1643 5816 ⁷¹
1674 5782 1862 5843 Matth.
1897 5803 1973 5853 IX,
2002 5787 2091 5843 10.

549 5866 625 5936 (1)
666 5870 884 5927 Αὑτοῦ.
918 5870 1078 5933 Forte
1111 5877 1292 5933 αὐτόν.
1330 5876 1484 5934 Eutr.

2166 3565 2481 3624 describere
2516 3577 2832 3635 conantem,
2870 3571 3027 3641 plura
3068 3570 3125 3624 in
3157 3584 3329 3624 unum
3356 3582 3551 3638 cogere
3578 3582 3745 3638 opor-

2162 3668 2260 3729 tet,
2290 3676 2415 3715 cum
2454 3661 2522 3718 iis
2548 3679 2672 3734 quae
2707 3663 2855 3718 dicta
2883 3669 3035 3730 sunt,
3082 3661 3300 3718 abunde
3337 3661 3579 3716 contenti
3618 3675 3745 3715 esse

2163 3756 2460 3825 possimus,
2490 3755 2558 3809 ad
2587 3755 2641 3811 id
2671 3754 3159 3813 demonstrandum
3191 3755 3336 3826 quod
3376 3769 3407 3808 a
3436 3755 3597 3809 nobis
3624 3767 3745 3823 pro-

2163 3848 2401 3918 positum
2424 3848 2542 3904 est?
2563 3847 2776 3914 Quibus
2806 3864 2930 3904 cum
2953 3863 3128 3921 pauca
3160 3864 3284 3920 quae
3314 3854 3621 3918 sequuntur
3645 3845 3745 3901 ad-

2160 3941 2373 4005 didero,
2403 3941 2471 3997 ad
2506 3943 2653 3997 aliud
2692 3942 3148 3998 calumniantium
3191 3957 3364 4013 genus
3403 3956 3490 3996 me
3514 3953 3746 3995 conver-

2160 4041 2294 4086 tam.
2341 4032 2627 4091 Matthzrus
2669 4035 2948 4105 apostolus
2992 4035 3119 4090 vita
3159 4049 3355 4107 genus,
3398 4032 3548 4105 quod
3588 4032 3745 4104 prius

2161 4132 2405 4182 sectatus
2439 4134 2547 4194 est,
2580 4129 2734 4183 nullo
2775 4128 3028 4199 graviore
3069 4127 3257 4185 studio
3301 4137 3396 4183 aut
3446 4132 3747 4183 consuetu-

2159 4220 2287 4277 dine
2342 4220 2605 4277 retertum
2651 4223 2755 4278 sibi
2799 4222 3025 4293 delegit,
3070 4222 3166 4278 sed
3209 4221 3354 4278 inter
3395 4220 3743 4294 publicanos,

2159 4322 2213 4368 et
2233 4329 2330 4370 eos
2361 4316 2455 4385 qui
2495 4316 2744 4385 pecuniae
2778 4302 3103 4387 colligendae
3149 4324 3433 4372 vacarent.
3470 4313 3587 4371 Hoc
3622 4316 3749 4386 qui-

2158 4406 2282 4462 dem
2309 4408 2493 4465 nullus
2512 4408 2972 4480 evangelistarum
3002 4407 3285 4472 indicavit,
3310 4422 3418 4464 non
3449 4414 3744 4478 coaposto—

2160 4498 2246 4555 lus
2283 4501 2405 4570 ejus
2430 4499 2693 4565 Joannes,
2724 4516 2834 4557 non
2863 4500 3064 4568 Lucas,
3084 4517 3199 4557 non
3228 4500 3466 4567 Marcus,
3508 4499 3604 4557 sed
3627 4501 3748 4571 ipse

2161 4590 2448 4648 Matthaeus
2484 4607 2639 4647 suam
2668 4592 2848 4663 ipsius
2872 4593 3040 4647 vitam
3071 4608 3182 4647 non
3215 4592 3593 4656 dissimulans,
3626 4591 3745 4661 pla-

2158 4700 2337 4755 neque
2371 4682 2488 4755 ipse
2518 4685 2758 4755 seipsum
2781 4701 3073 4744 accusans.
3103 4686 3248 4742 Audi
3275 4687 3443 4757 igitur
3470 4686 3744 4758 quomodo

2160 4776 2334 4846 palam
2358 4776 2442 4831 sui
2476 4777 2716 4832 nominis
2764 4779 3035 4845 meminit,
3061 4779 3118 4833 in
3148 4794 3236 4844 eo,
3272 4778 3418 4849 quod
3448 4778 3568 4847 ipse
3605 4776 3746 4835 scri-

2164 4869 2273 4939 psit
2312 4868 2628 4939 Evangelio,
2656 4876 2714 4924 et
2762 4884 2947 4925 mores
3000 4871 3256 4940 proprios
3311 4868 3567 4923 notavit;
3607 4885 3631 4917 ι
3677 4865 3744 4922 Et

2165 4960 2479 5030 praeteriens
2508 4960 2659 5015 illinc
2675 4959 2860 5028 Jesus,
2890 4962 3024 5018 vidit
3048 4962 3209 5032 120
3230 4961 3506 5017 hominem
3540 4960 3741 5016 seden-

2164 5062 2274 5107 tem
2308 5052 2364 5107 in
2398 5052 2623 5120 telonio,
2646 5052 2959 5110 Mattbteum
3004 5055 3247 5116 nomine,
3278 5062 3335 5110 et
3370 5053 3509 5108 dixit
3534 5053 3618 5108 ei:
3645 5051 3744 5108 Se-

2166 5157 2336 5213 quere
2367 5159 2476 5208 me,
2514 5153 2570 5199 et
2609 5159 2842 5215 surgens
2876 5154 3099 5201 secutus
3134 5151 3221 5200 est
3251 5158 3402 5225 eum,
3445 5151 3507 5197 et
3535 5142 3740 5197 factum

2164 5245 2270 5302 est,
2300 5236 2683 5293 discumbente
2709 5237 2804 5293 illo
2835 5237 2890 5291 in
2923 5238 3107 5302 domo,
3130 5250 3262 5291 ecce
3280 5236 3437 5291 multi
3460 5238 3742 5308 publicani

2162 5335 2217 5382 et
2265 5338 2584 5398 peccatores
2627 5330 2793 5386 simul
2840 5326 3262 5385 discumbebant
3317 5342 3442 5383 cum
3478 5327 3645 5395 Jesu,
3688 5338 3746 5384 et

2162 5420 2448 5490 discipulis
2495 5421 2698 5491 ejus".
2727 5438 2745 5473 ι
2779 5420 3047 5490 Deinceps
3093 5433 3361 5475 sermone
3389 5434 3740 5490 progressus,

2162 5528 2226 5568 ac
2255 5513 2650 5586 discipulorum
2690 5513 2917 5569 nomina
2946 5528 3299 5578 enumerans,
3335 5515 3454 5585 ipse
3487 5514 3595 5569 sibi
3635 5515 3744 5586 ipsi

2160 5605 2437 5674 publicani
2464 5619 2661 5661 nomen
2690 5602 2959 5671 adjungit,
2989 5604 3124 5662 dicit
3139 5605 3348 5678 igitur:
3387 5624 3407 5658 σ
3444 5604 3747 5665 Duodecim

2160 5710 2291 5753 vero
2321 5695 2691 5767 apostolorum
2716 5690 2940 5749 nomina
2969 5705 3103 5757 sunt
3129 5697 3267 5765 haec,
3288 5697 3505 5770 primus
3532 5696 3749 5759 Simon,
