4126 6354
456 330 564 388 ξ.ίῦ

1125 340 1393 396 EUSEBII
1429 339 1907 399 CzESARlENSlS
1936 343 2087 401 OPP.
2128 345 2306 402 PARS
2336 346 2399 404 li.
2427 379 2499 392 —
2528 348 3025 411 APOLOGETICA.

3587 360 3694 417 ειο

452 453 549 520 qui
586 453 786 510 dicitur
815 454 1032 520 Petrus,
1068 466 1123 510 et
1146 457 1393 515 Andreas
1424 458 1593 515 frater
1624 461 1761 529 ejus,
1791 461 1992 517 Jacohu

2094 516 2100 531 λ
2126 464 2155 515 6
2174 464 2397 533 ἀδελφὸς
2423 465 2610 528 αὐτοῦ,
2637 466 2899 532 Φίλιππος
2920 470 3014 523 καὶ
3040 471 3459 543 Βαρθολομαῖος,
3490 472 3693 545 Θωμᾶς

453 540 727 611 Zebedzei,
750 555 804 603 et
837 546 1075 605 Joannes
1111 549 1279 605 frater
1317 552 1457 620 ejus,
1496 551 1782 625 Philippus
1812 566 1865 609 et
1898 554 2023 609 Bar-

452 636 801 703 tholomaaus,
850 638 1086 696 Thomas
1128 651 1183 697 et
1225 642 1509 699 Matthaeus
1543 646 1867 718 publicanus
1890 647 1956 701 ⁷⁸.
1995 665 2015 700 ›

460 726 646 797 Itaque
672 729 950 785 Mattheus
976 732 1309 788 abundantia
1331 736 1564 806 quadam
1588 737 1882 803 modestia,
1912 747 2022 793 stu-

456 820 608 874 dium
646 837 755 891 pra:
782 838 840 878 se
869 823 1049 881 ferens
1074 828 1320 884 veritatis
1355 830 1409 883 in
1440 831 1556 884 suis
1589 831 1831 886 moribus
1866 832 2008 886 indi-

452 913 665 977 candis,
708 915 1058 983 publicanum
1100 934 1159 974 se
1201 921 1513 990 appellavit,
1551 938 1728 993 neque
1781 925 2015 993 priorem

453 1018 609 1057 suam
638 1007 801 1061 vitam
831 1011 1112 1067 occultare
1151 1014 1337 1067 voluit.
1370 1014 1438 1068 Et
1470 1017 1711 1070 secundo
1747 1017 1868 1071 loco
1896 1024 2017 1085 post

450 1096 711 1164 aqualem
732 1113 891 1154 suum
923 1116 981 1156 se
1009 1104 1326 1158 nominavit.
1356 1104 1491 1159 Cum
1510 1107 1654 1161 enim
1682 1108 1878 1174 singuli
1901 1108 2016 1163 sin-

450 1187 595 1255 gulis
647 1203 1055 1259 comparantur,
1084 1196 1202 1264 ipse
1235 1195 1521 1253 Matthaeus
1549 1197 1791 1265 Thomae,
1820 1199 2015 1257 Petrus

446 1279 699 1346 Andreae,
738 1281 976 1340 Jacobus
1008 1283 1224 1351 Joanni,
1266 1286 1549 1360 Philippus
1594 1290 2011 1360 Bartholomazo,

447 1369 715 1428 Thomam
762 1375 863 1431 sibi
903 1378 1005 1446 ipsi
1059 1382 1347 1449 praeponit,
1396 1382 1632 1450 priorem
1673 1384 1752 1438 illi
1797 1385 2011 1452 locum,

446 1468 695 1534 quamvis
719 1471 1056 1538 coapostolo,
1086 1458 1344 1542 tanquam
1379 1474 1717 1531 honoratiori
1745 1477 2010 1546 tribuens,

446 1555 663 1610 tametsi
716 1558 913 1626 reliqui
982 1563 1328 1630 evangelista:
1381 1565 1719 1620 contrarium
1778 1566 2009 1626 faciunt.

441 1645 586 1700 Audi
618 1649 801 1718 itaque
819 1649 1043 1716 Lucam,
1079 1662 1138 1706 ut
1162 1653 1394 1709 Matthzei
1421 1656 1748 1712 mentionem
1779 1657 2008 1724 faciens,

442 1751 554 1789 non
606 1738 958 1807 publicanum
1002 1741 1154 1807 dicit,
1198 1759 1372 1811 neque
1418 1753 1543 1814 post
1582 1744 1844 1801 Thomam
1896 1750 2011 1803 col-

2121 566 2216 611 και
2243 558 2517 622 Ματθαῖος
2539 560 2569 612 6
2597 559 2853 632 τελώνης.
2874 580 2892 613 ο
2911 563 3094 627 υῦτως
3125 565 3223 635 μὲν
3251 568 3281 619 6
3307 567 3603 633 Ματύαῖος,
3623 570 3690 624 δι’

2122 649 2423 722 ὑπερϐολὴν
2468 652 2767 718 ἐπιεικείας
2814 657 2874 710 τὺ
2906 658 3196 728 φιλάληθες
3232 661 3543 730 ὑποφαίνων
3593 662 3691 717 τοῦ

2122 739 2253 793 ἰδίου
2302 741 2541 812 τρόπου,
2603 744 2697 797 καὶ
2743 745 2981 817 τελώνην
3032 749 3218 803 ἑαυτὸν
3272 750 3568 816 ἀπεκάλει,
3614 752 3691 825 μὴ

2118 832 2484 902 ἀποκρύπτων
2538 835 2630 889 τὸν
2678 839 2944 910 πρότερον
3000 840 3193 894 ἑαυτοῦ
3244 839 3355 909 βίον
3380 882 3396 906 ,
3451 843 3545 896 καὶ
3594 845 3693 898 τοῦ

2120 920 2354 991 συζύγου
2398 923 2648 998 δεύτερον
2689 929 2881 983 ἑαυτὸν
2913 931 3222 1000 κατέλεγεν.
3255 933 3694 1005 Συνεζευγμένος

2117 1012 2245 1080 γοῦν
2285 1014 2362 1085 τῷ
2387 1016 2576 1088 Θωμᾷ,
2611 1021 2640 1072 6
2674 1019 2876 1091 Πέτρος
2914 1021 3155 1092 Ἀνδρέᾳ,
3188 1023 3281 1075 καὶ
3327 1024 3580 1089 Ἰάκωϐος
3608 1024 3689 1097 τῷ

2129 1102 2380 1175 Ἰωάννῃ,
2434 1106 2524 1157 καὶ
2575 1105 2837 1171 Φίλιππος
2904 1108 3322 1181 Βαρθολομαίῳ,
3395 1113 3686 1183 προτάττει

2116 1193 2309 1246 ἑαυτοῦ
2340 1194 2431 1248 τὸν
2461 1195 2681 1266 Θωμᾶν,
2711 1199 2987 1270 προτιμῶν
3027 1200 3102 1264 ὡς
3128 1203 3411 1273 κρείττονα
3436 1205 3527 1257 τὸν
3560 1222 3687 1258 συν-

2115 1284 2446 1348 απόστολον,
2490 1288 2602 1341 τῶν
2646 1288 2848 1356 λοιπῶν
2913 1292 3311 1360 εὐαγγελιστῶν
3378 1297 3685 1353 τούναντίον

2115 1376 2509 1446 πεποιηκότων.
2535 1380 2730 1433 ’Ἀκουε
2757 1382 2887 1449 γοῦν
2906 1385 3108 1446 Λουκᾶ,
3135 1383 3269 1447 πῶς,
3294 1384 3386 1438 τοῦ
3403 1386 3682 1440 Ματθαίου

2115 1468 2512 1537 μνημονεύσας,
2563 1472 2624 1524 οὐ
2653 1472 2889 1545 τελώνην
2931 1473 3206 1546 ὀνομάζει,
3251 1476 3357 1529 οὐδ’
3395 1478 3683 1534 ύποτάττει

2110 1556 2188 1627 τῷ
2217 1558 2419 1631 Θωμᾷ,
2450 1562 2733 1632 κρείττονα
2774 1564 2831 1618 δὲ
2867 1565 3027 1619 αὐτὸν
3067 1565 3241 1630 εἰδὼς.
3270 1566 3485 1638 πρῶτον
3518 1569 3681 1623 αὐτὸν

2111 1648 2415 1715 κατέλεξεν,
2460 1652 2712 1726 δεύτερον
2756 1656 2846 1708 τὸν
2886 1656 3086 1726 Θωμᾶν
3136 1657 3452 1727 ἐπαγαγὼν,
3485 1657 3680 1733 ὥσπερ

2110 1740 2205 1792 καὶ
2245 1742 2275 1793 6
2298 1741 2522 1814 Μάρκος
2559 1747 2857 1817 πεποίηκεν
2876 1765 2889 1777 ·
2930 1748 3110 1817 έχουσι
3142 1748 3198 1801 δὲ
3225 1750 3388 1803 αὐτοῦ
3418 1752 3475 1804 αἱ
3506 1749 3679 1820 λέξεις

442 1824 606 1890 locat,
635 1829 730 1884 sed
752 1832 1181 1900 praestantiorem
1208 1834 1358 1888 illum
1385 1850 1741 1906 cognoscens,
1774 1840 1992 1909 prioren

2109 1831 2313 1896 οὕτως·
2377 1853 2396 1886 ι
2423 1835 2533 1888 Καὶ
2578 1836 2665 1889 ὅτε
2725 1838 2905 1909 ἡμέρα
2949 1839 3196 1907 ἐγένετο,
3254 1838 3499 1912 ὲφώνησε
3551 1843 3676 1905 τούς

439 1937 660 1991 quoque
688 1924 953 1987 nominat,
982 1924 1244 1982 Thomam
1267 1929 1345 1982 illi
1370 1930 1613 1985 secundo
1640 1932 1763 1987 loco
1785 1934 2007 2002 subjun-

438 2030 594 2082 gens,
622 2017 765 2085 quod
811 2018 989 2088 ipsum
1033 2020 1247 2077 Marcus
1287 2038 1502 2093 quoque
1542 2029 1799 2082 servavit.
1828 2028 2006 2085 Verba

438 2109 606 2176 igitur
653 2110 801 2164 illius
846 2113 926 2165 sic
969 2127 1028 2167 se
1064 2112 1313 2169 habent:
1345 2133 1366 2166 ι
1404 2115 1471 2170 Et
1506 2132 1631 2171 cum
1671 2118 1790 2175 dies
1829 2120 2005 2178 factus

435 2210 603 2261 esset,
639 2204 853 2281 vocavit
898 2205 1201 2277 discipulos
1233 2224 1385 2275 suos,
1430 2218 1485 2267 et
1513 2213 1674 2284 elegit
1714 2215 2002 2273 duodecim

432 2307 498 2345 ex
540 2292 642 2354 eis,
690 2308 829 2362 quos
869 2302 923 2347 et
967 2297 1245 2365 apostolos
1295 2300 1599 2355 nominavit
1640 2321 1654 2355 :
1703 2302 2001 2367 Simonem,

430 2399 592 2453 quem
642 2386 806 2439 etiam
851 2383 1073 2441 Petrum
1111 2390 1350 2454 vocavit,
1384 2398 1438 2446 et
1469 2391 1742 2449 Andream
1777 2394 2002 2450 fratrem

432 2472 582 2542 ejus,
607 2469 868 2527 Iacobum
902 2484 954 2529 et
984 2472 1270 2542 Joannem,
1292 2476 1604 2551 Philippum
1635 2491 1691 2536 et
1719 2482 2004 2539 Bartholo-

428 2579 651 2629 meum,
684 2565 993 2619 Mattbmum
1029 2574 1084 2639 et
1114 2566 1378 2624 Thomam
1400 2571 1465 2625 ⁷⁸.
1508 2592 1529 2624 ι
1565 2571 1657 2628 Sic
1688 2573 1999 2630 Matthzeum

427 2653 610 2710 Lucas
647 2658 945 2726 anteponit,
987 2659 1439 2727 quemadmodum
1488 2664 1592 2734 ipsi
1639 2665 1996 2731 tradiderant,

426 2746 523 2816 qui
548 2748 617 2802 ab
650 2748 804 2803 initio
834 2749 939 2819 ipsi
972 2750 1243 2816 viderant,
1279 2760 1332 2807 et
1364 2755 1599 2810 ministri
1630 2756 1848 2813 fuerant
1879 2774 1999 2819 ser-

426 2838 626 2895 monis.
663 2837 924 2896 Joannem
952 2860 1170 2915 quoque
1192 2847 1422 2902 similem
1452 2846 1705 2904 Matthaeo
1733 2850 1996 2908 invenies.

425 2925 561 2982 Nam
588 2929 641 2984 in
671 2931 788 2985 suis
824 2933 1073 3001 epistolis
1105 2950 1172 2991 ne
1213 2935 1460 2991 meminit
1492 2937 1711 3006 quidem
1741 2948 1855 2994 suae
1896 2955 1995 3009 ap-

429 3022 762 3092 pellationis,
786 3032 879 3077 aut
905 3026 1173 3081 seniorem
1200 3042 1259 3083 se
1288 3029 1553 3093 nominat,
1576 3044 1845 3101 nusquam
1867 3047 1996 3087 vero

428 3115 734 3183 apostolum
774 3122 869 3170 aut
896 3118 1307 3188 evangelistam.
1350 3117 1408 3174 in
1450 3120 1743 3190 Evangelio
1786 3129 1988 3189 autem,

2113 1924 2357 1995 μαθητάς
2394 1926 2591 1990 αὐτοῦ,
2624 1929 2718 1981 καὶ
2753 1927 3105 1999 ἐκλεξάμενος
3140 1929 3200 1995 ἐξ
3234 1931 3412 1983 αὐτῶν
3446 1931 3677 1997 δώδεκα,

2107 2016 2203 2080 οὓς
2239 2019 2333 2071 καὶ
2370 2017 2697 2082 ἀποστόλους
2732 2020 3034 2091 ὠνόμασεν,
3065 2020 3302 2091 Σίμωνα,
3331 2021 3389 2076 ὃν
3423 2024 3517 2076 καὶ
3546 2024 3675 2077 ἐκά-

2108 2106 2229 2159 λεσε
2254 2108 2476 2180 Πέτρον,
2521 2109 2616 2161 καὶ
2654 2109 2906 2181 Ἀνδρέαν
2942 2111 3033 2163 τὴν
3072 2112 3296 2181 ἀδελφὸν
3342 2113 3527 2176 αὐτοῦ,
3571 2116 3672 2168 Ἰά-

2105 2197 2281 2250 κωϐον
2308 2200 2401 2252 καὶ⁹
2422 2198 2697 2271 Ἰωάννην,
2715 2201 2809 2253 καὶ
2829 2200 3113 2263 Φίλιππον,
3134 2204 3227 2254 καὶ⁵
3251 2202 3667 2273 Βαρθολομαῖον,

2105 2291 2201 2343 καὶ
2235 2291 2532 2354 Ματθαῖον,
2579 2296 2673 2347 καὶ
2716 2292 2938 2364 Θωμᾶν.
2967 2312 2984 2343 ι
3019 2294 3205 2356 Οῦτως
3252 2294 3348 2364 μὲν
3390 2294 3477 2347 τὸν
3509 2296 3665 2348 Ματ-

2102 2380 2253 2435 θαῖον
2294 2382 2323 2434 6
2351 2383 2561 2445 Λουκᾶς
2608 2383 2867 2455 ἐτίμησε,
2914 2384 3034 2438 καθ’
3084 2383 3120 2438 ἃ
3167 2385 3484 2457 παρέδωκαν
3521 2386 3669 2457 αὐτῷ

2100 2474 2151 2526 οἱ
2187 2475 2438 2545 ἀπαρχῆς
2478 2476 2739 2530 αὐτόπται
2792 2478 2885 2530 καὶ
2928 2476 3200 2549 ὑπηρέται
3248 2479 3529 2550 γενόμενοι
3572 2477 3670 2532 τοῦ

2101 2563 2277 2633 λόγου.
2328 2566 2439 2618 Καὶ
2477 2566 2565 2619 τὸν
2615 2568 2865 2638 Ἰωάννην
2920 2566 2977 2620 δὲ
3027 2568 3209 2639 ὅμοιον
3264 2568 3445 2641 εῦροις
3490 2569 3556 2623 ἂν
3591 2570 3672 2641 τῷ

2099 2656 2379 2728 Ματθαίῳ.
2434 2658 2522 2710 Ἐν
2557 2658 2654 2728 μὲν
2690 2657 2799 2727 γάρ
2841 2661 2962 2722 ταῖς
3003 2660 3312 2723 ἐπιστολαῖς
3351 2660 3515 2713 αὐτοῦ
3548 2661 3669 2713 οὐδὲ·⁹

2103 2747 2319 2817 μνήμην
2345 2747 2444 2817 τῆς
2468 2748 2670 2811 οἰκείας
2698 2748 3062 2820 προσηγορίας
3089 2752 3336 2814 ποιεῖται,
3368 2750 3400 2820 ἢ
3432 2750 3668 2822 πρεσϐύ-

2096 2853 2253 2907 τερον
2296 2838 2482 2891 ἑαυτὸν
2527 2838 2799 2909 ὀνομάζει,
2839 2839 3073 2910 οὐδαμοῦ
3110 2840 3166 2893 δὲ
3200 2839 3515 2904 ἀπόστολον,
3543 2841 3665 2896 οὐδὲ

2096 2930 2483 3002 εὐαγγελιστήν
2502 2947 2515 2959 ·
2551 2931 2609 2984 ὲν
2636 2930 2692 2983 δὲ
2719 2928 2796 2999 τῷ
2824 2929 3141 3001 Εὐαγγελίῳ
3186 2930 3665 3002 ἐπισημηνάμενος

2094 3020 2154 3074 ὃν
2179 3022 2368 3090 ἠγάπα
2396 3024 2425 3075 6
2459 3022 2681 3093 Ἰησοῦς,
2715 3024 2815 3077 οὐκ
2856 3024 3122 3095 ἐδήλωσεν
3158 3024 3417 3095 ὀνομαστὶ
3447 3026 3657 3081 ἑαυτόν.

2098 3109 2165 3164 Ὅ
2195 3127 2259 3179 γε
2286 3110 2391 3181 μὴν
2416 3111 2618 3182 Πέτρος
2651 3112 2772 3165 οὐδὲ
2801 3113 3039 3183 καθῆκεν
3073 3113 3166 3165 ἐπὶ
3202 3114 3301 3184 τὴν
3325 3114 3663 3183 Εὐαγγελίον

424 3221 548 3260 cum
573 3207 935 3277 signiﬁcasset
956 3211 1108 3265 illum
1135 3227 1294 3282 quem
1320 3211 1768 3283 diligebatJesus,
1791 3229 1989 3270 nomen

2094 3202 2306 3275 γραφήν
2326 3202 2393 3256 δι’
2410 3203 2690 3267 εὐλαϐείας
2714 3206 3037 3277 ὑπερϐολήν.
3065 3205 3265 3259 Τούτου
3287 3208 3510 3276 Μάρκος
3529 3208 3661 3276 γνώ-

423 3314 585 3353 suum
618 3314 729 3354 non
775 3302 982 3370 posuit.
1019 3301 1214 3359 Petrus
1259 3319 1390 3360 vero
1435 3321 1499 3360 ex
1546 3306 1714 3360 nimia
1754 3305 1990 3376 quadam

422 3392 751 3456 reverentia,
785 3410 853 3449 ne
881 3394 1105 3466 dignum
1126 3396 1342 3465 quidem
1378 3412 1438 3452 se
1475 3397 1773 3468 scriptione
1811 3398 1991 3454 Evan-

421 3485 547 3555 gelii
591 3486 945 3543 existimavit.
988 3489 1091 3544 Sed
1130 3489 1255 3559 ejus
1299 3489 1586 3546 familiaris
1629 3506 1694 3545 ac
1744 3492 1986 3563 discipu-

419 3574 507 3632 lus
546 3574 783 3645 Marcus,
834 3579 888 3633 in
940 3580 1392 3651 commentarium
1440 3582 1694 3637 retulisse
1741 3582 1983 3651 ejusdem

417 3668 486 3721 de
542 3669 709 3725 rebus
768 3670 938 3740 gestis
994 3669 1158 3736 Jesu,
1218 3671 1560 3727 narrationes
1630 3685 1981 3729 memoratur.

418 3758 573 3829 121
595 3758 697 3825 Qui
733 3776 857 3816 cum
880 3762 948 3817 ad
970 3763 1122 3816 illum
1147 3762 1384 3817 historia:
1410 3762 1585 3816 locum
1604 3763 1862 3827 venisset,
1888 3764 1980 3820 ubi

412 3848 572 3906 Jesus
618 3852 990 3921 interrogavit,
1020 3868 1181 3922 quem
1207 3868 1266 3908 se
1292 3868 1413 3908 esse
1440 3853 1685 3908 homines
1716 3852 1978 3917 dicerent,

411 3942 624 4013 ipsique
662 3943 745 3999 sui
783 3943 1038 4013 discipuli
1071 3958 1234 4013 quam
1264 3942 1333 3999 de
1374 3959 1433 3999 se
1469 3944 1779 4013 Opinionem
1813 3944 1982 4000 babe-

409 4040 555 4100 rent,
591 4034 1077 4104 subjunxissetque
1104 4034 1319 4099 Petrus,
1350 4044 1608 4106 tauquam
1642 4037 1708 4092 de
1736 4037 1977 4105 Christo,

408 4124 548 4178 nihil
575 4123 653 4177 illi
683 4124 1102 4193 respondentem
1134 4124 1317 4181 Jesum
1358 4136 1451 4181 aut
1474 4128 1742 4184 dicentem
1768 4129 1979 4186 descri-

408 4210 507 4277 “t,
535 4213 629 4269 sed
672 4214 782 4269 illis
813 4214 1233 4270 comminantem
1275 4217 1559 4283 duntaxat,
1594 4229 1654 4273 ut
1675 4221 1878 4276 nemini
1907 4220 1976 4276 de

2089 3313 2248 3368 ριμος
2266 3296 2360 3349 καὶ
2392 3297 2650 3367 φοιτητὴς
2676 3296 2912 3365 γεγονὼς
2933 3298 3407 3374 ἀπομνημονεῦσαι
3441 3299 3660 3368 λέγεται

2085 3387 2184 3452 τάς
2201 3387 2294 3441 τοῦ
2308 3387 2512 3460 Πέτρου
2534 3388 2662 3459 περὶ
2679 3387 2787 3442 τῶν
2806 3389 3053 3459 πράξεων
3073 3390 3165 3443 τοῦ
3183 3390 3355 3463 Ἰησοῦ
3376 3391 3656 3458 διαλέξεις,

2083 3481 2140 3545 ὃς
2183 3479 2349 3533 ἐλθὼν
2382 3483 2467 3533 ἐπ’
2502 3483 2683 3534 ἐκεῖνα
2714 3482 2814 3551 τῆς
2854 3483 3111 3553 ἱστορίας,
3149 3486 3207 3537 ὲν
3252 3478 3333 3549 οἷς
3370 3487 3398 3538 6
3445 3484 3653 3555 Ἰησοῦς

2083 3574 2382 3643 ἐρωτήσας,
2414 3571 2535 3626 τίνα
2565 3572 2726 3642 φασὶν
2755 3573 2914 3627 αὐτὸν
2946 3576 2994 3627 οἱ
3036 3574 3332 3647 ἄνθρωποι,
3366 3575 3460 3628 καὶ
3502 3576 3657 3629 αὐτοὶ

2080 3665 2136 3718 δὲ
2166 3665 2215 3717 οἱ
2248 3663 2412 3717 αὐτοῦ
2456 3664 2713 3736 μαθηταὶ,
2756 3666 2877 3720 τίνα
2903 3666 3057 3732 δόξαν
3087 3668 3260 3739 ἔχοιεν
3297 3669 3425 3740 περὶ
3467 3667 3657 3734 αὐτοῦ,

2081 3756 2489 3822 ὑπακούσαντος
2529 3758 2624 3812 τοῦ
2670 3759 2899 3832 Πέτρου,
2931 3760 3007 3823 ὡς
3049 3762 3176 3832 περὶ
3217 3759 3475 3833 Χριστοῦ,
3502 3761 3654 3814 οὐδὲν

2080 3852 2510 3924 ἀποκρινάμενον
2550 3853 2640 3908 τὸν
2674 3854 2877 3924 Ἰησοῦν
2909 3853 3028 3907 οὐδὲ
3065 3853 3292 3922 λέγοντα
3334 3852 3482 3924 αὐτῷ
3519 3853 3655 3925 γρά⁴

2079 3962 2189 4014 φει,
2216 3944 2327 3998 ἀλλ’
2353 3946 2432 3998 ὅτι
2477 3944 2806 4016 ἐπετίμησεν
2848 3947 3050 4009 αὐτοῖς,
3096 3946 3183 3999 ἵνα
3221 3945 3411 4017 μηδεν)⁸
3452 3947 3652 4013 λέγωσι

2079 4040 2205 4109 περὶ
2242 4037 2425 4091 αὐτοῦ.
2460 4037 2533 4090 Οὐ
2576 4037 2685 4108 γὰρ
2724 4037 2905 4108 παρῆν
2931 4040 2960 4090 6
2999 4038 3222 4108 Μάρκος
3252 4038 3363 4099 τοῖς
3394 4037 3498 4088 ὑπὸ
3552 4035 3649 4088 τοῦ

2091 4128 2261 4201 Ἰησοῦ
2294 4130 2580 4199 λεχθεῖσιν,
2625 4128 2739 4182 ἀλλ’
2784 4128 2903 4181 οὐδὲ
2953 4127 3158 4197 Πέτρος
3191 4125 3262 4178 τά
3299 4126 3435 4195 πρὸς
3485 4123 3650 4179 αὐτὸν

2076 4222 2169 4274 καὶ
2212 4221 2340 4290 περὶ
2378 4222 2542 4273 αὐτοῦ
2586 4218 2844 4289 λεχθέντα
2870 4217 2947 4288 τῷ
2992 4217 3164 4289 Ἰησοῦ
3198 4216 3435 4269 ἐδικαίου
3475 4216 3542 4269 δι’
3567 4216 3646 4269 οἱ·

406 4319 530 4374 κρειο
562 4305 766 4361 dicant.
798 4305 915 4362 Non
947 4306 1092 4361 enim
1124 4307 1371 4363 interfuit
1402 4307 1616 4364 Marcus
1658 4311 1726 4367 iis
1771 4326 1892 4381 qua-
1943 4326 1975 4365 a

2094 4311 2227 4376 ιείας
2260 4311 2552 4382 προφέρειν
2583 4309 2906 4381 μαρτυρίας.
2938 4309 3071 4361 Τίνα
3098 4308 3153 4360 δὲ
3180 4303 3246 4378 ἦν
3270 4307 3338 4360 τά
3373 4307 3508 4379 πρὸς
3549 4307 3647 4361 αὐ-

407 4398 628 4452 (Ζιιι-ἰειο
657 4398 799 4452 dicta
849 4408 976 4453 sunt
1006 4418 1019 4453 :
1064 4415 1129 4454 ac
1155 4416 1225 4456 ne
1254 4400 1449 4456 Petrus
1476 4400 1721 4471 quidem,
1750 4417 1871 4473 qua:
1903 4403 1973 4457 ad

2094 4404 2162 4458 τὸν
2198 4403 2472 4474 λεχθέντα,
2507 4402 2777 4463 Ματθαῖος
2813 4401 2961 4471 δηλοῖ
2984 4398 3072 4453 διὰ
3107 4399 3309 4452 τούτων
3330 4416 3343 4429 ο
3387 4418 3406 4450 ι
3454 4400 3647 4471 Ὑμεῖς

410 4489 589 4558 ipsum
624 4501 689 4541 ac
716 4487 784 4541 de
810 4488 929 4558 ipso
960 4489 1103 4543 dicta
1138 4499 1264 4546 sunt
1292 4490 1360 4546 ah
1388 4488 1538 4552 Jesu,
1568 4494 1787 4562 pr0prio
1818 4494 1972 4549 testi-

2094 4494 2133 4546 ss
2154 4493 2273 4545 τίνα
2318 4509 2386 4562 με
2427 4491 2612 4559 λέγετε
2658 4485 2829 4554 εἷναι;
2876 4488 3216 4561 Ἀποκριθεὶς
3248 4489 3302 4542 δὲ
3331 4490 3511 4560 Σίμων
3540 4492 3644 4545 Πέ-

403 4581 590 4635 monio
637 4581 879 4649 proferre
933 4596 1147 4650 aequum
1195 4582 1427 4651 putavit.
1479 4581 1611 4649 Quae
1650 4592 1832 4639 autem
1881 4584 1973 4640 illa

2094 4603 2195 4657 προς
2241 4579 2400 4638 εἷπε·
2439 4584 2511 4635 Σὺ
2546 4579 2595 4636 εἷ
2644 4583 2673 4634 6
2717 4582 2947 4654 Χριστὸς
2988 4583 3016 4635 6
3047 4581 3175 4645 Υἱὸς
3223 4580 3316 4634 τοῦ
3362 4582 3495 4635 Θεοῦ
3544 4585 3639 4638 τοῦ

400 4672 533 4731 sint,
555 4686 675 4741 qua:
695 4670 943 4727 videlicet
963 4672 1030 4725 ad
1061 4674 1237 4742 ipsum
1260 4671 1477 4729 Petrum
1504 4674 1649 4743 dicta
1670 4682 1818 4739 sunt,
1846 4674 1974 4730 Mat-

2094 4675 2293 4740 ζῶντος.
2332 4672 2672 4743 Ἀποκριθεὶς
2699 4672 2756 4725 δὲ
2794 4671 2999 4745 Ἰησοῦς
3035 4667 3187 4726 εἶπεν
3215 4671 3364 4743 αὐτῷ
3386 4689 3398 4702 ·
3446 4674 3639 4728 Μακά-

399 4764 577 4817 tlizeus
592 4763 677 4816 his
698 4762 901 4816 indicat
916 4764 1124 4818 verbis:
1146 4760 1287 4819 «Vos
1302 4771 1481 4818 autem
1499 4779 1660 4834 quem
1683 4781 1769 4821 me
1788 4765 1971 4820 dicitis

2094 4787 2185 4830 no;
2218 4768 2287 4832 εἷ,
2317 4769 2499 4838 Σίμων
2526 4767 2795 4838 Βαριωνᾶ,
2825 4769 2905 4820 ὅτι
2932 4764 3068 4836 σὰρξ
3097 4765 3190 4817 καὶ
3217 4759 3354 4835 αἷμα
3388 4767 3487 4819 οὐκ
3516 4768 3585 4820 ἐπ
3612 4796 3638 4807 -

397 4854 555 4909 esse?
580 4864 633 4908 et
655 4855 988 4923 respondens
1008 4854 1195 4909 Simon
1215 4854 1410 4911 Petrus
1431 4853 1601 4911 dixit:
1622 4854 1702 4911 Tu
1731 4871 1792 4912 es
1821 4854 1971 4911 Chri-

401 4954 523 5000 stus
544 4944 715 5000 Filius
732 4945 825 5001 Dei
850 4945 978 4999 vivi.
1007 4944 1362 5015 Respondeas
1380 4943 1539 5002 Jesus
1558 4944 1696 5001 dixit
1717 4945 1767 5002 ei
1799 4965 1813 5001 :
1838 4945 1965 5001 Bea-

399 5048 492 5091 tus
517 5052 599 5098 es,
628 5036 815 5091 Simon
846 5035 1100 5106 Barjona,
1118 5034 1375 5113 quoniam
1399 5049 1528 5090 caro
1542 5042 1598 5091 et
1615 5036 1839 5106 sanguis
1851 5051 1961 5091 non

398 5128 659 5183 revelavit
685 5128 813 5193 tibi,
845 5128 943 5185 sed
973 5125 1137 5199 Pater
1181 5143 1337 5184 meus
1372 5128 1466 5199 qui
1489 5135 1575 5183 est
1615 5128 1671 5182 in
1701 5129 1876 5195 caelis,
1909 5137 1962 5185 et

395 5233 498 5290 ego
525 5220 621 5275 tibi
647 5221 771 5276 dico
798 5240 812 5275 :
849 5221 930 5276 Tu
957 5235 1019 5276 es
1040 5216 1256 5285 Petrus,
1282 5227 1338 5275 et
1370 5234 1535 5288 super
1577 5218 1720 5274 hanc
1750 5228 1957 5289 petram

395 5313 673 5368 aedificabo
718 5313 1018 5372 Ecclesiam
1076 5324 1276 5377 meam,
1315 5319 1368 5367 et
1400 5318 1571 5382 portas
1618 5310 1813 5366 inferni
1847 5326 1957 5365 non

392 5405 757 5474 prtevalebunt
786 5405 1051 5459 adversus
1070 5410 1286 5468 eam;et
1314 5401 1455 5458 dabo
1487 5403 1585 5457 tibi
1611 5403 1792 5459 claves
1805 5404 1957 5474 regni

390 5496 673 5559 malorum,
686 5502 1085 5566 etquzecunque
1107 5494 1356 5566 ligaveris
1382 5510 1545 5565 super
1559 5502 1783 5563 terram,
1798 5502 1960 5552 erunt

386 5586 553 5657 ligata
578 5594 632 5640 et
656 5588 711 5640 in
739 5588 921 5644 cmlis:
961 5595 1015 5643 et
1039 5603 1374 5661 quacunque
1402 5588 1630 5643 solveris
1653 5603 1815 5660 super
1845 5596 1956 5645 ter-

491 5744 536 5779 "
561 5744 744 5801 Matth.
766 5763 820 5812 ς,
845 5746 900 5815 2,
925 5748 976 5803 ’5.
1054 5747 1097 5779 τε
1122 5746 1360 5813 Luc.vr,
1396 5745 1581 5802 l5-i‘5.

1823 5862 1904 5874 κθ-.
1916 5867 1921 5871 .

2067 4854 2301 4924 εκάλυψέ
2339 4871 2438 4917 σοι,
2473 4852 2586 4907 ἀλλ’
2624 4855 2653 4907 6
2680 4855 2867 4926 Πατήρ
2908 4871 3010 4924 μου
3050 4854 3079 4903 6
3114 4853 3170 4905 ὲν
3215 4854 3326 4917 τοῖς
3366 4854 3635 4926 οὐρανοῖς,

2067 4948 2161 5000 καὶ
2193 4945 2302 5015 ἐγώ
2355 4963 2436 4999 σοι
2468 4945 2643 5014 λέγω·
2682 4947 2754 5000 Σύ
2795 4943 2846 4999 εἷ
2886 4946 3111 5017 Πέτρος,
3160 4946 3254 5000 καὶ
3298 4946 3390 5000 ἐπὶ
3433 4946 3637 5018 ταύτην

2066 5038 2166 5108 τὴν
2214 5038 2416 5109 πέτραν
2452 5037 2789 5109 οἰκοδομήσω
2838 5054 2938 5109 μου
2983 5039 3081 5109 τὴν
3134 5037 3481 5108 Ἐκκλησίαν,
3538 5041 3633 5093 καὶ

2068 5129 2229 5184 πύλαι
2268 5131 2395 5202 ᾅδου
2422 5131 2481 5183 οὐ
2528 5130 2941 5200 κατισχύσουσιν
2986 5129 3176 5199 αὐτῆς·
3215 5131 3309 5184 καὶ⁵
3349 5129 3504 5183 δώσω
3548 5147 3632 5185 σοι

2066 5221 2164 5285 τὰς
2205 5220 2351 5284 κλεῖς
2391 5220 2490 5290 τῆς
2527 5218 2800 5289 βασιλείας
2842 5219 2949 5272 τῶν
2981 5218 3254 5291 οὐρανῶν·
3301 5219 3394 5272 καὶ
3431 5219 3530 5271 ὅσα
3564 5218 3631 5272 ἂν

2064 5315 2232 5386 δήσῃς
2264 5314 2355 5366 ἐπὶ
2383 5314 2481 5382 τῆς
2502 5312 2625 5382 γῆς,
2656 5311 2803 5365 ἔσται
2826 5312 3079 5381 δεδεμένα
3112 5313 3171 5364 ὲν
3201 5313 3314 5374 τοῖς
3344 5311 3591 5381 οὐρανοῖς
3611 5326 3627 5341 ο

2064 5404 2155 5456 καὶ
2183 5405 2284 5457 ὅσα
2317 5402 2382 5456 ἂν
2424 5401 2592 5474 λύσῃς
2629 5403 2721 5454 ἐπὶ
2764 5402 2861 5472 τῆς
2906 5403 3031 5472 γῆς,
3073 5401 3221 5455 ἔσται
3264 5400 3531 5471 λελυμένα
3571 5402 3629 5453 ὲν

2061 5496 2174 5558 τοῖς
2200 5494 2464 5565 οὐρανοῖς.
2503 5512 2521 5544 ι
2557 5493 2837 5547 Τοσούτων
2869 5494 3172 5566 εἰρημένων
3196 5491 3273 5562 τῷ
3307 5492 3497 5562 Πέτρῳ
3522 5489 3629 5545 ὑπὸ

2062 5585 2155 5639 τοῦ
2196 5584 2390 5671 Ἰησοῦ,
2434 5586 2468 5639 6
2494 5584 2739 5672 Μάρκος,
2776 5584 2939 5659 μηδὲν
2979 5584 3180 5654 τούτων
3227 5579 3623 5655 μνημονεύσας,
