4126 6478
437 431 540 488 217
1349 420 2000 478 DEMONSTRATIONIS
2030 421 2488 478 EVANGELICE
2510 421 2636 476 LIB.
2665 420 2754 478 lli.
3580 432 3687 481 κιδ

437 546 521 602 δτι
571 543 695 616 μηδ’
738 542 769 593 ὁ
802 539 1004 611 Πέτρος
1052 536 1226 602 ταῦθ’,
1267 536 1343 600 ὡς
1383 523 1548 600 εἰκὸς,
1583 540 1641 590 ὲν
1679 541 1800 601 ταῖς
1842 538 2006 591 αὑτοῦ
2040 548 2066 602 Α

2054 548 2083 601 ι
2108 552 2250 599 ram,
2269 545 2430 592 erunt
2451 538 2626 592 soluta
2643 547 2695 592 et
2718 538 2771 591 in
2790 537 2944 592 ccelis
2965 538 3029 592 ⁷⁸.
3045 556 3063 590 ι
3090 537 3226 593 Cum
3248 536 3363 593 lucc
3384 545 3492 592 tam
3515 542 3683 597 multa

436 629 807 692 διδασκαλίαις
832 627 1200 699 ὲξηγόρευσεν,
1230 626 1329 696 δρα
1349 626 1401 678 τί
1429 644 1611 697 φησιν,
1636 628 2006 697 ἐρωτήσαντος

2114 630 2258 683 dicta
2292 629 2403 683 sint
2432 627 2594 683 Petro
2623 629 2691 684 ab
2716 627 2867 693 Jesu,
2903 629 3118 685 Marcus
3149 631 3286 684 nihil
3309 631 3499 685 horum
3530 647 3682 687 com-

439 727 537 781 τοῦ
576 724 749 797 Ἰησοῦ
778 742 791 756 ο
824 741 843 773 ι
868 719 1206 792 Ἀποκριθεὶς
1232 722 1260 773 ὁ
1284 720 1487 791 Πέτρος
1537 720 1720 788 λέγει·
1770 721 1841 775 Συ
1888 716 1939 773 εἷ
1979 724 2008 775 ό

2109 735 2439 781 memorans,
2454 729 2737 790 propterea
2755 718 2897 791 quod
2915 738 2983 776 ne
3002 721 3196 778 Petrus
3215 723 3453 792 quidem,
3467 727 3683 780 utveri-

438 817 693 889 Χριστός.
732 814 839 867 Καὶ
868 811 1196 881 ἐπετίμησεν
1222 811 1423 874 αὐτοῖς,
1450 811 1538 865 ἵνα
1578 811 1766 881 μηδενὶ
1805 812 2004 880 λέγωσι

2105 810 2281 865 simile
2295 818 2378 865 est
2402 812 2527 863 talia
2550 811 2602 864 in
2630 812 2745 865 suis
2768 813 3170 867 narrationibus
3192 815 3511 879 enuntiavit,
3529 816 3676 882 audi,

440 908 572 977 περὶ
597 903 776 959 αὑτοῦ.
816 922 835 954 ι
878 902 1063 956 Ταῦτα
1096 901 1193 971 μὲν
1226 896 1318 953 οὖν
1346 902 1374 953 ὁ
1408 901 1611 972 Πέτρος
1643 902 1865 966 εἰκότως
1903 920 2006 955 πα-

2099 901 2233 971 quid
2264 900 2432 964 dicat,
2462 908 2584 971 post
2621 900 2749 957 Jesu
2798 903 3314 973 interrogationem:
3361 924 3380 957 ι
3429 905 3680 976 Respon-

443 994 809 1067 ρασιωπᾶσθαι
834 993 985 1063 ἠξίου
1005 1004 1020 1023 ⁸
1062 991 1142 1045 διὸ
1172 993 1265 1045 καὶ
1286 992 1507 1064 Μάρκος
1529 992 1666 1045 αὐτὰ
1697 994 1961 1065 παρέλιπε
1986 1012 1999 1025 ο

2103 990 2259 1051 dens,
2304 990 2498 1059 inquit,
2526 988 2719 1043 Petrus
2747 990 2877 1044 dicit
2904 1009 2918 1044 :
2943 989 3023 1044 Tu
3053 1007 3112 1046 es
3141 992 3414 1056 Christus,
3447 999 3501 1047 et
3528 1009 3679 1048 com-

439 1085 508 1136 τὰ
539 1084 592 1135 δὲ
634 1082 769 1135 κατά
798 1081 894 1152 τὴν
924 1081 1153 1152 ἄρνησιν
1196 1080 1360 1133 αὐτοῦ
1395 1083 1474 1144 εἰς
1502 1083 1710 1145 πάντας
1738 1082 2002 1154 ἐκήρυξεν

2106 1081 2349 1135 minatus
2401 1091 2484 1135 est
2512 1081 2616 1143 eis,
2656 1089 2716 1136 ut
2750 1082 2953 1135 nemini
2998 1082 3241 1137 dicerent
3290 1084 3357 1139 dc
3408 1084 3527 1155 ipso
3544 1085 3613 1138 ".
3652 1104 3672 1138 ι

438 1172 769 1245 ἀνθρώπους.
826 1173 979 1227 Ἐπεὶ
1016 1173 1108 1225 καὶ
1154 1172 1413 1225 ἔκλαυσεν
1458 1173 1544 1226 ἐπ’
1588 1175 1724 1246 αύτῇ
1767 1175 1997 1247 πικρῶς.

2104 1170 2228 1226 Harc
2259 1187 2391 1227 sane
2429 1171 2625 1227 Petrus
2660 1174 2854 1226 merito
2884 1174 3112 1227 tacenda
3155 1175 3423 1243 judicavit
3459 1195 3472 1230 :
3507 1192 3679 1246 quare

438 1263 631 1336 Εὖροις
677 1262 721 1315 δ’
764 1257 855 1315 οὖν
897 1263 989 1316 τὸν
1044 1262 1268 1332 Μάρκον
1317 1262 1628 1335 ἱστοροῦντα
1672 1266 1798 1336 περὶ
1836 1266 2000 1319 αὑτοῦ

2103 1262 2265 1316 etiam
2307 1262 2523 1318 Marcus
2547 1280 2610 1318 ea
2644 1265 2929 1334 praeteriit.
2965 1264 3096 1330 Quae
3126 1275 3304 1321 autem
3335 1267 3404 1320 ad
3432 1269 3678 1339 negatio-

430 1352 555 1404 τάδε
580 1369 594 1382 ’
647 1372 665 1403 ι
703 1353 813 1405 Καὶ
843 1352 994 1415 ὄντος
1037 1351 1130 1405 τοῦ
1158 1352 1363 1424 Πέτρου
1404 1356 1460 1407 ἐν
1487 1359 1552 1427 τῇ
1594 1356 1752 1426 αύλῆ,
1784 1356 2000 1428 ἔρχεται

2100 1368 2221 1407 nem
2236 1369 2386 1407 suam
2402 1356 2765 1422 pertinebant,
2790 1358 2842 1410 in
2862 1372 3053 1411 omnes
3083 1357 3330 1414 homines
3362 1361 3586 1430 pretulit
3609 1377 3673 1417 ac

433 1444 566 1515 πρὸς
596 1445 756 1497 αὐτὸν
807 1445 904 1515 μία
934 1444 1041 1497 τῶν
1077 1443 1370 1497 παιδίσκων
1409 1447 1502 1498 τοῦ
1548 1448 1865 1518 ἀρχιερέως,
1908 1449 2002 1501 καὶ

2101 1436 2428 1512 publieavit:
2455 1447 2709 1515 quoniam
2734 1455 2854 1516 post
2876 1448 3022 1501 illam
3047 1446 3189 1503 ﬂevit
3206 1464 3404 1506 amare.
3426 1450 3673 1508 Invenies

432 1536 613 1589 ἰδοῦσα
647 1536 809 1589 αὐτὸν
833 1536 1273 1607 θερμαινόμενον,
1300 1538 1614 1608 ἐμϐλέψασα
1643 1539 1790 1610 αὐτῷ
1818 1541 1963 1610 λέγει
1983 1558 1997 1571 ’

2097 1536 2280 1603 itaque
2302 1536 2368 1589 de
2389 1552 2453 1591 eo
2475 1547 2787 1593 narrantem
2810 1538 3050 1591 Marcum
3083 1556 3096 1591 :
3126 1557 3143 1588 ‹
3174 1538 3378 1593 Etcum
3406 1548 3550 1596 esset
3571 1540 3679 1596 Pe-.

427 1624 539 1676 Καὶ
571 1626 634 1677 σὺ
669 1625 806 1695 μετά
851 1626 1022 1694 Ἰησοῦ
1051 1626 1142 1679 τοῦ
1171 1628 1489 1697 Ναζωραίου
1512 1626 1601 1700 ἧς.
1647 1631 1702 1684 Ὀ
1739 1632 1794 1685 δὲ
1832 1634 2000 1706 ἠρνή-

2098 1633 2216 1680 trus
2252 1626 2307 1679 in
2338 1627 2497 1689 atrio,
2528 1629 2673 1682 venit
2705 1630 2768 1682 ad
2796 1644 2917 1683 eum
2952 1644 3060 1682 una
3111 1644 3174 1683 ex
3208 1631 3421 1685 ancillis
3470 1633 3670 1687 summi

430 1730 561 1768 σατο
585 1714 756 1784 λέγων
779 1733 795 1746 σ
826 1715 961 1769 Οὔτε
983 1717 1277 1788 ἐπίσταμαι
1309 1719 1363 1772 τί
1400 1722 1463 1774 σὺ
1488 1721 1693 1790 λέγεις’
1725 1726 1818 1777 καὶ
1842 1725 1998 1796 ἐξῆλ-

2098 1718 2421 1778 sacerdotis,
2468 1725 2679 1773 etcum
2726 1719 2953 1773 vidisset
2998 1718 3216 1772 Petrum
3254 1721 3665 1776 calefacientem

426 1810 519 1865 θεν
564 1814 645 1875 εἰς
686 1814 747 1866 τὸ
790 1813 893 1877 ἔξω
940 1814 1248 1884 προαύλιον,
1296 1816 1389 1869 καὶ
1439 1817 1683 1889 ἀλέκτωρ
1725 1819 1989 1890 ὲφώνησε.

2093 1824 2173 1872 se,
2206 1809 2479 1877 aspiciens
2520 1811 2693 1876 illum,
2724 1811 2799 1864 ait
2834 1830 2846 1865 :
2879 1810 2943 1864 Et
2975 1820 3033 1864 tu
3062 1826 3185 1865 cum
3219 1810 3349 1867 Jesu
3384 1812 3669 1868 Nazareno

424 1902 595 1956 Πάλιν
632 1904 688 1957 δὲ
735 1903 911 1956 ἰδοῦσα
949 1906 1108 1962 αὐτὸν
1150 1910 1181 1978 ἡ
1232 1909 1509 1978 παιδίσκη,
1564 1910 1763 1983 ἧρξατο
1814 1912 1990 1981 λέγειν
2022 1892 2053 1952 ﬂ

2039 1893 2236 1963 Beras,
2273 1907 2328 1953 at
2381 1901 2472 1955 ille
2516 1904 2730 1973 negavit
2790 1903 3017 1957 dicens:
3050 1903 3235 1972 Neque
3280 1905 3431 1969 novi,
3489 1919 3668 1976 neque

424 1998 536 2058 τοῖς
564 1995 906 2067 παρεστῶσιν
935 2013 948 2027 ·
983 1992 1148 2062 Οὗτος
1168 1999 1225 2066 ἐξ
1250 2001 1427 2055 αὐτῶν
1453 1997 1619 2055 ἐστιν.
1665 2004 1723 2055 '0
1747 2004 1803 2057 δὲ
1834 2006 1995 2058 πάλιν

2094 1991 2210 2044 scio
2238 1990 2370 2059 quid
2391 1991 2565 2054 dicas,
2595 2000 2647 2046 et
2673 1994 2839 2047 exivit
2873 1993 3019 2048 foras
3052 2003 3176 2049 ante
3208 1999 3426 2058 atrium,
3464 2004 3519 2051 et
3552 1997 3666 2067 gal-

425 2088 716 2159 ἠρνήσατο.
759 2090 868 2143 Καὶ
903 2089 1042 2161 μετὰ
1074 2092 1266 2163 μικρὸν
1297 2092 1456 2146 πάλιν
1492 2095 1842 2165 παρεστῶτες
1876 2097 1993 2149 ἕλε-

2092 2080 2179 2135 lus
2212 2083 2469 2135 cantavit.
2502 2081 2716 2138 Rursus
2756 2090 2936 2135 autem
2965 2097 3087 2135 cum
3117 2083 3343 2137 vidisset
3382 2084 3533 2137 illum
3565 2099 3666 2137 ana

426 2194 521 2245 γον
551 2178 628 2250 τῷ
655 2179 846 2251 Πέτρῳ
867 2197 880 2211 σ
926 2182 1164 2252 Ἀληθῶς
1186 2183 1243 2249 ἐξ
1270 2184 1447 2237 αὐτῶν
1475 2181 1543 2248 εἴ,
1573 2186 1667 2238 καὶ
1696 2185 1801 2256 γάρ
1836 2186 1873 2237 Γ
1876 2187 1992 2240 αλι-

2090 2171 2235 2236 eilla,
2262 2174 2423 2240 carpit
2449 2173 2630 2227 dicere
2656 2173 3143 2227 circumstantibus
3169 2193 3182 2227 :
3216 2172 3315 2227 Hic
3340 2190 3404 2228 ex
3426 2176 3532 2230 illis
3554 2182 3660 2241 est,

422 2267 570 2333 λαῖος
601 2266 669 2325 εἴ.
721 2272 777 2323 Ὀ
816 2273 873 2325 δὲ
919 2272 1119 2344 ἤρξατο
1160 2275 1577 2346 ἀναθεματίζειν
1611 2279 1705 2330 καὶ
1748 2278 1988 2348 ὀμνύειν,

2091 2267 2148 2312 at
2199 2258 2292 2312 ille
2344 2260 2542 2314 iterum
2588 2261 2851 2329 negavit:
2886 2260 2949 2313 Et
2998 2268 3119 2329 post
3154 2261 3432 2329 pusillum,
3468 2278 3662 2319 rursus

420 2359 501 2412 ὅτι
533 2362 646 2414 Οὐκ
676 2358 790 2416 οἶδα
835 2364 926 2417 τὸν
969 2364 1253 2434 ἄνθρωπον
1295 2367 1501 2430 τοῦτον,
1544 2368 1603 2421 ὃν
1645 2368 1861 2436 λέγετε·
1896 2371 1991 2423 καὶ

2090 2349 2183 2419 qui
2211 2349 2461 2403 astabant
2496 2350 2750 2404 dicebant
2767 2350 2926 2405 Petro
2965 2369 2977 2403 :
3016 2350 3153 2405 Vere
3181 2365 3248 2404 ex
3281 2351 3389 2404 illis
3419 2365 3499 2415 es,
3534 2368 3658 2407 nam

423 2450 620 2514 εὐθέως
650 2455 713 2505 ὲκ
741 2453 988 2526 δευτέρου
1022 2456 1265 2529 ἀλέκτωρ
1299 2458 1560 2528 ὲφώνησε.
1596 2478 1614 2511 ι
1639 2460 1863 2531 Μάρκος
1892 2463 1989 2532 μὲν

2089 2450 2145 2495 et
2173 2438 2427 2494 Galilzeus
2468 2456 2528 2495 es
2564 2459 2577 2494 :
2607 2442 2698 2497 ille
2748 2454 2927 2496 autem
2968 2441 3135 2511 cmpit
3177 2442 3658 2506 anathematizare,

425 2540 595 2596 ταῦτα
630 2544 830 2614 γράφει
854 2562 868 2575 ο
904 2545 1108 2617 Πέτρος
1146 2547 1202 2601 δὲ
1237 2548 1411 2602 ταῦτα
1456 2551 1582 2621 περὶ
1626 2550 1820 2616 ἑαυτοῦ
1851 2531 1988 2623 μαρ-

2087 2539 2143 2586 et
2188 2531 2398 2600 jurare,
2430 2533 2574 2601 quod
2621 2533 2807 2587 nescio
2843 2532 3116 2586 hominem
3160 2533 3348 2594 istum,
3389 2547 3549 2601 quem
3576 2533 3663 2587 di-

422 2634 609 2702 τυρεῖ·
642 2635 813 2689 πάντα
843 2636 950 2710 γάρ
980 2639 1048 2691 τά
1074 2640 1222 2711 παρὰ
1251 2642 1461 2711 Μάρκῳ
1486 2641 1594 2694 τῶν
1629 2643 1835 2711 Πέτρου
1874 2644 1988 2697 δια-

2088 2623 2216 2679 citis
2257 2640 2273 2678 :
2308 2631 2360 2679 et
2404 2625 2588 2679 statim
2616 2625 2792 2695 gallus
2826 2626 3024 2679 iterum
3055 2627 3302 2680 cantavit
3332 2627 3398 2679 ⁷⁸.
3446 2644 3465 2677 ι
3503 2626 3661 2697 122

419 2698 618 2787 λέξεων
657 2721 793 2779 εἶναι
834 2698 1045 2795 λέγεται
1094 2698 1644 2804 ἀπομνημονεύματα.
1694 2698 1757 2788 Oi
1798 2735 1861 2806 δὴ
1893 2731 1985 2789 οὖν

2086 2712 2302 2768 Marcus
2332 2715 2548 2783 quidem
2582 2715 2697 2769 hate
2718 2716 2926 2778 scribit,
2952 2730 3016 2768 ac
3034 2713 3230 2771 Petrus
3250 2716 3364 2770 haec
3385 2717 3454 2771 de
3477 2718 3660 2788 seipso

417 2813 486 2868 τὰ
519 2813 616 2883 μὲν
642 2814 864 2880 δόξαντα
898 2819 1081 2882 αὐτοῖς
1112 2819 1320 2891 ἀγαθὴν
1351 2822 1536 2892 φέρειν
1569 2825 1753 2895 φήμην
1783 2804 1984 2895 παραι-

2085 2804 2411 2858 testificatur
2441 2823 2455 2859 :
2487 2805 2671 2859 omnia
2699 2807 2841 2861 enim
2868 2820 2990 2875 qua:
3014 2807 3158 2875 apud
3193 2806 3435 2861 Marcum
3468 2807 3658 2877 legun-

414 2905 684 2973 τούμενοι,
727 2905 825 2969 τὰς
856 2906 911 2959 δὲ
939 2906 1060 2960 καθ’
1105 2910 1310 2963 ἑαυτῶν
1336 2910 1586 2974 διαὸολὰς
1629 2894 1715 2976 εἰς
1748 2894 1980 2986 ἄληστον

2084 2903 2194 2956 tur,
2237 2894 2612 2948 narrationum
2637 2910 3058 2964 sermonumque
3082 2894 3227 2949 Petri
3255 2895 3514 2950 dicuntur
3534 2911 3659 2952 esse

414 2992 586 3045 αἰῶνα
612 2994 1071 3066 καταγράφοντες,
1103 2999 1196 3051 καὶ
1228 2998 1335 3053 τῶν
1371 3000 1867 3073 πλημμεληθέντων
1894 3006 1985 3059 αὐ-

2082 2988 2494 3041 commentaria.
2526 2987 2629 3052 Qui
2667 2988 2834 3057 igitur
2859 3002 2922 3041 ea
2962 3004 3083 3057 qua:
3121 2997 3370 3057 poterant
3396 2988 3529 3057 ipsis
3568 2987 3655 3041 af-

412 3084 527 3147 τοῖς
569 3085 668 3147 τὰς
701 3087 1051 3157 κατηγορίας,
1087 3086 1154 3151 ἃς
1190 3089 1288 3142 οὐκ
1317 3089 1382 3143 ἀν
1414 3108 1496 3155 τις
1528 3090 1668 3159 ἔγνω
1697 3092 1806 3147 τῶν
1842 3096 1980 3164 μετά

2082 3076 2224 3133 ferre
2259 3078 2460 3133 bonam
2507 3077 2726 3143 famam,
2770 3087 3048 3144 recusant,
3082 3080 3493 3134 criminationes
3525 3093 3654 3134 vero

407 3175 600 3240 ταῦτα,
626 3178 675 3229 εἰ
707 3179 779 3248 μὴ
818 3178 905 3231 διὰ
931 3180 1032 3249 τῆς
1054 3180 1230 3233 αὐτῶν
1262 3181 1461 3252 ἔμαθεν
1501 3184 1684 3254 φωνῆς
1706 3184 1827 3238 καθ’
1856 3188 1981 3241 ἑαυ-
2007 3225 2036 3254 ,-

2025 3225 2047 3245 κ
2083 3177 2273 3224 contra
2303 3171 2536 3238 seipsos,
2556 3171 2899 3240 sempiternae
2923 3176 3198 3226 memoriae
3224 3173 3276 3225 in
3299 3173 3519 3241 scriptis
3537 3172 3654 3228 suis

421 3225 600 3240 -'-'"'v
630 3225 674 3229 -ν
707 3225 779 3248 r't
822 3225 904 3231 ""
943 3225 1028 3249 --ιν
1056 3225 1116 3233 ν’*
1136 3225 1225 3233 "'"
1263 3225 1457 3252 't""""'
1503 3225 1681 3254 T‘""t’
1709 3225 1807 3238 "*V
1856 3225 1980 3241 “"—

408 3268 517 3321 τῶν
540 3269 960 3341 στηλιτεύοντες,
990 3273 1107 3336 πῶς
1126 3273 1187 3326 οὐ
1208 3274 1490 3343 φιλαυτίας
1518 3277 1615 3347 μὲν
1639 3278 1856 3350 ἀπάσης
1884 3282 1977 3334 καὶ
2006 3225 2037 3282 c

2023 3225 2049 3282 3
2081 3258 2488 3323 commendant,
2520 3266 2574 3313 et
2599 3225 2788 3313 eorum
2827 3276 2948 3330 quae
2977 3261 3047 3316 ab
3095 3261 3232 3330 ipsis
3262 3272 3482 3331 peccata
3521 3269 3652 3316 sunt

407 3359 756 3430 ψευδολογίας
782 3362 937 3426 ὲκτὸς
963 3363 1241 3432 γεγονέναι
1274 3365 1495 3430 ἐνδίκως
1518 3367 1584 3421 ἂν
1613 3367 1973 3438 ὁμολογοῖντο,

2078 3352 2479 3417 accusationes,
2509 3367 2647 3420 quas
2678 3354 3039 3422 posteriorum
3073 3355 3257 3409 nullus
3286 3370 3525 3424 unquam
3555 3370 3652 3409 co~

406 3448 732 3520 φιλαλήθους
757 3450 813 3504 δὲ
837 3451 1126 3516 διαθέσεως
1159 3455 1302 3524 σαφῆ
1342 3457 1436 3508 καὶ
1473 3458 1676 3529 ἐναργῆ
1703 3461 1974 3531 τεκμήρια

2076 3444 2371 3511 gnovissct,
2403 3444 2510 3497 nisi
2551 3444 2791 3512 ipsorum
2832 3445 3053 3515 scriptis
3086 3445 3389 3513 didicisset,
3434 3446 3649 3516 publice

408 3538 847 3608 παρεσχηκέναι;
874 3541 935 3593 Οἱ
957 3539 1012 3592 δέ
1041 3556 1104 3608 γε
1128 3542 1255 3604 τοὺς
1285 3544 1522 3596 τοιούσδε
1551 3545 1858 3599 πεπλάσθαι
1880 3549 1975 3602 καὶ

2075 3535 2145 3589 ab
2173 3536 2429 3590 omnibus
2462 3535 2711 3605 legendas
2755 3545 3087 3606 proponunt,
3118 3552 3218 3591 cur
3247 3552 3355 3592 non
3397 3538 3466 3592 ab
3495 3538 3644 3593 omni

406 3626 842 3695 καταψεύσασθαι
865 3628 1197 3699 νομίζοντες,
1233 3633 1325 3685 καὶ⁸
1355 3628 1442 3687 οἷα
1479 3634 1699 3699 πλάνοις
1737 3635 1974 3709 βλασφη-

2073 3628 2140 3684 de
2191 3630 2387 3698 seipsis
2447 3630 2738 3699 Opinione,
2787 3631 3047 3699 omnique
3104 3630 3393 3685 mendacio
3448 3632 3643 3685 merito

408 3720 525 3785 μεῖν
548 3716 895 3789 πειρώμενοι,
928 3720 1044 3783 πῶς
1067 3723 1168 3775 οὐκ
1195 3722 1261 3775 ἂν
1285 3724 1523 3792 γένοιντο
1546 3727 1935 3795 καταγέλαστοι
1954 3745 1968 3793 ;

2073 3722 2366 3777 abhorrere
2411 3721 2742 3775 credantur?
2777 3723 3052 3790 studiique
3077 3737 3207 3791 erga
3239 3722 3520 3776 veritatem
3553 3737 3643 3777 ar-

403 3808 546 3877 φίλοι
590 3811 689 3880 μὲν
732 3811 925 3880 φθόνου
970 3815 1064 3867 καὶ
1115 3813 1434 3891 βασκανίας,
1477 3817 1658 3888 ἐχθροί
1701 3818 1758 3872 δὲ
1804 3821 1971 3890 αὐτῆς

2069 3819 2326 3884 gumenta
2374 3812 2679 3867 certissima
2716 3813 2992 3881 praebere?
3020 3813 3124 3876 Qui
3165 3827 3293 3866 vero
3329 3813 3463 3866 tales
3493 3811 3641 3867 viros

400 3899 657 3971 ἀληθείας
689 3902 1055 3973 ἁλισκόμενοι,
1088 3904 1142 3957 οἵ
1164 3921 1225 3973 γε
1252 3906 1377 3969 τοὺς
1401 3904 1571 3969 οὕτως
1593 3906 1969 3979 ἀπανούργους

2071 3903 2382 3957 fictionibus
2421 3916 2570 3963 usos,
2606 3917 2669 3957 ac
2717 3902 2975 3955 mentitos
3022 3909 3237 3971 putant,
3282 3910 3337 3956 et
3377 3909 3637 3971 tanquam

397 3992 494 4045 καὶ
525 3991 796 4047 ἄπλαστον
829 3994 903 4057 ὡς
934 3993 1149 4064 ἀληθῶς
1181 3996 1276 4049 καὶ
1303 3996 1559 4069 ἀκέραιον
1584 3993 1715 4068 ἦθος
1743 3999 1829 4052 διὰ
1861 3999 1967 4051 τῶν

2068 3995 2392 4064 impostores
2435 3993 2654 4048 infamia
2684 3993 3006 4062 probrisque
3022 4001 3212 4047 notare
3234 4002 3524 4060 conantur,
3541 4008 3640 4047 cur

394 4082 608 4137 οἰκείων
636 4084 808 4153 λόγων
837 4084 1321 4156 ἐπιδεδειγμένους,
1346 4087 1681 4159 πανούργους
1696 4088 1847 4152 τινάς
1874 4090 1967 4143 καὶ

2066 4101 2175 4140 non
2205 4085 2308 4155 ipsi
2343 4085 2525 4154 potius
2557 4090 2612 4140 et
2637 4084 2852 4138 ridiculi
2895 4094 3044 4147 sunt,
3080 4091 3135 4139 et
3161 4084 3287 4138 odio
3324 4083 3637 4154 invidiaque

394 4174 600 4240 δεινοὺς
626 4177 965 4232 ὑποτίθενται
997 4178 1273 4247 σοφιστὰς,
1299 4178 1374 4242 ὡς
1396 4178 1465 4232 τὰ
1498 4181 1572 4251 μὴ
1602 4179 1733 4233 ὄντα
1763 4180 1967 4235 πλασα-

2063 4177 2234 4247 digni,
2288 4185 2546 4246 tanquam
2597 4178 2777 4231 omnis
2822 4176 3065 4231 veritatis
3092 4176 3295 4230 inimici
3330 4176 3636 4230 habentur?

397 4268 610 4337 μένους,
639 4270 732 4321 καὶ
759 4267 836 4339 τῷ
882 4268 1066 4338 οἰκείῳ
1090 4269 1393 4340 διδασκάλῳ
1418 4269 1486 4323 τὰ
1522 4271 1595 4342 μὴ
1632 4272 1765 4343 πρὸς
1798 4273 1961 4327 αὑτοῦ

2064 4269 2153 4339 qui
2181 4269 2397 4339 quidem
2421 4269 2568 4324 viros
2599 4279 2707 4323 tam
2739 4268 2808 4324 ab
2827 4267 2974 4322 omni
2999 4267 3206 4321 malitia
3232 4268 3462 4330 alienos,
3492 4274 3633 4321 tam-

394 4355 705 4426 πραχθέντα
732 4358 1139 4429 κεχαρισμένως
1174 4358 1487 4423 ἀναθέντας.
1533 4362 1619 4425 Ὠς
1656 4358 1714 4415 εὖ
1756 4381 1845 4433 μοι
1878 4363 1963 4417 δο-

2062 4371 2168 4425 que
2202 4357 2319 4411 sine
2370 4355 2517 4421 fuco,
2548 4371 2784 4426 vereque
2834 4356 3111 4410 sincerum
3156 4356 3397 4410 animum
3429 4357 3482 4410 in
3515 4358 3633 4414 suis

391 4449 479 4500 κεῖ
514 4446 762 4519 εἰρῆσθαι
788 4465 801 4478 ο
844 4449 1027 4501 Πάντα
1058 4449 1160 4520 χρὴ
1210 4451 1483 4505 πιστεύειν
1510 4455 1621 4516 τοῖς
1651 4454 1744 4506 τοῦ
1786 4454 1958 4527 Ἰησοῦ

2062 4445 2283 4517 scriptis
2309 4461 2420 4516 prae
2444 4461 2504 4501 se
2536 4445 2796 4508 ferentes,
2826 4446 3131 4501 malitiosos
3154 4446 3416 4515 quosdam
3439 4453 3493 4501 et
3519 4448 3633 4502 cal-

394 4530 678 4605 μαθηταῖς,
708 4534 740 4605 ἢ
788 4536 860 4606 μή
879 4552 892 4565 ·
927 4537 1020 4588 καὶ
1051 4538 1098 4588 εἰ
1144 4537 1327 4606 μόνοις
1353 4541 1560 4604 τούτοις
1622 4546 1733 4606 τοῖς
1764 4544 1960 4615 άνδρά-
1991 4568 2023 4622 ῃ

2000 4568 2033 4622 D
2061 4537 2202 4592 lidos
2258 4538 2461 4591 audent
2507 4536 2707 4605 ﬁngere
2750 4536 3046 4606 sophistas,
3078 4543 3338 4605 tanquam
3395 4551 3491 4593 eos
3533 4538 3629 4607 qui

394 4638 476 4675 σιν
500 4623 842 4696 ἀπιστητέον,
868 4626 962 4678 καὶ
986 4629 1098 4688 τοῖς
1130 4629 1312 4691 πᾶσιν,
1337 4629 1531 4693 οἵτινές
1556 4632 1672 4684 ποτ’
1697 4632 1806 4705 ἄρα
1829 4634 1957 4705 παρ’

2059 4628 2321 4698 quidquid
2346 4627 2662 4697 scripserint
2690 4627 2981 4681 commenti
3016 4627 3147 4690 sint,
3180 4635 3235 4681 et
3269 4642 3372 4683 suo
3425 4642 3629 4696 praece-

392 4714 665 4786 Ἐλλησιν,
707 4718 928 4790 ἣρπαρά
965 4719 1259 4793 βαρϐάροις
1305 4723 1450 4792 βίους
1491 4726 1583 4779 καὶ
1631 4725 1819 4794 λόγους
1866 4729 1958 4782 καὶ

2060 4722 2227 4789 ptori,
2258 4735 2378 4788 qua:
2411 4720 2500 4773 ille
2531 4732 2808 4786 nunquam
2838 4718 3046 4780 fecerit,
3074 4719 3140 4772 ad
3167 4720 3396 4789 gratiam
3425 4719 3631 4773 tribue-

388 4804 920 4878 ἀπομνημονεύματα
952 4810 1059 4864 τῶν
1085 4813 1224 4866 κατά
1256 4814 1477 4885 χρόνους
1509 4815 1602 4867 ἐπί
1645 4832 1785 4868 τισιν
1821 4818 1956 4886 ἁγα-

2056 4810 2204 4863 rint?
2243 4808 2382 4863 Sane
2434 4807 2715 4862 commode
2762 4808 2894 4860 milii
2943 4808 3149 4861 dictum
3195 4807 3411 4862 videtur
3464 4826 3477 4860 :
3526 4812 3624 4861 aut

389 4894 501 4960 θοῖς
530 4898 912 4970 κατορθώμασι
956 4900 1256 4973 βοηθέντων
1295 4906 1726 4975 συνεγράψαντο-
1760 4907 1792 4978 ἢ
1844 4913 1956 4974 τοῖς

2057 4915 2282 4970 prorsus
2332 4900 2553 4954 credere
2574 4906 2787 4968 oportet
2812 4896 2940 4953 Jcsu
2971 4899 3276 4968 discipulis,
3309 4899 3355 4952 si
3399 4896 3625 4965 reliquis

390 4990 488 5059 μὲν
511 4990 689 5054 ἄλλοις
720 4992 994 5047 πιστεύειν
1018 4994 1254 5064 εὔλογον,
1294 4997 1475 5067 μόνοις
1499 4997 1554 5050 δὲ
1594 4999 1805 5061 τούτοις
1835 5001 1956 5053 ἀπι-

2056 5006 2272 5061 quoque
2323 4990 2683 5059 scriptoribus
2717 5009 2730 5044 :
2763 4998 2857 5044 aut
2900 4991 2947 5046 si
2998 5007 3104 5045 non
3136 4990 3244 5053 his,
3287 5005 3356 5043 ne
3396 4988 3621 5057 reliquis

386 5086 547 5136 στεῖν.
573 5084 685 5137 Καὶ
712 5084 827 5148 πῶς
857 5086 955 5138 ούκ
988 5087 1231 5159 ἐμφανὴς
1256 5089 1285 5140 ὁ
1318 5089 1544 5158 φθόνος;
1573 5091 1712 5144 Τίδέ
1737 5107 1751 5157 ;
1775 5093 1824 5144 οἱ
1848 5110 1949 5146 κα-

2053 5084 2289 5153 quidem.
2324 5084 2437 5138 Cur
2467 5083 2640 5147 enim,
2671 5083 2715 5137 si
2739 5084 2870 5137 solis
2902 5084 2986 5138 bis
3017 5083 3152 5135 viris
3189 5078 3519 5138 detrahenda
3548 5080 3620 5134 sit

382 5161 766 5242 ταψῖευδόμενοι
791 5174 884 5226 τοῦ
909 5176 1255 5241 Διδασκάλου,
1285 5179 1378 5231 καὶ
1401 5178 1468 5231 τὰ
1498 5178 1571 5250 μὴ
1598 5180 1858 5247 γεγονότα
1881 5183 1946 5252 τῇ

2052 5177 2206 5242 fides,
2234 5192 2340 5230 non
2365 5177 2525 5231 etiam
2566 5176 2795 5246 reliquis
2828 5176 3088 5232 omnibus
3109 5213 3123 5238 ,
3158 5175 3472 5243 quicunque
3509 5189 3615 5227 un-

383 5263 561 5315 αὐτῶν
590 5264 970 5334 παραδιδόντες
1006 5272 1212 5339 γραφῇ,
1255 5266 1364 5341 ἆρα
1391 5271 1483 5324 καὶ
1511 5270 1580 5324 τὰ
1611 5270 1757 5339 πάθη
1816 5288 1949 5323 κατ-

2052 5284 2214 5338 quam
2257 5277 2351 5322 aut
2381 5270 2521 5338 apud
2546 5269 2786 5331 Graecos,
2820 5276 2913 5322 aut
2961 5266 3100 5335 apud
3132 5264 3413 5327 barbaros,
3450 5266 3616 5328 vitas,

381 5354 677 5422 εψεύσαντο
737 5355 934 5420 aurai};
968 5357 1066 5428 τὴν
1107 5361 1225 5424 ἑνὸς
1255 5361 1396 5429 λέγω
1446 5361 1700 5433 μαθητῶν
1760 5362 1948 5432 προδο-

2049 5366 2143 5411 aut
2173 5359 2466 5421 orationes,
2495 5367 2587 5413 aut
2612 5357 2998 5413 commentaria
3029 5353 3495 5422 conscripserunt,
3519 5368 3616 5407 co-

382 5443 522 5508 σίαν,
573 5444 666 5499 καὶ
697 5446 795 5517 τὴν
836 5447 942 5501 τῶν
978 5452 1324 5518 συκοφαντῶν
1356 5454 1704 5525 κατηγορίαν,
1749 5454 1944 5523 χλεύας

2046 5465 2166 5504 rum
2188 5452 2279 5520 qui
2312 5452 2482 5507 variis
2509 5450 2844 5519 temporibus
2878 5448 2933 5500 in
2967 5445 3149 5511 aliquo
3168 5459 3367 5514 genere
3393 5443 3614 5499 virtutis

377 5550 438 5589 τε
467 5537 560 5590 καὶ
586 5536 917 5608 διασυρμοὺς
946 5539 1235 5603 δικαστῶν,
1264 5541 1360 5605 τάς
1387 5559 1445 5594 τε
1481 5541 1663 5614 ὕϐρεις
1708 5543 1799 5597 καὶ
1843 5542 1942 5607 τὰς

2046 5548 2208 5613 atque
2236 5541 2415 5607 oﬂieii,
2443 5539 2827 5610 praestiterint?
2856 5543 2950 5590 aut
2974 5535 3021 5589 si
3060 5533 3198 5588 dicis
3237 5534 3358 5589 aliis
3390 5534 3612 5603 quidem

376 5624 590 5697 πληγὰς
609 5626 708 5691 τὰς
741 5628 879 5681 κατά
914 5630 1226 5701 προσώπου,
1272 5632 1539 5702 μάστιγάς
1570 5651 1629 5688 τε
1668 5634 1810 5687 κατὰ
1840 5632 1942 5687 νὼ-

2045 5633 2265 5691 credere
2312 5647 2528 5704 tequum
2576 5644 2738 5696 esse,
2773 5634 2829 5681 at
2882 5626 2967 5682 liis
3020 5624 3150 5680 solis
3186 5639 3295 5680 non
3339 5623 3608 5684 credere:

448 5800 494 5834 "
518 5801 704 5859 Matth.
741 5822 851 5869 xw.
883 5808 1052 5865 1549
1150 5810 1194 5843 ⁷³
1223 5803 1356 5862 ibid.
1384 5805 1475 5861 20.
1552 5803 1780 5863 "Marc.
1807 5823 1917 5878 xlv,
1944 5807 2131 5867 66-12.
