4126 6426
547 309 654 364 219
1191 316 1461 375 EUSEBII
1493 323 1975 385 CESABIENSlS
2007 328 2158 388 OPP.
2194 333 2376 396 PARS
2415 340 2480 396 ll.
2521 371 2595 385 —-
2629 342 3134 403 APOLOGETICA.
3681 359 3789 417 220

547 435 649 477 cur
673 435 782 479 non
803 422 908 497 hoc
932 426 1091 496 plane
1111 429 1177 483 ad
1196 429 1452 488 invidiam
1471 435 1762 493 referatur?
1776 439 1931 506 Quod
1953 444 2000 497 si
2023 444 2069 499 dt

547 529 671 544 ιιι-ι..-
696 515 816 544 εΙΙΛ-
849 516 912 544 ΑΛ
934 516 1262 544 Πηηηηι---
1296 521 1457 544 ιι.-ε--ᾼ
1498 542 1540 544 ΑΔ
1565 543 1575 544 ,
1626 528 1684 544 .o.
1836 539 1848 544 -
2025 534 2069 544 ...

2170 451 2192 508 ι
2219 468 2333 519 του,
2356 455 2449 507 καὶ
2473 455 2563 510 τὸν
2589 455 2648 522 ἐξ
2671 458 2921 513 ἀκανθῶν
2952 461 3209 532 στέφανον
3241 466 3327 519 ἐπ’
3355 468 3548 542 ἀτιμίᾳ
3575 488 3789 544 περιτι-

546 529 672 570 mus
695 515 818 571 illos
846 516 913 572 de
932 516 1266 589 Pmceplore
1293 521 1464 581 fuisse
1496 528 1777 594 mentitos,
1800 539 1855 585 et
1875 548 1993 601 quae
2022 534 2069 590 il]

549 621 824 639 ιιηηηιιαιηη
854 608 1034 639 βιαιο-τι
1063 612 1277 639 ..η-εικῆ-
1302 615 1413 639 --.2-
1442 620 1709 639 --___.I-¥A
1730 638 1739 639 κ
1983 625 2017 639 --

2319 515 2326 519 ν
2630 515 2647 522 -
3057 515 3069 532 .
3244 515 3309 519 ρ-
3357 515 3547 542 ---.--τ
3582 515 3786 544 ...ν-..-

2215 540 2435 613 θέμενον
2461 548 2627 619 αύτῷ,
2662 551 2935 620 φοινικοῦν
2960 571 3019 607 τε
3055 556 3253 627 χιτῶνα
3278 560 3334 613 ὲν
3358 560 3622 633 χλαμύδος
3655 568 3787 639 om-

548 621 825 677 nunquam
852 608 1039 664 fecerit
1062 612 1280 681 scriptis
1301 615 1415 671 suis
1437 620 1770 688 complexos,
1795 639 1926 678 num
1946 625 2069 680 etiai

2215 608 2344 703 ματι
2397 608 2810 711 περιϐλήθέντα,
2863 646 2958 699 καὶ
3012 608 3161 711 τέλος
3198 608 3540 708 d616$a626
3580 608 3641 710 1‘6
3684 608 3781 714 :o‘ii

546 696 614 752 de
648 698 717 753 iis
744 702 1016 765 mentitos,
1057 718 1176 772 quae
1206 705 1347 761 idem
1378 722 1573 778 passus
1602 721 1705 776 est,
1739 712 1871 770 dare
1915 731 2069 785 possu

546 789 850 821 mnc’r‘:nn
880 800 1055 821 man...
1091 794 1155 821 ιι..
1189 798 1347 821 .._:---
1380 814 1441 821 -_
1476 802 1656 821 12-3w
1684 804 1715 821 1·
1897 808 1973 821 ..,.

2798 696 2809 707 ,
3024 696 3158 711 -----,
3212 696 3366 705 ---π
3410 696 3540 708 ..-η
3591 696 3641 710 ,ν
3695 696 3781 714 ..νυ

2213 727 2445 797 σταυροῦ
2478 730 2735 801 τρόπαιον
2782 734 3203 806 ὲπικομίζοντα’
3247 743 3305 794 ἐν
3352 744 3527 816 τούτῳ
3572 764 3631 800 τε
3675 766 3785 821 πη-

542 789 851 844 ηιιιετάἰοο
878 800 1057 847 autem
1090 794 1156 850 de
1189 798 1350 854 unius
1376 814 1443 854 ex
1468 802 1750 872 discipulis
1778 808 2069 875 proditioni

542 876 608 906 λιι
651 878 937 906 η..1.......22..
968 884 1311 906 -_:_-:_-_.9,,
1449 891 1464 906 ι
1531 894 1545 906 ι
1608 895 1664 906 ..-
1718 897 1750 906 ..
1854 905 1859 906 ,
1900 898 1911 906 .
1978 900 1990 906 -
2030 901 2041 906 -

2353 789 2365 797 .
2511 789 2524 801 .
2944 789 2956 806 .
3137 789 3163 792 ν
3249 789 3296 794 τ-
3363 789 3525 816 --ν-η.
3582 789 3631 800 ...
3682 789 3780 821 ...Γ

2209 814 2494 885 γνύμενον,
2542 819 2635 873 καὶ
2686 824 2873 893 χεῖρας
2926 826 3020 877 καὶ
3066 827 3236 891 πόδας
3288 836 3780 906 καταπειρόμενον,

539 876 609 932 de
648 878 940 937 calumniis
964 884 1395 955 criminantium,
1431 891 1500 947 de
1531 894 1785 953 ludibriis
1814 905 1867 951 et
1899 898 2069 955 irrisio

539 968 965 1001 “illuni-unm...
1032 976 1094 1001 .I-
1134 984 1442 1001 _--_.__,,,,.--
1546 986 1561 1001 ι
1629 988 1640 999 .
1864 992 1875 1001 .
1949 993 1970 1001 -
2034 994 2046 1001 .

2207 876 2326 972 δξει
2369 926 2429 962 τε
2474 876 2871 983 ποτιζόμένονί
2897 876 2991 969 και
3044 876 3332 989 παιόμενον
3380 876 3559 978 κατάΓ
3576 876 3781 1001 κῖξδρηξ

538 968 703 1026 nibus
722 970 990 1039 j’udicum,
1028 976 1097 1032 de
1128 984 1495 1051 contumeliis,
1528 986 1595 1041 de
1627 988 1828 1046 ictibus
1861 992 1916 1045 in
1944 993 2102 1060 facie,

534 1058 869 1133 ﬂagellisque
898 1066 953 1120 in
986 1077 1135 1140 tergo
1168 1091 1180 1124 :
1215 1073 1283 1128 de
1317 1090 1519 1131 corona
1552 1081 1757 1150 spinea,
1774 1097 1895 1152 qua:
1924 1085 2001 1139 illi
2036 1058 2104 1141 ad

534 1147 887 1219 ignominiam
917 1155 1171 1226 imposita
1202 1170 1287 1216 est
1313 1182 1327 1217 :
1356 1165 1424 1220 de
1444 1182 1721 1238 purpureo
1752 1173 2100 1241 vestimento,

533 1241 680 1307 quod
711 1242 885 1298 instar
911 1248 1212 1322 chlamydis
1236 1254 1311 1308 illi
1342 1256 1735 1315 circumdatum
1763 1272 1848 1319 est
1879 1284 1892 1318 :
1919 1267 1987 1321 de
2009 1268 2102 1323 illo

529 1330 652 1401 ipso
680 1335 914 1407 denique
934 1356 1150 1398 crucem
1180 1349 1335 1416 quasi
1367 1359 1631 1422 tropaeum
1661 1358 1879 1428 aliquod
1910 1360 2100 1419 hume-

530 1423 611 1480 ris
637 1435 905 1496 gestante,
957 1443 1009 1487 et
1051 1435 1107 1490 in
1140 1452 1203 1491 ea
1254 1440 1443 1506 inﬁxo,
1475 1448 1726 1503 manibus
1751 1423 2099 1525 pedibusque

529 1516 792 1584 trajectis,
827 1520 894 1575 de
922 1531 1076 1579 aceto
1098 1530 1239 1597 quod
1273 1532 1348 1586 illi
1380 1544 1542 1604 potus
1571 1538 1691 1595 loco
1712 1516 2091 1615 porrexerunt,

525 1602 599 1660 de
628 1608 896 1665 arundine
925 1628 1030 1682 qua
1063 1616 1210 1673 illius
1235 1602 1477 1692 tempora
1508 1642 1845 1701 percussere,
1873 1637 1940 1691 de
1961 1653 2094 1693 con-

525 1694 683 1751 viciis
725 1715 845 1769 quae
884 1703 938 1757 in
991 1704 1143 1762 illum
1199 1726 1229 1764 a
1263 1694 1636 1782 spectantibus
1677 1724 1882 1792 jactata
1924 1732 2092 1785 sunt?

2207 998 2469 1070 καλάμῳ,
2526 1003 2620 1055 καὶ
2686 1003 2821 1074 πρὸς
2864 1004 2971 1059 τῶν
3026 1007 3274 1077 ὁρώντων
3335 1012 3776 1085 ὀνειδιζόμενον;

2219 1086 2377 1142 Ἀλλά
2408 1090 2514 1162 γὰρ
2546 1094 2637 1145 καὶ
2674 1093 2867 1157 ταῦτα,
2913 1097 3007 1149 καὶ
3041 1098 3141 1152 ὅσα
3168 1099 3374 1165 τούτοις
3417 1106 3775 1178 συμφέρεται,

2200 1181 2399 1248 ὁμοίως
2443 1184 2748 1239 πεπλάσθαι
2794 1188 2899 1259 χρὴ
2944 1190 3080 1261 πρὸς
3121 1191 3228 1245 τῶν
3276 1195 3439 1248 αὑτοῦ
3494 1200 3772 1270 μαθητῶν,

2200 1269 2234 1340 ἢ
2275 1272 2333 1323 ἐν
2380 1272 2591 1339 τούτοις
2654 1278 2752 1346 μὲν
2789 1280 2893 1351 χρὴ
2936 1280 3213 1335 πιστεύειν
3242 1284 3424 1350 αὐτοῖς
3456 1288 3531 1352 ὡς
3576 1290 3771 1363 ἀληθε-

2200 1363 2434 1427 στάτοις,
2469 1366 2525 1418 ὲν
2566 1366 2621 1419 δὲ
2662 1371 2775 1432 τοῖς
2816 1370 3080 1437 ἐπιδόξοις
3114 1375 3207 1427 καὶ
3261 1379 3602 1453 σεμνοτέροις
3644 1384 3773 1438 ἀπι-

2200 1459 2361 1512 στεῖν.
2390 1459 2501 1512 Καὶ
2532 1460 2695 1514 πόθεν
2726 1462 2786 1515 τὸ
2820 1465 2945 1535 περὶ
2974 1466 3169 1530 αὐτοὺς
3202 1469 3442 1524 ἐναντίον
3470 1472 3649 1545 δόγμα
3674 1494 3769 1531 συ-

2198 1549 2487 1618 στήσεται;
2516 1553 2588 1605 T6
2618 1553 2723 1625 γάρ
2747 1556 3029 1627 ἀληθεύειν
3057 1560 3183 1624 τοὺς
3215 1563 3412 1628 αὐτοὺς
3454 1568 3639 1635 φάναι,
3677 1573 3769 1626 καὶ

2194 1640 2251 1690 ὲν
2278 1640 2354 1710 τῷ
2375 1641 2521 1712 αὐτῷ
2557 1644 2864 1713 ψεύδεσθαι,
2908 1649 3069 1719 οὐδέν,
3106 1653 3251 1705 ἐστιν
3281 1652 3312 1723 ἢ
3343 1656 3597 1713 τάναντία
3626 1663 3767 1716 κατά

2192 1730 2252 1782 τὸ
2292 1732 2423 1784 αὐτὸ
2476 1737 2601 1805 περὶ
2643 1736 2749 1791 τῶν
2791 1740 2968 1795 αὐτῶν
3014 1744 3211 1812 λέγειν.
3248 1748 3342 1811 Τίς
3376 1747 3468 1803 οὖν
3506 1754 3535 1805 6
3564 1756 3767 1812 τούτων

527 1785 686 1860 123
720 1790 791 1845 At
818 1796 962 1850 enim
1006 1808 1059 1854 et
1092 1800 1226 1867 haec,
1258 1813 1312 1859 et
1344 1785 1694 1883 quaecunque
1729 1818 1837 1872 alia
1885 1820 1955 1875 de
1991 1823 2069 1878 ἱιιι

527 1874 613 1920 his.
647 1879 843 1920 similia
879 1883 1124 1920 fni-nni...-
1182 1902 1271 1920 η...
1305 1896 1422 1920 ιιι..-
1456 1914 1564 1920 --μ
1605 1917 1619 1920 -
1648 1918 1688 1920 γε
1734 1913 1745 1920 .
1789 1914 1801 1920 -
1877 1909 1890 1920 .

2506 1785 2600 1805 ην,
2655 1785 2740 1791 -.η
2792 1785 2963 1795 ..-ηπ
3015 1785 3211 1812 ..-ι-ην.
3257 1785 3339 1811 ιν,
3376 1785 3467 1803 νυν
3506 1785 3535 1805 υ
3564 1785 3765 1812 ιυυιων

2191 1822 2439 1895 ἑλεγχος;
2469 1830 2517 1880 εἰ
2551 1818 2659 1901 γὰρ
2686 1831 2750 1904 δὴ
2778 1833 3103 1892 πλάττεσθαι
3133 1841 3313 1904 αὐτοῖς
3339 1846 3537 1910 σκοπὸς
3556 1844 3643 1920 ἦν,
3668 1851 3765 1904 καὶ

522 1874 613 1932 bis
647 1879 846 1936 similia
878 1883 1143 1953 feruntur,
1180 1902 1275 1947 aut
1304 1874 1427 1952 ficta
1449 1914 1573 1956 esse
1591 1874 1807 1974 oportet
1842 1909 1911 1965 ab
1941 1911 2088 1969 illius

523 1965 828 2040 discipulis,
863 1986 955 2031 aut
997 1979 1051 2033 in
1085 1981 1170 2037 his
1211 1985 1429 2054 quidem
1467 1998 1725 2064 tanquam
1761 1999 2084 2069 verissimis,

522 2058 632 2126 illis
664 2066 993 2123 credendum
1035 2082 1140 2135 est,
1177 2078 1232 2131 in
1280 2081 1507 2151 reliquis
1542 2058 1694 2150 vero,
1739 2107 1858 2160 qua:
1891 2094 2088 2150 clario-

518 2165 635 2205 rem
685 2154 836 2210 illum
897 2166 1454 2242 venerabilioremque
1502 2178 1755 2245 reddunt,
1795 2199 1903 2239 non
1960 2202 2084 2243 cre-

517 2240 777 2344 dendum.
810 2247 915 2304 Sed
950 2253 1064 2310 haec
1085 2257 1152 2314 de
1179 2240 1379 2317 ἰίεᾱοηί
1396 2266 1501 2321 sibi
1522 2270 1626 2339 ipsi
1657 2240 1933 2333 contraria
1966 2240 2086 2352 opi—

1543 2330 1559 2339 .
1858 2330 1933 2333 ""
1975 2330 2053 2352 ⁷1⁷⁷

516 2330 627 2399 nio,
676 2338 818 2394 unde
859 2344 1306 2408 conﬁrmabitur?
1343 2354 1534 2415 Dicere
1571 2364 1716 2417 enim
1755 2369 1974 2425 eosdem
2016 2373 2084 2429 de

514 2423 725 2493 eodem,
760 2437 815 2485 et
840 2448 963 2489 vera
1006 2439 1235 2507 prodere
1263 2454 1318 2499 et
1351 2452 1587 2518 mentiri,
1624 2456 1760 2510 nihil
1791 2460 1938 2515 aliud
1972 2473 2080 2529 est,

513 2517 622 2572 nisi
654 2527 931 2580 contraria
988 2530 1044 2583 in
1079 2535 1268 2589 eodem
1309 2538 1377 2594 de
1421 2541 1615 2599 iisdem
1665 2550 1833 2605 rebus
1873 2551 2077 2612 dicere.

512 2605 796 2672 Quomodo
823 2616 939 2672 haec
960 2623 1305 2680 refellentur?
1336 2632 1391 2684 Si
1416 2634 1559 2689 enim
1585 2636 1689 2693 hoc
1711 2640 1820 2696 illis

512 2705 846 2771 prepositum
890 2709 1023 2775 fuit,
1055 2722 1115 2767 ut
1150 2720 1448 2780 mendaciis
1491 2741 1651 2783 suum
1690 2705 2077 2806 praeceptorem

508 2804 786 2861 ornarent,
820 2813 919 2854 cur
956 2803 1033 2857 illi
1064 2820 1128 2860 ea
1149 2847 1163 2872 ,
1194 2824 1315 2880 quae
1344 2815 1504 2872 modo
1535 2819 1772 2879 diximus
1806 2803 2077 2899 ascripse—

507 2884 672 2938 runt?
702 2895 796 2942 aut
836 2905 937 2945 cur
975 2899 1209 2963 posteris
1246 2902 1579 2973 indicarunt,
1624 2915 1769 2982 quod
1804 2926 1858 2971 et
1901 2884 2074 2976 tristis

506 2973 693 3042 fuerit,
736 2987 792 3035 et
831 2983 989 3039 taedio
1036 2989 1281 3058 allectus,
1321 3005 1375 3050 et
1418 3002 1603 3057 animo
1640 2973 1941 3065 turbatus?
1982 3022 2076 3068 aut

500 3069 652 3136 quod
701 3071 805 3140 ipsi
848 3075 1000 3132 illum
1050 3081 1392 3143 deseruerint
1429 3099 1592 3163 atque
1654 3098 1924 3156 abierint?

2187 1913 2367 1984 λόγοις
2401 1919 2623 1988 ψευδέσι
2655 1924 2745 1978 τὸν
2768 1926 3094 1983 Διδάσκαλον
3128 1938 3373 2003 κοσμεῖν,
3407 1938 3506 1991 ούκ
3538 1941 3603 1994 ἄν
3633 1961 3762 1997 ποτε

2187 2007 2370 2071 αὐτοῖς
2392 2010 2461 2064 τά
2494 2017 2861 2087 προειρημένα
2904 2021 3270 2094 κατέγραφον,
3301 2028 3409 2081 οὐδ’
3440 2030 3504 2083 ἂν
3540 2032 3758 2104 ἐδήλουν

2186 2102 2296 2163 τοῖς
2339 2102 2475 2171 μετά
2520 2105 2693 2161 ταῦτα
2736 2109 3060 2182 ἀνθρώποις,
3108 2117 3189 2169 ὃτι
3237 2118 3301 2190 δὴ
3351 2120 3615 2189 ἐλυπεῖτο,
3662 2128 3759 2180 καὶ

2184 2188 2461 2260 ἠδημόνει,
2492 2196 2583 2248 καὶ
2610 2203 2910 2272 τετάρακτο
2941 2204 3040 2275 τὴν
3072 2188 3386 2279 tinxiqv,61t
3414 2210 3565 2266 αύτοῖ
3592 2188 3755 2270 αὑτὸν

2184 2282 2541 2350 ἀπολιπόντες
2566 2286 2796 2360 ᾧχοντο’
2828 2293 2859 2364 ἦ
2898 2295 2979 2348 ὅτι
3021 2298 3049 2349 6
3090 2298 3304 2354 πάντων
3341 2302 3517 2358 αὐτῶν
3554 2323 3753 2377 προκε-

2183 2376 2437 2447 κριμένος
2472 2380 2765 2448 ἀπόστολός
2807 2404 2867 2438 τε
2902 2389 2997 2441 καὶ
3036 2390 3283 2464 μαθητὴς
3326 2396 3486 2449 αὑτοῦ
3526 2376 3750 2471 Πέτρος,

2183 2465 2430 2535 βασάνων
2462 2472 2619 2537 ἐκτὸς
2650 2477 2743 2529 καὶ
2775 2479 3098 2551 ἀρχοντικῆς
3130 2484 3357 2556 ἀπειλῆς
3388 2489 3566 2560 τρίτον
3593 2465 3753 2545 αύτδν

2181 2558 2508 2631 ἐξωμόσατο.
2546 2566 2729 2621 Ταῦτα
2774 2571 2880 2644 γὰρ
2926 2572 3029 2626 κᾶν
3068 2574 3241 2630 ἄλλων
3293 2558 3577 2649 λεγόντων,
3618 2586 3755 2656 χρῆν

2178 2651 2444 2722 δήπουθεν
2478 2657 2751 2729 ἀρνεῖσθαι
2781 2665 2904 2727 τοὺς
2931 2665 3081 2718 οὐδὲν
3109 2667 3235 2721 ἄλλο
3267 2670 3298 2741 ἢ
3332 2651 3753 2744 χαρίζεσθαίτά

2180 2745 2480 2819 σεμνότερα
2499 2748 2576 2818 τῷ
2603 2750 2903 2825 διδασκάλῳ
2926 2740 3492 2829 προτεθειμένούςίέί
3516 2765 3574 2816 δὲ
3603 2765 3751 2834 φιλα-

2176 2834 2357 2907 λήθεις
2393 2841 2451 2891 ὲν
2482 2843 2592 2904 τοῖς
2626 2843 2787 2895 αὑτοῦ
2822 2846 3159 2918 σκυθρωποῖς
3197 2850 3495 2923 διηγήμασι
3535 2856 3748 2922 φαίνον-

2174 2944 2284 2993 ται,
2316 2930 2448 2984 πολὺ
2487 2932 2682 3002 μᾶλλον
2716 2937 2774 2987 ὲν
2801 2939 2912 3000 τοῖς
2944 2934 3297 3013 ὲνδοξοτέροις
3324 2939 3432 2998 εἷεν
3468 2944 3533 2998 ἂν
3567 2947 3745 3000 τοιοῦ-

2173 3033 2274 3070 τοι.
2318 3019 2455 3084 Τοὺς
2487 3023 2592 3092 γὰρ
2614 3025 2756 3090 ἅπαξ
2796 3025 3085 3095 ψεύδεσθαι
3121 3028 3533 3104 προελομένους,
3564 3038 3630 3092 τὰ
3655 3039 3745 3091 λυ-

1978 3113 2071 3160 aut
2096 3141 2141 3198 α
2175 3112 2324 3183 πηρά
2357 3116 2492 3185 χρῆν
2523 3117 2721 3186 μᾶλλον
2748 3121 3002 3188 ἐκφυγεῖν
3041 3124 3156 3192 ήτοι
3202 3126 3290 3179 διά
3323 3127 3552 3198 σιωπῆς,
3583 3130 3614 3201 ἢ
3654 3131 3743 3187 διὰ

502 3157 647 3225 quod
681 3162 773 3230 qui
807 3169 1059 3224 omnibus
1088 3172 1220 3241 ipsis
1244 3157 1565 3249 praepositus
1593 3184 1769 3242 fuerat
1788 3195 2064 3259 apostolus

502 3249 651 3290 illinc
696 3260 746 3290 ni
772 3255 1071 3290 inanima..-
1102 3263 1292 3290 13-.----
1352 3273 1481 3290 κη...
1763 3288 1769 3290 _
1998 3286 2008 3290 _

2182 3157 2324 3183 --.η-ν.
2357 3157 2488 3185 Ar."
2523 3157 2718 3186 τηε-,σπη’
2748 3157 3001 3188 ..ρηγυιςιιν
3047 3157 3156 3192 artu
3202 3157 3290 3179 υιυι
3323 3157 3552 3198 unua-qs,
3584 3157 3614 3201 η
3654 3157 3740 3187 uta

2170 3205 2268 3275 τῆς
2303 3208 2429 3277 περὶ
2459 3208 2633 3262 αὐτῶν
2673 3211 2969 3281 ἀρνήσεως,
3010 3214 3083 3285 μὴ
3127 3215 3300 3280 ἄλλως
3337 3217 3442 3271 τῶν
3478 3220 3740 3290 ὀψιγόνων

500 3249 671 3314 illius,
696 3260 750 3308 et
772 3255 1073 3328 discipulus
1101 3263 1316 3334 Petrus,
1350 3273 1515 3330 nullis
1538 3292 1714 3348 neque
1756 3249 2064 3350 tormentis,

500 3352 678 3413 neque
736 3353 1035 3418 tyrannicis
1086 3359 1293 3425 minis,
1346 3371 1430 3420 ter
1478 3367 1630 3422 illum
1682 3374 2066 3442 abjuraverit'l

500 3429 626 3488 llzec
654 3437 796 3491 enim
827 3449 881 3495 et
911 3444 956 3498 si
981 3446 1071 3500 alii
1101 3448 1387 3521 dixissent,
1411 3460 1657 3528 neganda
1692 3429 1767 3519 al;
1788 3465 1856 3521 iis
1882 3475 2064 3526 tamen

499 3522 671 3589 fuere,
713 3529 804 3596 qui
843 3532 979 3588 nihil
1009 3538 1153 3593 aliud
1185 3543 1288 3597 sibi
1317 3544 1375 3598 in
1415 3522 1705 3607 scribendo
1744 3522 2062 3628 proposui;

497 3620 640 3677 sent,
674 3616 780 3671 nisi
814 3626 872 3673 ut
907 3628 1265 3684 reverentiam
1300 3638 1619 3705 praeceptori
1658 3653 2059 3712 compararent.

496 3703 652 3770 Quod
680 3710 727 3762 si
752 3713 975 3769 veridici
1009 3716 1063 3770 in
1090 3719 1424 3778 tristioribus
1446 3703 1512 3782 de
1539 3728 1634 3783 illo
1654 3703 2060 3794 narrationibus

491 3796 765 3866 videntur,
796 3818 897 3858 cur
946 3822 1055 3862 non
1091 3811 1145 3865 in
1191 3812 1257 3868 iis
1286 3815 1434 3881 item,
1480 3834 1602 3889 quze
1645 3823 1906 3891 laetitiam,
1946 3830 2061 3900 glo-

491 3890 738 3964 riamque
759 3895 980 3963 habent,
1011 3904 1185 3958 multo
1205 3909 1400 3977 magis,
1425 3925 1589 3980 quam
1618 3916 1723 3971 sibi
1753 3918 1892 3988 ipsis
1926 3890 2061 3978 cyon—

492 3985 691 4040 trarii?
723 3987 857 4043 Nam
884 3992 1083 4061 quibus
1112 4012 1279 4050 unum
1314 4006 1651 4072 propositum
1702 3985 1863 4067 fuerit
1904 4030 2061 4072 men-

490 4073 684 4139 tiendi,
723 4079 790 4134 ab
817 4081 885 4135 iis
918 4084 963 4137 si
1003 4100 1109 4154 qua
1150 4087 1448 4159 offendunt,
1492 4112 1558 4152 ea
1606 4099 1663 4154 in
1712 4103 1926 4173 primis,
1962 4118 2059 4164 aut

491 4168 759 4235 praeteriri
791 4175 1075 4239 oportebat
1105 4179 1341 4247 silentio,
1376 4194 1468 4240 aut
1496 4188 1543 4243 si
1584 4191 1637 4244 id
1676 4168 1784 4248 non
1805 4168 2056 4265 petierat,

489 4259 780 4326 negatione
808 4264 1001 4321 refelli.
1033 4266 1167 4333 Quis
1196 4275 1340 4328 enim
1383 4280 1525 4348 apud
1566 4259 1824 4352 posteros
1848 4302 1912 4343 ea
1935 4259 2058 4361 qua;

493 4347 813 4415 tacuissent,
848 4356 1243 4423 reprehendere
1267 4347 1506 4435 unquam
1529 4347 1843 4439 potuisset?
1867 4347 1974 4433 Sed
2006 4381 2053 4436 si

490 4438 705 4492 mentiri
733 4440 1104 4513 decreverant,
1136 4466 1235 4506 cur
1273 4470 1381 4510 non
1420 4438 1552 4515 illud
1581 4478 1798 4535 quoque
1839 4471 2054 4526 mentiti
2083 4471 2129 4527 D

486 4536 636 4591 sunt,
683 4529 877 4589 Judam
919 4539 1013 4607 qui
1058 4545 1245 4600 osculo
1285 4548 1437 4605 illum
1494 4529 1739 4623 tradidit,
1782 4559 1946 4616 simul
1985 4575 2052 4617 ac

485 4622 811 4691 proditionis
837 4630 1050 4700 signum
1086 4639 1374 4697 ostendere
1407 4658 1576 4702 ausus
1605 4657 1712 4712 est,
1744 4649 1798 4706 in
1818 4651 2049 4721 lapidem

484 4725 610 4767 esse
630 4722 994 4774 conversum?
1023 4734 1075 4778 et
1116 4728 1209 4795 qui
1247 4731 1455 4802 alapam
1502 4736 1578 4791 illi
1638 4739 1838 4796 inferre
1879 4758 2049 4798 ausus

483 4810 588 4864 est,
611 4803 732 4872 ejus
760 4806 904 4862 illico
933 4809 1179 4869 dextram
1213 4822 1462 4880 aruisse?
1486 4835 1541 4880 et
1565 4825 1828 4897 Caipham
1868 4834 2050 4900 ponti-

484 4891 665 4958 ficem,
694 4904 977 4965 propterea
1005 4905 1149 4971 quod
1185 4905 1339 4966 falsis
1369 4921 1562 4969 contra
1599 4891 1754 4973 illum
1801 4891 2048 4976 crimini-

482 4978 590 5035 bus
626 4990 985 5054 consenserit,
1032 4997 1208 5053 oculis
1249 5010 1468 5072 captum
1517 5005 1725 5065 fuisse?
1763 5008 1875 5065 Cur
1917 5028 2046 5069 vero

480 5088 592 5129 non
630 5090 823 5135 omnes
862 5085 1073 5139 mentiti
1110 5097 1260 5157 sunt,
1303 5093 1676 5165 significantes
1715 5100 1848 5156 nihil
1886 5105 2045 5173 plane

481 5162 558 5217 illi
593 5169 737 5234 quod
764 5173 939 5240 possit
966 5162 1550 5261 oilendere'evenisse?
1577 5191 1673 5245 sed
1715 5162 2044 5265 ipsumqui-

478 5253 600 5310 dem
638 5263 944 5329 evanuisse,
960 5256 1325 5340 forumque'et
1342 5273 1547 5344 judicia
1577 5279 1793 5336 illorum
1816 5285 2043 5341 risisse?

476 5346 573 5414 qui
602 5364 732 5405 vero
770 5352 921 5409 illum
958 5359 1418 5431 comprehendere
1433 5367 1552 5423 ausi
1581 5368 1817 5440 fuerant,
1845 5376 2044 5433 divini-

477 5443 568 5490 tus
601 5438 1011 5507 illusos,contra
1034 5450 1185 5506 illum
1201 5468 1259 5507 se
1285 5470 1442 5527 agere
1457 5475 1579 5529 quae
1604 5438 1856 5533 egerunt,
1888 5476 2033 5524 tam-

479 5529 585 5584 etsi
654 5533 749 5589 ille
823 5552 934 5593 non
989 5541 1201 5611 aderat,
1262 5549 1597 5608 credidisse?
1638 5529 1780 5620 Quid
1838 5529 2039 5627 porro?

478 5618 669 5676 Nonne
718 5629 934 5695 gravius
991 5633 1318 5708 digniusque
1377 5645 1765 5715 scripsissent,
1829 5655 2034 5709 nullum

478 5714 636 5783 plane
678 5717 972 5780 humanum
1018 5737 1109 5783 aut
1143 5734 1423 5790 mortalem
1464 5754 1671 5807 casum,
1716 5745 1862 5800 illum
1907 5750 2034 5804 sub-

2169 3296 2379 3363 ἐλέγξαι
2406 3298 2715 3370 δυναμένων
2761 3304 2831 3357 τά
2882 3307 3229 3377 σεσιγημένα.
3272 3311 3370 3364 Διά
3411 3311 3463 3364 τί
3504 3313 3614 3385 γὰρ
3662 3315 3739 3386 μὴ

2164 3397 2477 3466 ἐψεύσαντο,
2509 3403 2601 3455 καὶ
2646 3403 2872 3475 ἔφησαν,
2919 3408 3000 3463 ὅτι
3042 3410 3243 3477 Ἰούδας
3292 3416 3388 3484 μὲν
3433 3418 3461 3468 6
3509 3418 3738 3489 προδοὺς

2163 3490 2326 3544 αὐτὸν
2364 3492 2648 3565 φιλήματι,
2690 3496 2968 3569 τολμήσας
3005 3502 3065 3555 τὸ
3101 3504 3366 3576 σύμϐολον
3404 3507 3736 3575 ἐνδείξασθαι

2162 3581 2262 3651 τῆς
2299 3584 2605 3655 προδοσίας,
2651 3589 3010 3667 ἀπολιθωθείη
3059 3597 3290 3652 αύτίκα’
3335 3602 3364 3653 6
3409 3601 3465 3654 δὲ
3508 3602 3736 3672 ῥαπίσαι

2160 3672 2322 3727 αὑτὸν
2351 3676 2645 3748 τολμήσας,
2676 3681 2840 3753 ξηρὸς
2891 3688 3226 3758 παραχρῆμα
3272 3689 3482 3759 γένοιτο
3521 3692 3618 3763 τὴν
3648 3694 3737 3746 δε-

2162 3763 2278 3828 ξιάν
2298 3783 2314 3797 ο
2340 3770 2368 3820 6
2388 3768 2434 3820 δ’
2459 3772 2745 3844 ἀρχιερεὺς
2777 3777 3050 3847 Καϊάφας,
3084 3780 3160 3843 ὡς
3198 3781 3263 3834 ἂν
3292 3784 3596 3855 συντρέχων
3623 3787 3736 3850 τοῖς

2161 3871 2279 3921 κατ’
2308 3870 2473 3925 αὐτοῦ
2502 3876 2880 3944 συκοφάνταις,
2917 3898 2990 3952 πη
3003 3882 3197 3955 ρωθείη
3224 3886 3321 3950 τάς
3351 3887 3533 3957 ὄψεις
3570 3889 3658 3945 διὰ
3681 3893 3734 3945 τί

2158 3958 2216 4012 δὲ
2250 3961 2323 4031 μὴ
2353 3962 2645 4032 ἐψεύσαντο
2675 3968 2895 4037 πάντες,
2935 3974 3014 4026 ὃτι
3051 3976 3215 4046 μηδὲν
3255 3979 3573 4051 σκυθρωπὸν
3603 3982 3735 4052 άλη-

2159 4060 2268 4125 θῶς
2308 4066 2437 4137 περὶ
2490 4070 2651 4124 αὐτὸν
2703 4072 2964 4140 γέγονεν;
3009 4077 3146 4131 Ἀλλ’
3196 4082 3224 4132 6
3269 4081 3366 4150 μὲν
3406 4084 3616 4154 ἀφανὴς
3660 4079 3730 4156 ἦν

2156 4156 2531 4223 καταγελάσας
2577 4161 2754 4215 αὐτῶν
2790 4165 2882 4216 τοῦ
2931 4164 3277 4239 δικαστηρίου
3297 4186 3311 4200 ο
3343 4173 3390 4222 oi
3419 4171 3474 4224 δὲ
3508 4172 3727 4227 επιϐου-

2156 4243 2419 4310 λεύοντες,
2449 4249 2552 4301 ὑπὸ
2582 4253 2882 4318 φαντασίας
2911 4254 3166 4325 θεηλάτου
3197 4259 3553 4331 πλανώμενοι,
3580 4266 3729 4336 ἐνερο

2155 4336 2271 4402 γεῖν
2302 4338 2421 4388 κατ’
2441 4338 2603 4390 αὐτοῦ
2634 4340 2708 4410 μὴ
2742 4342 3005 4413 παρόντος
3033 4345 3279 4413 ἐδόκουν;
3305 4350 3369 4401 Τί
3400 4348 3466 4417 ὂ’;
3494 4348 3603 4424 ἆρα
3627 4356 3726 4409 οὐκ

2153 4419 2222 4496 ἦν
2256 4425 2577 4498 σεμνότερον
2604 4428 2697 4481 τοῦ
2727 4431 3073 4501 πλάττεσθαι,
3104 4438 3310 4493 ὅτιτῶν
3333 4443 3546 4497 τοιῶνδε
3571 4464 3725 4518 ποιη-

2156 4515 2254 4586 τὴς
2282 4514 2456 4587 ἔργων
2482 4518 2795 4588 παραδόξων
2819 4524 3028 4592 γέγονε,
3067 4527 3128 4579 τὺ
3164 4531 3414 4600 γράφειν,
3444 4534 3524 4589 ὅτι
3558 4514 3726 4609 μηδεν

2158 4607 2255 4677 μὲν
2281 4607 2635 4677 ἀνθρώπινον,
2666 4613 2798 4682 μηδὲ
2826 4614 3014 4687 θνητὸν
3042 4623 3167 4691 περὶ
3200 4624 3357 4676 αὐτὸν
3393 4607 3726 4700 συνέϐη,⁷ὲν-

2155 4697 2261 4768 θέῳ
2299 4698 2357 4751 δὲ
2403 4700 2627 4772 δυνάμει
2653 4704 2721 4758 τὰ
2769 4708 2944 4764 πάντα
2995 4715 3455 4787 καταδησάμενος,
3501 4697 3603 4791 τὴν
3641 4724 3722 4787 είς

2152 4791 2411 4862 οὐρανοὺς
2442 4795 2698 4851 ἐπάνοδον
2729 4801 2863 4870 μετὰ
2902 4802 3176 4877 θειοτέρας
3199 4807 3354 4879 δόξης
3391 4813 3718 4884 ὲποιήσατος

2151 4882 2211 4934 ού
2257 4884 2365 4957 γὰρ
2399 4886 2462 4958 δὴ
2510 4889 2717 4956 τούτοις
2752 4895 2999 4949 άπιστεῖν
3044 4899 3261 4969 ἔμελλον
3302 4905 3349 4955 οί
3388 4908 3505 4968 ταῖς
3533 4882 3719 4972 ἀλλαις

2152 4987 2329 5040 αὐτῶν
2360 4988 2639 5063 διηγήσεσι
2671 5000 3106 5064 πεπιστευκότες.
3134 5004 3197 5056 Οἱ
3228 5003 3271 5055 δ’
3305 5000 3395 5058 οὖν
3432 5009 3596 5078 μηδὲν
3621 5009 3720 5080 τῆς

2149 5079 2402 5150 ἀληθείας
2433 5085 2490 5138 ἐν
2528 5089 2637 5150 τοῖς
2674 5089 3071 5159 άπεμφαίνουσι
3106 5095 3199 5148 καὶ
3237 5097 3578 5170 σκυθρωποῖς
3604 5079 3715 5155 πα·-

2150 5176 2556 5245 ραχαράξαντες
2588 5178 2704 5242 πῶς
2734 5181 2832 5234 οὐκ
2863 5181 2927 5235 ἂν
2961 5179 3069 5238 εἷεν
3102 5186 3240 5253 ἄξιοι
3269 5191 3362 5243 καὶ
3392 5192 3451 5244 ἐν
3478 5194 3589 5253 τοῖς
3616 5192 3717 5247 λοιν

2149 5276 2287 5338 ποῖς,
2322 5270 2402 5339 οἷς
2433 5277 2820 5350 ἐμαρτύρησαν
2871 5284 3017 5355 αὐτῷ
3056 5286 3125 5340 τά
3171 5287 3465 5359 παράδοξα,
3505 5289 3715 5363 φαύλης

2146 5366 2300 5429 ἐκτὸς
2334 5368 2584 5433 ὑπονοίας
2637 5371 2995 5441 καθεστάναι;
3048 5378 3335 5449 Αὐτάρκης
3363 5380 3462 5449 μὲν
3492 5376 3585 5434 οὖν
3622 5381 3714 5435 καὶ

2146 5457 2179 5525 ἡ
2210 5456 2374 5511 τῶνδε
2398 5461 2653 5530 τυγχάνει
2687 5465 2811 5536 περὶ
2836 5465 2928 5519 τοῦ
2956 5468 3201 5540 Σωτῆρος
3226 5471 3380 5541 ήμῶν
3403 5473 3675 5546 μαρτυρία
3693 5491 3710 5508 ·

2143 5557 2295 5612 οὐδὲν
2326 5557 2382 5611 δὲ
2413 5556 2524 5614 οἷον
2546 5563 2611 5615 ἐκ
2638 5568 2948 5637 περιουσίας
2978 5571 3070 5623 καὶ⁵
3097 5569 3173 5640 τῷ
3192 5570 3250 5635 ἐξ
3290 5572 3553 5644 Ἐϐραίων
3596 5576 3713 5643 Ἰωα-

2146 5661 2300 5730 σήπῳ
2332 5661 2566 5734 μάρτυρι
2596 5668 2919 5737 χρήσασθαι,
2957 5671 3015 5733 ὃς
3051 5672 3108 5722 ὲν
3144 5671 3221 5740 τῷ
3263 5672 3709 5747 ὀκτωκαιδεκάτῳ

2142 5750 2240 5813 τῆς
2283 5751 2606 5820 Ἰουδαϊκῆς
2638 5755 3098 5828 Ἀρχαιολεγάς.
3128 5760 3196 5815 τὰ
3216 5761 3352 5817 κατὰ
3390 5766 3514 5826 τοὺς
3546 5767 3710 5821 Πιλά-
