4126 6434
356 415 455 472 121
1294 400 1952 462 DEMONSTRATIONIS
1989 390 2458 455 EVANGELICIE
2483 390 2613 448 LIB.
2651 388 2743 445 ιη.
3504 384 3616 444 322

360 552 455 590 του
482 532 706 606 χρόνους
740 528 988 603 ἱστορῶν,
1032 528 1304 604 μέμνηται
1345 528 1439 583 τοῦ
1480 524 1734 598 Σωτῆρος
1775 522 1933 595 ήμῶν

2058 520 2202 577 isse?
2230 531 2416 574 verum
2448 514 2546 570 ubi
2570 515 2629 569 vi
2670 512 2855 568 divina
2886 525 2976 567 res
3009 523 3200 565 omnes
3240 522 3369 565 suas
3410 510 3615 565 contir-

363 628 422 679 ἐν
449 622 683 687 τούτοις.
2045 619 2274 677 masset,
2305 618 2426 667 tum
2474 608 2531 664 in
2581 607 2781 663 ccelum
2825 603 3117 676 gloriosius
3146 600 3494 670 diviniusque
3523 617 3619 658 re-

364 716 642 772 vertisse?
697 714 856 770 Certe
899 713 1006 769 hoc
1057 713 1231 769 multo
1300 712 1563 782 majorem
1588 709 1995 767 venerationem
2048 710 2459 779 comparasset,
2488 718 2654 774 quam
2705 700 2943 772 ﬁngere,
2973 700 3043 754 ab
3090 698 3185 754 illo
3227 712 3292 752 ea
3348 693 3619 750 miracula
3666 702 3682 719 ‘

371 810 516 865 facta
540 822 659 879 qua:
683 806 967 863 novimus?
996 804 1155 877 12!.
1202 819 1379 877 neque
1402 804 1545 860 enim
1598 803 1684 859 his
1725 802 1986 859 credituri
2021 817 2132 857 non
2154 800 2395 861 fuerant,
2440 796 2535 867 qui
2596 795 2808 850 caeteris
2838 792 3157 849 eorumdem
3207 787 3620 843 narrationibus

372 900 533 955 ﬁdem
582 898 839 953 habuere.
905 897 1011 964 Qui
1058 897 1224 968 igitur
1293 895 1351 951 in
1390 894 1459 952 iis
1506 910 1627 966 quae
1658 893 1898 950 dedecus
1945 892 2146 947 habent
2192 895 2356 958 atque
2420 884 2723 948 tristitiam,
2759 882 3040 937 veritatem
3087 893 3439 949 corrumpere
3495 873 3620 933 ausi

373 1009 485 1049 non
510 1000 653 1055 sunt,
685 1007 782 1047 cur
805 1008 913 1047 non
954 992 1011 1047 in
1057 967 1283 1062 reliquis
1323 1005 1559 1063 quoque,
1603 1004 1724 1061 quae
1761 989 1833 1045 de
1880 988 1975 1042 illo
2013 985 2358 1057 protulerunt
2400 980 2551 1051 digni
2596 979 2884 1042 habentur,
2932 978 3133 1048 quibus
3175 976 3384 1045 absque
3435 967 3619 1040 suspi-

373 1088 526 1139 cione
557 1083 809 1138 falsitatis
862 1083 1151 1147 credatur,
1205 1082 1370 1138 etiam
1436 1082 1483 1137 si
1527 1081 1789 1136 miracula
1842 1077 2234 1135 narraverint?
2295 1088 2424 1144 ergo
2470 1072 2598 1126 licet
2647 1070 2838 1124 talium
2890 1068 3177 1123 hominum
3216 1066 3283 1121 de
3335 1064 3619 1119 Salvatore

372 1185 553 1234 nostro
595 1175 994 1240 testimonium,
1030 1176 1192 1232 nobis
1235 1174 1458 1231 abunde
1513 1174 1826 1230 satisfacere
1879 1171 2075 1228 debeat
2111 1213 2128 1238 ,
2186 1176 2372 1223 tamen
2437 1165 2574 1221 nihil
2614 1179 2703 1219 me
2738 1170 2936 1235 praeter
2971 1162 3309 1232 propositum
3349 1160 3620 1213 facturum

371 1269 620 1332 arbitror,
654 1267 702 1322 si
742 1268 900 1338 quasi
929 1283 998 1323 ex
1040 1267 1375 1323 abundantia
1419 1265 1688 1336 quadam,
1724 1263 1937 1321 Hebraei
1976 1277 2195 1333 quoque
2218 1258 2441 1328 Iosephi
2464 1257 2782 1313 testimonio
2811 1264 2968 1319 utar,
3023 1255 3115 1323 qui
3157 1253 3211 1307 in
3259 1251 3473 1307 decimo
3522 1261 3621 1302 oc-

367 1373 488 1419 tavo
524 1363 772 1419 Iudaica:
815 1363 1158 1434 Antiquitatis
1216 1364 1378 1429 libro,
1403 1362 1565 1418 Pilati
1609 1370 1853 1433 tempora
1882 1361 1940 1416 in
1981 1359 2264 1416 historiam
2297 1371 2450 1413 suam
2481 1353 2747 1418 referens,
2792 1352 2861 1408 de
2914 1349 3194 1405 Salvatore
3222 1355 3415 1403 nostro
3472 1358 3623 1398 men-

364 1460 568 1513 tionem
595 1457 751 1524 facit,
788 1456 876 1513 his
905 1456 1113 1514 verbis.

713 1566 998 1634 Ἰωσήπου
1026 1567 1159 1636 περὶ
1188 1568 1294 1623 τοῦ
1321 1567 1601 1636 Χριστοῦ.

439 1700 459 1733 ι
494 1680 709 1735 Γίνεται
752 1679 809 1732 δὲ
843 1681 960 1733 κατ’
991 1682 1197 1734 ἐκεῖνον
1238 1682 1330 1735 τὸν
1370 1680 1561 1752 χρόνον
1607 1677 1815 1750 Ἰησοῦς
1853 1693 1944 1731 σοι·

2546 1552 2766 1623 Iosephi
2786 1550 2849 1604 de
2872 1548 3106 1605 Christo.

2123 1694 2142 1728 ι
2182 1672 2412 1729 Exsistit
2440 1685 2537 1742 per
2566 1669 2709 1724 idem
2739 1664 3154 1737 tempusJesus
3184 1664 3403 1734 sapiens
3432 1664 3535 1728 vir,
3571 1662 3621 1721 si

362 1772 463 1842 φὺς
489 1772 649 1845 ἀνὴρ,
674 1771 790 1841 εἴγε
821 1771 990 1845 ἄνδρα
1014 1772 1177 1826 αὐτὸν
1202 1772 1379 1842 λέγειν
1412 1774 1539 1845 χρή.
1560 1767 1668 1826 Ἧν
1696 1770 1807 1843 γὰρ
1840 1787 1944 1824 πα-

2053 1767 2209 1824 modo
2238 1765 2414 1820 virum
2449 1776 2572 1818 eum
2605 1761 2790 1815 dicere
2811 1764 3047 1828 oportet,
3073 1757 3274 1827 quippe
3307 1757 3398 1828 qui
3432 1770 3623 1811 earum

366 1861 600 1935 ραδόξων
646 1862 822 1934 ἔργων
855 1863 1102 1934 τωιητὴς,
1146 1862 1462 1928 διδάσκαλος
1503 1862 1600 1917 ἀνθ
1611 1861 1807 1934 ρώπων
1843 1862 1943 1915 τά-

2053 1875 2227 1916 rerum
2251 1864 2452 1912 auctor
2478 1853 2662 1916 fuerit,
2692 1865 2814 1921 quae
2833 1850 3125 1903 humanam
3154 1847 3313 1902 fidem
3337 1852 3623 1919 superant.

364 1952 506 2024 ληθῆ
554 1951 859 2023 σεϐομένων
878 1968 891 1981 ·
944 1954 1039 2006 καὶ
1081 1953 1307 2018 πολλοὺς
1342 1954 1440 2024 μὲν
1485 1951 1581 2006 τοῦ
1628 1949 1944 2015 Ἰουδαϊκοῦ,

2053 1950 2284 2007 Docebat
2316 1961 2481 2019 porro
2508 1944 2598 1999 hic
2642 1941 2916 2006 homines,
2948 1941 2995 1995 si
3037 1956 3176 2011 quos
3214 1939 3464 1997 veritatis
3505 1946 3625 1996 stu-

364 2046 591 2111 πολλοὺς
612 2045 668 2101 δὲ
689 2045 782 2100 καὶ
809 2044 1116 2116 Ἑλληνικοῦ
1142 2045 1472 2116 ἐπηγάγετον
1489 2045 1518 2098 ὁ
1535 2043 1769 2116 Χριστὸς
1791 2034 1947 2105 οὗτος

362 2134 431 2209 ἦν
463 2138 563 2209 (1),
602 2138 697 2192 καὶ
737 2135 912 2191 αὐτῶν
951 2135 1174 2202 ἐνδείξει
1189 2135 1297 2189 τῶν
1330 2135 1459 2206 παρ’
1505 2135 1639 2204 ἡμῖν
1674 2129 1949 2201 ἀρχόντων

364 2228 585 2301 σταυρῷ
627 2227 1071 2299 ἐπιτετιμηκότος
1121 2226 1376 2293 Πιλάτου,
1411 2225 1511 2278 οὐκ
1559 2223 1867 2277 ἐπαύσαντο
1898 2221 1950 2273 οι

364 2318 426 2372 τὸ
453 2317 667 2389 πρῶτον
693 2317 1100 2389 ἀγαπήσαντες.
1141 2317 1346 2387 Ἐφάνη
1390 2315 1498 2389 γὰρ
1532 2315 1717 2379 αὐτοῖς
1761 2315 1951 2386 τρίτην

365 2409 579 2481 1ἡμέραν
627 2409 788 2463 πάλιν
832 2409 960 2474 ζῶν,
994 2408 1102 2462 τῶν
1146 2409 1305 2464 θείων
1344 2408 1638 2481 προφητῶν
1680 2406 1854 2463 ταῦτά
1890 2424 1951 2460 τε

366 2501 464 2554 καὶ
500 2500 637 2554 ἄλλα
676 2502 845 2572 μυρία
888 2502 1016 2572 περὶ
1043 2500 1209 2555 αὐτοῦ
1247 2501 1563 2572 εἰρηκότων.
1596 2501 1758 2554 Ὅθεν
1785 2500 1951 2554 εἰσέτι

368 2590 465 2645 νῦν
492 2593 600 2646 ἀπὸ
629 2591 783 2645 τοῦδε
828 2591 934 2645 τῶν
981 2592 1320 2662 Χριστιανῶν
1364 2592 1462 2645 οὐκ
1508 2591 1730 2644 ἐπέλιπε
1758 2591 1818 2645 τὸ
1846 2589 1951 2659 φῦ-

368 2684 483 2739 λον.
519 2704 538 2735 ι
568 2686 631 2738 Εἰ
654 2685 832 2738 τοίνυν
865 2685 957 2738 καὶ
987 2685 1128 2738 κατὰ
1158 2685 1250 2738 τὸν
1279 2684 1545 2756 ἱστορικὸν
1569 2687 1949 2756 μαρτυρεῖται,

365 2777 430 2831 οὐ
463 2777 625 2848 μόνον
672 2779 800 2840 τοὺς
837 2777 1044 2830 δώδεκα
1078 2778 1438 2842 ἀποστόλους,
1477 2778 1595 2831 οὐδὲ
1638 2778 1765 2841 τοὺς
1802 2777 1953 2831 ἐϐδο-

370 2867 615 2938 μήκοντα
652 2866 900 2937 μαθητὰς
950 2865 1374 2937 ἐξῳκειωμένος,
1405 2867 1540 2921 ἀλλὰ
1590 2866 1816 2929 πολλοὺς
1851 2866 1951 2936 μὲν

366 2958 461 3013 τοῦ
499 2959 812 3016 Ἰουδαϊκοῦ.
838 2959 1065 3023 πολλοὺς
1103 2958 1162 3012 δὲ
1187 2958 1280 3012 τοῦ
1323 2958 1633 3030 Ἑλληνικοῦ
1680 2957 1951 3030 προσαγό-

374 3066 553 3120 μενος,
568 3049 725 3121 δῆλος
742 3051 808 3105 ἂν
833 3049 917 3121 εἴη
944 3049 1194 3121 περιττόν
1218 3066 1271 3102 τι
1294 3063 1459 3120 κεκτη
1469 3049 1628 3120 μένος
1651 3047 1803 3120 παρὰ
1824 3049 1952 3111 τοὺς

369 3141 590 3205 λοιποὺς
618 3141 956 3213 ἀνθρώπους.
1006 3140 1131 3203 Πῶς
1166 3139 1274 3209 γὰρ
1322 3140 1389 3193 ἂν
1431 3139 1604 3204 ἄλλως
1648 3140 1954 3211 προσήγετο

369 3233 466 3289 τοῦ
482 3232 793 3297 Ἰουδαῖκοῦ,
818 3231 1027 3286 καὶτοῦ
1058 3230 1366 3302 Ἑλληνικοῦ
1392 3230 1629 3295 πλείους,
1661 3233 1710 3284 εί
1745 3231 1818 3302 μή
1843 3247 1953 3284 τισι

2048 2044 2237 2099 diosos
2268 2038 2577 2111 reperiebat
2602 2056 2616 2092 :
2655 2050 2786 2106 ergo
2819 2034 3021 2089 multos
3051 2033 3158 2088 sibi
3183 2030 3456 2097 Iudaicae,
3482 2030 3626 2087 mul-

2048 2147 2134 2192 tos
2164 2136 2327 2191 etiam
2362 2132 2565 2188 Graecae
2598 2128 2853 2183 factionis
2892 2125 3161 2196 adiunxit.
3189 2124 3441 2181 Christus
3464 2124 3626 2195 plane

2049 2229 2141 2284 hic
2185 2227 2289 2282 fuit
2326 2244 2339 2279 :
2389 2222 2657 2294 siquidem
2686 2234 2810 2274 cum
2854 2216 3265 2288 magistratibus
3293 2217 3499 2271 nostris
3528 2229 3623 2270 30-

2049 2318 2392 2379 cusantibus,
2421 2315 2574 2369 illum
2599 2309 2781 2367 crucis
2802 2307 3073 2378 supplicio
3098 2307 3368 2363 affecisset
3389 2306 3621 2371 Pilatus,

2052 2426 2164 2466 non
2210 2408 2562 2467 destiterunt,
2596 2403 2691 2473 qui
2736 2401 2805 2456 ab
2836 2400 2993 2454 initio
3039 2397 3309 2468 complexi
3357 2396 3621 2452 fuerant:

2051 2501 2303 2575 apparuit
2335 2501 2479 2555 enim
2509 2497 2618 2552 illis
2656 2494 2817 2548 tertio
2847 2493 2935 2548 die
2966 2491 3162 2547 iterum
3188 2489 3398 2554 vivens,
3431 2502 3627 2557 quem-

2051 2593 2349 2649 admodum
2398 2588 2568 2643 divini
2598 2586 2879 2656 prophetae
2905 2592 2961 2638 et
3023 2583 3140 2638 haec
3166 2591 3222 2637 et
3244 2583 3349 2636 alia
3381 2582 3630 2637 innume—

2050 2684 2245 2741 rabilia
2277 2684 2343 2737 de
2386 2681 2480 2737 illo
2508 2677 2894 2750 praedixerant,
2940 2689 3008 2729 ex
3045 2689 3155 2744 quo
3181 2672 3248 2726 ad
3273 2673 3422 2727 hunc
3453 2688 3628 2743 usque

2052 2777 2196 2832 diem
2227 2773 2665 2831 Christianorum
2697 2783 2809 2822 non
2843 2765 3044 2821 defecit
3092 2779 3285 2835 genus.
3326 2783 3346 2816 ι
3390 2750 3458 2818 ⁴δί
3494 2778 3626 2834 ergo

2049 2868 2352 2924 historicus
2379 2878 2598 2936 quoque
2624 2860 2974 2922 testiﬁcatur,
3014 2871 3127 2912 non
3154 2856 3302 2911 solos
3333 2854 3626 2910 duodecim

2051 2959 2351 3030 apostolos,
2390 2954 2846 3026 septuagintaquc
2884 2948 3212 3018 discipulos,
3265 2945 3336 3000 ab
3381 2945 3473 3000 illo
3519 2945 3627 2999 sibi

2052 3053 2364 3121 adiunctos,
2411 3048 2505 3104 sed
2548 3040 2752 3100 multos
2783 3056 3001 3114 quoque
3034 3050 3149 3095 tum
3193 3037 3457 3102 Judaicte,
3504 3044 3625 3091 tum

2051 3143 2255 3200 Grmcae
2294 3139 2550 3195 factionis
2579 3143 2913 3207 assumptos,
2944 3134 3121 3205 palam
3168 3143 3255 3188 est
3299 3132 3452 3185 illum
3481 3128 3537 3184 in
3564 3142 3626 3184 se

2054 3234 2260 3306 aliquid
2307 3230 2661 3289 excellentius
2695 3229 2908 3283 caeteris
2953 3224 3270 3280 hominibus
3317 3221 3625 3277 habuisse:

371 3324 703 3397 θαυμαστοῖς
724 3324 819 3377 καὶ
846 3323 1163 3395 παραδόξοις
1191 3324 1393 3394 ἔργοις,
1421 3324 1516 3377 καὶ
1545 3322 1829 3395 ξενιζούσῃ
1855 3322 1950 3377 κέ-

2055 3344 2161 3399 qua
2190 3326 2333 3382 enim
2383 3324 2489 3377 alia
2538 3322 2748 3377 ratione
2788 3327 2843 3375 et
2882 3317 3095 3374 Iudaici
3125 3324 3180 3373 et
3209 3315 3382 3371 Graeci
3413 3313 3630 3384 generis

370 3436 541 3491 χρητο
572 3417 914 3489 διδασκαλίας
956 3419 1237 3490 Μαρτυρεῖ
1268 3417 1327 3471 δὲ
1358 3416 1450 3469 καὶ
1478 3418 1511 3487 ή
1547 3415 1655 3470 τῶν
1689 3414 1953 3487 Πράξεων

2055 3419 2258 3474 multos
2287 3416 2393 3471 sibi
2415 3413 2712 3485 adiungere
2745 3412 3035 3481 potuisset,
3081 3408 3188 3464 nisi
3214 3406 3632 3462 admirabilibus

340 3511 481 3577 ,τῶν
520 3509 835 3564 ἀποστόλων
876 3508 1099 3581 γραφὴ,
1141 3509 1222 3563 ὅτι
1273 3506 1465 3561 πολλαὶ
1517 3505 1772 3577 μυριάδες
1814 3500 1953 3576 ἦσαν

2055 3512 2325 3581 fidemque
2353 3506 2741 3578 superantibus
2786 3503 2981 3574 gestis,
3025 3509 3079 3557 et
3107 3499 3356 3555 inaudita
3390 3498 3629 3568 quadam

387 3601 652 3656 Ἰουδαίων
683 3599 892 3671 ἀνδρῶν
923 3599 1301 3671 πεπεισμένων
1337 3598 1499 3652 αὐτὸν
1534 3593 1670 3650 εἶναι
1694 3597 1785 3649 τὸν
1817 3597 1954 3667 Χρι-

378 3697 500 3750 στὸν
524 3694 617 3750 τοῦ
657 3694 814 3758 Θεοῦ,
852 3694 945 3748 τὸν
979 3694 1084 3747 ὑπὸ
1120 3693 1230 3747 τῶν
1251 3690 1545 3764 προφητῶν
1582 3688 1958 3761 κατηγγελμέ-

376 3807 495 3845 νον·
523 3791 618 3846 καὶ
655 3792 689 3862 ή
728 3790 940 3860 ἱστορία
970 3787 1029 3842 δὲ
1068 3785 1307 3856 κατέχει,
1349 3783 1425 3846 ὡς
1465 3782 1559 3836 καὶ
1603 3781 1832 3853 μεγίστη
1872 3797 1957 3844 τις

374 3879 445 3955 ἦν
478 3884 773 3956 Ἐκκλησία
825 3878 1064 3952 Χριστοῦ
1118 3879 1175 3931 ὲν
1219 3878 1335 3939 τοῖς
1380 3874 1798 3946 Ἰεροσολύμοις,
1850 3871 1958 3926 ἀπὸ

387 3972 657 4028 Ἰουδαίων
707 3969 1144 4042 συγκροτουμένη
1169 4006 1185 4032 ,
1240 3965 1401 4037 μέχρι
1447 3963 1558 4019 τῶν
1607 3964 1810 4035 χρόνων
1859 3964 1959 4033 τῆς

377 4067 499 4119 κατ’
529 4063 808 4138 ’Δδριανὸν
835 4061 1170 4132 πολιορκίας.
1202 4059 1465 4127 Λέγονται
1498 4052 1630 4123 γοῦν
1671 4056 1721 4108 οἱ
1750 4054 1957 4125 πρῶτοι

377 4157 523 4213 κατὰ
549 4156 798 4228 διαδοχὴν
820 4155 1148 4226 προστάντες
1175 4149 1360 4208 αὐτόθι
1400 4148 1685 4203 ἐπίσκοποι
1718 4146 1958 4200 Ἰουδαῖοι

378 4250 691 4319 γεγονέναι,
739 4241 815 4302 ὧν
859 4247 952 4300 καὶ
996 4244 1232 4316 ὀνόματα
1280 4242 1446 4296 εἰσέτι
1492 4239 1587 4293 νῦν
1645 4237 1796 4309 παρὰ
1848 4239 1960 4300 τοῖς

2055 3601 2307 3657 doctrina
2360 3613 2495 3652 usus
2541 3594 2723 3652 esset?
2769 3594 2931 3648 fidem
2976 3592 3142 3647 etiam
3193 3589 3328 3644 facit
3368 3589 3508 3644 liber
3533 3588 3629 3658 qui

2055 3694 2191 3749 Acta
2239 3689 2610 3761 apostolorum
2658 3684 3001 3747 inscribitur,
3035 3683 3204 3751 multa
3234 3681 3403 3735 millia
3448 3678 3630 3733 homi-

2055 3800 2187 3841 num
2235 3781 2546 3838 Judaaorum
2587 3775 2914 3841 credidisse,
2968 3773 3124 3828 illum
3180 3787 3304 3829 esse
3345 3770 3629 3827 Christum

2055 3875 2179 3941 Dei,
2204 3888 2366 3945 quem
2402 3871 2681 3941 prophetae
2712 3875 3003 3922 venturum
3038 3862 3408 3918 nuntiassent.
3442 3858 3632 3913 Histo-

2057 3970 2136 4023 ria
2166 3980 2383 4037 quoquc
2414 3962 2546 4018 illud
2571 3961 2733 4016 habet
2759 3978 2773 4014 :
2808 3957 3068 4030 grandem
3093 3953 3296 4010 Christi
3328 3949 3631 4005 Ecclesiam

2056 4057 2451 4129 Hierosolymis
2497 4054 2689 4118 fuisse,
2741 4065 2906 4122 quam
2957 4047 3132 4103 Judaei
3190 4045 3628 4116 comparassent,

2058 4151 2396 4221 durasseque
2450 4162 2625 4216 usque
2676 4144 2742 4200 ad
2809 4131 3191 4199 obsidionem.
3239 4152 3362 4207 quae
3403 4130 3630 4187 Adriani

2058 4252 2304 4313 tempore
2328 4241 2469 4297 facta
2501 4247 2586 4295 est
2615 4256 2631 4301 ;
2664 4250 2796 4307 ergo
2824 4233 2919 4304 qui
2947 4230 3109 4303 primi
3137 4227 3381 4299 episcopi
3405 4240 3474 4280 ex
3508 4238 3631 4279 suc-

377 4317 663 4415 έγχωρίοις
705 4338 1133 4412 μνημονεύεται’
1175 4335 1253 4399 ῶς
1306 4334 1401 4388 καὶ
1442 4333 1508 4385 ἐκ
1555 4329 1758 4385 τούτων
1808 4327 1953 4382 λελῦ-

2059 4335 2311 4396 cessione
2357 4336 2468 4390 illic
2506 4331 2845 4404 praefuerunt
2868 4366 2882 4392 ,
2912 4323 3087 4379 Judaei
3137 4320 3311 4376 fuisse
3348 4317 3629 4380 dicuntur,

382 4435 507 4488 σθαι
530 4436 711 4489 πᾶσαν
736 4434 836 4507 τὴν
869 4432 1012 4487 κατὰ
1032 4430 1139 4484 τῶν
1181 4426 1438 4500 μαθητῶν
1487 4423 1653 4478 αὐτοῦ
1683 4420 1958 4493 διαϐολὴν,

380 4529 470 4582 ὅτε
502 4527 597 4581 καὶ
629 4521 994 4597 πρὸςοαύτῶν,
1026 4520 1120 4573 καὶ
1149 4518 1273 4589 δίχα
1297 4517 1396 4588 τῆς
1427 4514 1606 4568 αὐτῶν
1636 4514 1959 4585 μαρτυρίας,

2060 4445 2294 4504 quorum
2340 4426 2561 4482 nomina
2613 4422 2682 4477 ab
2723 4420 2844 4490 ejus
2891 4414 2999 4472 loci
3045 4412 3241 4467 incolis
3290 4409 3452 4464 etiam
3483 4420 3631 4461 nunc

2061 4501 2457 4581 memorantur,
2499 4514 2655 4585 125
2686 4519 2747 4566 ut
2777 4526 2844 4566 ex
2867 4510 2952 4563 bis
2982 4518 3202 4576 quoque
3231 4501 3410 4555 omnis
3435 4505 3630 4553 contra

384 4620 555 4694 μυρία
585 4590 923 4689 ὁμολογεῖται
956 4613 1132 4683 πλήθη
1175 4609 1442 4664 Ἰουδαίων
1465 4625 1525 4661 τε
1562 4607 1656 4660 καὶ
1696 4605 1953 4676 Ἐλλήνων

2064 4611 2362 4683 discipulos
2395 4611 2542 4664 illius
2564 4604 2837 4661 calumnia
2872 4600 3139 4661 diluatur,
3171 4594 3391 4666 quando
3433 4598 3488 4647 et
3520 4590 3630 4645 illis

382 4712 546 4778 αὐτὸς
591 4710 796 4784 Ἰησοῦς
830 4711 859 4762 ὁ
898 4707 1131 4780 Χριστὸς
1182 4703 1274 4756 τοῦ
1314 4700 1447 4755 Θεοῦ
1488 4701 1556 4753 δι’
1599 4691 1675 4752 ὧν
1719 4697 1953 4755 ἐπετέλει

2065 4701 2504 4767 testificantibus,
2534 4710 2587 4754 et
2617 4706 2831 4759 contra,
2878 4692 2986 4748 illis
3034 4705 3141 4743 non
3185 4683 3629 4746 testiﬁcantibus,

384 4775 704 4881 παραδόξων
754 4803 930 4875 ἔργων
955 4775 1073 4869 -ὑφ’
1130 4796 1322 4850 ἑαυτὸν
1373 4791 1757 4863 πεποιημένος.
1801 4787 1953 4843 Ἀλλὰ

2066 4800 2184 4869 ipse
2221 4794 2404 4855 Iesus,
2442 4792 2537 4862 qui
2583 4790 2836 4846 Christus
2891 4790 2976 4840 est
3025 4780 3142 4845 Dei,
3192 4775 3629 4847 comprobatur:

384 4868 590 4957 τοῦτων
610 4868 742 4971 ημῖν
905 4868 1156 4948 τοσοῦτον
1192 4886 1516 4960 εἰρημένων,
1551 4882 1687 4953 πρὸς
1715 4882 1776 4935 τὸ
1807 4880 1953 4952 πρῶ-

2064 4868 2517 4945 innumerabilem
2547 4878 2975 4940 multitudinem,
3009 4881 3124 4927 tum
3172 4868 3484 4924 Juda'orum
3512 4870 3631 4917 tum

384 4955 478 5050 τον
500 4991 610 5046 τῶν
634 4955 878 5045 άπίστων
906 4986 1112 5056 τάγμα,
1144 4955 1422 5053 φέρεβιαὶ
1458 4973 1593 5047 πρδ,
1621 4974 1681 5027 τὸ
1711 4971 1953 5043 δεύτερον

2065 4979 2377 5035 Graecorum
2406 4974 2511 5031 sibi
2539 4973 2645 5043 ipsi
2673 4968 2997 5039 subiecisse.
3027 4964 3296 5020 Caeterum
3345 4971 3470 5011 cum
3514 4955 3633 5010 haec

390 5047 576 5154 στῖφος
607 5080 902 5150 ὲνστῶμεν.
932 5047 1103 5130 Τοῦτο
1132 5047 1189 5127 δὲ
1215 5047 1289 5142 ἦν
1317 5071 1378 5124 τὸ
1405 5068 1513 5122 τῶν
1548 5062 1953 5135 συνομολογούν-

2065 5085 2096 5125 a
2118 5069 2277 5125 nobis
2301 5069 2449 5123 dicta
2469 5066 2580 5121 sint
2600 5064 2864 5119 adversus
2889 5059 3125 5129 primum
3152 5068 3262 5108 non
3287 5047 3631 5105 credentium

387 5140 503 5232 των
532 5140 630 5246 μὲν
661 5173 751 5226 τὸν
785 5140 994 5241 ”Ιησοῦν
1021 5167 1088 5221 τὰ
1120 5140 1393 5237 παράδοξα
1431 5154 1810 5246 πεποιηκέναι,
1837 5172 1953 5224 γοη-

2065 5177 2261 5236 genus,
2296 5175 2444 5216 nunc
2465 5159 2531 5214 ad
2555 5157 2788 5235 alterum
2821 5156 3231 5209 convertamur,
3276 5142 3441 5213 idque
3471 5140 3634 5196 refel—

387 5230 509 5339 ﬁiq.
624 5263 797 5325 ἄλλως
837 5230 931 5312 ἐπὶ
972 5257 1149 5328 πλάνῃ
1191 5230 1298 5308 τῶν
1329 5251 1601 5323 ὁρώντων,
1641 5241 1729 5300 οἷα
1757 5243 1953 5313 θαυμα-

2063 5230 2261 5312 lamus.
2296 5251 2354 5308 Id
2402 5230 2585 5306 autem
2623 5254 2710 5304 est
2752 5258 2967 5304 eorum,
2998 5239 3095 5311 qui
3135 5237 3377 5291 fatentur
3408 5230 3630 5304 quidem

388 5323 681 5429 seupyovﬁ
723 5323 1017 5424 φαρμακέα
1064 5323 1207 5410 τινὰ,
1250 5340 1641 5414 θαυμαστῶσαι
1677 5335 1803 5397 τοὺς
1823 5348 1953 5402 παρ-

2064 5347 2250 5404 Jesum
2274 5359 2365 5401 res
2386 5341 2623 5415 gessisse
2647 5334 3017 5398 admirabiles,
3047 5328 3140 5385 sed
3182 5323 3471 5397 przestigiis
3501 5336 3632 5376 ocun

392 5450 572 5512 ἀνταςο
2067 5442 2152 5496 los
2180 5437 2509 5494 intuentium
2543 5431 2830 5492 delusisse,
2871 5432 3034 5493 atque
3078 5428 3139 5476 ut
3171 5419 3349 5476 solent
3382 5417 3629 5471 incanta-

2069 5543 2215 5586 tores
2267 5536 2324 5583 et
2370 5521 2626 5586 veneﬁci,
2677 5520 2734 5573 in
2788 5510 3207 5570 admirationem
3255 5506 3343 5562 sui
3393 5502 3629 5558 traxisse

2067 5631 2360 5693 priesentes
2374 5657 2389 5671 .

468 5805 548 5880 (1)
581 5803 780 5860 Procul
814 5801 982 5880 dubio
1008 5799 1279 5880 glossema
1335 5799 1420 5851 est
1452 5798 1505 5849 et
1544 5786 1864 5859 marginalis
1924 5777 2208 5852 cuiusdam
2251 5770 2544 5831 Christiani
2590 5763 2813 5824 lectoris
2863 5761 3163 5829 adnotatio,
3234 5758 3362 5816 licet
3418 5751 3646 5809 habea-.

400 5868 491 5936 tur
527 5868 582 5933 in
611 5890 745 5932 mss.
770 5883 825 5931 et
847 5875 903 5929 in
931 5868 1186 5940 losepho.
