4126 6438
504 362 612 418 29.3

1158 367 1424 424 EUSEDII
1459 365 1932 423 CESARIENSIS
1967 365 2115 422 OPP.
2157 364 2339 420 PARS
2373 365 2436 419 ll.
2478 396 2549 407 —
2582 361 3083 420 APOLOGETICA.

3625 363 3734 419 εει

508 479 597 536 Vl.
633 479 833 538 Contra
865 498 953 537 eos
989 483 1074 553 qui
1103 484 1539 564 ngwstfgiatorem
1566 493 1755 554 putant
1793 484 2054 540 Christum

2171 484 2259 549 (τ’.
2326 480 2483 551 Πρὸς
2507 480 2648 546 τοὺς
2666 479 3237 564 ’ρῑομέγουςθγέητς
3277 474 3580 546 γεγονέτάι
3629 479 3735 532 τὸν

1134 552 1434 621 ιωμωα

576 664 650 719 Ac
681 666 911 734 primum
957 666 1174 735 quidem
1222 667 1313 721 isti
1344 668 1710 738 interrogandi
1752 677 1901 735 sunt,
1939 669 2069 739 quid

508 754 577 809 ad
632 770 695 810 ea
735 771 855 825 quae
885 765 1297 812 antecesserunt
1345 761 1755 829 respondeant?
1794 760 2068 831 Numquid

509 846 653 899 ullus
707 846 985 901 hominum
1030 863 1256 918 usquam
1309 850 1603 919 excogitari
1650 851 1869 921 potuit,
1919 854 2066 907 omni

503 938 767 1006 gravitate
803 954 867 992 ac
898 939 1097 993 virtute
1142 940 1354 995 referta:
1400 942 1713 1012 reipublicae
1757 945 2063 1009 institutor,

502 1030 840 1099 sinccrreque
879 1046 943 1085 ac
983 1047 1123 1086 verae
1156 1032 1438 1096 doctrinm,
1476 1036 1654 1102 qualis
1684 1052 1745 1089 ea
1784 1045 1869 1090 est
1901 1052 2064 1103 quam

501 1129 626 1175 ante
652 1123 1025 1190 exposuimus,
1058 1132 1357 1194 praeceptor
1383 1143 1393 1175 :
1418 1127 1510 1195 qui
1548 1142 1728 1181 mores
1768 1130 2062 1198 praestigia-

500 1212 637 1267 toris
666 1210 958 1266 habuerit?
996 1212 1148 1278 Quod
1182 1216 1225 1269 si
1254 1223 1307 1269 et
1345 1230 1556 1285 magus,
1594 1226 1648 1271 et
1686 1220 1975 1281 veneﬁcus,
2012 1230 2065 1275 et

499 1300 786 1373 impostor,
811 1312 864 1358 et
910 1307 1276 1375 praastigiator
1318 1307 1436 1370 fuit,
1468 1325 1703 1376 quonam
1752 1312 1913 1365 modo
1938 1313 2062 1368 talis

498 1391 760 1449 doctrinae
789 1396 928 1465 apud
962 1413 1152 1451 omnes
1202 1409 1387 1467 gentes
1429 1409 1619 1454 auctor
1662 1404 1887 1465 exstitit,
1927 1420 2060 1473 qua-

498 1485 600 1539 lem
636 1485 703 1539 ad
730 1488 874 1542 hunc
893 1505 1063 1556 usque
1090 1490 1230 1543 diem
1254 1498 1307 1545 ct
1337 1492 1511 1547 oculis
1541 1494 1834 1558 intuemur,
1867 1503 1919 1549 et
1950 1512 2061 1549 au—

496 1576 651 1632 ribus
687 1580 1271 1649 pereipimus?deinde
1324 1585 1447 1652 quis
1496 1592 1605 1638 tam
1654 1587 1756 1641 sibi
1808 1588 1911 1657 ipsi
1936 1603 2059 1642 con-

494 1669 690 1733 ﬁdens,
715 1678 775 1725 ut
804 1674 1149 1742 aggrediatur
1181 1691 1242 1728 ea
1269 1676 1322 1729 in
1355 1693 1519 1730 unum
1551 1693 1764 1746 cogere,
1796 1696 1916 1748 quae
1938 1683 2055 1751 cogi

496 1762 648 1817 nullo
672 1762 830 1816 modo
879 1766 1149 1833 possunt?
1176 1765 1309 1830 Quis
1352 1768 1495 1821 enim
1531 1784 1657 1823 vere
1699 1772 2058 1841 przestigiator

495 1860 602 1917 est,
641 1868 765 1908 cum
805 1862 858 1909 et
905 1857 1188 1910 sceleratis
1220 1858 1290 1909 sit
1334 1867 1388 1912 et
1427 1858 1652 1915 nefariis
1688 1863 1952 1927 moribus,
2002 1873 2056 1919 et

496 1959 591 1999 eas
641 1960 730 2000 res
773 1948 1147 2016 aggrediatur,
1199 1964 1321 2019 qtue
1367 1951 1668 2021 desperatis
1724 1955 2057 2027 nefariisque

498 2036 809 2092 hominibus
844 2042 1189 2104 conveniant,
1229 2043 1408 2095 omnia
1434 2057 1595 2111 agere
1620 2046 1757 2100 solet
1787 2049 1963 2117 turpis
1992 2065 2056 2102 ac

491 2128 697 2183 sordidi
738 2131 873 2184 lucri
913 2133 1105 2202 gratia.
1152 2132 1420 2205 Numquid
1447 2137 1610 2206 igitur
1647 2136 1897 2192 Salvator
1922 2155 2057 2208 quo-

492 2236 619 2289 que,
671 2237 735 2275 ac
780 2221 1042 2280 Dominus
1086 2234 1277 2282 noster
1317 2228 1499 2291 Jesus,
1543 2231 1636 2300 qui
1675 2230 1933 2286 Christus
1971 2239 2055 2288 est

491 2312 608 2377 Dei,
639 2317 837 2371 talibus
866 2318 1028 2374 rebus
1052 2320 1320 2376 obnoxius
1348 2323 1459 2377 sit?
1487 2325 1713 2379 Atenim
1738 2326 1881 2380 unde
1912 2336 2056 2381 tene-

487 2404 637 2460 bitur
661 2423 808 2470 reus,
836 2419 927 2463 aut
955 2413 1249 2479 quomodo,
1278 2414 1368 2483 qui
1407 2415 1522 2471 suis
1560 2417 1866 2485 discipulis,
1897 2426 1955 2470 ut
1987 2434 2053 2472 ex

488 2495 732 2566 ipsorum
778 2501 1092 2555 testimonio
1134 2511 1378 2571 apparet,
1409 2506 1667 2572 prtecepit
1700 2520 1767 2558 ne
1810 2504 2055 2573 posside-

487 2595 612 2642 rent
640 2603 853 2654 aurum,
881 2598 973 2642 aut
1004 2598 1284 2661 argentum
1320 2593 1372 2645 in
1411 2594 1562 2647 zonis
1587 2595 1723 2655 suis,
1756 2609 1933 2663 neque
1969 2610 2057 2663 pc-

487 2691 605 2731 ram
636 2679 691 2731 in
734 2680 841 2742 via,
884 2696 1060 2750 neque
1098 2683 1501 2738 calceamenta?
1538 2683 1743 2739 Deinde
1783 2700 1880 2738 cur
1906 2686 2054 2739 dicto

488 2766 636 2824 illius
663 2770 947 2828 audientes
1002 2772 1253 2836 fuissent,
1296 2782 1349 2828 et
1375 2789 1438 2829 ea
1469 2791 1588 2845 qua:
1624 2785 1948 2845 acceperant
1996 2777 2054 2831 in

489 2864 908 2920 commentarios
950 2865 1236 2920 referenda
1274 2867 1578 2938 litterisque
1619 2870 2051 2925 commendanda

490 2961 796 3024 putassent,
834 2956 876 3010 si
908 2958 1154 3026 pecun'e
1198 2958 1503 3012 studiosum
1555 2974 1712 3013 suum
1750 2958 2054 3030 Przecepto-

486 3058 603 3099 rem
636 3046 931 3111 vidissent,
962 3055 1017 3103 ct
1056 3050 1090 3104 ii
1112 3074 1141 3119 ς
1161 3050 1432 3107 contraria
1481 3066 1602 3120 quae
1644 3052 1782 3106 alios
1825 3052 2053 3109 docebat

2659 552 2916 619 Χριστὸν
2946 551 3050 603 τοῦ
3087 551 3253 601 Θεοῦ.

2241 668 2350 720 Καὶ
2382 667 2443 737 δὴ
2480 665 2665 720 τούσδε
2699 666 2912 737 πρῶτον
2955 665 3202 717 ἁπάντων
3247 660 3565 732 ἐρωτητέον,
3614 659 3736 716 τίνα

2171 763 2325 827 φαῖεν
2354 759 2488 830 πρὸς
2508 758 2578 811 es
2604 758 3006 829 xpowaeuptévu.
3028 752 3096 807 Ἀ
3109 772 3175 826 ρα
3200 754 3308 823 γὰρ
3334 751 3618 822 ἐπινοῆσαι
3646 752 3737 805 δυ-

2168 851 2346 913 νατὸν,
2376 850 2540 921 ἄνδρα
2569 848 2882 903 διδάσκαλον
2908 848 3107 919 σεμνῆς
3133 847 3225 899 καὶ
3253 844 3555 915 παναρέτου
3591 843 3736 897 πολι-

2166 940 2334 1003 τείας,
2364 941 2531 1008 ἀγίων
2549 958 2607 994 τε
2645 940 2737 993 xui
2762 939 2975 1011 ἀληθῶν
3006 938 3307 1008 δογμάτων,
3338 937 3464 989 οἴων
3481 936 3737 1008 προδιήλ-

2168 1031 2351 1102 θομεν,
2379 1033 2548 1102 γόητα
2570 1032 2662 1085 τὸν
2682 1031 2881 1101 τρόπον
2910 1030 3189 1098 γεγονέναι
3216 1046 3231 1093 ;
3262 1030 3325 1082 El
3345 1029 3401 1081 δὲ
3426 1028 3488 1100 δὴ
3515 1046 3735 1099 μαγγα-

2166 1125 2354 1194 νευτής
2380 1141 2460 1187 τις
2494 1120 2561 1195 ἦν
2589 1124 2682 1176 xui
2713 1124 3053 1194 φαρμακευς,
3084 1119 3332 1174 ἀπατεὼν
3360 1137 3420 1172 τε
3453 1121 3545 1172 καὶ
3576 1120 3731 1190 γόης,

2166 1214 2281 1277 πῶς
2308 1215 2370 1268 ἂν
2393 1214 2647 1285 τοιαύτης
2678 1214 3019 1277 διδασκαλίας
3051 1214 3181 1265 πᾶσι
3212 1216 3323 1274 τοῖς
3380 1211 3554 1264 ἔθνεσι
3600 1229 3733 1264 κατ-

2164 1308 2295 1377 ἐστη
2318 1309 2505 1371 αἴτιος,
2530 1310 2645 1371 οἴας
2669 1309 2821 1361 αύτοὶ
2848 1308 3061 1379 ὁρῶμεν
3090 1306 3403 1375 ὀφθαλμοῖς,
3421 1306 3514 1357 xui
3542 1306 3733 1368 ἀκοαῖς

2162 1402 2241 1463 εἰς
2274 1399 2433 1470 δεῦρο
2474 1399 3002 1471 παραλαμϐάνομενς
3040 1400 3194 1461 Ποῖος
3222 1398 3277 1450 δὲ
3315 1398 3408 1450 καὶ
3445 1398 3731 1468 αἱρήσεται

2161 1490 2227 1542 τὰ
2262 1490 2536 1543 ἀσύνακτα
2570 1491 2849 1558 συνάγειν;
2886 1492 3018 1562 γόης
3042 1490 3138 1561 μὲν
3172 1490 3277 1561 γάρ
3305 1507 3387 1552 τις
3414 1488 3488 1552 ὼς
3517 1488 3735 1558 ἀληθῶς

2160 1582 2371 1644 ἀνόσιος
2414 1583 2508 1634 καὶ
2551 1583 2746 1653 μιαρὸς
2787 1583 2877 1635 τὸν
2923 1582 3143 1654 τρόπον,
3195 1581 3579 1652 ἀπειρημένοις
3635 1581 3734 1634 καὶ

2161 1674 2392 1737 ἀνοσίοις
2417 1675 2697 1745 ἐγχειρῶν,
2720 1675 2896 1727 πάντα
2921 1676 3146 1746 πράττει
3177 1673 3401 1744 αἰσχροῦ
3436 1673 3529 1726 xui
3554 1674 3702 1743 ρυπα
3718 1698 3732 1715 -

2162 1766 2254 1835 ροῦ
2283 1767 2503 1834 κέρδους
2526 1767 2702 1837 χάριν.
2731 1768 2875 1837 Μήτι
2902 1763 2993 1819 οὖν
3022 1766 3114 1819 καὶ
3144 1766 3172 1817 6
3197 1766 3386 1836 Σωτὴρ
3412 1767 3504 1818 καὶ
3526 1764 3733 1836 Κύριος

2158 1858 2311 1928 ἡμῶν
2340 1859 2550 1928 Ἰησοῦς
2579 1860 2607 1910 6
2640 1859 2871 1930 Χριστὸς
2901 1858 2996 1911 τοῦ
3024 1857 3158 1911 Θεοῦ
3207 1857 3434 1910 τοιοῖσδέ
3465 1873 3605 1910 τισιν
3639 1854 3729 1909 ἐν·

2155 1967 2278 2019 οχος
2306 1946 2407 2020 ἧν;
2440 1950 2628 2014 Πόθεν,
2664 1951 2696 2022 ἢ
2741 1950 2877 2013 πῶς,
2914 1952 2942 2002 6
2973 1953 3084 2013 τοῖς
3116 1949 3308 2002 ἑαυτοῦ
3341 1948 3624 2019 μαθηταῖς,
3653 1948 3730 2011 ὡς

2157 2040 2288 2109 πρὸς
2310 2039 2488 2092 αὐτῶν
2519 2040 2955 2111 μεμαρτύρηται,
2979 2036 3214 2110 εἰρηκώς
3235 2054 3248 2067 ·
3289 2056 3306 2085 ι
3339 2038 3428 2108 Μὴ
3455 2035 3725 2107 κτήσησθε

2155 2132 2373 2203 χρυσὸν,
2421 2131 2541 2201 μηδ’
2578 2134 2817 2203 ἄργυρον
2854 2133 2932 2194 είς
2971 2130 3071 2194 τὰς
3097 2129 3271 2193 ζώνας
3300 2128 3469 2199 ὑμῶν,
3517 2127 3587 2197 μὴ
3621 2130 3726 2197 πή*

2157 2242 2254 2295 ραν
2282 2226 2360 2288 είς
2388 2224 2524 2287 ὁδὸν,
2563 2224 2679 2295 μηδ’
2710 2223 3062 2294 ὑποδήματα;
3097 2242 3113 2271 ι
3148 2222 3274 2285 Πῶς
3302 2221 3344 2273 δ’
3365 2220 3428 2273 ἂν
3453 2218 3728 2272 ἐπείθοντο

2153 2314 2382 2382 λέγοντι,
2414 2316 2506 2368 xui
2539 2316 2595 2367 ὲν
2621 2314 3177 2386 ἀπομνημονεύμασιν
3222 2312 3514 2384 ἐγγράφοις
3551 2310 3721 2364 ταῦτα

2154 2409 2504 2479 παραδιδόναι
2538 2408 2744 2477 ἠξίουν,
2780 2411 2828 2462 εί
2860 2405 3325 2481 χρηματιζόμενον
3357 2407 3446 2459 τὸν
3472 2405 3721 2458 διδάσκα-

2154 2501 2241 2554 λον
2269 2501 2454 2573 ἐώρων
2501 2505 2595 2555 xui
2630 2503 2950 2556 κατεναντία
2966 2496 3045 2565 οἷς
3073 2502 3159 2554 ὲτέ
3168 2518 3293 2573 ρους
3321 2500 3562 2553 ἐδίδασκε
3597 2516 3722 2569 μετ-

2156 2594 2341 2661 ιόντα;
2387 2594 2561 2647 Πάλαι
2596 2596 2641 2649 δ’
2678 2595 2743 2649 ἂν
2772 2594 3234 2662 καταγελάσαντες
3255 2593 3442 2659 αὑτοῦ,
3482 2593 3575 2647 xui
3618 2592 3729 2645 τῶν

2152 2683 2323 2752 λόγων
2352 2686 2815 2750 καταπτύσαντες,
2877 2684 3225 2755 ἀνεχώρησαν
3276 2686 3375 2755 τῆς
3430 2685 3726 2755 μαθητείας

2153 2774 2394 2839 εἰκότως,
2428 2778 2476 2829 εἰ
2509 2778 2689 2839 αὐτοῖς
2723 2779 2819 2847 μὲν
2842 2776 3063 2829 τοιαῦτα
3094 2774 3305 2844 σεμνῶς
3337 2775 3725 2845 νομοθετοῦντα

2153 2862 2358 2935 ἑώρων,
2409 2868 2570 2921 αὑτὸν
2611 2869 2667 2921 δὲ
2709 2868 2800 2920 τὸν
2822 2867 3116 2939 νομοθέτην
3156 2868 3276 2919 κατ’
3304 2866 3492 2919 ούδένα
3523 2867 3721 2937 τρόπον

2154 2957 2420 3028 ἑπόμενον
2450 2964 2562 3025 τοῖς
2594 2960 2812 3024 οἰκείοις
2849 2959 3047 3029 λόγοις.
3082 2959 3247 3013 Πάλιν
3286 2959 3313 3011 6
3345 2957 3440 3029 μὲν
3466 2958 3596 3028 γόης
3629 2959 3723 3010 καὶ

2153 3054 2229 3117 ὠς
2274 3054 2487 3126 ἀληθῶς
2532 3056 2729 3118 πλάνος
2777 3056 2889 3118 τοῖς
2926 3053 3311 3126 ἀπειρημένοις
3349 3054 3442 3105 xui
3473 3055 3584 3115 τοῖς
3631 3052 3724 3104 ἀν-

487 3139 850 3192 tractantem?
896 3139 1014 3194 Non
1063 3140 1154 3195 diu
1208 3140 1451 3210 profecto
1497 3158 1557 3198 se
1606 3144 2048 3210 continuissent,

2155 3145 2313 3210 οσίοις
2346 3148 2537 3201 ἑαυτὸν
2566 3147 2887 3212 ἐπιδίδωσιν,
2919 3146 3144 3199 ἀνοσίων
3177 3144 3269 3197 καὶ
3297 3143 3567 3214 ἀθεμίτων
3609 3141 3721 3213 ήδο-

486 3229 620 3297 quin
644 3229 794 3282 illum
828 3230 1147 3287 habuissent
1177 3234 1403 3301 derisui,
1432 3236 1699 3306 verbaque
1719 3236 1839 3305 ejus
1872 3251 2054 3308 asper-

488 3318 603 3371 nati
646 3330 860 3387 esseut,
917 3329 1080 3393 atque
1119 3339 1147 3378 a
1197 3325 1490 3396 disciplina
1548 3328 1906 3383 recessissent
1945 3344 1958 3378 :
2002 3337 2055 3383 et

489 3412 684 3468 merito
713 3414 952 3484 quidem,
986 3417 1031 3469 si
1060 3416 1323 3473 vidissent
1358 3419 1510 3472 illum
1537 3419 1639 3473 sibi
1668 3421 1884 3488 quidem
1920 3421 2053 3491 ipsis

487 3503 864 3559 severissimas
883 3505 1024 3574 leges
1051 3507 1437 3575 imponentem,
1460 3509 1632 3577 ipsum
1668 3522 1845 3566 autem
1876 3513 2052 3582 legum

488 3602 765 3649 auctorem
799 3596 947 3651 nullo
981 3597 1142 3652 modo
1179 3599 1338 3654 verba
1375 3615 1596 3654 suarum
1626 3602 1800 3671 legum
1820 3619 2054 3674 sequen-

485 3692 620 3738 tem.
656 3682 859 3739 Deinde
887 3687 979 3755 qui
1011 3702 1137 3742 vere
1162 3689 1526 3758 praestigiator
1564 3701 1649 3744 est
1677 3705 1741 3745 ac
1771 3693 2049 3758 seductor,

483 3773 789 3846 desperatis
809 3778 1141 3849 nefariisque
1169 3781 1479 3837 hominibus
1501 3784 1735 3852 seipsum
1764 3786 2050 3854 permittit,

489 3867 651 3938 126
695 3875 754 3921 ut
801 3870 974 3939 possit
1016 3870 1242 3927 liberius
1288 3874 1547 3928 scelestas
1587 3883 1748 3941 atque
1800 3876 2052 3932 infandas

484 3960 793 4028 voluptates
829 3962 1104 4031 persequi,
1130 3971 1184 4017 et
1212 3965 1503 4034 praestigiis
1531 3973 1693 4035 atque.
1728 3969 2053 4024 incantatio-

487 4051 650 4104 nibus
689 4052 941 4137 sqbigcre
973 4055 1326 4111 mulierculas
1355 4067 1406 4110 et
1449 4059 1552 4113 sub
1594 4075 1747 4113 suam
1789 4063 2049 4114 malitiam

485 4139 725 4193 trahere.
772 4139 841 4193 At
880 4157 1008 4195 vero
1039 4142 1105 4196 de
1158 4142 1457 4201 Salvatoris
1500 4163 1564 4202 ac
1613 4148 1824 4203 Domini
1878 4153 2050 4205 nostri

486 4233 849 4299 temperantia
884 4248 953 4287 ne
987 4233 1092 4287 dici
1125 4236 1342 4303 quidem
1381 4240 1516 4295 satis
1548 4242 1762 4296 abunde
1809 4258 2049 4312 unquam

485 4330 693 4393 posset.
728 4321 941 4379 Rursus
993 4327 1136 4379 enim
1189 4328 1440 4400 discipuli
1490 4332 1640 4387 illum
1690 4333 2052 4389 testificantur

486 4416 831 4485 praecepisse,
877 4427 935 4473 ut
974 4434 1043 4475 ne
1093 4421 1434 4479 intuerentur
1486 4427 1705 4495 quidem
1765 4428 2047 4482 mulierem

2153 3237 2261 3290 νῶν
2286 3238 2468 3292 ἕνεκεν
2497 3238 2684 3310 θήρας,
2715 3238 2853 3291 ὥστε
2879 3238 2977 3308 ἤδη
3011 3237 3095 3290 διὰ
3118 3235 3217 3299 τὰς
3256 3235 3588 3307 μαγγανείας
3619 3250 3719 3301 γυ-

2153 3332 2314 3385 ναῖκά
2350 3350 2470 3385 τινα
2504 3330 2858 3385 καταϐάλλειν
2897 3331 2989 3383 xui
3015 3328 3303 3399 ὑποσύρειν
3334 3330 3400 3398 τῇ
3421 3325 3586 3379 αύτοῦ
3616 3342 3720 3378 xu-

2152 3420 2278 3492 κία·
2330 3423 2359 3475 6
2386 3423 2445 3476 δὲ
2475 3423 2663 3494 Σωτὴρ
2698 3423 2791 3475 xui
2816 3420 3019 3491 Κύριος
3049 3417 3206 3490 ἡμῶν
3237 3419 3343 3471 οὐδ’
3373 3418 3517 3470 ἔστιν
3548 3418 3720 3469 εἰπεῖν

2151 3514 2296 3577 ὅπως
2327 3515 2692 3587 ἀνέστραπται
2719 3513 2847 3585 περὶ
2885 3511 3252 3584 σωφροσύνην,
3288 3510 3446 3563 ὁπότε
3484 3508 3644 3563 πάλιν
3669 3508 3720 3560 οἱ

2155 3605 2393 3676 μαθηταὶ
2424 3604 2756 3677 μαρτυροῦσι
2785 3606 3067 3675 παραινεῖν
3089 3604 3207 3674 μηδ’
3235 3602 3525 3673 ὲμὸλέπειν
3540 3615 3723 3667 γυναι-

2152 3697 2210 3748 xi
2259 3698 2373 3767 μετ’
2421 3696 2711 3767 ἐπιθυμίας
2751 3695 3072 3757 ἀκολάστου,
3123 3695 3401 3765 φήσαντα·
3439 3712 3458 3743 ε
3486 3690 3721 3764 Ἐρρέθη

2150 3790 2262 3847 τοῖς
2289 3789 2564 3859 ἀρχαίοιςο
2603 3789 2676 3840 Οὐ
2731 3785 3071 3858 μοιχεύσεις⁸
3125 3784 3236 3853 ἐγὼ
3276 3784 3333 3837 δὲ
3378 3784 3519 3851 λέγω
3571 3784 3718 3853 ὑμῖν,

2151 3879 2232 3931 ὅτι
2267 3882 2374 3943 πᾶς
2403 3884 2431 3933 6
2455 3880 2740 3950 ἐμϐλέπων
2763 3882 2998 3947 γυναῖκα
3019 3878 3153 3949 πρὸς
3172 3878 3233 3930 τὸ
3257 3876 3589 3947 ἐπιθυμῆσαι
3619 3874 3721 3927 αὐ·-

2150 3969 2248 4040 τὴν
2272 3971 2369 4041 ἤδη
2404 3972 2719 4042 ἐμοίχευσεν
2744 3971 2913 4041 αὐτὴν
2941 3972 2999 4022 ὲν
3024 3973 3088 4041 τῇ
3112 3968 3308 4040 καρδία
3335 3966 3520 4021 αὑτοῦ.
3554 3986 3571 4018 ι
3609 3963 3722 4018 Καί

2152 4078 2282 4113 ποτε
2327 4063 2639 4129 ἀναγκαίως
2686 4064 2779 4115 ἐπὶ
2805 4061 3040 4131 ὠφελείᾳ
3081 4062 3174 4113 xui
3224 4059 3465 4127 σωτηρίᾳ
3512 4053 3721 4108 πολλῶν

2152 4151 2499 4222 Σαμαρείτιδι
2543 4154 2759 4221 γυναικὶ
2805 4151 3179 4219 διαλεγόμενον
3212 4149 3372 4200 αὑτὸν
3407 4144 3717 4213 τεθεαμένοι

2151 4243 2474 4312 ἐθαύμαζον,
2516 4245 2596 4296 ὅτι
2645 4243 2780 4313 μετὰ
2807 4243 3063 4309 γυναικὸς
3088 4241 3284 4300 ἐλάλει,
3326 4237 3624 4308 παράδοξόν
3664 4253 3720 4289 τι

2150 4332 2305 4386 τοῦτο
2344 4332 2593 4397 δόξαντες
2615 4335 2767 4403 ὁρᾷν,
2795 4333 2980 4403 ὥσπερ
3013 4332 3163 4386 οὔπω
3188 4330 3282 4383 xu‘t
3313 4329 3497 4383 ἄλλοτε
3523 4328 3721 4399 πρότε-

2155 4440 2266 4493 ρον.
2315 4423 2539 4492 Συνίστη
2577 4422 2631 4474 δὲ
2672 4423 2779 4492 ἄρα
2816 4424 2844 4473 ὁ
2884 4422 3037 4489 λόγος
3074 4419 3168 4474 τοῦ
3205 4419 3456 4490 Σωτῆρος
3480 4419 3634 4489 ἡμῶν
3656 4417 3725 4471 τὸ

486 4520 611 4560 cum
654 4506 895 4571 libidine,
939 4510 1025 4565 his
1062 4514 1239 4569 verbis
1282 4534 1295 4570 :
1334 4534 1353 4566 ι
1396 4494 1606 4573 Dictum
1657 4528 1740 4573 est
1781 4519 2042 4588 antiquis,

2155 4513 2404 4585 ἐμϐριθὲς
2448 4514 2542 4565 καὶ
2584 4512 2852 4583 αὐστηρὸν
2891 4511 2984 4565 τοῦ
3008 4512 3209 4582 τρόπου
3277 4509 3636 4580 Σωφροσύνης
3662 4509 3719 4562 δὲ

484 4595 601 4651 Non
638 4599 1018 4663 mtrchaberis,
1046 4617 1146 4672 ego
1177 4612 1355 4660 autem
1399 4607 1521 4662 dico
1555 4609 1731 4670 vobis,
1758 4608 1899 4678 quod
1929 4609 2049 4677 qui-

406 4742 415 4753 ,
486 4704 702 4760 cunque
744 4691 1045 4748 intuebitur
1101 4697 1380 4751 mulierem
1425 4700 1493 4754 ad
1551 4701 2046 4770 concupiscendum

483 4796 624 4845 eam,
649 4782 761 4850 jam
799 4784 1100 4839 mmchatus
1127 4795 1209 4841 est
1226 4804 1344 4842 eam
1368 4791 1423 4844 in
1457 4792 1621 4846 corde
1644 4793 1822 4844 suo".
1865 4810 1882 4843 ι
1909 4789 2045 4843 Ctnu

486 4886 613 4925 vero
638 4871 766 4925 olim
788 4888 852 4927 ex
877 4889 1039 4928 causa
1054 4878 1448 4945 necessaria,ut
1469 4880 1653 4934 multis
1674 4882 1862 4949 utique
1880 4874 2050 4947 prod-

485 4972 654 5028 esset,
696 4979 822 5018 cum
883 4964 1224 5023 Samaritana
1272 4973 1500 5026 muliere
1544 4972 1854 5041 loquentem
1897 4969 2047 5023 illum

486 5057 770 5123 vidissent,
815 5057 1066 5113 admirati
1102 5069 1229 5115 sunt
1266 5063 1410 5132 quod
1444 5078 1568 5116 cum
1611 5065 1836 5117 muliere
1861 5064 2051 5130 loque-

487 5158 659 5213 retur,
692 5151 1031 5220 inopinatum
1060 5154 1316 5223 quiddam
1347 5156 1451 5209 hoc
1481 5163 1645 5223 atque
1681 5155 1957 5209 insolitum
1990 5167 2049 5206 se

488 5242 687 5298 intueri
716 5244 1064 5307 arbitrantes,
1107 5256 1364 5316 tanquam
1396 5248 1432 5301 ii
1465 5248 1558 5317 qui
1587 5260 1865 5315 nunquam
1895 5250 2049 5297 ante-

488 5334 591 5388 hac
623 5335 762 5389 idem
796 5337 1078 5394 vidissent.
1112 5339 1541 5395 Commendabat
1568 5339 1712 5393 enim
1750 5336 2051 5392 Salvatoris

489 5428 660 5480 nostri
706 5442 888 5483 sermo
912 5430 1045 5486 nihil
1084 5430 1250 5494 aliud,
1288 5432 1393 5486 nisi
1433 5431 1489 5485 in
1532 5431 1776 5485 moribus
1816 5427 2052 5498 gravita.

491 5527 598 5570 tem
618 5525 781 5585 atque
808 5523 1194 5579 austeritatem.
1213 5523 1482 5579 Caeterum
1507 5522 1881 5591 temperantiae
1902 5520 2051 5589 ejus-

493 5608 638 5672 dem,
659 5608 752 5662 illa
792 5626 1007 5681 quoque
1042 5615 1293 5672 doctrina
1332 5630 1528 5688 magno
1572 5621 1894 5685 argumento
1930 5628 2052 5670 esse

562 5762 1151 5851 "uwunsnm.

2150 4603 2311 4656 αὐτοῦ
2357 4602 2497 4671 μέγα
2532 4601 2732 4672 δεῖγμα
2754 4598 2821 4672 ἦν
2855 4603 3079 4674 κάκείνη
3115 4604 3147 4674 ἡ
3179 4601 3505 4665 διδασκαλία,
3553 4601 3619 4653 δι’
3649 4597 3719 4673 ἦς

2150 4694 2397 4761 ἁγνεύειν
2421 4692 2477 4759 ἐξ
2495 4692 2657 4746 αὐτοῦ
2676 4693 2769 4747 τοῦ
2795 4694 2895 4763 τῆς
2923 4694 3153 4757 διανοίας
3181 4693 3396 4763 βάθους,
3426 4693 3524 4757 τὰς
3540 4696 3720 4764 ἐμπα-

2153 4787 2262 4849 θεῖς
2294 4784 2499 4855 ὀρέξεις
2541 4785 2944 4856 ἀποτὲμνοντας
2983 4787 3228 4841 ἐδίδασκε
3256 4786 3459 4854 λέγων·
3506 4806 3526 4837 ι
3564 4786 3719 4839 Εἰσὶν

2152 4875 2395 4945 εὐνοῦχοι
2424 4873 2618 4940 οἵτινες
2642 4877 3010 4947 ἐγεννήθησαν
3035 4875 3231 4939 οὕτως·
3264 4877 3511 4929 καὶείσὶν
3530 4876 3717 4930 εὐνοῦ-

2152 4984 2232 5036 χοι
2264 4967 2456 5031 οἵτινες
2498 4966 2918 5038 εὐνουχίσθησαν
2947 4968 3050 5019 ὑπὸ
3084 4966 3413 5037 ἀνθρώπων·
3460 4969 3556 5021 xui
3581 4968 3721 5021 εἰσὶν

2152 5056 2394 5126 εὐνοῦχοι
2432 5057 2624 5118 οἵτινες
2675 5055 2986 5126 εὐνούχισαν
3035 5057 3257 5123 ἑαυτοὺς
3301 5058 3386 5112 διὰ
3434 5058 3531 5129 τὴν
3567 5058 3720 5129 βασι-

2152 5151 2298 5203 λείαν
2329 5151 2438 5203 τῶν
2465 5149 2726 5221 οὐρανῶν.
2762 5169 2780 5199 ›
2815 5150 2983 5203 Πάλιν
3015 5152 3045 5203 6
3076 5151 3173 5221 μὲν
3207 5152 3339 5221 γόης
3376 5153 3471 5205 xui
3503 5150 3719 5222 ἀληθῶς

2152 5242 2449 5305 λαοπλάνος
2473 5248 2649 5294 πάντα
2677 5243 2915 5311 ἐγχειρεῖ
2939 5242 3031 5295 xui
3063 5244 3286 5315 πράττει
3316 5242 3617 5307 δοξοκοπῶν
3648 5242 3719 5294 τά

2155 5331 2325 5385 πολλά
2358 5330 2824 5400 φαντασιοκοπῶν,
2858 5332 2949 5383 xui
2982 5331 3142 5384 πλέον
3175 5352 3224 5386 τι
3254 5331 3405 5404 παρά
3424 5333 3549 5395 τοὺς
3585 5329 3712 5397 πολ-

2153 5423 2277 5486 λοὺς
2312 5422 2508 5474 εἰδέναι
2530 5422 2620 5473 xui
2647 5421 2788 5491 ἔχειν
2818 5423 3319 5493 μεγαλαυχούμενος
3340 5441 3353 5453 ·
3387 5425 3415 5475 6
3442 5421 3496 5474 δὲ
3530 5420 3722 5491 Σωτὴρ

2156 5515 2250 5569 xui
2278 5513 2480 5584 Κύριος
2510 5511 2685 5583 ἡμῶν,
2714 5513 2794 5565 ὅτι
2832 5513 2904 5584 μὴ
2940 5513 3235 5584 δοξομανὴς
3272 5514 3365 5565 xui
3386 5510 3599 5574 ἀλαζὼν
3623 5513 3718 5564 xui

2157 5605 2583 5675 φαντασιοκόπος
2621 5598 2707 5673 ἦν,
2744 5605 2835 5673 ἀφ’
2866 5597 2943 5659 ὧν
2992 5603 3217 5675 ἰώμενος
3263 5602 3490 5674 παρῄνει
3534 5602 3721 5673 μηδενὶ

3746 5706 3771 5748 ἱ
