4126 6434
262 328 430 448 .225

1240 386 1894 445 DEMONSTRATIONlS
1933 387 2395 445 EVANGELICZE
2438 387 2567 443 LIB.
2610 387 2700 442 Ill.

3483 390 3590 446 2‘26

324 504 556 578 φράζειν
609 502 745 575 μηδέ
794 504 872 566 εἰς
896 501 1123 565 πολλοὺς
1178 503 1342 555 αὐτὸν
1378 503 1676 572 ἐκφαίνειν,
1718 502 1895 571 γένοιτ

2016 508 2232 570 potest:
2271 517 2375 571 qua
2417 502 2763 558 turbulentos
2812 503 3084 573 appetitus
3120 519 3186 559 cx
3218 504 3340 575 ipso
3377 506 3588 575 cogita-

324 599 393 652 ἂν
451 595 676 665 ἔκδηλος
724 595 830 647 ἀπό
879 610 937 646 τε
996 593 1088 646 τοῦ
1151 593 1249 657 τὰς
1296 596 1353 645 ἐν
1416 593 1566 665 ὄρεσι
1624 592 1904 665 διατριϐὰς

326 691 423 745 καὶ
481 689 579 751 τὰς
644 688 1019 758 ἀναχωρήσεις
1072 686 1327 749 διώκειν,
1379 687 1474 740 καὶ
1525 687 1748 756 φεύγειν
1805 686 1905 750 τάς

328 783 473 838 κατὰ
534 781 712 842 πόλεις
764 779 871 831 τῶν
941 777 1150 832 πολλῶν
1215 778 1504 847 ὲμίίλαϐεῖς
1567 777 1799 848 ὁμιλίας.
1845 776 1908 828 Εἰ

333 877 472 947 μήτε
500 870 781 941 τοιγαροῦν
804 869 981 941 δόξης,
1028 872 1163 942 μήτε
1193 872 1515 942 χρημάτων,
1553 872 1689 941 μήτε
1717 869 1909 941 ἡδονῆς

331 967 519 1019 ἕνεκεν
580 961 899 1033 ἐπιϐέϐλητο
954 965 1021 1033 τῇ
1073 962 1426 1032 διδασκαλίᾳ,
1488 963 1571 1026 τίς
1628 963 1707 1015 ἔτι
1758 961 1911 1032 χώρα

334 1057 697 1130 περιλείπεται
742 1055 1000 1116 ὑπονοίας
1050 1054 1144 1106 τοῦ
1180 1054 1377 1106 πλάνον
1407 1053 1570 1106 αὐτὸν
1617 1055 1711 1108 καὶ
1739 1055 1910 1123 γόητα

333 1148 601 1220 νομίζειν;
646 1147 852 1216 Σκὲψαι
898 1146 955 1199 δέ
1004 1148 1099 1199 καὶ
1139 1146 1313 1198 ταῦτα
1357 1145 1548 1212 πάλιν,
1580 1145 1732 1216 γόης,
1780 1147 1907 1199 ὅταν

332 1242 529 1311 ἑτέροις
573 1241 640 1294 τά
677 1240 779 1311 τῆς
808 1240 1009 1302 κακίας
1035 1238 1319 1310 μεταδιδῷ,
1348 1240 1565 1304 ὁποίους
1590 1240 1785 1311 ἄνδρας
1811 1258 1907 1294 κα-

327 1333 647 1397 τασκευάζει
665 1353 676 1364 ·
704 1331 791 1404 ἆρ’
814 1334 934 1403 οὐχ).
957 1333 1157 1404 γόητας
1181 1333 1274 1387 καὶ
1302 1333 1535 1398 πλάνους
1568 1335 1659 1387 καὶ
1688 1351 1909 1407 φαρμα-

325 1429 450 1488 κούς
488 1427 637 1497 αὐτῴ
678 1426 818 1479 κατά
870 1427 1045 1480 πάντα
1081 1425 1527 1497 παραπλησίους;
1556 1426 1652 1489 Τίς
1675 1423 1767 1481 οῦν
1801 1411 1905 1498 ἢδη

323 1518 543 1571 πώποτε
575 1518 633 1570 τὸ
671 1520 776 1571 πᾶν
806 1515 1146 1588 Χριστιανῶν
1169 1516 1325 1583 γένος
1366 1519 1430 1569 ἐκ
1461 1516 1560 1588 τῆς
1583 1518 1791 1570 ἐκείνου
1822 1518 1904 1571 δι-

318 1609 615 1673 δασκαλίας
686 1607 944 1679 γοητεῦον
1015 1608 1047 1680 ἦ
1123 1607 1479 1678 φαρμακεῦον
1546 1608 1901 1678 κατείληφεεη

331 1702 471 1755 Ἀλλ’
505 1702 605 1755 οὐκ
654 1699 800 1754 ἐστιν
837 1701 1041 1752 εἰπεῖν’
1078 1698 1314 1769 ἔμπαλιν
1352 1699 1408 1752 δὲ
1455 1700 1645 1769 λόγους
1690 1702 1904 1771 φιλοσό-

318 1810 453 1863 φους
483 1793 686 1863 μετιδν,
715 1791 790 1854 ὡς
814 1791 1208 1845 ἀποδέδεικται.
1252 1790 1308 1843 Ὁ
1334 1790 1397 1863 δὴ
1435 1787 1528 1846 οῦν
1566 1792 1773 1864 ἑτέροις
1821 1810 1902 1845 σε·

321 1883 456 1955 μνοῦ
491 1885 586 1937 καὶ
629 1882 906 1955 σώφρονος
952 1882 1068 1953 βίου
1114 1881 1394 1946 εὐσεϐείας
1417 1900 1476 1935 τε
1510 1884 1610 1953 τῆς
1642 1886 1900 1938 ἀνωτάτω

317 1975 608 2048 παραίτιος
629 1977 1015 2046 γεγενημένος,
1059 1976 1143 2039 τίς
1198 1973 1264 2027 ἂν
1298 1974 1520 2039 ἐνδίκως
1550 1977 1832 2047 νομισθείη
1861 1976 1894 2046 ἢ

318 2069 624 2139 φιλοσόφων
675 2071 703 2122 ό
748 2067 1070 2140 πρώτιστος,
1100 2067 1194 2120 καὶ
1233 2066 1475 2120 εὐσεϐῶν
1520 2069 1726 2139 ἀνδρῶν
1755 2067 1901 2121 διδά-

319 2160 539 2226 σκαλος;
564 2161 657 2214 καὶ
678 2160 785 2232 γὰρ
811 2159 877 2213 ἂν
900 2161 982 2231 εῖη
1013 2159 1234 2230 βελτίων
1260 2159 1432 2231 δήπου
1460 2161 1567 2227 πᾶς
1591 2161 1618 2212 ὁ
1637 2159 1899 2213 διδάσκων

318 2251 425 2305 τῶν
481 2251 951 2323 μαθητευομένων.
999 2251 1289 2320 Φιλόσοφος
1342 2253 1488 2323 ἄρα,
1541 2251 1634 2303 καὶ
1683 2250 1900 2320 ἀληθῶς

318 2344 567 2414 εὐσεϐής,
604 2343 800 2396 πολλοῦ
834 2343 915 2395 δεῖ
943 2343 1143 2406 πλάνος
1177 2345 1273 2397 καὶ
1315 2343 1467 2414 γόης,
1502 2342 1801 2414 ὁμολογοῖτ’
1833 2341 1900 2395 ἂν

319 2435 349 2484 ὁ
377 2435 566 2504 Σωτὴρ
595 2437 688 2487 καὶ
716 2434 918 2504 Κύριος
946 2434 1122 2504 ἡμῶν.
1155 2436 1218 2488 Εἰ
1245 2435 1309 2507 δὴ
1342 2431 1434 2488 οῦν
1461 2433 1665 2487 τοιόσδε
1693 2451 1776 2496 τις
1796 2429 1896 2503 ἦν,

320 2525 439 2587 πῶς
463 2524 529 2577 ἂν
556 2524 730 2586 ἄλλως
762 2525 1036 2595 ἐπεχείρει
1065 2528 1185 2588 ταῖς
1226 2522 1743 2596 θαυματουργίαιςῆ
1779 2522 1899 2595 θεία

318 2615 413 2668 καὶ
437 2617 736 2687 ἀπορρήτῳ
760 2615 986 2686 δυνάμει
1016 2617 1110 2669 καὶ
1135 2620 1197 2688 τῇ
1230 2618 1491 2671 ἀνωτάτω
1519 2615 1647 2686 περὶ
1671 2614 1763 2667 τοῦ
1790 2615 1896 2668 τῶν

317 2708 453 2760 ὅλων
481 2706 614 2760 Θεοῦ
644 2708 929 2779 εὐσεϐείᾳ;
959 2707 1019 2761 ὃν
1044 2704 1132 2760 οἷα
1158 2708 1376 2778 Πατέρα
1399 2707 1574 2777 τιμῶν
1604 2707 1697 2760 καὶ
1725 2707 1897 2760 σέϐων

314 2799 384 2852 τὰ
415 2800 646 2869 μάλιστα
676 2800 1057 2853 ἀποδείκνυται
1103 2802 1166 2853 ἐκ
1193 2799 1301 2853 τῶν
1339 2800 1468 2872 περὶ
1501 2799 1665 2853 αὐτοῦ
1698 2799 1890 2868 λόγων.

327 2892 449 2944 Ἐπὶ
474 2890 726 2945 τοσοῦτον
752 2891 807 2944 δέ
841 2890 948 2961 ἄρα
973 2891 1026 2943 οἵ
1053 2907 1112 2943 τε
1144 2889 1383 2962 ἀρχῆθεν
1410 2888 1559 2960 αὐτῷ
1585 2906 1892 2960 προσεσχη-

314 2981 472 3043 κότες
504 2979 744 3051 μαθηταὶ
769 2980 955 3042 αὐτοῦ,
980 2980 1075 3033 καὶ
1095 2979 1144 3031 οἱ
1177 2978 1313 3048 μετά
1342 2977 1516 3032 ταῦτα
1542 2977 1642 3047 τῆς
1672 2979 1892 3031 ἐκείνων

313 3072 595 3145 διατριϐῆς
634 3072 888 3142 διάδοχοι,
921 3070 1256 3142 πορρωτάτω
1297 3069 1705 3141 καθεστήκεσαν
1753 3068 1891 3138 φαύ-

314 3166 414 3237 λης
440 3167 535 3220 καὶ
569 3166 812 3236 πονηρᾶς
845 3165 1119 3227 ὑπονοίας,
1142 3163 1217 3226 ὼς
1243 3162 1377 3233 μηδέ
1400 3164 1513 3224 τοῖς
1544 3161 1892 3233 νοσηλευομέ-

314 3276 425 3322 νοις
454 3258 770 3329 ἐπιτρέπειν
797 3254 882 3311 οἷα
913 3256 1096 3310 πολλοὶ
1130 3254 1299 3309 πολλά
1339 3256 1472 3326 δρᾷν
1502 3254 1890 3327 ἐπιχειροῦσιν,

312 3352 347 3422 ἢ
390 3349 635 3404 πετάλων
668 3352 1015 3422 ἐπιγραφαῖς,
1050 3347 1144 3401 καὶ
1180 3346 1529 3418 περιάμμασι
1575 3345 1829 3418 χρῆσθαι,
1860 3346 1894 3419 ἢ

315 3448 425 3506 τοῖς
451 3443 778 3515 κατεπᾲδειν
806 3441 1294 3511 ἐπαγγελλομένοις
1317 3439 1605 3512 προσέχειν
1633 3440 1723 3493 τὸν
1747 3439 1894 3504 νοῦν,

316 3538 348 3608 ἢ
387 3537 548 3609 ῥιζῶν
578 3535 673 3589 καὶ
701 3534 936 3604 βοτανῶν
963 3532 1201 3604 θαύμασι
1236 3532 1329 3585 καί
1355 3548 1498 3584 τισιν
1521 3530 1701 3594 ἄλλοις
1731 3548 1901 3584 τοιου-

315 3630 595 3701 τοτρόποις
664 3627 884 3690 ἀκέσεις
948 3624 1059 3679 τῶν
1117 3623 1306 3678 παθῶν
1365 3625 1578 3687 ἑαυτοῖς
1636 3624 1893 3694 πορίζειν.

316 3717 501 3771 Ταῦτα
523 3717 653 3786 γοῦν
682 3716 863 3769 πάντα
888 3714 986 3786 τῆς
1007 3713 1244 3786 Χριστοῦ
1270 3712 1617 3775 διδασκαλίας
1639 3712 1895 3783 ἐξελήλα-

314 3827 402 3864 ται
425 3828 439 3841 ⁸
467 3811 576 3864 οὐδ’
603 3809 748 3862 ἐστιν
778 3806 998 3860 πώποτε
1030 3805 1358 3877 Χριστιανὸν
1389 3804 1731 3875 περιάμματι
1761 3803 1899 3874 χρώ-

318 3920 476 3973 μενον
524 3899 844 3963 θεάσασθαι,
878 3898 986 3952 οὐδ’
1027 3897 1353 3959 ἐπιλαλιαῖς,
1384 3896 1416 3967 ἢ
1460 3894 1706 3948 πετάλων
1734 3891 1895 3949 τινῶν

314 3994 621 4065 περιέργων
668 3991 1020 4062 ἐπιγραφαῖς,
1070 3987 1179 4041 οὐδ’
1223 3987 1424 4050 ἄλλοις,
1458 3980 1532 4039 ῶν
1572 3986 1669 4056 τὴν
1701 3986 1895 4055 χρῆσιν

312 4088 601 4160 ἀδιάφορον
646 4089 696 4139 οἱ
724 4083 909 4137 πολλοὶ
939 4081 1276 4151 νενομίκασι.
1309 4079 1404 4143 Τίς
1431 4075 1522 4131 οὖν
1565 4079 1711 4150 αἱρεῖ
1739 4076 1896 4145 λόγος

311 4181 438 4244 τοὺς
480 4177 687 4232 τοιοῦδε
718 4174 1037 4230 διδασκάλου
1066 4173 1262 4244 γόητος
1288 4172 1382 4224 καὶ
1411 4171 1613 4224 πλάνου
1648 4168 1894 4241 μαθητὰς

311 4272 593 4344 γεγονέναι
638 4270 913 4342 νομίζειν;
948 4270 1058 4322 Καὶ
1101 4267 1206 4339 μὴν
1254 4266 1453 4330 παντὸς
1485 4261 1892 4333 ἐπαγγελλομέ-

311 4384 413 4420 νου.
457 4383 511 4418 τι
565 4365 738 4436 μέγας
786 4362 1006 4433 ἔλεγχος
1055 4362 1089 4431 ή
1143 4358 1251 4412 τῶν
1307 4356 1573 4427 φοιτητῶν
1613 4354 1889 4409 συνουσία.

315 4459 542 4529 Ἄνδρες
585 4457 716 4527 γοῦν
751 4456 985 4526 ἔντεχνοι
1016 4452 1112 4506 καὶ
1153 4452 1513 4523 ἐπιστήμονες
1543 4448 1759 4510 πάντως
1787 4462 1889 4500 που

309 4552 401 4606 τὸν
456 4551 627 4605 αἴτιον
678 4550 859 4610 αὐτοῖς
913 4546 1012 4617 τῆς
1065 4544 1377 4615 ἐπιστήμης
1423 4541 1556 4595 πολὺ
1608 4539 1890 4610 κρείττονα
1922 4553 1965 4608 D

313 4643 460 4712 σφῶν
506 4640 685 4695 αὐτῶν
740 4636 1092 4709 ἐμφαίνουσιν
1117 4651 1136 4669 ο
1163 4633 1445 4705 ὼσπεροῦν
1505 4630 1736 4702 ίατρικοὶ
1794 4629 1890 4701 μὲν

308 4736 408 4806 τῆς
437 4733 532 4788 τοῦ
576 4730 895 4786 διδασκάλου
938 4727 1065 4798 περὶ
1115 4725 1175 4780 τὸ
1220 4724 1450 4796 μάθημα
1500 4720 1892 4794 κατορθώσεως

308 4824 420 4882 εἷεν
453 4827 519 4880 ἂν
547 4826 824 4898 μάρτυρες
846 4842 859 4855 ·
890 4823 1255 4894 γεωμετρικοὶ
1278 4820 1336 4874 δέ
1366 4819 1456 4872 τὸν
1489 4817 1725 4887 ἄρχοντα
1769 4815 1892 4867 τίνα

309 4916 467 4972 ἄλλον
498 4916 531 4989 ἦ
579 4916 899 4987 γεωμέτρην
933 4913 1368 4986 ἐπιγράψονται;
1414 4908 1507 4961 καὶ
1539 4904 1892 4979 ἀριθμητικοὶ

310 5008 404 5060 τὸν
444 5004 836 5077 ἀριθμητικόν;
867 5003 1022 5057 Κατά
1057 5003 1195 5056 αὐτά
1227 5000 1281 5053 δὲ
1327 4999 1421 5052 καὶ
1468 4995 1662 5065 γόητος
1699 4993 1890 5064 ἀνδρὸς

314 5100 561 5172 μέγιστοι
589 5097 656 5151 ἂν
686 5092 796 5149 εἷεν
825 5095 1100 5166 μάρτυρες
1125 5094 1174 5146 οἱ
1201 5088 1472 5161 φοιτηταί,
1505 5084 1575 5138 τὰ
1602 5083 1762 5154 ὅμοιά
1784 5099 1888 5134 που

308 5193 387 5265 τῷ
417 5189 722 5260 διδασκάλῳ
752 5188 848 5241 καὶ
873 5187 1025 5240 αὐτοὶ
1061 5184 1352 5251 μετιόντες.
1402 5177 1563 5232 Ἀλλά
1595 5174 1769 5239 οὐδείς
1803 5191 1889 5226 πω

308 5264 579 5340 τοσούτων
611 5280 749 5334 ἐτῶν
779 5279 913 5350 γόης
956 5276 1226 5346 πέφανται
1264 5272 1358 5326 τοῦ
1402 5267 1574 5340 Ἰησοῦ
1620 5264 1888 5338 μαθητὴς,

310 5377 485 5432 καίτοι
514 5374 602 5429 διὰ
638 5371 886 5445 βασάνων
915 5369 1108 5440 πείρας
1139 5367 1246 5420 τῶν
1280 5362 1420 5418 κατά
1440 5360 1664 5433 χρόνους
1694 5356 1890 5429 ἡγεμό-

312 5488 417 5524 νων
437 5482 498 5522 τε
525 5468 620 5522 καὶ
650 5462 913 5536 βασιλέων
936 5460 1137 5533 ἀκριϐῆ
1165 5457 1274 5512 τῶν
1300 5454 1418 5509 καθ’
1450 5454 1596 5525 ἡμᾶς
1630 5448 1890 5522 πραγμά-

308 5580 416 5616 των
441 5561 539 5632 τὴν
568 5559 811 5626 ἐξέτασιν
841 5553 1247 5626 πεποιημένων.
1285 5547 1471 5609 Οὕτως
1497 5545 1553 5598 δὲ
1585 5544 1691 5615 ἄρα
1712 5543 1889 5606 οὐδεὶς

307 5648 377 5724 ἦν
421 5653 577 5724 γόης,
606 5653 685 5716 ὡς
716 5651 999 5721 ἐλεύθερον
1048 5644 1299 5715 ἀφεῖσθαι
1345 5641 1440 5696 καὶ
1484 5635 1682 5697 παντὸς
1733 5634 1887 5697 ἐκτὸς

308 5745 553 5800 κινδύνου
586 5745 676 5798 τὸν
696 5743 829 5798 αὐτὸ
861 5742 1020 5815 μόνον
1046 5738 1106 5793 τὸ
1139 5737 1298 5791 θῦσαι
1327 5733 1462 5806 πρὸς
1487 5727 1664 5784 αὐτῶν
1698 5724 1884 5797 βεϐια-

376 5863 423 5896 ⁷⁸
453 5859 641 5918 Matth.
707 5875 819 5927 XIX,
860 5856 947 5912 12.

2010 593 2180 648 tionis
2206 593 2479 663 profundo
2507 609 2757 650 resecare
2778 609 2839 647 ac
2863 595 3580 665 purgarejubebatdicens:

2016 702 2034 736 ι
2077 683 2217 738 Sunt
2251 686 2513 749 eunuchi,
2544 688 2636 756 qui
2668 687 2746 741 sic
2787 688 2897 740 nati
2942 696 3069 742 sunt
3099 707 3111 742 :
3141 698 3194 743 et
3242 699 3370 744 sunt
3408 706 3574 745 eunu—

2011 776 2124 841 chi,
2160 776 2252 847 qui
2285 777 2415 830 l‘acti
2446 785 2574 832 sunt
2605 779 2672 832 ab
2706 779 3043 840 hominibus,
3075 789 3128 834 et
3166 790 3294 834 sunt
3323 783 3578 847 eunuchi,

2011 868 2106 938 qui
2162 875 2542 922 castraverunt
2600 868 2810 938 seipsos
2855 878 3076 940 propter
3132 887 3359 941 regnum
3411 874 3577 926 caelo-

2012 976 2132 1014 rum
2163 961 2228 1017 ⁷⁸.
2268 979 2286 1012 ι
2315 959 2519 1015 Deinde
2547 962 2640 1030 qui
2670 951 3034 1033 przcs'tigiator
3052 973 3135 1019 est
3166 973 3219 1018 et
3245 981 3370 1019 vere
3399 966 3578 1035 pepuli

2012 1051 2289 1122 deceptor,
2334 1053 2516 1105 omnia
2551 1053 2865 1122 aggreditur
2899 1062 3061 1123 atque
3102 1058 3211 1126 agit
3242 1073 3369 1111 cum
3404 1057 3579 1125 jacta-

2013 1143 2157 1197 tione
2186 1144 2270 1199 sui
2296 1144 2637 1213 plerumque,
2670 1144 2806 1198 ctad
2833 1147 3094 1214 speciem,
3140 1164 3248 1202 non
3282 1148 3349 1202 ad
3377 1150 3586 1203 verita-

2008 1245 2137 1299 tem,
2165 1248 2328 1306 atque
2364 1237 2599 1307 amplius
2629 1237 2888 1306 quiddam
2922 1246 3120 1308 praeter
3164 1252 3388 1295 cmteros
3418 1257 3585 1296 nosse

2010 1342 2070 1383 se
2129 1336 2294 1398 atque
2346 1328 2579 1392 habere,
2644 1344 2768 1382 cum
2839 1331 3204 1386 ostentatione
3271 1333 3580 1403 proﬁtetur.

2011 1431 2346 1489 Salvatorem
2369 1451 2498 1489 vero
2530 1433 2929 1504 Dominamque
2957 1444 3228 1505 nostrum,
3263 1454 3373 1493 non
3399 1438 3586 1508 gloriae

2007 1527 2306 1597 cupiditate
2333 1536 2427 1582 aut
2471 1529 2782 1599 arrogantia
2809 1529 3105 1593 laborasse,
3142 1546 3318 1600 neque
3358 1530 3425 1584 ad
3460 1547 3586 1601 spe—

2006 1621 2144 1675 ciem
2194 1621 2373 1691 egisse
2414 1604 2536 1691 quae
2573 1623 2702 1691 egit,
2743 1622 2827 1675 vel
2867 1638 2932 1677 ex
2973 1622 3040 1677 iis
3079 1633 3336 1678 constare
3379 1632 3582 1693 potest,

2008 1726 2151 1783 quos
2193 1726 2222 1764 a
2269 1727 2329 1766 se
2372 1712 2592 1765 sanitati
2640 1713 2946 1775 restitutos,
2986 1714 3214 1783 iubebat
3254 1716 3458 1769 nemini
3498 1717 3586 1770 di-

2007 1822 2153 1870 cere,
2186 1821 2363 1876 neque
2396 1806 2635 1874 seipsum
2684 1805 2739 1859 in
2781 1807 2976 1877 vulgus
3014 1807 3268 1877 prodere,
3316 1809 3480 1863 etiam
3514 1825 3585 1865 ex

2007 1912 2073 1952 eo
2112 1897 2260 1967 quod
2296 1897 2351 1950 in
2380 1897 2662 1951 montibus
2694 1898 3014 1967 plerumque
3041 1900 3280 1969 degeret,
3306 1908 3360 1955 et
3390 1901 3586 1956 solitu-

2007 1990 2164 2045 dines
2207 1990 2263 2043 in
2310 1989 2378 2045 iis
2419 1988 2557 2043 locis
2598 1997 2923 2053 sectaretur,
2972 1988 3294 2062 fugeretque
3340 1994 3585 2051 urbanas

2005 2082 2175 2151 vulgi,
2208 2096 2329 2152 qua:
2358 2096 2559 2135 nocere
2586 2096 2960 2150 saepenumero
2994 2082 3193 2146 solent,
3224 2084 3585 2139 consuetudi-

2008 2188 2125 2228 nes.
2163 2172 2220 2226 Si
2256 2173 2442 2242 igitur,
2482 2188 2661 2243 neque
2708 2173 2927 2243 gloriae,
2977 2189 3154 2243 neque
3191 2175 3581 2243 pecuniarum,

2007 2280 2185 2334 neque
2205 2266 2503 2334 voluptatis
2531 2280 2697 2320 causa
2729 2265 2985 2320 docuisse
3015 2265 3165 2320 illum
3191 2273 3427 2332 constat,
3458 2268 3585 2336 quis

2006 2364 2268 2424 praeterea
2294 2364 2547 2425 superest
2585 2356 2874 2410 calumniae
2906 2359 3080 2419 locus,
3111 2371 3219 2427 qua
3248 2364 3308 2410 ut
3328 2356 3586 2425 deceptor

2007 2462 2072 2501 ac
2116 2448 2485 2518 praestigiator
2513 2447 2840 2503 accusetur?
2871 2446 2976 2503 Sed
3010 2449 3123 2502 haec
3163 2464 3381 2518 quoque
3404 2448 3590 2503 videa-

2005 2555 2370 2611 mus,qumso.
2397 2539 2527 2595 ltem
2559 2541 2925 2611 praestigiator
2952 2541 3044 2594 ubi
3077 2540 3212 2595 alios
3243 2556 3343 2596 sua
3376 2539 3585 2596 malitia

2005 2643 2372 2714 imbuit,quos
2392 2645 2610 2701 tandem
2643 2646 2789 2700 viros
2819 2646 2941 2699 illos
2974 2644 3192 2700 reddit?
3224 2645 3415 2701 Nonne
3442 2662 3583 2715 prae-

2004 2737 2335 2807 stigiatores,
2366 2737 2705 2801 seductores,
2735 2738 3029 2803 veneﬁcos,
3065 2739 3169 2792 sibi
3196 2739 3300 2809 ipsi
3323 2738 3581 2794 omnibus

2004 2845 2123 2901 qua
2140 2837 2301 2900 agant
2327 2830 2574 2885 similes?
2602 2829 2736 2896 Quis
2766 2830 2934 2901 igitur
2964 2845 3202 2900 unquam
3235 2845 3397 2885 omne
3422 2830 3586 2885 Chri-

2002 2926 2306 2979 stianorum
2334 2939 2507 2993 genus
2539 2923 2683 2993 quod
2717 2925 2786 2979 ab
2826 2925 2973 2980 illius
3005 2924 3254 2980 doctrina
3276 2921 3582 2993 profectum

2000 3023 2104 3078 est,
2130 3024 2224 3069 aut
2254 3014 2547 3084 praestigiis
2571 3023 2751 3079 utens,
2776 3023 2868 3069 aut
2895 3015 3173 3070 veneﬁciis
3191 3013 3586 3086 deprehendit?

2005 3107 2162 3176 127
2198 3105 2371 3160 Nemo
2396 3107 2613 3176 quidem
2641 3109 2743 3161 hoc
2771 3107 2968 3163 dixerit
3001 3126 3012 3161 :
3046 3114 3101 3160 at
3128 3116 3341 3167 contra,
3369 3106 3589 3160 incum-

1921 3214 1964 3271 ρ
2000 3198 2134 3253 hens
2172 3200 2227 3254 in
2258 3214 2541 3253 sermones
2566 3209 2944 3270 praeceptaque
2973 3199 3272 3268 sapientire,
3305 3213 3438 3254 sane
3484 3197 3585 3253 de-

2001 3290 2297 3361 prehendet
2324 3291 2417 3361 qui
2450 3292 2615 3356 volet,
2646 3300 2707 3346 ut
2749 3291 3187 3347 demonstratum
3217 3298 3320 3346 est.
3342 3289 3447 3356 Qui
3479 3290 3584 3360 igi—

2000 3395 2087 3440 tur
2117 3386 2240 3441 aliis
2288 3402 2491 3442 severm
2542 3395 2815 3457 castaeque
2837 3388 2980 3454 vitae,
3015 3403 3079 3441 ac
3109 3402 3336 3442 summa:
3360 3387 3583 3456 pietatis

1998 3485 2190 3531 auctor
2205 3478 2439 3543 exstitit,
2468 3478 2722 3548 quisnam
2754 3477 2950 3533 merito
2973 3477 3308 3541 censebitur,
3331 3476 3439 3532 nisi
3459 3477 3580 3547 phi-

1999 3567 2353 3636 losophorum
2413 3567 2648 3638 primus,
2703 3577 2756 3623 et
2782 3568 3005 3638 pietatis
3042 3568 3433 3638 religionisque
3457 3581 3579 3621 ma-

1996 3660 2202 3729 gister?
2229 3660 2497 3729 siquidem
2530 3661 2578 3715 is
2605 3659 2699 3730 qui
2723 3660 2904 3724 docet,
2940 3660 3151 3728 absque
3197 3658 3576 3714 controversia

1997 3751 2343 3820 prmstantior
2371 3766 2536 3820 quam
2559 3751 2593 3804 ii
2618 3750 2712 3820 qui
2734 3750 3020 3804 docentur.
3050 3747 3415 3820 Philosophus
3446 3765 3579 3820 ergo

1996 3872 2230 3926 vereque
2270 3857 2414 3925 pius,
2439 3870 2710 3925 nusquam
2734 3868 2865 3908 vero
2914 3852 3172 3909 seductor
3194 3892 3208 3915 ,
3243 3860 3338 3907 aut
3362 3853 3578 3923 praesti—

1995 3947 2292 4019 giatordici
2343 3948 2543 4019 poterit
2579 3946 2832 4000 Salvator
2862 3959 2926 3999 ac
2958 3944 3223 3999 Dominus
3257 3954 3462 3999 noster.
3515 3943 3575 4000 Si

1997 4041 2165 4112 igitur
2214 4041 2342 4096 talis
2403 4039 2505 4095 fuit
2547 4040 2761 4111 qualem
2799 4038 3164 4101 ostendimus,
3215 4051 3323 4106 qua
3353 4038 3574 4091 tandem

1995 4133 2102 4186 alia
2126 4133 2338 4187 ratione
2365 4132 2631 4186 miracula
2671 4129 2913 4185 edidisse
2943 4128 3088 4184 credi
3119 4135 3322 4198 potest,
3357 4128 3467 4182 nisi
3488 4128 3575 4182 di-

1994 4226 2117 4279 vina
2144 4226 2379 4295 quadam
2404 4225 2674 4294 nobisque
2720 4223 2902 4294 ignota
2954 4222 3177 4284 virtute,
3208 4234 3575 4293 supremaque

1993 4334 2119 4390 erga
2149 4318 2315 4373 Deum
2348 4319 2590 4372 universi
2622 4317 2855 4386 pietate?
2887 4314 3059 4381 Quem
3083 4313 3229 4384 quod
3262 4322 3322 4368 ut
3362 4313 3571 4370 Patrem

1992 4418 2347 4466 veneraretur
2374 4418 2428 4465 et
2454 4410 2678 4474 coleret,
2713 4416 2938 4478 apparet
2955 4422 3021 4461 ex
3050 4406 3118 4460 iis
3149 4406 3204 4459 in
3227 4406 3421 4475 primis
3445 4420 3569 4476 qum

1993 4503 2061 4557 de.
2084 4502 2177 4557 illo
2206 4502 2419 4557 locutus
2465 4508 2569 4556 est.
2618 4499 2853 4553 Tantum
2889 4513 3019 4568 ergo
3048 4497 3223 4560 abest,
3256 4504 3315 4550 ut
3362 4497 3456 4568 qui
3492 4496 3571 4550 illi

1995 4598 2064 4651 ab
2084 4594 2241 4649 initio
2287 4594 2634 4649 adhmserunt
2671 4590 2948 4661 discipuli,
2996 4597 3048 4644 et
3084 4590 3176 4660 qui
3204 4588 3435 4659 posthac
3463 4586 3573 4642 illis

1992 4686 2278 4756 discipulis
2310 4698 2650 4746 successere,
2692 4682 2760 4736 ab
2794 4683 3012 4735 illorum
3057 4676 3453 4733 consuetudine
3486 4677 3571 4730 in-

1992 4791 2232 4856 formati,
2272 4806 2453 4862 pravaa
2482 4789 2758 4844 alicuiaut
2782 4787 3105 4858 perniciosa:
3147 4783 3447 4853 suspicioni
3471 4780 3569 4834 ob-

1991 4886 2139 4940 noxii
2172 4882 2407 4940 habendi
2436 4884 2580 4947 sint,
2610 4890 2669 4937 ut
2695 4898 2765 4936 ne
2789 4880 3182 4951 {egrotantibus
3210 4876 3428 4947 quidem
3454 4889 3571 4944 per-

1991 4979 2226 5042 mittant,
2252 4975 2412 5033 sicuti
2450 4976 2622 5029 multa
2666 4974 2821 5028 multi
2852 4974 3065 5027 eilicere
3109 4977 3381 5024 conantur
3407 5004 3421 5028 ,
3477 4974 3570 5017 aut

1992 5071 2246 5125 foliorum
2277 5067 2729 5138 inscriptionibus
2754 5105 2769 5131 ,
2814 5062 3326 5135 colligationibusve
3351 5058 3452 5121 uti,
3473 5064 3568 5111 aut

1989 5180 2085 5220 eos
2116 5164 2210 5234 qui
2242 5180 2301 5219 se
2329 5163 2705 5218 incantaturos
2767 5160 3094 5229 proﬁtentur
3136 5152 3437 5214 attendere,
3474 5158 3567 5204 aut

1988 5255 2236 5310 radicum
2282 5255 2686 5323 herbarumque
2748 5244 3279 5317 sull‘umigationibus
3312 5282 3326 5307 ,
3375 5242 3568 5297 aliisve

1988 5348 2231 5418 ejusdem
2265 5345 2479 5416 generis
2505 5341 2808 5403 nonnullis,
2838 5339 3079 5393 medelas
3107 5334 3210 5390 sibi
3248 5333 3565 5388 morborum

1988 5440 2273 5496 sudicere:
2308 5437 2423 5491 haec
2462 5448 2696 5503 namque
2745 5429 2928 5484 omnia
2975 5442 3005 5481 a
3058 5423 3266 5480 Christi
3316 5422 3566 5477 doctrina

1987 5532 2212 5586 exclusa
2260 5534 2634 5593 suntzncque
2685 5532 2925 5589 unquam
2978 5514 3178 5570 intueri
3220 5512 3371 5567 licuit
3404 5510 3566 5566 Chri-

1986 5622 2232 5679 stianum
2286 5619 2380 5689 qui
2412 5615 2757 5686 colligatione
2808 5617 3073 5673 uteretur,
3107 5622 3285 5677 neque
3337 5602 3564 5674 magicis

1984 5711 2395 5789 nugationibus,
2418 5723 2593 5780 neque
2615 5704 2869 5761 foliorum
2893 5694 3564 5774 quorumdamlaboriosis
