4126 6424
529 319 641 376 22ἳ
1170 318 1441 374 EUSEBII
1480 314 1961 376 CAESARIENSIS
1998 313 2151 372 OPP.
2196 312 2398 369 PARS.
2440 310 2511 366 ll.
2549 342 2622 351 —
2659 309 3163 368 APOLOGETICA.
3695 315 3806 374 3‘28

528 439 1014 511 inscriptionibus,
1058 453 1238 508 neque
1283 438 1496 491 caeteris
1541 436 1839 499 similibus,
1879 448 2100 504 quorun

2220 431 2440 502 σμένον.
2489 429 2552 482 Et
2587 428 2643 481 δὲ
2676 428 2848 491 οὐδεὶς
2899 426 3119 481 πώποτε
3164 427 3272 481 τῶν
3318 426 3441 481 καθ’
3486 430 3632 499 ἡμᾶς
3678 430 3803 485 οὗτε

535 548 695 588 usum
728 531 1123 586 indiﬁ'erentem
1156 529 1401 599 plerique
1453 528 1794 582 arbitrantur
1829 540 1990 596 :qua‘.
2013 525 2100 594 igi-

2222 523 2331 575 τῶν
2371 520 2615 574 παλαιῶν
2646 520 2869 572 ἐκείνων
2915 518 3010 571 τοῦ
3050 517 3222 588 Ἰησοῦ
3267 517 3526 589 μαθητῶν
3551 523 3806 591 γοητείας

531 633 624 678 tur
644 638 884 695 unquam
913 622 1054 676 ratio
1074 624 1384 684 convincet,
1414 629 1472 673 ut
1497 620 1589 687 qui
1612 619 1738 673 talis
1767 616 2100 688 praeceptori:

2223 613 2357 684 ἧλω,
2387 610 2509 664 οὐδὲ
2539 613 2569 664 ό
2600 608 2928 673 Διδάσκαλος
2955 605 3025 681 ἦν
3062 610 3170 681 ἄρα
3195 609 3454 673 τοιοῦτος.
3480 610 3595 663 ’ἵνα
3635 612 3694 666 δὲ
3726 616 3804 685 μὴ

530 717 789 786 discipuli
817 713 1045 776 fuerint,
1071 712 1487 782 praestigiatoris
1515 718 1611 764 aut
1655 708 1971 778 impostoris
2023 705 2100 759 ὥς

2224 704 2283 769 ἐξ
2312 701 2575 773 ἀγράφων
2605 701 2634 751 ό
2661 698 2816 767 λόγος
2850 697 3005 769 ἡμῶν
3030 697 3224 761 όδεύοι,
3257 698 3415 769 δέχου
3457 699 3557 763 τὰς
3591 701 3807 756 ἀποδεί-

529 807 728 874 scipuli
761 805 931 861 fuisse
948 802 1300 874 judicentur?
1319 802 1469 871 atqui
1499 801 1679 870 qualis
1703 800 1774 854 sit
1791 798 1968 852 omnis
1994 796 2100 867 qui-

2226 793 2334 858 ξεις
2362 795 2456 846 καὶ
2481 791 2591 849 ἀπὸ
2617 791 2859 863 ἱστορίας
2884 789 3185 862 ἐγγράφου.

524 918 744 972 cunque
781 898 987 971 aliquid
1011 899 1350 971 proﬁteatur,
1376 898 1529 952 nulla
1556 912 1645 952 res
1693 895 2002 951 evidentius
2053 891 2392 963 probaverit,
2445 904 2613 960 quam
2663 887 3062 958 discipulorum
3110 885 3453 943 consuetudo
3512 904 3528 941 :
3584 903 3712 944 nam
3754 892 3803 946 si

522 995 631 1049 viri
663 994 774 1049 sint
812 992 1023 1047 artibus
1057 999 1113 1047 et
1165 991 1420 1046 scientiis
1464 989 1702 1060 praediti,
1738 986 1986 1058 profecto
2010 985 2108 1055 qui
2148 985 2285 1055 ipsis
2329 981 2601 1052 ejusmodi
2638 981 2843 1034 artium
2869 988 2925 1035 et
2973 979 3330 1035 scientiarum
3378 988 3570 1035 auctor
3614 980 3801 1048 fuerit,

523 1099 650 1141 eum
685 1085 844 1155 longe
893 1099 954 1139 se
1003 1083 1140 1153 ipsis
1210 1084 1647 1153 praestantiorem
1705 1080 1878 1137 fuisse
1938 1078 2415 1135 demonstrabunt.
2477 1074 2725 1146 Exempli
2772 1075 2982 1146 gratia,
3017 1074 3110 1143 qui
3139 1074 3463 1129 medicinam
3514 1074 3583 1129 ah
3620 1076 3805 1146 aliquo

523 1180 855 1244 didicerunt,
920 1180 1259 1235 excellentia
1309 1180 1667 1249 praeceptoris
1698 1180 1753 1233 in
1783 1177 1878 1232 tali
1898 1175 2187 1247 disciplina
2226 1182 2394 1230 testes
2443 1173 2627 1230 idonei
2660 1174 2898 1229 habendi
2944 1181 3093 1239 sunt,
3138 1173 3234 1243 qui
3263 1187 3391 1227 vero
3425 1176 3801 1243 geometriam,

521 1277 733 1330 nullum
764 1276 932 1330 alium
957 1290 1017 1330 se
1043 1275 1304 1330 habuisse
1358 1275 1485 1329 talis
1505 1274 1809 1345 disciplinae
1865 1274 2187 1344 magistrum
2228 1286 2391 1342 quam
2419 1278 2750 1342 geometrani
2786 1269 3096 1342 probabunt
3120 1287 3135 1335 ;
3158 1284 3259 1324 nec
3290 1284 3420 1324 vero
3470 1271 3803 1328 arithmetici

522 1368 693 1422 alium
727 1383 891 1438 quam
956 1366 1361 1422 arithmeticum
1394 1366 1623 1423 :eadem
1675 1368 1907 1431 ratione,
1942 1367 2178 1436 aliquem
2219 1365 2389 1421 fuisse
2421 1365 2774 1436 impostorem
2808 1363 2997 1434 Optimi
3036 1377 3168 1417 sane
3199 1371 3369 1417 testes
3405 1363 3639 1419 habendi
3672 1376 3802 1421 sunt

520 1459 619 1531 qui
675 1458 743 1514 ah
800 1460 893 1513 illo
948 1458 1260 1525 didicerint,
1324 1467 1379 1516 et
1409 1461 1502 1531 qui
1565 1460 1811 1516 eamdem
1846 1476 1971 1515 cum
2034 1475 2136 1515 suo
2174 1465 2510 1529 pmceptore
2576 1467 2747 1512 artem
2779 1464 3090 1512 exerceant.
3133 1455 3294 1524 128
3347 1452 3453 1511 Sed
3480 1458 3665 1512 nullus
3700 1461 3802 1514 ad-

520 1552 632 1613 huc
658 1554 715 1609 in
744 1563 855 1608 tam
898 1556 1089 1611 multis
1142 1556 1306 1611 annis
1371 1556 1676 1625 discipulus
1717 1555 1845 1611 Jesu
1876 1555 2240 1627 praestigiator
2291 1554 2568 1624 apparuit,
2635 1553 2853 1608 tametsi
2903 1553 2956 1607 in
2987 1552 3221 1607 diversis
3253 1552 3593 1622 temporibus
3623 1561 3679 1609 et
3708 1568 3799 1610 re-

532 1665 630 1721 ges
661 1661 715 1705 et
735 1650 994 1721 praesides
1023 1667 1120 1721 per
1167 1660 1438 1707 tormenta
1510 1652 1778 1722 quidquid
1812 1652 1881 1707 ad
1954 1667 2055 1707 nos
2114 1651 2373 1723 pertinet,
2405 1649 2825 1721 diligentissime
2849 1647 3285 1718 exquisiverint:
3318 1648 3395 1701 ita
3417 1661 3582 1717 porro
3611 1649 3798 1705 nullus

522 1744 888 1816 praestigiator
921 1745 1044 1810 fuit,
1077 1754 1137 1799 ut
1168 1747 1303 1801 liher
1322 1746 1712 1814 dimitteretur,
1747 1756 1912 1818 atque
1942 1755 2097 1803 extra
2129 1761 2293 1802 omne
2326 1746 2635 1816 periculurn
2667 1746 3117 1809 constitueretur,
3169 1742 3265 1813 qui
3297 1744 3460 1798 modo
3524 1744 3595 1800 ab
3660 1746 3796 1817 ipsis

521 1846 746 1893 coactus
793 1846 938 1893 esset
974 1840 1219 1909 ipsorum
1277 1840 1388 1895 ritu
1440 1840 1778 1897 sacriﬁcare.
1816 1841 1975 1908 Quod
2002 1843 2047 1897 si
2095 1841 2280 1897 nullus
2339 1855 2580 1910 unquam
2623 1846 2961 1906 nostrorum,
3002 1848 3111 1893 tam
3150 1838 3367 1896 illorum
3409 1854 3549 1909 quos
3583 1839 3685 1908 ipsi
3715 1839 3801 1893 vi-

522 1931 653 1989 dere
685 1935 982 2006 potuimus,
1028 1951 1191 2006 quam
1233 1936 1450 1991 illorum
1511 1939 1605 2009 qui
1647 1938 1925 2010 quondam
1960 1938 2132 2009 ipsius
2169 1935 2299 1992 Jesu
2336 1936 2594 2007 discipuli
2660 1935 2904 2001 fuerunt,
2945 1934 3196 1990 veneﬁcii
3247 1943 3343 1993 aut
3391 1936 3791 2007 praestigiarum

521 2026 813 2084 damnatus
860 2037 970 2093 est,
1004 2046 1132 2101 ergo
1175 2046 1243 2086 ne
1270 2029 1581 2101 Praeceptor
1634 2032 1854 2103 quidem
1887 2033 2009 2087 talis
2067 2032 2189 2087 fuit.
2227 2031 2498 2085 Caeterum
2521 2046 2590 2086 ne
2616 2029 2795 2085 omnis
2823 2038 3011 2085 nostra
3034 2030 3231 2094 oratio,
3260 2045 3326 2085 ex
3356 2031 3795 2087 rebusnonscri-

521 2126 629 2192 ptis
659 2125 1057 2194 proﬁciscatur,
1082 2127 1368 2183 videamus
1398 2129 1528 2182 item
1571 2128 1703 2199 quid
1763 2128 2102 2199 probationis
2140 2128 2211 2184 ab
2234 2126 2465 2182 historia
2489 2141 2613 2196 qua:
2651 2125 2849 2180 litteris
2879 2126 3212 2189 continetur,
3236 2124 3360 2179 elici
3383 2126 3579 2195 possit.

592 2217 761 2271 Primi
794 2218 959 2288 igitur
998 2219 1174 2289 ipsius
1215 2218 1344 2274 Jesu
1393 2219 1671 2290 discipuli,
1722 2221 1780 2276 in
1827 2222 1970 2276 libro
2013 2223 2100 2292 qui

2283 2222 2346 2274 Οἱ
2372 2220 2436 2292 δὴ
2460 2218 2666 2290 πρῶτοι
2695 2216 2790 2272 τοῦ
2833 2216 3010 2289 Ἰησοῦ
3046 2217 3284 2289 μαθηταὶ
3305 2218 3363 2270 ἐν
3395 2220 3459 2288 τῇ
3490 2216 3654 2288 βίϐλῳ
3681 2216 3790 2270 τῶν

518 2309 654 2365 Acta
704 2310 945 2380 ipsorum
978 2311 1246 2375 continet,
1304 2321 1716 2378 memorantur,
1749 2329 2110 2384 quoscunque

517 2418 584 2458 ex
615 2403 869 2473 gentibus
903 2402 958 2456 in
994 2419 1153 2458 suam
1210 2404 1562 2475 disciplinam
1590 2407 1926 2477 acciperent,
1979 2422 2104 2462 cum

517 2509 708 2551 eorum
728 2495 974 2565 plerique
1003 2497 1235 2554 crimine
1286 2502 1688 2572 praestigiarum
1750 2502 1983 2558 infames
2012 2517 2106 2557 es-

519 2592 670 2651 sent,
701 2585 756 2639 in
772 2584 1019 2641 diversos
1053 2603 1231 2643 mores
1281 2589 1419 2645 adeo
1477 2600 1868 2658 commutasse,
1899 2599 1960 2662 ut
1987 2593 2108 2647 ausi

518 2677 631 2733 sint
663 2693 803 2748 quos
830 2678 1000 2733 libros
1030 2679 1140 2734 illis
1179 2680 1610 2748 interdixissent,
1635 2685 1692 2740 in
1716 2684 1952 2740 medium
1982 2700 2107 2754 pro-

517 2765 685 2833 ferre,
715 2778 770 2826 et
806 2772 859 2826 in
891 2781 1189 2842 conspectu
1225 2776 1469 2829 omnium
1497 2776 1842 2833 comburere.
1901 2776 2107 2831 Audia-

519 2874 647 2917 mus
681 2861 866 2933 itaque
916 2863 1047 2933 quid
1090 2863 1377 2935 Scriptura
1434 2868 1529 2922 illa
1579 2871 1879 2925 contineat.
1913 2867 2107 2923 «Multi

519 2962 702 3010 autem
729 2970 920 3011 eorum
968 2954 1065 3025 qui
1124 2955 1342 3012 fuerant
1366 2960 1588 3014 curiosa
1642 2961 1859 3027 sectati,
1908 2973 2107 3017 contu-

515 3042 699 3102 lerunt
725 3044 916 3111 libros,
934 3055 988 3103 et
1024 3048 1446 3104 combusserunt
1471 3066 1567 3106 eos
1599 3066 1784 3107 coram
1815 3053 2093 3121 omnibus,

516 3143 573 3191 et
594 3138 925 3206 computatis
955 3138 1146 3208 pretiis
1172 3140 1410 3205 illorum,
1453 3143 1783 3198 invenerunt
1814 3147 2100 3215 pecuniam

2214 2312 2359 2366 ίδίων
2401 2309 2655 2382 πράξεων
2704 2308 3041 2380 ἱστοροῦνται
3086 2310 3214 2372 τοὺς
3257 2307 3318 2373 ἐξ
3345 2307 3512 2362 ἑθνῶν
3549 2311 3615 2379 τῇ
3646 2308 3791 2362 διδα-

2211 2401 2410 2472 σκαλίᾳ.
2444 2400 2625 2455 αὐτῶν
2662 2400 3008 2469 προσιόντας,
3040 2400 3182 2453 ὥστε
3208 2400 3433 2463 πολλοὺς
3462 2399 3572 2453 τῶν
3599 2401 3790 2472 πρότεο

2211 2511 2304 2566 ρον
2339 2494 2470 2565 περὶ
2492 2494 2748 2565 γοητείαν
2780 2493 3219 2564 διαϐεϐλημένων
3243 2496 3323 2558 εἰς
3350 2492 3599 2547 τοσοῦτον
3629 2510 3793 2564 μετα-

2208 2584 2394 2639 ϐαλεῖν
2420 2585 2512 2638 τὸν
2539 2585 2748 2638 ἑαυτῶν
2775 2586 2998 2658 τρόπον,
3023 2586 3098 2648 ὡς
3123 2587 3202 2649 είς
3231 2585 3395 2655 μέσον
3425 2586 3796 2655 άγαγεῖνπολ-

2211 2680 2382 2750 μῆσαι
2407 2678 2507 2742 τὰς
2547 2678 3003 2751 ἀπηγορευμένας
3048 2678 3282 2748 βίϐλους,
3309 2680 3406 2731 καὶ
3453 2681 3659 2744 ταύτας
3708 2683 3799 2734 ὲν·-

2214 2769 2387 2823 ὠπιον
2405 2770 2623 2824 πάντων
2655 2772 2786 2843 πυρὶ
2813 2769 3169 2842 παραδοῦναι.
3212 2771 3543 2827 Ἐπάκουσον
3562 2772 3619 2825 δὲ
3644 2773 3793 2835 ὅπως

2208 2864 2241 2933 ἡ
2286 2861 2476 2934 γραφὴ
2527 2863 2813 2935 περιέχει·
2850 2880 2874 2912 ι
2930 2862 3126 2916 Ἱκανοὶ
3171 2861 3228 2914 δὲ
3271 2860 3379 2914 τῶν
3410 2862 3481 2915 τὰ
3523 2862 3789 2934 περίεργα

2206 2955 2554 3025 πραξάντων,
2583 2954 3087 3023 συνεισενέγκαντες
3110 2953 3209 3017 τάς
3234 2954 3469 3025 βίϐλους,
3499 2955 3792 3009 κατέκαιον

2205 3044 2434 3100 ἐνώπιον
2463 3045 2701 3112 πάντων,
2736 3045 2829 3098 καὶ
2866 3043 3234 3114 συνεψήφισαν
3263 3044 3363 3107 τὰς
3390 3043 3557 3115 τιμὰς
3584 3044 3787 3106 αὐτῶν,

2206 3138 2300 3192 καὶ
2344 3133 2507 3210 εὖρον
2542 3137 2808 3209 ἀργυρίου
2861 3134 3124 3206 μυριάδας
3152 3135 3334 3190 πέντε.
3372 3154 3393 3188 ι
3442 3136 3683 3189 Τοιοῦτοι
3722 3136 3788 3209 δή

516 3223 866 3282 denariorum
896 3228 1292 3299 quinquaginta
1331 3231 1561 3285 millium
1596 3233 1640 3265 ⁷⁹
1672 3251 1685 3287 :
1718 3251 1738 3284 ι
1776 3233 1913 3289 tales
1970 3250 2100 3291 sane

2202 3247 2348 3295 τινες
2375 3232 2424 3283 οἱ
2458 3229 2554 3283 τοῦ
2584 3228 2836 3300 Σωτῆρος
2867 3229 2899 3297 ή
2909 3226 3024 3297 μῶν
3060 3226 3294 3298 μαθηταὶ
3318 3226 3585 3299 τοσαύτην
3625 3228 3787 3281 δύνα-

515 3324 677 3372 erant
707 3316 1007 3375 Salvator-is
1033 3321 1209 3376 nostri
1240 3322 1518 3393 discipuli,
1548 3331 1808 3395 tantaque
1837 3327 2100 3384 orationis

2206 3339 2302 3393 μιν
2328 3323 2699 3394 προφέροντες
2731 3319 2905 3387 λόγων
2945 3320 3003 3371 ὲν
3032 3322 3151 3384 ταῖς
3178 3320 3317 3391 πρὸς
3346 3322 3470 3384 τοὺς
3497 3321 3786 3392 ἀκροωμέ-

436 3418 439 3425 ’
515 3422 708 3464 eorum
734 3412 816 3466 vis
848 3421 985 3477 erat,
1011 3427 1135 3467 eum
1187 3429 1318 3469 suos
1360 3414 1637 3472 auditores
1667 3417 2097 3488 alloquereutur,

2202 3431 2327 3477 νους
2353 3413 2615 3484 ὁμιλίαις,
2639 3411 2715 3474 ὡς
2736 3411 3111 3465 καθικνεῖσθαι
3137 3412 3231 3465 τοῦ
3257 3412 3452 3483 βάθους
3481 3413 3582 3484 τῆς
3613 3414 3787 3484 ψυχῆς

516 3508 580 3554 ut
601 3500 823 3558 intimas
872 3504 1038 3558 animi
1088 3514 1271 3575 partes
1289 3517 1663 3576 penetrarent,
1707 3519 2100 3584 tangerentque

2205 3508 2406 3573 αὐτῶν,
2450 3506 2825 3562 καθάπτεσθαι
2862 3524 2923 3560 τε
2965 3507 3061 3560 καὶ
3098 3505 3421 3577 τιτρώσκειν
3463 3506 3525 3559 τὸ
3558 3508 3788 3560 ἑκάστου

515 3603 586 3645 ac
632 3592 986 3648 vulnerarent
1034 3594 1473 3665 uniuscujusque
1512 3598 1909 3653 conscientiam
1942 3599 2100 3669 adeo,

2207 3601 2467 3666 συνειδὸς,
2495 3602 2573 3666 ὡς
2603 3602 2800 3672 μηκέτι
2830 3601 3045 3669 στέγειν
3077 3600 3546 3672 ἀποκρύπτοντες,
3576 3603 3657 3665 είς
3683 3618 3788 3670 φα-

514 3689 579 3739 ut
599 3699 760 3740 nemo
788 3687 1021 3755 amplius
1038 3686 1317 3741 occultare
1352 3696 1558 3758 posset,
1595 3688 1693 3745 sed
1722 3693 2102 3765 unusquisque

514 3776 574 3832 in
603 3785 849 3847 apertum
874 3779 1162 3848 proferret,
1200 3782 1247 3835 si
1284 3780 1444 3851 cujus
1490 3782 1678 3836 arcani
1707 3785 1963 3840 conscius
1994 3788 2101 3844 sibi

511 3876 682 3934 esset,
713 3868 1061 3941 iudicemque
1104 3887 1329 3926 suorum
1382 3888 1504 3943 quae
1552 3874 1702 3943 prius
1733 3876 2102 3934 commisisset

513 3959 871 4031 ﬂagitiorum,
906 3963 1149 4033 seipsum
1203 3975 1523 4035 praestaret:
1554 3968 1692 4024 tales
1738 3969 1868 4026 item
1907 3972 2000 4043 qui
2030 3973 2101 4029 ab

515 4053 627 4108 illis
650 4054 884 4108 instituti
910 4064 1059 4120 sunt,
1091 4055 1245 4124 puris
1279 4056 1486 4127 utique,
1525 4061 1868 4134 sincerisque
1899 4066 2100 4123 animis

514 4144 749 4215 praediti,
788 4153 848 4199 ut
881 4145 1018 4200 nihil
1065 4145 1121 4199 in
1170 4146 1280 4201 illis
1328 4148 1591 4217 simulati,
1642 4160 1736 4206 aut
1768 4153 2101 4212 fraudulenti

516 4234 715 4289 lateret
748 4253 762 4289 :
797 4234 896 4291 sed
924 4243 1115 4291 contra
1162 4238 1345 4307 potius
1399 4240 1503 4310 ipsi
1559 4246 1863 4303 mutatione
1885 4262 1915 4301 a
1944 4247 2099 4305 dete-

516 4328 666 4383 riore
687 4327 797 4382 vita
814 4329 882 4384 ad
910 4329 1214 4395 meliorem,
1244 4331 1610 4402 gloriarentur
1655 4347 1819 4411 atque
1857 4342 2101 4397 conﬁde-

517 4426 671 4478 rent:
704 4421 795 4492 qui
826 4422 994 4493 igitur
1022 4424 1268 4495 magicos
1299 4425 1470 4483 libros
1501 4428 1885 4499 incenderunt,
1920 4446 1974 4492 et
2003 4453 2100 4491 ex-

517 4519 731 4567 ternam
779 4514 995 4569 illorum
1050 4517 1412 4586 perditionem
1465 4523 1684 4591 publico
1727 4526 1938 4597 judicio
1997 4543 2099 4584 suo

518 4605 963 4675 comprobarunt,
996 4622 1097 4661 cur
1127 4624 1235 4663 non
1265 4609 1333 4666 de
1355 4613 1556 4684 seipsis
1586 4619 1727 4687 apud
1756 4635 1949 4677 omnes
1975 4637 2101 4677 cer-

517 4698 795 4753 tissimum
834 4701 1062 4769 posthac
1092 4704 1372 4771 praebeant
1423 4721 1826 4781 argumentum,
1862 4716 2015 4771 nullo
2037 4732 2100 4771 se

518 4804 747 4861 prorsus
816 4792 1150 4860 magicarum
1226 4810 1411 4853 rerum
1469 4802 1654 4859 studio
1726 4805 1945 4861 teneri?
2000 4806 2097 4862 sed

517 4889 711 4936 contra
743 4882 947 4953 potius,
1007 4900 1073 4939 ex
1124 4886 1217 4941 illo
1255 4890 1369 4959 jam
1427 4909 1595 4964 puros
1639 4913 1699 4953 se
1735 4915 1880 4964 esse,
1923 4907 1978 4954 et
2027 4901 2096 4955 ab

2204 3694 2360 3766 νερὸν
2405 3693 2462 3748 δὲ
2506 3694 2664 3765 ἄγειν
2705 3694 2776 3749 τά
2824 3695 3136 3766 ἀπόρρητα,
3180 3694 3438 3763 ἐλέγχους
3487 3711 3549 3747 τε
3592 3695 3789 3758 αὐτοὺς

2202 3786 2411 3841 ἑαυτῶν
2442 3787 2537 3841 καὶ
2565 3788 2666 3859 τῆς
2699 3788 2972 3860 προτέρας
2999 3786 3179 3840 αὐτῶν
3208 3786 3512 3859 μοχθηρίας
3540 3788 3790 3859 ἀπεργά-

2202 3877 2423 3943 ζεσθαι·
2460 3878 2693 3934 τοιοῦτοι
2734 3880 2790 3933 δὲ
2829 3880 2921 3933 καὶ
2943 3880 2995 3933 οἱ
3024 3879 3161 3951 πρὸς
3192 3878 3372 3932 αὐτῶν
3415 3877 3791 3950 μαθητευόμε-

2200 3990 2305 4041 νοι,
2338 3972 2571 4046 καθαροὶ
2619 3975 2716 4027 καὶ
2762 3974 2975 4045 γνήσιοι
3018 3972 3120 4037 τὰς
3166 3971 3457 4036 διαθέσεις,
3500 3972 3577 4035 ὡς
3622 3971 3788 4042 μηδὲν

2202 4062 2434 4117 ὕπουλον
2475 4067 2534 4119 ὲν
2582 4066 2765 4129 αὐτοῖς
2800 4064 3104 4129 λανθάνειν,
3137 4060 3560 4130 ἐνσεμνύνεσθαι
3592 4059 3649 4111 δὲ
3691 4060 3788 4112 καὶ

2201 4157 2675 4229 παρρησιάζεσθαι
2706 4158 2801 4210 ἐπὶ
2830 4158 2895 4226 τῇ
2928 4154 3037 4207 τῶν
3062 4153 3385 4224 κρειττόνων
3411 4150 3519 4204 ἀπὸ
3542 4149 3649 4203 τῶν
3680 4165 3787 4221 χει-

2202 4248 2372 4319 ρόνων
2417 4247 2707 4318 μεταϐολῇ.
2758 4248 2822 4299 Οἱ
2869 4244 2931 4315 δὴ
2983 4241 3077 4298 οὖν
3126 4244 3259 4314 πυρὶ
3308 4240 3642 4312 παραδόντες
3682 4241 3784 4303 τάς

2205 4338 2449 4411 μαγικάς
2494 4339 2730 4409 βίϐλους,
2766 4337 2861 4391 καὶ
2893 4336 3129 4406 παντελῆ
3162 4333 3369 4405 φθορὰν
3407 4332 3587 4386 αὐτῶν
3615 4332 3785 4403 ψηφι-

2166 4468 2171 4475 ς
2204 4433 2453 4504 σάμενοι,
2488 4431 2605 4495 πῶς
2644 4431 2745 4483 οὐκ
2791 4429 2859 4483 ἂν
2902 4426 3013 4481 εἷεν
3047 4426 3302 4498 πρόδηλοι
3335 4426 3446 4487 τοῖς
3475 4426 3660 4485 πᾶσιν,
3700 4426 3784 4481 ὅτι

2204 4525 2474 4598 μηδεμίαν
2536 4523 2712 4593 ἔχοιεν
2765 4520 2858 4575 τοῦ
2902 4519 3090 4573 λοιποῦ
3136 4520 3265 4591 περὶ
3306 4517 3560 4588 γοητείαν
3618 4535 3785 4572 σπου-

2199 4621 2315 4693 δὴν,
2370 4618 2600 4689 καθαροὶ
2644 4618 2701 4670 δὲ
2743 4616 2802 4683 ἐξ
2861 4614 3071 4669 ἐκείνου
3117 4614 3297 4684 πάσης
3328 4612 3426 4682 τῆς
3485 4612 3614 4685 περὶ
3660 4614 3786 4667 τού-

2200 4731 2294 4767 του
2342 4711 2595 4774 ὑπονοίας
2636 4709 2969 4779 ὲτύγχανονς
3020 4708 3148 4761 Ὅτε
3207 4706 3386 4760 τοίνυν
3445 4707 3495 4760 οἱ
3546 4706 3785 4777 μαθηταὶ

2198 4803 2292 4857 τοῦ
2340 4801 2592 4872 Σωτῆρος
2652 4798 2809 4870 ἡμῶν
2859 4799 3133 4868 πεφήνασι
3183 4796 3467 4865 γεγονότες
3517 4795 3782 4860 τοιούτου,

2200 4894 2316 4958 πῶς
2355 4894 2416 4947 ού
2463 4890 2597 4945 πολὺ
2638 4890 2903 4961 πρότερον
2954 4891 2983 4941 ό
3028 4887 3397 4953 Διδάσκαλος;
3446 4889 3509 4941 Εἰ
3541 4888 3599 4942 δὲ
3643 4890 3782 4951 ὅλως

518 4977 669 5030 omni
720 4976 992 5043 ejusmodi
1023 4980 1341 5049 suspicione
1400 4990 1682 5045 remotos?
1710 4990 1767 5044 Si
1799 5006 1929 5062 ergo
1976 4991 2090 5061 jam

2202 4988 2305 5040 ἀπὸ
2358 4985 2467 5039 τῶν
2515 4960 2819 5053 γνωρίμων
2850 4981 2942 5035 τὸν
2975 4983 3306 5053 προστάτην,
3335 4981 3518 5045 ὁποῖός
3578 4999 3660 5046 τις
3692 4978 3781 5053 ἦν,

517 5076 736 5123 constat
789 5067 1088 5125 Salvatoris
1148 5077 1325 5131 nostri
1372 5078 1677 5152 discipulos
1730 5084 1868 5139 tales
1924 5083 2093 5138 exsti-

517 5157 676 5221 tisse,
735 5174 834 5214 cur
892 5176 1002 5216 non
1052 5162 1169 5234 ipse
1219 5164 1528 5241 Praeceptor
1571 5173 1674 5229 fuit
1722 5175 1893 5230 multo
1927 5173 2095 5227 ante?

522 5249 685 5321 129
713 5249 868 5317 Quod
922 5253 969 5309 si
1009 5254 1076 5310 de
1119 5256 1405 5331 discipulis
1434 5266 1651 5334 qualem
1702 5271 2095 5335 praeceptorem

518 5343 812 5399 habuerint
838 5345 922 5401 vis
955 5364 1308 5420 cognoscere,
1355 5359 1523 5413 habes
1567 5357 1732 5413 hodie
1758 5369 1977 5426 quoque
2005 5355 2094 5408 in-

519 5436 889 5492 numerabiles
922 5440 1207 5498 verborum
1236 5444 1367 5502 Jesu
1417 5447 1742 5518 discipulos,
1776 5461 1844 5500 ex
1892 5446 2093 5515 quibus

521 5525 743 5595 P‘urimi
776 5529 1017 5586 virorum
1042 5550 1343 5593 conventus
1368 5542 1661 5605 exsistunt,
1685 5537 1778 5608 qui
1814 5547 1927 5590 tum
1960 5553 2093 5592 con-

524 5625 611 5672 ira
648 5621 924 5677 naturales
952 5631 1196 5697 corporis
1227 5633 1532 5703 voluptates
1560 5631 1719 5703 quasi
1751 5632 1805 5684 in
1828 5630 1943 5684 acie
1969 5644 2097 5684 con-

595 5773 643 5807 "
662 5774 783 5831 Act.
815 5791 929 5846 xu,
966 5778 1047 5835 l9.

2202 5080 2376 5151 βούλει
2426 5074 2826 5144 διαγινώσκειν,
2890 5077 3034 5145 ἔχεις
3082 5075 3176 5129 τοῦ
3234 5074 3405 5145 Ἰησοῦ
3455 5075 3564 5129 τῶν
3610 5075 3782 5143 λόγων

2205 5168 2449 5242 μαθητὰς
2481 5166 2649 5220 εἰσέτι
2679 5166 2774 5219 νῦν
2809 5167 3053 5239 μυρίους,
3086 5159 3160 5219 ὧν
3193 5168 3420 5221 πλεῖστα
3451 5167 3550 5239 μὲν
3577 5166 3785 5238 ἀνδρῶν

2199 5263 2476 5332 τυγχάνει,
2544 5257 2724 5329 πλήθη
2787 5258 3255 5332 παραταξαμένων
3321 5263 3419 5333 μὲν
3490 5261 3627 5333 πρὸς
3688 5261 3785 5323 τὰς

2202 5353 2436 5425 φυσικάς
2484 5352 2579 5406 τοῦ
2628 5351 2877 5423 σώματος
2926 5354 3139 5424 ἡδονάς,
3187 5358 3429 5428 ἄτρωτον
3474 5356 3528 5409 δὲ
3561 5355 3655 5409 καὶ
3684 5355 3784 5425 τὴν

2199 5448 2435 5501 διάνοιαν
2468 5447 2664 5511 παντὸς
2696 5449 2920 5520 αἰσχροῦ
2955 5450 3159 5527 πάθους
3191 5449 3564 5519 φυλαξάντων.
3598 5450 3665 5514 οἳ,
3690 5452 3785 5503 καὶ

2198 5538 2290 5591 τὸν
2323 5538 2500 5592 πάντα
2547 5537 2658 5609 βίον
2706 5542 2765 5593 ὲν
2813 5541 3107 5613 ἐγκρατείᾳ
3152 5545 3652 5614 καταγηράσαντες,
3686 5542 3784 5610 τῆς

2201 5632 2264 5684 ἐκ
2296 5629 2402 5685 τῶν
2434 5631 2603 5701 λόγων
2628 5633 2791 5688 αὐτοῦ
2840 5634 3045 5704 τροφῆς
3076 5634 3305 5706 λαμπρά
3335 5638 3608 5709 τεκμήρια
3641 5652 3783 5706 παρ-
