4126 6434
351 380 458 437 Ξ29

1231 367 1881 424 DEMONSTRATIONIS
1914 363 2373 420 ΕνΑΝαΕιιρΑτ]
2413 366 2540 422 LIB.
2585 370 2675 422 Ill.

3482 375 3590 431 250

347 498 663 567 εστήσαντο.
716 490 789 541 Οὑ
844 487 996 558 μόνον
1028 484 1084 538 δὲ
1122 482 1308 553 ἄνδρες
1347 482 1494 553 παρὰ
1528 481 1674 552 αὑτῷ
1727 481 1911 533 τοῦτον

2022 477 2239 540 sistant,
2279 487 2393 533 tum
2439 492 2670 537 mentem
2718 482 2788 536 ab
2818 483 2966 537 omni
2997 484 3179 539 minus
3205 485 3434 542 honesta
3465 503 3587 556 per-

348 581 700 655 φιλοσοφοῦσι
745 579 835 630 τὸν
874 577 1102 647 τρόπον,
1169 573 1301 626 ἀλλὰ
1351 574 1445 626 καὶ
1495 571 1766 641 γυναικῶν
1813 569 1918 622 οὑδ’

346 679 499 730 ἔστιν
533 675 704 726 εἰπεῖν
727 672 844 723 ὅσαι
869 666 1120 739 μυριάδες
1142 666 1260 718 καθ’
1295 665 1419 735 ὅλης
1450 664 1547 734 τῆς
1579 664 1917 732 οἰκουμένης,

347 762 438 820 οἷά
487 781 632 824 τινες
684 761 871 830 ἱέρειαι
903 758 994 809 τοῦ
1027 757 1133 809 τῶν
1167 756 1300 808 ὅλων
1333 754 1487 815 Θεοῦ,
1533 753 1630 824 τὴν
1663 752 1922 805 ἀνωτάτω

352 859 546 926 σοφίαν
572 853 968 921 άσπασάμεναι,
1004 849 1251 920 οὑρανίου
1285 865 1344 900 τε
1380 847 1566 914 σοφίας
1613 846 1774 917 ἔρωτι
1821 846 1918 917 λη-

354 949 588 1018 φθεῖσαι,
619 943 725 996 τῶν
774 943 870 1012 μὲν
906 941 1104 1011 σαρκὸς
1137 939 1370 1007 ἐγγόνων
1401 938 1691 1008 ὴλόγησαν,
1744 937 1919 1006 ψυχῆς

355 1042 411 1094 δὲ
446 1043 616 1093 πᾶσαν
648 1034 957 1104 ἐπιμέλειαν
989 1033 1358 1101 πεποιηκυῖαι,
1403 1030 1528 1092 ὅλας
1572 1029 1740 1092 αὑτάς
1774 1027 1919 1098 αὑτῷ

359 1133 558 1202 σώματι
591 1129 684 1182 καὶ
714 1127 856 1195 ψυχῇ
891 1125 967 1194 τῷ
1001 1122 1332 1192 παμϐασιλεῖ
1363 1123 1454 1174 καὶ
1498 1121 1616 1190 Θεῷ
1647 1119 1754 1173 τῶν
1785 1120 1918 1172 ὅλων

353 1219 776 1278 ἀνατεθείκασιν,
810 1214 1028 1282 ἁγνείαν
1053 1213 1287 1282 παντελῆ
1315 1213 1406 1265 καὶ
1428 1211 1724 1282 παρθενίαν
1747 1212 1919 1281 ἀσκή-

353 1309 560 1362 σασθαι.
614 1307 752 1358 Ἕνα
795 1305 891 1374 μὲν
935 1299 1026 1355 οὖν
1077 1303 1368 1373 μηλοϐότον
1418 1302 1778 1356 καταλιπόντα
1820 1301 1918 1371 τὴν

350 1400 538 1452 ἑαυτοῦ
574 1399 755 1470 χώραν
790 1395 1058 1467 προφάσει
1092 1396 1404 1464 φιλοσοφίας
1432 1396 1650 1464 ἄγουσιν
1688 1389 1787 1448 ὧδε
1821 1396 1919 1447 κά-

347 1493 495 1542 κεῖσε
545 1487 932 1558 περιφέροντες
991 1484 1254 1554 Ἑλλήνων
1313 1485 1516 1548 παῖδες
1583 1483 1918 1555 Δημόκριτος

347 1580 525 1642 αὑτοῖς
558 1574 709 1641 οὗτος
741 1574 829 1648 ἦν’
866 1579 959 1630 κα)¹
991 1577 1214 1647 Κράτης
1257 1571 1336 1638 εἷς
1381 1578 1510 1646 παρ’
1561 1577 1741 1639 αὑτοῖς
1790 1575 1919 1629 Θαυ-

349 1669 598 1737 μάζεται,
633 1669 716 1720 ὃτι
749 1667 834 1737 δὴ,
884 1666 981 1737 τὴν
1027 1668 1213 1718 οὑσίαν
1257 1665 1566 1719 καταλιπὼν
1610 1669 1721 1730 τοῖς
1764 1667 1917 1719 πολί-

342 1761 656 1822 ταις,αὑτὸς
688 1760 895 1822 ἑαυτὸν,
919 1758 1138 1829 Κράτης
1158 1757 1440 1829 Κράτητα,
1460 1757 1748 1829 ἠλευθέρου
1783 1775 1917 1827 κομ-

345 1849 556 1915 πάξων·
601 1856 650 1906 oi
691 1854 750 1908 δὲ
787 1851 894 1906 τῶν
932 1853 1106 1924 Ἰησοῦ
1139 1853 1309 1920 λόγων
1343 1851 1578 1923 ζηλωταὶ
1614 1853 1792 1923 μυρίοι
1824 1853 1914 1907 τὸν

343 1942 596 2012 ἀριθμὸν,
632 1941 744 1995 ἀλλ’
777 1944 874 2013 οὑχ
907 1938 984 2006 εἷς
1015 1943 1134 1995 οὑδὲ
1164 1941 1275 2006 δὺο,
1310 1941 1408 2006 τὰς
1439 1944 1660 2014 κτήσεις
1691 1944 1915 1996 ἀποπω-

344 2032 624 2104 λήσαντες,
661 2034 852 2104 πένησι
884 2035 978 2088 καὶ
998 2035 1198 2086 ὲνδεέσι
1233 2033 1680 2104 μεταδεδώκασιν,
1715 2028 1790 2087 ὧν
1821 2035 1915 2088 καὶ

341 2124 496 2176 αὑτοὶ
527 2124 860 2195 τυγχάνομεν
895 2125 1186 2196 μάρτυρες,
1224 2124 1605 2194 συγγενόμενοι
1633 2125 1909 2188 τοιούτοις,

344 2214 438 2266 καὶ
483 2214 666 2278 αὑτοῖς
711 2214 910 2286 ἔργοις,
965 2214 1077 2267 ἀλλ’
1125 2215 1183 2267 οὑ
1219 2213 1398 2282 λόγοις
1443 2214 1621 2283 μόνοις
1666 2215 1766 2282 τῆς
1818 2215 1913 2267 τοῦ

355 2305 530 2375 Ἰησοῦ
581 2305 873 2376 μαθητείας
931 2306 1228 2368 συνιδόντες
1269 2305 1336 2356 τά
1387 2305 1800 2377 κατορθώματα.
1850 2307 1914 2358 Τί

341 2396 450 2467 χρὴ
497 2397 698 2465 λέγειν,
733 2399 926 2451 ὁπόσαι
975 2397 1228 2468 μυριάδες
1260 2397 1354 2449 καὶ
1397 2396 1574 2449 αὑτῶν
1608 2396 1913 2468 βαρϐάρων,

337 2489 466 2558 οὑχὶ
494 2489 552 2540 δὲ
589 2489 743 2558 μόνον
780 2488 1065 2558 Ἑλλήνων,
1103 2489 1167 2540 ὲκ
1183 2489 1292 2540 τῶν
1330 2487 1501 2558 Ἰησοῦ
1535 2487 1705 2555 λόγων
1738 2490 1916 2542 πᾶσαν

347 2579 448 2649 μὲν
494 2579 871 2651 ὑπερεκκὺψαι
906 2578 1162 2631 πολύθεον
1207 2579 1433 2649 πλάνην,
1467 2579 1556 2632 τὸν
1597 2579 1654 2632 δὲ
1687 2580 1915 2650 Σωτῆρα

342 2671 438 2722 καὶ
470 2670 800 2741 δημιουργὸν
831 2671 979 2723 τοῦδε
1003 2669 1095 2723 τοῦ
1117 2671 1333 2735 παντὸς,
1367 2673 1524 2740 μόνον
1557 2672 1750 2728 εἰδέναι
1782 2673 1913 2726 Θεὸν

341 2760 764 2830 ὲμαρτὺρησαν;
798 2760 855 2812 ὃν
885 2760 1051 2812 πάλαι
1083 2760 1383 2828 φιλοσόφων
1415 2757 1495 2824 εἷς
1529 2761 1686 2830 μόνος
1713 2764 1740 2814 ὁ
1772 2761 1913 2814 Πλά-

337 2867 448 2903 των
481 2849 658 2914 εἰδὼς,
711 2853 791 2915 είς
823 2851 1030 2914 πάντας
1076 2851 1326 2920 ἐκφέρειν
1368 2851 1636 2921 ὡμολόγει
1672 2852 1745 2922 μὴ
1792 2851 1912 2904 τολ-

345 2945 471 3014 μᾷν,
522 2943 811 3015 διαρρήδην
859 2945 1096 3013 φάσκωνι
1122 2964 1140 2996 ‹
1166 2945 1267 2998 Τὸν
1302 2947 1398 3016 μὲν
1440 2941 1532 2998 οῦν
1566 2945 1774 3016 πατέρα
1817 2946 1910 2998 καὶ

341 3033 667 3106 δημιουργὸν
706 3035 857 3088 τοῦδε
901 3035 993 3088 τοῦ
1041 3035 1237 3099 παντὸς
1282 3037 1461 3108 εὑρεῖν
1500 3054 1560 3089 τε
1603 3036 1782 3108 ἔργον,
1817 3039 1910 3090 καὶ

341 3125 570 3197 εὑρόντα
597 3129 682 3189 εἰς
714 3127 921 3191 πάντας
943 3127 1198 3180 ἀδύνατον
1231 3127 1425 3196 λέγειν.
1470 3147 1488 3180 ι
1527 3128 1684 3181 Ἀλλὰ
1718 3129 1908 3198 ὲκείνῳ

345 3218 444 3288 μὲν
476 3217 569 3272 καὶ
600 3217 756 3289 ἔργον
789 3220 965 3290 εὑρεῖν
1006 3219 1178 3272 ἐδόκει
1210 3220 1270 3272 τὸ
1313 3222 1564 3290 πρᾶγμα,
1611 3221 1705 3274 καὶ
1736 3217 1804 3292 ἦν
1832 3221 1909 3285 ὡς

341 3309 556 3378 άληθῶς
592 3311 846 3379 μέγιστον
869 3327 886 3342 ⁶
923 3311 1180 3365 ἀδύνατον
1219 3312 1276 3365 δὲ
1305 3310 1374 3382 ἦν
1405 3313 1553 3382 αὑτῷ
1605 3312 1779 3381 λέγειν
1829 3315 1908 3376 είς

341 3395 567 3458 πάντας,
597 3397 678 3449 ὅτι
714 3397 788 3468 μὴ
819 3399 996 3468 παρῆν
1041 3398 1189 3469 αὑτῷ
1232 3398 1466 3470 τοσαύτη
1505 3418 1586 3463 τις
1629 3401 1908 3466 εὐσεϐείας

341 3485 585 3556 δύναμις,
621 3488 719 3558 ὅση
749 3491 860 3552 τοῖς
892 3489 1063 3560 Ἰησοῦ
1134 3489 1419 3560 μαθηταῖς,
1455 3485 1535 3553 οἷς
1565 3489 1652 3543 διὰ
1684 3491 1782 3561 τῆς
1814 3491 1906 3544 τοῦ

342 3577 667 3632 Διδασκάλου
719 3580 1001 3650 συνεργίας
1056 3581 1146 3633 τὸν
1185 3581 1397 3652 πατέρα
1446 3583 1541 3635 καὶ
1583 3581 1908 3654 δημιουργὸν

341 3668 448 3722 τῶν
479 3669 614 3722 δλων
645 3671 823 3740 εὑρεῖν
854 3687 911 3723 τε
945 3671 1038 3725 καὶ
1088 3671 1289 3739 γνῶναι
1335 3672 1516 3742 ῥᾴδιον
1559 3671 1768 3740 γέγονε,
1816 3676 1910 3727 καὶ

343 3761 594 3832 εὑροῦσιν
623 3764 702 3824 εἰς
724 3764 830 3816 πᾶν
851 3762 1004 3831 γένος
1025 3761 1324 3832 ἀνθρώπων
1356 3761 1679 3831 ἐξενεγκεῖν,
1713 3765 1910 3818 ἀνακα-

341 3852 503 3922 λὺψαι
551 3871 612 3906 τε
656 3855 748 3906 καὶ
792 3854 1096 3925 πληρῶσαι,
1144 3857 1238 3908 καὶ
1297 3853 1530 3924 κηρύξαι
1583 3853 1680 3924 τὴν
1711 3855 1908 3922 γνῶσιν

342 3946 526 4006 πᾶσιν,
561 3943 698 3996 ὥστε
732 3946 796 3997 ἐκ
825 3945 921 4014 τῆς
953 3945 1130 3998 αὑτῶν
1163 3946 1384 3998 ἐκείνων
1427 3943 1770 4009 διδασκαλίας
1796 3948 1909 3999 είσ-

339 4034 422 4086 έτι
465 4034 558 4087 νῦν
600 4034 740 4088 κατὰ
781 4035 872 4088 τὸν
918 4036 1161 4107 παρόντα
1203 4036 1396 4108 καιρὸν
1419 4039 1476 4089 ὲν
1505 4035 1644 4097 ὅλοις
1675 4040 1786 4099 τοῖς
1818 4039 1908 4091 ἐπὶ

345 4129 448 4199 γῆς
469 4127 641 4180 ἔθνεσι
677 4127 842 4198 μυρία
875 4127 1048 4199 πλήθη
1082 4128 1142 4182 οὑ
1187 4129 1343 4199 μόνον
1388 4129 1614 4200 ἀνδρῶν,
1648 4129 1782 4186 ἀλλὰ
1815 4132 1908 4184 καὶ

344 4219 636 4288 γυναικῶν,
669 4221 762 4272 καὶ
797 4218 1020 4285 παίδων,
1046 4219 1266 4273 οἰκετῶν
1296 4236 1356 4271 τε
1381 4219 1476 4272 καὶ
1506 4222 1796 4292 ἀγροίκων,
1821 4240 1908 4274 το-

343 4312 531 4365 σοῦτον
559 4310 638 4380 τῷ
667 4310 760 4364 τοῦ
793 4311 1073 4374 Πλάτωνος
1109 4310 1181 4381 μὴ
1202 4311 1502 4377 πείθεσθαι,
1537 4313 1611 4377 ώς
1642 4315 1732 4368 τὸν
1761 4333 1908 4386 ποιη-

337 4404 436 4475 τὴν
487 4405 582 4458 καὶ
627 4403 954 4474 δημιουργὸν
994 4403 1145 4457 τοῦδε
1183 4404 1277 4457 τοῦ
1320 4407 1517 4471 παντὸς
1561 4407 1717 4477 μόνον
1775 4409 1904 4461 Θεὸν

337 4494 645 4566 γνωρίζειν,
667 4495 762 4547 καὶ
793 4495 947 4565 μόνον
980 4495 1177 4558 σέϐειν,
1210 4497 1305 4549 καὶ
1335 4497 1494 4566 μόνον
1525 4498 1612 4552 διὰ
1643 4498 1736 4552 τοῦ
1771 4499 1903 4571 Χρι-

340 4585 468 4638 στοῦ
512 4585 796 4654 θεολογεῖν.
847 4585 1009 4638 Ταῦτ’
1049 4582 1118 4657 ἦν
1149 4586 1241 4639 τοῦ
1277 4587 1395 4640 νέου
1429 4590 1523 4643 καὶ
1553 4591 1737 4643 καινοῦ
1773 4592 1903 4662 γόη-

336 4694 429 4740 τος
459 4676 528 4730 τὰ
559 4675 974 4748 κατορθώματα·
1007 4677 1230 4730 τοιαῦτα
1259 4678 1352 4730 τοῦ
1385 4678 1736 4750 νομιζομένου
1769 4682 1902 4734 πλά-

337 4787 431 4822 νου
457 4769 526 4822 τὰ
557 4769 919 4840 γοητεύματα·
958 4769 1052 4822 καὶ
1083 4769 1270 4822 τοιοίδε
1307 4772 1354 4821 οἱ
1387 4771 1480 4823 τοῦ
1519 4772 1691 4842 Ἰησοῦ
1731 4773 1904 4844 μαθη-

338 4863 446 4918 ταὶ.
463 4863 551 4930 ἀφ’
568 4855 641 4915 ὧν
656 4861 736 4914 δεῖ
748 4861 837 4915 τὸν
852 4860 1168 4914 διδάσκαλον
1182 4861 1381 4924 ὁποῖός,
1395 4878 1477 4924 τις
1497 4858 1564 4932 ἦν
1577 4909 1583 4917 ,
1597 4862 1898 4934 γνωρίζειν.

2025 572 2338 627 turbatione
2384 574 2772 630 invulneratant
2806 587 3158 644 conservent;
3189 579 3424 648 quicum
3467 596 3584 634 om-

2022 680 2145 717 nem
2178 681 2331 719 suam
2361 669 2524 721 vitam
2560 685 2733 738 usque
2768 669 2834 722 ad
2863 679 3193 725 senectutem
3225 672 3586 728 continentis-

2021 756 2159 809 sime
2184 758 2415 826 egerint,
2446 758 2807 814 institutionis
2837 777 2957 830 quze
2986 761 3054 816 de
3093 763 3274 816 verbis
3308 763 3453 816 illius
3481 767 3583 817 Ita-

2020 845 2136 898 beri
2160 849 2350 908 soleat,
2377 850 2680 904 certissima
2710 862 3021 920 argumenta
3045 863 3303 923 prmstare
3328 862 3578 923 possunt.

2019 934 2204 1006 Neque
2245 940 2347 992 viri
2401 942 2577 995 solum
2619 943 2720 996 sub
2759 945 2851 996 illo
2885 948 3023 999 duce
3072 947 3137 998 ad
3170 946 3314 1000 hunc
3357 948 3579 1001 modum

2019 1030 2489 1099 philosophantur,
2535 1035 2628 1088 sed
2678 1035 2998 1090 feminarum
3041 1054 3255 1108 quoque
3289 1046 3368 1092 tot
3410 1040 3581 1094 millia

2021 1137 2116 1190 per
2145 1131 2319 1176 totum
2348 1125 2556 1188 orbem,
2605 1133 2663 1178 ut
2696 1141 2857 1195 quam
2889 1129 3057 1181 multa
3092 1131 3201 1182 sint
3244 1145 3352 1183 non
3390 1129 3580 1185 dicen-

2017 1212 2146 1266 dum
2175 1230 2297 1269 esse
2329 1215 2595 1278 videatur,
2627 1232 2746 1285 qua:
2791 1220 2948 1286 quasi
2991 1220 3235 1288 quiedam
3267 1221 3577 1277 sacerdotes

2017 1304 2186 1359 Deum
2208 1306 2444 1361 universi
2470 1307 2730 1372 colentes,
2747 1312 3576 1381 supremamque-philosophiam

2018 1396 2296 1464 amplexaz,
2349 1403 2510 1463 atque
2562 1411 2746 1450 amore
2789 1399 3029 1452 emlestis
3074 1401 3350 1468 sapientiae
3383 1413 3573 1470 captaa,

2016 1482 2184 1548 prolis
2217 1481 2434 1550 quidem
2478 1500 2540 1537 ac
2587 1485 2904 1549 liberorum,
2949 1496 3133 1557 utpote
3163 1491 3254 1559 qui
3280 1491 3345 1544 ad
3379 1509 3575 1562 corpus

2016 1571 2344 1639 pertineant,
2381 1574 2582 1627 nullam
2621 1575 2822 1630 habent
2865 1580 3150 1643 rationem,
3182 1583 3415 1635 animam
3447 1599 3576 1638 vero

2016 1661 2162 1714 omni
2185 1661 2462 1732 diligentia
2491 1678 2762 1728 curantes,
2791 1675 2933 1723 totas
2962 1671 3171 1741 seipsas
3199 1673 3316 1741 ipso
3347 1687 3575 1743 corpore

2017 1759 2180 1821 atque
2202 1753 2402 1816 animo,
2437 1755 2550 1823 regi
2581 1758 2822 1810 omnium
2855 1761 3198 1830 universique
3228 1761 3336 1818 Deo
3357 1763 3574 1819 dedica-

1946 1829 1988 1882 Β
2019 1853 2171 1910 runt,
2204 1853 2262 1897 ut
2295 1846 2373 1900 sic
2410 1847 2620 1916 integra
2652 1859 3016 1922 perpetuaque
3044 1829 3294 1911 castitate
3321 1872 3385 1910 ac
3413 1859 3573 1927 virgi-

2013 1937 2180 1989 nitate
2209 1935 2522 2006 fnngantur.
2565 1940 2626 1992 Et
2657 1939 2827 1995 Graeci
2878 1945 3094 2012 quidem
3136 1961 3260 2000 eum
3303 1949 3395 2020 qui
3443 1951 3570 2004 olim

2008 2029 2308 2096 jactatione
2342 2031 2697 2100 philosophiae
2728 2036 3001 2103 regionem
3042 2054 3195 2092 suam
3227 2041 3295 2094 ab
3322 2043 3572 2097 hostibus

2013 2119 2393 2189 depopulatam
2428 2131 2588 2193 atque
2639 2135 2902 2181 vastatam
2955 2132 3186 2200 reliquit,
3238 2136 3415 2189 verbis
3465 2137 3572 2191 huc

2013 2219 2175 2280 atque
2206 2213 2331 2267 illuc
2358 2215 2752 2271 circumferunt
2779 2230 2938 2288 atque
2965 2225 3248 2279 extollunt.
3298 2225 3572 2282 Democri-

2017 2310 2106 2356 tus
2145 2303 2234 2357 hic
2266 2312 2350 2360 est
2383 2305 2524 2374 apud
2552 2307 2694 2370 illos,
2726 2317 2780 2363 et
2802 2310 2992 2367 Crates
3017 2329 3158 2368 untts
3179 2316 3318 2384 apud
3352 2317 3570 2372 eosdem

2014 2391 2374 2448 admiratione
2405 2393 2601 2462 dignus
2630 2405 2873 2466 putatur,
2907 2401 3069 2468 quod,
3108 2417 3167 2456 re
3197 2419 3292 2456 sua
3318 2404 3570 2460 familiari

2013 2479 2226 2535 civibus
2271 2483 2388 2536 suis
2421 2485 2631 2548 relicta,
2674 2486 2790 2554 ipse
2816 2489 3055 2556 seipsum
3083 2490 3272 2546 Crates
3298 2494 3570 2549 Cratetem

2013 2570 2070 2624 in
2105 2571 2412 2627 libertatem
2442 2575 2746 2631 vindicasse
2773 2577 3077 2646 iactaverit.
3102 2581 3171 2634 At
3197 2584 3339 2637 enim
3377 2585 3569 2640 verbo-

2012 2676 2136 2715 rum
2181 2661 2309 2718 Jesu
2348 2667 2692 2723 aemulatores
2749 2671 3196 2737 innumerabiles,
3232 2691 3340 2729 non
3390 2687 3570 2733 autem

2011 2771 2154 2811 unus
2179 2757 2440 2813 duntaxat
2471 2759 2691 2827 alterve,
2722 2761 3020 2818 divenditas
3043 2768 3415 2834 possessiones
3437 2784 3573 2839 pau-

2009 2849 2231 2918 peribus
2276 2861 2436 2920 atque
2480 2851 2850 2922 indigentibus
2902 2856 3330 2925 impertiverunt,
3369 2859 3570 2930 quibus

2008 2937 2170 2991 etiam
2211 2952 2311 2994 nos
2341 2946 2510 2993 testes
2551 2939 2834 3004 adsumus,
2861 2944 2954 3012 qui
2982 2943 3181 2998 versati
3216 2959 3403 2999 sumus
3443 2960 3568 2999 cum

2009 3030 2230 3094 talibus,
2261 3031 2463 3102 quique
2489 3031 2670 3098 factis,
2700 3033 2897 3089 nedum
2929 3035 3128 3098 verbis,
3153 3052 3338 3090 eorum
3366 3035 3566 3091 ollicio—

2009 3133 2133 3174 rum
2155 3119 2281 3174 facti
2303 3123 2530 3189 conscii,
2553 3139 2674 3192 quae
2707 3125 2782 3177 illi
2813 3125 2866 3177 in
2891 3123 3018 3179 Jesu
3048 3125 3333 3196 disciplina
3357 3127 3568 3196 praesti-

2010 3211 2193 3266 terint.
2214 3211 2482 3266 Czeterum
2511 3212 2640 3283 quid
2659 3229 2743 3268 me
2764 3222 2973 3283 oportet
2993 3214 3193 3281 dicere,
3213 3232 3375 3286 quam
3397 3218 3567 3272 multa

2008 3303 2178 3357 millia
2202 3303 2362 3358 etiam
2387 3303 2670 3358 hominum
2695 3305 3065 3373 barbarorum,
3097 3323 3204 3362 non
3230 3309 3390 3362 modo
3417 3309 3566 3364 Grie-

2009 3408 2218 3458 corum,
2250 3411 2316 3450 ex
2360 3397 2645 3466 praeceptis
2680 3395 2808 3450 Jesu
2853 3413 3067 3452 omnem
3111 3400 3322 3454 colendi
3365 3401 3568 3458 multos

2007 3485 2138 3540 deos
2165 3501 2407 3540 errorem
2436 3488 2796 3542 transilierint
2815 3497 2974 3558 atque
2996 3489 3363 3558 despexerint,
3389 3501 3442 3545 et
3465 3492 3568 3546 hu-

2003 3578 2096 3646 jus
2128 3578 2369 3632 universi
2399 3589 2676 3648 parentem
2713 3589 2870 3649 atque
2897 3581 3143 3650 opificem
3184 3580 3353 3635 Deum
3396 3599 3567 3637 unum

2009 3683 2068 3724 se
2092 3683 2387 3738 agnoscere
2399 3669 2821 3724 allirmarerint?
2839 3670 3008 3735 Quem
3029 3674 3374 3741 antiquorum
3394 3673 3568 3741 philo-

2007 3759 2302 3828 SOpltorum
2329 3759 2419 3812 vix
2442 3775 2584 3815 unus
2608 3760 2763 3815 Plato
2792 3777 2913 3815 eum
2937 3764 3298 3832 cognovisset,
3328 3779 3438 3818 non
3467 3779 3568 3820 au-

2008 3847 2134 3902 dere
2166 3863 2225 3902 se
2256 3847 2448 3904 efferre
2473 3849 2527 3902 in
2552 3864 2740 3904 omnes
2764 3850 2940 3918 palam
2964 3850 3243 3920 professus
3269 3860 3373 3914 est,
3407 3853 3568 3922 plane

2010 3939 2306 4001 aﬂirmans,
2347 3958 2364 3990 ι
2405 3944 2681 4008 parentem
2718 3941 2934 4010 quidem
2973 3950 3134 4009 atque
3164 3942 3411 4010 Opificem
3443 3943 3564 3998 uni-

2007 4031 2152 4086 versi
2165 4030 2346 4101 huius,
2358 4039 2409 4085 et
2425 4032 2664 4086 invenire
2679 4031 2892 4086 difﬁcile
2906 4047 3045 4095 esse,
3062 4043 3252 4088 etcum
3269 4033 3560 4098 inveneris,

2007 4125 2161 4195 prodi
2177 4125 2232 4178 in
2252 4127 2443 4196 vulgus
2456 4141 2562 4179 non
2581 4140 2762 4194 posse.
2774 4124 3003 4180 iVerum
3029 4127 3101 4180 illi
3125 4127 3338 4196 quidem
3353 4139 3404 4182 et
3417 4129 3565 4184 inve-

2007 4216 2125 4270 nire
2152 4215 2382 4271 difficilis
2398 4216 2516 4270 visa
2543 4225 2626 4269 est
2646 4230 2732 4269 res
2765 4223 2818 4269 et
2860 4231 3049 4271 revera
3076 4217 3265 4286 ingens
3291 4220 3562 4288 negotium

2007 4321 2109 4366 est.
2129 4311 2195 4366 At
2231 4325 2362 4366 vero
2406 4310 2547 4365 idem
2575 4309 2850 4378 publicare
2872 4309 2928 4362 in
2945 4323 3153 4374 omnes,
3176 4310 3566 4380 enuntiareque

2012 4405 2285 4476 130non
2302 4406 2496 4474 potuit,
2511 4410 2796 4472 propterea
2812 4401 2956 4472 quod
2975 4417 3081 4456 non
3094 4409 3246 4456 tanta
3264 4403 3338 4456 illi
3351 4403 3565 4474 pietatis

1933 4479 1978 4535 D
2005 4515 2132 4568 erga
2155 4498 2322 4553 Deum
2350 4497 2433 4552 vis
2453 4496 2659 4558 aderat,
2675 4504 2876 4566 quanta
2889 4492 3018 4549 Jesu
3035 4495 3338 4565 discipulis,
3368 4497 3566 4566 quibus

2006 4605 2109 4658 ope
2151 4588 2459 4656 auxilioque
2485 4586 2864 4655 praeceptoris,
2896 4594 3172 4654 parentem
3211 4585 3565 4654 opilicemqne

2007 4679 2268 4740 universi,
2280 4687 2333 4732 et
2364 4677 2626 4740 invenire,
2644 4686 2694 4730 et
2711 4690 3025 4746 agnoscere,
3041 4676 3380 4730 illaboratum
3407 4691 3470 4729 ac
3485 4673 3567 4729 fa-

2007 4775 2110 4829 cile
2122 4772 2346 4842 contigit
2363 4787 2376 4836 ;
2393 4778 2446 4823 ct
2463 4779 2747 4838 postquam
2769 4769 3106 4831 invenerunt,
3124 4768 3284 4822 etiam
3303 4767 3488 4821 efferre
3507 4765 3564 4820 in

2008 4878 2169 4918 omne
2201 4875 2370 4931 genus
2403 4858 2701 4921 hominum,
2733 4855 3068 4924 prodereque
3100 4863 3152 4908 et
3199 4853 3486 4922 complere,
3513 4862 3567 4905 et

341 4953 554 5021 publice
566 4954 849 5008 enuntiare
868 4953 1118 5007 omnibus
1140 4953 1281 5022 quod
1299 4963 1680 5022 cognoverant,
1704 4957 1836 5010 adeo
1857 4956 2094 5026 quidem,
2115 4960 2172 5007 ut
2193 4968 2256 5008 ex
2281 4951 2494 5005 illorum
2511 4948 2795 5016 disciplina
2813 4962 2986 5016 usque
3008 4947 3062 5000 in
3077 4959 3314 5015 praesens
3331 4950 3562 5012 tempus,

343 5059 439 5112 per
469 5059 658 5100 omnes
707 5059 827 5114 qum
886 5054 1014 5100 sunt
1068 5045 1125 5099 in
1158 5045 1288 5098 orbe
1320 5053 1586 5100 terrarum
1648 5055 1855 5116 gentes,
1892 5054 2195 5102 conventus
2247 5040 2703 5104 innumerabiles,
2753 5055 2861 5092 non
2920 5038 3162 5091 virorum
3213 5036 3419 5096 solum,
3472 5034 3567 5088 sed

341 5138 507 5192 etiam
560 5137 910 5202 feminarum,
949 5145 1004 5193 et
1056 5153 1372 5207 puerorum,
1423 5145 1478 5192 et
1521 5151 1824 5203 servorum,
1858 5147 1911 5194 et
1951 5139 2244 5209 agrestium
2295 5133 2599 5196 hominum,
2665 5138 2873 5184 tantum
2920 5129 3079 5192 absit,
3150 5133 3209 5178 ut
3235 5123 3443 5177 Platoni
3472 5125 3566 5178 ob-

343 5229 642 5298 temperent
671 5236 763 5282 aut
806 5228 1060 5293 credant,
1092 5237 1152 5282 ut
1198 5236 1502 5292 .auctorem,
1573 5227 1925 5297 Opiﬁcemque
1963 5226 2202 5282 universi
2233 5223 2418 5293 hujus,
2484 5222 2659 5276 solum
2703 5217 2872 5272 Deum
2911 5222 3226 5315 agnoscant,
3257 5213 3433 5315 solum
3474 5228 3569 5267 co—

344 5325 480 5384 lant,
521 5321 588 5376 de
621 5319 738 5372 so‘lo
765 5335 861 5389 per
903 5317 1202 5381 Christum,
1267 5324 1327 5372 ut
1368 5318 1435 5372 de
1487 5317 1597 5371 Deo
1629 5318 1939 5387 loquantur.
1976 5317 2043 5372 Hi
2074 5325 2202 5372 sunt
2233 5315 2360 5370 novi
2394 5313 2555 5381 hujus
2612 5326 2676 5364 ac.
2723 5310 2957 5364 recentis
2986 5305 3394 5376 praestigiatoris
3443 5320 3568 5358 suc-

345 5422 534 5463 cessus
572 5427 584 5462 :
620 5409 747 5462 talia
778 5408 919 5476 eius,
953 5407 1048 5477 qui
1113 5407 1460 5471 existimatur
1511 5407 1766 5465 seductor
1821 5411 2243 5475 incantamenta,
2311 5405 2552 5474 talesque
2593 5401 2765 5472 ipsius
2798 5398 2924 5454 JeSu
2972 5397 3247 5468 discipuli,
3275 5395 3344 5450 de
3371 5395 3568 5464 quibus

348 5507 646 5568 praeceptor
677 5500 856 5568 qualis
891 5498 1052 5553 fuerit
1079 5499 1332 5567 cognosci
1360 5499 1574 5554 debeat.

414 5591 547 5660 Φέρε
582 5589 627 5643 δ’
661 5589 759 5653 ἔτι,
790 5605 884 5642 και
925 5587 1096 5660 ταύτῃ
1122 5588 1213 5640 τὸν
1243 5586 1396 5656 λόγον
1415 5588 1900 5662 διερευνησώμεθα.

347 5683 521 5752 Γόητα
549 5683 652 5752 φῂς
683 5681 862 5749 αὑτὸν,
889 5676 934 5735 ὦ
974 5673 1147 5743 οὗτοςο
1186 5679 1321 5732 ἀλλὰ
1353 5681 1447 5733 καὶ
1478 5683 1769 5752 φαρμακέα
1796 5684 1904 5736 δει-

347 5774 436 5827 νὺν
471 5774 564 5828 καὶ
590 5773 874 5830 ἀπατεῶνα
919 5772 1118 5838 καλεῖς.
1175 5766 1300 5845 Ἆρ’
1343 5765 1434 5827 οὖν
1487 5771 1698 5846 πρῶτος
1742 5773 1902 5840 αὑτὸς

2077 5591 2344 5647 Caeterum
2374 5588 2479 5642 alia
2515 5597 2730 5656 quoque
2750 5582 2980 5640 ratione.
3014 5580 3068 5635 id
3090 5579 3157 5636 de
3179 5595 3285 5650 quo
3308 5578 3566 5646 quaeritur

2007 5683 2306 5738 videamus.
2345 5678 2799 5746 Pmstigiatorem
2843 5685 2974 5724 sane
3008 5672 3158 5726 illum
3186 5671 3324 5725 dicis
3349 5669 3515 5724 fuisse
3549 5687 3561 5720 :

2005 5773 2303 5843 quinetiam
2330 5768 2631 5828 veneﬁcum
2661 5762 3073 5823 callidissimum
3117 5767 3566 5834 deccptoremquc
