4126 6500
462 401 561 456 QII

459 605 541 658 rei
589 604 840 657 inventor
872 602 1102 665 exstitit,
1153 616 1222 654 an
1271 614 1401 654 vero
1441 599 1512 654 de
1555 615 1727 663 more,
1773 600 1839 653 ad
1894 604 2043 671 ipsos

459 709 827 767 praceptores
875 696 1026 748 initia
1070 693 1278 748 referre
1314 693 1570 763 oportet?
1598 692 1733 747 Nam
1791 693 1839 749 si
1890 694 2043 749 nullo

461 786 693 841 docente
739 787 853 855 ipse
900 787 1108 855 primus
1139 787 1400 855 solusque
1442 788 1693 841 inventor
1734 786 1899 854 hujus
1935 786 2043 839 fuit

462 878 709 947 incmpti,
743 881 816 932 ita
851 889 907 933 ut
951 880 1084 933 nihil
1124 894 1351 949 prorsus
1382 882 1450 934 ab
1480 882 1600 935 aliis
1637 897 1866 948 usquam
1899 881 2043 934 didi-

460 967 620 1029 cerit,
653 982 829 1035 neque
858 968 925 1021 ab
961 970 1203 1038 antiquis
1234 969 1632 1038 compilaverit,
1672 984 1771 1023 cur
1809 987 1916 1024 non
1953 971 2036 1025 di-

459 1059 643 1112 vinam
680 1058 755 1111 illi
804 1068 1058 1113 naturam
1088 1060 1327 1114 tribuere
1364 1070 1634 1130 oporteat,
1665 1062 1757 1131 qui
1786 1064 1951 1117 nullis
1975 1058 2041 1116 li-i

458 1148 596 1214 bris,
619 1150 785 1205 nullis
811 1151 1117 1221 praeceptis.
1139 1168 1234 1206 seu
1266 1154 1710 1222 praeceptoribus,
1730 1169 1827 1208 sua
1847 1168 2040 1225 sponte

455 1241 688 1297 edoctus
721 1258 818 1312 per
860 1244 1124 1313 seipsum,
1172 1246 1351 1300 omnis
1396 1247 1699 1317 disciplina:
1725 1265 1918 1318 capax,
1955 1259 2041 1304 ta-

458 1333 592 1387 lium
623 1349 809 1388 rerum
844 1336 1103 1390 inventor
1134 1338 1440 1392 exstiterit?
1469 1339 1632 1408 Atqui
1660 1356 1836 1408 neque
1860 1340 2039 1394 sordi-

458 1424 544 1479 dae
569 1425 806 1493 alicujus
838 1428 993 1489 artis,
1026 1443 1202 1497 neque
1227 1430 1508 1485 rationalis
1530 1432 1835 1502 cujuspiam
1859 1433 2039 1487 scien-

458 1519 567 1582 tite,
599 1533 662 1572 ac
688 1534 758 1573 ne
788 1520 1088 1589 primorum
1120 1520 1339 1589 quidem
1373 1522 1763 1577 elementorum
1785 1523 2034 1593 discipli-

459 1626 588 1665 nam
633 1620 691 1666 ut
742 1613 1034 1681 percipias,
1075 1614 1193 1668 sine
1220 1614 1359 1669 duce
1399 1630 1464 1668 ac
1490 1626 1821 1686 praeceptore
1853 1618 2036 1688 aliquo

1120 399 1387 454 EUSEBl‘l
1433 396 1920 454 CAESARIENSIS
1957 398 2033 455 OF

2142 399 2345 456 PARS.
2385 400 2455 457 11.
2492 431 2568 449 σι-
2601 401 3111 459 APOLOGETICA.

461 529 648 570 vocas.
684 513 957 583 Numquid
994 514 1159 582 igitur
1186 510 1396 581 primus
1426 510 1518 563 ille
1543 520 1597 565 et
1636 511 1790 566 solus
1820 511 2033 579 hujusce

2153 512 2246 565 καὶ
2275 512 2434 582 μόνος
2466 513 2694 585 εὑρετὴς
2726 515 2963 586 κατέστη
2996 514 3096 568 τοῦ
3141 501 3574 604 rrpéﬁlf'wc;
3616 533 3789 604 ἥπάν,
3884 563 3888 567 «

3718 425 3808 481 252

2143 621 2243 667 τας
2282 621 2385 658 που
2423 606 2563 659 κατὰ
2596 607 2657 659 τὺ
2689 607 2980 660 ἀκόλουθον
3009 610 3092 671 εἰς
3122 593 3535 694 διδασκάλῖυς
3559 593 3774 694 άνᾶπέμ.

2145 713 2265 750 πειν
2299 697 2404 769 χρὴ
2447 697 2514 751 τὰ
2550 698 2733 761 uitta;
2764 700 2828 751 Ei
2853 699 2951 769 μὲν
2976 698 3106 771 γὰρ,
3143 692 3395 768 μηδενὸς
3429 683 3755 778 διδάξαντος,

2143 790 2304 853 αὐτὸς
2333 791 2549 862 πρῶτος
2583 792 2677 845 καὶ
2713 792 2872 861 μόνος
2913 791 3143 863 εὑρετὴς
3179 789 3387 859 γέγονε
3422 786 3536 862 τῆς
3562 803 3752 871 ἐπιχει,

2146 885 2374 955 ρήσεως,
2416 884 2579 955 μηδὲν
2633 884 2898 955 μηδαμῶς
2932 886 3061 955 παρ’
3110 884 3317 955 ἑτέρων
3357 880 3569 955 μαθὼν,
3606 891 3742 961 μηδὲ

2142 979 2207 1029 ἐκ
2238 976 2481 1029 παλαιῶν
2502 978 2913 1047 ἐρανισάμενος,
2933 980 3049 1042 πῶς
3076 980 3136 1030 οὐ
3165 977 3319 1040 θείας
3351 972 3570 1043 φύσεως
3596 981 3739 1050 χρῆν

2141 1069 2418 1139 ὁμολογεῖν
2451 1070 2635 1135 αὐτὸν,
2668 1070 2727 1132 ὃς
2751 1066 2818 1140 ἦν
2852 1072 2979 1124 ἄνευ
3021 1069 3238 1140 βίϐλων,
3273 1069 3369 1123 καὶ
3408 1068 3600 1139 λόγων,
3637 1072 3735 1125 καὶ

2139 1160 2497 1224 διδασκάλων,
2544 1163 2945 1226 αὐτοδίδακτος,
2988 1165 3082 1216 καὶ
3119 1161 3432 1232 αὐτομαθὴς
3475 1162 3733 1216 τοιούτων

2142 1254 2483 1324 πραγμάτων
2513 1257 2741 1327 εὐρετὴς
2775 1256 3151 1324 ἀναπέφηνενς
3187 1255 3297 1307 Καὶ
3332 1254 3438 1324 μὴν
3470 1252 3592 1306 οὐτε
3628 1253 3728 1323 βα-

2139 1349 2338 1403 ναύσου
2357 1351 2571 1419 τέχνης,
2593 1349 2719 1403 οὐτε
2752 1347 2973 1418 λογικῆς
3007 1348 3338 1417 ἐπιστήμης,
3371 1344 3491 1398 οὐδέ
3526 1362 3587 1414 γε
3613 1344 3726 1399 τῶν

2140 1442 2371 1513 πρώτων
2405 1442 2683 1512 στοιχείων
2715 1439 2814 1510 τὴν
2851 1439 3085 1510 μάθησιν
3111 1438 3234 1507 δίχα
3264 1435 3500 1507 ποδηγοῦ
3530 1437 3624 1489 καὶ
3648 1438 3728 1492 δι·-

2139 1534 2408 1588 δασκάλου
2440 1534 2585 1595 τινὸς
2616 1532 2904 1585 ἀναλαϐεῖν
2947 1531 3188 1593 δυνατὸν,
3227 1531 3301 1602 μὴ
3343 1531 3462 1602 οὐχὶ
3487 1531 3584 1603 τὴν
3611 1548 3728 1585 κοι-

2136 1626 2233 1697 νὴν
2266 1625 2608 1696 ἐκϐεϐηκότα
2642 1624 2823 1692 φύσιν.
2852 1624 3042 1687 Οὐδεὶς
3074 1624 3203 1692 γοῦν
3235 1624 3342 1676 τῶν
3381 1623 3601 1677 πώποτε
3630 1624 3726 1679 αὐ-

458 1703 574 1759 ﬁeri
612 1712 810 1774 potest,
860 1706 1056 1760 nedum
1098 1722 1162 1761 ea
1207 1724 1327 1776 qua:
1377 1718 1625 1763 naturam
1688 1726 2033 1768 communem

2137 1717 2439 1781 τοδίδακτος
2481 1719 2612 1788 ήμῖν
2677 1716 3074 1791 γραμματικῆς
3107 1715 3353 1787 παρῆλθε
3384 1716 3723 1783 διδάσκαλος,

457 1807 737 1866 superant.
762 1794 954 1851 Nullus
984 1808 1131 1853 certe
1152 1815 1389 1869 unquam
1418 1816 1513 1871 per
1545 1817 1604 1856 se
1631 1801 1826 1857 doctus
1853 1818 2035 1873 gram-

457 1890 672 1943 maticae
695 1899 995 1958 praeceptor
1024 1891 1181 1945 nobis
1203 1894 1466 1960 occurrit,
1496 1910 1674 1963 neque
1703 1894 1908 1959 rhetor,
1940 1897 2033 1965 qui

460 1993 567 2033 non
599 1979 669 2033 ab
698 1981 883 2049 aliquo
916 1980 1191 2048 didicerit,
1232 1999 1409 2053 neque
1441 1986 1532 2055 qui
1579 1999 1771 2056 su0ple
1817 1988 2034 2057 ingenio

456 2071 704 2126 medicus
740 2073 994 2135 evaserit,
1052 2090 1229 2142 neque
1289 2077 1644 2142 architectus,
1679 2094 1856 2148 neque
1900 2081 2035 2135 alte-

456 2166 574 2220 rius
603 2168 904 2236 cujuspiam
937 2169 1010 2220 rei
1059 2169 1255 2222 artifex
1292 2188 1306 2225 :
1340 2179 1394 2224 et
1442 2171 1555 2225 haec
1587 2173 1804 2242 quidem
1837 2174 2032 2245 exigua

456 2259 639 2311 omnia
667 2267 828 2329 atque
853 2260 1107 2314 humana.
1140 2258 1292 2315 Vera:
1313 2270 1492 2317 autem
1524 2264 1741 2333 pietatis
1771 2266 1910 2320 inter
1937 2266 2036 2320 ho-

455 2349 630 2403 mines
656 2349 958 2413 doctorem,
1007 2349 1191 2405 dicere
1229 2352 1519 2423 praestigiis
1549 2355 1876 2423 quibusdam
1901 2356 2033 2411 talia

454 2440 848 2510 introduxisse,
882 2457 949 2496 eo
982 2457 1090 2511 quo
1129 2443 1264 2496 vixit
1310 2430 1573 2514 tempore,
1605 2446 1872 2515 ejusmodi
1907 2463 2034 2517 pro-

454 2534 669 2604 digiosa
716 2534 1168 2605 admirabiliaque
1224 2536 1368 2590 facta
1413 2537 1672 2601 edidisse,
1722 2539 2031 2608 cujusmodi

455 2640 631 2695 nuper
693 2626 797 2694 ipsi
852 2628 1224 2695 exposuimus,
1290 2628 1563 2700 talemque
1629 2631 1780 2685 illum
1841 2641 2033 2701 suapte

459 2715 614 2786 131
652 2725 847 2769 natura
897 2732 1107 2787 suaque
1157 2725 1353 2787 sponte
1400 2721 1703 2786 exstitisse,
1750 2738 1929 2792 neque
1964 2724 2033 2778 ab

453 2807 696 2876 antiquis
726 2809 1072 2879 compilasse,
1106 2827 1280 2881 neque
1307 2828 1338 2866 a
1370 2814 1524 2868 novis
1568 2815 1845 2886 magistris
1876 2815 2033 2885 adju-

454 2911 572 2957 tum
619 2903 809 2968 fuisse,
849 2908 942 2977 qui
987 2909 1139 2977 paria
1175 2923 1239 2962 ac
1274 2908 1472 2964 similia
1499 2920 1624 2966 ante
1657 2911 1836 2981 ipsum
1868 2927 2028 2967 exer-

453 2996 688 3061 cuerint,
730 2996 861 3066 quid
910 2998 1080 3063 aliud,
1117 3013 1322 3069 quaeso,
1354 3008 1458 3064 est,
1493 3001 1600 3056 nisi
1646 3001 1929 3057 testificari
1978 3012 2031 3057 et

456 3088 637 3151 fateri,
677 3088 921 3143 divinum
976 3092 1135 3160 plane
1169 3092 1426 3162 quiddam
1479 3094 1669 3159 fuisse,
1702 3109 2030 3164 omnemque

454 3178 738 3233 hominum
784 3189 1035 3234 naturam
1087 3197 1375 3252 superasse
1405 3184 1557 3238 illum
1593 3185 1659 3240 de
1692 3202 1801 3256 quo
1830 3187 2030 3256 quatri-

454 3271 614 3325 mus?
642 3271 709 3323 At
740 3272 885 3326 enim
933 3275 1223 3344 magistros
1273 3276 1424 3331 illum
1466 3276 1604 3332 dicis
1638 3279 1896 3333 habuisse
1929 3277 2031 3331 im-

455 3373 725 3434 postores,
743 3382 841 3420 nec
866 3367 933 3421 ab
956 3366 1332 3440 Egyptiorum
1364 3371 1632 3441 sapientia
1660 3370 2028 3437 abhorruisse,

456 3470 558 3511 nec
576 3472 694 3526 quae
715 3457 931 3512 illorum
961 3463 1261 3531 antiquitas
1283 3461 1472 3516 habuit
1495 3478 1697 3517 arcana
1724 3463 2028 3531 ignorasse,

456 3563 487 3603 a
519 3549 718 3619 quibus
746 3565 870 3604 cum
903 3552 1235 3623 collegisset,
1268 3553 1482 3623 qualem
1524 3552 1668 3607 fama
1718 3552 1823 3608 fert
1867 3553 2031 3607 talem

454 3640 719 3699 evasisse.
781 3641 894 3696 Cur
945 3644 1111 3714 igitur
1151 3647 1243 3700 alii
1304 3646 1438 3699 nulli
1484 3646 1578 3699 illo
1622 3646 2032 3715 prestantiorcs

454 3734 724 3804 magistri,
758 3736 851 3805 qui
884 3743 939 3789 et
984 3736 1135 3791 illum
1179 3746 1341 3793 aetate
1392 3737 1809 3800 antecesserint,
1849 3746 1903 3792 et
1931 3750 2031 3792 sua

451 3823 703 3880 doctrina
749 3827 1105 3892 instituerint,
1138 3837 1232 3884 aut
1283 3828 1340 3885 in
1375 3829 1633 3901 1Egypto,
1660 3838 1754 3883 aut
1796 3843 2031 3899 usquam

451 3915 603 3982 alibi,
639 3917 741 3972 visi
777 3918 938 3973 sunt?
960 3919 1072 3973 Cur
1101 3920 1266 3991 igitur
1294 3936 1402 3975 non
1435 3920 1503 3975 de
1526 3921 1636 3976 illis
1664 3935 1881 3991 quoque
1906 3928 2033 3977 ante

453 4008 617 4078 hujus
660 4010 1089 4075 accusationem,
1122 4010 1178 4064 in
1211 4026 1404 4067 omnes
1434 4011 1684 4067 homines
1723 4012 1867 4065 fama
1907 4027 2032 4081 per-

451 4099 634 4153 venit?
674 4114 773 4153 cur
810 4115 920 4153 non
969 4100 1094 4155 item
1141 4101 1358 4155 illorum
1413 4101 1555 4157 sicut
1613 4102 1786 4156 nostri
1842 4101 2029 4169 hujus,

452 4189 619 4243 etiam
649 4205 796 4244 nunc
825 4189 999 4260 gloria
1027 4190 1429 4258 canitur?Quis
1454 4206 1584 4248 vero
1606 4207 1846 4262 unquam
1893 4207 2032 4261 pra:-

454 4281 705 4350 stigiator
754 4297 945 4335 eorum
986 4283 1081 4352 qui
1135 4282 1361 4347 fuerint,
1396 4298 1464 4339 ex
1499 4298 1608 4353 quo
1652 4299 1745 4338 res
1780 4284 2032 4339 humanae

453 4385 690 4439 carpere,
725 4381 816 4425 aut
841 4374 983 4443 apud
1016 4374 1304 4437 barbaros,
1335 4382 1428 4428 aut
1453 4376 1596 4444 apud
1622 4374 1864 4438 Gmecos,
1895 4375 2031 4431 tales

454 4460 693 4515 instituit
745 4461 1065 4534 discipulos,
1112 4472 1206 4518 aut
1253 4463 1443 4518 talium
1501 4464 1680 4533 legum
1729 4463 2031 4530 taliumque

2057 3226 2100 3283 Β

2135 1810 2255 1862 οὐδέ
2277 1826 2342 1877 γε
2374 1810 2555 1880 ῥήτωρ
2580 1808 2653 1879 μὴ
2684 1806 3042 1879 μεμαθηκὼς,
3063 1806 3184 1859 οὐδέ
3207 1807 3485 1878 αὐτοφυὴς
3519 1807 3722 1880 ἰατρὸς,

2140 1901 2261 1956 οὐδὲ
2298 1902 2526 1963 τέκτων,
2557 1900 2664 1954 οὐδ’
2702 1901 2892 1972 ἐτέρας
2929 1900 3260 1971 δημιουργὸς
3291 1900 3504 1972 τέχνης.
3532 1902 3723 1955 Καίτοι

2145 1993 2318 2065 μικρά
2345 1991 2519 2045 ταῦτα
2553 1993 2647 2045 καὶ
2669 1991 2999 2063 ἀνθρώπεια.
3036 1990 3180 2044 Τὸδέ
3216 1992 3379 2060 φάναι
3407 1990 3497 2045 τὸν
3515 1990 3725 2064 ἀνθρώ-

2142 2100 2258 2136 πων
2284 2083 2564 2145 εὐσεϐείας
2585 2082 2818 2152 ἀληθοῦς
2843 2079 3161 2134 διδάσκαλον
3191 2079 3413 2134 τοιαῦτα
3452 2080 3725 2152 τεθαυμα-

2140 2176 2476 2246 τουργηκότα
2514 2173 2635 2227 καθ’
2679 2174 2737 2226 ὃν
2793 2172 3055 2242 ἐπεδήμει
3098 2170 3176 2241 τῷ
3217 2170 3315 2242 βίῳ
3364 2172 3575 2244 χρόνον,
3623 2172 3720 2226 καὶ⁵

2142 2268 2394 2333 τοιαύτας
2428 2267 2764 2339 παραδόξους
2806 2266 3089 2337 τερατείας
3126 2266 3479 2334 πεποιηκότα,
3515 2267 3581 2328 ἃς
3619 2267 3719 2337 ἁρ-

2140 2360 2268 2424 τίως
2346 2360 2692 2432 διεξήλθομεν
2722 2398 2736 2423 ,
2812 2361 2877 2413 ἐκ
2947 2358 3041 2411 τοῦ
3112 2357 3416 2428 αὐτομάτου
3474 2356 3716 2412 τοιοῦτον

2141 2452 2326 2523 φῆναι,
2371 2453 2508 2524 μήτε
2553 2453 2702 2523 παρὰ
2737 2450 2981 2505 παλαιῶν
3028 2448 3446 2522 ἐρανισάμενον,
3495 2450 3615 2519 μήτ’
3650 2450 3719 2503 ὲκ

2140 2544 2275 2600 νέων
2306 2544 2640 2597 διδασκάλων
2704 2542 3054 2612 ὡφελημένον
3077 2582 3091 2605 ,
3149 2541 3219 2594 τὰ
3262 2541 3421 2611 ὃμοια
3478 2541 3571 2594 καὶ
3614 2539 3721 2612 πρὸ

2139 2638 2304 2695 αὐτοῦ
2350 2638 2770 2707 πεποιηκότων,
2803 2636 2853 2688 τί
2900 2634 3086 2705 ἄλλοῆ
3140 2633 3556 2706 μαρτυρούντων
3605 2632 3723 2687 ἐστὶ

2139 2732 2233 2785 καὶ
2257 2729 2662 2801 ὁμολογούντων
2683 2729 2825 2782 θεῖον
2847 2726 3062 2797 ἀληθῶς
3089 2727 3277 2797 χρῆμα
3300 2726 3600 2794 γεγονέναι,
3627 2725 3722 2780 καὶ

2139 2826 2319 2877 πᾶσαν
2363 2822 2651 2894 ἀνθρώπου
2710 2822 2870 2890 φύσιν
2920 2818 3352 2891 ὑπερϐεϐηκέναι
3385 2818 3493 2871 τὸν⁴
3529 2817 3720 2887 δηλού-

2142 2930 2332 2985 μενονς
2379 2912 2541 2965 Ἀλλὰ
2565 2912 2904 2973 διδασκάλοις
2936 2909 3096 2962 αὐτὸν
3141 2909 3246 2979 φῂς
3288 2907 3716 2978 προσεσχηκέναι

2139 3001 2380 3064 πλάνοις,
2416 3000 2551 3071 μηδέ
2588 3001 2767 3053 λαθεῖν
2797 2999 2959 3053 αὐτὸν
2987 2997 3053 3050 τὰ
3078 2998 3216 3065 σοφὰ
3244 2996 3352 3050 τῶν
3381 2994 3713 3064 Αἰγυπτίων,

2137 3093 2231 3147 καὶ
2262 3092 2370 3145 τῶν
2400 3092 2568 3146 πάλαι
2603 3092 2733 3161 παρ’
2772 3093 2955 3155 αὐτοῖς
2982 3088 3283 3159 λεγομένων
3312 3088 3380 3140 τὰ
3409 3087 3715 3158 ἀπόρρητα,

2139 3188 2267 3259 παρ’
2299 3180 2373 3240 ὧν
2409 3185 2834 3255 συλλεξάμενον,
2883 3183 3049 3249 ἄνδρα
3085 3181 3322 3234 τοιοῦτον
3354 3177 3464 3233 οἷον
3494 3182 3522 3232 ό
3560 3179 3716 3247 λόγος

2135 3278 2481 3349 παρίστησιν,
2513 3275 2915 3345 ἀποδειχθῆναι.
2940 3272 3003 3325 Τί
3033 3273 3167 3342 δῆτα
3194 3266 3309 3336 οὐνς
3332 3267 3368 3343 ἦ
3399 3288 3542 3333 τινες
3568 3271 3716 3325 ἄλλοι

2134 3372 2413 3444 κρείττους
2453 3368 2616 3422 αὐτοῦ
2663 3369 2954 3438 πεφήνασι,
2984 3365 3076 3419 καὶ
3117 3364 3369 3436 πρότεροι
3412 3363 3490 3435 τῷ
3514 3364 3709 3435 χρόνῳ,

2133 3464 2229 3517 καὶ
2266 3461 2428 3515 αὐτοῦ
2477 3460 2820 3521 διδάσκαλοι,
2870 3457 2967 3510 εἴτ’
2999 3458 3085 3509 ἐπ’
3124 3455 3432 3523 Αἰγύπτου,
3466 3454 3565 3507 εἴθ’
3605 3455 3711 3526 ὅπη

2132 3549 2229 3618 δή;
2259 3548 2323 3601 Τί
2352 3543 2443 3601 οὖν
2464 3547 2583 3617 οὐχὶ
2608 3546 2876 3599 κάκείνων
2904 3544 3007 3616 πρὸ
3037 3545 3137 3615 τῆς
3162 3543 3350 3597 τούτου
3380 3543 3714 3615 κατηγορίας

2134 3639 2367 3707 ἔφθασεν
2391 3641 2470 3702 είς
2494 3639 2700 3701 πάντας
2726 3636 3099 3709 ἁνθρώπουςή
3130 3639 3285 3708 φήμη
3308 3654 3323 3703 ;
3349 3637 3382 3708 ἢ
3409 3636 3462 3690 τί
3495 3637 3568 3708 μὴ
3596 3636 3717 3708 οὐχὶ

2134 3733 2399 3787 κάκείνων
2442 3732 2609 3786 εἰσέτι
2661 3731 2755 3786 νῦν
2796 3731 2859 3783 τὸ
2914 3730 3072 3793 κλέος
3106 3731 3292 3801 ᾅδεται
3337 3728 3417 3800 τῷ
3466 3729 3717 3801 ἡμετέρῳ

2134 3824 2559 3896 παραπλησίως;
2594 3822 2691 3886 Τίς
2719 3822 2777 3876 δὲ
2818 3820 2926 3875 τῶν
2959 3821 3054 3874 ἀπ’
3094 3821 3289 3884 αἰῶνος
3317 3820 3535 3874 πώποτε
3560 3822 3715 3892 γόης,

2135 3914 2410 3987 βάρϐαρος
2453 3913 2487 3984 ἢ
2521 3910 2756 3982 Ἕλλην,
2805 3911 3062 3965 τοιούτων
3100 3911 3340 3982 κατέστη
3397 3910 3715 3972 διδάσκαλος

2133 4007 2421 4078 φοιτητῶν,
2453 4006 2546 4059 καὶ
2582 4005 2839 4060 τοιούτων
2870 4006 3171 4076 νόμωνκαὶ
3202 4006 3377 4074 λόγων
3411 4003 3675 4071 αὐθέντης
3698 4040 3714 4066 ,

2131 4100 2257 4152 οἴων
2308 4097 2470 4169 ήτοῦ
2526 4098 2777 4168 Σωτῆρος
2838 4097 2993 4168 ἡμῶν
3041 4095 3402 4149 ἐπιδέδεικται
3451 4093 3711 4160 δύναμιςς

2144 4192 2336 4255 ’ἰάσεις
2355 4189 2411 4243 δὲ
2431 4189 2654 4243 τοσάσδε
2675 4189 2770 4241 καὶ
2789 4188 3127 4261 παραδόξους
3143 4184 3461 4257 εὐεργεσίας
3479 4180 3711 4244 τοιάσδε,

2130 4285 2249 4347 οἵας
2274 4285 2303 4337 ὁ
2344 4283 2614 4354 ἡμέτερος
2655 4279 2968 4350 πεποιηκὼς
3015 4277 3433 4349 μνημονεύεται,
3473 4274 3555 4339 τίς
3595 4272 3711 4327 πώ-
3790 4268 3795 4275 ’

2131 4393 2263 4429 ποτε
2300 4371 2739 4444 διαπραξάμενος
2768 4374 3087 4442 ίστορεῖται;
3113 4369 3267 4432 Τίνος
3292 4368 3350 4421 δὲ
3379 4369 3427 4420 οἱ
3448 4366 3714 4438 γνώριμοι

2132 4470 2225 4523 καὶ
2251 4468 2362 4520 τῶν
2388 4467 2729 4538 πραγμάτων
2754 4464 3039 4526 αὐτόπται,
3058 4462 3145 4516 διά
3167 4461 3338 4532 πυρὸς
3362 4460 3459 4514 καὶ⁵
3493 4460 3712 4531 σιδήρου

456 4563 845 4625 prteceptorum
876 4564 1071 4611 auctor
1100 4556 1221 4621 fuit,
1249 4556 1494 4626 qualium
1532 4556 1703 4610 fuisse
1732 4554 2029 4608 Salvatoris

2137 4558 2358 4629 δοκιμῆς
2385 4557 2484 4627 τὴν
2518 4555 2658 4627 ὑπὲρ
2685 4548 2758 4609 ὧν
2776 4552 3161 4625 ἐμαρτύρησαν
3193 4551 3448 4623 ἀλήθειαν
3476 4550 3711 4603 ἐπιστώ-

453 4648 629 4703 nostri
677 4649 851 4703 virtus
906 4650 1246 4705 ostenditur?
1296 4657 1391 4704 aut
1438 4650 1564 4719 quis
1617 4663 1858 4717 unquam
1919 4655 2031 4701 tam

454 4740 641 4794 multis
671 4740 916 4805 medelis,
947 4750 1058 4795 tam
1083 4742 1432 4797 mirabilibus
1458 4739 2032 4810 beneficentiis,quam

453 4831 542 4885 hic
584 4841 772 4887 noster
803 4830 1021 4887 functus
1055 4833 1420 4887 memoratur?
1448 4833 1617 4902 Cujus
1651 4841 1830 4887 autem
1876 4831 2034 4884 fami-

454 4922 619 4978 liares
656 4924 798 4994 ignis
831 4924 1074 4994 ferrique
1101 4925 1427 4994 probatione
1457 4939 1646 4980 earum
1677 4938 1860 4978 rerum
1895 4936 2032 4991 quas

457 5017 883 5071 testiﬁcarentur
907 5018 1191 5073 veritatem
1222 5017 1298 5071 ita
1328 5019 1747 5079 conlirmarunt,
1770 5024 1828 5069 ut
1859 5013 2031 5069 nostri

456 5106 760 5164 Salvatoris
789 5108 1066 5179 discipuli,
1098 5109 1191 5179 qui
1219 5109 1402 5164 omnia
1435 5109 1655 5179 quidem
1690 5107 1888 5180 probra
1912 5121 2033 5177 per-

453 5200 721 5266 tulerunt,
746 5201 928 5255 omnia
979 5214 1111 5256 vero
1158 5208 1557 5254 tormentorum
1596 5212 1794 5269 genera
1834 5197 2035 5251 tolera-

457 5298 607 5357 t'unt,
629 5297 682 5345 et
710 5289 943 5362 denique
969 5291 1249 5361 proprium
1278 5290 1599 5360 sanguinem
1626 5285 1953 5349 eﬂuderunt,
1975 5294 2035 5340 ut

456 5398 579 5454 quae
625 5383 728 5452 ipsi
787 5385 1062 5439 testificati
1098 5393 1282 5439 essent
1313 5377 1739 5438 confirmarent?
1766 5378 2035 5434 Praeterea

456 5473 773 5543 quicunque
816 5473 945 5527 huic
993 5482 1193 5528 nostra:
1235 5474 1435 5527 rationi
1489 5472 1827 5534 adversatur,
1864 5468 2031 5532 dicat,

457 5579 665 5634 quaeso,
695 5563 821 5634 quis
869 5580 1111 5635 unquam
1160 5565 1523 5635 praestigiator
1578 5561 1770 5617 saltem
1821 5559 1877 5613 in
1910 5560 2031 5613 ani-

459 5669 608 5707 mum
641 5654 961 5723 induxit,dc
996 5658 1217 5727 proprio
1271 5657 1493 5711 nomine
1549 5666 1609 5707 se
1660 5666 1813 5705 nova:
1845 5651 2035 5722 cujus-

458 5743 587 5799 dam
643 5746 821 5815 gentis
871 5746 1160 5803 factionem
1228 5744 1715 5817 comparaturum?
1765 5741 1880 5799 lloc
1936 5757 2035 5796 au-

461 5843 571 5892 tem
622 5837 801 5908 ipsum
859 5836 1168 5907 quempiam
1231 5853 1347 5893 non
1401 5838 1564 5895 modo
1607 5835 1901 5907 cogitasse,
1937 5835 2033 5893 sed

2134 4665 2317 4714 σαντο,
2355 4645 2640 4717 ιῦσπεροῦν
2696 4647 2745 4698 οἱ
2792 4645 2885 4697 τοῦ
2946 4643 3195 4715 Σωτῆρος
3245 4640 3402 4713 ήμῶν
3448 4641 3708 4713 μαθηταὶ,

2133 4739 2311 4802 πάσας
2348 4738 2444 4808 μὲν
2491 4737 2675 4801 αἰκίας
2721 4735 3078 4798 ἀνατλάντες,
3116 4736 3294 4798 πάσας
3351 4734 3408 4787 δὲ
3465 4733 3713 4803 βασάνων

2136 4831 2279 4893 ἰδέας
2312 4829 2723 4898 ὑπομείναντες,
2748 4829 2840 4883 καὶ
2869 4828 3022 4891 τέλος
3046 4825 3133 4879 διὰ
3166 4825 3259 4879 τοῦ
3298 4826 3426 4879 ἰδίου
3460 4826 3710 4897 αἵματος,

2131 4921 2199 4974 τὰ
2239 4921 2367 4992 περῖ⁹
2395 4919 2556 4973 αὐτοῦ
2593 4918 3014 4991 μαρτυρηθέντα
3042 4919 3229 4982 αὐτοῖς
3276 4920 3711 4990 πιστωσάμενοι;

2137 5013 2257 5064 Ἔτι
2287 5011 2425 5082 πρὸς
2457 5011 2686 5077 τούτοις,
2714 5014 2743 5064 ό
2766 5011 2842 5082 τῷ
2869 5010 2936 5063 δι’
2966 5010 3213 5073 ἐναντίας
3235 5012 3365 5082 ἡμῖν
3401 5010 3543 5082 λόγῳ
3573 5029 3713 5083 παρ-

2134 5104 2419 5175 ιστάμενος
2469 5104 2697 5172 λεγέτω,
2745 5105 2829 5168 τίς
2874 5105 2982 5158 τῶν
3014 5103 3230 5157 πώποτε
3262 5106 3473 5175 γοήτων
3500 5102 3600 5157 κᾶν
3632 5105 3713 5166 εἰς

2134 5196 2257 5248 νοῦν
2282 5196 2506 5250 ἐϐάλετο
2528 5196 2649 5250 νέου
2684 5195 2871 5261 έθνους
2908 5196 3001 5249 ἐπὶ
3032 5196 3218 5265 οἰκείῳ
3253 5196 3476 5266 ὀνόματι
3515 5194 3707 5247 σύστα-

2136 5305 2219 5341 σιν
2243 5287 2598 5359 ποιήσασθαις
2628 5287 2701 5340 Τὸ
2725 5287 2781 5340 δὲ
2811 5286 2886 5358 μὴ
2917 5287 3073 5357 μόνον
3094 5288 3340 5358 ἐννοῆσαι
3369 5284 3544 5348 τοῦτο,
3576 5284 3708 5338 ἀλλὰ

2134 5382 2228 5433 καὶ
2260 5379 2605 5450 κατορθῶσαι
2631 5380 2691 5433 τὸ
2726 5380 3007 5451 βουληθὲν,
3043 5380 3159 5444 πῶς
3205 5380 3264 5431 οὐ
3294 5379 3473 5430 πᾶσαν
3503 5375 3685 5447 ἀνθρώ

2134 5488 2235 5523 που
2270 5470 2530 5524 καλύπτοι
2579 5471 2646 5524 ἂν
2682 5470 2875 5541 φύσιν;
2917 5471 3188 5526 Βασιλέων
3221 5470 3276 5523 δέ
3322 5469 3572 5538 δόγμασι,
3616 5468 3709 5521 καὶ

2136 5559 2378 5614 παλαιῶν
2409 5562 2731 5633 νομοθετῶν,
2769 5564 3074 5632 φιλοσόφων
3107 5579 3166 5615 τε
3196 5561 3288 5614 καὶ
3332 5560 3589 5630 ποιητῶν,
3617 5558 3709 5610 καὶ

2136 5647 2400 5719 θεολόγων
2422 5652 2482 5717 ἐξ
2509 5654 2755 5717 ἐναντίας
2784 5653 2971 5708 θέσθαι
2990 5652 3189 5723 νόμους
3207 5650 3334 5713 τοὺς
3358 5650 3478 5703 κατ’
3499 5647 3710 5701 εἰδωλο-

2135 5730 2424 5815 λατρείαςξ
2479 5746 2574 5799 καὶ
2605 5746 2830 5810 τούτους
2881 5744 3183 5817 κρατῦναι.
3226 5743 3471 5813 ἀμάχους
3511 5757 3570 5793 τε
3618 5737 3712 5793 καὶ

2136 5836 2435 5910 ἀηττήτους
2466 5840 2544 5902 είς
2588 5839 2796 5912 μακρὸν
2830 5835 3090 5901 ἐπιδεῖξαι
3131 5834 3322 5902 αίῶνα,
3365 5836 3449 5899 τίς
3493 5832 3709 5887 πώποτε
3775 5824 3783 5839 “
