4126 6442
358 388 465 442 233

355 608 459 660 οὐκ
487 605 743 677 ἐνενόησε
776 606 894 677 μὲν,
922 607 982 660 οὐ
1011 607 1314 678 τετόλμηκε
1339 608 1396 661 δὲ
1423 610 1795 681 ἐπιχειρῆσαι·
1820 608 1934 663 ἀλλ’

358 702 483 755 οὐδὲ
503 699 826 771 ἐπεχείρησε
854 700 974 771 μὲν,
1000 701 1059 753 οὐ
1083 700 1409 773 κατώρθωσε
1436 701 1522 755 δέ·
1547 702 1628 755 ἐνὶ
1652 702 1708 755 δὲ
1733 704 1936 774 ῥήματι

363 793 462 846 καὶ
512 794 610 864 μιᾷ
653 794 800 863 φωνῇ
842 792 1019 864 φήσας
1052 792 1184 862 πρὸς
1238 793 1364 856 τοὺς
1414 794 1607 848 ἐαυτοῦ
1651 792 1930 864 μαθητάς·

374 902 393 935 ι
427 882 787 954 Πορευθέντες
840 881 1217 953 μαθητεύσατε
1265 883 1442 938 πάντα
1486 884 1554 938 τά
1590 883 1715 957 ἔθνη
1757 886 1814 938 ἐν
1859 884 1937 956 τῷ

364 973 586 1045 ὀνόματί
619 990 756 1044 μου,
793 972 1135 1037 διδάσκοντες
1168 975 1363 1039 αὐτοὺς
1393 979 1581 1045 τηρεῖν
1620 976 1795 1031 πάντα
1836 977 1937 1029 ὅσα

368 1064 714 1135 ἐνετειλάμην
755 1065 905 1136 ὑμῖν,
932 1085 951 1117 ι
1002 1064 1161 1136 ἔργον
1192 1067 1364 1138 ἐπῆγε
1407 1067 1486 1138 τῷ
1527 1067 1689 1139 λόγῳ,
1737 1068 1935 1124 αὐτίκα

366 1174 425 1210 τε
462 1156 828 1228 ἐμαθητεύετο
859 1159 916 1213 ἐν
958 1158 1124 1229 ὀλίγῳ
1160 1160 1269 1213 πᾶν
1300 1159 1456 1229 γένος
1488 1162 1751 1234 Ἑλλήνων
1798 1161 1934 1232 ὁμοῦ

366 1251 456 1303 καὶ
488 1250 812 1322 βαρϐάρων,
861 1252 958 1306 καὶ
1008 1251 1162 1322 νόμοι
1208 1254 1343 1306 πᾶσι
1389 1256 1501 1318 τοῖς
1542 1253 1720 1308 ἔθνεσι
1779 1271 1937 1308 κατε-

364 1341 675 1413 σπείροντο,
723 1342 953 1396 ἐναντίοι
993 1345 1059 1414 τῇ
1092 1342 1204 1397 τῶν
1239 1344 1485 1400 παλαιῶν
1512 1347 1931 1418 δεισιδαιμονίαι

359 1430 511 1504 νόμοι
543 1434 816 1505 δαιμόνων
857 1436 1104 1507 πολέμιοι
1131 1439 1226 1491 καὶ
1251 1442 1432 1509 πάσης
1460 1438 1642 1511 ἐχθροὶ
1675 1437 1934 1493 πολυθέου

361 1523 569 1597 πλάνης
593 1541 607 1555 ·
639 1525 794 1596 νόμοι
827 1526 1070 1592 Σκυθῶν,
1099 1528 1195 1583 καί
1226 1526 1470 1599 Περσῶν,
1505 1528 1599 1583 καὶ
1624 1527 1731 1581 τῶν
1762 1528 1936 1584 ἄλλων

362 1612 651 1689 βαρϐάρων
680 1618 1061 1691 σωφρονισταὶ,
1092 1620 1482 1692 άποτρεπτικοί
1521 1637 1584 1673 τε
1623 1620 1804 1693 πάσης
1840 1622 1934 1675 ἐκ·

326 1730 339 1731 ί
360 1706 563 1780 θέσμου
597 1712 693 1763 καὶ
718 1710 1016 1782 θηριώδους
1036 1712 1247 1785 διαίτης
1270 1730 1283 1743 ·
1321 1713 1474 1785 νόμοι
1509 1712 1617 1767 τῶν
1648 1712 1708 1778 ἐξ
1739 1713 1933 1777 αἰῶνος

359 1801 490 1873 παρ’
520 1801 704 1867 αὐτοῖς
738 1802 992 1875 ’Ἓλλησιν
1023 1804 1160 1859 ἐθῶν
1208 1804 1618 1876 άνατρεπτικοὶ,
1651 1804 1846 1875 καινῆς
1875 1804 1934 1858 δὲ

362 1892 455 1946 καὶ
483 1891 717 1963 ἀληθοῦς
758 1894 1036 1960 εὐσεϐείας
1082 1896 1519 1965 καταγγελτικοί.
1562 1896 1628 1950 Τί
1667 1896 1801 1969 δῆτα
1842 1892 1935 1951 οῦν

361 1988 472 2050 τοῖς
501 1986 671 2041 πάλαι
699 1987 857 2058 γόησι
894 1989 998 2061 πρὸ
1029 1989 1138 2042 τῶν
1166 1989 1258 2043 τοῦ
1295 1989 1468 2060 Ἰησοῦ
1514 1989 1739 2060 χρόνων,
1765 1989 1799 2059 ἢ
1840 1990 1935 2042 καὶ

363 2076 500 2147 μετὰ
527 2078 700 2132 ταῦτα
720 2078 979 2144 τοιοῦτον,
1002 2079 1035 2150 ἦ
1059 2080 1153 2132 καὶ
1179 2076 1559 2150 παραπλήσιον
1583 2076 1930 2148 τετόλμηται,

360 2169 437 2233 ὡς
458 2170 693 2235 εἰκότως*
714 2170 877 2240 φάναι
910 2171 1072 2224 αὐτὸν
1111 2171 1241 2242 παρ’
1278 2170 1480 2241 ἐτέρων
1505 2168 1819 2239 ὠφελῆσθαι
1864 2168 1933 2223 τὰ

358 2261 459 2333 τῆς
481 2264 766 2334 γοητείας;
808 2265 872 2317 Εἰ
903 2264 946 2317 δ’
990 2265 1178 2318 οὐδένα
1206 2264 1271 2319 ἄν
1302 2279 1385 2326 τις
1426 2261 1540 2332 ἔχοι
1581 2261 1758 2329 λέγειν
1786 2259 1934 2332 αὐτῷ

359 2354 640 2423 γεγονέναι
684 2356 867 2425 ὅμοιον
905 2356 1117 2426 (οὐδεὶς
1152 2354 1261 2427 γὰρ
1299 2351 1366 2425 ἦν
1425 2351 1576 2423 αὐτῷ
1619 2352 1790 2416 αἴτιος
1834 2353 1934 2423 τῆς

361 2446 626 2517 τοσαύτης
657 2448 922 2518 ἀρετῆς),
957 2447 1075 2518 ὥρα
1122 2446 1413 2519 τοιγαροῦν
1448 2446 1729 2518 ὁμολογεῖν
1777 2442 1932 2518 ξένην
1998 2514 2003 2519 ἢ

361 2536 484 2591 τινὰ
509 2539 603 2591 καὶ
633 2538 783 2592 θείαν
808 2538 968 2607 φύσιν
993 2538 1447 2609 ἐπιδεδημηκέναι
1468 2536 1545 2607 τῷ
1583 2537 1702 2608 βίῳ,
1794 2539 1931 2612 μόνῃ

363 2629 457 2681 καὶ
490 2627 684 2702 πρώτῃ
714 2629 783 2683 τὰ
822 2628 1182 2701 μηδεπώποτε
1217 2630 1347 2701 παρ’
1386 2628 1692 2700 ἀνθρώποις
1727 2647 1935 2701 μνημο-

360 2717 614 2771 νευθέντα
633 2717 1009 2791 κατώρθωται.
1039 2718 1196 2773 Ἀλλὰ
1226 2719 1509 2775 καὶταῦτα
1535 2721 1634 2792 μὲν
1657 2714 1758 2775 ὧδε
1783 2720 1934 2785 τέλος

358 2806 547 2878 ἐχέτω.

1263 388 1915 447 DEMONSTRATIONIS
1956 390 2420 448 EVANGEIJCAS
2474 392 2604 450 LIB.
2646 393 2737 450 lli.

355 512 569 584 γοήτων
601 509 967 581 διανενόηται;
1011 508 1069 564 '0
1100 511 1157 565 δὲ
1181 512 1374 585 Σωτὴρ
1406 514 1500 566 καὶ
1540 513 1746 583 Κύριος
1782 514 1931 585 ἡμῶν

2044 518 2207 572 etiam
2239 515 2535 587 perfecisse
2577 534 2677 574 suo
2712 517 3003 583 arbitratu,
3039 535 3140 574 cur
3168 535 3276 575 non
3306 513 3474 577 totam
3516 524 3616 579 ho-
3722 514 3729 519 ’

3400 402 3616 488 ,εει

2039 609 2207 663 minis
2269 616 2519 664 naturam
2568 610 2827 681 eﬂ‘ugiat?
2863 610 3103 669 Decretis
3153 628 3282 669 vero
3313 621 3368 668 et
3401 629 3613 685 regum,

2037 707 2092 755 et
2128 714 2318 754 eorum
2368 701 2463 771 qui
2507 701 2653 773 leges
2703 702 2917 773 priscas
2952 703 3317 768 condiderint,
3350 713 3406 760 et
3438 705 3616 777 philo-

2038 791 2356 860 s0pborum,
2391 800 2445 847 et
2472 800 2779 862 poetarum,
2809 801 2864 850 et
2893 794 3268 865 theologorum
3310 796 3616 852 contrarias

2037 882 2183 953 leges
2213 897 2433 953 ponere,
2461 900 2584 954 quae
2603 885 3025 942 simulacrorum
3046 887 3252 942 cultum
3278 896 3612 961 oppugnent.

2037 989 2265 1046 quaeque
2299 976 2446 1047 quod
2475 977 2666 1033 volunt
2693 978 2997 1047 obtineant,
3027 979 3357 1051 easdemque
3384 981 3615 1054 inexpu-

2036 1066 2304 1137 gnabiles.
2331 1075 2385 1121 et
2414 1066 2647 1125 invictas
2677 1068 2734 1125 in
2765 1077 3086 1140 perpetuum
3115 1071 3617 1145 constituere,quis

2036 1174 2101 1215 ex
2140 1160 2397 1216 omnibus
2446 1162 2541 1232 qui
2584 1177 2826 1233 unquam
2877 1161 3100 1226 fuerint,
3130 1165 3496 1236 praestigiator
3520 1180 3617 1223 co-

2034 1252 2263 1325 gitavit?
2290 1254 2359 1307 At
2405 1253 2553 1309 enim
2606 1253 2858 1309 Salvator
2888 1269 2955 1310 ac
2997 1254 3261 1313 Dominus
3290 1265 3477 1315 noster
3502 1274 3615 1316 non

2036 1345 2119 1402 sic
2153 1344 2371 1416 quidem
2413 1346 2674 1416 cogitavit
2700 1346 2826 1409 hoc,
2863 1344 2922 1400 iit
2944 1354 3136 1416 postea
3165 1348 3386 1419 aggredi
3407 1364 3518 1406 non
3542 1352 3616 1409 sit

2030 1452 2240 1503 ausus;
2270 1451 2450 1506 neque
2476 1452 2605 1492 vero
2633 1437 2714 1492 sic
2740 1451 3034 1508 aggressus
3061 1443 3165 1505 es't,
3191 1448 3252 1495 ut
3286 1448 3476 1511 postea
3501 1458 3615 1501 non

2036 1526 2323 1598 perfecerit
2354 1547 2368 1582 :
2399 1526 2497 1584 sed
2523 1543 2635 1583 uno
2660 1530 2829 1585 verbo
2859 1544 3077 1600 unaque
3105 1545 3237 1586 voce
3280 1546 3405 1587 cum
3437 1532 3614 1592 dixis-
3696 1542 3717 1559 “

2036 1628 2122 1674 set
2178 1618 2247 1673 ad
2306 1633 2439 1674 suos
2499 1618 2852 1690 discipulos:
2893 1619 3051 1690 132
3108 1639 3129 1674 ‹
3180 1619 3279 1687 Ite,
3342 1623 3616 1682 instituite

2035 1724 2227 1766 omnes
2252 1717 2442 1781 gentes
2482 1709 2539 1765 in
2579 1711 2800 1768 nomine
2849 1728 2992 1781 meo,
3035 1713 3295 1772 docentes
3349 1730 3444 1773 eas
3495 1731 3618 1773 ser-

2035 1814 2165 1855 vare
2187 1814 2529 1869 quaecunque
2553 1799 2806 1856 mandavi
2825 1802 2982 1858 vobis
2995 1802 3064 1868 3°,
3086 1822 3105 1855 ι
3126 1805 3294 1861 verbo
3308 1820 3422 1862 rem
3452 1813 3616 1877 atque

2039 1889 2335 1946 efﬁcaciam
2396 1888 2599 1961 adjecit
2629 1907 2644 1943 :
2674 1897 2841 1963 atque
2874 1893 3140 1965 evestigio
3177 1895 3234 1949 in
3267 1895 3617 1967 disciplinam

2040 1980 2190 2035 venit
2244 1979 2399 2035 brevi
2454 1986 2702 2051 tempore
2738 1997 2902 2038 omne
2932 1997 3106 2055 genus
3143 1991 3197 2039 et
3222 1984 3535 2043 Graecorum
3561 1995 3620 2044 et

2039 2069 2397 2123 barbarorum
2432 2085 2447 2122 :
2480 2076 2535 2123 et
2580 2069 2727 2140 leges
2758 2072 2815 2126 in
2851 2080 3082 2129 cunctas
3102 2073 3351 2131 nationes
3370 2076 3621 2133 dissemi-

2040 2169 2185 2216 nata:
2209 2168 2357 2228 sunt,
2386 2162 2626 2232 antiquae
2640 2164 3020 2234 superstitioni
3041 2166 3395 2225 adversantes
3426 2186 3441 2224 :
3471 2169 3618 2245 leges

2039 2254 2347 2312 daemonum
2389 2256 2835 2328 oppugnatrices,
2887 2265 2943 2313 et
2989 2259 3169 2315 omnis
3212 2259 3269 2315 in
3316 2260 3618 2317 multorum

2038 2345 2267 2401 deorum
2300 2347 2451 2402 cultu
2489 2346 2696 2402 erroris
2728 2347 2964 2403 inimica:
2991 2366 3005 2402 :
3033 2348 3181 2423 leges
3211 2347 3542 2422 Scytharum
3564 2359 3621 2408 et

2037 2436 2330 2494 Persarum
2359 2445 2414 2495 et
2440 2438 2676 2493 aliorum
2726 2438 3085 2495 barbarorum
3123 2440 3535 2507 moderatrices,
3564 2449 3620 2498 et

2037 2546 2159 2601 quae
2201 2530 2583 2586 damnaverint
2632 2546 2848 2587 omnem
2904 2531 2974 2588 ab
3002 2532 3151 2587 omni
3203 2532 3329 2603 jure
3378 2533 3619 2590 alierum

2037 2636 2103 2677 ac
2129 2621 2365 2678 ferinum
2393 2620 2597 2677 victum
2623 2639 2637 2675 :
2663 2621 2812 2691 leges
2856 2637 2979 2693 quae
3017 2624 3315 2679 everterint
3359 2639 3620 2694 quaecun-

2037 2730 2145 2787 que
2193 2714 2444 2771 instituta
2493 2713 2786 2770 habuerint
2840 2712 3015 2771 Grzeci
3065 2716 3135 2771 ab
3184 2715 3341 2773 initio
3390 2717 3618 2773 humani

2042 2807 2298 2881 generis,
2349 2814 2406 2864 et
2459 2821 2660 2863 novam
2710 2821 3007 2880 veramque
3070 2807 3323 2879 pietatem
3389 2808 3614 2864 induxe-

358 2900 489 2956 rint.
524 2901 637 2957 Cur
690 2902 856 2974 igitur
918 2908 1157 2977 antiquis
1211 2905 1700 2976 praestigiatoribus
1762 2912 1888 2959 ante
1916 2902 2049 2960 Jesu
2077 2911 2345 2974 tempora,
2400 2908 2498 2957 aut
2545 2900 2709 2957 etiam
2754 2907 2900 2972 post,
2962 2900 3100 2956 nihil
3155 2901 3262 2956 tale
3300 2906 3395 2956 aut
3437 2900 3616 2956 simile

358 2993 656 3065 inemptum
687 3005 789 3061 est,
829 3003 887 3049 ut
917 2997 1273 3068 probabiliter
1304 2997 1572 3053 aﬂirmare
1609 2996 1907 3067 possimus,
1930 2995 2085 3050 illum
2115 2994 2187 3050 ab
2215 2994 2338 3050 aliis
2372 2994 2429 3050 in
2462 2995 2531 3051 iis
2584 3010 2707 3066 quae
2767 2993 2835 3049 ad
2866 2993 3169 3065 praestigias
3204 2994 3479 3065 pertinent
3516 2994 3613 3061 ad,—

352 3083 534 3155 jutum
573 3086 781 3143 fuisse?
821 3088 976 3155 Quod
1006 3091 1054 3145 si
1118 3104 1278 3145 nemo
1334 3088 1413 3144 illi
1479 3088 1711 3143 similem
1743 3087 2053 3158 quempiam
2081 3084 2329 3157 proferre
2357 3087 2533 3156 possit
2565 3087 2772 3158 (nullus
2808 3086 2954 3142 enim
2985 3086 3063 3140 illi
3087 3095 3250 3144 tanta:
3279 3095 3471 3143 auctor
3497 3087 3610 3142 vir-

361 3178 541 3249 tutis),
569 3178 681 3247 jam
715 3184 859 3250 ergo
886 3180 1164 3237 fatendum
1194 3183 1285 3248 sit,
1338 3182 1655 3239 inusitatam
1703 3178 1997 3252 quamdam
2039 3178 2391 3249 divinamque
2439 3186 2694 3233 naturam
2748 3179 2892 3235 inter
2950 3179 3201 3236 homines
3246 3193 3371 3235 esse
3414 3194 3605 3236 versa-

353 3273 492 3334 tam,
563 3283 683 3339 qua:
740 3269 857 3325 sola
896 3277 951 3325 ct
988 3271 1163 3341 prima
1195 3286 1258 3326 ea
1291 3286 1413 3342 quae
1458 3285 1740 3340 nunquam
1784 3269 2038 3325 humanis
2090 3269 2322 3324 auribus
2380 3269 2569 3324 audita
2607 3269 2738 3335 sint,
2774 3269 3083 3341 perfecerit.
3120 3269 3186 3325 Et
3233 3270 3351 3327 hac
3394 3272 3613 3344 quidem

358 3360 642 3419 hactenus.
3152 3354 3153 3357 η

426 3454 594 3509 Πάλιν
623 3454 680 3508 δὲ
710 3455 803 3508 ἐπὶ
829 3453 920 3508 τὸν
947 3455 1012 3509 δι’
1036 3456 1284 3521 ἐναντίας
1320 3457 1480 3523 ἰτέον,
1511 3458 1812 3531 ἐρωτητέω
1842 3477 1923 3525 τε,

2098 3458 2256 3515 Nunc
2305 3475 2502 3516 rursus
2562 3460 2958 3517 contradicenti
3021 3461 3336 3519 adversario
3395 3462 3612 3519 obviam

357 3550 538 3604 εἴποτε
565 3549 861 3621 ὀφθαλμοῖς
891 3547 1050 3615 οἶδεν,
1085 3551 1119 3624 ἢ
1158 3554 1294 3625 ἀκοῇ
1325 3553 1466 3623 έγνω
1501 3556 1704 3627 γόητάς
1744 3574 1805 3610 τε
1835 3557 1927 3611 καὶ

357 3641 683 3713 φαρμακέας
709 3642 831 3713 δίχα
860 3643 1097 3698 σπονδῶν
1124 3646 1218 3699 και)⁵
1254 3646 1507 3718 θυμάτων
1540 3648 1635 3702 καὶ
1662 3648 1929 3720 δαιμόνων

356 3732 695 3807 ἐπικλήσεώς
724 3752 785 3789 τε
808 3735 902 3789 καὶ
931 3738 1232 3808 παρουσίας
1261 3738 1638 3811 γοητεύοντας.
1658 3742 1803 3812 Μήτι
1835 3736 1927 3795 οὖν

356 3828 451 3881 καί¹
503 3826 643 3881 κατὰ
693 3827 786 3881 τοῦ
826 3828 1078 3900 Σωτῆρος
1121 3830 1300 3901 ήμῶν,
1348 3831 1383 3901 ἢ
1427 3832 1568 3885 κατά
1614 3831 1722 3885 τῶν
1763 3833 1926 3887 αὐτοῦ

353 3917 604 3990 λόγων,ἢ
637 3917 778 3972 κατὰ
806 3918 914 3972 τῶν
955 3919 1124 3971 εἰσέτι
1163 3919 1258 3972 νῦν
1292 3917 1597 3991 ζηλούντων
1636 3923 1728 3975 τὸν
1760 3923 1926 3977 αὐτοῦ

356 4007 491 4079 βίον,
517 4008 628 4080 ἔχει
660 4026 744 4072 τις
768 4007 1022 4078 τοιαύτην
1049 4008 1332 4081 ἐπιφέρειν
1363 4011 1646 4084 διαϐολήν;
1673 4014 1809 4085 Οὐχὶ
1834 4017 1927 4069 καὶ

353 4100 538 4171 τυφλῷ
566 4100 742 4171 δῆλον,
770 4099 847 4164 ὡς
884 4101 992 4153 πᾶν
1018 4099 1321 4154 τούναντίον
1350 4100 1561 4167 τούτοις
1579 4106 1737 4176 ἡμεῖς
1770 4107 1819 4158 οἰ
1858 4107 1927 4162 τά

365 4192 538 4265 Ἰησοῦ
577 4193 897 4265 φρονοῦντες
925 4193 1333 4266 ἐπιτηδεύομεν,
1366 4195 1558 4249 θᾶττον
1591 4198 1688 4268 μὲν
1714 4197 1925 4271 θανάτῳ

351 4284 451 4357 τὴν
494 4285 674 4357 ψυχὴν
722 4285 755 4356 ἢ
793 4285 1010 4358 δαίμοσι
1043 4285 1233 4340 θυσίαν
1274 4285 1536 4359 προέσθαι
1584 4287 1921 4359 τολμῶντες,

352 4377 545 4432 θᾶττον
575 4377 632 4430 δέ
658 4377 757 4448 τῆς
781 4376 928 4450 ζωῆς
958 4375 1299 4448 ἐξιστάμενοι
1328 4378 1361 4451 ἢ
1389 4381 1499 4443 τοῖς
1523 4383 1780 4451 πονηροῖς
1812 4382 1926 4435 δαί-

355 4488 481 4542 μοσι
539 4470 872 4541 δουλωθῆναι
921 4470 1313 4542 ὑπομένοντες;
1371 4471 1467 4536 Τίς
1507 4472 1565 4525 δὲ
1619 4473 1720 4527 οὐκ
1763 4469 1921 4538 οἶδεν,

350 4564 501 4628 ὅπως
541 4565 637 4617 σὺν
688 4566 824 4636 αὐτῇ
859 4566 924 4636 τῇ
966 4563 1061 4617 τοῦ
1089 4564 1267 4635 Ἰησοῦ
1311 4565 1653 4637 προσηγορίᾳ
1695 4566 1788 4619 καὶ
1827 4567 1923 4620 σὺν

350 4656 538 4727 εὐχαῖς
585 4656 998 4729 καθαρωτάταις
1028 4657 1138 4709 πᾶν
1178 4656 1241 4710 τὸ
1270 4656 1541 4727 δαιμόνων
1581 4656 1741 4729 ἔργον
1784 4659 1923 4712 άπε-

348 4749 565 4805 λαύνειν
601 4753 734 4822 ήμῖν
771 4750 922 4819 φίλον
954 4749 1134 4815 ἐστίν;
1170 4741 1338 4813 Οὗτος
1367 4750 1397 4802 ό
1438 4748 1531 4803 τοῦ
1564 4749 1738 4821 Ἰησοῦ
1768 4749 1924 4818 λόγος

352 4845 448 4900 καὶ
494 4846 528 4917 η
727 4818 891 4898 αὐτοῦ
940 4841 1256 4897 διδασκαλία
1303 4842 1437 4897 πολὺ
1493 4818 1773 4914 κρείττους
1820 4842 1922 4913 τῆς
1955 4818 1998 4873 D

351 4939 581 5011 ἀοράτου
643 4936 848 5007 ταύτης
902 4935 1183 5006 δυνάμεως
1245 4935 1455 4998 πάντας
1513 4936 1662 5005 ἡμᾶς
1725 4935 1920 5005 ἀπειρ-

351 5031 589 5099 γάσατο,
617 5026 841 5101 ἐχθρούς
887 5044 948 5079 τε
984 5027 1252 5098 δαιμόνων
1304 5027 1400 5080 καὶ
1449 5024 1772 5096 πολεμίους,
1806 5025 1920 5078 ἀλλ’

350 5123 412 5175 οὐ
442 5122 647 5191 φίλους,
712 5118 834 5172 οὐδὲ
886 5119 1168 5191 συνήθεις,
1237 5117 1432 5172 πολλοῦ
1490 5117 1572 5170 δεῖ
1648 5117 1922 5188 ὑπηκόους

352 5215 447 5269 καὶ
495 5212 836 5284 ὑποχειρίους
870 5206 1009 5266 εἶναι
1058 5210 1482 5284 παρεσκεύασεν.
1531 5210 1590 5264 Ὀ
1646 5210 1710 5280 δὴ
1742 5209 1921 5263 τοιού-

349 5324 473 5371 τους
495 5308 643 5379 ήμᾶς
689 5303 1040 5375 προαγαγὼν,
1088 5302 1205 5367 πῶς
1258 5302 1324 5356 ἂν
1369 5301 1530 5366 αὐτὸς
1568 5299 1751 5364 δοῦλος
1798 5303 1921 5369 ἐγε-

352 5400 497 5469 γόνει
543 5397 848 5469 δαιμόνων;
912 5396 1029 5460 πῶς
1077 5395 1122 5449 δ’
1176 5394 1242 5448 ἂν
1283 5396 1394 5457 τοῖς
1453 5396 1707 5466 πονηροῖς
1755 5393 1919 5447 πνεύ-

354 5508 517 5563 μασιν
565 5491 789 5556 ἐθυσεν;
831 5489 864 5561 ἢ
902 5487 1019 5552 πῶς
1066 5487 1295 5559 βοηθοὺς
1350 5486 1607 5556 δαίμονας
1654 5485 1919 5540 ἐπεκαλέ-

355 5602 482 5639 σατο
530 5587 586 5638 ἐν
636 5586 756 5648 ταῖς
795 5581 1298 5655 παραδοξοποιίαις,
1330 5580 1490 5633 ὁπότε
1536 5581 1702 5633 εἰσέτι
1764 5580 1923 5652 δεῦρο

353 5680 458 5742 πᾶς
488 5678 694 5749 δαίμων
736 5676 829 5731 καί
874 5677 981 5729 πᾶν
1011 5673 1320 5745 ἀκάθαρτον
1363 5671 1602 5744 πνεῦμα,
1633 5671 1706 5737 ῶς
1730 5690 1782 5727 τι
1814 5673 1921 5727 τῶν

423 5838 466 5870 ⁸⁸
526 5835 712 5890 Matth.
756 5847 949 5899 xxvm,
974 5830 1164 5895 19,20.

549 5934 815 5992 Ριιτιιοι..
866 5928 982 5990 GR.
1034 5926 1238 5989 XXII.

2030 3551 2295 3615 eundum,
2315 3550 2472 3621 isque
2498 3552 2920 3623 interrogandus
2945 3572 2960 3606 :
2981 3554 3265 3623 ecquando
3293 3555 3410 3610 suis
3433 3561 3609 3619 oculis

2029 3641 2225 3697 viderit
2256 3643 2553 3699 auribusve
2599 3643 2927 3713 perceperit,
2955 3645 3383 3716 praestigiatores
3412 3661 3476 3701 ac
3504 3662 3601 3704 ve-

2029 3735 2234 3792 neficos
2292 3735 2563 3801 homines,
2614 3736 2734 3791 sine
2782 3736 3134 3792 libationibus
3183 3748 3237 3793 et
3283 3740 3597 3805 sacrificiis,

2029 3828 2443 3898 daemonumque
2474 3828 2820 3884 invocatione
2873 3842 2940 3883 ac
2967 3830 3279 3898 praesentia,
3308 3830 3609 3900 quidquam

2027 3920 2320 3991 operatos?
2360 3918 2617 3990 Nunquid
2672 3919 2839 3990 igitur
2881 3927 2976 3975 aut
3021 3926 3219 3974 contra
3273 3918 3613 3977 Salvatorem

2026 4021 2298 4081 nostrum,
2352 4019 2448 4068 aut
2501 4020 2695 4067 contra
2753 4012 2901 4068 illius
2950 4021 3246 4084 praecepta,
3295 4020 3389 4069 aut
3444 4012 3609 4068 etiam

2025 4111 2217 4159 contra
2245 4119 2339 4161 eos
2372 4103 2467 4175 qui
2494 4103 2657 4161 hodie
2684 4119 2904 4175 quoque
2933 4104 3081 4159 illius
3107 4105 3274 4160 vitam
3301 4105 3606 4167 imitantur,

2025 4197 2201 4266 possit
2230 4196 2428 4268 aliquis
2461 4197 2624 4252 talem
2651 4197 2864 4267 jactare
2897 4196 3266 4251 calumniam?
3302 4195 3495 4254 Nonne
3534 4202 3615 4254 vel

2026 4290 2332 4346 caecutienti
2356 4288 2708 4361 perspicuum
2740 4303 2841 4345 nos
2872 4292 3187 4361 quicunque
3214 4287 3403 4346 Jesum
3432 4300 3610 4348 secta-

2026 4399 2170 4452 mur,
2209 4384 2332 4440 istis
2387 4383 2548 4455 plane
2599 4383 2876 4438 contraria
2934 4385 3119 4439 omnia
3170 4386 3385 4455 operari
3444 4395 3610 4457 atque

2025 4476 2301 4547 amplecti,
2332 4483 2387 4532 et
2419 4476 2583 4533 citius
2610 4474 2722 4547 pati
2758 4481 2819 4530 ut
2859 4476 3023 4530 morti
3052 4476 3314 4542 animam,
3347 4492 3510 4548 quam
3549 4487 3609 4532 ut

2025 4567 2364 4623 daemonibus
2386 4567 2717 4623 sacriﬁcium
2738 4564 3034 4623 offeramus
3062 4586 3079 4622 :
3108 4567 3275 4623 citius
3294 4584 3424 4625 vero
3447 4570 3608 4625 susti«

2024 4677 2156 4717 nere
2183 4661 2252 4717 de
2282 4661 2393 4714 vita
2421 4660 2709 4724 excedere,
2734 4674 2899 4732 quam
2932 4661 3123 4732 pravis
3164 4660 3503 4717 daemonibus
3549 4663 3606 4716 in

2025 4751 2343 4808 servitutem
2371 4749 2542 4805 dari?
2583 4749 2719 4817 Quis
2768 4759 2950 4807 autem
2991 4751 3210 4822 ignorat
3251 4759 3455 4808 nostrae
3485 4766 3608 4808 esse

2026 4845 2464 4909 consuetudinis,
2488 4843 2608 4915 ipso
2629 4841 2761 4900 Jesu
2791 4842 3034 4906 nomine,
3058 4850 3114 4897 et
3146 4844 3460 4913 purissimis
3483 4856 3607 4915 pre-

2027 4939 2209 5001 cibus,
2261 4951 2478 4993 omnem
2520 4935 2828 4992 daemonum
2852 4935 3196 4991 vexationem
3239 4932 3491 5004 abigere?
3513 4931 3604 4988 Sic

2028 5030 2200 5100 ipsius
2247 5027 2377 5085 Jesu
2442 5028 2694 5095 verbum,
2749 5028 3107 5098 ejusdemque
3162 5024 3435 5092 doctrina,
3494 5023 3604 5079 isto

2027 5120 2314 5193 potestatis
2369 5118 2630 5175 invisibili
2678 5132 2897 5189 genere,
2932 5124 2993 5172 ut
3041 5129 3233 5170 omnes
3285 5128 3389 5169 nos
3442 5113 3605 5186 longe

2024 5212 2360 5284 potentiores
2422 5225 2704 5277 essemus,
2769 5208 2982 5274 effecit,
3047 5207 3359 5262 daemonum
3413 5206 3604 5276 utique

2028 5306 2216 5362 hostes
2272 5314 2436 5377 atque
2502 5304 2774 5367 inimicos,
2824 5317 2936 5357 non
2994 5306 3176 5354 autem
3245 5300 3452 5355 amicos
3507 5306 3603 5353 aut

2028 5397 2325 5454 familiares
2408 5414 2512 5454 nos
2584 5396 2857 5463 reddens;
2928 5402 3134 5464 quanto
3214 5408 3346 5466 ergo
3419 5393 3602 5448 minus
3682 5464 3687 5471 ι

2026 5506 2216 5546 eorum
2265 5491 2414 5546 dicto
2465 5489 2770 5555 audientes,
2791 5494 2888 5542 aut
2924 5485 3205 5555 subjectos
3245 5484 3606 5555 comparavit?

2033 5581 2190 5652 133
2221 5579 2325 5646 Qui
2356 5579 2523 5650 igitur
2548 5593 2652 5633 nos
2694 5577 2833 5631 tales
2862 5575 3146 5646 produxit,
3167 5577 3261 5647 qui
3285 5576 3399 5631 fieri
3426 5583 3604 5646 potest

2032 5680 2091 5729 ut
2124 5675 2240 5743 ipse
2281 5668 2626 5725 daemonibus
2677 5667 2842 5722 fuerit
2891 5666 3187 5723 addictus?
3232 5667 3407 5735 Quam
3438 5679 3606 5739 porro

3252 5917 3293 5980 8
