  <div class='ocr_page' id='page_1' title='image "/cluster/home/n/w/nwhite01/storage/ocr_20150623/22:no.4/coo.31924054873025/131.png"; bbox 0 0 4126 6502; ppageno 0'>
   <div class='ocr_carea' id='block_1_1' title="bbox 482 430 607 488">
    <p class='ocr_par' dir='ltr' id='par_1_1' title="bbox 482 430 607 488">
     <span class='ocr_line' id='line_1_1' title="bbox 482 430 607 488; baseline -0.008 0"><span class='ocrx_word' id='word_1_1' title='bbox 482 430 607 488; x_wconf 61' lang='lat'><strong>€35</strong></span> 
     </span>
    </p>
   </div>
   <div class='ocr_carea' id='block_1_2' title="bbox 496 636 2060 707">
    <p class='ocr_par' dir='ltr' id='par_1_2' title="bbox 496 636 2060 707">
     <span class='ocr_line' id='line_1_2' title="bbox 496 636 2060 707; baseline 0.003 -14"><span class='ocrx_word' id='word_1_2' title='bbox 496 638 711 699; x_wconf 81' lang='lat' dir='ltr'><strong>fecisse.</strong></span> <span class='ocrx_word' id='word_1_3' title='bbox 752 644 843 691; x_wconf 90' lang='lat' dir='ltr'><strong>aut</strong></span> <span class='ocrx_word' id='word_1_4' title='bbox 898 636 1170 692; x_wconf 69' lang='lat' dir='ltr'><strong>dmmonas</strong></span> <span class='ocrx_word' id='word_1_5' title='bbox 1228 637 1293 691; x_wconf 87' lang='lat' dir='ltr'><strong>ad</strong></span> <span class='ocrx_word' id='word_1_6' title='bbox 1349 639 1613 702; x_wconf 76' lang='lat' dir='ltr'><strong>auxilium</strong></span> <span class='ocrx_word' id='word_1_7' title='bbox 1654 657 1899 707; x_wconf 89' lang='lat' dir='ltr'><strong>vocasse,</strong></span> <span class='ocrx_word' id='word_1_8' title='bbox 1933 645 2060 698; x_wconf 88' lang='lat' dir='ltr'><strong>dum</strong></span> 
     </span>
    </p>
   </div>
   <div class='ocr_carea' id='block_1_3' title="bbox 494 729 2063 804">
    <p class='ocr_par' dir='ltr' id='par_1_3' title="bbox 494 729 2063 804">
     <span class='ocr_line' id='line_1_3' title="bbox 494 729 2063 804; baseline 0.004 -19"><span class='ocrx_word' id='word_1_9' title='bbox 494 731 756 785; x_wconf 87' lang='lat' dir='ltr'><strong>miracula</strong></span> <span class='ocrx_word' id='word_1_10' title='bbox 781 729 982 791; x_wconf 85' lang='lat' dir='ltr'><strong>ederet,</strong></span> <span class='ocrx_word' id='word_1_11' title='bbox 1013 731 1232 800; x_wconf 82' lang='lat' dir='ltr'><strong>quando</strong></span> <span class='ocrx_word' id='word_1_12' title='bbox 1285 732 1445 786; x_wconf 86' lang='lat' dir='ltr'><strong>hodie</strong></span> <span class='ocrx_word' id='word_1_13' title='bbox 1491 749 1710 804; x_wconf 92' lang='lat' dir='ltr'><strong>quoque</strong></span> <span class='ocrx_word' id='word_1_14' title='bbox 1742 737 1922 792; x_wconf 89' lang='lat' dir='ltr'><strong>omnis</strong></span> <span class='ocrx_word' id='word_1_15' title='bbox 1955 740 2063 792; x_wconf 69' lang='grc' dir='ltr'><strong>«πω-</strong></span> 
     </span>
    </p>
   </div>
   <div class='ocr_carea' id='block_1_4' title="bbox 492 822 2060 895">
    <p class='ocr_par' dir='ltr' id='par_1_4' title="bbox 492 822 2060 895">
     <span class='ocr_line' id='line_1_4' title="bbox 492 822 2060 895; baseline 0.005 -19"><span class='ocrx_word' id='word_1_16' title='bbox 492 838 645 887; x_wconf 90' lang='lat' dir='ltr'><strong>mon,</strong></span> <span class='ocrx_word' id='word_1_17' title='bbox 677 822 967 892; x_wconf 88' lang='lat' dir='ltr'><strong>omnisque</strong></span> <span class='ocrx_word' id='word_1_18' title='bbox 1009 823 1255 891; x_wconf 90' lang='lat' dir='ltr'><strong>impurus</strong></span> <span class='ocrx_word' id='word_1_19' title='bbox 1286 826 1539 895; x_wconf 75' lang='lat' dir='ltr'><strong>spiritus,</strong></span> <span class='ocrx_word' id='word_1_20' title='bbox 1577 829 1651 881; x_wconf 89' lang='lat' dir='ltr'><strong>ita</strong></span> <span class='ocrx_word' id='word_1_21' title='bbox 1690 826 1817 882; x_wconf 87' lang='lat' dir='ltr'><strong>Jesu</strong></span> <span class='ocrx_word' id='word_1_22' title='bbox 1864 844 2060 884; x_wconf 83' lang='lat' dir='ltr'>nomen</span> 
     </span>
    </p>
   </div>
   <div class='ocr_carea' id='block_1_5' title="bbox 489 916 2059 989">
    <p class='ocr_par' dir='ltr' id='par_1_5' title="bbox 489 916 2059 989">
     <span class='ocr_line' id='line_1_5' title="bbox 489 916 2059 989; baseline 0.004 -19"><span class='ocrx_word' id='word_1_23' title='bbox 489 916 766 977; x_wconf 77' lang='lat' dir='ltr'><strong>exhorret,</strong></span> <span class='ocrx_word' id='word_1_24' title='bbox 803 922 863 969; x_wconf 91' lang='lat' dir='ltr'><strong>ut</strong></span> <span class='ocrx_word' id='word_1_25' title='bbox 887 931 1054 969; x_wconf 89' lang='lat' dir='ltr'><strong>unum</strong></span> <span class='ocrx_word' id='word_1_26' title='bbox 1090 917 1294 985; x_wconf 89' lang='lat' dir='ltr'><strong>aliquid</strong></span> <span class='ocrx_word' id='word_1_27' title='bbox 1326 932 1516 971; x_wconf 90' lang='lat' dir='ltr'><strong>eorum</strong></span> <span class='ocrx_word' id='word_1_28' title='bbox 1545 935 1665 987; x_wconf 62' lang='lat' dir='ltr'><strong>quae</strong></span> <span class='ocrx_word' id='word_1_29' title='bbox 1696 919 1870 989; x_wconf 87' lang='lat' dir='ltr'><strong>ipsius</strong></span> <span class='ocrx_word' id='word_1_30' title='bbox 1898 929 2059 976; x_wconf 89' lang='lat' dir='ltr'><strong>natu-</strong></span> 
     </span>
    </p>
   </div>
   <div class='ocr_carea' id='block_1_6' title="bbox 489 1007 2059 1079">
    <p class='ocr_par' dir='ltr' id='par_1_6' title="bbox 489 1007 2059 1079">
     <span class='ocr_line' id='line_1_6' title="bbox 489 1007 2059 1079; baseline 0.004 -17"><span class='ocrx_word' id='word_1_31' title='bbox 489 1022 605 1062; x_wconf 86' lang='lat' dir='ltr'><strong>ram</strong></span> <span class='ocrx_word' id='word_1_32' title='bbox 638 1007 938 1078; x_wconf 74' lang='lat' dir='ltr'><strong>castigandi</strong></span> <span class='ocrx_word' id='word_1_33' title='bbox 972 1024 1035 1063; x_wconf 89' lang='lat' dir='ltr'><strong>ac</strong></span> <span class='ocrx_word' id='word_1_34' title='bbox 1066 1010 1356 1079; x_wconf 90' lang='lat' dir='ltr'><strong>torquendi</strong></span> <span class='ocrx_word' id='word_1_35' title='bbox 1408 1012 1515 1065; x_wconf 86' lang='lat' dir='ltr'><strong>vim</strong></span> <span class='ocrx_word' id='word_1_36' title='bbox 1554 1011 1809 1074; x_wconf 80' lang='lat' dir='ltr'><strong>habeant,</strong></span> <span class='ocrx_word' id='word_1_37' title='bbox 1856 1012 2059 1069; x_wconf 91' lang='lat' dir='ltr'><strong>aufert-</strong></span> 
     </span>
    </p>
   </div>
   <div class='ocr_carea' id='block_1_7' title="bbox 488 1099 2059 1170">
    <p class='ocr_par' dir='ltr' id='par_1_7' title="bbox 488 1099 2059 1170">
     <span class='ocr_line' id='line_1_7' title="bbox 488 1099 2059 1170; baseline 0.005 -17"><span class='ocrx_word' id='word_1_38' title='bbox 488 1113 596 1170; x_wconf 85' lang='lat' dir='ltr'><strong>que</strong></span> <span class='ocrx_word' id='word_1_39' title='bbox 626 1115 685 1155; x_wconf 90' lang='lat' dir='ltr'><strong>se</strong></span> <span class='ocrx_word' id='word_1_40' title='bbox 716 1099 884 1164; x_wconf 85' lang='lat' dir='ltr'><strong>illico,</strong></span> <span class='ocrx_word' id='word_1_41' title='bbox 910 1109 965 1155; x_wconf 90' lang='lat' dir='ltr'><strong>et</strong></span> <span class='ocrx_word' id='word_1_42' title='bbox 992 1102 1248 1155; x_wconf 80' lang='lat' dir='ltr'><strong>concedit</strong></span> <span class='ocrx_word' id='word_1_43' title='bbox 1275 1119 1290 1155; x_wconf 85' lang='lat'><strong>:</strong></span> <span class='ocrx_word' id='word_1_44' title='bbox 1320 1109 1528 1156; x_wconf 80' lang='lat' dir='ltr'><strong>tantam</strong></span> <span class='ocrx_word' id='word_1_45' title='bbox 1562 1105 1731 1158; x_wconf 86' lang='lat' dir='ltr'><strong>sentit</strong></span> <span class='ocrx_word' id='word_1_46' title='bbox 1766 1106 1913 1161; x_wconf 90' lang='lat' dir='ltr'><strong>illius</strong></span> <span class='ocrx_word' id='word_1_47' title='bbox 1965 1122 2059 1162; x_wconf 87' lang='lat' dir='ltr'><strong>no-</strong></span> 
     </span>
    </p>
   </div>
   <div class='ocr_carea' id='block_1_8' title="bbox 488 1188 2059 1263">
    <p class='ocr_par' dir='ltr' id='par_1_8' title="bbox 488 1188 2059 1263">
     <span class='ocr_line' id='line_1_8' title="bbox 488 1188 2059 1263; baseline 0.006 -20"><span class='ocrx_word' id='word_1_48' title='bbox 488 1190 649 1244; x_wconf 89' lang='lat' dir='ltr'><strong>minis</strong></span> <span class='ocrx_word' id='word_1_49' title='bbox 684 1190 813 1244; x_wconf 91' lang='lat' dir='ltr'><strong>vim.</strong></span> <span class='ocrx_word' id='word_1_50' title='bbox 851 1188 942 1245; x_wconf 90' lang='lat' dir='ltr'><strong>Sic</strong></span> <span class='ocrx_word' id='word_1_51' title='bbox 965 1206 1097 1245; x_wconf 87' lang='lat' dir='ltr'><strong>sane</strong></span> <span class='ocrx_word' id='word_1_52' title='bbox 1120 1192 1249 1245; x_wconf 89' lang='lat' dir='ltr'><strong>olim</strong></span> <span class='ocrx_word' id='word_1_53' title='bbox 1283 1208 1521 1263; x_wconf 89' lang='lat' dir='ltr'><strong>quoque,</strong></span> <span class='ocrx_word' id='word_1_54' title='bbox 1548 1209 1672 1249; x_wconf 90' lang='lat' dir='ltr'><strong>cum</strong></span> <span class='ocrx_word' id='word_1_55' title='bbox 1703 1197 1849 1251; x_wconf 87' lang='lat' dir='ltr'><strong>inter</strong></span> <span class='ocrx_word' id='word_1_56' title='bbox 1883 1198 2059 1253; x_wconf 89' lang='lat' dir='ltr'><strong>homi-</strong></span> 
     </span>
    </p>
   </div>
   <div class='ocr_carea' id='block_1_9' title="bbox 486 1281 2055 1357">
    <p class='ocr_par' dir='ltr' id='par_1_9' title="bbox 486 1281 2055 1357">
     <span class='ocr_line' id='line_1_9' title="bbox 486 1281 2055 1357; baseline 0.006 -22"><span class='ocrx_word' id='word_1_57' title='bbox 486 1296 586 1337; x_wconf 89' lang='lat' dir='ltr'><strong>nes</strong></span> <span class='ocrx_word' id='word_1_58' title='bbox 631 1281 868 1353; x_wconf 77' lang='lat' dir='ltr'><strong>degeret,</strong></span> <span class='ocrx_word' id='word_1_59' title='bbox 918 1298 1026 1336; x_wconf 91' lang='lat' dir='ltr'><strong>non</strong></span> <span class='ocrx_word' id='word_1_60' title='bbox 1060 1282 1297 1338; x_wconf 78' lang='lat' dir='ltr'><strong>ferentes</strong></span> <span class='ocrx_word' id='word_1_61' title='bbox 1331 1286 1477 1339; x_wconf 91' lang='lat' dir='ltr'><strong>illius</strong></span> <span class='ocrx_word' id='word_1_62' title='bbox 1512 1290 1881 1357; x_wconf 58' lang='lat' dir='ltr'><strong>praesentiam,</strong></span> <span class='ocrx_word' id='word_1_63' title='bbox 1914 1291 2055 1348; x_wconf 89' lang='lat' dir='ltr'><strong>alius</strong></span> 
     </span>
    </p>
   </div>
   <div class='ocr_carea' id='block_1_10' title="bbox 486 1374 2054 1447">
    <p class='ocr_par' dir='ltr' id='par_1_10' title="bbox 486 1374 2054 1447">
     <span class='ocr_line' id='line_1_10' title="bbox 486 1374 2054 1447; baseline 0.006 -19"><span class='ocrx_word' id='word_1_64' title='bbox 486 1374 724 1437; x_wconf 85' lang='lat' dir='ltr'><strong>aliunde,</strong></span> <span class='ocrx_word' id='word_1_65' title='bbox 757 1376 1067 1430; x_wconf 88' lang='lat' dir='ltr'><strong>clamabant</strong></span> <span class='ocrx_word' id='word_1_66' title='bbox 1094 1395 1108 1430; x_wconf 92' lang='lat'>:</span> <span class='ocrx_word' id='word_1_67' title='bbox 1156 1395 1174 1426; x_wconf 85' lang='grc'><strong><em>‹</em></strong></span> <span class='ocrx_word' id='word_1_68' title='bbox 1218 1377 1348 1447; x_wconf 76' lang='lat' dir='ltr'><strong>Age,</strong></span> <span class='ocrx_word' id='word_1_69' title='bbox 1378 1378 1506 1446; x_wconf 91' lang='lat' dir='ltr'><strong>quid</strong></span> <span class='ocrx_word' id='word_1_70' title='bbox 1532 1380 1689 1435; x_wconf 86' lang='lat' dir='ltr'><strong>nobis</strong></span> <span class='ocrx_word' id='word_1_71' title='bbox 1709 1388 1762 1434; x_wconf 88' lang='lat' dir='ltr'><strong>et</strong></span> <span class='ocrx_word' id='word_1_72' title='bbox 1786 1382 1903 1447; x_wconf 88' lang='lat' dir='ltr'><strong>tibi,</strong></span> <span class='ocrx_word' id='word_1_73' title='bbox 1924 1382 2054 1439; x_wconf 85' lang='lat' dir='ltr'><strong>Jesn</strong></span> 
     </span>
    </p>
   </div>
   <div class='ocr_carea' id='block_1_11' title="bbox 482 1459 2057 1538">
    <p class='ocr_par' dir='ltr' id='par_1_11' title="bbox 482 1459 2057 1538">
     <span class='ocr_line' id='line_1_11' title="bbox 482 1459 2057 1538; baseline 0.007 -22"><span class='ocrx_word' id='word_1_74' title='bbox 482 1459 586 1518; x_wconf 79' lang='lat' dir='ltr'><strong>Fili</strong></span> <span class='ocrx_word' id='word_1_75' title='bbox 611 1463 738 1519; x_wconf 85' lang='lat' dir='ltr'><strong>Dei?</strong></span> <span class='ocrx_word' id='word_1_76' title='bbox 769 1465 961 1518; x_wconf 82' lang='lat' dir='ltr'><strong>venisti</strong></span> <span class='ocrx_word' id='word_1_77' title='bbox 988 1474 1115 1519; x_wconf 89' lang='lat' dir='ltr'><strong>ante</strong></span> <span class='ocrx_word' id='word_1_78' title='bbox 1150 1475 1363 1535; x_wconf 89' lang='lat' dir='ltr'><strong>tempus</strong></span> <span class='ocrx_word' id='word_1_79' title='bbox 1381 1475 1636 1538; x_wconf 90' lang='lat' dir='ltr'><strong>torquere</strong></span> <span class='ocrx_word' id='word_1_80' title='bbox 1660 1486 1760 1526; x_wconf 87' lang='lat' dir='ltr'><strong>nos</strong></span> <span class='ocrx_word' id='word_1_81' title='bbox 1784 1472 1827 1503; x_wconf 72' lang='grc' dir='ltr'>ἰ</span> <span class='ocrx_word' id='word_1_82' title='bbox 1855 1473 1878 1525; x_wconf 88' lang='lat'><strong>?</strong></span> <span class='ocrx_word' id='word_1_83' title='bbox 1918 1493 1936 1525; x_wconf 77' lang='grc' dir='ltr'><strong>ι</strong></span> <span class='ocrx_word' id='word_1_84' title='bbox 1962 1473 2057 1527; x_wconf 80' lang='lat' dir='ltr'><strong>Vir</strong></span> 
     </span>
    </p>
   </div>
   <div class='ocr_carea' id='block_1_12' title="bbox 485 1555 2053 1635">
    <p class='ocr_par' dir='ltr' id='par_1_12' title="bbox 485 1555 2053 1635">
     <span class='ocr_line' id='line_1_12' title="bbox 485 1555 2053 1635; baseline 0.006 -26"><span class='ocrx_word' id='word_1_85' title='bbox 485 1562 667 1610; x_wconf 88' lang='lat' dir='ltr'><strong>autem</strong></span> <span class='ocrx_word' id='word_1_86' title='bbox 703 1555 994 1626; x_wconf 66' lang='lat' dir='ltr'><strong>praestigiis</strong></span> <span class='ocrx_word' id='word_1_87' title='bbox 1021 1571 1250 1625; x_wconf 87' lang='lat' dir='ltr'><strong>prorsus</strong></span> <span class='ocrx_word' id='word_1_88' title='bbox 1280 1558 1548 1620; x_wconf 84' lang='lat' dir='ltr'><strong>intentus,</strong></span> <span class='ocrx_word' id='word_1_89' title='bbox 1573 1568 1628 1614; x_wconf 89' lang='lat' dir='ltr'><strong>et</strong></span> <span class='ocrx_word' id='word_1_90' title='bbox 1669 1564 1827 1631; x_wconf 87' lang='lat' dir='ltr'><strong>plane</strong></span> <span class='ocrx_word' id='word_1_91' title='bbox 1860 1563 2053 1635; x_wconf 64' lang='grc' dir='ltr'>ὀρθρε-</span> 
     </span>
    </p>
   </div>
   <div class='ocr_carea' id='block_1_13' title="bbox 485 1647 2054 1722">
    <p class='ocr_par' dir='ltr' id='par_1_13' title="bbox 485 1647 2054 1722">
     <span class='ocr_line' id='line_1_13' title="bbox 485 1647 2054 1722; baseline 0.006 -20"><span class='ocrx_word' id='word_1_92' title='bbox 485 1648 620 1703; x_wconf 88' lang='lat' dir='ltr'><strong>ratis</strong></span> <span class='ocrx_word' id='word_1_93' title='bbox 649 1647 817 1702; x_wconf 89' lang='lat' dir='ltr'><strong>rebus</strong></span> <span class='ocrx_word' id='word_1_94' title='bbox 844 1663 1006 1702; x_wconf 92' lang='lat' dir='ltr'><strong>omne</strong></span> <span class='ocrx_word' id='word_1_95' title='bbox 1033 1664 1193 1717; x_wconf 88' lang='lat' dir='ltr'><strong>suum</strong></span> <span class='ocrx_word' id='word_1_96' title='bbox 1220 1650 1462 1705; x_wconf 90' lang='lat' dir='ltr'><strong>studium</strong></span> <span class='ocrx_word' id='word_1_97' title='bbox 1496 1652 1839 1722; x_wconf 90' lang='lat' dir='ltr'><strong>impendens,</strong></span> <span class='ocrx_word' id='word_1_98' title='bbox 1872 1672 2054 1713; x_wconf 90' lang='lat' dir='ltr'><strong>nonne</strong></span> 
     </span>
    </p>
   </div>
   <div class='ocr_carea' id='block_1_14' title="bbox 482 1739 2053 1817">
    <p class='ocr_par' dir='ltr' id='par_1_14' title="bbox 482 1739 2053 1817">
     <span class='ocr_line' id='line_1_14' title="bbox 482 1739 2053 1817; baseline 0.006 -24"><span class='ocrx_word' id='word_1_99' title='bbox 482 1740 566 1794; x_wconf 90' lang='lat' dir='ltr'><strong>vel</strong></span> <span class='ocrx_word' id='word_1_100' title='bbox 598 1739 915 1810; x_wconf 84' lang='lat' dir='ltr'><strong>imprudens</strong></span> <span class='ocrx_word' id='word_1_101' title='bbox 951 1742 1067 1811; x_wconf 91' lang='lat' dir='ltr'><strong>ipse</strong></span> <span class='ocrx_word' id='word_1_102' title='bbox 1109 1742 1177 1795; x_wconf 91' lang='lat' dir='ltr'><strong>de</strong></span> <span class='ocrx_word' id='word_1_103' title='bbox 1220 1743 1402 1813; x_wconf 91' lang='lat' dir='ltr'><strong>scipso</strong></span> <span class='ocrx_word' id='word_1_104' title='bbox 1432 1744 1636 1798; x_wconf 89' lang='lat' dir='ltr'><strong>indicio</strong></span> <span class='ocrx_word' id='word_1_105' title='bbox 1668 1746 1759 1811; x_wconf 89' lang='lat' dir='ltr'><strong>sit,</strong></span> <span class='ocrx_word' id='word_1_106' title='bbox 1788 1751 1932 1817; x_wconf 90' lang='lat' dir='ltr'><strong>quod</strong></span> <span class='ocrx_word' id='word_1_107' title='bbox 1966 1750 2053 1803; x_wconf 84' lang='lat' dir='ltr'><strong>in-</strong></span> 
     </span>
    </p>
   </div>
   <div class='ocr_carea' id='block_1_15' title="bbox 485 1829 2047 1907">
    <p class='ocr_par' dir='ltr' id='par_1_15' title="bbox 485 1829 2047 1907">
     <span class='ocr_line' id='line_1_15' title="bbox 485 1829 2047 1907; baseline 0.008 -24"><span class='ocrx_word' id='word_1_108' title='bbox 485 1829 663 1885; x_wconf 80' lang='lat' dir='ltr'><strong>fandis</strong></span> <span class='ocrx_word' id='word_1_109' title='bbox 710 1832 976 1896; x_wconf 89' lang='lat' dir='ltr'><strong>moribus,</strong></span> <span class='ocrx_word' id='word_1_110' title='bbox 1027 1832 1170 1903; x_wconf 90' lang='lat' dir='ltr'><strong>quod</strong></span> <span class='ocrx_word' id='word_1_111' title='bbox 1225 1836 1510 1900; x_wconf 89' lang='lat' dir='ltr'><strong>scelestus,</strong></span> <span class='ocrx_word' id='word_1_112' title='bbox 1560 1838 1705 1907; x_wconf 90' lang='lat' dir='ltr'><strong>quod</strong></span> <span class='ocrx_word' id='word_1_113' title='bbox 1756 1840 2047 1905; x_wconf 87' lang='lat' dir='ltr'><strong>obscenus,</strong></span> 
     </span>
    </p>
   </div>
   <div class='ocr_carea' id='block_1_16' title="bbox 481 1923 2054 2002">
    <p class='ocr_par' dir='ltr' id='par_1_16' title="bbox 481 1923 2054 2002">
     <span class='ocr_line' id='line_1_16' title="bbox 481 1923 2054 2002; baseline 0.009 -27"><span class='ocrx_word' id='word_1_114' title='bbox 481 1923 626 1992; x_wconf 83' lang='lat' dir='ltr'><strong>quod</strong></span> <span class='ocrx_word' id='word_1_115' title='bbox 660 1924 904 1994; x_wconf 80' lang='lat' dir='ltr'><strong>religioni</strong></span> <span class='ocrx_word' id='word_1_116' title='bbox 948 1927 1224 1988; x_wconf 85' lang='lat' dir='ltr'><strong>inimicus,</strong></span> <span class='ocrx_word' id='word_1_117' title='bbox 1261 1928 1406 1998; x_wconf 86' lang='lat' dir='ltr'><strong>quod</strong></span> <span class='ocrx_word' id='word_1_118' title='bbox 1442 1929 1700 2000; x_wconf 90' lang='lat' dir='ltr'><strong>injustus,</strong></span> <span class='ocrx_word' id='word_1_119' title='bbox 1749 1935 1895 2002; x_wconf 90' lang='lat' dir='ltr'><strong>quod</strong></span> <span class='ocrx_word' id='word_1_120' title='bbox 1956 1934 2054 1988; x_wconf 88' lang='lat' dir='ltr'><strong>im-</strong></span> 
     </span>
    </p>
   </div>
   <div class='ocr_carea' id='block_1_17' title="bbox 482 2015 2051 2096">
    <p class='ocr_par' dir='ltr' id='par_1_17' title="bbox 482 2015 2051 2096">
     <span class='ocr_line' id='line_1_17' title="bbox 482 2015 2051 2096; baseline 0.006 -27"><span class='ocrx_word' id='word_1_121' title='bbox 482 2015 639 2084; x_wconf 88' lang='lat' dir='ltr'><strong>pius?</strong></span> <span class='ocrx_word' id='word_1_122' title='bbox 671 2015 771 2082; x_wconf 87' lang='lat' dir='ltr'><strong>Qui</strong></span> <span class='ocrx_word' id='word_1_123' title='bbox 805 2033 934 2072; x_wconf 90' lang='lat' dir='ltr'><strong>vero</strong></span> <span class='ocrx_word' id='word_1_124' title='bbox 960 2020 1083 2075; x_wconf 89' lang='lat' dir='ltr'><strong>talis</strong></span> <span class='ocrx_word' id='word_1_125' title='bbox 1116 2020 1208 2085; x_wconf 91' lang='lat' dir='ltr'><strong>sit,</strong></span> <span class='ocrx_word' id='word_1_126' title='bbox 1252 2020 1394 2075; x_wconf 91' lang='lat' dir='ltr'><strong>unde</strong></span> <span class='ocrx_word' id='word_1_127' title='bbox 1418 2031 1511 2076; x_wconf 89' lang='lat' dir='ltr'><strong>aut</strong></span> <span class='ocrx_word' id='word_1_128' title='bbox 1536 2024 1812 2092; x_wconf 92' lang='lat' dir='ltr'><strong>quomodo</strong></span> <span class='ocrx_word' id='word_1_129' title='bbox 1841 2040 1903 2079; x_wconf 90' lang='lat' dir='ltr'><strong>ea</strong></span> <span class='ocrx_word' id='word_1_130' title='bbox 1930 2041 2051 2096; x_wconf 72' lang='lat' dir='ltr'><strong>qua:</strong></span> 
     </span>
    </p>
   </div>
   <div class='ocr_carea' id='block_1_18' title="bbox 480 2107 2051 2183">
    <p class='ocr_par' dir='ltr' id='par_1_18' title="bbox 480 2107 2051 2183">
     <span class='ocr_line' id='line_1_18' title="bbox 480 2107 2051 2183; baseline 0.007 -22"><span class='ocrx_word' id='word_1_131' title='bbox 480 2107 549 2162; x_wconf 86' lang='lat' dir='ltr'><strong>ad</strong></span> <span class='ocrx_word' id='word_1_132' title='bbox 597 2108 912 2179; x_wconf 80' lang='lat' dir='ltr'><strong>religionem</strong></span> <span class='ocrx_word' id='word_1_133' title='bbox 948 2112 1242 2179; x_wconf 87' lang='lat' dir='ltr'><strong>pertinent,</strong></span> <span class='ocrx_word' id='word_1_134' title='bbox 1299 2114 1438 2170; x_wconf 91' lang='lat' dir='ltr'><strong>alios</strong></span> <span class='ocrx_word' id='word_1_135' title='bbox 1486 2116 1716 2173; x_wconf 86' lang='lat' dir='ltr'><strong>doceat?</strong></span> <span class='ocrx_word' id='word_1_136' title='bbox 1765 2116 2051 2183; x_wconf 84' lang='lat' dir='ltr'><strong>Quomodo</strong></span> 
     </span>
    </p>
   </div>
   <div class='ocr_carea' id='block_1_19' title="bbox 481 2196 2050 2279">
    <p class='ocr_par' dir='ltr' id='par_1_19' title="bbox 481 2196 2050 2279">
     <span class='ocr_line' id='line_1_19' title="bbox 481 2196 2050 2279; baseline 0.008 -28"><span class='ocrx_word' id='word_1_137' title='bbox 481 2201 608 2256; x_wconf 90' lang='lat' dir='ltr'><strong>item</strong></span> <span class='ocrx_word' id='word_1_138' title='bbox 650 2217 772 2272; x_wconf 74' lang='lat' dir='ltr'><strong>quae</strong></span> <span class='ocrx_word' id='word_1_139' title='bbox 813 2202 880 2256; x_wconf 90' lang='lat' dir='ltr'><strong>ad</strong></span> <span class='ocrx_word' id='word_1_140' title='bbox 926 2196 1369 2274; x_wconf 86' lang='lat' dir='ltr'><strong>temperantiam,</strong></span> <span class='ocrx_word' id='word_1_141' title='bbox 1402 2222 1522 2277; x_wconf 65' lang='lat' dir='ltr'><strong>quae</strong></span> <span class='ocrx_word' id='word_1_142' title='bbox 1555 2208 1621 2263; x_wconf 91' lang='lat' dir='ltr'><strong>ad</strong></span> <span class='ocrx_word' id='word_1_143' title='bbox 1653 2207 1749 2263; x_wconf 87' lang='lat' dir='ltr'><strong>Dei</strong></span> <span class='ocrx_word' id='word_1_144' title='bbox 1781 2208 2050 2279; x_wconf 82' lang='lat' dir='ltr'><strong>cognitio-</strong></span> 
     </span>
    </p>
   </div>
   <div class='ocr_carea' id='block_1_20' title="bbox 477 2296 2047 2370">
    <p class='ocr_par' dir='ltr' id='par_1_20' title="bbox 477 2296 2047 2370">
     <span class='ocr_line' id='line_1_20' title="bbox 477 2296 2047 2370; baseline 0.006 -24"><span class='ocrx_word' id='word_1_145' title='bbox 477 2307 623 2362; x_wconf 90' lang='lat' dir='ltr'><strong>nem,</strong></span> <span class='ocrx_word' id='word_1_146' title='bbox 676 2310 803 2365; x_wconf 61' lang='lat' dir='ltr'><strong>quae</strong></span> <span class='ocrx_word' id='word_1_147' title='bbox 851 2297 919 2351; x_wconf 90' lang='lat' dir='ltr'><strong>ad</strong></span> <span class='ocrx_word' id='word_1_148' title='bbox 952 2296 1197 2352; x_wconf 87' lang='lat' dir='ltr'><strong>divinum</strong></span> <span class='ocrx_word' id='word_1_149' title='bbox 1234 2298 1409 2353; x_wconf 91' lang='lat' dir='ltr'><strong>forum</strong></span> <span class='ocrx_word' id='word_1_150' title='bbox 1450 2314 1513 2355; x_wconf 89' lang='lat' dir='ltr'><strong>ac</strong></span> <span class='ocrx_word' id='word_1_151' title='bbox 1547 2300 1817 2370; x_wconf 89' lang='lat' dir='ltr'><strong>judicium</strong></span> <span class='ocrx_word' id='word_1_152' title='bbox 1848 2302 2047 2356; x_wconf 91' lang='lat' dir='ltr'><strong>summi</strong></span> 
     </span>
    </p>
   </div>
   <div class='ocr_carea' id='block_1_21' title="bbox 478 2384 2042 2461">
    <p class='ocr_par' dir='ltr' id='par_1_21' title="bbox 478 2384 2042 2461">
     <span class='ocr_line' id='line_1_21' title="bbox 478 2384 2042 2461; baseline 0.007 -24"><span class='ocrx_word' id='word_1_153' title='bbox 478 2384 609 2441; x_wconf 85' lang='lat' dir='ltr'><strong>Dei?</strong></span> <span class='ocrx_word' id='word_1_154' title='bbox 633 2386 826 2443; x_wconf 89' lang='lat' dir='ltr'><strong>Nonne</strong></span> <span class='ocrx_word' id='word_1_155' title='bbox 854 2388 939 2444; x_wconf 87' lang='lat' dir='ltr'><strong>his</strong></span> <span class='ocrx_word' id='word_1_156' title='bbox 963 2390 1220 2445; x_wconf 90' lang='lat' dir='ltr'><strong>omnibus</strong></span> <span class='ocrx_word' id='word_1_157' title='bbox 1248 2392 1525 2446; x_wconf 88' lang='lat' dir='ltr'><strong>contraria</strong></span> <span class='ocrx_word' id='word_1_158' title='bbox 1552 2393 1737 2461; x_wconf 88' lang='lat' dir='ltr'><strong>potius</strong></span> <span class='ocrx_word' id='word_1_159' title='bbox 1764 2408 2042 2448; x_wconf 90' lang='lat' dir='ltr'><strong>commen-</strong></span> 
     </span>
    </p>
   </div>
   <div class='ocr_carea' id='block_1_22' title="bbox 473 2475 2045 2552">
    <p class='ocr_par' dir='ltr' id='par_1_22' title="bbox 473 2475 2045 2552">
     <span class='ocr_line' id='line_1_22' title="bbox 473 2475 2045 2552; baseline 0.007 -23"><span class='ocrx_word' id='word_1_160' title='bbox 473 2475 565 2530; x_wconf 88' lang='lat' dir='ltr'><strong>det</strong></span> <span class='ocrx_word' id='word_1_161' title='bbox 594 2491 658 2531; x_wconf 86' lang='lat' dir='ltr'><strong>ac</strong></span> <span class='ocrx_word' id='word_1_162' title='bbox 696 2477 969 2547; x_wconf 75' lang='lat' dir='ltr'><strong>praeferat,</strong></span> <span class='ocrx_word' id='word_1_163' title='bbox 1015 2495 1132 2535; x_wconf 63' lang='lat' dir='ltr'><strong>suae</strong></span> <span class='ocrx_word' id='word_1_164' title='bbox 1172 2481 1347 2551; x_wconf 91' lang='lat' dir='ltr'><strong>ipsius</strong></span> <span class='ocrx_word' id='word_1_165' title='bbox 1398 2483 1652 2552; x_wconf 75' lang='lat' dir='ltr'><strong>nequitiae</strong></span> <span class='ocrx_word' id='word_1_166' title='bbox 1682 2492 2045 2539; x_wconf 86' lang='lat' dir='ltr'><strong>consentanea</strong></span> 
     </span>
    </p>
   </div>
   <div class='ocr_carea' id='block_1_23' title="bbox 478 2569 2047 2644">
    <p class='ocr_par' dir='ltr' id='par_1_23' title="bbox 478 2569 2047 2644">
     <span class='ocr_line' id='line_1_23' title="bbox 478 2569 2047 2644; baseline 0.008 -24"><span class='ocrx_word' id='word_1_167' title='bbox 478 2569 837 2639; x_wconf 82' lang='lat' dir='ltr'><strong>perpelrans?</strong></span> <span class='ocrx_word' id='word_1_168' title='bbox 867 2570 1057 2626; x_wconf 81' lang='lat' dir='ltr'><strong>Nonne</strong></span> <span class='ocrx_word' id='word_1_169' title='bbox 1089 2572 1279 2635; x_wconf 89' lang='lat' dir='ltr'><strong>Deum,</strong></span> <span class='ocrx_word' id='word_1_170' title='bbox 1322 2573 1525 2643; x_wconf 81' lang='lat' dir='ltr'><strong>Deique</strong></span> <span class='ocrx_word' id='word_1_171' title='bbox 1554 2575 1952 2644; x_wconf 89' lang='lat' dir='ltr'><strong>providentiam</strong></span> <span class='ocrx_word' id='word_1_172' title='bbox 1982 2591 2047 2632; x_wconf 88' lang='lat' dir='ltr'><strong>ac</strong></span> 
     </span>
    </p>
   </div>
   <div class='ocr_carea' id='block_1_24' title="bbox 476 2660 2046 2731">
    <p class='ocr_par' dir='ltr' id='par_1_24' title="bbox 476 2660 2046 2731">
     <span class='ocr_line' id='line_1_24' title="bbox 476 2660 2046 2731; baseline 0.002 -16"><span class='ocrx_word' id='word_1_173' title='bbox 476 2661 568 2715; x_wconf 90' lang='lat' dir='ltr'><strong>Dei</strong></span> <span class='ocrx_word' id='word_1_174' title='bbox 599 2661 867 2728; x_wconf 89' lang='lat' dir='ltr'><strong>judicium</strong></span> <span class='ocrx_word' id='word_1_175' title='bbox 897 2661 1093 2731; x_wconf 80' lang='lat' dir='ltr'><strong>neget?</strong></span> <span class='ocrx_word' id='word_1_176' title='bbox 1127 2660 1320 2717; x_wconf 87' lang='lat' dir='ltr'><strong>Nonne</strong></span> <span class='ocrx_word' id='word_1_177' title='bbox 1360 2664 1543 2718; x_wconf 86' lang='lat' dir='ltr'><strong>omnia</strong></span> <span class='ocrx_word' id='word_1_178' title='bbox 1581 2663 1648 2718; x_wconf 90' lang='lat' dir='ltr'><strong>de</strong></span> <span class='ocrx_word' id='word_1_179' title='bbox 1676 2664 1900 2727; x_wconf 87' lang='lat' dir='ltr'><strong>virtute,</strong></span> <span class='ocrx_word' id='word_1_180' title='bbox 1927 2680 2046 2718; x_wconf 87' lang='lat' dir='ltr'><strong>om-</strong></span> 
     </span>
    </p>
   </div>
   <div class='ocr_carea' id='block_1_25' title="bbox 473 2752 2043 2823">
    <p class='ocr_par' dir='ltr' id='par_1_25' title="bbox 473 2752 2043 2823">
     <span class='ocr_line' id='line_1_25' title="bbox 473 2752 2043 2823; baseline 0.004 -16"><span class='ocrx_word' id='word_1_181' title='bbox 473 2754 564 2808; x_wconf 70' lang='lat' dir='ltr'><strong>nia</strong></span> <span class='ocrx_word' id='word_1_182' title='bbox 590 2752 658 2807; x_wconf 91' lang='lat' dir='ltr'><strong>de</strong></span> <span class='ocrx_word' id='word_1_183' title='bbox 699 2753 1114 2808; x_wconf 87' lang='lat' dir='ltr'><strong>immortalitate</strong></span> <span class='ocrx_word' id='word_1_184' title='bbox 1147 2754 1344 2809; x_wconf 74' lang='lat' dir='ltr'><strong>anima:</strong></span> <span class='ocrx_word' id='word_1_185' title='bbox 1374 2755 1537 2809; x_wconf 89' lang='lat' dir='ltr'><strong>verba</strong></span> <span class='ocrx_word' id='word_1_186' title='bbox 1588 2756 1855 2811; x_wconf 82' lang='lat' dir='ltr'><strong>irrideat?</strong></span> <span class='ocrx_word' id='word_1_187' title='bbox 1887 2756 2043 2823; x_wconf 89' lang='lat' dir='ltr'><strong>Quod</strong></span> 
     </span>
    </p>
   </div>
   <div class='ocr_carea' id='block_1_26' title="bbox 472 2843 2044 2915">
    <p class='ocr_par' dir='ltr' id='par_1_26' title="bbox 472 2843 2044 2915">
     <span class='ocr_line' id='line_1_26' title="bbox 472 2843 2044 2915; baseline 0.003 -17"><span class='ocrx_word' id='word_1_188' title='bbox 472 2843 519 2898; x_wconf 85' lang='lat' dir='ltr'><strong>si</strong></span> <span class='ocrx_word' id='word_1_189' title='bbox 551 2843 681 2915; x_wconf 92' lang='lat' dir='ltr'><strong>quid</strong></span> <span class='ocrx_word' id='word_1_190' title='bbox 712 2844 820 2899; x_wconf 86' lang='lat' dir='ltr'><strong>tale</strong></span> <span class='ocrx_word' id='word_1_191' title='bbox 848 2845 1013 2900; x_wconf 90' lang='lat' dir='ltr'><strong>etiam</strong></span> <span class='ocrx_word' id='word_1_192' title='bbox 1045 2844 1099 2898; x_wconf 92' lang='lat' dir='ltr'><strong>in</strong></span> <span class='ocrx_word' id='word_1_193' title='bbox 1134 2844 1201 2899; x_wconf 90' lang='lat' dir='ltr'><strong>iis</strong></span> <span class='ocrx_word' id='word_1_194' title='bbox 1231 2861 1353 2915; x_wconf 65' lang='lat' dir='ltr'><strong>qum</strong></span> <span class='ocrx_word' id='word_1_195' title='bbox 1380 2846 1445 2901; x_wconf 88' lang='lat' dir='ltr'><strong>ad</strong></span> <span class='ocrx_word' id='word_1_196' title='bbox 1480 2846 1817 2903; x_wconf 84' lang='lat' dir='ltr'><strong>Salvatorem</strong></span> <span class='ocrx_word' id='word_1_197' title='bbox 1859 2847 2044 2903; x_wconf 90' lang='lat' dir='ltr'><strong>Domi-</strong></span> 
     </span>
    </p>
   </div>
   <div class='ocr_carea' id='block_1_27' title="bbox 408 2936 2042 3005">
    <p class='ocr_par' dir='ltr' id='par_1_27' title="bbox 408 2936 2042 3005">
     <span class='ocr_line' id='line_1_27' title="bbox 408 2936 2042 3005; baseline 0.003 -16"><span class='ocrx_word' id='word_1_198' title='bbox 408 2970 413 2976; x_wconf 96' lang='lat'><strong><em>-</em></strong></span> <span class='ocrx_word' id='word_1_199' title='bbox 471 2949 717 3004; x_wconf 80' lang='lat' dir='ltr'><strong>numque</strong></span> <span class='ocrx_word' id='word_1_200' title='bbox 749 2941 1000 2990; x_wconf 89' lang='lat' dir='ltr'><strong>nostrum</strong></span> <span class='ocrx_word' id='word_1_201' title='bbox 1032 2936 1328 3005; x_wconf 85' lang='lat' dir='ltr'><strong>pertinent,</strong></span> <span class='ocrx_word' id='word_1_202' title='bbox 1361 2936 1563 2991; x_wconf 91' lang='lat' dir='ltr'><strong>intueri</strong></span> <span class='ocrx_word' id='word_1_203' title='bbox 1606 2938 1876 3004; x_wconf 91' lang='lat' dir='ltr'><strong>licuisset,</strong></span> <span class='ocrx_word' id='word_1_204' title='bbox 1905 2940 2042 2994; x_wconf 90' lang='lat' dir='ltr'><strong>nihil</strong></span> 
     </span>
    </p>
   </div>
   <div class='ocr_carea' id='block_1_28' title="bbox 469 3025 2042 3102">
    <p class='ocr_par' dir='ltr' id='par_1_28' title="bbox 469 3025 2042 3102">
     <span class='ocr_line' id='line_1_28' title="bbox 469 3025 2042 3102; baseline 0.002 -19"><span class='ocrx_word' id='word_1_205' title='bbox 469 3042 605 3083; x_wconf 90' lang='lat' dir='ltr'><strong>sane</strong></span> <span class='ocrx_word' id='word_1_206' title='bbox 638 3025 832 3082; x_wconf 81' lang='lat' dir='ltr'><strong>fuisset</strong></span> <span class='ocrx_word' id='word_1_207' title='bbox 864 3026 1180 3082; x_wconf 88' lang='lat' dir='ltr'><strong>dicendum.</strong></span> <span class='ocrx_word' id='word_1_208' title='bbox 1218 3035 1287 3081; x_wconf 83' lang='lat' dir='ltr'><strong>At</strong></span> <span class='ocrx_word' id='word_1_209' title='bbox 1316 3044 1445 3083; x_wconf 86' lang='lat' dir='ltr'><strong>vero</strong></span> <span class='ocrx_word' id='word_1_210' title='bbox 1465 3044 1589 3083; x_wconf 90' lang='lat' dir='ltr'><strong>cum</strong></span> <span class='ocrx_word' id='word_1_211' title='bbox 1616 3028 1670 3084; x_wconf 91' lang='lat' dir='ltr'><strong>in</strong></span> <span class='ocrx_word' id='word_1_212' title='bbox 1704 3030 1935 3102; x_wconf 82' lang='lat' dir='ltr'><strong>singulis</strong></span> <span class='ocrx_word' id='word_1_213' title='bbox 1955 3047 2042 3086; x_wconf 91' lang='lat' dir='ltr'><strong>re-</strong></span> 
     </span>
    </p>
   </div>
   <div class='ocr_carea' id='block_1_29' title="bbox 470 3118 2041 3191">
    <p class='ocr_par' dir='ltr' id='par_1_29' title="bbox 470 3118 2041 3191">
     <span class='ocr_line' id='line_1_29' title="bbox 470 3118 2041 3191; baseline 0.001 -16"><span class='ocrx_word' id='word_1_214' title='bbox 470 3120 573 3175; x_wconf 88' lang='lat' dir='ltr'><strong>bus</strong></span> <span class='ocrx_word' id='word_1_215' title='bbox 604 3126 658 3175; x_wconf 88' lang='lat' dir='ltr'><strong>et</strong></span> <span class='ocrx_word' id='word_1_216' title='bbox 694 3119 901 3183; x_wconf 85' lang='lat' dir='ltr'><strong>verbis,</strong></span> <span class='ocrx_word' id='word_1_217' title='bbox 930 3118 1171 3175; x_wconf 84' lang='lat' dir='ltr'><strong>universi</strong></span> <span class='ocrx_word' id='word_1_218' title='bbox 1202 3119 1450 3191; x_wconf 82' lang='lat' dir='ltr'><strong>opificem</strong></span> <span class='ocrx_word' id='word_1_219' title='bbox 1507 3119 1675 3175; x_wconf 90' lang='lat' dir='ltr'><strong>Deum</strong></span> <span class='ocrx_word' id='word_1_220' title='bbox 1710 3120 1927 3178; x_wconf 87' lang='lat' dir='ltr'><strong>Patrem</strong></span> <span class='ocrx_word' id='word_1_221' title='bbox 1955 3123 2041 3177; x_wconf 91' lang='lat' dir='ltr'><strong>in-</strong></span> 
     </span>
    </p>
   </div>
   <div class='ocr_carea' id='block_1_30' title="bbox 467 3210 2040 3285">
    <p class='ocr_par' dir='ltr' id='par_1_30' title="bbox 467 3210 2040 3285">
     <span class='ocr_line' id='line_1_30' title="bbox 467 3210 2040 3285; baseline 0.002 -19"><span class='ocrx_word' id='word_1_222' title='bbox 467 3225 665 3266; x_wconf 85' lang='lat' dir='ltr'><strong>vocare</strong></span> <span class='ocrx_word' id='word_1_223' title='bbox 694 3210 912 3266; x_wconf 90' lang='lat' dir='ltr'><strong>solitum</strong></span> <span class='ocrx_word' id='word_1_224' title='bbox 947 3218 1183 3275; x_wconf 90' lang='lat' dir='ltr'><strong>constet,</strong></span> <span class='ocrx_word' id='word_1_225' title='bbox 1225 3213 1474 3283; x_wconf 88' lang='lat' dir='ltr'><strong>talesque</strong></span> <span class='ocrx_word' id='word_1_226' title='bbox 1517 3229 1658 3283; x_wconf 90' lang='lat' dir='ltr'><strong>quos</strong></span> <span class='ocrx_word' id='word_1_227' title='bbox 1707 3214 1762 3268; x_wconf 91' lang='lat' dir='ltr'><strong>in</strong></span> <span class='ocrx_word' id='word_1_228' title='bbox 1795 3214 2040 3285; x_wconf 88' lang='lat' dir='ltr'><strong>discipli-</strong></span> 
     </span>
    </p>
   </div>
   <div class='ocr_carea' id='block_1_31' title="bbox 1130 431 3112 500">
    <p class='ocr_par' dir='ltr' id='par_1_31' title="bbox 1130 431 3112 500">
     <span class='ocr_line' id='line_1_31' title="bbox 1130 431 3112 500; baseline 0.006 -14"><span class='ocrx_word' id='word_1_229' title='bbox 1130 431 1397 488; x_wconf 80' lang='lat' dir='ltr'><strong>EUSEBH</strong></span> <span class='ocrx_word' id='word_1_230' title='bbox 1434 432 1911 491; x_wconf 57' lang='lat' dir='ltr'><strong>CIESARIENSIS</strong></span> <span class='ocrx_word' id='word_1_231' title='bbox 1958 436 2105 493; x_wconf 79' lang='lat' dir='ltr'><strong>OPP.</strong></span> <span class='ocrx_word' id='word_1_232' title='bbox 2154 438 2353 495; x_wconf 80' lang='lat' dir='ltr'><strong>PARS.</strong></span> <span class='ocrx_word' id='word_1_233' title='bbox 2397 441 2465 496; x_wconf 85' lang='lat' dir='ltr'><strong>ll.</strong></span> <span class='ocrx_word' id='word_1_234' title='bbox 2507 473 2573 483; x_wconf 89' lang='grc'><strong>--</strong></span> <span class='ocrx_word' id='word_1_235' title='bbox 2616 441 3112 500; x_wconf 75' lang='lat' dir='ltr'><strong>APOLOGETICA.</strong></span> 
     </span>
    </p>
   </div>
   <div class='ocr_carea' id='block_1_32' title="bbox 496 543 2046 629">
    <p class='ocr_par' dir='ltr' id='par_1_32' title="bbox 496 543 2046 619">
     <span class='ocr_line' id='line_1_32' title="bbox 496 543 2046 619; baseline 0.003 -18"><span class='ocrx_word' id='word_1_236' title='bbox 496 544 757 601; x_wconf 87' lang='lat' dir='ltr'><strong>credibile</strong></span> <span class='ocrx_word' id='word_1_237' title='bbox 788 543 859 599; x_wconf 92' lang='lat' dir='ltr'><strong>sit</strong></span> <span class='ocrx_word' id='word_1_238' title='bbox 887 544 1061 609; x_wconf 91' lang='lat' dir='ltr'><strong>illum,</strong></span> <span class='ocrx_word' id='word_1_239' title='bbox 1107 554 1202 599; x_wconf 89' lang='lat' dir='ltr'><strong>aut</strong></span> <span class='ocrx_word' id='word_1_240' title='bbox 1254 546 1517 617; x_wconf 87' lang='lat' dir='ltr'><strong>improbis</strong></span> <span class='ocrx_word' id='word_1_241' title='bbox 1571 550 1859 619; x_wconf 87' lang='lat' dir='ltr'><strong>spiritibus</strong></span> <span class='ocrx_word' id='word_1_242' title='bbox 1909 567 2046 606; x_wconf 85' lang='lat' dir='ltr'><strong>sacr:</strong></span> 
     </span>
    </p>
   </div>
   <div class='ocr_carea' id='block_1_33' title="bbox 2150 543 3247 629">
    <p class='ocr_par' dir='ltr' id='par_1_33' title="bbox 2170 556 3247 629">
     <span class='ocr_line' id='line_1_33' title="bbox 2170 556 3247 629; baseline 0.009 -21"><span class='ocrx_word' id='word_1_243' title='bbox 2170 557 2505 611; x_wconf 86' lang='grc' dir='ltr'>κολαστικῶν</span> <span class='ocrx_word' id='word_1_244' title='bbox 2547 560 2637 614; x_wconf 68' lang='grc' dir='ltr'>καὶ</span> <span class='ocrx_word' id='word_1_245' title='bbox 2684 560 3085 629; x_wconf 78' lang='grc' dir='ltr'>βασανιστικῶν</span> <span class='ocrx_word' id='word_1_246' title='bbox 3136 556 3247 628; x_wconf 76' lang='grc' dir='ltr'>τῆς</span> 
     </span>
    </p>
   </div>
   <div class='ocr_carea' id='block_1_34' title="bbox 3723 468 3810 521">
    <p class='ocr_par' dir='ltr' id='par_1_34' title="bbox 3723 468 3810 521">
     <span class='ocr_line' id='line_1_34' title="bbox 3723 468 3810 521; baseline -0.011 0"><span class='ocrx_word' id='word_1_247' title='bbox 3723 468 3810 521; x_wconf 64' lang='grc'><strong>256</strong></span> 
     </span>
    </p>
   </div>
   <div class='ocr_carea' id='block_1_35' title="bbox 3295 534 3784 640">
    <p class='ocr_par' dir='ltr' id='par_1_35' title="bbox 3295 534 3784 640">
     <span class='ocr_line' id='line_1_35' title="bbox 3295 534 3784 640; baseline 0.008 -13"><span class='ocrx_word' id='word_1_248' title='bbox 3295 548 3433 603; x_wconf 60' lang='grc' dir='ltr'>θξκε</span> <span class='ocrx_word' id='word_1_249' title='bbox 3444 534 3550 614; x_wconf 53' lang='grc' dir='ltr'><strong>ίαῗ</strong></span> <span class='ocrx_word' id='word_1_250' title='bbox 3583 576 3784 640; x_wconf 61' lang='grc' dir='ltr'>φύσεως,</span> 
     </span>
    </p>
   </div>
   <div class='ocr_carea' id='block_1_36' title="bbox 2169 640 3777 736">
    <p class='ocr_par' dir='ltr' id='par_1_36' title="bbox 2169 640 3777 736">
     <span class='ocr_line' id='line_1_36' title="bbox 2169 640 3777 736; baseline 0.029 -38"><span class='ocrx_word' id='word_1_251' title='bbox 2169 647 2262 700; x_wconf 89' lang='grc' dir='ltr'><strong>τοῦ</strong></span> <span class='ocrx_word' id='word_1_252' title='bbox 2291 649 2463 718; x_wconf 70' lang='grc' dir='ltr'>Ἰησοῦ</span> <span class='ocrx_word' id='word_1_253' title='bbox 2480 651 2539 702; x_wconf 75' lang='grc' dir='ltr'>τὸ</span> <span class='ocrx_word' id='word_1_254' title='bbox 2561 651 2728 720; x_wconf 68' lang='grc' dir='ltr'>ὄνομα</span> <span class='ocrx_word' id='word_1_255' title='bbox 2749 653 2978 723; x_wconf 78' lang='grc' dir='ltr'>φρίττει,</span> <span class='ocrx_word' id='word_1_256' title='bbox 3002 640 3385 718; x_wconf 69' lang='grc' dir='ltr'><strong>ὑπεξίσταταί</strong></span> <span class='ocrx_word' id='word_1_257' title='bbox 3405 652 3471 692; x_wconf 72' lang='grc' dir='ltr'><strong>τε</strong></span> <span class='ocrx_word' id='word_1_258' title='bbox 3498 660 3599 715; x_wconf 57' lang='grc' dir='ltr'><strong>καὶ</strong></span> <span class='ocrx_word' id='word_1_259' title='bbox 3620 685 3777 736; x_wconf 74' lang='grc' dir='ltr'><strong>παΡ²’</strong></span> 
     </span>
    </p>
   </div>
   <div class='ocr_carea' id='block_1_37' title="bbox 2169 741 3763 820">
    <p class='ocr_par' dir='ltr' id='par_1_37' title="bbox 2169 741 3763 820">
     <span class='ocr_line' id='line_1_37' title="bbox 2169 741 3763 820; baseline 0.003 -27"><span class='ocrx_word' id='word_1_260' title='bbox 2169 746 2423 815; x_wconf 84' lang='grc' dir='ltr'>χωρεῖτῇ</span> <span class='ocrx_word' id='word_1_261' title='bbox 2468 744 2565 815; x_wconf 77' lang='grc' dir='ltr'>τῆς</span> <span class='ocrx_word' id='word_1_262' title='bbox 2603 747 2971 818; x_wconf 68' lang='grc' dir='ltr'><strong>προσηγορίας</strong></span> <span class='ocrx_word' id='word_1_263' title='bbox 3001 747 3061 799; x_wconf 90' lang='grc' dir='ltr'><strong>δυ</strong></span> <span class='ocrx_word' id='word_1_264' title='bbox 3077 747 3264 817; x_wconf 61' lang='grc' dir='ltr'>κάμεις</span> <span class='ocrx_word' id='word_1_265' title='bbox 3308 741 3626 820; x_wconf 71' lang='grc' dir='ltr'>Ὠσπεροδν</span> <span class='ocrx_word' id='word_1_266' title='bbox 3676 759 3763 810; x_wconf 70' lang='grc' dir='ltr'><strong>καὶ</strong></span> 
     </span>
    </p>
   </div>
   <div class='ocr_carea' id='block_1_38' title="bbox 2169 831 3757 916">
    <p class='ocr_par' dir='ltr' id='par_1_38' title="bbox 2169 831 3757 916">
     <span class='ocr_line' id='line_1_38' title="bbox 2169 831 3757 916; baseline 0.008 -31"><span class='ocrx_word' id='word_1_267' title='bbox 2169 836 2333 888; x_wconf 77' lang='grc' dir='ltr'>πάλαι</span> <span class='ocrx_word' id='word_1_268' title='bbox 2363 836 2483 889; x_wconf 82' lang='grc' dir='ltr'>καθ’</span> <span class='ocrx_word' id='word_1_269' title='bbox 2507 837 2566 890; x_wconf 77' lang='grc' dir='ltr'>ὃν</span> <span class='ocrx_word' id='word_1_270' title='bbox 2596 838 2854 908; x_wconf 79' lang='grc' dir='ltr'>ἐπεδήμει</span> <span class='ocrx_word' id='word_1_271' title='bbox 2894 839 2970 909; x_wconf 77' lang='grc' dir='ltr'>τῷ</span> <span class='ocrx_word' id='word_1_272' title='bbox 2999 839 3096 908; x_wconf 82' lang='grc' dir='ltr'><strong>βίῳ</strong></span> <span class='ocrx_word' id='word_1_273' title='bbox 3122 838 3340 909; x_wconf 78' lang='grc' dir='ltr'>χρόνον,</span> <span class='ocrx_word' id='word_1_274' title='bbox 3381 831 3462 906; x_wconf 80' lang='grc' dir='ltr'>μή</span> <span class='ocrx_word' id='word_1_275' title='bbox 3510 846 3757 916; x_wconf 82' lang='grc' dir='ltr'>φέροντες</span> 
     </span>
    </p>
   </div>
   <div class='ocr_carea' id='block_1_39' title="bbox 2167 926 3749 999">
    <p class='ocr_par' dir='ltr' id='par_1_39' title="bbox 2167 926 3749 999">
     <span class='ocr_line' id='line_1_39' title="bbox 2167 926 3749 999; baseline 0.007 -22"><span class='ocrx_word' id='word_1_276' title='bbox 2167 926 2331 979; x_wconf 76' lang='grc' dir='ltr'>αὑτοῦ</span> <span class='ocrx_word' id='word_1_277' title='bbox 2359 927 2455 998; x_wconf 78' lang='grc' dir='ltr'>τὴν</span> <span class='ocrx_word' id='word_1_278' title='bbox 2487 929 2807 998; x_wconf 75' lang='grc' dir='ltr'><strong>παρουσίαν,</strong></span> <span class='ocrx_word' id='word_1_279' title='bbox 2843 930 2999 993; x_wconf 82' lang='grc' dir='ltr'>ἄλλος</span> <span class='ocrx_word' id='word_1_280' title='bbox 3041 931 3265 984; x_wconf 83' lang='grc' dir='ltr'>ἄλλοθεν</span> <span class='ocrx_word' id='word_1_281' title='bbox 3301 928 3436 982; x_wconf 77' lang='grc' dir='ltr'>ἐϐόα</span> <span class='ocrx_word' id='word_1_282' title='bbox 3458 947 3473 959; x_wconf 74' lang='grc'><strong><em>⁵</em></strong></span> <span class='ocrx_word' id='word_1_283' title='bbox 3503 955 3521 985; x_wconf 84' lang='grc'><em>‹</em></span> <span class='ocrx_word' id='word_1_284' title='bbox 3555 939 3672 999; x_wconf 83' lang='grc' dir='ltr'>Ἔα,</span> <span class='ocrx_word' id='word_1_285' title='bbox 3697 937 3749 988; x_wconf 89' lang='grc' dir='ltr'><strong>τί</strong></span> 
     </span>
    </p>
   </div>
   <div class='ocr_carea' id='block_1_40' title="bbox 2167 1019 3739 1097">
    <p class='ocr_par' dir='ltr' id='par_1_40' title="bbox 2167 1019 3739 1097">
     <span class='ocr_line' id='line_1_40' title="bbox 2167 1019 3739 1097; baseline 0.006 -28"><span class='ocrx_word' id='word_1_286' title='bbox 2167 1019 2294 1088; x_wconf 75' lang='grc' dir='ltr'>ἡμῖν</span> <span class='ocrx_word' id='word_1_287' title='bbox 2320 1020 2416 1071; x_wconf 67' lang='grc' dir='ltr'><strong>καὶ</strong></span> <span class='ocrx_word' id='word_1_288' title='bbox 2444 1020 2545 1082; x_wconf 78' lang='grc' dir='ltr'>σοὶ,</span> <span class='ocrx_word' id='word_1_289' title='bbox 2583 1020 2755 1090; x_wconf 83' lang='grc' dir='ltr'>Ἰησοῦ</span> <span class='ocrx_word' id='word_1_290' title='bbox 2778 1022 2870 1074; x_wconf 81' lang='grc' dir='ltr'><strong>Υἱὲ</strong></span> <span class='ocrx_word' id='word_1_291' title='bbox 2894 1023 2985 1075; x_wconf 89' lang='grc' dir='ltr'><strong>τοῦ</strong></span> <span class='ocrx_word' id='word_1_292' title='bbox 3014 1022 3146 1076; x_wconf 81' lang='grc' dir='ltr'>Θεοῦ</span> <span class='ocrx_word' id='word_1_293' title='bbox 3173 1041 3188 1087; x_wconf 88' lang='lat'><strong>;</strong></span> <span class='ocrx_word' id='word_1_294' title='bbox 3226 1019 3391 1094; x_wconf 80' lang='grc' dir='ltr'>ἦλθες</span> <span class='ocrx_word' id='word_1_295' title='bbox 3415 1027 3520 1097; x_wconf 84' lang='grc' dir='ltr'>πρὸ</span> <span class='ocrx_word' id='word_1_296' title='bbox 3551 1026 3739 1097; x_wconf 79' lang='grc' dir='ltr'>καιροῦ</span> 
     </span>
    </p>
   </div>
   <div class='ocr_carea' id='block_1_41' title="bbox 2169 1110 3738 1188">
    <p class='ocr_par' dir='ltr' id='par_1_41' title="bbox 2169 1110 3738 1188">
     <span class='ocr_line' id='line_1_41' title="bbox 2169 1110 3738 1188; baseline 0.004 -25"><span class='ocrx_word' id='word_1_297' title='bbox 2169 1110 2456 1179; x_wconf 85' lang='grc' dir='ltr'>βασανίσαι</span> <span class='ocrx_word' id='word_1_298' title='bbox 2479 1114 2665 1183; x_wconf 82' lang='grc' dir='ltr'><strong>ἡμᾶς;</strong></span> <span class='ocrx_word' id='word_1_299' title='bbox 2707 1132 2723 1161; x_wconf 77' lang='grc' dir='ltr'><strong>ι</strong></span> <span class='ocrx_word' id='word_1_300' title='bbox 2772 1114 2935 1185; x_wconf 81' lang='grc' dir='ltr'>Ἀνὴρ</span> <span class='ocrx_word' id='word_1_301' title='bbox 2962 1114 3005 1166; x_wconf 78' lang='grc' dir='ltr'>δ’</span> <span class='ocrx_word' id='word_1_302' title='bbox 3047 1116 3180 1178; x_wconf 82' lang='grc' dir='ltr'>ὅλως</span> <span class='ocrx_word' id='word_1_303' title='bbox 3201 1114 3425 1187; x_wconf 68' lang='grc' dir='ltr'>γοητεία</span> <span class='ocrx_word' id='word_1_304' title='bbox 3459 1119 3738 1188; x_wconf 77' lang='grc' dir='ltr'><strong>προσέχων</strong></span> 
     </span>
    </p>
   </div>
   <div class='ocr_carea' id='block_1_42' title="bbox 2165 1201 3736 1276">
    <p class='ocr_par' dir='ltr' id='par_1_42' title="bbox 2165 1201 3736 1276">
     <span class='ocr_line' id='line_1_42' title="bbox 2165 1201 3736 1276; baseline 0.004 -23"><span class='ocrx_word' id='word_1_305' title='bbox 2165 1202 2252 1253; x_wconf 72' lang='grc' dir='ltr'><strong>τὸν</strong></span> <span class='ocrx_word' id='word_1_306' title='bbox 2273 1201 2417 1268; x_wconf 89' lang='grc' dir='ltr'>νοῦν,</span> <span class='ocrx_word' id='word_1_307' title='bbox 2452 1204 2546 1257; x_wconf 74' lang='grc' dir='ltr'>καὶ</span> <span class='ocrx_word' id='word_1_308' title='bbox 2585 1206 2800 1266; x_wconf 78' lang='grc' dir='ltr'>πάντως</span> <span class='ocrx_word' id='word_1_309' title='bbox 2829 1204 2893 1272; x_wconf 86' lang='grc' dir='ltr'><strong>γέ</strong></span> <span class='ocrx_word' id='word_1_310' title='bbox 2917 1222 3019 1257; x_wconf 85' lang='grc' dir='ltr'><strong>που</strong></span> <span class='ocrx_word' id='word_1_311' title='bbox 3048 1205 3248 1275; x_wconf 82' lang='grc' dir='ltr'>ἀπειρη</span> <span class='ocrx_word' id='word_1_312' title='bbox 3258 1205 3439 1274; x_wconf 81' lang='grc' dir='ltr'>μένοις</span> <span class='ocrx_word' id='word_1_313' title='bbox 3476 1206 3736 1276; x_wconf 84' lang='grc' dir='ltr'>πράγμα-</span> 
     </span>
    </p>
   </div>
   <div class='ocr_carea' id='block_1_43' title="bbox 2167 1294 3734 1369">
    <p class='ocr_par' dir='ltr' id='par_1_43' title="bbox 2167 1294 3734 1369">
     <span class='ocr_line' id='line_1_43' title="bbox 2167 1294 3734 1369; baseline 0.003 -25"><span class='ocrx_word' id='word_1_314' title='bbox 2167 1308 2248 1345; x_wconf 85' lang='grc' dir='ltr'><strong>σιν</strong></span> <span class='ocrx_word' id='word_1_315' title='bbox 2290 1295 2573 1365; x_wconf 75' lang='grc' dir='ltr'>ἐγχειρῶν,</span> <span class='ocrx_word' id='word_1_316' title='bbox 2629 1294 2716 1369; x_wconf 81' lang='grc' dir='ltr'><strong>ἆρ’</strong></span> <span class='ocrx_word' id='word_1_317' title='bbox 2752 1297 2851 1349; x_wconf 78' lang='grc' dir='ltr'><strong>οὐκ</strong></span> <span class='ocrx_word' id='word_1_318' title='bbox 2893 1295 2956 1349; x_wconf 82' lang='grc' dir='ltr'><strong>ἂν</strong></span> <span class='ocrx_word' id='word_1_319' title='bbox 2990 1296 3076 1365; x_wconf 81' lang='grc' dir='ltr'><strong>εἴη</strong></span> <span class='ocrx_word' id='word_1_320' title='bbox 3099 1296 3256 1366; x_wconf 80' lang='grc' dir='ltr'>δῆλος</span> <span class='ocrx_word' id='word_1_321' title='bbox 3294 1296 3503 1359; x_wconf 83' lang='grc' dir='ltr'>ἀνόσιος</span> <span class='ocrx_word' id='word_1_322' title='bbox 3535 1295 3611 1348; x_wconf 85' lang='grc' dir='ltr'>ὣν</span> <span class='ocrx_word' id='word_1_323' title='bbox 3641 1296 3734 1349; x_wconf 76' lang='grc' dir='ltr'><strong>τὸν</strong></span> 
     </span>
    </p>
   </div>
   <div class='ocr_carea' id='block_1_44' title="bbox 2162 1385 3733 1461">
    <p class='ocr_par' dir='ltr' id='par_1_44' title="bbox 2162 1385 3733 1461">
     <span class='ocr_line' id='line_1_44' title="bbox 2162 1385 3733 1461; baseline 0.004 -25"><span class='ocrx_word' id='word_1_324' title='bbox 2162 1385 2381 1454; x_wconf 82' lang='grc' dir='ltr'>τρόπον,</span> <span class='ocrx_word' id='word_1_325' title='bbox 2430 1388 2523 1440; x_wconf 70' lang='grc' dir='ltr'><strong>καὶ</strong></span> <span class='ocrx_word' id='word_1_326' title='bbox 2580 1390 2793 1461; x_wconf 82' lang='grc' dir='ltr'>μιαρὸς,</span> <span class='ocrx_word' id='word_1_327' title='bbox 2865 1390 2958 1443; x_wconf 72' lang='grc' dir='ltr'><strong>καὶ</strong></span> <span class='ocrx_word' id='word_1_328' title='bbox 3014 1389 3253 1460; x_wconf 74' lang='grc' dir='ltr'>αἰσχρὸς,</span> <span class='ocrx_word' id='word_1_329' title='bbox 3304 1390 3396 1442; x_wconf 57' lang='grc' dir='ltr'><strong>καὶ⁵</strong></span> <span class='ocrx_word' id='word_1_330' title='bbox 3431 1389 3605 1455; x_wconf 81' lang='grc' dir='ltr'>ἄθεος,</span> <span class='ocrx_word' id='word_1_331' title='bbox 3638 1391 3733 1445; x_wconf 82' lang='grc' dir='ltr'>καὶ</span> 
     </span>
    </p>
   </div>
   <div class='ocr_carea' id='block_1_45' title="bbox 2161 1475 3728 1551">
    <p class='ocr_par' dir='ltr' id='par_1_45' title="bbox 2161 1475 3728 1551">
     <span class='ocr_line' id='line_1_45' title="bbox 2161 1475 3728 1551; baseline 0.003 -23"><span class='ocrx_word' id='word_1_332' title='bbox 2161 1475 2392 1547; x_wconf 54' lang='grc' dir='ltr'>ἀσεϐής</span> <span class='ocrx_word' id='word_1_333' title='bbox 2427 1478 2675 1545; x_wconf 83' lang='grc' dir='ltr'>Τοιοῦτος</span> <span class='ocrx_word' id='word_1_334' title='bbox 2703 1479 2760 1533; x_wconf 87' lang='grc' dir='ltr'>δὲ</span> <span class='ocrx_word' id='word_1_335' title='bbox 2785 1478 2880 1541; x_wconf 80' lang='grc' dir='ltr'>ὢν,</span> <span class='ocrx_word' id='word_1_336' title='bbox 2911 1479 3071 1534; x_wconf 75' lang='grc' dir='ltr'>πόθεν</span> <span class='ocrx_word' id='word_1_337' title='bbox 3107 1480 3140 1551; x_wconf 76' lang='grc' dir='ltr'><strong>ἢ</strong></span> <span class='ocrx_word' id='word_1_338' title='bbox 3174 1480 3289 1542; x_wconf 84' lang='grc' dir='ltr'><strong>πῶς</strong></span> <span class='ocrx_word' id='word_1_339' title='bbox 3317 1479 3386 1533; x_wconf 90' lang='grc' dir='ltr'><strong>τά</strong></span> <span class='ocrx_word' id='word_1_340' title='bbox 3413 1482 3540 1551; x_wconf 71' lang='grc' dir='ltr'>περὶ</span> <span class='ocrx_word' id='word_1_341' title='bbox 3578 1480 3728 1533; x_wconf 84' lang='grc' dir='ltr'>εὐσε-</span> 
     </span>
    </p>
   </div>
   <div class='ocr_carea' id='block_1_46' title="bbox 2161 1563 3726 1642">
    <p class='ocr_par' dir='ltr' id='par_1_46' title="bbox 2161 1563 3726 1642">
     <span class='ocr_line' id='line_1_46' title="bbox 2161 1563 3726 1642; baseline 0.006 -27"><span class='ocrx_word' id='word_1_342' title='bbox 2161 1563 2308 1627; x_wconf 80' lang='grc' dir='ltr'>ϐείας</span> <span class='ocrx_word' id='word_1_343' title='bbox 2354 1566 2583 1631; x_wconf 81' lang='grc' dir='ltr'><strong>διδάξειν</strong></span> <span class='ocrx_word' id='word_1_344' title='bbox 2644 1570 2886 1639; x_wconf 78' lang='grc' dir='ltr'>ἐτέρους,</span> <span class='ocrx_word' id='word_1_345' title='bbox 2951 1569 3082 1637; x_wconf 74' lang='grc' dir='ltr'>ἦτα</span> <span class='ocrx_word' id='word_1_346' title='bbox 3118 1571 3245 1640; x_wconf 68' lang='grc' dir='ltr'>περὶ</span> <span class='ocrx_word' id='word_1_347' title='bbox 3288 1569 3658 1641; x_wconf 83' lang='grc' dir='ltr'>σωφροσύνης,</span> <span class='ocrx_word' id='word_1_348' title='bbox 3693 1570 3726 1642; x_wconf 79' lang='grc' dir='ltr'>ἢ</span> 
     </span>
    </p>
   </div>
   <div class='ocr_carea' id='block_1_47' title="bbox 2160 1657 3728 1734">
    <p class='ocr_par' dir='ltr' id='par_1_47' title="bbox 2160 1657 3728 1734">
     <span class='ocr_line' id='line_1_47' title="bbox 2160 1657 3728 1734; baseline 0.004 -24"><span class='ocrx_word' id='word_1_349' title='bbox 2160 1657 2227 1711; x_wconf 74' lang='grc' dir='ltr'><strong>τὰ</strong></span> <span class='ocrx_word' id='word_1_350' title='bbox 2258 1661 2384 1731; x_wconf 76' lang='grc' dir='ltr'>περὶ</span> <span class='ocrx_word' id='word_1_351' title='bbox 2415 1661 2550 1714; x_wconf 84' lang='grc' dir='ltr'>Θεοῦ</span> <span class='ocrx_word' id='word_1_352' title='bbox 2582 1662 2853 1729; x_wconf 84' lang='grc' dir='ltr'>γνώσεως,</span> <span class='ocrx_word' id='word_1_353' title='bbox 2881 1663 2913 1733; x_wconf 79' lang='grc' dir='ltr'>ἢ</span> <span class='ocrx_word' id='word_1_354' title='bbox 2944 1662 3011 1715; x_wconf 75' lang='grc' dir='ltr'>τὰ</span> <span class='ocrx_word' id='word_1_355' title='bbox 3046 1664 3173 1734; x_wconf 75' lang='grc' dir='ltr'>περὶ</span> <span class='ocrx_word' id='word_1_356' title='bbox 3225 1662 3605 1734; x_wconf 80' lang='grc' dir='ltr'>δικαιωτηρίου</span> <span class='ocrx_word' id='word_1_357' title='bbox 3634 1663 3728 1717; x_wconf 76' lang='grc' dir='ltr'><strong>καὶ</strong></span> 
     </span>
    </p>
   </div>
   <div class='ocr_carea' id='block_1_48' title="bbox 2166 1752 3728 1824">
    <p class='ocr_par' dir='ltr' id='par_1_48' title="bbox 2166 1752 3728 1824">
     <span class='ocr_line' id='line_1_48' title="bbox 2166 1752 3728 1824; baseline 0.004 -21"><span class='ocrx_word' id='word_1_358' title='bbox 2166 1752 2402 1821; x_wconf 83' lang='grc' dir='ltr'>κρίσεως</span> <span class='ocrx_word' id='word_1_359' title='bbox 2439 1752 2532 1805; x_wconf 90' lang='grc' dir='ltr'><strong>τοῦ</strong></span> <span class='ocrx_word' id='word_1_360' title='bbox 2575 1755 2667 1807; x_wconf 80' lang='grc' dir='ltr'><strong>ἐπὶ</strong></span> <span class='ocrx_word' id='word_1_361' title='bbox 2718 1754 2935 1808; x_wconf 73' lang='grc' dir='ltr'>πάντων</span> <span class='ocrx_word' id='word_1_362' title='bbox 2966 1752 3134 1819; x_wconf 78' lang='grc' dir='ltr'>Θεοῦς</span> <span class='ocrx_word' id='word_1_363' title='bbox 3162 1755 3296 1824; x_wconf 80' lang='grc' dir='ltr'>Ούχὶ</span> <span class='ocrx_word' id='word_1_364' title='bbox 3328 1754 3532 1808; x_wconf 81' lang='grc' dir='ltr'>τούτων</span> <span class='ocrx_word' id='word_1_365' title='bbox 3555 1755 3728 1809; x_wconf 80' lang='grc' dir='ltr'>ἀπάν-</span> 
     </span>
    </p>
   </div>
   <div class='ocr_carea' id='block_1_49' title="bbox 2157 1824 3723 1918">
    <p class='ocr_par' dir='ltr' id='par_1_49' title="bbox 2157 1824 3723 1918">
     <span class='ocr_line' id='line_1_49' title="bbox 2157 1824 3723 1918; baseline 0.004 -25"><span class='ocrx_word' id='word_1_366' title='bbox 2157 1856 2263 1894; x_wconf 88' lang='grc' dir='ltr'><strong>των</strong></span> <span class='ocrx_word' id='word_1_367' title='bbox 2284 1842 2353 1895; x_wconf 86' lang='grc' dir='ltr'>τὰ</span> <span class='ocrx_word' id='word_1_368' title='bbox 2368 1845 2583 1897; x_wconf 79' lang='grc' dir='ltr'>ἐναντία</span> <span class='ocrx_word' id='word_1_369' title='bbox 2611 1824 2923 1917; x_wconf 79' lang='grc' dir='ltr'>πρεσϐεύει,</span> <span class='ocrx_word' id='word_1_370' title='bbox 2949 1846 3215 1900; x_wconf 79' lang='grc' dir='ltr'><strong>ἀκόλουθα</strong></span> <span class='ocrx_word' id='word_1_371' title='bbox 3241 1849 3308 1917; x_wconf 79' lang='grc' dir='ltr'>τῇ</span> <span class='ocrx_word' id='word_1_372' title='bbox 3338 1844 3501 1899; x_wconf 77' lang='grc' dir='ltr'>αὑτοῦ</span> <span class='ocrx_word' id='word_1_373' title='bbox 3519 1846 3723 1918; x_wconf 82' lang='grc' dir='ltr'>μοχθη-</span> 
     </span>
    </p>
   </div>
   <div class='ocr_carea' id='block_1_50' title="bbox 2155 1933 3723 2008">
    <p class='ocr_par' dir='ltr' id='par_1_50' title="bbox 2155 1933 3723 2008">
     <span class='ocr_line' id='line_1_50' title="bbox 2155 1933 3723 2008; baseline 0.003 -24"><span class='ocrx_word' id='word_1_374' title='bbox 2155 1933 2246 2004; x_wconf 74' lang='grc' dir='ltr'><strong>ρία</strong></span> <span class='ocrx_word' id='word_1_375' title='bbox 2279 1933 2565 2003; x_wconf 88' lang='grc' dir='ltr'>πράττων;</span> <span class='ocrx_word' id='word_1_376' title='bbox 2594 1938 2685 1989; x_wconf 78' lang='grc' dir='ltr'><strong>καὶ</strong></span> <span class='ocrx_word' id='word_1_377' title='bbox 2705 1936 2835 1989; x_wconf 80' lang='grc' dir='ltr'>Θεὸν</span> <span class='ocrx_word' id='word_1_378' title='bbox 2858 1938 2953 2007; x_wconf 79' lang='grc' dir='ltr'>μὲν</span> <span class='ocrx_word' id='word_1_379' title='bbox 2981 1938 3294 2008; x_wconf 81' lang='grc' dir='ltr'>ἀρνήσεται,</span> <span class='ocrx_word' id='word_1_380' title='bbox 3330 1938 3425 1991; x_wconf 71' lang='grc' dir='ltr'><strong>καὶ</strong></span> <span class='ocrx_word' id='word_1_381' title='bbox 3442 1936 3576 1990; x_wconf 86' lang='grc' dir='ltr'>Θεοῦ</span> <span class='ocrx_word' id='word_1_382' title='bbox 3599 1936 3723 2008; x_wconf 85' lang='grc' dir='ltr'>πρό-</span> 
     </span>
    </p>
   </div>
   <div class='ocr_carea' id='block_1_51' title="bbox 2155 2024 3721 2098">
    <p class='ocr_par' dir='ltr' id='par_1_51' title="bbox 2155 2024 3721 2098">
     <span class='ocr_line' id='line_1_51' title="bbox 2155 2024 3721 2098; baseline 0.003 -24"><span class='ocrx_word' id='word_1_383' title='bbox 2155 2039 2301 2076; x_wconf 86' lang='grc' dir='ltr'>νοιαν</span> <span class='ocrx_word' id='word_1_384' title='bbox 2326 2065 2341 2086; x_wconf 91' lang='grc'><strong>,</strong></span> <span class='ocrx_word' id='word_1_385' title='bbox 2371 2024 2464 2077; x_wconf 78' lang='grc' dir='ltr'>καὶ</span> <span class='ocrx_word' id='word_1_386' title='bbox 2493 2025 2627 2079; x_wconf 85' lang='grc' dir='ltr'>Θεοῦ</span> <span class='ocrx_word' id='word_1_387' title='bbox 2656 2029 2857 2098; x_wconf 81' lang='grc' dir='ltr'>κρίσιν,</span> <span class='ocrx_word' id='word_1_388' title='bbox 2880 2027 3130 2097; x_wconf 85' lang='grc' dir='ltr'>χλευάσει</span> <span class='ocrx_word' id='word_1_389' title='bbox 3146 2028 3202 2080; x_wconf 83' lang='grc' dir='ltr'><strong>δὲ</strong></span> <span class='ocrx_word' id='word_1_390' title='bbox 3226 2026 3351 2090; x_wconf 79' lang='grc' dir='ltr'>τοὺς</span> <span class='ocrx_word' id='word_1_391' title='bbox 3374 2027 3500 2098; x_wconf 73' lang='grc' dir='ltr'>περὶ</span> <span class='ocrx_word' id='word_1_392' title='bbox 3520 2027 3721 2098; x_wconf 85' lang='grc' dir='ltr'>ἀρετῆς</span> 
     </span>
    </p>
   </div>
   <div class='ocr_carea' id='block_1_52' title="bbox 2152 2110 3719 2187">
    <p class='ocr_par' dir='ltr' id='par_1_52' title="bbox 2152 2110 3719 2187">
     <span class='ocr_line' id='line_1_52' title="bbox 2152 2110 3719 2187; baseline 0.005 -26"><span class='ocrx_word' id='word_1_393' title='bbox 2152 2110 2397 2173; x_wconf 76' lang='grc' dir='ltr'>καὶτοὺς</span> <span class='ocrx_word' id='word_1_394' title='bbox 2448 2112 2573 2182; x_wconf 77' lang='grc' dir='ltr'>περὶ</span> <span class='ocrx_word' id='word_1_395' title='bbox 2596 2113 2775 2185; x_wconf 75' lang='grc' dir='ltr'>ψυχῆς</span> <span class='ocrx_word' id='word_1_396' title='bbox 2822 2113 3117 2178; x_wconf 82' lang='grc' dir='ltr'>ἀθανασίας</span> <span class='ocrx_word' id='word_1_397' title='bbox 3162 2114 3381 2184; x_wconf 74' lang='grc' dir='ltr'>λόγουςς</span> <span class='ocrx_word' id='word_1_398' title='bbox 3415 2117 3477 2169; x_wconf 83' lang='lat' dir='ltr'><strong>Ei</strong></span> <span class='ocrx_word' id='word_1_399' title='bbox 3519 2116 3617 2186; x_wconf 85' lang='grc' dir='ltr'><strong>μὲν</strong></span> <span class='ocrx_word' id='word_1_400' title='bbox 3656 2116 3719 2187; x_wconf 76' lang='grc' dir='ltr'>δὴ</span> 
     </span>
    </p>
   </div>
   <div class='ocr_carea' id='block_1_53' title="bbox 2148 2200 3717 2279">
    <p class='ocr_par' dir='ltr' id='par_1_53' title="bbox 2148 2200 3717 2279">
     <span class='ocr_line' id='line_1_53' title="bbox 2148 2200 3717 2279; baseline 0.004 -26"><span class='ocrx_word' id='word_1_401' title='bbox 2148 2201 2372 2256; x_wconf 86' lang='grc' dir='ltr'>τοιαῦτά</span> <span class='ocrx_word' id='word_1_402' title='bbox 2391 2221 2511 2257; x_wconf 89' lang='grc' dir='ltr'>τινα</span> <span class='ocrx_word' id='word_1_403' title='bbox 2535 2200 2603 2275; x_wconf 73' lang='grc' dir='ltr'>ἦν</span> <span class='ocrx_word' id='word_1_404' title='bbox 2640 2206 2768 2258; x_wconf 82' lang='grc' dir='ltr'>ἰδεῖν</span> <span class='ocrx_word' id='word_1_405' title='bbox 2803 2206 2895 2259; x_wconf 74' lang='grc' dir='ltr'>καὶ</span> <span class='ocrx_word' id='word_1_406' title='bbox 2923 2207 3052 2279; x_wconf 77' lang='grc' dir='ltr'>περὶ</span> <span class='ocrx_word' id='word_1_407' title='bbox 3079 2207 3171 2261; x_wconf 71' lang='grc' dir='ltr'>τὸν</span> <span class='ocrx_word' id='word_1_408' title='bbox 3205 2209 3431 2279; x_wconf 82' lang='grc' dir='ltr'>Σωτῆρα</span> <span class='ocrx_word' id='word_1_409' title='bbox 3478 2209 3571 2262; x_wconf 77' lang='grc' dir='ltr'><strong>καὶ</strong></span> <span class='ocrx_word' id='word_1_410' title='bbox 3602 2208 3717 2260; x_wconf 86' lang='grc' dir='ltr'><strong>Κύ-</strong></span> 
     </span>
    </p>
   </div>
   <div class='ocr_carea' id='block_1_54' title="bbox 2151 2295 3717 2372">
    <p class='ocr_par' dir='ltr' id='par_1_54' title="bbox 2151 2295 3717 2372">
     <span class='ocr_line' id='line_1_54' title="bbox 2151 2295 3717 2372; baseline 0.004 -25"><span class='ocrx_word' id='word_1_411' title='bbox 2151 2312 2260 2366; x_wconf 86' lang='grc' dir='ltr'>ριον</span> <span class='ocrx_word' id='word_1_412' title='bbox 2278 2296 2453 2366; x_wconf 80' lang='grc' dir='ltr'>ἡμῶν,</span> <span class='ocrx_word' id='word_1_413' title='bbox 2482 2297 2633 2351; x_wconf 80' lang='grc' dir='ltr'>οὐδὲν</span> <span class='ocrx_word' id='word_1_414' title='bbox 2661 2298 2724 2351; x_wconf 82' lang='grc' dir='ltr'><strong>ἂν</strong></span> <span class='ocrx_word' id='word_1_415' title='bbox 2749 2295 2816 2369; x_wconf 80' lang='grc' dir='ltr'>ἦν</span> <span class='ocrx_word' id='word_1_416' title='bbox 2842 2301 3013 2353; x_wconf 72' lang='grc' dir='ltr'>εἰπεῖν</span> <span class='ocrx_word' id='word_1_417' title='bbox 3031 2316 3045 2330; x_wconf 87' lang='grc'><strong>·</strong></span> <span class='ocrx_word' id='word_1_418' title='bbox 3079 2301 3127 2353; x_wconf 89' lang='grc' dir='ltr'><strong>εί</strong></span> <span class='ocrx_word' id='word_1_419' title='bbox 3153 2301 3197 2354; x_wconf 84' lang='grc' dir='ltr'>δ’</span> <span class='ocrx_word' id='word_1_420' title='bbox 3218 2302 3302 2371; x_wconf 78' lang='grc' dir='ltr'><strong>ἐφ’</strong></span> <span class='ocrx_word' id='word_1_421' title='bbox 3337 2301 3548 2372; x_wconf 81' lang='grc' dir='ltr'><strong>ἑκάστῳ</strong></span> <span class='ocrx_word' id='word_1_422' title='bbox 3578 2300 3717 2371; x_wconf 84' lang='grc' dir='ltr'>πρά-</span> 
     </span>
    </p>
   </div>
   <div class='ocr_carea' id='block_1_55' title="bbox 2146 2389 3717 2465">
    <p class='ocr_par' dir='ltr' id='par_1_55' title="bbox 2146 2389 3717 2465">
     <span class='ocr_line' id='line_1_55' title="bbox 2146 2389 3717 2465; baseline 0.005 -26"><span class='ocrx_word' id='word_1_423' title='bbox 2146 2403 2318 2456; x_wconf 88' lang='grc' dir='ltr'>γματι</span> <span class='ocrx_word' id='word_1_424' title='bbox 2352 2391 2447 2442; x_wconf 78' lang='grc' dir='ltr'>καὶ</span> <span class='ocrx_word' id='word_1_425' title='bbox 2466 2389 2610 2461; x_wconf 83' lang='grc' dir='ltr'>λόγῳ</span> <span class='ocrx_word' id='word_1_426' title='bbox 2628 2392 2720 2445; x_wconf 84' lang='grc' dir='ltr'><strong>τὸν</strong></span> <span class='ocrx_word' id='word_1_427' title='bbox 2746 2392 2964 2446; x_wconf 84' lang='grc' dir='ltr'>πάντων</span> <span class='ocrx_word' id='word_1_428' title='bbox 2985 2393 3313 2465; x_wconf 77' lang='grc' dir='ltr'>δημιουργὸν</span> <span class='ocrx_word' id='word_1_429' title='bbox 3343 2393 3559 2464; x_wconf 81' lang='grc' dir='ltr'>Πατέρα</span> <span class='ocrx_word' id='word_1_430' title='bbox 3583 2392 3717 2447; x_wconf 80' lang='grc' dir='ltr'>Θεὸν</span> 
     </span>
    </p>
   </div>
   <div class='ocr_carea' id='block_1_56' title="bbox 2145 2475 3715 2554">
    <p class='ocr_par' dir='ltr' id='par_1_56' title="bbox 2145 2475 3715 2554">
     <span class='ocr_line' id='line_1_56' title="bbox 2145 2475 3715 2554; baseline 0.005 -26"><span class='ocrx_word' id='word_1_431' title='bbox 2145 2475 2581 2549; x_wconf 86' lang='grc' dir='ltr'>ἀνάκαλούμενος</span> <span class='ocrx_word' id='word_1_432' title='bbox 2644 2480 3061 2547; x_wconf 86' lang='grc' dir='ltr'>ἀποδείκνυται,</span> <span class='ocrx_word' id='word_1_433' title='bbox 3119 2484 3212 2536; x_wconf 74' lang='grc' dir='ltr'>καὶ</span> <span class='ocrx_word' id='word_1_434' title='bbox 3270 2482 3396 2547; x_wconf 82' lang='grc' dir='ltr'>τοὺς</span> <span class='ocrx_word' id='word_1_435' title='bbox 3458 2482 3715 2554; x_wconf 81' lang='grc' dir='ltr'>φοιτητὰς</span> 
     </span>
    </p>
   </div>
   <div class='ocr_carea' id='block_1_57' title="bbox 2143 2569 3719 2648">
    <p class='ocr_par' dir='ltr' id='par_1_57' title="bbox 2143 2569 3719 2648">
     <span class='ocr_line' id='line_1_57' title="bbox 2143 2569 3719 2648; baseline 0.006 -29"><span class='ocrx_word' id='word_1_436' title='bbox 2143 2569 2414 2635; x_wconf 77' lang='grc' dir='ltr'>τοιούτους</span> <span class='ocrx_word' id='word_1_437' title='bbox 2446 2569 2584 2627; x_wconf 79' lang='grc' dir='ltr'>εἶναι</span> <span class='ocrx_word' id='word_1_438' title='bbox 2615 2574 3067 2645; x_wconf 80' lang='grc' dir='ltr'>παρασκευάζων,</span> <span class='ocrx_word' id='word_1_439' title='bbox 3099 2578 3195 2629; x_wconf 67' lang='grc' dir='ltr'><strong>καὶ</strong></span> <span class='ocrx_word' id='word_1_440' title='bbox 3229 2578 3276 2630; x_wconf 85' lang='grc' dir='ltr'><strong>εί</strong></span> <span class='ocrx_word' id='word_1_441' title='bbox 3298 2577 3529 2648; x_wconf 81' lang='grc' dir='ltr'>σώφρων</span> <span class='ocrx_word' id='word_1_442' title='bbox 3559 2575 3719 2640; x_wconf 76' lang='grc' dir='ltr'>αὐτὸς</span> 
     </span>
    </p>
   </div>
   <div class='ocr_carea' id='block_1_58' title="bbox 2143 2662 3718 2739">
    <p class='ocr_par' dir='ltr' id='par_1_58' title="bbox 2143 2662 3718 2739">
     <span class='ocr_line' id='line_1_58' title="bbox 2143 2662 3718 2739; baseline 0.006 -27"><span class='ocrx_word' id='word_1_443' title='bbox 2143 2662 2239 2713; x_wconf 76' lang='grc' dir='ltr'><strong>καὶ</strong></span> <span class='ocrx_word' id='word_1_444' title='bbox 2264 2663 2555 2734; x_wconf 79' lang='grc' dir='ltr'>σωφρόνων</span> <span class='ocrx_word' id='word_1_445' title='bbox 2594 2665 2768 2734; x_wconf 82' lang='grc' dir='ltr'>λόγων</span> <span class='ocrx_word' id='word_1_446' title='bbox 2797 2666 3135 2730; x_wconf 76' lang='grc' dir='ltr'>διδασκαλος,</span> <span class='ocrx_word' id='word_1_447' title='bbox 3168 2670 3261 2721; x_wconf 80' lang='grc' dir='ltr'><strong>καὶ</strong></span> <span class='ocrx_word' id='word_1_448' title='bbox 3284 2671 3332 2721; x_wconf 86' lang='grc' dir='ltr'><strong>εί</strong></span> <span class='ocrx_word' id='word_1_449' title='bbox 3358 2668 3586 2739; x_wconf 85' lang='grc' dir='ltr'>ποιητὴς</span> <span class='ocrx_word' id='word_1_450' title='bbox 3625 2670 3718 2722; x_wconf 76' lang='grc' dir='ltr'><strong>καὶ</strong></span> 
     </span>
    </p>
   </div>
   <div class='ocr_carea' id='block_1_59' title="bbox 2145 2752 3715 2826">
    <p class='ocr_par' dir='ltr' id='par_1_59' title="bbox 2145 2752 3715 2826">
     <span class='ocr_line' id='line_1_59' title="bbox 2145 2752 3715 2826; baseline 0.003 -22"><span class='ocrx_word' id='word_1_451' title='bbox 2145 2752 2316 2823; x_wconf 72' lang='grc' dir='ltr'>κῆρυξ</span> <span class='ocrx_word' id='word_1_452' title='bbox 2336 2753 2700 2824; x_wconf 80' lang='grc' dir='ltr'>δικαιοσύνης,</span> <span class='ocrx_word' id='word_1_453' title='bbox 2727 2756 2821 2808; x_wconf 75' lang='grc' dir='ltr'>καὶ</span> <span class='ocrx_word' id='word_1_454' title='bbox 2856 2754 3130 2825; x_wconf 86' lang='grc' dir='ltr'>ἀληθείας,</span> <span class='ocrx_word' id='word_1_455' title='bbox 3160 2757 3253 2807; x_wconf 79' lang='grc' dir='ltr'><strong>καὶ</strong></span> <span class='ocrx_word' id='word_1_456' title='bbox 3287 2756 3715 2826; x_wconf 78' lang='grc' dir='ltr'>φιλανθρωπίας,</span> 
     </span>
    </p>
   </div>
   <div class='ocr_carea' id='block_1_60' title="bbox 2142 2841 3715 2914">
    <p class='ocr_par' dir='ltr' id='par_1_60' title="bbox 2142 2841 3715 2914">
     <span class='ocr_line' id='line_1_60' title="bbox 2142 2841 3715 2914; baseline 0 -20"><span class='ocrx_word' id='word_1_457' title='bbox 2142 2843 2236 2895; x_wconf 71' lang='grc' dir='ltr'>καὶ</span> <span class='ocrx_word' id='word_1_458' title='bbox 2284 2841 2483 2914; x_wconf 84' lang='grc' dir='ltr'>ἀρετῆς</span> <span class='ocrx_word' id='word_1_459' title='bbox 2544 2843 2781 2912; x_wconf 81' lang='grc' dir='ltr'>ἀπάσης,</span> <span class='ocrx_word' id='word_1_460' title='bbox 2828 2844 2922 2896; x_wconf 78' lang='grc' dir='ltr'><strong>καὶ</strong></span> <span class='ocrx_word' id='word_1_461' title='bbox 2949 2842 3253 2905; x_wconf 72' lang='grc' dir='ltr'>θεοσεϐείας</span> <span class='ocrx_word' id='word_1_462' title='bbox 3297 2841 3588 2911; x_wconf 73' lang='grc' dir='ltr'>εἰσηγητὴς</span> <span class='ocrx_word' id='word_1_463' title='bbox 3619 2841 3715 2894; x_wconf 88' lang='grc' dir='ltr'><strong>τοῦ</strong></span> 
     </span>
    </p>
   </div>
   <div class='ocr_carea' id='block_1_61' title="bbox 2143 2932 3716 3005">
    <p class='ocr_par' dir='ltr' id='par_1_61' title="bbox 2143 2932 3716 3005">
     <span class='ocr_line' id='line_1_61' title="bbox 2143 2932 3716 3005; baseline 0 -18"><span class='ocrx_word' id='word_1_464' title='bbox 2143 2934 2529 3005; x_wconf 79' lang='grc' dir='ltr'>παμϐασιλέως</span> <span class='ocrx_word' id='word_1_465' title='bbox 2547 2936 2681 2989; x_wconf 86' lang='grc' dir='ltr'>Θεοῦ</span> <span class='ocrx_word' id='word_1_466' title='bbox 2701 2953 2716 2967; x_wconf 73' lang='grc' dir='ltr'><strong>ο</strong></span> <span class='ocrx_word' id='word_1_467' title='bbox 2748 2936 2863 2999; x_wconf 84' lang='grc' dir='ltr'><strong>πῶς</strong></span> <span class='ocrx_word' id='word_1_468' title='bbox 2891 2937 2989 3005; x_wconf 84' lang='grc' dir='ltr'><strong>οὐχ</strong></span> <span class='ocrx_word' id='word_1_469' title='bbox 3016 2935 3206 2987; x_wconf 74' lang='grc' dir='ltr'>ἕπεται</span> <span class='ocrx_word' id='word_1_470' title='bbox 3224 2933 3434 2997; x_wconf 77' lang='grc' dir='ltr'>τούτοις</span> <span class='ocrx_word' id='word_1_471' title='bbox 3458 2933 3517 2986; x_wconf 81' lang='grc' dir='ltr'><strong>τὸ</strong></span> <span class='ocrx_word' id='word_1_472' title='bbox 3544 2932 3716 3004; x_wconf 85' lang='grc' dir='ltr'>μηθὲν</span> 
     </span>
    </p>
   </div>
   <div class='ocr_carea' id='block_1_62' title="bbox 2146 3022 3711 3097">
    <p class='ocr_par' dir='ltr' id='par_1_62' title="bbox 2146 3022 3711 3097">
     <span class='ocr_line' id='line_1_62' title="bbox 2146 3022 3711 3097; baseline -0.001 -19"><span class='ocrx_word' id='word_1_473' title='bbox 2146 3025 2242 3097; x_wconf 83' lang='grc' dir='ltr'>μὲν</span> <span class='ocrx_word' id='word_1_474' title='bbox 2274 3024 2523 3096; x_wconf 82' lang='grc' dir='ltr'>ἡγεῖσθαι</span> <span class='ocrx_word' id='word_1_475' title='bbox 2580 3026 2719 3079; x_wconf 85' lang='grc' dir='ltr'><strong>κατά</strong></span> <span class='ocrx_word' id='word_1_476' title='bbox 2775 3024 3028 3095; x_wconf 88' lang='grc' dir='ltr'>γοητείαν</span> <span class='ocrx_word' id='word_1_477' title='bbox 3055 3025 3216 3078; x_wconf 78' lang='grc' dir='ltr'>αὐτὸν</span> <span class='ocrx_word' id='word_1_478' title='bbox 3248 3024 3357 3077; x_wconf 88' lang='grc' dir='ltr'><strong>τῶν</strong></span> <span class='ocrx_word' id='word_1_479' title='bbox 3395 3022 3711 3093; x_wconf 80' lang='grc' dir='ltr'>παραδόξων</span> 
     </span>
    </p>
   </div>
   <div class='ocr_carea' id='block_1_63' title="bbox 2142 3116 3712 3190">
    <p class='ocr_par' dir='ltr' id='par_1_63' title="bbox 2142 3116 3712 3190">
     <span class='ocr_line' id='line_1_63' title="bbox 2142 3116 3712 3190; baseline 0 -20"><span class='ocrx_word' id='word_1_480' title='bbox 2142 3118 2517 3189; x_wconf 80' lang='grc' dir='ltr'>πεποιηκέναι,</span> <span class='ocrx_word' id='word_1_481' title='bbox 2566 3118 2793 3190; x_wconf 82' lang='grc' dir='ltr'>δυνάμει</span> <span class='ocrx_word' id='word_1_482' title='bbox 2839 3119 2884 3172; x_wconf 82' lang='grc' dir='ltr'>δ’</span> <span class='ocrx_word' id='word_1_483' title='bbox 2916 3120 3231 3190; x_wconf 76' lang='grc' dir='ltr'>ἀπορρήτῳ,</span> <span class='ocrx_word' id='word_1_484' title='bbox 3265 3118 3357 3172; x_wconf 76' lang='grc' dir='ltr'>καὶ</span> <span class='ocrx_word' id='word_1_485' title='bbox 3387 3118 3462 3181; x_wconf 82' lang='grc' dir='ltr'>ὡς</span> <span class='ocrx_word' id='word_1_486' title='bbox 3497 3116 3712 3187; x_wconf 83' lang='grc' dir='ltr'>ἀληθῶς</span> 
     </span>
    </p>
   </div>
   <div class='ocr_carea' id='block_1_64' title="bbox 2141 3212 3709 3285">
    <p class='ocr_par' dir='ltr' id='par_1_64' title="bbox 2141 3212 3709 3285">
     <span class='ocr_line' id='line_1_64' title="bbox 2141 3212 3709 3285; baseline 0 -20"><span class='ocrx_word' id='word_1_487' title='bbox 2141 3212 2307 3285; x_wconf 82' lang='grc' dir='ltr'>ὲνθέῳ</span> <span class='ocrx_word' id='word_1_488' title='bbox 2329 3212 2732 3283; x_wconf 84' lang='grc' dir='ltr'>συνομολογετν;</span> <span class='ocrx_word' id='word_1_489' title='bbox 2763 3212 2901 3266; x_wconf 79' lang='grc' dir='ltr'>Ἀλλ’</span> <span class='ocrx_word' id='word_1_490' title='bbox 2925 3214 3005 3276; x_wconf 87' lang='grc' dir='ltr'><strong>είς</strong></span> <span class='ocrx_word' id='word_1_491' title='bbox 3032 3212 3284 3265; x_wconf 88' lang='grc' dir='ltr'>τοσοῦτον</span> <span class='ocrx_word' id='word_1_492' title='bbox 3305 3213 3545 3275; x_wconf 81' lang='grc' dir='ltr'>ἐλαύνεις</span> <span class='ocrx_word' id='word_1_493' title='bbox 3568 3212 3709 3283; x_wconf 84' lang='grc' dir='ltr'>ἀπη-</span> 
     </span>
    </p>
   </div>
   <div class='ocr_carea' id='block_1_65' title="bbox 466 3300 2046 3396">
    <p class='ocr_par' dir='ltr' id='par_1_65' title="bbox 466 3302 2037 3377">
     <span class='ocr_line' id='line_1_65' title="bbox 466 3302 2037 3377; baseline 0.004 -21"><span class='ocrx_word' id='word_1_494' title='bbox 466 3317 594 3356; x_wconf 91' lang='lat' dir='ltr'><strong>nam</strong></span> <span class='ocrx_word' id='word_1_495' title='bbox 620 3302 913 3372; x_wconf 90' lang='lat' dir='ltr'><strong>acciperet,</strong></span> <span class='ocrx_word' id='word_1_496' title='bbox 941 3317 1292 3373; x_wconf 87' lang='lat' dir='ltr'><strong>comparasse</strong></span> <span class='ocrx_word' id='word_1_497' title='bbox 1318 3322 1330 3358; x_wconf 92' lang='lat'>:</span> <span class='ocrx_word' id='word_1_498' title='bbox 1358 3318 1480 3359; x_wconf 91' lang='lat' dir='ltr'><strong>cum</strong></span> <span class='ocrx_word' id='word_1_499' title='bbox 1511 3312 1565 3359; x_wconf 89' lang='lat' dir='ltr'><strong>et</strong></span> <span class='ocrx_word' id='word_1_500' title='bbox 1591 3305 1705 3376; x_wconf 89' lang='lat' dir='ltr'><strong>ipse</strong></span> <span class='ocrx_word' id='word_1_501' title='bbox 1728 3316 2037 3377; x_wconf 82' lang='lat' dir='ltr'><strong>temperans</strong></span> 
     </span>
    </p>
   </div>
   <div class='ocr_carea' id='block_1_66' title="bbox 2150 3300 3710 3396">
    <p class='ocr_par' dir='ltr' id='par_1_66' title="bbox 2150 3300 3710 3375">
     <span class='ocr_line' id='line_1_66' title="bbox 2150 3300 3710 3375; baseline -0.004 -17"><span class='ocrx_word' id='word_1_502' title='bbox 2150 3303 2306 3367; x_wconf 76' lang='grc' dir='ltr'>νείας,</span> <span class='ocrx_word' id='word_1_503' title='bbox 2340 3304 2414 3369; x_wconf 83' lang='grc' dir='ltr'>ὡς</span> <span class='ocrx_word' id='word_1_504' title='bbox 2448 3305 2520 3375; x_wconf 84' lang='grc' dir='ltr'><strong>μὴ</strong></span> <span class='ocrx_word' id='word_1_505' title='bbox 2554 3305 2832 3374; x_wconf 82' lang='grc' dir='ltr'>λογισμοῖς</span> <span class='ocrx_word' id='word_1_506' title='bbox 2857 3301 3118 3374; x_wconf 83' lang='grc' dir='ltr'>σώφροσι,</span> <span class='ocrx_word' id='word_1_507' title='bbox 3146 3301 3318 3369; x_wconf 81' lang='grc' dir='ltr'>λόγων</span> <span class='ocrx_word' id='word_1_508' title='bbox 3346 3318 3403 3353; x_wconf 90' lang='grc' dir='ltr'><strong>τε</strong></span> <span class='ocrx_word' id='word_1_509' title='bbox 3421 3300 3710 3372; x_wconf 72' lang='grc' dir='ltr'>ἀκολουθίᾳ</span> 
     </span>
    </p>
   </div>
   <div class='ocr_carea' id='block_1_67' title="bbox 466 3394 2037 3471">
    <p class='ocr_par' dir='ltr' id='par_1_67' title="bbox 466 3394 2037 3471">
     <span class='ocr_line' id='line_1_67' title="bbox 466 3394 2037 3471; baseline 0.003 -22"><span class='ocrx_word' id='word_1_510' title='bbox 466 3394 656 3458; x_wconf 87' lang='lat' dir='ltr'><strong>fuerit,</strong></span> <span class='ocrx_word' id='word_1_511' title='bbox 707 3402 761 3449; x_wconf 84' lang='lat' dir='ltr'><strong>et</strong></span> <span class='ocrx_word' id='word_1_512' title='bbox 805 3396 1095 3451; x_wconf 85' lang='lat' dir='ltr'><strong>verborum</strong></span> <span class='ocrx_word' id='word_1_513' title='bbox 1146 3412 1266 3468; x_wconf 62' lang='lat' dir='ltr'><strong>quae</strong></span> <span class='ocrx_word' id='word_1_514' title='bbox 1306 3397 1371 3451; x_wconf 89' lang='lat' dir='ltr'><strong>ad</strong></span> <span class='ocrx_word' id='word_1_515' title='bbox 1408 3400 1822 3469; x_wconf 80' lang='lat' dir='ltr'><strong>temperantiam</strong></span> <span class='ocrx_word' id='word_1_516' title='bbox 1870 3401 2037 3471; x_wconf 88' lang='lat' dir='ltr'><strong>perti-</strong></span> 
     </span>
    </p>
   </div>
   <div class='ocr_carea' id='block_1_68' title="bbox 464 3490 2035 3562">
    <p class='ocr_par' dir='ltr' id='par_1_68' title="bbox 464 3490 2035 3562">
     <span class='ocr_line' id='line_1_68' title="bbox 464 3490 2035 3562; baseline 0.004 -22"><span class='ocrx_word' id='word_1_517' title='bbox 464 3494 597 3542; x_wconf 85' lang='lat' dir='ltr'><strong>nent</strong></span> <span class='ocrx_word' id='word_1_518' title='bbox 619 3490 959 3558; x_wconf 65' lang='lat' dir='ltr'><strong>praCeptor:</strong></span> <span class='ocrx_word' id='word_1_519' title='bbox 991 3503 1115 3542; x_wconf 88' lang='lat' dir='ltr'><strong>cum</strong></span> <span class='ocrx_word' id='word_1_520' title='bbox 1158 3499 1368 3552; x_wconf 87' lang='lat' dir='ltr'><strong>auctor,</strong></span> <span class='ocrx_word' id='word_1_521' title='bbox 1413 3490 1847 3562; x_wconf 66' lang='lat' dir='ltr'><strong>prazdicatorque</strong></span> <span class='ocrx_word' id='word_1_522' title='bbox 1872 3490 2035 3561; x_wconf 87' lang='lat' dir='ltr'><strong>justi—</strong></span> 
     </span>
    </p>
   </div>
   <div class='ocr_carea' id='block_1_69' title="bbox 463 3579 2030 3646">
    <p class='ocr_par' dir='ltr' id='par_1_69' title="bbox 463 3579 2030 3646">
     <span class='ocr_line' id='line_1_69' title="bbox 463 3579 2030 3646; baseline 0.003 -12"><span class='ocrx_word' id='word_1_523' title='bbox 463 3579 574 3644; x_wconf 63' lang='lat' dir='ltr'><strong>tiaa,</strong></span> <span class='ocrx_word' id='word_1_524' title='bbox 601 3580 870 3646; x_wconf 88' lang='lat' dir='ltr'><strong>veritatis,</strong></span> <span class='ocrx_word' id='word_1_525' title='bbox 894 3579 1278 3645; x_wconf 88' lang='lat' dir='ltr'><strong>humanitatis,</strong></span> <span class='ocrx_word' id='word_1_526' title='bbox 1311 3582 1530 3637; x_wconf 88' lang='lat' dir='ltr'><strong>virtutis</strong></span> <span class='ocrx_word' id='word_1_527' title='bbox 1557 3583 1824 3638; x_wconf 67' lang='lat' dir='ltr'><strong>universa:</strong></span> <span class='ocrx_word' id='word_1_528' title='bbox 1857 3603 1870 3638; x_wconf 91' lang='lat'><strong>:</strong></span> <span class='ocrx_word' id='word_1_529' title='bbox 1907 3599 2030 3638; x_wconf 88' lang='lat' dir='ltr'><strong>cum</strong></span> 
     </span>
    </p>
   </div>
   <div class='ocr_carea' id='block_1_70' title="bbox 2141 3394 3709 3467">
    <p class='ocr_par' dir='ltr' id='par_1_70' title="bbox 2141 3394 3709 3467">
     <span class='ocr_line' id='line_1_70' title="bbox 2141 3394 3709 3467; baseline -0.001 -18"><span class='ocrx_word' id='word_1_530' title='bbox 2141 3397 2427 3467; x_wconf 77' lang='grc' dir='ltr'>προσέχειν</span> <span class='ocrx_word' id='word_1_531' title='bbox 2476 3396 2566 3450; x_wconf 73' lang='grc' dir='ltr'><strong>τὸν</strong></span> <span class='ocrx_word' id='word_1_532' title='bbox 2624 3396 2782 3459; x_wconf 88' lang='grc' dir='ltr'>νοῦν,</span> <span class='ocrx_word' id='word_1_533' title='bbox 2842 3395 2973 3465; x_wconf 82' lang='grc' dir='ltr'>μηδὲ</span> <span class='ocrx_word' id='word_1_534' title='bbox 3034 3394 3315 3448; x_wconf 86' lang='grc' dir='ltr'>πείθεσθαι</span> <span class='ocrx_word' id='word_1_535' title='bbox 3376 3397 3487 3459; x_wconf 85' lang='grc' dir='ltr'>τοῖς</span> <span class='ocrx_word' id='word_1_536' title='bbox 3535 3395 3709 3448; x_wconf 68' lang='grc' dir='ltr'>εἰκόσι</span> 
     </span>
    </p>
   </div>
   <div class='ocr_carea' id='block_1_71' title="bbox 2137 3485 3702 3558">
    <p class='ocr_par' dir='ltr' id='par_1_71' title="bbox 2137 3485 3702 3558">
     <span class='ocr_line' id='line_1_71' title="bbox 2137 3485 3702 3558; baseline -0.002 -18"><span class='ocrx_word' id='word_1_537' title='bbox 2137 3487 2477 3558; x_wconf 79' lang='grc' dir='ltr'>τεκμηρίοις,</span> <span class='ocrx_word' id='word_1_538' title='bbox 2527 3485 2768 3539; x_wconf 86' lang='grc' dir='ltr'>ὑπονοῶν</span> <span class='ocrx_word' id='word_1_539' title='bbox 2796 3486 2937 3555; x_wconf 81' lang='grc' dir='ltr'>τάχα</span> <span class='ocrx_word' id='word_1_540' title='bbox 2962 3502 3064 3538; x_wconf 87' lang='grc' dir='ltr'><strong>που</strong></span> <span class='ocrx_word' id='word_1_541' title='bbox 3104 3486 3229 3549; x_wconf 83' lang='grc' dir='ltr'>τοὺς</span> <span class='ocrx_word' id='word_1_542' title='bbox 3248 3485 3505 3554; x_wconf 84' lang='grc' dir='ltr'>λέγοντας</span> <span class='ocrx_word' id='word_1_543' title='bbox 3538 3486 3702 3557; x_wconf 73' lang='grc' dir='ltr'>ἡμᾶς.</span> 
     </span>
    </p>
   </div>
   <div class='ocr_carea' id='block_1_72' title="bbox 2150 3575 3706 3649">
    <p class='ocr_par' dir='ltr' id='par_1_72' title="bbox 2150 3575 3706 3649">
     <span class='ocr_line' id='line_1_72' title="bbox 2150 3575 3706 3649; baseline -0.003 -17"><span class='ocrx_word' id='word_1_544' title='bbox 2150 3579 2307 3632; x_wconf 75' lang='grc' dir='ltr'>Ἀλλὰ</span> <span class='ocrx_word' id='word_1_545' title='bbox 2336 3579 2397 3632; x_wconf 88' lang='grc' dir='ltr'><strong>σύ</strong></span> <span class='ocrx_word' id='word_1_546' title='bbox 2423 3596 2485 3646; x_wconf 88' lang='grc' dir='ltr'><strong>γε</strong></span> <span class='ocrx_word' id='word_1_547' title='bbox 2506 3579 2608 3632; x_wconf 66' lang='lat' dir='ltr'><strong>xlv</strong></span> <span class='ocrx_word' id='word_1_548' title='bbox 2638 3577 2744 3630; x_wconf 88' lang='grc' dir='ltr'><strong>τῶν</strong></span> <span class='ocrx_word' id='word_1_549' title='bbox 2778 3576 2977 3630; x_wconf 90' lang='grc' dir='ltr'>σαυτοῦ</span> <span class='ocrx_word' id='word_1_550' title='bbox 3002 3577 3292 3649; x_wconf 81' lang='grc' dir='ltr'>δαιμόνων,</span> <span class='ocrx_word' id='word_1_551' title='bbox 3318 3577 3494 3630; x_wconf 83' lang='grc' dir='ltr'>αὐτῶν</span> <span class='ocrx_word' id='word_1_552' title='bbox 3516 3576 3579 3648; x_wconf 84' lang='grc' dir='ltr'>δὴ</span> <span class='ocrx_word' id='word_1_553' title='bbox 3598 3575 3706 3629; x_wconf 88' lang='grc' dir='ltr'><strong>τῶν</strong></span> 
     </span>
    </p>
   </div>
   <div class='ocr_carea' id='block_1_73' title="bbox 462 3668 2046 3746">
    <p class='ocr_par' dir='ltr' id='par_1_73' title="bbox 462 3671 2028 3746">
     <span class='ocr_line' id='line_1_73' title="bbox 462 3671 2028 3746; baseline 0.003 -22"><span class='ocrx_word' id='word_1_554' title='bbox 462 3671 743 3742; x_wconf 85' lang='lat' dir='ltr'><strong>religionis</strong></span> <span class='ocrx_word' id='word_1_555' title='bbox 793 3672 902 3726; x_wconf 79' lang='lat' dir='ltr'><strong>dux</strong></span> <span class='ocrx_word' id='word_1_556' title='bbox 946 3679 1000 3727; x_wconf 89' lang='lat' dir='ltr'><strong>et</strong></span> <span class='ocrx_word' id='word_1_557' title='bbox 1050 3672 1330 3742; x_wconf 88' lang='lat' dir='ltr'><strong>magister,</strong></span> <span class='ocrx_word' id='word_1_558' title='bbox 1381 3689 1502 3744; x_wconf 61' lang='lat' dir='ltr'><strong>quae</strong></span> <span class='ocrx_word' id='word_1_559' title='bbox 1548 3674 1795 3730; x_wconf 90' lang='lat' dir='ltr'><strong>omnium</strong></span> <span class='ocrx_word' id='word_1_560' title='bbox 1850 3691 2028 3746; x_wconf 72' lang='lat' dir='ltr'><strong>regem</strong></span> 
     </span>
    </p>
   </div>
   <div class='ocr_carea' id='block_1_74' title="bbox 2150 3668 3708 3746">
    <p class='ocr_par' dir='ltr' id='par_1_74' title="bbox 2150 3668 3708 3744">
     <span class='ocr_line' id='line_1_74' title="bbox 2150 3668 3708 3744; baseline -0.004 -18"><span class='ocrx_word' id='word_1_561' title='bbox 2150 3670 2473 3744; x_wconf 69' lang='grc' dir='ltr'>ίρησμῳδῶν</span> <span class='ocrx_word' id='word_1_562' title='bbox 2490 3670 2644 3733; x_wconf 86' lang='grc' dir='ltr'>θεῶν,</span> <span class='ocrx_word' id='word_1_563' title='bbox 2671 3670 2854 3733; x_wconf 84' lang='grc' dir='ltr'>ἄκουε,</span> <span class='ocrx_word' id='word_1_564' title='bbox 2880 3669 2958 3740; x_wconf 79' lang='grc' dir='ltr'>τῷ</span> <span class='ocrx_word' id='word_1_565' title='bbox 2986 3669 3369 3742; x_wconf 74' lang='grc' dir='ltr'>Σωτῆριὴμῶν</span> <span class='ocrx_word' id='word_1_566' title='bbox 3402 3670 3500 3739; x_wconf 80' lang='grc' dir='ltr'><strong>οὐχ</strong></span> <span class='ocrx_word' id='word_1_567' title='bbox 3519 3668 3708 3739; x_wconf 76' lang='grc' dir='ltr'>ὥσπερ</span> 
     </span>
    </p>
   </div>
   <div class='ocr_carea' id='block_1_75' title="bbox 460 3761 2046 3840">
    <p class='ocr_par' dir='ltr' id='par_1_75' title="bbox 460 3761 2029 3840">
     <span class='ocr_line' id='line_1_75' title="bbox 460 3761 2029 3840; baseline 0.004 -24"><span class='ocrx_word' id='word_1_568' title='bbox 460 3761 629 3820; x_wconf 91' lang='lat' dir='ltr'><strong>Deum</strong></span> <span class='ocrx_word' id='word_1_569' title='bbox 671 3765 803 3819; x_wconf 91' lang='lat' dir='ltr'><strong>colit</strong></span> <span class='ocrx_word' id='word_1_570' title='bbox 834 3784 847 3819; x_wconf 91' lang='lat'>:</span> <span class='ocrx_word' id='word_1_571' title='bbox 883 3780 982 3820; x_wconf 91' lang='lat' dir='ltr'><strong>cur</strong></span> <span class='ocrx_word' id='word_1_572' title='bbox 1004 3780 1115 3819; x_wconf 92' lang='lat' dir='ltr'><strong>non</strong></span> <span class='ocrx_word' id='word_1_573' title='bbox 1138 3767 1225 3822; x_wconf 90' lang='lat' dir='ltr'><strong>his</strong></span> <span class='ocrx_word' id='word_1_574' title='bbox 1256 3775 1686 3824; x_wconf 87' lang='lat' dir='ltr'><strong>consentaneum</strong></span> <span class='ocrx_word' id='word_1_575' title='bbox 1711 3769 1785 3825; x_wconf 90' lang='lat' dir='ltr'><strong>sit</strong></span> <span class='ocrx_word' id='word_1_576' title='bbox 1815 3776 2029 3840; x_wconf 89' lang='lat' dir='ltr'><strong>putare,</strong></span> 
     </span>
    </p>
   </div>
   <div class='ocr_carea' id='block_1_76' title="bbox 2150 3761 3704 3840">
    <p class='ocr_par' dir='ltr' id='par_1_76' title="bbox 2150 3761 3704 3835">
     <span class='ocr_line' id='line_1_76' title="bbox 2150 3761 3704 3835; baseline -0.001 -19"><span class='ocrx_word' id='word_1_577' title='bbox 2150 3765 2195 3816; x_wconf 68' lang='grc' dir='ltr'><strong>σὺ</strong></span> <span class='ocrx_word' id='word_1_578' title='bbox 2232 3764 2504 3835; x_wconf 81' lang='grc' dir='ltr'>γοητείαν,</span> <span class='ocrx_word' id='word_1_579' title='bbox 2531 3761 2643 3815; x_wconf 81' lang='grc' dir='ltr'>ἀλλ’</span> <span class='ocrx_word' id='word_1_580' title='bbox 2672 3762 2951 3815; x_wconf 77' lang='grc' dir='ltr'>εὐσέϐειαν</span> <span class='ocrx_word' id='word_1_581' title='bbox 2975 3764 3068 3816; x_wconf 72' lang='grc' dir='ltr'><strong>καὶ</strong></span> <span class='ocrx_word' id='word_1_582' title='bbox 3099 3762 3286 3830; x_wconf 68' lang='grc' dir='ltr'>σοφίαν</span> <span class='ocrx_word' id='word_1_583' title='bbox 3314 3763 3408 3815; x_wconf 78' lang='grc' dir='ltr'><strong>καὶ</strong></span> <span class='ocrx_word' id='word_1_584' title='bbox 3435 3764 3514 3825; x_wconf 86' lang='grc' dir='ltr'><strong>είς</strong></span> <span class='ocrx_word' id='word_1_585' title='bbox 3539 3761 3704 3832; x_wconf 82' lang='grc' dir='ltr'>οὐρα-</span> 
     </span>
    </p>
   </div>
   <div class='ocr_carea' id='block_1_77' title="bbox 458 3853 2046 3930">
    <p class='ocr_par' dir='ltr' id='par_1_77' title="bbox 458 3856 2033 3930">
     <span class='ocr_line' id='line_1_77' title="bbox 458 3856 2033 3930; baseline 0.002 -19"><span class='ocrx_word' id='word_1_586' title='bbox 458 3856 595 3911; x_wconf 89' lang='lat' dir='ltr'><strong>nihil</strong></span> <span class='ocrx_word' id='word_1_587' title='bbox 628 3871 819 3912; x_wconf 91' lang='lat' dir='ltr'><strong>eorum</strong></span> <span class='ocrx_word' id='word_1_588' title='bbox 850 3873 972 3927; x_wconf 83' lang='lat' dir='ltr'><strong>quae</strong></span> <span class='ocrx_word' id='word_1_589' title='bbox 995 3859 1049 3913; x_wconf 93' lang='lat' dir='ltr'><strong>in</strong></span> <span class='ocrx_word' id='word_1_590' title='bbox 1091 3858 1184 3913; x_wconf 90' lang='lat' dir='ltr'><strong>illo</strong></span> <span class='ocrx_word' id='word_1_591' title='bbox 1210 3858 1569 3923; x_wconf 87' lang='lat' dir='ltr'><strong>admiramur,</strong></span> <span class='ocrx_word' id='word_1_592' title='bbox 1604 3860 1673 3916; x_wconf 90' lang='lat' dir='ltr'><strong>ab</strong></span> <span class='ocrx_word' id='word_1_593' title='bbox 1699 3860 1793 3914; x_wconf 90' lang='lat' dir='ltr'><strong>illo</strong></span> <span class='ocrx_word' id='word_1_594' title='bbox 1823 3875 1919 3930; x_wconf 89' lang='lat' dir='ltr'><strong>per</strong></span> <span class='ocrx_word' id='word_1_595' title='bbox 1939 3861 2033 3914; x_wconf 83' lang='lat' dir='ltr'><strong>do-</strong></span> 
     </span>
    </p>
   </div>
   <div class='ocr_carea' id='block_1_78' title="bbox 2150 3853 3705 3930">
    <p class='ocr_par' dir='ltr' id='par_1_78' title="bbox 2150 3853 3705 3927">
     <span class='ocr_line' id='line_1_78' title="bbox 2150 3853 3705 3927; baseline -0.001 -18"><span class='ocrx_word' id='word_1_596' title='bbox 2150 3858 2251 3920; x_wconf 75' lang='grc' dir='ltr'>νοῦς</span> <span class='ocrx_word' id='word_1_597' title='bbox 2278 3855 2462 3909; x_wconf 81' lang='grc' dir='ltr'>ἄνοδον</span> <span class='ocrx_word' id='word_1_598' title='bbox 2496 3855 2934 3927; x_wconf 85' lang='grc' dir='ltr'>μαρτυρούντων.</span> <span class='ocrx_word' id='word_1_599' title='bbox 2954 3855 3048 3918; x_wconf 84' lang='grc' dir='ltr'><strong>Τίς</strong></span> <span class='ocrx_word' id='word_1_600' title='bbox 3081 3855 3124 3908; x_wconf 80' lang='grc' dir='ltr'>δ’</span> <span class='ocrx_word' id='word_1_601' title='bbox 3154 3853 3218 3907; x_wconf 84' lang='grc' dir='ltr'><strong>ἂν</strong></span> <span class='ocrx_word' id='word_1_602' title='bbox 3241 3855 3450 3923; x_wconf 79' lang='grc' dir='ltr'>γένοιτό</span> <span class='ocrx_word' id='word_1_603' title='bbox 3477 3872 3558 3908; x_wconf 91' lang='grc' dir='ltr'><strong>σοι</strong></span> <span class='ocrx_word' id='word_1_604' title='bbox 3580 3854 3705 3908; x_wconf 85' lang='grc' dir='ltr'>τού-</span> 
     </span>
    </p>
   </div>
   <div class='ocr_carea' id='block_1_79' title="bbox 457 3946 2046 4020">
    <p class='ocr_par' dir='ltr' id='par_1_79' title="bbox 457 3946 2031 4019">
     <span class='ocr_line' id='line_1_79' title="bbox 457 3946 2031 4019; baseline 0 -18"><span class='ocrx_word' id='word_1_605' title='bbox 457 3946 571 4003; x_wconf 91' lang='lat' dir='ltr'><strong>lum</strong></span> <span class='ocrx_word' id='word_1_606' title='bbox 608 3946 1031 4018; x_wconf 76' lang='lat' dir='ltr'><strong>praestigiarum,</strong></span> <span class='ocrx_word' id='word_1_607' title='bbox 1073 3954 1168 4001; x_wconf 89' lang='lat' dir='ltr'><strong>aut</strong></span> <span class='ocrx_word' id='word_1_608' title='bbox 1215 3962 1311 4017; x_wconf 92' lang='lat' dir='ltr'><strong>per</strong></span> <span class='ocrx_word' id='word_1_609' title='bbox 1342 3947 1612 4002; x_wconf 87' lang='lat' dir='ltr'><strong>fallaciam</strong></span> <span class='ocrx_word' id='word_1_610' title='bbox 1644 3948 1899 4019; x_wconf 86' lang='lat' dir='ltr'><strong>gestum?</strong></span> <span class='ocrx_word' id='word_1_611' title='bbox 1930 3962 2031 4002; x_wconf 89' lang='lat' dir='ltr'><strong>cur</strong></span> 
     </span>
    </p>
   </div>
   <div class='ocr_carea' id='block_1_80' title="bbox 2150 3946 3704 4020">
    <p class='ocr_par' dir='ltr' id='par_1_80' title="bbox 2150 3948 3704 4020">
     <span class='ocr_line' id='line_1_80' title="bbox 2150 3948 3704 4020; baseline 0.001 -21"><span class='ocrx_word' id='word_1_612' title='bbox 2150 3967 2233 4003; x_wconf 74' lang='grc' dir='ltr'>των</span> <span class='ocrx_word' id='word_1_613' title='bbox 2263 3949 2575 4014; x_wconf 81' lang='grc' dir='ltr'>ἀξιόπιστος</span> <span class='ocrx_word' id='word_1_614' title='bbox 2619 3948 2878 4020; x_wconf 86' lang='grc' dir='ltr'>ὁμολογία</span> <span class='ocrx_word' id='word_1_615' title='bbox 2930 3948 3127 4019; x_wconf 81' lang='grc' dir='ltr'>μᾶλλον</span> <span class='ocrx_word' id='word_1_616' title='bbox 3147 3950 3243 4019; x_wconf 82' lang='grc' dir='ltr'>τῆς</span> <span class='ocrx_word' id='word_1_617' title='bbox 3270 3948 3365 4002; x_wconf 89' lang='grc' dir='ltr'><strong>τοῦ</strong></span> <span class='ocrx_word' id='word_1_618' title='bbox 3395 3948 3515 4002; x_wconf 80' lang='grc' dir='ltr'>καθ’</span> <span class='ocrx_word' id='word_1_619' title='bbox 3545 3951 3578 4019; x_wconf 79' lang='grc' dir='ltr'><strong>ἡ</strong></span> <span class='ocrx_word' id='word_1_620' title='bbox 3589 3948 3704 4019; x_wconf 86' lang='grc' dir='ltr'><strong>μῶν</strong></span> 
     </span>
    </p>
   </div>
   <div class='ocr_carea' id='block_1_81' title="bbox 452 4029 2046 4109">
    <p class='ocr_par' dir='ltr' id='par_1_81' title="bbox 452 4039 2026 4109">
     <span class='ocr_line' id='line_1_81' title="bbox 452 4039 2026 4109; baseline 0 -16"><span class='ocrx_word' id='word_1_621' title='bbox 452 4053 566 4093; x_wconf 88' lang='lat' dir='ltr'><strong>non</strong></span> <span class='ocrx_word' id='word_1_622' title='bbox 600 4039 783 4109; x_wconf 90' lang='lat' dir='ltr'><strong>potius</strong></span> <span class='ocrx_word' id='word_1_623' title='bbox 813 4053 1013 4093; x_wconf 88' lang='lat' dir='ltr'><strong>arcana</strong></span> <span class='ocrx_word' id='word_1_624' title='bbox 1045 4039 1283 4108; x_wconf 88' lang='lat' dir='ltr'><strong>quadam</strong></span> <span class='ocrx_word' id='word_1_625' title='bbox 1317 4039 1391 4102; x_wconf 82' lang='lat' dir='ltr'><strong>vi,</strong></span> <span class='ocrx_word' id='word_1_626' title='bbox 1421 4054 1658 4109; x_wconf 82' lang='lat' dir='ltr'><strong>vereque</strong></span> <span class='ocrx_word' id='word_1_627' title='bbox 1686 4040 1868 4094; x_wconf 87' lang='lat' dir='ltr'><strong>divina</strong></span> <span class='ocrx_word' id='word_1_628' title='bbox 1894 4055 2026 4095; x_wconf 80' lang='lat' dir='ltr'><strong>con—</strong></span> 
     </span>
    </p>
   </div>
   <div class='ocr_carea' id='block_1_82' title="bbox 2150 4029 3704 4109">
    <p class='ocr_par' dir='ltr' id='par_1_82' title="bbox 2150 4029 3704 4109">
     <span class='ocr_line' id='line_1_82' title="bbox 2150 4029 3704 4109; baseline -0.003 -17"><span class='ocrx_word' id='word_1_629' title='bbox 2150 4038 2387 4108; x_wconf 89' lang='grc' dir='ltr'>τολεμίου</span> <span class='ocrx_word' id='word_1_630' title='bbox 2442 4039 2680 4109; x_wconf 84' lang='grc' dir='ltr'>γραφῆς,</span> <span class='ocrx_word' id='word_1_631' title='bbox 2719 4037 2786 4108; x_wconf 87' lang='grc' dir='ltr'>ἢν</span> <span class='ocrx_word' id='word_1_632' title='bbox 2817 4040 2874 4091; x_wconf 81' lang='grc' dir='ltr'><strong>ὲν</strong></span> <span class='ocrx_word' id='word_1_633' title='bbox 2905 4032 2985 4100; x_wconf 78' lang='grc' dir='ltr'>οἷς</span> <span class='ocrx_word' id='word_1_634' title='bbox 3032 4037 3308 4108; x_wconf 79' lang='grc' dir='ltr'>ἐπέγραψε</span> <span class='ocrx_word' id='word_1_635' title='bbox 3340 4035 3587 4107; x_wconf 76' lang='grc' dir='ltr'>περὶτῆς</span> <span class='ocrx_word' id='word_1_636' title='bbox 3610 4029 3704 4088; x_wconf 78' lang='grc' dir='ltr'>Ἐκ</span> 
     </span>
    </p>
   </div>
   <div class='ocr_carea' id='block_1_83' title="bbox 444 4125 2046 4201">
    <p class='ocr_par' dir='ltr' id='par_1_83' title="bbox 444 4128 2025 4201">
     <span class='ocr_line' id='line_1_83' title="bbox 444 4128 2025 4201; baseline 0.001 -17"><span class='ocrx_word' id='word_1_637' title='bbox 444 4128 635 4185; x_wconf 65' lang='lat' dir='ltr'><strong>meri?</strong></span> <span class='ocrx_word' id='word_1_638' title='bbox 662 4129 817 4197; x_wconf 88' lang='lat' dir='ltr'><strong>Quod</strong></span> <span class='ocrx_word' id='word_1_639' title='bbox 867 4130 913 4187; x_wconf 91' lang='lat' dir='ltr'><strong>si</strong></span> <span class='ocrx_word' id='word_1_640' title='bbox 959 4145 1024 4184; x_wconf 89' lang='lat' dir='ltr'><strong>eo</strong></span> <span class='ocrx_word' id='word_1_641' title='bbox 1073 4131 1340 4186; x_wconf 71' lang='lat' dir='ltr'><strong>vecordia:</strong></span> <span class='ocrx_word' id='word_1_642' title='bbox 1380 4132 1720 4200; x_wconf 90' lang='lat' dir='ltr'><strong>proveheris,</strong></span> <span class='ocrx_word' id='word_1_643' title='bbox 1756 4140 1811 4185; x_wconf 90' lang='lat' dir='ltr'><strong>ut</strong></span> <span class='ocrx_word' id='word_1_644' title='bbox 1849 4146 2025 4201; x_wconf 88' lang='lat' dir='ltr'><strong>neque</strong></span> 
     </span>
    </p>
   </div>
   <div class='ocr_carea' id='block_1_84' title="bbox 2150 4125 3697 4201">
    <p class='ocr_par' dir='ltr' id='par_1_84' title="bbox 2150 4125 3697 4200">
     <span class='ocr_line' id='line_1_84' title="bbox 2150 4125 3697 4200; baseline -0.003 -20"><span class='ocrx_word' id='word_1_645' title='bbox 2150 4129 2353 4199; x_wconf 73' lang='grc' dir='ltr'>ίογίων</span> <span class='ocrx_word' id='word_1_646' title='bbox 2370 4130 2737 4198; x_wconf 67' lang='grc' dir='ltr'>φιλοσοφίας</span> <span class='ocrx_word' id='word_1_647' title='bbox 2760 4130 2816 4182; x_wconf 84' lang='grc' dir='ltr'>ὲν</span> <span class='ocrx_word' id='word_1_648' title='bbox 2841 4129 3009 4200; x_wconf 85' lang='grc' dir='ltr'>τρίτῳ</span> <span class='ocrx_word' id='word_1_649' title='bbox 3028 4128 3419 4199; x_wconf 82' lang='grc' dir='ltr'>συγγράμματι</span> <span class='ocrx_word' id='word_1_650' title='bbox 3439 4125 3697 4190; x_wconf 74' lang='grc' dir='ltr'>τέθειται,</span> 
     </span>
    </p>
   </div>
   <div class='ocr_carea' id='block_1_85' title="bbox 444 4213 2046 4295">
    <p class='ocr_par' dir='ltr' id='par_1_85' title="bbox 444 4223 2021 4295">
     <span class='ocr_line' id='line_1_85' title="bbox 444 4223 2021 4295; baseline 0.001 -19"><span class='ocrx_word' id='word_1_651' title='bbox 444 4224 696 4280; x_wconf 69' lang='lat' dir='ltr'><strong>rationes</strong></span> <span class='ocrx_word' id='word_1_652' title='bbox 725 4223 1092 4295; x_wconf 88' lang='lat' dir='ltr'><strong>incorruptas,</strong></span> <span class='ocrx_word' id='word_1_653' title='bbox 1119 4238 1294 4294; x_wconf 87' lang='lat' dir='ltr'><strong>neque</strong></span> <span class='ocrx_word' id='word_1_654' title='bbox 1322 4226 1608 4280; x_wconf 87' lang='lat' dir='ltr'><strong>verborum</strong></span> <span class='ocrx_word' id='word_1_655' title='bbox 1639 4225 2021 4280; x_wconf 86' lang='lat' dir='ltr'><strong>necessitatem</strong></span> 
     </span>
    </p>
   </div>
   <div class='ocr_carea' id='block_1_86' title="bbox 2150 4213 3010 4295">
    <p class='ocr_par' dir='ltr' id='par_1_86' title="bbox 2150 4214 3010 4290">
     <span class='ocr_line' id='line_1_86' title="bbox 2150 4214 3010 4290; baseline 0.001 -18"><span class='ocrx_word' id='word_1_656' title='bbox 2150 4214 2228 4272; x_wconf 77' lang='grc' dir='ltr'><strong>ἱ)δέ</strong></span> <span class='ocrx_word' id='word_1_657' title='bbox 2260 4237 2376 4284; x_wconf 87' lang='grc' dir='ltr'><strong>πως</strong></span> <span class='ocrx_word' id='word_1_658' title='bbox 2416 4221 2645 4290; x_wconf 82' lang='grc' dir='ltr'>ἱστορῶν</span> <span class='ocrx_word' id='word_1_659' title='bbox 2673 4220 2811 4273; x_wconf 79' lang='grc' dir='ltr'>κατὰ</span> <span class='ocrx_word' id='word_1_660' title='bbox 2842 4218 3010 4282; x_wconf 83' lang='grc' dir='ltr'>λέξιν.</span> 
     </span>
    </p>
   </div>
   <div class='ocr_carea' id='block_1_87' title="bbox 440 4309 3699 4387">
    <p class='ocr_par' dir='ltr' id='par_1_87' title="bbox 440 4309 3699 4387">
     <span class='ocr_line' id='line_1_87' title="bbox 440 4309 3699 4387; baseline -0.002 -17"><span class='ocrx_word' id='word_1_661' title='bbox 440 4315 588 4372; x_wconf 67' lang='grc' dir='ltr'>ανθιίε</span> <span class='ocrx_word' id='word_1_662' title='bbox 623 4315 923 4380; x_wconf 84' lang='lat' dir='ltr'><strong>attendere,</strong></span> <span class='ocrx_word' id='word_1_663' title='bbox 989 4332 1166 4386; x_wconf 88' lang='lat' dir='ltr'><strong>neque</strong></span> <span class='ocrx_word' id='word_1_664' title='bbox 1201 4332 1330 4371; x_wconf 90' lang='lat' dir='ltr'><strong>vero</strong></span> <span class='ocrx_word' id='word_1_665' title='bbox 1394 4317 1767 4387; x_wconf 87' lang='lat' dir='ltr'><strong>probabilibus</strong></span> <span class='ocrx_word' id='word_1_666' title='bbox 1828 4312 2164 4384; x_wconf 73' lang='lat' dir='ltr'><strong>argumentis</strong></span> <span class='ocrx_word' id='word_1_667' title='bbox 2193 4314 2528 4376; x_wconf 91' lang='lat' dir='ltr'><strong>auscultare,</strong></span> <span class='ocrx_word' id='word_1_668' title='bbox 2590 4313 2717 4381; x_wconf 90' lang='lat' dir='ltr'><strong>quia</strong></span> <span class='ocrx_word' id='word_1_669' title='bbox 2768 4311 3002 4367; x_wconf 87' lang='lat' dir='ltr'><strong>fortasse</strong></span> <span class='ocrx_word' id='word_1_670' title='bbox 3035 4325 3137 4366; x_wconf 85' lang='lat' dir='ltr'><strong>nos</strong></span> <span class='ocrx_word' id='word_1_671' title='bbox 3175 4310 3330 4378; x_wconf 86' lang='lat' dir='ltr'><strong>quasi</strong></span> <span class='ocrx_word' id='word_1_672' title='bbox 3363 4322 3583 4365; x_wconf 85' lang='lat' dir='ltr'><strong>causam</strong></span> <span class='ocrx_word' id='word_1_673' title='bbox 3615 4309 3699 4363; x_wconf 88' lang='lat' dir='ltr'><strong>di-</strong></span> 
     </span>
    </p>
   </div>
   <div class='ocr_carea' id='block_1_88' title="bbox 450 4401 3697 4475">
    <p class='ocr_par' dir='ltr' id='par_1_88' title="bbox 450 4401 3697 4475">
     <span class='ocr_line' id='line_1_88' title="bbox 450 4401 3697 4475; baseline -0.002 -13"><span class='ocrx_word' id='word_1_674' title='bbox 450 4412 638 4463; x_wconf 85' lang='lat' dir='ltr'><strong>centes</strong></span> <span class='ocrx_word' id='word_1_675' title='bbox 676 4404 845 4462; x_wconf 88' lang='lat' dir='ltr'><strong>habes</strong></span> <span class='ocrx_word' id='word_1_676' title='bbox 874 4412 1181 4475; x_wconf 88' lang='lat' dir='ltr'><strong>suspectos,</strong></span> <span class='ocrx_word' id='word_1_677' title='bbox 1217 4416 1273 4459; x_wconf 90' lang='lat' dir='ltr'><strong>at</strong></span> <span class='ocrx_word' id='word_1_678' title='bbox 1308 4414 1363 4460; x_wconf 92' lang='lat' dir='ltr'><strong>tu</strong></span> <span class='ocrx_word' id='word_1_679' title='bbox 1438 4407 1546 4463; x_wconf 91' lang='lat' dir='ltr'><strong>tuis</strong></span> <span class='ocrx_word' id='word_1_680' title='bbox 1585 4407 1779 4461; x_wconf 85' lang='lat' dir='ltr'><strong>saltem</strong></span> <span class='ocrx_word' id='word_1_681' title='bbox 1844 4403 2206 4467; x_wconf 78' lang='lat' dir='ltr'><strong>daemonibus,</strong></span> <span class='ocrx_word' id='word_1_682' title='bbox 2264 4403 2419 4474; x_wconf 81' lang='lat' dir='ltr'><strong>ipsis,</strong></span> <span class='ocrx_word' id='word_1_683' title='bbox 2456 4402 2703 4472; x_wconf 88' lang='lat' dir='ltr'><strong>inquam,</strong></span> <span class='ocrx_word' id='word_1_684' title='bbox 2745 4401 2902 4474; x_wconf 67' lang='grc'><strong>134</strong></span> <span class='ocrx_word' id='word_1_685' title='bbox 2936 4402 3157 4456; x_wconf 85' lang='lat' dir='ltr'><strong>oracula</strong></span> <span class='ocrx_word' id='word_1_686' title='bbox 3212 4402 3562 4457; x_wconf 82' lang='lat' dir='ltr'><strong>reddentibus</strong></span> <span class='ocrx_word' id='word_1_687' title='bbox 3588 4402 3697 4457; x_wconf 89' lang='lat' dir='ltr'><strong>diis</strong></span> 
     </span>
    </p>
   </div>
   <div class='ocr_carea' id='block_1_89' title="bbox 448 4496 3696 4571">
    <p class='ocr_par' dir='ltr' id='par_1_89' title="bbox 448 4496 3696 4571">
     <span class='ocr_line' id='line_1_89' title="bbox 448 4496 3696 4571; baseline -0.001 -17"><span class='ocrx_word' id='word_1_688' title='bbox 448 4500 722 4565; x_wconf 83' lang='lat' dir='ltr'><strong>ausculta,</strong></span> <span class='ocrx_word' id='word_1_689' title='bbox 775 4500 869 4571; x_wconf 91' lang='lat' dir='ltr'><strong>qui</strong></span> <span class='ocrx_word' id='word_1_690' title='bbox 913 4499 1186 4555; x_wconf 87' lang='lat' dir='ltr'><strong>Salvatori</strong></span> <span class='ocrx_word' id='word_1_691' title='bbox 1254 4510 1467 4566; x_wconf 86' lang='lat' dir='ltr'><strong>nostro,</strong></span> <span class='ocrx_word' id='word_1_692' title='bbox 1519 4517 1629 4557; x_wconf 92' lang='lat' dir='ltr'><strong>non</strong></span> <span class='ocrx_word' id='word_1_693' title='bbox 1682 4507 1743 4555; x_wconf 91' lang='lat' dir='ltr'><strong>ut</strong></span> <span class='ocrx_word' id='word_1_694' title='bbox 1796 4508 1857 4555; x_wconf 91' lang='lat' dir='ltr'><strong>tu</strong></span> <span class='ocrx_word' id='word_1_695' title='bbox 1910 4500 2309 4570; x_wconf 55' lang='lat' dir='ltr'><strong>praestigiarum</strong></span> <span class='ocrx_word' id='word_1_696' title='bbox 2359 4497 2653 4562; x_wconf 85' lang='lat' dir='ltr'><strong>fallaciam,</strong></span> <span class='ocrx_word' id='word_1_697' title='bbox 2690 4497 2786 4553; x_wconf 89' lang='lat' dir='ltr'><strong>sed</strong></span> <span class='ocrx_word' id='word_1_698' title='bbox 2835 4498 3092 4568; x_wconf 88' lang='lat' dir='ltr'><strong>pietatem</strong></span> <span class='ocrx_word' id='word_1_699' title='bbox 3143 4504 3196 4553; x_wconf 91' lang='lat' dir='ltr'><strong>et</strong></span> <span class='ocrx_word' id='word_1_700' title='bbox 3265 4496 3611 4567; x_wconf 87' lang='lat' dir='ltr'><strong>sapientiam,</strong></span> <span class='ocrx_word' id='word_1_701' title='bbox 3640 4505 3696 4554; x_wconf 88' lang='lat' dir='ltr'><strong>et</strong></span> 
     </span>
    </p>
   </div>
   <div class='ocr_carea' id='block_1_90' title="bbox 448 4590 3694 4663">
    <p class='ocr_par' dir='ltr' id='par_1_90' title="bbox 448 4590 3694 4663">
     <span class='ocr_line' id='line_1_90' title="bbox 448 4590 3694 4663; baseline -0.001 -15"><span class='ocrx_word' id='word_1_702' title='bbox 448 4608 742 4650; x_wconf 86' lang='lat' dir='ltr'><strong>ascensum</strong></span> <span class='ocrx_word' id='word_1_703' title='bbox 798 4594 854 4648; x_wconf 88' lang='lat' dir='ltr'><strong>in</strong></span> <span class='ocrx_word' id='word_1_704' title='bbox 900 4595 1100 4650; x_wconf 87' lang='lat' dir='ltr'><strong>coelum</strong></span> <span class='ocrx_word' id='word_1_705' title='bbox 1153 4610 1254 4651; x_wconf 88' lang='lat' dir='ltr'><strong>suo</strong></span> <span class='ocrx_word' id='word_1_706' title='bbox 1302 4596 1617 4651; x_wconf 84' lang='lat' dir='ltr'><strong>testimonio</strong></span> <span class='ocrx_word' id='word_1_707' title='bbox 1663 4596 1931 4651; x_wconf 90' lang='lat' dir='ltr'><strong>tribuunt.</strong></span> <span class='ocrx_word' id='word_1_708' title='bbox 1971 4593 2214 4660; x_wconf 88' lang='lat' dir='ltr'><strong>Quorum</strong></span> <span class='ocrx_word' id='word_1_709' title='bbox 2276 4592 2495 4663; x_wconf 89' lang='lat' dir='ltr'><strong>quidem</strong></span> <span class='ocrx_word' id='word_1_710' title='bbox 2558 4592 2835 4661; x_wconf 85' lang='lat' dir='ltr'><strong>quodnam</strong></span> <span class='ocrx_word' id='word_1_711' title='bbox 2892 4592 2990 4646; x_wconf 91' lang='lat' dir='ltr'><strong>tibi</strong></span> <span class='ocrx_word' id='word_1_712' title='bbox 3023 4591 3241 4662; x_wconf 83' lang='lat' dir='ltr'><strong>dignius</strong></span> <span class='ocrx_word' id='word_1_713' title='bbox 3287 4591 3374 4645; x_wconf 90' lang='lat' dir='ltr'><strong>cui</strong></span> <span class='ocrx_word' id='word_1_714' title='bbox 3420 4590 3577 4646; x_wconf 88' lang='lat' dir='ltr'><strong>[idem</strong></span> <span class='ocrx_word' id='word_1_715' title='bbox 3602 4592 3694 4646; x_wconf 83' lang='lat' dir='ltr'><strong>ha.</strong></span> 
     </span>
    </p>
   </div>
   <div class='ocr_carea' id='block_1_91' title="bbox 447 4682 3693 4757">
    <p class='ocr_par' dir='ltr' id='par_1_91' title="bbox 447 4682 3693 4757">
     <span class='ocr_line' id='line_1_91' title="bbox 447 4682 3693 4757; baseline -0.002 -14"><span class='ocrx_word' id='word_1_716' title='bbox 447 4687 578 4743; x_wconf 85' lang='lat' dir='ltr'><strong>beas</strong></span> <span class='ocrx_word' id='word_1_717' title='bbox 624 4686 998 4742; x_wconf 83' lang='lat' dir='ltr'><strong>testimonium</strong></span> <span class='ocrx_word' id='word_1_718' title='bbox 1053 4686 1135 4743; x_wconf 86' lang='lat' dir='ltr'><strong>vis</strong></span> <span class='ocrx_word' id='word_1_719' title='bbox 1185 4686 1326 4750; x_wconf 89' lang='lat' dir='ltr'><strong>dari,</strong></span> <span class='ocrx_word' id='word_1_720' title='bbox 1377 4702 1540 4757; x_wconf 87' lang='lat' dir='ltr'><strong>quam</strong></span> <span class='ocrx_word' id='word_1_721' title='bbox 1576 4687 1785 4742; x_wconf 88' lang='lat' dir='ltr'><strong>inimici</strong></span> <span class='ocrx_word' id='word_1_722' title='bbox 1843 4685 2015 4742; x_wconf 87' lang='lat' dir='ltr'><strong>nostri</strong></span> <span class='ocrx_word' id='word_1_723' title='bbox 2053 4683 2478 4749; x_wconf 81' lang='lat' dir='ltr'><strong>confessionem,</strong></span> <span class='ocrx_word' id='word_1_724' title='bbox 2551 4698 2716 4755; x_wconf 91' lang='lat' dir='ltr'><strong>quam</strong></span> <span class='ocrx_word' id='word_1_725' title='bbox 2757 4683 2810 4737; x_wconf 92' lang='lat' dir='ltr'><strong>in</strong></span> <span class='ocrx_word' id='word_1_726' title='bbox 2846 4685 3008 4738; x_wconf 89' lang='lat' dir='ltr'><strong>tertio</strong></span> <span class='ocrx_word' id='word_1_727' title='bbox 3071 4682 3347 4739; x_wconf 88' lang='lat' dir='ltr'><strong>volumine</strong></span> <span class='ocrx_word' id='word_1_728' title='bbox 3391 4682 3572 4752; x_wconf 91' lang='lat' dir='ltr'><strong>posuit</strong></span> <span class='ocrx_word' id='word_1_729' title='bbox 3598 4699 3693 4738; x_wconf 88' lang='lat' dir='ltr'><strong>eo-</strong></span> 
     </span>
    </p>
   </div>
   <div class='ocr_carea' id='block_1_92' title="bbox 446 4778 2734 4855">
    <p class='ocr_par' dir='ltr' id='par_1_92' title="bbox 446 4778 2734 4855">
     <span class='ocr_line' id='line_1_92' title="bbox 446 4778 2734 4855; baseline -0.001 -16"><span class='ocrx_word' id='word_1_730' title='bbox 446 4798 569 4839; x_wconf 89' lang='lat' dir='ltr'><strong>rum</strong></span> <span class='ocrx_word' id='word_1_731' title='bbox 598 4797 721 4855; x_wconf 66' lang='lat' dir='ltr'><strong>qua:</strong></span> <span class='ocrx_word' id='word_1_732' title='bbox 750 4783 1053 4855; x_wconf 88' lang='lat' dir='ltr'><strong>inscripsit,</strong></span> <span class='ocrx_word' id='word_1_733' title='bbox 1087 4783 1164 4839; x_wconf 89' lang='lat' dir='ltr'><strong>De</strong></span> <span class='ocrx_word' id='word_1_734' title='bbox 1184 4784 1511 4854; x_wconf 78' lang='lat' dir='ltr'><strong>philosophia</strong></span> <span class='ocrx_word' id='word_1_735' title='bbox 1541 4784 1889 4848; x_wconf 87' lang='lat' dir='ltr'><strong>selectorum,</strong></span> <span class='ocrx_word' id='word_1_736' title='bbox 1914 4781 2007 4836; x_wconf 90' lang='lat' dir='ltr'><strong>ubi</strong></span> <span class='ocrx_word' id='word_1_737' title='bbox 2049 4781 2164 4836; x_wconf 66' lang='lat' dir='ltr'><strong>haec</strong></span> <span class='ocrx_word' id='word_1_738' title='bbox 2197 4781 2264 4836; x_wconf 88' lang='lat' dir='ltr'><strong>ad</strong></span> <span class='ocrx_word' id='word_1_739' title='bbox 2292 4781 2519 4837; x_wconf 89' lang='lat' dir='ltr'><strong>verbum</strong></span> <span class='ocrx_word' id='word_1_740' title='bbox 2544 4778 2734 4837; x_wconf 89' lang='lat' dir='ltr'><strong>refert.</strong></span> 
     </span>
    </p>
   </div>
   <div class='ocr_carea' id='block_1_93' title="bbox 442 4913 2046 4993">
    <p class='ocr_par' dir='ltr' id='par_1_93' title="bbox 442 4920 2013 4993">
     <span class='ocr_line' id='line_1_93' title="bbox 442 4920 2013 4993; baseline -0.001 -18"><span class='ocrx_word' id='word_1_741' title='bbox 442 4920 600 4990; x_wconf 82' lang='lat' dir='ltr'><strong>Quod</strong></span> <span class='ocrx_word' id='word_1_742' title='bbox 626 4921 855 4992; x_wconf 72' lang='lat' dir='ltr'><strong>eﬂicacia</strong></span> <span class='ocrx_word' id='word_1_743' title='bbox 880 4923 994 4985; x_wconf 79' lang='lat' dir='ltr'><strong>ipsa</strong></span> <span class='ocrx_word' id='word_1_744' title='bbox 1023 4931 1176 4993; x_wconf 85' lang='lat' dir='ltr'><strong>atque</strong></span> <span class='ocrx_word' id='word_1_745' title='bbox 1202 4921 1480 4993; x_wconf 77' lang='lat' dir='ltr'><strong>evidentia,</strong></span> <span class='ocrx_word' id='word_1_746' title='bbox 1505 4922 1650 4975; x_wconf 79' lang='lat' dir='ltr'><strong>illius</strong></span> <span class='ocrx_word' id='word_1_747' title='bbox 1686 4923 1876 4977; x_wconf 78' lang='lat' dir='ltr'><strong>divime</strong></span> <span class='ocrx_word' id='word_1_748' title='bbox 1903 4924 2013 4976; x_wconf 84' lang='lat' dir='ltr'><strong>vir-</strong></span> 
     </span>
    </p>
   </div>
   <div class='ocr_carea' id='block_1_94' title="bbox 2150 4913 3690 4993">
    <p class='ocr_par' dir='ltr' id='par_1_94' title="bbox 2150 4913 3690 4993">
     <span class='ocr_line' id='line_1_94' title="bbox 2150 4913 3690 4993; baseline -0.001 -21"><span class='ocrx_word' id='word_1_749' title='bbox 2150 4920 2223 4985; x_wconf 84' lang='grc' dir='ltr'>Ως</span> <span class='ocrx_word' id='word_1_750' title='bbox 2278 4920 2415 4993; x_wconf 62' lang='grc' dir='ltr'><strong>ἀπὸΔ</strong></span> <span class='ocrx_word' id='word_1_751' title='bbox 2455 4919 2565 4988; x_wconf 82' lang='grc' dir='ltr'>τῆς</span> <span class='ocrx_word' id='word_1_752' title='bbox 2620 4919 2922 4993; x_wconf 62' lang='grc' dir='ltr'>ἐνεργείας</span> <span class='ocrx_word' id='word_1_753' title='bbox 2972 4915 3161 4993; x_wconf 67' lang='grc' dir='ltr'>αὐτῆς</span> <span class='ocrx_word' id='word_1_754' title='bbox 3195 4913 3522 4993; x_wconf 52' lang='lat' dir='ltr'><strong>corrigam;</strong></span> <span class='ocrx_word' id='word_1_755' title='bbox 3570 4919 3690 4993; x_wconf 66' lang='grc' dir='ltr'>τοῖς</span> 
     </span>
    </p>
   </div>
   <div class='ocr_carea' id='block_1_95' title="bbox 516 4984 2046 5068">
    <p class='ocr_par' dir='ltr' id='par_1_95' title="bbox 516 4984 2010 5068">
     <span class='ocr_line' id='line_1_95' title="bbox 516 4984 2010 5068; baseline 0.001 -23"><span class='ocrx_word' id='word_1_756' title='bbox 516 4984 1105 5068; x_wconf 49' lang='lat' dir='ltr'><strong>tytifvimperspicue&#39;</strong></span> <span class='ocrx_word' id='word_1_757' title='bbox 1129 4992 1357 5046; x_wconf 80' lang='lat' dir='ltr'><strong>ostendit</strong></span> <span class='ocrx_word' id='word_1_758' title='bbox 1395 4994 1722 5047; x_wconf 75' lang='lat' dir='ltr'><strong>amatoribus</strong></span> <span class='ocrx_word' id='word_1_759' title='bbox 1754 4995 2010 5047; x_wconf 80' lang='lat' dir='ltr'><strong>reritotis.</strong></span> 
     </span>
    </p>
   </div>
   <div class='ocr_carea' id='block_1_96' title="bbox 2150 4984 3692 5068">
    <p class='ocr_par' dir='ltr' id='par_1_96' title="bbox 2192 4984 3692 5068">
     <span class='ocr_line' id='line_1_96' title="bbox 2192 4984 3692 5068; baseline -0.002 -23"><span class='ocrx_word' id='word_1_760' title='bbox 2192 4984 2598 5068; x_wconf 42' lang='lat' dir='ltr'><strong>flammma;</strong></span> <span class='ocrx_word' id='word_1_761' title='bbox 2648 4991 2687 5059; x_wconf 74' lang='grc' dir='ltr'>ἡ</span> <span class='ocrx_word' id='word_1_762' title='bbox 2716 4984 2829 5068; x_wconf 70' lang='grc' dir='ltr'>τῆς</span> <span class='ocrx_word' id='word_1_763' title='bbox 2857 4984 2989 5068; x_wconf 69' lang='grc' dir='ltr'>περὶ</span> <span class='ocrx_word' id='word_1_764' title='bbox 3017 4984 3202 5068; x_wconf 50' lang='lat' dir='ltr'><strong>agror-</strong></span> <span class='ocrx_word' id='word_1_765' title='bbox 3229 4987 3439 5066; x_wconf 59' lang='lat' dir='ltr'><strong>érﬂégv</strong></span> <span class='ocrx_word' id='word_1_766' title='bbox 3476 4987 3692 5057; x_wconf 74' lang='grc' dir='ltr'>ἀρετῆς</span> 
     </span>
    </p>
   </div>
   <div class='ocr_carea' id='block_1_97' title="bbox 508 5058 2046 5132">
    <p class='ocr_par' dir='ltr' id='par_1_97' title="bbox 508 5058 1104 5119">
     <span class='ocr_line' id='line_1_97' title="bbox 508 5058 1104 5119; baseline -0.005 0"><span class='ocrx_word' id='word_1_767' title='bbox 508 5062 755 5119; x_wconf 79' lang='lat' dir='ltr'><strong>Oracula</strong></span> <span class='ocrx_word' id='word_1_768' title='bbox 778 5062 842 5117; x_wconf 85' lang='lat' dir='ltr'><strong>de</strong></span> <span class='ocrx_word' id='word_1_769' title='bbox 870 5058 1104 5119; x_wconf 75' lang='lat' dir='ltr'><strong>Christo.</strong></span> 
     </span>
    </p>
   </div>
   <div class='ocr_carea' id='block_1_98' title="bbox 2150 5058 3409 5132">
    <p class='ocr_par' dir='ltr' id='par_1_98' title="bbox 2194 5058 3409 5132">
     <span class='ocr_line' id='line_1_98' title="bbox 2194 5058 3409 5132; baseline -0.002 -18"><span class='ocrx_word' id='word_1_770' title='bbox 2194 5060 2465 5132; x_wconf 74' lang='grc' dir='ltr'>δύναμις.</span> <span class='ocrx_word' id='word_1_771' title='bbox 2540 5060 2808 5130; x_wconf 74' lang='grc' dir='ltr'>Χρησμοὶ</span> <span class='ocrx_word' id='word_1_772' title='bbox 2833 5059 2965 5127; x_wconf 75' lang='grc' dir='ltr'>περὶ</span> <span class='ocrx_word' id='word_1_773' title='bbox 2990 5058 3093 5112; x_wconf 82' lang='grc' dir='ltr'><strong>τοῦ</strong></span> <span class='ocrx_word' id='word_1_774' title='bbox 3132 5058 3409 5125; x_wconf 82' lang='grc' dir='ltr'>Χριστοῦ.</span> 
     </span>
    </p>
   </div>
   <div class='ocr_carea' id='block_1_99' title="bbox 512 5192 2046 5272">
    <p class='ocr_par' dir='ltr' id='par_1_99' title="bbox 512 5195 2015 5266">
     <span class='ocr_line' id='line_1_99' title="bbox 512 5195 2015 5266; baseline 0.002 -12"><span class='ocrx_word' id='word_1_775' title='bbox 512 5200 856 5259; x_wconf 71' lang='lat' dir='ltr'><strong>Vll.cMirum</strong></span> <span class='ocrx_word' id='word_1_776' title='bbox 876 5198 1101 5256; x_wconf 85' lang='lat' dir='ltr'><strong>forsitan</strong></span> <span class='ocrx_word' id='word_1_777' title='bbox 1122 5196 1393 5259; x_wconf 89' lang='lat' dir='ltr'><strong>nonnullis</strong></span> <span class='ocrx_word' id='word_1_778' title='bbox 1421 5195 1716 5257; x_wconf 68' lang='lat' dir='ltr'><strong>videbilur.</strong></span> <span class='ocrx_word' id='word_1_779' title='bbox 1749 5195 1895 5266; x_wconf 84' lang='lat' dir='ltr'><strong>quod</strong></span> <span class='ocrx_word' id='word_1_780' title='bbox 1929 5196 2015 5250; x_wconf 84' lang='lat' dir='ltr'><strong>di-</strong></span> 
     </span>
    </p>
   </div>
   <div class='ocr_carea' id='block_1_100' title="bbox 2150 5192 3691 5272">
    <p class='ocr_par' dir='ltr' id='par_1_100' title="bbox 2173 5192 3691 5272">
     <span class='ocr_line' id='line_1_100' title="bbox 2173 5192 3691 5272; baseline -0.008 -15"><span class='ocrx_word' id='word_1_781' title='bbox 2173 5200 2597 5272; x_wconf 77' lang='grc' dir='ltr'>Ζ’.εΠαράδοξον</span> <span class='ocrx_word' id='word_1_782' title='bbox 2615 5198 2744 5264; x_wconf 74' lang='grc' dir='ltr'>ἴσως</span> <span class='ocrx_word' id='word_1_783' title='bbox 2756 5198 2959 5265; x_wconf 82' lang='grc' dir='ltr'>δόξε;εν</span> <span class='ocrx_word' id='word_1_784' title='bbox 2988 5197 3052 5251; x_wconf 80' lang='grc' dir='ltr'>ἄν</span> <span class='ocrx_word' id='word_1_785' title='bbox 3076 5213 3218 5249; x_wconf 87' lang='grc' dir='ltr'>τισιν</span> <span class='ocrx_word' id='word_1_786' title='bbox 3250 5192 3469 5248; x_wconf 73' lang='grc' dir='ltr'>εἶναιτὸ</span> <span class='ocrx_word' id='word_1_787' title='bbox 3499 5192 3691 5263; x_wconf 85' lang='grc' dir='ltr'>μέλλον</span> 
     </span>
    </p>
   </div>
   <div class='ocr_carea' id='block_1_101' title="bbox 432 5285 2017 5360">
    <p class='ocr_par' dir='ltr' id='par_1_101' title="bbox 432 5285 2017 5360">
     <span class='ocr_line' id='line_1_101' title="bbox 432 5285 2017 5360; baseline -0.002 -19"><span class='ocrx_word' id='word_1_788' title='bbox 432 5288 583 5342; x_wconf 82' lang='lat' dir='ltr'><strong>eturi</strong></span> <span class='ocrx_word' id='word_1_789' title='bbox 630 5303 843 5344; x_wconf 90' lang='lat' dir='ltr'><strong>sumus.</strong></span> <span class='ocrx_word' id='word_1_790' title='bbox 903 5287 1184 5360; x_wconf 89' lang='lat' dir='ltr'><strong>Siquidem</strong></span> <span class='ocrx_word' id='word_1_791' title='bbox 1232 5288 1508 5344; x_wconf 89' lang='lat' dir='ltr'><strong>Christum</strong></span> <span class='ocrx_word' id='word_1_792' title='bbox 1541 5285 1617 5339; x_wconf 90' lang='lat' dir='ltr'><strong>dii</strong></span> <span class='ocrx_word' id='word_1_793' title='bbox 1648 5300 1859 5340; x_wconf 87' lang='lat' dir='ltr'><strong>summe</strong></span> <span class='ocrx_word' id='word_1_794' title='bbox 1893 5285 2017 5339; x_wconf 83' lang='lat' dir='ltr'><strong>reli-</strong></span> 
     </span>
    </p>
   </div>
   <div class='ocr_carea' id='block_1_102' title="bbox 430 5376 2015 5452">
    <p class='ocr_par' dir='ltr' id='par_1_102' title="bbox 430 5376 2015 5452">
     <span class='ocr_line' id='line_1_102' title="bbox 430 5376 2015 5452; baseline 0 -19"><span class='ocrx_word' id='word_1_795' title='bbox 430 5379 653 5450; x_wconf 80' lang='lat' dir='ltr'><strong>giosum</strong></span> <span class='ocrx_word' id='word_1_796' title='bbox 689 5380 1165 5452; x_wconf 85' lang='lat' dir='ltr'><strong>immortalemque</strong></span> <span class='ocrx_word' id='word_1_797' title='bbox 1206 5380 1377 5434; x_wconf 88' lang='lat' dir='ltr'><strong>fuisse</strong></span> <span class='ocrx_word' id='word_1_798' title='bbox 1429 5376 1808 5447; x_wconf 86' lang='lat' dir='ltr'><strong>prodiderunt,</strong></span> <span class='ocrx_word' id='word_1_799' title='bbox 1841 5376 2015 5447; x_wconf 88' lang='lat' dir='ltr'><strong>deque</strong></span> 
     </span>
    </p>
   </div>
   <div class='ocr_carea' id='block_1_103' title="bbox 439 5470 2069 5536">
    <p class='ocr_par' dir='ltr' id='par_1_103' title="bbox 439 5470 2069 5536">
     <span class='ocr_line' id='line_1_103' title="bbox 439 5470 2069 5536; baseline 0.002 -14"><span class='ocrx_word' id='word_1_800' title='bbox 439 5472 534 5525; x_wconf 92' lang='lat' dir='ltr'><strong>illo</strong></span> <span class='ocrx_word' id='word_1_801' title='bbox 564 5486 687 5526; x_wconf 90' lang='lat' dir='ltr'><strong>cum</strong></span> <span class='ocrx_word' id='word_1_802' title='bbox 727 5472 887 5528; x_wconf 89' lang='lat' dir='ltr'><strong>laude</strong></span> <span class='ocrx_word' id='word_1_803' title='bbox 917 5474 1249 5529; x_wconf 87' lang='lat' dir='ltr'><strong>mentionem</strong></span> <span class='ocrx_word' id='word_1_804' title='bbox 1291 5470 1544 5536; x_wconf 88' lang='lat' dir='ltr'><strong>faciunt;</strong></span> <span class='ocrx_word' id='word_1_805' title='bbox 1585 5487 1603 5520; x_wconf 85' lang='grc'><strong>›</strong></span> <span class='ocrx_word' id='word_1_806' title='bbox 1659 5476 1713 5524; x_wconf 93' lang='lat' dir='ltr'><strong>et</strong></span> <span class='ocrx_word' id='word_1_807' title='bbox 1761 5484 2014 5525; x_wconf 88' lang='lat' dir='ltr'><strong>sermone</strong></span> <span class='ocrx_word' id='word_1_808' title='bbox 2064 5532 2069 5536; x_wconf 35' lang='grc' dir='ltr'>η</span> 
     </span>
    </p>
   </div>
   <div class='ocr_carea' id='block_1_104' title="bbox 429 5560 2011 5634">
    <p class='ocr_par' dir='ltr' id='par_1_104' title="bbox 429 5560 2011 5634">
     <span class='ocr_line' id='line_1_104' title="bbox 429 5560 2011 5634; baseline 0.002 -20"><span class='ocrx_word' id='word_1_809' title='bbox 429 5577 760 5633; x_wconf 81' lang='lat' dir='ltr'><strong>progressus</strong></span> <span class='ocrx_word' id='word_1_810' title='bbox 791 5563 1041 5634; x_wconf 71' lang='lat' dir='ltr'><strong>adiungit</strong></span> <span class='ocrx_word' id='word_1_811' title='bbox 1075 5584 1088 5619; x_wconf 92' lang='lat'><strong>:</strong></span> <span class='ocrx_word' id='word_1_812' title='bbox 1151 5582 1170 5616; x_wconf 77' lang='grc' dir='ltr'><strong>ι</strong></span> <span class='ocrx_word' id='word_1_813' title='bbox 1228 5561 1396 5633; x_wconf 88' lang='lat' dir='ltr'><strong>Igitur</strong></span> <span class='ocrx_word' id='word_1_814' title='bbox 1421 5560 1488 5616; x_wconf 92' lang='lat' dir='ltr'><strong>de</strong></span> <span class='ocrx_word' id='word_1_815' title='bbox 1517 5560 1742 5617; x_wconf 84' lang='lat' dir='ltr'><strong>Christo</strong></span> <span class='ocrx_word' id='word_1_816' title='bbox 1771 5562 2011 5618; x_wconf 85' lang='lat' dir='ltr'><strong>interro-</strong></span> 
     </span>
    </p>
   </div>
   <div class='ocr_carea' id='block_1_105' title="bbox 429 5654 1569 5726">
    <p class='ocr_par' dir='ltr' id='par_1_105' title="bbox 429 5654 1569 5726">
     <span class='ocr_line' id='line_1_105' title="bbox 429 5654 1569 5726; baseline 0.006 -22"><span class='ocrx_word' id='word_1_817' title='bbox 429 5654 710 5723; x_wconf 75' lang='lat' dir='ltr'><strong>gantibus,</strong></span> <span class='ocrx_word' id='word_1_818' title='bbox 737 5664 917 5709; x_wconf 89' lang='lat' dir='ltr'><strong>utrum</strong></span> <span class='ocrx_word' id='word_1_819' title='bbox 945 5657 1015 5711; x_wconf 88' lang='lat' dir='ltr'><strong>sit</strong></span> <span class='ocrx_word' id='word_1_820' title='bbox 1052 5657 1213 5724; x_wconf 89' lang='lat' dir='ltr'><strong>Deus,</strong></span> <span class='ocrx_word' id='word_1_821' title='bbox 1239 5654 1523 5726; x_wconf 87' lang='lat' dir='ltr'><strong>respondit</strong></span> <span class='ocrx_word' id='word_1_822' title='bbox 1556 5671 1569 5709; x_wconf 88' lang='lat'><strong>:</strong></span> 
     </span>
    </p>
   </div>
   <div class='ocr_carea' id='block_1_106' title="bbox 1945 5714 1995 5739">
    <p class='ocr_par' dir='ltr' id='par_1_106' title="bbox 1945 5714 1995 5739">
     <span class='ocr_line' id='line_1_106' title="bbox 1945 5714 1995 5739; baseline -0.04 0"><span class='ocrx_word' id='word_1_823' title='bbox 1945 5714 1995 5739; x_wconf 48' lang='grc' dir='ltr'><strong>ἔκ</strong></span> 
     </span>
    </p>
   </div>
   <div class='ocr_carea' id='block_1_107' title="bbox 502 5854 1040 5923">
    <p class='ocr_par' dir='ltr' id='par_1_107' title="bbox 502 5854 1040 5923">
     <span class='ocr_line' id='line_1_107' title="bbox 502 5854 1040 5923; baseline 0.022 -23"><span class='ocrx_word' id='word_1_824' title='bbox 502 5855 545 5888; x_wconf 71' lang='grc' dir='ltr'><strong>ἰ</strong></span> <span class='ocrx_word' id='word_1_825' title='bbox 580 5854 767 5909; x_wconf 71' lang='lat' dir='ltr'><strong>Matth.</strong></span> <span class='ocrx_word' id='word_1_826' title='bbox 806 5872 925 5923; x_wconf 83' lang='lat' dir='ltr'><strong>vm,</strong></span> <span class='ocrx_word' id='word_1_827' title='bbox 951 5857 1040 5914; x_wconf 74' lang='grc'><strong>29.</strong></span> 
     </span>
    </p>
   </div>
   <div class='ocr_carea' id='block_1_108' title="bbox 2121 5285 3689 5359">
    <p class='ocr_par' dir='ltr' id='par_1_108' title="bbox 2121 5285 3689 5359">
     <span class='ocr_line' id='line_1_108' title="bbox 2121 5285 3689 5359; baseline -0.003 -18"><span class='ocrx_word' id='word_1_828' title='bbox 2121 5288 2372 5358; x_wconf 83' lang='grc' dir='ltr'>λέγεσθαι</span> <span class='ocrx_word' id='word_1_829' title='bbox 2425 5291 2514 5358; x_wconf 81' lang='grc' dir='ltr'>ὑφ’</span> <span class='ocrx_word' id='word_1_830' title='bbox 2565 5288 2739 5359; x_wconf 78' lang='grc' dir='ltr'>ἡμῶν.</span> <span class='ocrx_word' id='word_1_831' title='bbox 2764 5288 2867 5341; x_wconf 84' lang='grc' dir='ltr'>Τὸν</span> <span class='ocrx_word' id='word_1_832' title='bbox 2909 5286 3017 5359; x_wconf 84' lang='grc' dir='ltr'>γὰρ</span> <span class='ocrx_word' id='word_1_833' title='bbox 3045 5287 3277 5359; x_wconf 82' lang='grc' dir='ltr'>Χριστὸν</span> <span class='ocrx_word' id='word_1_834' title='bbox 3298 5289 3346 5339; x_wconf 85' lang='grc' dir='ltr'>οἱ</span> <span class='ocrx_word' id='word_1_835' title='bbox 3382 5285 3493 5338; x_wconf 77' lang='grc' dir='ltr'>θεοὶ</span> <span class='ocrx_word' id='word_1_836' title='bbox 3536 5285 3689 5337; x_wconf 86' lang='grc' dir='ltr'>εὐσε-</span> 
     </span>
    </p>
   </div>
   <div class='ocr_carea' id='block_1_109' title="bbox 2122 5375 3685 5449">
    <p class='ocr_par' dir='ltr' id='par_1_109' title="bbox 2122 5375 3685 5449">
     <span class='ocr_line' id='line_1_109' title="bbox 2122 5375 3685 5449; baseline -0.004 -18"><span class='ocrx_word' id='word_1_837' title='bbox 2122 5380 2381 5433; x_wconf 74' lang='grc' dir='ltr'>ϐέστατον</span> <span class='ocrx_word' id='word_1_838' title='bbox 2407 5379 2752 5449; x_wconf 82' lang='grc' dir='ltr'>ἀπεφήναντο</span> <span class='ocrx_word' id='word_1_839' title='bbox 2793 5378 2887 5432; x_wconf 69' lang='grc' dir='ltr'><strong>καὶ</strong></span> <span class='ocrx_word' id='word_1_840' title='bbox 2924 5378 3189 5433; x_wconf 86' lang='grc' dir='ltr'>ἀθάνατον</span> <span class='ocrx_word' id='word_1_841' title='bbox 3217 5375 3497 5445; x_wconf 83' lang='grc' dir='ltr'>γεγονότα,</span> <span class='ocrx_word' id='word_1_842' title='bbox 3528 5375 3685 5444; x_wconf 75' lang='grc' dir='ltr'>εὐφή-</span> 
     </span>
    </p>
   </div>
   <div class='ocr_carea' id='block_1_110' title="bbox 2122 5462 3682 5541">
    <p class='ocr_par' dir='ltr' id='par_1_110' title="bbox 2122 5462 3682 5541">
     <span class='ocr_line' id='line_1_110' title="bbox 2122 5462 3682 5541; baseline -0.003 -20"><span class='ocrx_word' id='word_1_843' title='bbox 2122 5487 2241 5541; x_wconf 82' lang='grc' dir='ltr'><strong>μως</strong></span> <span class='ocrx_word' id='word_1_844' title='bbox 2258 5486 2319 5521; x_wconf 90' lang='grc' dir='ltr'><strong>τε</strong></span> <span class='ocrx_word' id='word_1_845' title='bbox 2347 5467 2507 5521; x_wconf 80' lang='grc' dir='ltr'>αὐτοῦ</span> <span class='ocrx_word' id='word_1_846' title='bbox 2541 5470 2950 5540; x_wconf 86' lang='grc' dir='ltr'>μνημονεύουσι.</span> <span class='ocrx_word' id='word_1_847' title='bbox 2982 5486 3001 5519; x_wconf 72' lang='grc' dir='ltr'><strong>ι</strong></span> <span class='ocrx_word' id='word_1_848' title='bbox 3041 5467 3149 5519; x_wconf 79' lang='grc' dir='ltr'>Καὶ</span> <span class='ocrx_word' id='word_1_849' title='bbox 3185 5463 3388 5527; x_wconf 76' lang='grc' dir='ltr'>ὑποϐὰς</span> <span class='ocrx_word' id='word_1_850' title='bbox 3414 5462 3682 5531; x_wconf 81' lang='grc' dir='ltr'>ἐπιλέγει·</span> 
     </span>
    </p>
   </div>
   <div class='ocr_carea' id='block_1_111' title="bbox 2122 5556 3683 5635">
    <p class='ocr_par' dir='ltr' id='par_1_111' title="bbox 2122 5556 3683 5635">
     <span class='ocr_line' id='line_1_111' title="bbox 2122 5556 3683 5635; baseline -0.002 -22"><span class='ocrx_word' id='word_1_851' title='bbox 2122 5580 2141 5612; x_wconf 79' lang='grc' dir='ltr'><strong>ι</strong></span> <span class='ocrx_word' id='word_1_852' title='bbox 2186 5561 2321 5631; x_wconf 75' lang='grc' dir='ltr'>Περὶ</span> <span class='ocrx_word' id='word_1_853' title='bbox 2349 5560 2478 5631; x_wconf 83' lang='grc' dir='ltr'>γοῦν</span> <span class='ocrx_word' id='word_1_854' title='bbox 2507 5560 2600 5614; x_wconf 86' lang='grc' dir='ltr'><strong>τοῦ</strong></span> <span class='ocrx_word' id='word_1_855' title='bbox 2639 5561 2878 5635; x_wconf 86' lang='grc' dir='ltr'>Χριστοῦ</span> <span class='ocrx_word' id='word_1_856' title='bbox 2907 5558 3298 5631; x_wconf 79' lang='grc' dir='ltr'>ἑρωτησάντων</span> <span class='ocrx_word' id='word_1_857' title='bbox 3325 5558 3373 5612; x_wconf 83' lang='grc' dir='ltr'><strong>εί</strong></span> <span class='ocrx_word' id='word_1_858' title='bbox 3395 5556 3511 5612; x_wconf 77' lang='grc' dir='ltr'>ἔστι</span> <span class='ocrx_word' id='word_1_859' title='bbox 3533 5556 3683 5623; x_wconf 80' lang='grc' dir='ltr'>Θεὸς,</span> 
     </span>
    </p>
   </div>
   <div class='ocr_carea' id='block_1_112' title="bbox 2119 5652 2323 5725">
    <p class='ocr_par' dir='ltr' id='par_1_112' title="bbox 2119 5652 2323 5725">
     <span class='ocr_line' id='line_1_112' title="bbox 2119 5652 2323 5725; baseline -0.01 -18"><span class='ocrx_word' id='word_1_860' title='bbox 2119 5652 2284 5725; x_wconf 81' lang='grc' dir='ltr'>φησιν</span> <span class='ocrx_word' id='word_1_861' title='bbox 2306 5668 2323 5686; x_wconf 78' lang='grc' dir='ltr'><strong><em>ο</em></strong></span> 
     </span>
    </p>
   </div>
  </div>
