4126 6446
375 402 480 458 237

394 517 553 568 Ὅττι
573 510 689 582 μὲν
704 505 965 582 ἀθανᾴτη
992 500 1159 573 ψυχὴ
1183 501 1334 582 μετὰ
1350 499 1520 582 milia
1537 499 1874 582 '1p06fth‘f‘t,

383 568 715 654 Γιγνώσκει
734 578 917 654 σοφίῃ
946 568 1330 654 retrahit—eaq-
1347 588 1360 601 °
1576 587 1640 654 πε
1666 568 1838 654 ψυχὴ

394 640 627 722 Ἀκέρος
656 640 1363 714 εὐσεϐίῄπροςρερεστάτη
1391 640 1562 694 ἐστὶν
1585 640 1843 692 ἐκείνου.
1889 655 1907 687 ι

382 763 785 821 Εὐσεϐέστατον
820 759 927 829 ἄρα
973 755 1076 826 ἔφη
1103 754 1285 819 αὐτὸν,
1308 752 1402 807 καὶ
1430 752 1527 823 τὴν
1558 749 1733 822 ψυχὴν
1760 747 1945 812 αὐτοῦ,

385 857 635 926 καθάπερ
680 850 774 906 καὶ
816 848 924 902 τῶν
989 846 1184 910 ἄλλων,
1233 844 1369 914 μετὰ
1404 843 1632 904 θάνατον
1675 830 1976 895 ἀπαθανα-’

386 947 664 1017 τισθῆναι,
712 943 777 1013 ἢν
818 938 995 993 σέϐειν
1048 935 1374 1006 ἀγνοοῦντας
1416 936 1541 997 τοὺς
1567 929 1945 1004 Χριστιανούς.

395 1033 882 1109 Ἐπερωτησάντων
910 1031 968 1085 δέ
991 1028 1078 1083 διὰ
1096 1028 1147 1081 τί
1169 1025 1456 1096 ἐκολάσθη,
1481 1025 1713 1097 ἔχρησεν
1729 1041 1742 1053 ·

381 1257 552 1325 Σῶμα
570 1254 687 1325 μὲν
715 1251 1046 1325 adpareat
1061 1247 1360 1325 βαᾳὰκοις
1386 1242 1500 1325 nisi
1513 1241 1941 1325 ἰτροηίξξξϐληταιε

386 1308 644 1396 Trebia
680 1308 975 1378 εὺᾰεεέων
997 1308 1084 1386 eli-
1113 1308 1395 1387 οὐράνιόν
1426 1308 1612 1368 πέδον
1632 1308 1757 1371 ἵζει.

376 1439 486 1494 Καὶ
536 1437 777 1505 ἐπιλέγει
819 1434 953 1507 μετὰ
977 1433 1066 1487 τὸν
1111 1430 1355 1504 χρησμὸν
1387 1428 1512 1499 ἑξῆς
1540 1444 1553 1458 ’
1594 1445 1612 1477 ι
1653 1424 1824 1489 Αὐτὸς
1855 1418 1947 1478 οῦν

374 1529 624 1601 εὐσεϐὴς,
653 1529 747 1582 καὶ
790 1527 870 1590 είς
902 1524 1164 1596 οὐρανοὺς
1204 1522 1391 1593 ὥσπερ
1422 1522 1471 1573 οἱ
1500 1517 1741 1580 εὐσεϐεῖς
1769 1517 1949 1589 χωρή-

376 1639 496 1686 σας.
532 1622 694 1674 Ὥστε
743 1617 930 1673 τοῦτον
965 1617 1061 1687 μὲν
1096 1616 1158 1669 οὐ
1217 1611 1659 1685 βλασφημήσεις,
1704 1609 1947 1679 ὲλεήσεις

371 1715 432 1768 δὲ
462 1712 570 1767 τῶν
628 1709 931 1782 ἀνθρώπων
971 1708 1070 1779 τὴν
1123 1706 1332 1761 ἄνοιαν.
1366 1724 1384 1757 ι
1419 1702 1605 1757 Ταῦτα
1665 1701 1757 1754 καὶ
1795 1698 1890 1752 νῦν
1917 1700 1947 1751 ὁ

376 1803 705 1878 Πορφύριος.
731 1798 857 1873 ’Ἆρ’
886 1795 977 1853 οῦν
1011 1797 1279 1859 ἀπατεὼν,
1317 1789 1362 1849 ὦ
1382 1789 1553 1859 οὗτοςς
1586 1791 1687 1846 κᾶν
1719 1790 1789 1844 τὰ
1815 1789 1943 1861 φίλα

375 1914 437 1951 σε
457 1893 772 1950 δυσωπείτω
793 1892 902 1945 τῶν
932 1889 1144 1943 οίκείων
1175 1889 1414 1959 ῥήματα.
1447 1884 1633 1955 Ἔχεις
1659 1881 1945 1954 τοιγαροῦν

374 1989 467 2043 τὸν
487 1986 752 2059 ἡμέτερον
779 1982 1007 2055 Σωτῆρα
1056 1979 1260 2051 Ἰησοῦν
1286 1978 1378 2032 τὸν
1401 1976 1635 2049 Χριστὺν
1661 1974 1755 2029 τοῦ
1788 1974 1944 2039 Θεοῦ,

375 2080 472 2134 καὶ
498 2078 651 2150 παρὰ
700 2079 814 2139 τοῖς
837 2072 1026 2128 ἑαυτοῦ
1055 2070 1470 2144 ὡμολογημένον
1516 2069 1577 2122 οὐ
1622 2069 1795 2138 γόητα
1827 2065 1947 2120 οὐδέ

378 2168 695 2240 φαρμακέα,
721 2163 836 2219 ἀλλ’
863 2163 1057 2234 εὐσεϐῆ
1080 2163 1169 2217 καὶ
1183 2159 1519 2215 δικαιότατον
1537 2157 1632 2212 καὶ
1662 2158 1822 2227 σοφὸν
1855 2159 1950 2211 καὶ

375 2259 642 2332 οὐρανίων
696 2257 901 2327 ἀψίδων
950 2255 1229 2326 οἰκήτορα.
1270 2253 1326 2306 '0
1351 2251 1417 2322 δὴ
1445 2245 1537 2303 οὖν
1558 2248 1797 2312 τοιοῦτος
1833 2249 1949 2310 πῶς

373 2350 443 2405 ἂν
496 2350 668 2413 ἄλλως
723 2347 831 2401 τῶν
880 2345 1200 2419 παραδόξων
1240 2343 1419 2412 ἔργων
1450 2339 1639 2408 γέγονε
1663 2337 1890 2408 ποιητὴς
1912 2338 1947 2409 ἢ

375 2440 605 2511 δυνάμει
653 2439 814 2509 θείας
866 2440 930 2508 ἢν
980 2435 1074 2489 καὶ
1110 2434 1182 2487 τὰ
1228 2432 1350 2504 ἱερὰ
1394 2430 1553 2499 λόγια
1587 2428 1951 2501 μαρτυροῦσιν

378 2533 548 2605 αὐτῷ,
574 2530 709 2586 Θεοῦ
760 2529 917 2598 λόγον
940 2529 1036 2582 καὶ
1064 2526 1198 2582 Θεοῦ
1224 2525 1450 2596 δύναμιν
1484 2522 1581 2593 τὴν
1610 2520 1868 2574 ἀνωτάτω
1892 2521 1949 2572 ἐν

377 2624 668 2696 ἀνθρώπου
731 2624 911 2694 μορφῇ
958 2620 1054 2674 καὶ
1097 2619 1356 2689 σχήματι,
1389 2614 1587 2686 μᾶλλον
1627 2615 1672 2668 δ’
1713 2616 1770 2666 ὲν
1810 2614 1947 2684 αὐτῇ

376 2716 544 2787 σαρκὶ
594 2716 689 2769 καὶ
738 2713 950 2784 σώματι
999 2710 1344 2779 κατοικῆσαι,
1392 2707 1488 2760 καὶ
1544 2707 1724 2759 πᾶσαν
1765 2704 1861 2774 τὴν
1892 2705 1949 2757 ἐν

374 2806 684 2878 ἀνθρώποις
756 2803 1067 2873 οἰκονομίαν
1159 2798 1471 2853 ἐπιτελέσαι
1545 2795 1944 2867 μαρτυροῦντα.

373 2898 485 2953 Καὶ
513 2898 577 2951 σὺ
622 2897 668 2950 δ’
708 2895 774 2950 ἂν
815 2894 977 2957 αὐτὸς
1019 2890 1354 2962 καταμάθοις
1384 2890 1443 2943 τὸ
1482 2888 1661 2942 ἔνθεον
1692 2887 1791 2957 τῆς
1823 2886 1950 2959 περὶ

372 2987 539 3042 αὐτοῦ
568 2986 868 3058 δυνάμεως,
913 2985 962 3037 εἰ
1008 2982 1248 3051 λογίσαιο
1295 2981 1389 3043 τίς
1415 2995 1545 3033 ποτε
1587 2976 1662 3030 ὢν
1708 2977 1817 3046 ἂρα
1851 2975 1949 3046 τὴν

374 3079 537 3151 φύσιν
583 3079 680 3132 καὶ
733 3077 958 3148 πηλίκος
1011 3074 1207 3145 ἄνδρας
1253 3071 1491 3133 εὐτελεῖς
1525 3068 1586 3135 ἐξ
1627 3068 1810 3132 ἁλείις
1856 3067 1950 3121 καὶ

374 3170 629 3226 ταπεινοῦ
665 3170 779 3241 βίου
826 3165 1404 3240 προσοικειωσάμενος,
1438 3161 1646 3225 τούτοις
1682 3160 1948 3231 κέχρηται
1976 3187 2018 3243 C

377 3265 645 3327 διακόνοις
694 3261 787 3316 ἐπὶ
831 3257 1163 3331 κατορθώσει
1212 3256 1533 3327 πράγματος
1568 3253 1744 3307 πάντα
1787 3251 1951 3305 καλύ-

380 3373 602 3420 πτοντος
631 3354 807 3423 λόγον.
836 3348 1144 3422 Διανοηθεὶς
1167 3348 1273 3418 γὰρ
1305 3347 1334 3400 ὃ
1369 3344 1555 3417 μηδεὶς
1597 3342 1840 3408 πώποτε,
1864 3342 1950 3396 νόο

380 3466 515 3521 μους
546 3446 777 3510 οἰκείους
803 3445 896 3499 καὶ
921 3442 1075 3520 ξένην
1105 3438 1449 3494 διδασκαλίαν
1479 3438 1558 3501 είς
1585 3437 1763 3490 πάντα
1790 3452 1950 3489 κατα-

374 3543 596 3611 σπεῖραι
630 3537 698 3591 τέι
728 3536 876 3606 ἔθνη,
908 3534 1001 3588 καὶ
1038 3531 1234 3596 παντὸς
1266 3530 1454 3600 γένους
1481 3525 1782 3600 ἀνθρώπων
1814 3526 1949 3580 διδά-

376 3631 571 3686 σκαλον
603 3627 883 3690 εὐσεϐείας
924 3626 1041 3690 ἐνὸς
1077 3623 1170 3678 τοῦ
1219 3624 1312 3677 ἐπὶ
1346 3624 1560 3676 πάντων
1592 3621 1725 3673 Θεοῦ
1759 3619 1947 3674 ἐαυτὸν

376 3722 670 3793 ἀποφῆναι,
692 3721 805 3784 τοῖς
836 3717 1052 3771 πάντων
1086 3715 1491 3786 ἀγροικοτάτοις
1520 3713 1610 3766 καὶ
1643 3710 1948 3765 εὐτελεστά-

372 3831 486 3877 τοις
511 3813 755 3884 ἡγήσατο
785 3808 1016 3881 χρῆσθαι
1047 3807 1144 3879 τῆς
1167 3806 1370 3868 οἰκείας
1403 3804 1597 3875 βουλῆς
1624 3803 1941 3875 ὑπηρέταις.

375 3903 535 3967 Εἰκός
571 3918 689 3954 τινα
718 3896 1147 3972 παραλογώτατα
1173 3893 1342 3948 ταῦτα
1383 3892 1543 3947 αὐτὸν
1589 3892 1945 3963 πεποιηκέναι

372 3993 608 4065 νομίσαι.
651 3992 776 4054 Πῶς
801 3989 910 4061 γὰρ
949 3989 997 4041 οἱ
1031 3986 1163 4057 μηδέ
1194 3985 1374 4057 διᾶραι
1418 3983 1701 4054 δυνάμενοι
1750 3983 1942 4053 στόμα,

377 4086 478 4140 κᾶν
502 4085 618 4149 ἑνός
638 4099 782 4146 τινος
805 4078 1109 4135 διδάσκαλοι
1135 4079 1491 4146 κατέστησαν,
1510 4074 1630 4145 οὐχί
1650 4091 1713 4143 γε
1737 4073 1944 4144 ἀνδρῶν

376 4176 662 4245 συλλόγου;
694 4172 811 4237 πῶς
857 4172 899 4224 δ’
941 4170 1005 4224 ἂν
1036 4168 1230 4239 πλήθει
1275 4165 1642 4237 διειλέχθησαν
1683 4165 1733 4218 οἱ
1764 4165 1945 4236 πάσης

372 4269 529 4332 ἐκτὸς
571 4267 851 4336 γεγονότες
899 4260 1177 4325 παιδείας;
1220 4258 1379 4312 Ἀλλὰ
1432 4257 1572 4310 τοῦτ’
1621 4251 1689 4327 ἦν
1735 4257 1841 4328 ἄρα
1884 4256 1944 4309 τὸ

369 4363 469 4434 τῆς
511 4361 695 4415 ἐνθέου
753 4357 965 4429 βουλῆς,
1005 4355 1098 4408 καὶ
1145 4354 1244 4424 τῆς
1289 4351 1615 4423 ἐνεργούσης
1664 4351 1722 4402 ἐν
1762 4349 1943 4412 αὐτοῖς

371 4453 521 4517 θείας
568 4450 844 4521 δυνάμεως
907 4444 1330 4517 παραστατικόν.
1394 4440 1751 4503 Ἀνακαλέσας
1811 4438 1942 4508 γοῦν

369 4545 586 4610 αὐτοὺς,
634 4542 701 4595 τὰ
746 4540 842 4612 μὲν
882 4536 1073 4609 πρῶτά
1123 4550 1288 4606 φησιο
1330 4552 1348 4584 ι
1385 4531 1568 4597 Δεῦτε,
1607 4530 1944 4585 ἀκολουθεῖτέ

372 4656 479 4708 μοι,
522 4637 616 4691 καὶ
659 4634 868 4704 ποιήσω
914 4631 1058 4701 ὑμᾶς
1099 4627 1269 4689 ἁλιεῖς
1311 4623 1629 4695 ἀνθρώπων.
1668 4641 1687 4674 ι
1724 4621 1939 4694 Ἐπειδὴ

367 4728 424 4783 δὲ
463 4726 645 4781 λοιπὸν
682 4722 879 4785 αὐτοὺς
922 4716 1248 4778 ἀκολούθους
1299 4714 1591 4783 ἐκτήσατο,
1632 4709 1940 4781 ἐμπνεύσας

366 4821 549 4882 αὐτοῖς
591 4817 868 4881 δυνάμεως
908 4813 1076 4876 θείας,
1125 4809 1316 4880 μένους
1352 4823 1415 4859 τε
1449 4805 1540 4859 καὶ
1580 4805 1812 4874 θάρσους
1843 4803 1941 4872 ἐμ-

370 4912 601 4983 πλήσας.
634 4909 728 4964 καὶ
759 4907 822 4979 δὴ
853 4906 943 4960 οίά
966 4921 1045 4967 τις
1075 4900 1289 4971 ἀληθῶς
1312 4898 1447 4953 Θεοῦ
1466 4898 1622 4966 λόγος
1654 4896 1746 4950 καὶ
1778 4894 1940 4958 αὐτὸς

366 5004 518 5069 Θεὸς,
549 4999 877 5072 τηλικούτων
910 4994 1200 5067 θαυμάτων
1220 4990 1471 5063 ποιητὴς,
1512 4987 1711 5059 νοερῶν
1739 4986 1939 5049 αὐτοὺς

363 5097 459 5152 καὶ
489 5092 721 5164 λογικῶν
743 5089 928 5161 ψυχῶν
953 5084 1219 5159 θηρευτὰς
1254 5084 1507 5154 ποιήσας,
1535 5080 1695 5151 ἔργον
1725 5094 1784 5131 τε
1822 5077 1941 5130 ἐπι-

365 5186 479 5250 θεὶς
500 5187 567 5255 τῇ
588 5184 760 5253 φωνῇ,
780 5183 868 5250 τῇ,
888 5198 906 5230 ι
930 5178 1112 5242 Δεῦτε,
1136 5173 1477 5232 ἀκολουθεῖτέ
1494 5188 1603 5243 μοι,
1621 5169 1716 5223 καὶ
1732 5169 1941 5239 ποιήσω

366 5280 511 5351 ὑμᾶς
543 5277 713 5338 ἁλιεῖς
742 5271 1063 5343 ἀνθρώπων,
1113 5290 1131 5320 ι
1164 5268 1402 5339 (modum,
1441 5263 1575 5335 ὁμοῦ
1610 5279 1666 5316 τε
1704 5259 1941 5331 ἐργάτας

369 5372 462 5427 καὶ
509 5366 862 5427 διδασκάλους
907 5364 1101 5425 αὐτοὺς
1158 5358 1438 5420 εὐσεϐείας
1481 5352 1937 5425 ἀπειργασμένος,

366 5464 469 5535 ἢδη
514 5462 609 5515 καὶ
646 5460 724 5523 είς
776 5457 950 5511 πάντα
995 5453 1062 5506 τὰ
1112 5451 1237 5522 ἔθνη
1286 5448 1639 5519 διεπέμπετο,
1694 5446 1941 5535 κήρυκας

366 5531 648 5614 ἀναδείξας
673 5549 772 5618 τῆς
801 5543 965 5600 αὐτοῦ
996 5538 1363 5601 διδασκαλίας.
1400 5538 1508 5589 Καὶ
1532 5537 1616 5600 τίς
1644 5536 1743 5589 οὐκ
1766 5532 1830 5587 ἂν
1856 5531 1942 5597 ἐξ-

368 5642 599 5711 επλάγη,
625 5638 717 5692 καὶ
748 5636 1048 5708 ἠπίστησεν
1076 5631 1141 5685 ἂν
1175 5629 1398 5690 εἰκότως
1428 5624 1508 5695 τῷ
1539 5623 1821 5695 παραδόξῳ
1847 5623 1939 5676 τοῦ

365 5734 660 5804 θαύματος,
682 5732 768 5785 ὅτε
801 5727 987 5801 μηδεὶς
1018 5725 1117 5799 μὲν
1150 5721 1256 5776 τῶν
1288 5717 1513 5797 πώποτε
1552 5718 1608 5769 ὲν
1637 5714 1942 5799 ἀνθράζποις

447 5864 707 5925 “.Matth.
747 5879 822 5930 IV,
848 5862 933 5917 i8.

1268 377 1923 440 DEMONSTRATIONIS
1960 372 2422 432 EVANGELICIE
2462 373 2591 429 LIB.
2635 373 2724 429 lll.

3509 376 3617 433 258

1976 500 2021 558 Α
2056 491 2420 546 Immortalem
2455 493 2688 545 animum
2715 502 2831 559 post
2869 508 3078 546 cassum
3127 489 3361 544 incedere
3405 504 3615 561 corpus,

2053 563 2284 616 Nascere
2314 562 2629 616 honoratam
2660 564 2909 629 sapientis
2935 564 3064 625 luce,
3090 562 3179 615 sed
3205 561 3355 613 it'lam

2053 631 2282 702 Insignis
2310 634 2500 699 pietate
2528 633 2629 685 viri
2668 640 2889 686 mentem
2916 648 3027 686 esse
3057 631 3322 685 decoram.
3350 650 3368 681 ι

2053 744 2273 800 Summe
2311 760 2443 816 ergo
2494 745 2806 816 religiosum
2836 745 2986 799 illum
3019 745 3176 809 dixit,
3200 753 3254 800 et
3284 744 3521 800 animam
3554 746 3620 800 il-

2049 839 2157 893 lius
2201 838 2363 893 siculi
2414 837 2667 900 aliorum,
2704 847 2823 908 post
2855 846 3085 893 mortem
3128 839 3490 893 immortalem
3524 839 3608 893 fa-

2050 939 2217 993 ctam,
2273 945 2502 1000 eamque
2571 931 2773 995 colere,
2840 931 3153 1001 ignorantes
3229 930 3618 998 Christianos;

2050 1021 2245 1077 deinde
2265 1022 2731 1091 interrogantibus
2764 1037 2864 1075 cur
2894 1022 3163 1093 supplicio
3192 1022 3419 1078 allectus
3447 1030 3616 1087 esset,

2049 1111 2333 1184 respondit
2363 1131 2376 1165 :

2052 1227 2183 1282 Esse
2201 1226 2411 1295 quidem
2440 1240 2640 1294 semper
2669 1225 2875 1280 modico
2903 1226 3224 1279 cruciamine
3259 1234 3455 1280 tortum

2050 1296 2274 1367 Corpus,
2304 1306 2358 1350 at
2397 1296 2631 1350 (etltereis
2661 1305 2882 1349 utentem
2910 1297 3195 1350 clarescere
3223 1299 3444 1366 campis.

2049 1407 2116 1462 Et
2144 1415 2267 1478 post
2289 1408 2572 1462 oraculum
2628 1405 2876 1476 adiungit
2908 1406 3166 1477 deinceps
3205 1426 3217 1460 :
3254 1426 3273 1458 ι
3303 1406 3422 1478 Ipse
3456 1407 3620 1481 igitur

2047 1499 2193 1570 pius,
2216 1506 2269 1553 et
2298 1498 2352 1553 in
2386 1500 2606 1565 caelum,
2641 1504 2702 1552 ut
2732 1497 2806 1569 pii
2842 1498 3039 1562 solent,
3067 1499 3383 1555 subvectus.
3434 1498 3618 1566 Quare

2059 1595 2207 1650 hunc
2253 1593 2472 1664 quidem
2516 1609 2626 1649 non
2658 1592 3057 1659 exsecraberis,
3106 1594 3454 1650 misereberis
3488 1609 3618 1650 vero

2048 1684 2328 1741 hominum
2354 1682 2749 1753 ignorantiam?
2786 1702 2806 1733 λ
2837 1681 2969 1737 Haec
2999 1683 3162 1738 etiam
3199 1698 3346 1738 nunc
3374 1683 3618 1756 Porphy-

2057 1777 2199 1833 rius.
2236 1774 2433 1842 Quaeso
2474 1774 2660 1845 igitur,
2687 1774 2934 1844 nunquid
2963 1775 3230 1846 impostor
3256 1776 3383 1830 ille?
3426 1784 3480 1830 at
3509 1777 3620 1832 sal-

2048 1879 2156 1924 tem
2188 1875 2409 1922 tuurum
2454 1866 2753 1921 amicorum
2790 1867 2954 1922 verba
3006 1867 3101 1923 tibi
3153 1868 3507 1936 blandientis,
3564 1876 3619 1924 te

2047 1957 2290 2013 ﬂectant.
2320 1956 2500 2012 Habes
2532 1956 2699 2028 igitur
2738 1966 2985 2012 nostrum
3010 1956 3370 2015 .Salvatorem
3404 1959 3614 2025 Jesum,

2048 2051 2139 2121 qui
2189 2050 2445 2105 Christus
2491 2057 2575 2105 est
2621 2046 2738 2113 Dei,
2786 2050 2951 2105 etiam
3006 2050 3247 2105 virorum
3274 2045 3619 2107 ‘testimonio

2048 2142 2487 2211 comprobatum,
2517 2148 2575 2194 ut
2604 2156 2713 2195 non
2760 2141 3234 2210 prtestigiatorem,
3289 2153 3384 2197 aut
3413 2144 3618 2200 veneﬁ-

2049 2247 2194 2297 cum,
2241 2232 2333 2288 sed
2388 2238 2446 2285 ut
2487 2231 2657 2301 pium,
2706 2239 2760 2287 et
2800 2231 3186 2301 iustissimum,
3219 2240 3272 2289 et
3298 2235 3619 2306 sapientem,

2050 2323 2374 2393 orbiumque
2422 2322 2729 2378 cmlestium
2791 2323 3048 2378 incolam.
3106 2324 3209 2391 Qui
3271 2324 3439 2396 igitur
3496 2327 3621 2382 talis

2053 2411 2176 2477 fuit,
2208 2427 2441 2482 quanam
2476 2413 2582 2466 alia
2628 2413 2841 2469 ratione
2894 2414 3294 2469 admirabilium
3347 2413 3617 2471 factorum

2052 2512 2243 2559 auctor
2275 2519 2397 2560 esse
2425 2505 2620 2574 potuit,
2657 2505 2763 2559 nisi
2796 2505 2997 2561 virtute
3021 2506 3248 2561 divina?
3274 2522 3436 2577 quam
3457 2509 3618 2563 etiam

2052 2613 2210 2654 sacra
2236 2598 2457 2653 oracula
2483 2598 2814 2653 testimoniis
2832 2599 2948 2653 suis
2970 2598 3045 2652 illi
3066 2598 3336 2663 tribuunt,
3361 2614 3481 2669 qua:
3508 2600 3626 2670 qui-

2050 2687 2173 2744 dem
2197 2688 2291 2743 Dei
2310 2688 2534 2744 verbum
2553 2687 2754 2759 Deique
2764 2688 3020 2744 virtutem
3038 2705 3368 2760 supremam,
3387 2693 3442 2745 in
3455 2691 3626 2747 homi-

2049 2778 2135 2833 nis
2159 2778 2331 2834 [orma
2347 2786 2510 2849 atque
2533 2778 2741 2846 habitu,
2767 2795 2830 2835 ac
2854 2781 3038 2852 potius
3057 2782 3111 2835 in
3131 2782 3248 2852 ipsa
3267 2796 3453 2846 carne,
3474 2784 3623 2855 ipso-

2050 2867 2698 2939 quecorporehabitasse,
2725 2883 3052 2940 omnemque
3069 2869 3361 2925 humanam
3395 2869 3626 2941 disposi-

2052 2960 2277 3024 tionem,
2309 2962 2875 3033 gubernationemque
2896 2962 3220 3026 absolvisse,
3239 2961 3623 3041 testiﬁcantur.

2055 3051 2211 3123 135
2237 3051 2316 3107 Tu
2350 3069 2566 3124 quoque
2598 3054 2757 3110 facile
2793 3054 2978 3110 discas
3004 3053 3346 3109 divinitatem
3393 3053 3619 3109 virtutis

2051 3158 2172 3213 qua:
2215 3142 2282 3198 de
2319 3142 2412 3197 illo
2444 3143 2637 3209 fertur,
2672 3144 2719 3200 si
2752 3144 2958 3215 cogites
2998 3158 3120 3214 qua
3168 3142 3260 3199 ille
3313 3150 3531 3209 natura,
3565 3151 3623 3200 et

2051 3234 2357 3304 cuiusmodi
2388 3237 2649 3306 praeditus
2672 3276 2687 3301 ,
2719 3238 2868 3292 viros
2918 3236 3186 3307 ignobiles
3217 3235 3286 3293 de
3324 3237 3622 3306 piscatorio

2050 3331 2214 3394 atque
2240 3325 2431 3379 humili
2460 3326 2605 3382 victu
2654 3327 2949 3397 acceperit,
3011 3324 3226 3396 sibique
3283 3326 3619 3395 adiunxerit.

2049 3411 2251 3467 Deinde
2284 3413 2353 3469 iis
2387 3429 2522 3470 usus
2562 3414 2633 3470 sit
2662 3413 3003 3470 administris
3033 3415 3098 3470 ad
3137 3414 3270 3469 illud
3321 3416 3618 3486 incoeptum

2048 3504 2458 3574 perliciendum,
2489 3506 2634 3575 quod
2663 3521 2879 3561 omnem
2910 3505 3131 3576 effugiat
3163 3506 3451 3561 rationem.
3482 3506 3616 3561 Cum

2047 3597 2191 3652 enim
2254 3599 2548 3669 cogitasset
2616 3599 2669 3653 id
2697 3599 2842 3670 quod
2893 3600 3077 3653 nullus
3120 3614 3359 3669 unquam
3409 3598 3616 3670 cogita-

2047 3691 2123 3744 vit
2154 3710 2166 3744 :
2201 3690 2452 3760 proprias
2482 3691 2626 3760 leges
2650 3705 2956 3762 novamque
2980 3690 3286 3746 doctrinam
3340 3689 3396 3744 in
3427 3704 3616 3746 omnes

2047 3783 2407 3839 disseminare
2453 3785 2725 3848 nationes,
2787 3797 3057 3854 omneque
3113 3782 3394 3837 hominum
3444 3797 3616 3854 genus

2046 3889 2165 3929 eam
2195 3872 2391 3927 docere
2440 3873 2718 3942 pietatem,
2749 3887 2870 3942 qua:
2897 3887 3066 3926 unum
3091 3886 3408 3942 supremum
3441 3871 3611 3927 Deum

2045 3978 2415 4034 veneraretur,
2444 3967 2577 4037 huju
2614 3982 2721 4038 que
2770 3967 2849 4023 rei
2892 3981 2953 4023 se
2985 3965 3311 4036 magistrum
3335 3964 3613 4029 exhibere,

2046 4063 2286 4117 omnium
2317 4063 2553 4117 maxime
2576 4061 2881 4132 agrestibus
2914 4061 3265 4129 maximeque.
3285 4056 3615 4129 ignobilibus

2045 4153 2255 4225 putavit
2283 4153 2383 4210 sibi
2406 4153 2665 4210 utendum
2679 4168 2800 4209 esse
2821 4152 3049 4223 hujusce
3076 4151 3291 4208 consilii
3314 4148 3615 4205 ministris:

2045 4254 2233 4318 utpote
2260 4262 2385 4301 cum
2438 4245 2735 4300 verisimile
2763 4245 2833 4299 sit
2866 4245 3017 4299 illum
3072 4243 3387 4305 censuisse,
3421 4246 3618 4311 praeter

2044 4351 2259 4392 onmem
2310 4336 2576 4389 rationem
2611 4335 2725 4388 hinc
2759 4350 2817 4389 se
2866 4333 3155 4388 facturum.
3184 4328 3304 4396 Quo
3344 4329 3489 4384 enim
3519 4342 3618 4399 pa-

2044 4438 2154 4493 cto,
2190 4429 2281 4499 qui
2310 4443 2380 4482 ne
2416 4425 2674 4481 diducere
2708 4423 2925 4496 quidem
2979 4438 3042 4479 os
3073 4421 3253 4478 idonei
3285 4427 3463 4484 erant,
3507 4421 3617 4474 sal-

1979 4535 2020 4590 D
2050 4528 2158 4575 tem
2182 4519 2348 4573 unius
2369 4517 2677 4586 cuiuspiam
2717 4514 2955 4569 hominis
2988 4518 3352 4583 praeceptores
3383 4511 3496 4566 ﬁeri
3519 4526 3618 4580 po—

2041 4619 2286 4675 tuerunt,
2311 4611 2511 4666 nedum
2538 4610 2779 4663 virorum
2799 4613 3102 4663 conventus
3140 4605 3164 4658 ?
3209 4604 3482 4675 quomodo
3512 4617 3612 4656 au-

2041 4714 2148 4759 tem
2203 4700 2604 4756 multitudinem
2668 4698 2871 4767 alloqui
2925 4704 3018 4749 aut
3066 4689 3361 4756 instruere,
3398 4694 3489 4763 qui
3542 4692 3613 4747 ab

2041 4792 2186 4848 omni
2215 4791 2522 4847 eruditione
2543 4788 2910 4843 abhorrebant
2943 4786 2966 4839 ?
2995 4785 3064 4838 At
3097 4785 3199 4839 hoc
3227 4783 3444 4853 quidem
3488 4779 3612 4846 fuit,

2042 4882 2191 4954 quod
2215 4891 2270 4938 et
2300 4882 2546 4937 divinum
2577 4879 2890 4942 consilium,
2926 4883 2981 4932 et
3010 4876 3120 4931 vim
3143 4875 3382 4929 divinam
3413 4885 3534 4941 quae
3554 4870 3609 4923 in

2043 4977 2172 5039 illis,
2203 4980 2257 5030 et
2282 4989 2404 5028 cum
2426 4972 2533 5027 illis
2549 4971 2725 5042 ipsum
2751 4984 2888 5040 Opus
2915 4968 3119 5026 obibat,
3138 4965 3456 5019 declararet.
3473 4960 3616 5030 Ergo

2042 5082 2165 5123 cum
2190 5067 2314 5122 illos
2343 5073 2615 5161 vocasset,
2654 5073 2769 5117 tum
2826 5062 3060 5133 primum
3096 5059 3237 5114 dixit
3266 5073 3282 5109 :
3345 5074 3362 5107 ι
3396 5051 3610 5116 Venite,

2044 5158 2336 5228 sequimini
2356 5173 2442 5213 me
2459 5144 2540 5212 ιὲῑ
2556 5156 2752 5211 faciam
2771 5170 2867 5211 vos
2888 5153 3192 5223 piscatores
3210 5147 3489 5203 hominum
3504 5144 3572 5198 ⁸⁸.
3588 5163 3608 5197 υ

2041 5251 2178 5305 Cum
2213 5264 2342 5304 vero
2366 5249 2478 5318 jam
2510 5247 2633 5301 illos
2668 5250 2968 5301 sectatores
3009 5251 3157 5296 esset
3188 5238 3439 5307 adeptus,
3470 5235 3611 5290 :livi-

2042 5355 2222 5410 naque
2248 5354 2346 5394 sua
2374 5338 2422 5391 vi
2448 5336 2705 5400 aﬂlasset,
2753 5335 3057 5400 roboreque
3098 5339 3262 5400 atque
3292 5327 3461 5380 animi
3484 5338 3616 5378 con-

2044 5434 2264 5490 ﬁdentia
2298 5431 2645 5502 complesset,
2661 5429 2883 5498 jamque
2907 5423 3073 5477 veluti
3092 5419 3363 5492 quoddam
3378 5432 3504 5471 vere
3522 5415 3615 5471 Dei

2042 5528 2292 5588 verbum,
2348 5526 2574 5594 ipseque
2605 5521 2747 5575 Deus
2780 5522 3057 5570 tantorum
3108 5523 3297 5569 auctor
3323 5512 3619 5567 miraculo-

2043 5634 2187 5682 rum,
2238 5613 2656 5685 intelligentium
2693 5604 3159 5677 rationaliumqne
3199 5606 3504 5659 animarum
3533 5621 3612 5657 vc-

2043 5716 2263 5765 natores
2294 5706 2418 5762 illos
2435 5700 2811 5760 constituisset
2841 5714 2853 5748 :
2878 5708 3109 5765 remque
3142 5698 3319 5767 ipsam
3352 5700 3516 5764 atque
3546 5692 3618 5748 ef-
