4126 6486
417 425 523 482 259

1052 422 1319 479 EUSEBII
1357 414 1838 476 CASSARlENSlS
1874 417 1994 475 OPF

2099 416 2268 473 ’ARS.
2313 415 2380 473 Π.
2422 448 2491 460 -
2528 416 3037 479 APOLOGETICA.

3660 445 3749 500 2-Ιο

416 547 661 603 ticaciam
679 543 1019 616 adjunsisset
1045 546 1162 598 voci
1189 543 1288 606 illi,
1319 556 1426 612 qua
1448 541 1661 597 dixerat
1687 560 1701 596 :
1734 561 1752 593 ι
1784 540 1994 605 Venite.

2100 536 2405 608 γενομένων
2446 536 2742 606 διαφανῶν,
2781 539 2855 611 μὴ
2902 537 3190 611 βασιλεὺς,
3257 521 3351 601 μὴ
3415 527 3726 627 ναμοθέτης⁹

416 638 708 709 sequimini
740 653 847 699 me,
879 646 941 690 et:
960 635 1152 688 faciam
1187 651 1284 688 vos
1314 635 1618 704 piscatores
1648 631 1987 693 hominum,»

414 730 688 800 simulque
713 737 765 782 et
794 730 1075 797 operarios
1099 736 1153 782 et
1188 727 1483 798 magistros
1514 724 1733 796 pietatis
1757 724 1881 778 illos
1915 725 1994 777 l'e-

415 827 602 887 cisset,
643 828 754 873 tum
782 820 833 873 in
863 824 1054 874 oinnes
1088 827 1277 889 gentes
1338 818 1579 880 dimisit,
1608 832 1830 887 sumque
1878 815 1981 870 do-

426 914 615 967 ctrina-
632 928 909 983 prmcuncs
939 912 1259 966 declaravit.
1278 912 1413 977 Quis
1441 918 1622 965 autem
1654 926 1765 963 non
1796 904 1958 963 obstu
1977 934 1993 946 ο

418 1012 623 1074 pescat,
678 1005 803 1074 quis
837 1019 944 1058 non
1000 1001 1321 1057 incredibile
1371 1001 1568 1055 merito
1614 999 1890 1055 existimet
1936 994 1988 1051 id

412 1094 559 1164 quod
614 1108 830 1149 omnem
875 1093 1035 1149 (idem
1095 1099 1316 1161 superat
1369 1090 1746 1145 miraculum?
1800 1088 1991 1141 Nullus

411 1196 559 1241 certe
586 1201 797 1247 eorum,
841 1188 934 1254 qui
982 1198 1222 1252 unquam
1275 1181 1510 1250 alicujus
1549 1179 1817 1233 claritatis
1852 1178 1992 1231 inter

414 1282 662 1337 homines
697 1276 941 1341 fuerunt,
962 1293 1072 1331 non
1099 1291 1216 1340 rex,
1250 1290 1357 1327 non
1381 1274 1559 1343 legum
1592 1274 1990 1337 invcutor,non

410 1374 790 1443 phil050plius,
816 1387 924 1426 non
955 1370 1198 1433 Graecus,
1221 1383 1328 1421 non
1355 1367 1648 1430 barbarus,
1680 1363 1990 1434 hujusmodi

411 1465 710 1537 quidquam
738 1463 1015 1534 cogitasse
1048 1469 1328 1524 narratur,
1366 1474 1429 1513 ae
1460 1474 1527 1513 ne
1550 1459 1856 1513 somniasse
1869 1458 1991 1527 qui-

410 1562 536 1618 dem
557 1562 761 1633 aliquid
777 1560 919 1631 qu‘od
934 1559 1001 1613 ad
1021 1560 1124 1613 hoc
1140 1558 1387 1628 proxime
1408 1555 1652 1610 accedat.
1682 1554 1828 1609 Satis
1843 1554 1988 1609 cnim

411 1669 690 1727 superque
717 1653 1095 1721 unusquisque
1121 1650 1311 1704 talium
1344 1663 1562 1718 semper
1592 1648 1802 1712 habuit,
1830 1646 1990 1700 dum-

412 1749 576 1802 modo
606 1746 661 1800 in
692 1760 788 1799 sua
816 1744 1039 1815 regione
1076 1742 1386 1797 institutum
1418 1754 1575 1793 suum
1618 1738 1988 1809 propositum-

412 1852 521 1910 que
542 1838 838 1908 compleret
881 1853 897 1905 ;
928 1843 983 1891 et
1013 1850 1134 1905 quae
1162 1834 1317 1888 bona:
1351 1832 1623 1901 utilcsque
1654 1833 1784 1885 visa:
1806 1840 1990 1884 essent

2103 629 2178 700 μὴ
2209 629 2512 699 φιλόσοφος,
2548 630 2622 701 μὴ
2651 631 2869 703 Ἕλλην,
2906 632 2979 704 μὴ
3016 630 3339 703 βάρϐαρος,
3397 629 3642 699 τδιοῦτόν
3671 664 3717 700 τι

2098 720 2395 793 διανοηθεὶς
2431 723 2747 794 ἱστορεῖται,
2789 724 2903 778 ἀλλ’
2940 725 3048 778 οὐδ’
3073 727 3154 788 εἰς
3191 718 3524 792 φαντασίαν
3551 734 3711 789 ἐλθὼν

2099 812 2192 866 τοῦ
2229 815 2646 885 παραπλησίου;
2677 816 2956 887 ἀγαπητὸν
2985 817 3094 888 γὰρ
3137 816 3368 884 ἑκάστῳ
3395 804 3489 886 ἧν,
3528 827 3576 876 εἰ
3610 826 3698 877 καὶ

2100 907 2191 958 ἐπὶ
2223 907 2389 977 μόνης
2408 907 2509 976 τῆς
2528 908 2731 971 οἰκείας
2758 908 2859 980 γῆς
2885 908 2945 962 τὺ
2977 911 3177 962 οἰκεῖον
3210 906 3550 982 ἐπάγγελμα
3579 932 3695 966 συν-

2099 998 2382 1067 εστήσατο,
2423 998 2517 1051 καὶ
2562 1000 2687 1061 τοὺς
2731 998 2911 1062 καλῶς
2955 998 3098 1069 ἔχειν
3145 998 3421 1069 φανέντας
3470 1003 3685 1072 νόμους,

2100 1087 2200 1141 κᾶν
2239 1091 2324 1158 ἐφ’
2354 1090 2471 1154 ἐνὸς
2504 1090 2595 1142 τοῦ
2625 1092 2823 1144 οἰκείου
2851 1090 3035 1155 ἔθνους
3060 1091 3329 1162 κρατῦναι
3357 1086 3468 1156 οἷός
3495 1111 3555 1146 τε
3582 1084 3680 1164 ἦνὀ

2098 1182 2126 1232 ὁ
2157 1180 2211 1232 δὲ
2260 1180 2425 1251 μηδὲν
2478 1180 2669 1251 θνητὸν
2714 1183 2807 1235 καὶ
2862 1181 3202 1253 ἀνθρώπινον
3241 1182 3550 1254 διανοηθεὶς
3580 1186 3683 1255 ὅρα

2098 1272 2146 1322 εἰ
2184 1270 2258 1341 μὴ
2292 1271 2367 1335 ὡς
2391 1271 2606 1342 ἀληθῶς
2635 1272 2770 1325 Θεοῦ
2795 1274 2953 1327 πάλιν
2980 1277 3256 1345 προήκατο
3283 1276 3487 1346 φωνὴν,
3521 1277 3683 1330 αύτο-

2097 1361 2241 1427 λεξεὶ
2273 1363 2451 1433 φήσας
2476 1366 2590 1426 τοῖς
2618 1364 3019 1429 εὐτελεστάτοις
3055 1366 3283 1429 ἐκείνοις
3310 1366 3475 1419 αὑτοῦ
3508 1368 3685 1439 μαθη-

2096 1456 2247 1517 ταῖς*
2289 1474 2306 1505 ι
2349 1454 2709 1526 Πορευθέντες
2745 1457 3118 1527 μαθητεύσατε
3161 1457 3339 1511 πάντα
3368 1457 3436 1509 τά
3468 1457 3616 1528 ἔθνη.
3657 1478 3675 1510 ι

2096 1544 2205 1597 Καὶ
2242 1543 2381 1608 πῶς,
2416 1541 2569 1599 εἷπον
2598 1546 2663 1599 ἂν
2693 1548 2741 1598 οί
2770 1546 3011 1618 μαθηταὶ
3031 1546 3107 1619 τῷ
3129 1547 3445 1618 Διδασκάλῳ
3466 1549 3683 1611 πάντως

2097 1653 2200 1690 που
2236 1637 2687 1708 ἀποκρινάμενοι,
2725 1638 2871 1691 τοῦθ’
2909 1632 3039 1709 ⁴ίῖμῖν
3092 1640 3246 1693 ἔσται
3276 1640 3528 1705 δυνατόν;
3557 1640 3682 1705 Πῶς

2094 1726 2203 1798 γὰρ
2245 1727 2556 1798 Ῥωμαίοις,
2585 1730 2739 1800 φέρε,
2771 1730 3110 1802 κηρύξομεν;
3139 1732 3255 1795 πῶς
3276 1732 3332 1785 δὲ
3363 1733 3681 1800 Αἰγυπτίοις

2093 1818 2592 1895 διαλεχθησόμεθα;
2624 1822 2753 1894 ποίᾳ
2785 1821 2842 1875 δὲ
2877 1823 3190 1895 χρησόμεθα
3226 1823 3369 1889 λέξει
3403 1826 3539 1898 πρὸς
3565 1825 3683 1879 Ἕλ-

412 1933 583 2005 leges,
606 1947 700 1989 eas
723 1932 777 1985 in
809 1944 915 1986 una
948 1930 1141 1986 saltem
1190 1943 1288 1983 sua
1322 1927 1496 1997 ipsius
1549 1933 1728 1995 gente,
1777 1925 1993 1979 sancire

2099 1912 2279 1983 ληνας,
2317 1914 2507 1984 ἄνδρες
2553 1918 2618 1987 τῇ
2670 1917 2857 1988 Σύρων
2900 1916 3255 1989 ἐντραφέντες
3304 1919 3442 1992 μόνῃ
3489 1923 3680 1991 (pervii;

413 2042 479 2082 ac
509 2027 651 2082 tueri
687 2032 892 2096 posset.
944 2024 1012 2078 At
1041 2022 1131 2077 hic
1161 2028 1349 2077 noster
1381 2060 1397 2086 ,
1450 2019 1586 2073 nihil
1633 2016 1864 2072 mortale
1898 2025 1991 2069 aut

413 2120 715 2174 humanum
750 2118 993 2181 molitus,
1054 2115 1213 2187 136
1259 2114 1570 2179 considera,
1600 2126 1809 2181 qureso,
1860 2125 1989 2163 num

412 2226 610 2266 rursus
633 2218 893 2281 tauquam
923 2222 1047 2263 vere
1081 2206 1225 2262 Deus
1256 2219 1443 2261 vocem
1470 2202 1738 2266 emiserit,
1764 2202 1856 2255 ubi
1874 2201 1991 2255 suis

413 2305 524 2361 illis
557 2304 693 2359 adeo
741 2301 1075 2374 ignobilibus
1109 2298 1178 2355 ad
1208 2299 1433 2355 verbum
1471 2296 1610 2351 dixit
1657 2294 1944 2365 discipulis
1973 2312 1986 2350 :

417 2419 437 2453 ‹
469 2397 695 2463 Euntes,
738 2398 930 2453 docete
961 2410 1154 2451 onmes
1186 2403 1377 2466 gentes
1408 2392 1479 2447 ⁸³.
1518 2413 1537 2445 ι
1573 2391 1716 2458 Quid
1744 2392 1767 2443 ?
1810 2391 1859 2446 si
1900 2390 1989 2444 di-

413 2491 633 2563 scipuli,
657 2499 715 2545 ut
747 2489 825 2554 lit,
857 2503 958 2544 suo
973 2487 1306 2559 Przeceptori
1337 2486 1779 2558 respondissent,
1814 2499 1877 2538 ac
1903 2484 1989 2537 di-

410 2588 663 2643 xissent:
704 2584 824 2651 Quo
855 2581 1073 2636 tandem
1096 2581 1261 2635 modo
1310 2579 1457 2635 istud
1485 2594 1517 2632 a
1553 2579 1712 2634 nobis
1746 2576 1861 2632 lieri
1893 2592 1991 2646 po—

412 2678 588 2737 terit?
616 2676 901 2744 Quomodo
932 2666 1230 2739 Romanos,
1284 2674 1515 2743 exempli
1544 2673 1741 2742 gratia,
1775 2672 1990 2741 publice

411 2771 731 2827 docebimus
747 2767 1055 2839 iquomodo
1080 2774 1260 2820 autem
1294 2764 1580 2837 Egyptios
1611 2761 1991 2834 alloquemur?

412 2879 521 2936 qua
552 2878 680 2920 vero
735 2863 919 2933 lingua
946 2903 962 2928 ,
1004 2861 1250 2915 homines
1282 2875 1444 2914 unam
1489 2858 1769 2931 Syriacam
1799 2872 1987 2911 vocem

413 2958 603 3014 audire
635 2956 806 3022 soliti,
830 2954 974 3027 apud
1006 2952 1225 3009 Grmcos
1250 2952 1510 3008 utemur?
1540 2967 1649 3022 qua
1687 2950 1829 3022 apud
1857 2947 1991 3030 Per:

412 3065 526 3116 sas,
552 3049 864 3113 Armenios,
897 3045 1206 3111 Chaldaeos,
1244 3043 1497 3117 Scythas,
1524 3041 1705 3106 Indos,
1745 3056 1807 3097 ac
1830 3039 1989 3095 deni-

412 3157 520 3214 que
578 3156 770 3197 omnes
845 3153 1205 3210 quaScuuque
1263 3136 1602 3191 oll‘endemus
1672 3132 1990 3189 barbaricas

413 3245 603 3310 gentes
627 3235 650 3288 ?
678 3233 965 3300 Quomodo
988 3231 1097 3287 illis
1119 3230 1573 3302 persuadebimus
1600 3239 1657 3283 ut
1690 3229 1825 3285 deos
1864 3228 1990 3299 qui-

413 3333 536 3389 dem
593 3329 802 3402 patrios
839 3328 1121 3393 deserant,
1180 3318 1349 3381 unum
1379 3342 1507 3381 vero
1561 3324 1805 3379 omnium
1840 3338 1990 3393 quaa-

415 3440 637 3497 cunque
667 3430 798 3481 sunt
818 3421 1068 3493 opiﬁcem
1101 3420 1268 3476 Deum
1290 3419 1474 3475 colant
1509 3419 1533 3471 ?
1564 3433 1672 3488 qua
1710 3431 1874 3488 porro
1908 3416 1994 3471 di-

415 3518 574 3575 cendi
606 3516 660 3571 vi
692 3514 838 3580 freti,
865 3520 1080 3568 tantum
1129 3511 1346 3567 facinus
1396 3509 1822 3582 aggrediemur?
1862 3506 1994 3574 Quae

415 3617 597 3667 autem
630 3606 946 3680 perﬁciendi
976 3622 1103 3678 spes
1149 3605 1324 3661 aderit
1354 3603 1670 3659 hominibus
1719 3603 1813 3672 qui
1847 3601 1994 3671 leges

415 3704 582 3776 ﬁgere
608 3702 867 3766 audeant,
909 3701 1217 3755 contrarias
1244 3698 1457 3770 legibus
1486 3711 1848 3768 quascunque
1874 3711 1995 3751 om-

414 3809 515 3851 nes
547 3801 738 3865 gentes
786 3793 854 3848 de
880 3793 1074 3865 patriis
1120 3791 1228 3849 diis
1281 3807 1312 3845 a
1345 3790 1568 3845 condito
1597 3804 1713 3845 aevo
1740 3803 1996 3844 servave-

415 3886 528 3940 rint
549 3885 573 3940 ?
593 3885 805 3952 Quibus
828 3885 1043 3941 tandem
1070 3884 1269 3955 copiis,
1307 3894 1402 3938 aut
1431 3898 1539 3953 qua
1566 3883 1618 3936 vi
1647 3882 1803 3937 nobis
1834 3881 1995 3935 liceat

418 3977 507 4034 isti
532 3978 774 4034 audaciae
803 3978 1137 4049 superesse?
1182 3976 1309 4032 llaec
1346 3992 1414 4031 ne
1439 3977 1704 4039 dicerent,
1729 3974 1994 4044 quemad-

416 4071 640 4128 modum
668 4072 916 4127 dieturos
940 4069 1111 4127 fuisse
1166 4069 1427 4125 credibile
1451 4077 1557 4135 est,
1593 4068 1876 4123 autetiam
1907 4082 1995 4122 co-

416 4161 655 4233 gitarent
700 4159 830 4217 Jesu
877 4160 1156 4229 discipuli,
1190 4173 1296 4212 una
1333 4159 1480 4213 verbi
1534 4158 1843 4228 adiectione
1879 4159 1995 4230 ipse

415 4250 728 4323 Praeceptor
754 4253 878 4307 illos
911 4253 1060 4307 omni
1104 4251 1423 4307 dillieultatc
1454 4251 1726 4317 liberavit,
1758 4267 1882 4306 cum
1912 4252 1997 4305 di-

418 4343 523 4409 xit,
550 4344 677 4400 illos
706 4344 762 4399 in
799 4344 1019 4398 nomine
1049 4358 1150 4398 suo
1172 4344 1284 4398 voti
1320 4351 1601 4415 compotes
1629 4342 1998 4398 luturos.Non

418 4435 565 4490 enim
601 4436 922 4507 simpliciter
952 4442 1045 4490 aut
1077 4434 1358 4491 indeﬁnite
1389 4444 1447 4491 ut
1497 4435 1757 4493 docerent
1805 4451 1996 4493 omnes

420 4534 612 4599 gentes
644 4527 951 4597 imperavit,
1004 4528 1099 4583 sed
1130 4542 1255 4582 cum
1284 4528 1636 4598 adiunctione
1660 4527 1993 4593 necessaria,

2099 2005 2311 2075 Πέρσας
2337 2005 2393 2058 δὲ
2433 2008 2527 2060 καὶ
2567 2009 2901 2080 Ἀρμενίους,
2930 2011 3025 2063 καὶ
3062 2010 3382 2075 Χαλδαίους,
3409 2014 3502 2066 καὶ
3544 2013 3681 2071 Σκύτ

2097 2095 2217 2159 θας,
2241 2097 2336 2150 καὶ
2367 2097 2582 2162 Ἰνδοὺς,
2607 2100 2701 2151 καὶ
2732 2100 2786 2152 εἴ
2813 2116 2935 2152 τινα
2962 2099 3250 2172 βαρϐάρων
3277 2101 3483 2170 γένοιτο
3509 2101 3634 2173 ἔθνη
3664 2119 3679 2165 ;

2098 2188 2216 2250 πῶς
2261 2188 2519 2259 πείσομεν
2553 2189 2661 2243 τῶν
2713 2190 2810 2261 μὲν
2860 2193 3103 2264 πατρίων
3147 2192 3285 2245 θεῶν
3326 2193 3677 2262 ἀφίστασθαι,

2096 2276 2192 2330 ’ἐνα
2219 2278 2275 2330 δὲ
2309 2278 2397 2331 τὸν
2421 2280 2637 2332 πάντων
2666 2280 2994 2353 δημιουργὸν
3025 2282 3234 2349 σέϐειν;
3268 2284 3397 2354 ποίᾳ
3425 2284 3481 2336 δὲ
3506 2284 3677 2354 λόγων

2098 2370 2372 2441 ίκανότητι
2405 2370 2754 2442 θαρσοῦντες,
2785 2374 2877 2426 ἐπὶ
2918 2373 3076 2428 τοῦτο
3106 2373 3577 2447 παρελευσόμεθα;
3607 2379 3677 2429 Ἢ

2096 2463 2180 2525 τίς
2216 2464 2347 2533 ἡμῖν
2384 2463 2542 2527 ἐλπὶς
2574 2464 2727 2518 ἔσται
2770 2466 2865 2519 τοῦ
2906 2467 3348 2539 κατορθώματος,
3398 2469 3682 2541 ἀντινομο-

2098 2554 2269 2607 θετεῖν
2302 2555 2540 2626 τολμῶσι
2568 2559 2680 2620 τοῖς
2714 2559 2929 2613 πάντων
2962 2558 3130 2612 ὲθνῶν
3170 2560 3299 2632 περὶ
3333 2560 3440 2615 τῶν
3468 2562 3681 2616 οἰκείων

2098 2644 2236 2697 θεῶν
2280 2646 2340 2710 ἐξ
2376 2646 2574 2711 αἰῶνος
2614 2650 2885 2719 κειμένοις
2916 2650 3129 2719 νόμοις;
3185 2653 3278 2710 ἐπὶ
3329 2653 3460 2724 ποίᾳ
3494 2653 3550 2706 δὲ
3589 2655 3683 2708 καὶ

2095 2735 2320 2805 δυνάμει
2347 2736 2695 2807 περιέσεσθαί
2736 2740 2854 2789 ἐστι
2886 2738 2980 2790 τοῦ
3019 2738 3400 2809 τολμήματος;
3440 2740 3621 2793 Ταῦτα
3650 2741 3682 2811 ἢ

2098 2830 2387 2899 φησάντων
2442 2828 2508 2882 ἂν
2557 2829 2697 2893 κατά
2744 2828 2804 2881 τὸ
2844 2829 3009 2893 είκὸς,
3062 2830 3093 2899 ἢ
3142 2829 3531 2898 διανοηθέντων
3578 2831 3685 2884 τῶν

2094 2918 2190 2972 τοῦ
2228 2918 2403 2989 Ἰησοῦ
2442 2917 2719 2989 μαθητῶν,
2767 2918 2895 2988 μιᾶς
2936 2916 3222 2988 προσθήκῃ
3273 2915 3472 2981 λέξεως
3503 2917 3684 2980 αὐτοῖς

2096 3013 2126 3064 ὁ
2159 3010 2486 3074 Διδάσκαλος
2511 3010 2665 3064 λύσιν
2688 3009 2795 3064 τῶν
2825 3009 3210 3080 ἀπορηθέντων
3234 3009 3482 3071 ὑπέθετο,
3508 3011 3684 3080 φήσας

2096 3101 2455 3170 κατόρθωσιν,
2487 3120 2507 3154 ι
2536 3104 2592 3155 ὲν
2614 3101 2691 3173 τῷ
2712 3101 2929 3173 ὀνόματί
2964 3119 3086 3172 μου.
3111 3121 3128 3152 ›
3159 3101 3233 3155 Οὐ
3268 3100 3375 3172 γάρ
3406 3100 3469 3171 δὴ
3501 3100 3686 3164 ἁπλῶς

2097 3195 2192 3249 καὶ
2244 3192 2561 3265 ἀδιορίστως
2631 3190 2965 3263 μαθητεῦσαι
3024 3190 3201 3244 πάντα
3232 3189 3303 3243 τὰ
3337 3189 3469 3259 ἔθνη
3515 3206 3684 3262 προσ-

2016 3278 2058 3337 C
2092 3283 2304 3346 έταττε,
2340 3281 2477 3354 μετά
2522 3269 2840 3354 προσθήκης
2866 3280 2921 3333 δὲ
2951 3281 3273 3349 ἀναγκαίας,
3318 3283 3440 3355 τῆς,
3470 3301 3489 3334 ι
3516 3282 3574 3333 ἐν
3607 3281 3685 3352 τῷ

2098 3374 2322 3445 ὀνόματι
2346 3372 2535 3427 αὐτοῦ.
2576 3392 2594 3424 ι
2637 3372 2852 3443 Ἐπειδὴ
2886 3372 3054 3445 γὰρὴ
3097 3372 3325 3445 δύναμις
3370 3375 3469 3445 τῆς
3517 3375 3682 3428 αὐτοῦ

2097 3464 2466 3537 προσηγορίας
2498 3461 2735 3533 τοσαύτη
2760 3480 2843 3526 τις
2876 3457 2967 3534 ἧν,
2999 3462 3074 3527 ὡς
3109 3462 3273 3532 φάναι
3304 3463 3392 3518 τὸν
3432 3465 3681 3520 Ἀπόστο-

2094 3555 2204 3621 λον,
2220 3556 2300 3608 ὅτι
2325 3554 2390 3626 δὴ
2412 3574 2430 3604 ι
2454 3552 2774 3626 Ἐχαρίσατο
2794 3553 2943 3624 αὐτῷ
2959 3555 2986 3605 ὁ
3009 3554 3141 3617 Θεὸς
3161 3554 3221 3607 τὸ
3241 3555 3430 3627 δνομα,
3454 3556 3513 3609 τὸ
3545 3556 3686 3629 ὑπὲρ

2096 3647 2203 3700 πᾶν
2225 3645 2415 3716 ὄνομα,
2439 3644 2527 3697 ἴνα
2551 3645 2608 3697 ὲν
2639 3641 2719 3716 τῷ
2738 3642 2961 3714 ὀνόματι
2995 3642 3171 3714 Ἰησοῦ
3199 3646 3305 3698 πᾶν
3340 3646 3465 3714 γόνυ
3490 3646 3689 3720 κάμψῃ

2095 3737 2430 3810 ἐπουρανίων
2463 3736 2556 3789 καὶ
2594 3736 2852 3805 ἐπιγείων
2895 3737 2991 3789 καὶ
3041 3736 3441 3808 καταχθονίων·
3484 3758 3502 3787 ι
3544 3740 3689 3793 είκό-

2095 3846 2243 3893 τως,
2301 3827 2398 3898 τῆς
2453 3826 2580 3890 τοὺς
2623 3826 2848 3890 πολλοὺς
2906 3827 3269 3899 λανθανούσης
3320 3831 3377 3881 ὲν
3436 3829 3514 3901 τῷ
3565 3831 3689 3884 ὀνό-

2102 3935 2228 3989 ματι
2287 3917 2454 3970 αὐτοῦ
2511 3915 2800 3986 δυνάμεως
2847 3915 2943 3988 τὴν
2988 3915 3187 3988 ἀρετὴν
3238 3919 3536 3989 ἐμφαίνων,
3580 3922 3691 3984 τοῖς

2098 4010 2263 4065 αὐτοῦ
2316 4010 2586 4082 μαθηταῖς
2631 4009 2822 4080 ἔφησεο
2857 4028 2875 4059 ‹
2914 4010 3275 4081 Πορευθέντες
3315 4011 3691 4082 μαθητεύσατε

2102 4105 2283 4158 πάντα
2309 4103 2377 4155 τὰ
2404 4102 2533 4172 ἔθνη
2556 4103 2614 4155 ἐν
2638 4101 2716 4172 τῷ
2742 4102 2963 4173 ὀνόματί
3001 4120 3124 4173 μου.
3172 4122 3188 4155 ι
3215 4099 3350 4157 Εἶτα
3389 4106 3481 4156 καὶ
3515 4103 3697 4157 θεσπί-

2098 4196 2177 4262 ζει
2210 4192 2267 4250 εὖ
2312 4194 2456 4265 μάλα
2510 4193 2756 4265 ἀκριϐῶς
2793 4195 2855 4246 τὸ
2903 4194 3111 4264 μέλλον,
3148 4193 3350 4248 εἰπών·
3388 4215 3406 4245 ι
3445 4195 3535 4247 Δεῖ
3578 4195 3689 4265 γάρ

2097 4286 2439 4359 κηρυχθῆναι
2457 4285 2518 4339 τὸ
2541 4284 2871 4354 Εὑαγγέλιον
2902 4285 3061 4337 τοῦτο
3082 4288 3139 4339 έν
3164 4285 3260 4358 ὅλῃ
3298 4288 3362 4355 τῇ
3396 4285 3688 4360 οἰκουμένῃ

2098 4380 2176 4443 είς
2211 4377 2514 4449 μαρτύριον
2545 4377 2679 4429 πᾶσι
2714 4378 2825 4438 τοῖς
2855 4374 3081 4428 ἔθνεσιν.
3113 4396 3131 4428 ι
3166 4377 3223 4429 ’0
3248 4376 3302 4429 δὲ
3323 4376 3476 4444 λόγος
3506 4378 3692 4449 εἴρητο

2102 4468 2201 4539 μὲν
2226 4470 2283 4522 ὲν
2311 4467 2483 4538 γωνία
2502 4466 2607 4537 γῆς
2629 4466 2773 4531 τότε,
2804 4466 2898 4519 καὶ
2917 4468 2966 4519 οἱ
2992 4466 3258 4538 παρόντες
3282 4468 3477 4536 ἤκουον
3514 4468 3685 4539 μόνοι.

2100 4558 2227 4623 Πῶς
2254 4555 2348 4614 οὖν
2382 4558 2491 4630 ἄρα
2512 4558 2701 4621 πιστὸς
2728 4552 2795 4626 ἦν
2828 4557 3012 4620 αὐτοῖς
3040 4555 3197 4609 τοῦτο
3227 4556 3419 4624 λέγων,
3443 4559 3491 4611 εἰ
3527 4560 3601 4631 μὴ
3630 4559 3692 4625 ἐξ

427 4635 447 4670 ι
482 4617 539 4671 in
575 4619 817 4683 nomine,
850 4618 1049 4689 inquit,
1087 4634 1209 4674 meo
1234 4619 1302 4674 ⁸⁵.
1345 4637 1364 4670 ι
1403 4617 1537 4673 Cum
1567 4618 1713 4673 enim
1742 4617 1820 4672 vis
1854 4617 1994 4673 illius

2105 4617 2306 4724 ἑτέρων
2339 4617 2447 4706 τῶν
2485 4651 2579 4704 ὑπ’
2625 4617 2791 4703 αῦτοῦ
2832 4617 3238 4721 πεπραγμένων
3284 4617 3480 4705 ἐνθέων
3514 4617 3692 4724 ἐρὲωᾷ

423 4708 666 4768 nominis
714 4716 863 4762 tanta
899 4710 994 4774 sit,
1030 4717 1090 4763 ut
1136 4709 1432 4779 Apostolus
1485 4708 1735 4764 dixerit:
1779 4726 1797 4759 ι
1843 4707 2001 4776 Quod

423 4801 709 4859 donaverit
759 4800 837 4856 illi
883 4798 1029 4856 Deus
1060 4816 1278 4867 nomen,
1327 4801 1471 4871 quod
1521 4810 1607 4857 est
1643 4816 1809 4871 super
1841 4816 2004 4858 omne

425 4907 646 4957 nomen,
693 4898 752 4947 ut
806 4892 861 4946 in
891 4892 1115 4948 nomine
1146 4890 1276 4948 Jesu
1327 4909 1489 4949 omne
1538 4909 1681 4963 genu
1724 4892 2001 4958 ﬂectatur,

424 4987 754 5049 mlestium,
790 4986 1153 5053 terrestrium,
1185 4995 1239 5041 et
1272 4986 1613 5042 infernorum
1645 4986 1712 5052 ⁸⁸,
1746 5005 1764 5037 ι
1811 4987 2003 5042 merito

426 5078 807 5134 excellentiam
839 5077 1059 5132 virtutis
1082 5079 1322 5135 nominis
1359 5078 1466 5142 sui,
1502 5094 1622 5150 quae
1644 5079 1847 5135 multos
1878 5080 2009 5134 latet

426 5172 792 5236 indicaturus,
830 5170 897 5224 ad
930 5187 1063 5228 suos
1093 5171 1232 5226 dixit
1259 5162 1598 5242 discipulds:
1637 5191 1655 5226 ι
1691 5171 1792 5238 lte,
1818 5173 2009 5230 docete

426 5278 619 5321 omnes
649 5271 841 5334 gentes
880 5265 934 5319 in
964 5264 1187 5319 nomine
1213 5281 1355 5321 meo.
1394 5286 1413 5319 ι
1441 5265 1654 5323 Deinde
1685 5268 1835 5322 canit
1870 5268 2009 5323 bene

429 5355 720 5411 admodum
753 5364 901 5411 certe
931 5366 1097 5428 atque
1124 5358 1396 5429 exquisite
1421 5363 1565 5432 quod
1620 5359 1864 5414 futurum
1890 5368 2010 5416 erat

430 5444 620 5502 dicens
649 5464 665 5501 :
708 5464 728 5499 ι
757 5447 980 5517 Oportet
1030 5448 1177 5504 enim
1210 5451 1495 5520 praedicari
1524 5452 1876 5523 Evangelium
1903 5452 2008 5507 hoc

434 5537 487 5591 in
533 5546 648 5592 toto
676 5538 829 5604 orbe,
866 5539 919 5593 in
952 5542 1324 5598 testimonium
1350 5550 1563 5604 cunctis
1597 5546 1850 5620 gentibus
1878 5546 1946 5601 ⁸⁸.
1983 5565 2002 5598 ι

434 5626 603 5684 Porro
623 5645 747 5685 cum
766 5632 929 5688 verba
963 5635 1183 5704 quidem
1211 5642 1344 5704 haec,
1379 5643 1577 5698 tuuciu
1613 5643 1813 5713 angulo
1848 5648 2010 5696 terrae

436 5719 578 5775 diem
633 5724 765 5794 sint,
814 5736 867 5782 et
893 5730 985 5797 qui
1030 5739 1158 5787 tunc
1191 5735 1419 5791 aderant
1449 5738 1551 5794 soli
1585 5738 1884 5802 audierint,
1916 5740 2011 5810 qui

2107 4743 2206 4813 τῆς
2239 4744 2295 4795 ὲν
2327 4744 2437 4804 τοῖς
2466 4740 2643 4809 λόγοις
2667 4738 2920 4810 ἀληθείας
2943 4739 3107 4792 αὐτοῦ
3131 4738 3228 4810 τὴν
3255 4742 3446 4812 πεῖραν
3480 4742 3693 4814 εἰλήφε-

2111 4852 2212 4890 σαν
2236 4851 2250 4901 ;
2281 4835 2401 4887 ’Ότι
2420 4833 2530 4905 γὰρ
2550 4832 2876 4886 ἐπίστευσαν
2900 4832 3130 4900 λέγοντι,
3158 4831 3587 4907 συλλογιζομένῳ
3610 4854 3691 4891 σοι

2108 4926 2387 4999 ὁμολογεῖν
2423 4926 2636 4997 ἀνάγκη
2655 4966 2669 4978 .
2703 4922 3074 4995 Προστάξαντι
3115 4923 3223 4995 γὰρ
3253 4924 3426 4997 οὐδεὶς
3446 4926 3688 4996 ἠπείθειο

2110 5018 2246 5073 ἀλλά
2295 5017 2763 5090 πειθαρχήσαντες
2809 5014 2973 5067 αὑτοῦ
3019 5012 3098 5084 τῷ
3142 5013 3392 5086 νεύματι,
3428 5017 3570 5071 κατά
3621 5018 3691 5071 τὰ

2109 5109 2537 5182 παρηγγελμένα
2569 5108 2677 5161 πᾶν
2711 5106 2867 5175 γένος
2897 5103 3198 5176 ἀνθρώπων
3233 5107 3591 5179 ὲμαθήτευον,
3628 5111 3691 5162 ἐκ

2109 5202 2210 5272 τῆς
2254 5201 2459 5264 οἰκείας
2491 5199 2594 5269 γῆς
2628 5200 2721 5252 ἐπὶ
2765 5199 2943 5254 πάντα
2978 5201 3316 5272 στειλάμενοι
3347 5200 3413 5254 τὰ
3442 5202 3568 5271 ἔθνη
3588 5217 3601 5230 ·
3635 5204 3687 5256 ὲι

2110 5291 2275 5363 ὀλίγῳ
2302 5310 2363 5344 τε
2387 5287 2455 5362 ἦν
2488 5290 2624 5362 ἔργα
2658 5289 2935 5363 θεωρῆσαι
2964 5295 3089 5357 τοὺς
3133 5294 3342 5363 λόγους.
3374 5295 3688 5366 Κεκήρυκτο

2114 5382 2244 5451 γοῦν
2276 5383 2339 5435 τὸ
2366 5379 2696 5449 Εὐαγγέλιον
2719 5382 2777 5436 ὲν
2811 5378 3006 5457 βραχεῖ
3022 5386 3199 5456 χρόνῳ
3223 5388 3281 5438 ὲν
3302 5384 3396 5455 ὅλῃ
3421 5387 3486 5454 τῇ
3518 5386 3691 5439 οίκουσ

2118 5473 2254 5543 μένῃ
2301 5474 2379 5535 είς
2418 5470 2715 5544 μαρτύριον
2747 5477 2859 5539 τοῖς
2908 5476 3119 5530 ἔθνεσι·
3157 5477 3248 5530 καὶ
3289 5475 3551 5547 βάρϐαροι
3601 5477 3697 5530 καὶ

2118 5562 2379 5634 Ἕλληνες
2409 5562 2507 5627 τὰς
2545 5565 2676 5637 περὶ
2719 5566 2813 5620 τοῦ
2861 5568 3036 5640 Ἰησοῦ
3070 5567 3288 5640 γραφὰς
3316 5566 3565 5637 πατρίοις
3595 5585 3697 5638 χα-

2123 5653 2387 5726 ρακτῆρσι
2437 5657 2530 5709 καὶ
2576 5657 2791 5731 πατρίῳ
2841 5662 2993 5730 φωνῇ
3048 5656 3471 5729 μετελάμϐανον.
3506 5658 3699 5713 Καίτοι

2118 5743 2201 5809 τίς
2232 5747 2331 5799 οὐκ
2362 5746 2428 5801 ἂν
2476 5748 2807 5822 ἀπορήσειεν
2851 5750 3108 5820 εὐλόγως,
3144 5749 3227 5814 τίς
3269 5744 3337 5819 ἦν
3378 5750 3487 5824 ἄρα
3526 5750 3556 5804 ὁ
3597 5751 3698 5821 τῆς

508 5876 554 5907 ⁸³
585 5876 775 5932 ἱᾶιιιιιι.
808 5895 999 5948 nvnr,
1038 5885 1154 5959 19._
1204 5889 1393 5945 s“ibid.
1471 5891 1516 5925 ⁸⁸
1544 5891 1776 5966 Philipp.
1813 5912 1874 5967 II,
1909 5897 1993 5957 10.

2099 5900 2115 5933 ³
2147 5897 2317 5956 Marc.
2346 5909 2467 5965 xm,
2499 5900 2585 5960 10,
