4126 6428
378 409 479 466 241

1278 376 1932 461 nEnoxs'rm'rioms
1968 400 2427 459 EVANGELICIE
2462 401 2592 457 LIB.
2636 401 2723 456 Ill.

3516 403 3626 458 ME

382 526 490 581 τῶν
525 523 782 596 μαθητῶν
822 522 912 575 τοῦ
953 520 1125 591 Ἰησοῦ
1161 522 1507 584 διδασκαλίας
1551 524 1782 593 τρόπος;
1810 518 1953 592 τΑρα

2071 521 2173 575 ﬁeri
2226 528 2405 591 potest
2454 529 2514 575 ut
2571 520 2673 574 hoc
2722 517 2922 573 dicenti
2990 518 3067 571 illi
3139 517 3465 581 crederent,
3517 520 3622 574 nisi

381 618 493 688 γὰρ
543 618 623 677 εξς
673 612 844 685 μέσην
888 612 1242 683 παρελθόντες
1286 612 1460 675 πόλιν,
1490 614 1655 667 ἔπειτ’
1688 615 1747 666 ἐν
1781 616 1955 686 ἀγορᾷ

387 707 631 769 στάντες,
660 706 752 757 καὶ
776 704 869 773 βοῇ
896 703 1099 773 μείζονι
1121 705 1453 775 χρησάμενοι
1483 704 1805 757 συνεκάλουν
1829 707 1955 770 τοὺς

389 796 706 867 παριόντας,
746 795 979 849 κᾶπειτα
1026 795 1436 866 ἐδημηγόρουν;
1471 796 1580 849 Καὶ
1612 796 1694 860 τίς
1739 792 1806 865 ἦν
1847 797 1955 868 ἄρα

389 890 573 952 αὐτοῖς
616 887 713 957 τῆς
757 886 1093 958 δημηγορίας
1128 889 1157 939 ό
1205 887 1382 956 λόγος,
1410 880 1454 955 ᾧ
1486 888 1773 942 πεπεῖσθαι
1811 888 1957 953 εἰκὸς

387 974 459 1051 ἦν
488 981 608 1043 τοὺς
624 979 1021 1050 ἀκροωμένους;
1052 979 1175 1042 Πῶς
1198 979 1254 1032 δὲ
1272 980 1365 1033 καὶ
1382 980 1749 1051 ἐδημηγόρουν
1766 980 1958 1051 ἀνδρες

392 1072 560 1140 λόγων
589 1072 820 1142 ἄπειροι,
857 1072 951 1124 καὶ
983 1073 1159 1142 πάσης
1188 1073 1442 1143 ἀμέτοχοι
1473 1073 1753 1145 παιδείαςς
1796 1073 1957 1126 Ἀλλά

395 1163 498 1235 μὴν
524 1164 582 1216 οὐ
612 1163 750 1217 κατᾶ
779 1164 1000 1234 πλῆθος.
1025 1166 1163 1217 κατά
1191 1165 1354 1235 μέρος
1375 1165 1431 1216 δὲ
1461 1166 1571 1227 τοῖς
1597 1164 1957 1234 προστυχοῦσι

389 1254 702 1323 διελέγοντο.
739 1257 891 1308 Τίσιν
920 1252 1012 1309 οῦν
1045 1256 1138 1310 καὶ
1161 1256 1362 1318 ὁποίοις
1394 1255 1630 1325 ἐχρῶντο
1659 1256 1836 1323 λόγοις
1865 1258 1957 1310 ἐπὶ

390 1344 556 1398 πειθὼ
601 1346 709 1398 τῶν
738 1348 1075 1411 ἀκουόντων;
1119 1348 1242 1399 ἐπεὶ
1278 1346 1411 1417 μηδέ
1450 1348 1641 1417 μικρὸς
1676 1343 1743 1417 ἦν
1774 1349 1956 1412 αὐτοῖς

383 1436 412 1489 ὁ
449 1436 618 1505 ἀγὼν,
669 1438 743 1508 μὴ
788 1437 1138 1508 ἀρνουμένοις
1183 1438 1274 1489 τὸν
1325 1437 1684 1491 ἐπονείδιστον
1732 1424 1958 1491 θάνατον

384 1528 472 1581 τοῦ
518 1528 1043 1598 καταγγελλομένου.
1082 1531 1143 1582 Εί
1180 1530 1275 1600 μὲν
1307 1528 1413 1599 γάρ
1442 1529 1628 1583 τοῦτον
1654 1524 1959 1601 ἐπικρυψά-

387 1639 558 1691 μνοι,
586 1621 678 1674 καὶ
704 1622 778 1692 μὴ
810 1621 1193 1692 ὁμολογοῦντες
1216 1626 1295 1687 εἰς
1325 1624 1530 1686 πάντας
1560 1619 1648 1677 οἷα
1671 1625 1766 1678 καὶ
1787 1626 1961 1679 ὁπόσα

385 1710 651 1763 πέπονθεν
683 1712 789 1763 ὐπὸ
835 1711 1122 1776 Ἰουδαίων,
1157 1712 1225 1765 τὰ
1272 1711 1444 1781 σεμνά
1484 1711 1621 1782 μόνα
1657 1713 1752 1766 καὶ
1776 1712 1961 1779 ἔνδοξα

384 1804 777 1876 προσεκόμιζον
798 1822 812 1834 ·
846 1804 988 1873 λέγω
1018 1804 1073 1857 δέ
1113 1804 1210 1869 τὰς
1239 1804 1702 1876 θαυματουργίας,
1738 1806 1829 1858 καὶ
1862 1803 1959 1868 τάς

2057 629 2121 666 ex
2180 614 2304 667 aliis
2359 612 2606 682 ejusdem
2661 610 2863 667 divinis
2910 610 3101 679 gestis,
3174 623 3421 664 veracem
3470 609 3622 663 ilium

2058 704 2115 757 in
2168 703 2349 759 verbis
2406 702 2616 773 experti
2661 701 2899 758 essent?
2954 701 3101 772 quod
3135 703 3278 756 enim
3334 700 3519 756 verbis
3557 700 3625 754 ιι-

2058 796 2165 850 lius
2211 794 2518 857 crederent,
2577 794 2925 848 ratiocinanti
2988 794 3085 848 tibi
3141 792 3388 847 conﬁteri
3436 806 3625 848 neces-

2058 903 2119 942 se
2162 894 2266 942 est.
2317 886 2607 957 lmperanti
2668 887 2813 942 enim
2863 886 2940 941 illi
2985 886 3170 942 nullus
3223 901 3332 942 non
3388 885 3622 957 paruit;

2064 980 2221 1051 137
2261 980 2353 1037 sed
2382 980 2631 1050 protinus
2659 980 3030 1036 auscultantes
3051 980 3197 1035 illius
3246 979 3402 1033 nutui
3440 992 3626 1049 quem-

2058 1072 2348 1125 admodum
2382 1072 2516 1140 ipsis
2551 1079 2882 1141 prmeeptum
2914 1069 3113 1136 fuerat,
3139 1086 3202 1124 ac
3225 1069 3292 1125 de
3318 1069 3510 1139 patriis
3538 1084 3627 1127 se-

2058 1164 2221 1220 dibus
2267 1164 2334 1218 ad
2383 1179 2573 1219 omnes
2622 1173 2810 1233 gentes
2855 1163 3104 1233 pro"ecti,
3137 1178 3298 1217 omne
3345 1162 3624 1218 hominum

2058 1272 2230 1326 genus
2275 1254 2600 1318 docuerunt,
2638 1256 2897 1325 brevique
2938 1264 3183 1324 tempore
3227 1255 3429 1309 intueri
3471 1255 3624 1311 licuit

2058 1348 2444 1419 respondentia
2479 1347 2659 1402 verbis
2692 1346 2855 1402 facta.
2898 1344 3259 1439 Praedica‘tum
3314 1345 3497 1415 itaque
3542 1355 3626 1402 est

2059 1440 2113 1493 in
2135 1441 2331 1509 exiguo
2361 1439 2620 1509 temporis
2656 1439 2832 1508 spatio
2864 1438 2917 1491 in
2950 1446 3064 1492 toto
3093 1434 3227 1491 orbe
3254 1434 3625 1507 Evangelium,

2059 1531 2116 1585 in
2168 1530 2536 1584 testimonium
2599 1530 2813 1585 cunctis
2857 1530 3140 1599 gentibus;
3190 1534 3244 1581 et
3298 1527 3515 1582 barbari
3571 1533 3628 1584 et

2061 1620 2234 1677 Graeci
2261 1635 2382 1689 quae
2414 1620 2480 1674 de
2516 1617 2646 1675 Jesu
2704 1620 2910 1689 scripta
2962 1626 3140 1682 erant,
3178 1619 3371 1688 patriis
3429 1618 3628 1676 litteris

2061 1713 2348 1784 patriaque
2408 1726 2539 1767 voce
2594 1720 2948 1782 exceperunt.
3007 1711 3296 1777 Caeterum,
3346 1712 3468 1780 quis
3517 1726 3628 1767 non

2063 1805 2258 1858 merito
2282 1803 2523 1873 ambigat
2558 1819 2805 1873 quaenam
2858 1804 3018 1857 fuerit
3066 1800 3196 1862 Jesu
3230 1803 3627 1874 discipulorum

386 1897 840 1967 παραδοξοποιίας
873 1896 1061 1962 αὐτοῦ,
1090 1898 1189 1959 τάς
1230 1916 1289 1950 τε
1336 1897 1658 1968 φιλοσόφους
1705 1897 1959 1951 διδασκα-

2071 1895 2294 1950 docendi
2343 1896 2503 1957 ratio,
2538 1894 2664 1964 quis
2704 1894 2937 1949 modus?
2968 1893 3239 1964 Nunquid
3293 1895 3348 1949 in
3394 1896 3628 1951 mediam

386 1987 506 2048 λίας
552 1986 716 2040 αὑτοῦ
742 2004 755 2016 ·
791 1988 899 2041 οὐδ’
941 1987 1113 2051 οὕτως
1155 1983 1222 2057 ἦν
1254 1989 1438 2050 αὐτοῖς
1484 1986 1714 2059 εὐχερὴς
1742 1989 1771 2039 ό
1803 1986 1958 2053 λόγος

389 2075 523 2147 πρὸς
545 2077 605 2129 τὸ
632 2077 855 2146 ποιῆσαι
886 2078 1081 2149 ῥᾳδίως
1122 2077 1557 2145 συγκαταθέσθαι
1582 2080 1706 2141 τοὺς
1734 2078 1958 2133 ἀκούον-

387 2155 1029 2239 ταξξενοςωνουμένους,
1068 2172 1159 2224 καὶ
1201 2170 1325 2242 ἄρτι
1350 2168 1565 2241 πρῶτον
1596 2168 1962 2231 ἐπακούοντας

390 2261 586 2313 καινῶν
650 2263 909 2331 ῥημάτων
973 2261 1064 2314 ὐπ’
1127 2261 1336 2333 ἀνδρῶν
1394 2260 1546 2313 οὐδὲν
1608 2259 1964 2329 ἐπαγομένων

388 2353 695 2418 ἀξιόπιστον
722 2354 821 2423 τὴν
842 2353 949 2407 τῶν
980 2352 1285 2423 λεγομένων
1321 2351 1645 2423 μαρτυρίαν.
1680 2351 1826 2421 Πλὴν
1850 2350 1964 2404 ἀλλ’

391 2444 567 2506 ἔδοξεν
596 2445 661 2499 ἂν
694 2445 1060 2515 πιθανώτερον
1085 2443 1340 2512 λέγεσθαι
1363 2443 1441 2496 τά-
1463 2444 1745 2513 εἰρημένα.
1774 2442 1887 2496 Νῦν
1908 2442 1965 2496 δὲ

389 2538 510 2589 τοτὲ
537 2536 635 2605 μὲν
663 2537 751 2587 τὸν
782 2536 1216 2606 πρεσϐευόμενον
1245 2536 1375 2587 Θεὸν
1406 2539 1462 2587 ἐν
1488 2535 1775 2605 ἀνθρώπου
1810 2552 1966 2602 γεγο-

390 2625 540 2679 νέναι
571 2623 802 2695 σώματι,
840 2625 933 2678 καὶ
965 2625 1111 2677 οὐδὲν
1138 2624 1264 2677 ἄλλο
1296 2625 1391 2695 τὴν
1427 2625 1586 2692 φύσιν
1610 2621 1749 2676 εἶναι
1776 2624 1961 2694 ἢΘεοῦ

387 2716 581 2783 Λόγοι,
613 2717 692 2769 διὸ
726 2717 818 2768 καὶ
850 2718 1101 2780 τοιαύτας
1132 2715 1417 2786 τεραστίας
1444 2716 1699 2785 δυνάμεις
1733 2732 1962 2785 πεποιη-

390 2808 542 2861 κέναι
574 2802 660 2859 οἷα
689 2808 852 2863 Θεόν·
879 2807 1000 2860 τοτέ
1032 2808 1088 2859 δὲ
1123 2807 1329 2868 τούτοις
1362 2805 1620 2869 ἐναντίως
1651 2804 1835 2875 ὕϐρεις
1865 2807 1963 2859 αὐ-

388 2901 479 2954 τὸν
508 2901 599 2953 καὶ
630 2900 851 2970 ἀτιμίας
878 2901 1185 2971 ὑπομεῖναι,
1219 2901 1313 2951 καὶ
1356 2899 1509 2963 τέλος
1541 2899 1637 2970 τὴν
1683 2897 1963 2968 αἰσχίστην

392 2992 486 3046 καὶ
512 2994 622 3055 τοῖς
658 2992 875 3045 πάντων
904 2990 1205 3062 ἀνθρώπων
1232 2992 1687 3063 κακουργοτάτοις
1719 2992 1963 3061 ἐπηρτη-

393 3084 561 3155 μένην
592 3084 677 3137 διὰ
707 3084 939 3155 σταυροῦ
968 3085 1259 3155 τιμωρίαν,
1294 3085 1377 3149 τίς
1408 3086 1508 3138 οὐκ
1540 3086 1604 3138 ἂν
1636 3084 1710 3149 ὡς
1749 3084 1964 3137 ἐναντία

2062 1987 2338 2057 progressi
2362 1987 2661 2051 civitatem,
2691 1986 2889 2041 deinde
2916 1995 3126 2041 stantes
3156 1987 3213 2040 in
3238 1986 3377 2051 foro,
3410 2002 3630 2043 vocem-

2064 2095 2168 2148 que
2192 2080 2520 2143 attollentes,
2539 2079 2911 2133 commeabant
2934 2095 3028 2135 eos
3050 2080 3141 2149 qui
3175 2080 3544 2136 accedebant?
3574 2087 3629 2137 et

2063 2185 2185 2240 quae
2209 2170 2427 2225 tandem
2463 2170 2571 2224 illis
2595 2170 2956 2225 concionandi
2990 2172 3148 2236 ratio,
3174 2171 3263 2225 cui
3286 2172 3503 2240 quidem
3533 2188 3628 2227 ve.

2064 2261 2293 2315 risimile
2325 2260 2399 2315 sit
2431 2260 2773 2318 auscultasse
2799 2261 3117 2316 audientes?
3151 2259 3423 2330 quomodo
3451 2268 3629 2316 autem

2067 2352 2541 2408 concionabantur
2575 2353 2678 2407 viri
2728 2352 2999 2407 sermonis
3048 2334 3393 2423 imperitiaet
3443 2366 3632 2406 omnes

2066 2453 2319 2515 expertes
2340 2445 2705 2500 eruditionis?
2737 2446 2885 2513 atqui
2915 2461 3024 2500 non
3065 2444 3494 2507 multitudinem,
3538 2442 3633 2499 sed

2068 2537 2314 2605 singulos
2338 2537 2604 2590 adeuntes
2636 2536 3077 2605 alloquebantnr.
3109 2535 3225 2601 Qua
3256 2535 3420 2606 igitur
3452 2541 3507 2588 et
3537 2548 3637 2588 cu-

2061 2628 2306 2700 jusmodi
2340 2628 2591 2682 oratione
2618 2628 2934 2691 utebantur,
2965 2627 3389 2682 utaudicntibus
3411 2642 3636 2697 persua-

2066 2719 2293 2776 derent?
2342 2734 2451 2771 non
2511 2717 2655 2772 enim
2707 2732 2931 2787 parvum
2979 2717 3086 2771 illis
3141 2717 3477 2787 propositum
3518 2720 3637 2770 erat

2065 2824 2389 2875 certamen,
2445 2824 2553 2863 non
2612 2808 3091 2864 dissimulantibus
3149 2809 3467 2878 probrosam
3515 2807 3636 2877 ejus

2066 2912 2298 2960 mortem
2343 2918 2505 2973 quem
2552 2908 2614 2956 ut
2662 2900 2831 2956 Deum
2870 2900 3345 2954 commendabant.
3400 2896 3531 2951 Nam
3588 2897 3636 2954 si

2067 2997 2209 3051 hanc
2237 2994 2701 3056 dissimulassent,
2735 3007 2912 3061 neque
2946 2992 3129 3060 qualia
3169 2998 3482 3060 quantaque
3507 3006 3635 3059 pas.

2067 3102 2163 3141 sus
2213 3086 2286 3141 sit
2316 3099 2345 3138 a
2385 3082 2588 3138 Judzeis
2641 3080 2783 3152 apud
2817 3096 3010 3136 omnes
3036 3080 3276 3136 confessi
3308 3085 3513 3139 essent,
3539 3078 3638 3135 sed

392 3177 657 3244 λεγόντων
702 3177 1042 3231 κατέπτυσεν
1069 3178 1328 3242 είκότως;
1357 3177 1450 3242 Τίς
1481 3177 1523 3230 δ’
1553 3176 1726 3241 οὕτως
1760 3176 1964 3246 ἠλίθιος

2071 3191 2187 3247 quae
2215 3174 2579 3230 reverentiam
2612 3170 2818 3225 homini
2862 3171 3201 3240 gloriamque
3257 3168 3539 3231 adderent,
3573 3182 3643 3221 ea

394 3269 655 3339 ὑπῆρχεν,
689 3269 764 3331 ὡς
791 3269 1032 3340 εὐχερῶς
1066 3269 1349 3323 πιστεῦσαι
1378 3269 1625 3337 λέγουσιν
1659 3267 1961 3340 ἑωρακέναι

398 3361 534 3430 μετά
558 3361 650 3412 τὸν
676 3360 903 3415 θάνατον
932 3363 995 3414 ἐκ
1026 3362 1234 3432 νεκρῶν
1260 3361 1687 3425 ἀναδεϐιωκότα,
1711 3360 1800 3413 τὸν
1830 3360 1963 3431 μηδὲ

392 3453 479 3505 ὅτε
508 3454 565 3505 ἐν
598 3452 762 3515 ζῶσιν
794 3448 861 3523 ἦν
905 3452 1182 3523 ἐπαμῦναι
1223 3451 1399 3523 ἐαυτῷ
1441 3451 1834 3522 δεδυνημένον;
1870 3451 1962 3515 Τίς

392 3543 450 3597 δὲ
480 3547 591 3607 τοῖς
627 3544 860 3606 ἰδιώταις
894 3547 986 3598 καὶ
1014 3544 1281 3598 εὐτελέσιν
1327 3546 1553 3609 ἐκείνοις
1588 3544 1813 3615 ἐπείσθη
1850 3542 1964 3597 ποτ’

393 3635 461 3689 ἂν
491 3636 728 3704 λέγουσι,
773 3636 971 3707 χρῆναι
1004 3637 1112 3689 τῶν
1159 3636 1256 3707 μὲν
1302 3634 1572 3707 πατρῴων
1620 3634 1757 3687 θεῶν
1800 3649 1967 3687 κατα-

398 3730 679 3802 φρονῆσαι,
721 3730 815 3783 κα)⁸
847 3729 1057 3800 μωρίαν
1094 3730 1190 3799 μὲν
1212 3728 1321 3781 τῶν
1358 3727 1419 3792 ἐξ
1449 3727 1645 3789 αἰῶνος
1685 3723 1969 3793 καταγνῶ-

397 3839 484 3875 ναι
513 3822 753 3884 πάντων,
783 3822 962 3892 μόνοις
987 3821 1045 3874 δὲ
1075 3822 1257 3883 αὐτοῖς
1293 3818 1571 3871 πείθεσθαι
1604 3819 1699 3870 καὶ
1730 3819 1839 3880 τοῖς
1864 3816 1969 3867 ὐπὸ

397 3913 489 3966 τοῦ
524 3912 921 3983 σταυρωθέντος
951 3909 1455 3981 παρηγγελμένοις;
1486 3908 1673 3962 τοῦτον
1694 3909 1802 3979 γάρ
1833 3903 1969 3961 εἶναι

397 4007 492 4061 τοῦ
529 4007 689 4079 μόνου
720 4006 812 4059 καὶ
849 4005 941 4057 ἐπὶ
974 4004 1189 4057 πάντων
1216 4001 1350 4055 Θεοῦ
1377 4001 1534 4073 μόνον
1571 3999 1850 4070 ἀγαπητὸν
1877 3999 1971 4054 καὶ

405 4100 665 4171 μονογενῆ
732 4096 922 4150 Παῖδα.
997 4094 1136 4163 Ἐγὼ
1196 4093 1295 4165 μὲν
1359 4090 1452 4147 οῦν
1517 4090 1781 4158 ἐξετάζων
1841 4090 1969 4161 παρ’

400 4189 622 4261 ἐμαυτῷ
668 4176 974 4257 φιλαλήθως
1024 4186 1115 4238 τὸν
1162 4184 1340 4252 λόγον,
1382 4182 1638 4252 οὐδεμίαν
1690 4179 1972 4250 πειστικὴν

401 4283 627 4353 δύναμιν
670 4282 727 4333 ἐν
774 4278 942 4348 αὐτῷ,
985 4277 1104 4330 οὐδέ
1149 4294 1201 4329 τι
1248 4276 1464 4346 σεμνὸν,
1498 4273 1604 4326 οὐδ’
1638 4273 1970 4338 ἀξιόπιστον,

403 4376 517 4428 ἀλλ’
549 4374 670 4429 οὐδὲ
705 4372 927 4426 πιθανὸν
966 4372 1041 4435 εἰς
1075 4370 1136 4424 τὸ
1180 4370 1284 4423 κᾶν
1325 4369 1421 4422 ἕνα
1464 4366 1585 4420 τινὰ
1612 4366 1720 4419 τῶν
1752 4363 1973 4432 ἠλιθίων

402 4471 588 4522 πεῖσαι
618 4465 873 4519 δύνασθαι
904 4462 1161 4535 εὑρίσκω.
1205 4461 1366 4514 Ἀλλά
1415 4461 1575 4514 πάλιν
1623 4457 1843 4529 ἀφορῶν
1894 4459 1972 4522 εἰς

2068 3266 2183 3322 sola
2214 3265 2572 3336 protulissent
2600 3280 2612 3315 :
2644 3261 2770 3315 dico
2804 3270 2982 3315 autem
3016 3258 3259 3329 prodigia
3296 3266 3351 3313 et
3377 3257 3638 3312 miracula

2070 3360 2139 3414 ab
2171 3360 2265 3413 illo
2295 3357 2464 3421 edita,
2498 3371 2713 3411 necnon
2755 3353 3132 3425 philosophica
3179 3350 3424 3420 ejusdem
3464 3350 3637 3404 docu-

2071 3457 2252 3504 menta
2290 3467 2303 3500 :
2339 3461 2406 3501 ne
2455 3447 2536 3501 sic
2583 3445 2801 3516 quidem
2833 3442 2942 3496 illis
2973 3441 3176 3496 exitum
3223 3439 3455 3493 celerem
3486 3437 3638 3491 inve—

2070 3542 2247 3596 nisset
2276 3538 2474 3601 oratio,
2513 3545 2571 3592 ut
2616 3536 2776 3591 facile
2815 3546 3144 3590 consensum
3175 3528 3511 3582 audientium
3544 3526 3645 3581 eli-

2072 3639 2294 3697 eerent;
2325 3631 2419 3701 qui
2443 3629 2662 3699 quidem
2686 3626 2973 3681 audientes
3010 3623 3185 3676 aliena
3214 3621 3399 3691 lingua
3423 3618 3644 3672 utebano

2074 3732 2181 3783 tur,
2211 3736 2277 3775 ac
2321 3728 2453 3774 tunc
2485 3718 2719 3790 primum
2774 3716 2842 3769 ab
2876 3712 3187 3767 hominibus
3228 3710 3362 3764 nihil
3406 3708 3510 3763 ﬁde
3558 3707 3643 3763 di-

2075 3829 2239 3884 gnum
2268 3811 2644 3874 aﬂ'crentibus,
2684 3806 2927 3861 inaudita
2957 3803 3059 3858 sibi
3092 3801 3242 3872 prius
3271 3804 3432 3853 verba
3465 3800 3629 3868 perci-

2077 3906 2323 3977 piebant,
2355 3902 2425 3958 ad
2455 3917 2517 3957 ea
2550 3916 2670 3970 quae
2700 3898 2777 3951 illi
2808 3895 3053 3951 dicerent
3085 3888 3509 3961 comprobanda.
3544 3887 3646 3943 Ve-

2076 4008 2382 4054 rumtamen
2416 3995 2461 4050 si
2506 3994 2636 4048 talia
2671 3990 2962 4051 dixissent,
2998 3985 3279 4056 aliquanto
3304 3981 3646 4053 probabilius

2076 4091 2260 4144 dicere
2291 4088 2391 4142 visi
2418 4094 2627 4143 essent.
2664 4082 2821 4137 Nunc
2857 4089 3040 4133 autem
3068 4091 3193 4132 cum
3227 4074 3472 4129 dicerent
3495 4073 3646 4126 illum

2078 4197 2238 4253 quem
2273 4190 2331 4235 ut
2379 4181 2548 4235 Deum
2598 4173 3079 4232 commendabant.
3115 4167 3278 4222 modo
3330 4167 3385 4220 in
3419 4179 3649 4235 corpore

2078 4277 2318 4329 humano
2337 4278 2637 4333 versatum,
2677 4267 2923 4337 nihilque
2956 4261 3104 4317 aliud
3136 4268 3331 4314 natura
3363 4272 3526 4328 quam
3555 4255 3648 4311 Dei

2081 4364 2320 4421 Verbum
2347 4380 2491 4427 esse,
2517 4360 2775 4431 quocirca
2828 4356 2992 4412 etiam
3031 4352 3160 4406 talia
3213 4350 3479 4405 miracula
3528 4356 3650 4402 tan-

2079 4475 2243 4531 quam
2277 4458 2445 4514 Deum
2488 4457 2651 4512 edere
2684 4454 2950 4525 potuisse.
2992 4450 3155 4504 modo
3210 4446 3296 4502 his
3352 4442 3648 4505 contraria,

403 4571 501 4632 την
529 4559 623 4612 τοῦ
648 4557 804 4627 λόγου
833 4555 1058 4627 δύναμιν
1088 4555 1162 4619 ὡς
1198 4553 1367 4626 μυρία
1396 4551 1574 4623 πλήθη
1602 4551 1857 4612 πέπεικε,
1884 4549 1967 4601 καὶ

2080 4551 2312 4623 injurias
2345 4550 2498 4604 illum
2557 4544 3027 4613 contumeliasque
3067 4539 3293 4603 tulisse,
3325 4545 3379 4594 et
3416 4535 3653 4605 denique

405 4654 481 4716 ὡς
525 4650 859 4722 συνέστησαν
914 4648 1232 4719 μυρίανδροι
1277 4645 1594 4713 Ἐκκλησίαι
1630 4644 1765 4715 πρὸς
1800 4640 1979 4694 αὐτῶν

405 4742 626 4796 ἐκείνων
669 4740 773 4793 τῶν
820 4737 1213 4792 εὐτελεστάτων
1247 4736 1338 4788 καὶ
1368 4735 1643 4805 ἀγροίκων
1670 4733 1761 4785 τοῦ
1806 4728 1979 4801 Ἰησοῦ

410 4833 687 4907 μαθητῶν,
732 4834 833 4885 οὐκ
878 4833 935 4883 ἐν
982 4829 1195 4900 ἀδήλοις
1228 4845 1329 4881 που
1378 4826 1472 4880 καὶ⁹
1512 4825 1742 4895 ἀφανέσι
1772 4825 1977 4889 τόποις,

408 4927 522 4980 ἀλλ’
547 4927 606 4979 ἐν
649 4927 769 4988 ταῖς
801 4924 1033 4995 μάλιστα
1061 4916 1800 4992 διαπρεπεστάταιςιπόλεσιν
1834 4914 1979 4986 ἱδρυ-

408 5018 606 5080 θεῖσαι,
634 5017 721 5069 ἐπ’
751 5016 917 5085 αὐτῆς
948 5014 1092 5082 λέγω
1119 5013 1213 5083 τῆς
1257 5009 1544 5080 Ῥωμαίων
1575 5007 1978 5078 βασιλευούσης,

410 5108 502 5163 ἐπί
532 5125 592 5161 τε
614 5108 712 5176 τῆς
758 5103 1148 5175 Ἀλεξανδρέων
1197 5102 1290 5155 καὶ
1335 5097 1670 5170 Ἀντιοχέων,
1702 5096 1823 5150 καθ’
1854 5096 1979 5167 ὅλης

409 5216 471 5252 τε
500 5199 600 5270 τῆς
622 5196 895 5265 Αἰγύπτου
919 5196 1013 5248 καὶ
1033 5194 1258 5259 Λιϐύης,
1280 5190 1549 5262 Εὐρώπης
1566 5207 1623 5242 τε
1644 5189 1739 5242 καὶ
1772 5187 1977 5252 Ἀσίας,

412 5292 470 5346 ἐν
511 5308 571 5344 τε
604 5290 819 5361 κώμαις
855 5304 915 5340 τε
964 5287 1055 5340 καὶ
1096 5284 1301 5356 χώραις
1343 5285 1437 5338 καὶ
1477 5281 1750 5345 παντοίοις
1782 5279 1978 5341 ἔθνεσι,

415 5383 573 5438 πάλιν
620 5380 681 5447 ἐξ
727 5380 971 5448 ἀνάγκης
1023 5376 1340 5446 ἀνατρέχειν
1386 5371 1709 5444 ἐκϐιάζομαι
1752 5372 1847 5424 ἐπὶ
1884 5369 1982 5441 τὴν

415 5474 506 5529 τοῦ
531 5472 703 5528 αἰτίου
744 5472 991 5543 ζήτησιν,
1027 5468 1119 5522 καὶ
1163 5465 1537 5536 συνομολογεῖν
1574 5464 1649 5536 μὴ
1680 5455 1853 5526 ἄλλως
1885 5462 1982 5516 αὐ-

414 5569 539 5630 τοὺς
583 5564 980 5636 κεκρατηκέναι
1010 5558 1103 5615 τοῦ
1142 5557 1483 5628 τολμήματος
1526 5555 1561 5625 ἢ
1592 5554 1841 5626 θειοτέρα
1890 5555 1983 5607 καὶ

416 5656 558 5727 ὑπὲρ
601 5653 883 5725 ἄνθρωπον
910 5651 1133 5721 δυνάμει
1167 5648 1262 5701 καὶ
1295 5646 1554 5718 συνεργίᾳ
1585 5644 1679 5699 τοῦ
1712 5646 1984 5715 φήσαντος

419 5749 599 5811 αὐτοῖς
616 5764 629 5777 ο
667 5766 685 5798 ι
715 5742 1107 5815 Μαθητεύσατε
1133 5743 1310 5795 πάντα
1336 5739 1403 5793 τά
1434 5739 1559 5809 ἔθνη
1584 5739 1642 5791 ἐν
1665 5737 1742 5808 τῷ
1762 5735 1985 5806 ὀνόματί

425 5861 541 5913 μου.
591 5862 608 5893 ι
652 5840 821 5894 Τοῦτο
851 5838 893 5891 δ’
935 5833 1027 5891 οῦν
1058 5833 1225 5889 εἰπὼν
1266 5830 1593 5899 ἐπισυνῆψεν
1632 5828 1981 5899 ἐπαγγελίαν,

2087 4643 2604 4715 probrosissimum,
2666 4646 2721 4693 et
2774 4636 3016 4691 omnium
3078 4633 3359 4687 hominum
3420 4629 3655 4685 scelera-

2086 4736 2316 4791 tissiinis
2350 4731 2564 4803 injungi
2598 4730 2820 4786 solitum
2875 4726 3063 4781 crucis
3110 4723 3435 4795 supplicium
3471 4738 3485 4773 :
3527 4718 3653 4788 quis

2082 4844 2192 4883 non
2244 4826 2438 4881 merito
2469 4824 2594 4878 illos
2628 4828 2686 4876 ut
2739 4818 3018 4875 contraria
3068 4816 3172 4873 sibi
3219 4815 3353 4884 ipsis
3409 4812 3655 4865 dicentes

2082 4914 2567 4982 delusisset?Quis
2610 4921 2792 4967 autem
2838 4925 3012 4979 usque
3045 4908 3181 4962 adeo
3221 4904 3406 4959 fatuus
3440 4900 3651 4965 fuisset,

2085 5017 2145 5063 ut
2177 5008 2339 5061 facile
2388 5005 2639 5060 crederet
2678 5003 2993 5058 dicentibus
3025 5006 3188 5068 atque
3236 4990 3652 5054 afﬁrmantibus,

2082 5098 2286 5153 vidisse
2317 5113 2376 5152 se
2401 5102 2524 5166 post
2553 5101 2786 5150 mortem
2824 5093 2977 5145 illum
3002 5105 3032 5144 a
3063 5086 3299 5143 mortuis
3342 5081 3573 5138 rediisse
3592 5095 3657 5136 ac

2082 5189 2371 5253 revixisse,
2397 5186 2491 5256 qui
2522 5200 2591 5240 ne
2625 5193 2757 5238 tunc
2776 5169 2996 5252 quidem
3021 5194 3156 5233 cum-
3169 5173 3311 5246 apud
3335 5172 3486 5228 vivos
3512 5177 3659 5243 esset

2085 5282 2322 5350 seipsum
2352 5277 2520 5343 tutari
2552 5273 2859 5347 potuisset?
2884 5270 3046 5342 138
3069 5268 3205 5334 Quis
3226 5281 3355 5320 vero
3391 5262 3660 5333 imperitis

2086 5372 2216 5437 illis,
2248 5378 2411 5440 atque
2443 5367 2773 5439 ignobilibus
2825 5376 3067 5432 unquam
3122 5359 3398 5429 paruisset
3427 5352 3663 5409 dicenti-

2083 5464 2208 5529 bus,
2258 5468 2511 5533 oportere
2563 5457 2695 5513 deos
2751 5454 2971 5526 quidem
3022 5451 3232 5523 patrios
3285 5454 3658 5511 contemnere,

2082 5565 2138 5611 et
2169 5553 2459 5611 stultitiam
2482 5551 2753 5611 omnium,
2778 5546 2872 5617 qui
2899 5535 3141 5613 unquam
3166 5542 3242 5595 ab
3274 5539 3432 5595 initio
3461 5537 3658 5591 huma-

2086 5648 2141 5701 ni
2174 5644 2391 5717 generis
2432 5642 2684 5701 fuissent,
2720 5639 2982 5693 damnare
3020 5654 3033 5689 :
3065 5636 3197 5691 solis
3231 5649 3360 5688 vero
3402 5630 3506 5688 sibi
3562 5643 3658 5698 pa-

2087 5751 2230 5800 rere,
2260 5740 2308 5788 et
2348 5733 2416 5786 iis
2451 5745 2570 5801 qum
2606 5726 2901 5781 crucifixus
2939 5723 3322 5794 praecepisset?
3346 5722 3494 5775 hunc
3513 5717 3659 5772 enim

2089 5841 2211 5883 esse
2274 5822 2447 5878 solius
2508 5815 2747 5887 supremi
2806 5812 2899 5867 Dei
2951 5814 3130 5870 solum
3185 5813 3442 5870 dilectum
3500 5812 3661 5875 atque
