4126 6494
455 420 562 478 213
1119 426 1386 483 EUSEBII
1417 427 1527 482 (Ὰί
1537 426 1899 483 8ΑΠΙΕΝ515
1937 428 1994 485 Ol

2128 429 2309 485 rans
2346 430 2411 485 ιι.
2451 463 2524 474 .-
2560 430 3064 489 Αιτοιοςετιω.
3693 456 3781 509 214
3812 410 3816 414 ’

457 555 677 594 υιιιιιιηι
714 540 931 595 Filium.
970 541 1111 597 Sane
1134 551 1261 598 dum
1286 559 1387 615 ego
1421 561 1633 600 mecum
1662 545 1846 601 studio
1881 547 1994 602 veri

2096 548 2199 612 ,δι’
2268 546 2335 621 ἧς
2386 550 2610 621 ἔμελλον
2667 552 2983 621 ἐπιθαρρεἴν
3051 548 3149 603 καὶ
3210 526 3564 614 προθύμως
3619 569 3761 620 ἐπιδι.

454 637 585 689 tatis
629 634 857 704 hujusce
905 635 982 689 rei
1033 635 1299 690 rationem
1348 637 1591 707 exploro,
1624 638 1828 691 nullam
1867 639 1992 709 plan

2138 640 2290 694 δόναι
2346 644 2484 708 σφᾶς
2520 644 2716 706 αὐτοὺς
2746 646 2859 705 τοῖς
2889 636 3411 711 παρηγγελμένοιςι
3452 634 3600 718 φησὶ
3628 656 3745 723 γοῦν

452 724 510 781 in
544 741 609 781 ea
658 726 763 780 vim
812 726 881 780 ad
944 727 1284 795 probandum
1335 728 1608 792 idoneam,
1636 745 1811 800 neque
1861 746 2025 801 grave

449 818 746 888 quidquam
781 824 875 871 aut
908 817 1014 872 ﬁde
1063 818 1286 889 dignum
1340 819 1578 882 invenio,
1617 834 1680 874 ac
1728 835 1798 875 ne
1828 821 2029 891 proba-

449 911 556 967 bile
591 912 811 982 quidem
856 927 1031 983 usque
1061 913 1218 978 adeo,
1261 923 1321 967 ut
1361 914 1570 969 fatuum
1605 914 1797 969 saltem
1826 927 2022 984 quem.

447 1004 590 1073 piam
640 1004 716 1057 illi
750 1005 805 1059 in
845 1019 1000 1060 suam
1041 1006 1367 1062 sententiam
1403 1006 1621 1061 trahere
1654 1013 1897 1076 possent.
1953 1003 2022 1058 At

447 1110 661 1159 rursus,
695 1095 823 1150 dum
854 1095 922 1150 ad
956 1097 1132 1167 ipsius
1162 1099 1310 1154 verbi
1344 1098 1642 1168 potentiam
1673 1096 1929 1167 respicio,
1962 1105 2020 1150 ut

444 1185 941 1242 innumerabilibus
973 1187 1250 1243 hominum
1275 1189 1636 1243 conventibus
1659 1185 2017 1258 persuaserit,

443 1285 606 1349 atque
651 1286 709 1332 ut
754 1280 823 1333 ab
851 1279 987 1349 ipsis
1033 1280 1142 1335 illis
1181 1280 1592 1350 ignobilissimis
1631 1288 1684 1333 ct
1709 1280 2016 1350 agrestibus

439 1369 566 1426 Jesu
589 1372 897 1442 discipulis,
926 1374 1392 1429 numerosissimae
1424 1372 1681 1428 Ecclesiae
1704 1373 2016 1453 constitutae

2133 733 2316 797 aurai;
2341 750 2353 763 ’
2395 753 2411 785 ι
2446 736 2555 787 Καὶ
2589 735 2697 788 ἰδοὺ
2724 736 2836 802 ἐγὼ
2869 735 2988 805 μεθ’
3037 734 3193 805 ὑμῶν
3229 732 3355 801 εἰμι
3413 733 3601 807 πάσας
3638 747 3733 808 τὰς

2132 825 2344 896 ἡμέρας
2382 825 2491 889 ἓως
2513 826 2614 895 τῆς
2643 825 2952 889 συντελείας
2980 825 3073 879 τοῦ
3117 824 3341 889 αἰῶνος.
3381 840 3403 872 ι
3452 825 3605 887 Ἀλλά
3629 837 3718 887 καὶ

2130 913 2447 984 Πνεῦματος
2494 915 2679 978 αὐτοῖς
2731 915 3033 984 ἐμπνεῦσαι
3086 915 3310 984 λέγεται
3362 913 3532 985 Θείου,
3579 921 3715 975 ἀλλὰ

2127 1013 2224 1064 καὶ
2268 1009 2501 1081 δύναμιν
2542 1011 2724 1075 αὐτοῖς
2771 1010 2952 1065 ἔνθεον
2998 1012 3091 1064 καὶ
3145 1008 3578 1083 παραδοξοποιὸν
3608 1030 3706 1067 πεη

2127 1101 2433 1172 ποιηκέναι,
2452 1102 2572 1155 τοτὲ
2600 1102 2697 1173 μὲν
2724 1102 2920 1171 φήσας·
2950 1121 2969 1151 ι
3001 1101 3207 1155 Λάϐετε
3234 1102 3461 1173 Πνεῦμα
3482 1104 3653 1174 ἅγιον·
3677 1127 3697 1157 ι

2125 1194 2246 1246 τοτὲ
2273 1193 2329 1246 δὲ
2362 1192 2531 1247 εἰπών
2551 1210 2565 1223 ·
2608 1212 2626 1245 ι
2678 1191 3061 1256 Ἀσθενοῦντας
3085 1193 3436 1264 θεραπεύετε,
3468 1196 3702 1268 λεπροὺς

2125 1282 2479 1353 καθαρίζετε,
2527 1283 2787 1353 δαίμονας
2837 1283 3145 1337 ὲκϐάλλετεσ
3193 1284 3401 1355 δωρεὰν
3451 1284 3696 1350 ἐλάϐετε,

2124 1372 2334 1442 δωρεὰν
2362 1372 2501 1427 δότε.
2540 1393 2558 1424 ι

440 1462 571 1528 sint,
606 1480 713 1519 non
741 1466 792 1518 in
819 1465 1140 1534 quibusdam
1171 1465 1370 1536 ignotis
1399 1474 1563 1533 atque
1611 1465 1862 1520 obscuris
1891 1465 2048 1531 locis,
2090 1464 2184 1519 sed
2248 1464 2301 1518 in
2356 1464 2679 1520 clarissimis
2722 1464 3034 1521 civitatibus
3076 1474 3290 1529 erectzr,
3334 1468 3390 1522 in
3434 1468 3572 1538 ipsa,
3606 1469 3696 1524 in-

439 1570 626 1625 quam,
677 1556 906 1611 aliarum
958 1557 1175 1611 urbium
1228 1556 1440 1626 regina,
1479 1555 1727 1611 Romana
1770 1557 1925 1621 urbe,
1963 1556 2018 1611 in
2058 1556 2445 1621 Alexandrina,
2517 1556 2571 1611 in
2622 1558 2998 1622 Antiochensi,
3050 1574 3146 1629 per
3191 1566 3358 1612 totam
3397 1559 3693 1632 Egyptum

438 1665 502 1703 ac
536 1645 780 1718 Lyciam,
816 1665 913 1718 per
952 1648 1223 1720 Europam
1282 1657 1445 1720 atque
1488 1650 1694 1714 Asiam,
1756 1650 1812 1703 in
1876 1650 2013 1706 vicis
2042 1658 2096 1704 et
2134 1649 2470 1719 regionibus,
2504 1649 2763 1719 omnique
2807 1650 2968 1705 modo
3027 1651 3189 1708 variis
3215 1651 3469 1723 gentibus
3500 1672 3514 1708 :
3547 1662 3695 1710 retro

436 1758 608 1814 cogor
652 1749 979 1801 necessitate
1011 1746 1265 1814 quadam,
1308 1745 1375 1798 ad
1408 1746 1589 1816 ipsius
1639 1746 1718 1801 rei
1778 1760 2002 1800 causam
2043 1744 2426 1815 inquirendam
2460 1759 2769 1808 recurrere,
2841 1744 3109 1816 faterique
3181 1762 3291 1802 non
3338 1747 3497 1803 aliter
3540 1748 3692 1819 ipsos

437 1836 654 1895 facinus
685 1848 791 1894 tam
826 1841 1001 1894 audax
1061 1841 1387 1903 obtinuisse,
1428 1855 1590 1911 quam
1625 1840 1881 1896 diviniori
1947 1840 2181 1911 quadam
2236 1841 2503 1911 longeque
2561 1839 2854 1893 humanam
2879 1855 3171 1910 superante
3198 1841 3457 1911 potentia,
3479 1856 3690 1913 opeque

437 1941 599 2004 atque
658 1935 861 1989 auxilio
917 1934 1088 1998 illius,
1150 1934 1243 2004 qui
1280 1934 1490 1990 dixerat
1519 1954 1535 1991 :
1572 1954 1591 1987 ι
1629 1933 1827 1990 Docete
1858 1949 2050 1990 omnes
2086 1942 2277 2004 gentes
2334 1935 2388 1989 in
2422 1934 2642 1992 nomine
2673 1949 2815 1989 meo.
2852 1952 2871 1985 ι
2905 1931 3183 2003 Siquidem
3218 1947 3341 1988 cum
3377 1934 3481 1989 hoc
3517 1935 3689 1994 dixis-

434 2036 539 2091 set,
592 2027 841 2098 adjunxit
898 2027 1249 2098 promissum,
1303 2043 1415 2097 quo
1480 2034 1666 2083 essent
1724 2026 2001 2099 accepturi
2039 2027 2452 2092 conﬁdentiam,
2488 2033 2829 2106 et‘prompte
2894 2025 3149 2083 tradituri
3191 2026 3403 2097 seipsos
3459 2028 3529 2085 iis
3564 2045 3688 2101 qua:

432 2119 750 2176 denuntiata
801 2120 936 2191 ipsis
989 2121 1243 2187 fuerant;
1287 2120 1425 2175 dixit
1486 2118 1653 2189 igitur
1705 2120 1773 2174 ad
1828 2120 1998 2175 illos:
2044 2138 2061 2171 ι
2105 2118 2170 2172 Et
2199 2134 2329 2174 ecce
2388 2134 2488 2189 ego
2556 2118 2838 2174 vobiscum
2873 2132 2994 2172 sum
3026 2132 3218 2173 omnes
3243 2117 3381 2182 dies,
3409 2136 3580 2191 usque
3607 2124 3676 2178 ad

431 2213 955 2270 consummationem
994 2215 1265 2270 saeculi".
1334 2234 1353 2266 ι
1404 2214 1548 2279 Quin
1585 2214 1753 2268 etiam
1788 2211 2001 2267 amasse
2039 2211 2163 2266 illos
2221 2210 2408 2265 divino
2439 2210 2647 2280 Spiritu
2680 2210 2903 2275 dicitur,
2972 2226 3183 2265 necnon
3221 2211 3459 2266 divinam
3490 2200 3682 2283 quam-

428 2303 575 2369 dam,
607 2311 661 2359 et
712 2319 819 2375 qua
851 2318 938 2360 res
960 2304 1310 2360 admirabiles
1369 2303 1663 2368 efﬁcerent,
1702 2303 1997 2373 potentiam
2034 2302 2143 2357 illis
2176 2305 2546 2372 ingenerasse.
2584 2318 2731 2357 nunc
2760 2304 2979 2373 quidem
3013 2304 3145 2358 illud
3199 2305 3385 2361 dicens
3416 2324 3429 2358 :
3468 2324 3486 2356 ι
3520 2306 3677 2360 Aeci-

427 2399 539 2468 pite
584 2396 847 2470 Spiritum
917 2409 1167 2455 sanctum
1220 2399 1269 2432 ⁸⁸
1300 2439 1314 2463 ,
1394 2417 1412 2449 ι
1479 2413 1625 2453 nunc
1682 2414 1813 2454 vero
1854 2398 1987 2453 illud

425 2492 628 2563 ejicite,
660 2492 831 2563 gratis
851 2490 1164 2561 accepistis,
1191 2493 1362 2562 gratis
1381 2490 1507 2547 date
1521 2491 1588 2544 ⁸⁸.
1623 2511 1643 2544 ι

494 2582 663 2640 Vides
698 2583 866 2652 igitur
892 2585 1005 2652 jam
1055 2591 1113 2637 tu
1159 2599 1398 2653 quoque,
1436 2600 1675 2655 quonam
1714 2583 1876 2639 modo
1908 2599 2001 2638 suo
2034 2584 2080 2644 Β

422 2674 696 2745 peraverit
730 2672 945 2726 illorum
964 2674 1105 2727 ratio
1127 2673 1377 2742 :quando
1410 2675 1575 2728 etiam
1607 2674 1765 2736 liber,
1791 2673 2005 2744 quiAc-

422 2775 478 2819 ta
494 2765 711 2820 illorum
740 2763 1002 2827 continet,
1022 2765 1354 2822 conveniens
1377 2764 1461 2820 bis
1495 2772 1547 2819 et
1574 2774 2001 2819 consentaneum

424 2852 632 2926 profert
657 2852 1075 2908 testimonium:
1117 2854 1207 2908 ubi
1249 2855 1350 2924 ipsi
1378 2869 1595 2924 quoque
1633 2861 2004 2909 memorantur

422 2948 541 3019 ipsa
576 2964 761 3008 rerum
805 2945 1209 3002 admirabilium
1251 2945 1538 3001 etlicientia
1565 2987 1581 3012 ,
1623 2961 1786 3017 quam
1837 2946 2004 3001 bene-

419 3040 545 3095 licio
622 3039 864 3097 nominis
894 3038 1026 3099 Jesu
1093 3039 1449 3101 obtinebant,
1515 3053 1614 3094 eos
1671 3039 1763 3109 qui
1830 3040 1999 3094 inter-

419 3138 578 3186 erant
665 3141 829 3200 atque
908 3130 1230 3200 spectabant
1312 3131 1574 3186 attonitos
1669 3129 1995 3187 reddidisse.

425 3221 586 3293 139
611 3220 856 3277 Primum
883 3222 1028 3277 enim
1052 3222 1367 3285 ,verisimile
1392 3230 1497 3287 est,
1545 3238 1639 3279 eos
1666 3222 1759 3293 qui
1805 3238 1998 3279 cerne-

418 3315 572 3379 bant,
609 3314 775 3370 rebus
807 3315 940 3386 ipsis
974 3323 1029 3370 et
1061 3314 1218 3371 factis
1252 3316 1307 3369 in
1338 3326 1615 3387 stuporem
1645 3315 1714 3369 ab
1741 3315 1851 3371 illis
1875 3330 1997 3371 esse

418 3416 737 3468 conversos,
788 3403 864 3457 ita
912 3403 1108 3459 deinde
1152 3405 1371 3460 eosdem
1404 3406 1614 3462 alacres
1646 3413 1993 3476 comparatos

417 3495 484 3551 ad
511 3494 979 3568 interrogandum,
1002 3496 1254 3567 quisnam
1287 3497 1377 3552 ille
1406 3504 1575 3562 esset,
1607 3495 1766 3566 cujus
1794 3496 1994 3552 virtute

414 3598 468 3644 et
502 3589 721 3645 nomine
766 3590 1092 3645 miraculum
1122 3589 1373 3646 ellectuin
1419 3597 1583 3645 esset.
1641 3589 1847 3647 Deinde
1895 3589 1992 3645 do-

414 3683 589 3739 cendo
631 3683 795 3739 iidem
847 3682 916 3738 ab
990 3683 1181 3740 iisdem
1237 3683 1781 3755 deprehendebantur
1849 3684 1987 3750 fide,

411 3777 657 3845 ipsorum
707 3776 1014 3832 doctrinam
1060 3779 1422 3832 antevenisse.
1465 3774 1585 3832 Non
1629 3776 1775 3830 enim
1806 3775 1989 3831 verbis

413 3869 682 3939 persuasi,
718 3870 815 3926 sed
852 3869 1014 3926 rebus
1043 3876 1098 3926 et
1128 3869 1289 3924 factis
1336 3869 1615 3939 praeventi,
1650 3867 1717 3922 ad
1750 3867 1805 3922 id
1840 3868 1988 3938 quod

2051 2415 2066 2452 :
2115 2415 2133 2446 ι
2174 2395 2425 2451 Ιιιιὶηυοε
2477 2406 2686 2462 curate,

2756 2398 3001 2467 leprosos
3068 2398 3356 2465 inundate,
3401 2399 3677 2458 dannonas

2180 2579 2418 2651 Συνορᾷς
2456 2578 2742 2651 τοιγαροῦν
2793 2579 2888 2634 καὶ
2918 2580 3077 2645 αὐτὸς
3105 2581 3253 2647 ὅπως
3284 2583 3623 2656 κεκράτηκεν
3651 2588 3681 2639 ὁ

2107 2675 2174 2726 δι’
2201 2673 2377 2725 αὐτῶν
2402 2672 2559 2741 λόγος
2578 2690 2591 2701 ’
2624 2674 2746 2726 ἐπεὶ
2774 2674 2869 2726 καὶ
2907 2673 3084 2727 αὐτῶν
3113 2677 3145 2745 ἡ
3181 2675 3362 2745 βίϐλος
3392 2677 3500 2732 τῶν
3536 2680 3685 2751 Πρά-

2106 2763 2239 2830 ξεων
2269 2763 2475 2835 συνῳδὰ
2518 2763 2727 2829 τούτοις
2770 2765 2864 2818 καὶ
2906 2764 3170 2836 σύμφωνα
3213 2772 3519 2839 μαρτυρεῖ⁸
3554 2770 3683 2825 ἔνθα

2107 2852 2449 2923 ἱστοροῦνται
2489 2853 2582 2907 καὶ
2615 2855 2767 2907 αὐτοὶ
2808 2857 2874 2924 τῇ
2906 2854 3015 2909 τῶν
3057 2854 3375 2926 παραδόξων
3427 2860 3679 2932 ἐνεργείᾳ

2101 2942 2170 2995 δι’
2218 2943 2479 3014 ὀνόματος
2509 2945 2605 2997 τοῦ
2664 2944 2839 3015 Ἰησοῦ
2884 2945 3019 3016 πρὸς
3064 2945 3243 2999 αὐτῶν
3284 2947 3678 3024 ἐπιτελουμένη

2101 3034 2226 3097 τοὺς
2306 3034 2585 3105 παρόντας
2658 3036 2753 3088 καὶ
2827 3036 2952 3099 τοὺς
3023 3034 3327 3107 θεωμένους
3385 3037 3672 3109 ἐκπλῆξαι.

2114 3124 2465 3197 Ἐξέπληττον
2521 3125 2649 3197 γὰρ,
2712 3127 2787 3190 ὡς
2835 3129 3000 3191 εἰκὸς,
3053 3127 3142 3181 διὰ
3179 3127 3289 3180 τῶν
3329 3128 3506 3200 ἔργων
3548 3132 3675 3195 τοὺς

2101 3215 2406 3286 θεωμένους
2468 3218 2765 3290 πρότερον·
2813 3215 2912 3273 εἷθ’
2941 3219 3113 3283 οὕτως
3172 3220 3485 3291 προθύμους
3526 3217 3673 3292 εἶχον

2097 3309 2296 3372 αὐτοὺς
2347 3310 2439 3362 ἐπὶ
2470 3311 2530 3363 τὸ
2556 3311 2950 3380 φιλοπευστεῖν,
2978 3311 3063 3374 τίς
3100 3314 3217 3365 ποτ’
3238 3309 3305 3384 ἦν
3343 3309 3494 3377 οὗτος
3512 3309 3572 3368 οὗ
3601 3317 3667 3387 τῇ

2094 3401 2320 3472 δυνάμει
2360 3402 2454 3454 καὶ
2486 3400 2827 3472 προσηγορία
2856 3402 2917 3455 τὸ
2951 3400 3134 3474 θαῦμα
3163 3403 3405 3471 γέγονεν.
3437 3400 3569 3458 Εἶτα
3589 3405 3670 3459 δι-

2093 3494 2381 3556 δάσκοντες
2433 3494 2692 3566 ηὕρισκον
2744 3498 2808 3566 τῇ
2857 3496 3037 3548 πίστει
3073 3495 3372 3566 φθάνοντας
3404 3498 3503 3569 τὴν
3536 3500 3669 3571 παρ’

2093 3586 2272 3640 αὐτῶν
2311 3585 2678 3639 διδασκαλίαν.
2722 3586 2796 3638 Οὐ
2840 3585 2950 3658 γὰρ
2977 3589 3088 3649 τοῖς
3116 3586 3295 3657 λόγοις
3333 3588 3665 3656 πεισθέντες,

2090 3678 2225 3732 ἀλλὰ
2240 3680 2351 3742 τοῖς
2374 3677 2555 3749 ἔργοις
2591 3677 3189 3750 προσκαταληφοέντες,
3224 3680 3403 3752 ῥᾴδιον
3420 3681 3668 3734 ἐποιοῦν-

2088 3788 2150 3824 το
2211 3770 2310 3841 τὴν
2345 3771 2403 3823 ὲν
2435 3772 2548 3833 τοῖς
2597 3769 2774 3839 λόγοις
2805 3770 3062 3825 διάθεσιν.
3096 3772 3359 3841 Λέγονται
3402 3771 3535 3842 γοῦν
3564 3774 3667 3846 ἤδη

2088 3864 2229 3929 τινὲς
2280 3863 2571 3934 βουθυσίας
2621 3864 2716 3917 καὶ¹
2766 3864 2993 3929 σπονδὰς
3036 3867 3111 3931 ὡς
3143 3866 3208 3920 ἂν
3241 3865 3340 3937 ἤδη
3379 3868 3521 3932 θεοῖς
3547 3862 3667 3920 οὖσι

409 3958 590 4014 verbis
624 3959 760 4029 ipsis
794 3959 1153 4015 obtinendum
1184 3968 1321 4024 erat,
1369 3959 1556 4014 faciles
1589 3959 1985 4029 comparaban-

2096 3961 2197 4021 τοῖς
2218 3958 2313 4012 τοῦ
2352 3958 2527 4031 Ἰησοῦ
2556 3961 3026 4034 προσαγηοχέναι’
3064 3962 3157 4015 καὶ
3191 3960 3311 4014 τινὰ
3357 3961 3455 4033 μὲν
3486 3959 3667 4014 αὐτῶν

410 4056 518 4105 tur.
535 4047 654 4104 Jam
676 4049 880 4105 idcirco
899 4051 1160 4106 dicuntur
1191 4050 1471 4106 nonnullis
1500 4050 1634 4120 ipsis
1666 4048 1797 4106 Jesu
1822 4049 1984 4106 disci-

408 4140 551 4211 pulis
583 4150 843 4211 tanquam
871 4141 939 4197 iis
963 4143 1056 4212 qui
1091 4142 1165 4197 dii
1195 4150 1380 4197 essent
1405 4143 1655 4198 victimas
1687 4150 1742 4198 et
1766 4144 1984 4199 libatio-

409 4248 506 4289 nes
536 4234 823 4300 obtulisse,
860 4241 914 4288 et
943 4236 1110 4289 alium
1141 4235 1360 4304 quidem
1390 4250 1455 4289 ex
1488 4234 1597 4291 illis
1631 4233 1980 4297 Mercurium,

407 4326 573 4381 alium
606 4341 736 4382 vero
762 4323 949 4382 Jovem
984 4327 1353 4389 existimasse,
1387 4343 1562 4398 usque
1605 4327 1741 4384 adeo
1764 4329 1982 4383 illorum

406 4426 618 4475 mentes
648 4424 871 4488 stupore
902 4419 1157 4475 allecerat
1196 4420 1311 4491 ipsa
1344 4418 1733 4474 miraculorum
1761 4419 1984 4476 eviden-

406 4512 521 4577 tia;
555 4526 619 4566 ac
635 4512 886 4582 protinus
916 4512 990 4566 ita
1008 4510 1218 4568 allectis
1249 4512 1614 4579 auditoribus,
1644 4528 1982 4584 quaecuque

402 4605 480 4660 illi
527 4605 594 4661 de
626 4603 754 4661 Jesu
790 4605 1115 4659 nuntiabant
1161 4606 1357 4660 merito
1394 4622 1522 4662 vera
1583 4619 1707 4662 esse
1750 4608 1980 4676 posthac

399 4696 804 4763 censebantur;
833 4697 1088 4766 illiusque
1121 4703 1246 4766 post
1275 4705 1503 4751 mortem
1538 4696 1773 4750 reditum
1806 4698 1860 4750 in
1898 4697 1979 4751 vi-

400 4797 552 4854 tam,
615 4805 725 4844 non
778 4788 1119 4859 simplicibus
1165 4797 1327 4858 atque
1393 4788 1976 4845 indemonstrabilibus

401 4882 583 4937 verbis
616 4880 1074 4945 testiﬁcabantur,
1109 4882 1204 4936 sed
1239 4884 1354 4951 ipsa
1386 4881 1655 4936 factorum
1702 4883 1977 4939 evidentia

400 4973 858 5045 comprobabant;
884 4974 1087 5044 quippe
1114 4989 1237 5027 cum
1269 4975 1500 5030 viventis
1532 4974 1679 5029 illius
1716 4975 1857 5029 facta
1882 4975 1978 5030 de-

399 5074 786 5123 monstrarent.
813 5066 970 5132 Quod
1001 5066 1047 5120 si
1079 5073 1133 5119 et
1172 5063 1339 5119 Deum
1374 5065 1547 5128 illum,
1580 5074 1633 5120 et
1662 5064 1749 5120 Dei
1780 5064 1974 5119 Filium

397 5165 524 5213 ante
573 5172 859 5213 ascensum
892 5158 945 5212 in
979 5156 1179 5211 cmlum
1230 5156 1516 5226 degentem
1563 5157 1706 5226 apud
1761 5155 1973 5211 Patrem

395 5252 764 5313 nuntiassent,
791 5265 890 5304 cur
923 5266 1031 5303 non
1075 5249 1202 5303 huic
1247 5252 1479 5305 orationi
1515 5250 1728 5306 faciiius
1762 5250 1974 5305 assensi

393 5350 599 5406 essent,
636 5342 730 5412 qui
771 5343 892 5412 ejus
935 5343 1012 5398 rei
1055 5344 1432 5406 contrarium,
1472 5352 1587 5396 tum
1633 5341 1973 5407 incredibile,

395 5439 507 5487 tum
538 5443 734 5504 prmter
780 5443 1034 5488 naturam
1067 5436 1261 5490 merito
1289 5436 1711 5498 arbitrarentur,
1747 5435 1973 5503 ipsaque

394 5527 604 5581 ratione
637 5525 973 5597 colligerent,
1002 5543 1112 5581 non
1137 5543 1299 5598 posse
1333 5525 1508 5597 putari
1538 5525 1785 5580 mortalis
1809 5533 1973 5580 natu-

396 5631 467 5670 ra:
499 5616 591 5670 illa
626 5632 790 5687 opera
839 5634 961 5674 esse
990 5636 1110 5689 quae
1164 5620 1381 5682 fiebant,
1438 5617 1532 5673 sed
1581 5615 1674 5669 Dei
1717 5616 1971 5687 alicujus,

393 5710 556 5764 etiam
588 5709 822 5769 sinemo
845 5711 1087 5766 diceret?
1116 5711 1227 5765 lloe
1252 5710 1417 5781 igitur
1437 5716 1575 5772 erat,
1609 5724 1785 5779 neque
1815 5708 1974 5781 quid-

461 5868 503 5898 ⁸⁷
536 5863 669 5922 Ibid.
697 5865 788 5920 ‘20.
868 5866 910 5897 ⁸³
944 5865 1102 5921 Juan.
1133 5883 1223 5932 xx,
1259 5866 1349 5920 Ἡ.
1426 5867 1470 5899 ⁸⁹
1506 5865 1692 5921 Matth.
1733 5883 1785 5933 Χ,
1819 5868 1874 5921 8.

2089 4048 2180 4101 τὸν
2221 4049 2430 4121 Ἑρμῆν
2461 4048 2622 4117 εἶναι,
2667 4052 2787 4106 τινὰ
2821 4052 2878 4105 δὲ
2908 4052 2999 4106 τὸν
3032 4053 3130 4105 Δία
3162 4051 3529 4121 νενομικέναιο
3578 4067 3668 4102 το⁶

2091 4138 2279 4193 σοῦτον
2298 4140 2477 4195 αὐτῶν
2504 4141 2604 4207 τὰς
2629 4143 2866 4206 διανοίας
2892 4142 3213 4215 ἐξέπληττεν
3238 4141 3399 4212 ἡτῶν
3427 4138 3666 4209 παραδό-

2089 4233 2194 4297 ξων
2223 4234 2400 4306 ἔργων
2425 4236 2701 4300 ἐπίδειξις.
2735 4237 2843 4290 Καὶ
2869 4235 2931 4307 δὴ
2952 4234 3096 4287 οὕτω
3118 4231 3479 4301 διακειμένοις
3504 4227 3663 4281 πάνθ’

2085 4327 2184 4379 ὅσα
2220 4328 2349 4398 περὶ
2381 4328 2474 4381 τοῦ
2513 4328 2687 4399 Ἰησοῦ
2721 4326 3106 4399 κατήγγελλον,
3155 4324 3253 4395 ἤδη
3303 4321 3486 4375 λοιπὸν
3528 4320 3664 4393 ἁλη-

2085 4417 2263 4471 θεύειν
2296 4418 2529 4487 εὐλόγως
2559 4418 2901 4490 ἐνομίζοντο·
2937 4418 3031 4470 καὶ
3063 4418 3127 4486 τῇ
3157 4413 3301 4468 κατὰ
3325 4413 3416 4467 τὸν
3435 4412 3661 4467 θάνατον

2085 4507 2377 4562 ἀναϐιώσει
2406 4507 2571 4563 αὑτοῦ
2604 4511 2702 4579 οὐχ
2722 4508 2910 4570 ἁπλοῖς
2930 4507 3037 4560 οὐδ’
3061 4504 3465 4568 ἀναποδείκτοις
3488 4504 3662 4576 ἐμαρ-

2081 4604 2278 4675 τύρουν
2306 4601 2504 4670 λόγοις,
2540 4601 2793 4670 διἀὑτῆς
2817 4600 2859 4653 δ’
2892 4599 3169 4670 ἐνεργείας
3195 4596 3429 4661 ἔπειθον,
3461 4596 3661 4661 ζῶντος

2083 4696 2219 4767 ἔργα
2254 4693 2645 4766 παριστῶντες.
2684 4694 2745 4745 Ei
2780 4692 2843 4745 δὲ
2880 4693 2977 4745 καὶ
3014 4691 3145 4744 Θεὸν
3186 4689 3346 4742 αὐτὸν
3384 4690 3477 4743 καὶ
3521 4688 3658 4742 Θεοῦ

2082 4788 2251 4841 Παῖδα
2286 4787 2391 4859 πρὸ
2416 4787 2514 4858 τῆς
2543 4788 2624 4850 εἰς
2657 4785 2971 4857 ἀνθρώπους
3002 4782 3230 4853 ἐφίξεως
3258 4781 3413 4852 παρὰ
3438 4781 3518 4853 τῷ
3548 4782 3659 4834 [Ια-

2078 4879 2169 4951 τρὶ
2214 4878 2545 4949 τυγχάνοντα
2574 4876 2959 4948 κατήγγελλον,
2995 4876 3088 4928 καὶ
3125 4874 3297 4944 τούτῳ
3321 4874 3438 4940 πῶς
3464 4876 3561 4929 οὐκ
3591 4876 3656 4929 ἂν

2082 4971 2410 5043 προσέθεντο
2460 4970 2679 5043 μᾶλλον,
2728 4969 2791 5021 τὸ
2835 4968 3076 5021 ἐναντίον
3121 4967 3348 5022 ἄπιστον
3394 4965 3654 5022 εἶναικαὶ

2082 5064 2340 5119 ἀδύνατον
2390 5063 2681 5135 ἡγούμενοι
2719 5061 2962 5123 εἰκότως,
3008 5060 3350 5131 λογισάμενοι
3400 5060 3475 5131 μὴ
3498 5060 3656 5114 δύνα-

2083 5158 2207 5210 σθαι
2240 5157 2436 5227 θνητῆς
2462 5155 2597 5226 ἔργα
2626 5152 2839 5221 φύσεως
2865 5149 3003 5205 εἶναι
3026 5152 3265 5224 νομίζειν
3296 5153 3363 5206 τὰ
3381 5151 3654 5223 δρώμενα,

2081 5248 2216 5301 ἀλλὰ
2249 5247 2404 5311 Θεοῦ,
2434 5246 2537 5299 κᾶν
2574 5244 2645 5316 μὴ
2680 5244 2813 5315 λέγῃ
2844 5259 2960 5307 τις;
3009 5241 3164 5295 Τοῦτ’
3197 5239 3265 5313 ἦν
3294 5243 3402 5314 ἄρα
3439 5242 3532 5294 καὶ⁸
3562 5242 3654 5293 οὐ-

2079 5341 2166 5394 δὲν
2191 5340 2317 5396 ἄλλο
2340 5339 2399 5392 τὸ
2433 5337 2663 5409 ζητηθὲν
2685 5336 2817 5389 αὐτὸ
2837 5338 3033 5400 ἐκεῖνο,
3061 5336 3222 5407 ὁποία
3252 5334 3475 5404 δυνάμει
3497 5351 3653 5404 περι-

2077 5432 2333 5501 γεγόνασι
2373 5431 2479 5481 τῶν
2520 5429 2577 5480 ἐν
2610 5430 2804 5499 ἀρχαῖς
2838 5429 3203 5500 ἀκροωμένων
3245 5427 3294 5479 οἱ
3340 5424 3432 5477 τοῦ
3479 5424 3653 5494 Ἰησοῦ

2080 5525 2337 5597 μαθηται,
2386 5524 2479 5576 καὶ
2523 5524 2671 5588 ὅπως
2702 5522 2969 5593 ’Έλληνας
3011 5518 3147 5590 ὁμοῦ
3195 5519 3289 5571 καὶ
3343 5514 3649 5587 βαρϐάρους

2075 5615 2150 5678 ὼς
2171 5608 2294 5680 περὶ
2317 5610 2489 5679 Λόγου
2510 5614 2642 5667 Θεοῦ
2662 5632 2789 5685 περι
2816 5611 2981 5665 αὑτοῦ
3010 5612 3221 5681 φρονεῖν
3248 5608 3487 5671 ἔπεισαν,
3505 5606 3650 5667 ὅπως

2075 5725 2134 5761 τε
2179 5708 2234 5759 ὲν
2273 5706 2459 5777 μέσαις
2492 5709 2608 5769 ταῖς
2643 5705 2828 5759 πόλεσι
2880 5694 2977 5758 κάι
3007 5699 3109 5755 ἀνὰ
3148 5699 3245 5761 τὰς
3276 5696 3457 5769 χώρας
3497 5696 3652 5749 εὕδει
