4126 6462
434 352 539 408 2.ιὸ
1346 299 1999 399 DEMONSTRATl01V|5
2037 338 2497 397 EVANGELICIE
2535 339 2642 395 LIB
2683 340 2744 394 ιιι
3589 340 3720 428 ‘2563

437 465 586 528 ϐείας
619 465 736 529 ἐνὸς
771 463 865 517 τοῦ
898 463 990 516 ἐπὶ
1016 462 1227 515 πάντων
1255 460 1389 512 Θεοῦ
1446 437 1839 530 συνεστήσαντο
1866 459 2003 511 διδαα

2115 473 2277 529 quam
2320 457 2489 521 aliud,
2526 455 2703 527 ipsum
2747 455 2931 525 utique
2961 454 3092 508 illud
3136 454 3281 525 quod
3324 458 3693 525 quaerebatur,

439 558 685 612 σκαλεῐα.
2115 566 2350 621 quanam
2396 550 2445 605 vi
2492 548 2746 618 discipuli
2789 547 2941 612 Jesu,
2975 561 3163 602 eorum
3195 548 3286 618 qui
3317 548 3384 603 ab
3408 548 3563 603 initio
3594 564 3695 604 au-

434 652 661 707 diebant
695 636 929 705 victores
969 636 1187 712 fuerint,
1222 656 1275 703 et
1306 645 1581 719 quomodo
1627 652 1738 699 tam
1775 642 1996 699 Graecos
2035 657 2197 715 quam
2228 643 2511 708 barbaros,
2546 649 2606 696 ut
2657 642 2725 696 de
2754 640 2845 695 illo
2875 648 3134 711 tanquam
3185 639 3251 694 de
3273 638 3380 694 Deo
3428 640 3693 696 sentirent

435 746 797 813 adduxerim,
841 754 892 802 et
926 746 1197 817 quomodo
1229 742 1283 800 in
1329 744 1523 800 mediis
1562 738 1790 796 urbibus
1821 752 1884 791 ac
1912 751 2009 806 per
2045 751 2236 791 omnes
2269 737 2540 805 regiones,
2566 736 2843 808 religionis
2869 752 2975 807 qua
3032 753 3176 793 unus
3217 754 3503 809 supremus
3546 734 3692 789 Deus

435 839 658 904 colitur,
693 838 903 894 scholas
953 843 1116 907 atque
1148 835 1417 891 auditoria
1462 830 1866 888 constituerint.

509 931 701 984 Καίτοι
729 928 811 992 τίς
838 929 938 981 σύκ
965 926 1031 982 ἂν
1055 926 1370 999 θαυμάσειε,
1406 925 1541 997 πρὸς
1572 923 1748 995 ἑαυτῷ
1769 922 2008 990 ἐπιλογι-

440 1024 674 1095 σάμενος
721 1020 817 1075 καὶ
850 1020 1192 1092 ἐνθυμηθεὶς,
1235 1020 1312 1085 ὡς
1356 1021 1455 1074 οὐκ
1484 1017 1820 1090 ἀνθρώπινον
1850 1011 1918 1086 ἦν
1947 1013 2009 1066 τὸ

445 1115 565 1188 μηδ’
593 1113 777 1168 ἄλλοτε
825 1112 930 1166 ὑπὸ
985 1111 1112 1182 μίαν
1157 1111 1254 1182 τὴν
1318 1109 1602 1179 Ῥωμαίων
1648 1105 1899 1176 γενέσθαι
1940 1102 2010 1156 τά

443 1207 661 1260 πλείστα
686 1205 785 1274 τῆς
811 1203 1133 1275 οἰκουμένης
1158 1203 1307 1274 ἔθνη,
1352 1202 1466 1256 ἀλλ’
1495 1202 1602 1256 ἀπὸ
1636 1200 1744 1253 τῶν
1775 1198 1869 1251 τοῦ
1907 1198 2010 1268 ’1η-

440 1298 530 1351 σοῦ
567 1296 810 1368 χρόνων;
844 1294 994 1365 Ἅμα
1026 1293 1135 1366 γὰρ
1161 1296 1228 1365 τῇ
1259 1296 1339 1357 εἰς
1362 1291 1678 1364 ἀνθρώπους
1702 1288 1869 1343 αὐτοῦ
1908 1304 2013 1341 πα-

437 1386 638 1459 ραδόξῳ
667 1386 930 1458 ἐπιδημίᾳ
966 1384 1150 1461 καὶθτά
1184 1384 1469 1457 Ῥωμαίων
1502 1383 1747 1454 ἀκμάσαι
1782 1380 2007 1450 συνηνέ-

433 1477 556 1549 χθη,
594 1478 715 1531 τότε
770 1477 985 1552 πρῶτον
1024 1476 1332 1545 Αὐγούστου
1375 1476 1484 1529 τῶν
1530 1475 1795 1528 πλείστων
1836 1471 2004 1525 ἐθνῶν

434 1570 898 1642 μοναρχήσαντος,
956 1568 1079 1623 καθ’
1117 1569 1197 1634 ὃν,
1251 1570 1605 1640 Κλεοπάτρας
1664 1566 1917 1639 ἀλούσης,
1970 1568 2003 1635 ἡ

430 1660 549 1714 κατ’
582 1661 855 1730 Αἴγυπτον
896 1660 1005 1714 τῶν
1036 1661 1385 1733 Πτολεμαίων
1423 1660 1641 1732 διαδοχὴ
1674 1659 1861 1713 λέλυτο
1881 1676 1895 1689 ο
1944 1657 2004 1722 ἐξ

428 1752 638 1808 ἐκείνου
683 1771 742 1807 τε
788 1754 881 1807 καὶ
910 1755 989 1818 είς
1018 1752 1179 1825 δεῦρο
1208 1754 1268 1807 τὸ
1292 1755 1384 1807 ἀπ’
1411 1753 1626 1817 αἰῶνος,
1659 1754 1750 1807 καὶ
1782 1755 1874 1807 ἀπ’
1902 1753 2003 1805 αὐ·-

433 1840 551 1910 τῆς,
576 1839 654 1904 ὼς
677 1842 869 1904 εἰπεῖν,
892 1841 991 1912 τῆς
1014 1840 1234 1914 πρώτης
1259 1842 1600 1916 ἀνθρωπείας
1622 1843 1820 1898 συστὰν
1840 1842 2005 1912 Αἰγύ-

429 1950 564 1987 πτου
595 1933 860 2005 βασίλειον
902 1934 1180 2007 καθῄρητο
1202 1952 1216 1965 ⁸
1255 1934 1314 1999 ἐξ
1341 1936 1546 1989 ἐκείνου
1576 1952 1635 1987 τε
1670 1935 1762 1988 καὶ
1787 1935 1849 1987 τὸ
1882 1936 2007 1987 Ἰου-

428 2024 591 2080 δαίων
641 2025 791 2089 ἔθνος
832 2026 1115 2097 Ῥωμαίων
1145 2026 1327 2081 δοῦλον
1357 2028 1567 2096 γέγονε,
1601 2028 1693 2080 καὶ
1727 2027 1788 2079 τὸ
1820 2026 2005 2097 Σύρων

428 2118 708 2183 ὡσαύτως,
732 2119 1112 2173 Καππαδόκων
1131 2137 1190 2172 τε
1221 2122 1315 2174 καὶ
1344 2120 1690 2181 Μακεδόνων,
1720 2120 1814 2171 καὶ
1845 2118 2005 2171 Βιθυ-

432 2210 558 2274 νῶν,
587 2211 682 2263 καὶ
728 2210 1014 2282 Ἑλλήνων,
1046 2212 1140 2265 καὶ
1165 2211 1434 2264 συνελόντι
1468 2212 1632 2278 φάναι
1664 2210 1772 2262 τῶν
1804 2209 2006 2263 λοιπῶν

428 2302 536 2355 τῶν
562 2302 666 2357 ὐπὸ
692 2304 792 2375 τὴν
826 2304 1111 2374 Ῥωμαίων
1140 2305 1314 2375 ἀρχὴν
1347 2304 1618 2357 ἀπάντων.
1657 2303 1827 2354 Τοῦτο
1848 2302 1905 2354 δὲ
1926 2303 2007 2355 ὅτι

434 2395 508 2467 μὴ
542 2394 690 2450 ἀθεεὶ
714 2400 782 2467 τῇ
813 2398 939 2468 περὶ⁸
970 2396 1065 2448 τοῦ
1096 2396 1348 2467 Σωτῆρος
1372 2394 1527 2466 ἡμῶν
1551 2393 1865 2465 διδασκαλίᾳ
1893 2410 2019 2446 συν-

432 2483 700 2553 εισῆλθεν,
735 2486 819 2548 τίς
852 2485 952 2538 οὐκ
983 2483 1049 2538 ἂν
1074 2483 1448 2555 ὁμολογήσειε,
1487 2483 1807 2552 διανοηθεὶς,
1837 2483 1912 2546 ώς
1944 2500 2004 2534 ου

433 2578 612 2649 ῥᾴδιον
640 2574 708 2649 ἦν
729 2581 841 2641 τοῖς
873 2575 1138 2649 μαθηταῖς
1166 2574 1330 2628 αὐτοῦ
1364 2574 1587 2646 πορείαν
1620 2575 1712 2628 ἐπὶ
1738 2575 1837 2645 τῆς
1861 2573 2007 2627 ἀλλο-

428 2669 604 2739 δαπῆς
668 2669 1013 2732 στείλασθαι,
1079 2665 1378 2721 διεστώτων
1443 2666 1578 2737 πρὸς
1640 2665 1844 2736 ἄλληλα
1897 2666 2005 2719 τῶν

427 2761 614 2825 ἐθνῶν,
660 2762 754 2814 καὶ
788 2760 1054 2831 μηδεμιᾶς
1099 2759 1266 2828 οὔσης
1305 2761 1361 2812 ὲν
1394 2759 1592 2841 αὐτοῖς.
1607 2756 1884 2827 ἐπιμιξίας
1916 2756 2003 2809 διά

425 2851 524 2915 τὰς
569 2849 771 2915 πολλὰς
814 2850 1135 2921 ἐθναρχίας·
1172 2844 1247 2903 ῶν
1292 2850 1735 2922 περιῃρημένων,
1788 2848 2003 2916 ἀφόϐως

426 2944 524 3016 ἤδη
553 2944 647 2998 καὶ
664 2946 753 2999 ἐπ’
783 2943 965 3007 ἀδείας
994 2944 1057 2998 τὸ
1081 2944 1439 3015 προκείμενον
1456 2944 1634 3014 ἤνυον,
1659 2944 1759 3015 τὴν
1780 2944 2001 3013 πορείαν

428 3037 608 3101 αὐτοῖς
640 3035 1200 3108 προεξευμαρίσαντος
1229 3034 1322 3088 τοῦ
1351 3036 1443 3089 ἐπὶ
1475 3035 1691 3088 πάντων
1722 3034 1878 3100 Θεοῦ,
1908 3037 2001 3091 καὶ

424 3129 552 3192 τοὶς
605 3128 809 3200 θυμοὺς
866 3129 976 3182 τῶν
1023 3128 1166 3183 κατά
1198 3128 1380 3191 πόλεις
1415 3128 1821 3200 δεισιδαιμόνων
1850 3130 2001 3201 φόϐῳ

424 3220 524 3290 τῆς
582 3220 825 3291 μείζονος
880 3208 1054 3293 αρχῆς
1084 3218 1568 3287 καταστείλαντος;
1603 3221 1827 3291 Λὸγισαι
1870 3222 1999 3294 γὰρ,

424 3312 518 3375 ὼς,
553 3315 601 3366 εί
655 3313 819 3385 μηδὲν
860 3314 920 3366 τὸ
950 3314 1157 3370 κωλῦον
1194 3311 1263 3386 ἧν
1303 3316 1429 3380 τοὺς
1468 3296 1596 3387 περὶ
1619 3315 1717 3386 τὴν
1747 3314 2002 3368 πολύθεον

426 3404 630 3476 πλάνην
677 3404 1044 3476 ἐπτοημένους
1092 3408 1159 3477 τῇ
1214 3405 1308 3459 τοῦ
1350 3406 1588 3479 Χριστοῦ
1636 3405 1890 3477 πολεμεῖν
1925 3406 2003 3458 δι-

422 3481 706 3570 δασκαλίᾳ,
764 3499 933 3553 πάλαι
974 3499 1038 3553 ἂν
1084 3500 1259 3572 ἑώρας
1311 3501 1453 3555 κατὰ
1504 3502 1689 3566 πόλεις
1738 3502 2003 3556 καὶκατὰ

427 3592 629 3663 ἀγροὺς
647 3590 944 3662 ἐμφυλίους
965 3591 1202 3656 στάσεις,
1232 3593 1504 3665 διωγμούς
1523 3611 1583 3646 τε
1615 3594 1709 3646 καὶ
1734 3594 2002 3665 πολέμους

423 3683 482 3735 οὐ
511 3683 637 3747 τοὺς
656 3683 1039 3753 τυγχάνοντας,
1074 3686 1122 3737 εἰ
1151 3685 1214 3756 δὴ
1239 3686 1323 3755 ἐφ’
1347 3687 1572 3749 ἑαυτοὺς
1598 3682 1743 3755 εἶχον
1762 3687 1811 3739 οἰ
1841 3686 2002 3738 δεισι-

424 3775 673 3846 δαίμονες
704 3776 805 3848 τὴν
836 3777 922 3830 ἐπ’
958 3777 1139 3831 αὐτῶν
1178 3776 1446 3845 ἐξουσίαν.
1492 3776 1606 3831 Νῦν
1629 3778 1684 3830 δὲ
1718 3779 1811 3832 καὶ
1842 3777 2002 3831 τοῦτο

424 3866 558 3920 Θεοῦ
585 3866 678 3920 τοῦ
713 3867 805 3923 ἐπὶ
840 3868 1057 3922 πάντων
1083 3868 1241 3939 ἔργον
1265 3865 1354 3939 ἦν,
1384 3868 1445 3922 τὸ
1478 3868 1682 3940 μείζονι
1725 3869 1875 3939 φόϐῳ
1903 3871 2001 3940 τῆς

424 3957 680 4010 ἀνωτάτω
704 3957 899 4027 ἀρχῆς,
922 3957 1048 4021 τοὺς
1072 3956 1298 4027 ἐχθροὺς
1316 3955 1409 4009 τοῦ
1437 3955 1636 4008 οἰκείου
1657 3954 1816 4023 λόγου
1843 3972 2003 4008 κατα-

421 4046 701 4101 δουλῶσαι.
747 4048 1083 4119 Προκόπτειν
1123 4048 1230 4120 γὰρ
1275 4047 1436 4101 αὐτὸν
1463 4048 1751 4119 ὁσημέραι,
1794 4048 1887 4101 καὶ
1922 4049 2001 4110 εἰς

427 4138 636 4202 πάντας
667 4137 987 4210 ἀνθρώπους
1017 4137 1200 4202 αὔξειν
1238 4137 1500 4208 βούλεται.
1535 4137 1702 4190 Πάλιν
1738 4153 1796 4190 τε
1826 4130 1893 4189 αὖ
1926 4136 2000 4199 ὡς

426 4229 500 4301 μὴ
522 4229 801 4302 νομισθείη
824 4228 966 4283 κατὰ
995 4229 1337 4301 συγχώρησιν
1363 4229 1471 4283 τῶν
1490 4229 1833 4302 κρατούντων
1851 4228 2003 4299 διαρ-

424 4322 625 4386 κέσειν,
677 4321 859 4374 εἴποτέ
910 4339 995 4386 τις
1039 4322 1242 4375 τούτων
1287 4322 1519 4394 πονηρίᾳ
1552 4320 1774 4390 ληφθεὶς
1803 4320 1879 4393 τῷ
1904 4320 1999 4374 τοῦ

424 4414 660 4486 Χριστοῦ
686 4414 829 4485 λόγῳ
855 4413 1108 4486 πολεμεῖν
1131 4413 1417 4486 προύθετο,
1436 4414 1529 4468 καὶ
1555 4412 1713 4466 τοῦτο
1739 4414 2001 4486 πράττειν

2182 912 2475 979 Caeterum,
2507 914 2633 985 quis
2671 931 2782 970 non
2813 894 3189 986 Obstupescat,
3216 933 3401 974 secum
3442 920 3690 990 cogitans

2113 1015 2276 1078 atque
2323 1008 2507 1063 animo
2547 1022 2792 1069 versans,
2843 1024 2953 1061 non
3007 1008 3304 1064 humanum
3359 1011 3461 1065 hoc
3521 1011 3691 1069 fuisse

2112 1116 2271 1172 opus,
2302 1101 2385 1155 vel
2411 1115 2478 1155 ex
2504 1115 2569 1155 eo
2597 1100 2742 1170 quod
2762 1116 3036 1170 nunquam
3062 1101 3197 1157 alias
3227 1102 3329 1157 sub
3355 1118 3462 1156 uno
3498 1102 3692 1158 Roma-

2113 1207 2308 1247 norum
2359 1192 2588 1261 imperio
2628 1192 2876 1261 plurimze
2919 1192 3069 1248 orbis
3118 1201 3306 1263 gentes
3339 1210 3460 1250 esse
3492 1202 3686 1265 potue-

2113 1292 2261 1349 runt,
2296 1285 2402 1339 nisi
2437 1283 2739 1338 secundum
2781 1282 2911 1339 Jesu
2943 1286 3231 1355 tempora?
3263 1285 3398 1349 Nam
3431 1288 3593 1343 simul
3623 1302 3687 1342 ac

2108 1378 2198 1433 ille
2224 1370 2623 1432 admirabiliter
2649 1378 2715 1432 ad
2754 1376 3004 1433 homines
3039 1379 3207 1444 venit,
3233 1388 3395 1450 atque
3421 1380 3564 1435 inter
3589 1380 3686 1436 ho-

2107 1473 2283 1527 mines
2312 1479 2559 1529 versatus
2581 1481 2688 1538 est,
2713 1473 2876 1527 etiam
2911 1489 2998 1529 res
3023 1474 3297 1530 Romanas
3319 1473 3386 1527 ad
3410 1489 3685 1529 summum

2106 1563 2424 1633 pervenisse
2473 1564 2725 1634 contigit,
2761 1579 2869 1633 quo
2901 1565 3133 1634 primum
3164 1574 3405 1635 tempore
3437 1564 3687 1620 videlicet

2108 1656 2410 1726 Augustus,
2437 1656 2799 1726 plurimarum
2831 1660 3073 1726 gentium
3104 1657 3359 1713 dominus
3391 1657 3584 1713 evasit.
3627 1657 3685 1712 id

2104 1763 2234 1804 vero
2255 1746 2355 1802 fuit
2399 1762 2526 1801 cum
2559 1755 2612 1801 et
2639 1747 2926 1817 Cleopatra
2957 1758 3113 1819 capta
3141 1756 3246 1813 est,
3275 1758 3329 1804 et
3357 1747 3685 1804 Ptolemaeo~

2038 1826 2077 1880 Β
2109 1858 2227 1896 rum
2249 1841 2601 1896 successioin
2633 1840 2868 1912 Egypto
2899 1841 3188 1906 dissoluta,
3222 1852 3387 1912 atque
3407 1858 3473 1896 ex
3511 1842 3603 1897 illo
3629 1843 3683 1896 in

2108 1935 2254 1990 hunc
2293 1950 2467 2004 usque
2492 1935 2657 2001 diem,
2695 1935 2838 2004 quod
2862 1934 2929 1988 ab
2960 1935 3119 1989 initio
3141 1936 3312 1998 orbis,
3351 1933 3519 2006 140
3534 1946 3587 1990 et
3615 1936 3687 1990 ab

2109 2030 2248 2099 ipsa,
2282 2029 2438 2083 utita
2466 2026 2668 2091 dicam,
2704 2027 2986 2081 hominum
3008 2025 3240 2095 origine,
3266 2034 3492 2081 steterat
3518 2025 3685 2098 [Egy-

2108 2121 2182 2190 pti
2214 2134 2463 2190 regnum,
2495 2133 2745 2172 eversum
2769 2124 2875 2173 est.
2905 2116 2985 2170 Ex
3010 2116 3104 2171 illo
3131 2114 3441 2170 Judaiorum
3467 2132 3685 2186 quoque

2108 2213 2257 2267 natio
2289 2227 2320 2264 a
2363 2210 2625 2265 Romanis
2675 2210 2728 2264 in
2767 2209 3084 2264 servitutem
3129 2207 3372 2273 redacta,
3418 2204 3684 2278 Syrorum

2108 2302 2259 2367 item,
2295 2309 2349 2356 et
2386 2298 2792 2371 Cappadocum,
2830 2307 2886 2355 et
2924 2299 3302 2362 Macedonum,
3335 2304 3389 2352 et
3422 2297 3684 2369 Bithyno-

2110 2409 2253 2455 rum,
2284 2400 2337 2448 et
2367 2391 2699 2458 Graecorum,
2729 2406 2792 2446 ac
2822 2390 3058 2459 denique
3082 2390 3417 2459 reliquorum
3442 2390 3684 2444 omnium

2107 2486 2204 2556 qui
2234 2485 2481 2540 Romano
2517 2486 2744 2555 imperio
2772 2492 3078 2538 cesserunt.
3112 2481 3225 2537 lloc
3253 2487 3435 2536 autem
3460 2497 3571 2537 non
3606 2483 3685 2537 si-

2106 2593 2176 2632 ne
2208 2577 2338 2640 Deo,
2372 2593 2478 2631 una
2507 2592 2631 2631 cum
2662 2576 2912 2631 doctrina
2947 2590 3067 2646 qua:
3091 2574 3159 2629 de
3191 2573 3470 2629 Salvatore
3498 2583 3686 2630 nostro

2108 2669 2362 2733 ferretur,
2395 2669 2675 2724 introiisse
2698 2668 2752 2721 in
2785 2652 2997 2731 orbem,
3030 2668 3155 2736 quis
3180 2682 3287 2720 non
3321 2665 3573 2731 fateatur,
3606 2682 3688 2722 re-

2107 2768 2306 2830 putans
2335 2776 2444 2814 non
2486 2760 2698 2813 facilem
2728 2758 2855 2815 Jesu
2896 2758 3181 2829 discipulis
3225 2767 3574 2813 externarum
3607 2774 3686 2814 re-

2105 2853 2326 2923 gionum
2361 2854 2800 2922 peragrationem
2830 2852 3068 2906 futuram
3097 2849 3288 2915 fuisse,
3316 2851 3362 2905 si
3385 2857 3574 2921 gentes
3602 2851 3686 2905 in-

2105 2953 2187 3000 ter
2226 2960 2285 3000 se
2324 2944 2513 3000 divisa;
2545 2944 2937 3014 discordesque
2985 2943 3237 3002 fuissent.
3288 2957 3463 3012 neque
3516 2943 3684 2997 ullum

2104 3053 2353 3109 prorsus,
2381 3037 2452 3093 ob
2483 3038 2812 3106 multiplices
2839 3037 3198 3107 principatus,
3231 3037 3372 3090 inter
3394 3035 3515 3090 illas
3541 3050 3687 3089 con.»

2104 3128 2400 3195 mercium;
2449 3127 2648 3199 quibus
2701 3142 2833 3183 sane
2862 3128 3092 3184 sublatis
3126 3126 3546 3197 principatibus,
3600 3126 3685 3180 in-

2106 3219 2313 3290 trepide
2365 3218 2479 3290 jam
2528 3227 2691 3290 atque
2737 3220 2958 3290 impune
3010 3220 3284 3290 negotium
3342 3218 3681 3288 propositum

2105 3312 2537 3381 compleverunt,
2571 3327 2696 3366 cum
2730 3327 3023 3381 supremus
3057 3310 3201 3367 Deus
3233 3319 3288 3367 et
3318 3312 3423 3367 iter
3451 3311 3557 3367 illis
3589 3326 3685 3365 ex-

2105 3403 2345 3472 peditum
2378 3419 2442 3458 ac
2476 3402 2635 3459 facile
2679 3411 3042 3474 compararet,
3086 3413 3140 3459 et
3174 3404 3684 3475 superstitiosorum

2105 3495 2161 3549 in
2192 3495 2508 3551 civitatibus
2547 3495 2761 3550 animos
2786 3503 2994 3552 terrore
3026 3496 3256 3567 majoris
3283 3495 3498 3566 imperii
3529 3493 3686 3549 cohi-

2104 3586 2296 3642 beret?
2331 3585 2542 3657 Reputa
2576 3587 2723 3643 enim
2763 3597 2942 3643 tecum
2966 3603 3261 3659 parumper
3294 3607 3306 3643 :
3336 3587 3384 3642 si
3419 3588 3566 3642 nulla
3598 3602 3685 3643 res

2105 3677 2495 3748 impedimento
2539 3679 2734 3735 fuisset
2768 3681 2836 3736 iis
2866 3682 2959 3750 qui
2987 3695 3177 3735 errore
3224 3680 3437 3735 colendi
3481 3681 3686 3736 multos

2103 3769 2235 3824 deos
2284 3770 2631 3836 tenebantur,
2689 3786 2756 3825 ne
2809 3771 3115 3825 doctrinam
3147 3770 3352 3826 Christi
3404 3786 3686 3842 oppugna-

2103 3871 2246 3925 rent,
2271 3880 2434 3934 quam
2468 3865 2668 3919 multas
2695 3866 2930 3921 antehac
2965 3865 3154 3920 civiles
3208 3864 3526 3931 seditiones,
3549 3873 3604 3920 et
3629 3866 3683 3920 in

2105 3956 2332 4012 urbibus
2365 3964 2419 4012 et
2440 3958 2496 4012 in
2519 3960 2664 4028 agris
2700 3958 2934 4015 vidisses
2969 3978 2982 4014 :
3015 3967 3147 4029 quot
3174 3959 3511 4023 vexationes,
3546 3967 3679 4029 quot

2106 4049 2244 4104 bella
2283 4065 2393 4104 non
2430 4050 2728 4106 mediocria
2758 4051 2849 4105 illa
2885 4051 3130 4122 quidem,
3198 4053 3242 4109 si
3311 4053 3699 4122 superstitiosi

2103 4140 2181 4194 illi
2231 4156 2345 4196 suae
2398 4140 2641 4211 ipsormn
2693 4144 2979 4213 potestatis
3030 4143 3286 4211 fuissent,
3319 4160 3383 4199 ac
3431 4160 3597 4214 penes
3626 4159 3685 4201 se

2052 4268 2055 4269 ν
2098 4233 2190 4303 jus
2225 4232 2437 4303 imperii
2468 4234 2808 4292 habuissent.
2828 4235 2985 4292 Nunc
3014 4245 3195 4293 autem
3226 4239 3329 4293 hoc
3351 4253 3568 4309 quoque
3591 4254 3684 4294 su-

2104 4325 2278 4397 premi
2306 4325 2405 4381 Dei
2452 4325 2556 4382 fuit
2585 4342 2745 4399 opus,
2777 4329 2971 4398 majori
3001 4330 3238 4400 quodam
3270 4339 3477 4386 terrore
3504 4345 3691 4401 supre-

2104 4434 2206 4473 mae
2227 4420 2462 4491 alicujus
2490 4423 2763 4492 potentiaa,
2790 4424 2997 4494 proprii
3018 4424 3170 4479 verbi
3200 4424 3454 4480 inimicos
3483 4425 3686 4480 habere

423 4506 651 4559 ἐνεδίδου
685 4506 746 4559 τὸ
777 4505 1108 4578 καταθύμιον
1134 4524 1147 4536 ο
1179 4504 1317 4578 ὁμοῦ
1376 4507 1472 4577 μὲν
1517 4509 1596 4569 είς
1628 4505 1850 4573 ἔνδειξιν
1893 4507 2001 4560 τῶν

2103 4512 2213 4584 jam
2257 4513 2496 4571 domitos
2529 4534 2542 4569 :
2574 4513 2629 4568 id
2663 4516 2807 4570 enim
2861 4517 3125 4587 proficere
3179 4517 3233 4571 in
3281 4518 3419 4582 dies,
3451 4527 3505 4573 et
3539 4518 3681 4587 apud

423 4600 520 4669 τῆς
550 4597 830 4675 εὐσεϐείας
855 4597 1124 4669 ἀθλητῶν,
1154 4597 1290 4669 ὁμοῦ
1318 4598 1374 4651 δὲ
1399 4598 1493 4651 καὶ
1521 4600 1602 4663 εἰς
1633 4598 1695 4651 τὸ
1726 4601 1838 4662 τοῖς
1867 4601 1999 4652 πᾶσι

423 4691 653 4761 φανερὸν
707 4691 1066 4761 καταστῆναι,
1099 4691 1180 4745 ὅτι
1229 4691 1303 4763 μὴ
1347 4690 1405 4765 ἐξ
1438 4690 1740 4763 ἀνθρώπων
1771 4688 1839 4763 ἦν
1876 4691 2000 4762 βου-

422 4781 540 4854 λῆς,
597 4782 710 4837 ἀλλ’
751 4784 816 4836 ἐκ
860 4784 960 4855 τῆς
1016 4783 1111 4836 τοῦ
1165 4782 1299 4836 Θεοῦ
1346 4782 1625 4854 δυνάμεως
1678 4786 1712 4855 ἡ
1767 4783 1862 4837 τοῦ
1918 4784 2002 4837 λό-

423 4891 518 4943 γου
570 4874 847 4940 σύστασις.
912 4877 1120 4930 Αὐτίκα
1172 4877 1254 4940 τίς
1309 4877 1409 4929 οὐκ
1456 4875 1522 4930 ἂν
1572 4876 1868 4947 θαυμάσειε
1935 4877 2003 4930 τὰ

426 4968 741 5039 συμϐαίνειν
781 4969 923 5023 κατὰ
954 4970 1082 5033 τοὺς
1118 4969 1355 5023 τοιούσδε
1389 4971 1612 5041 καιροὺς
1641 4968 1901 5035 εἰωθότα;
1938 4970 2001 5023 Οἱ

427 5060 527 5130 μὲν
567 5061 676 5133 γὰρ
711 5061 808 5132 τῆς
838 5062 1119 5126 εὐσεϐείας
1144 5061 1372 5133 ἀθληταὶ
1398 5062 1458 5115 τὺ
1486 5062 1615 5133 πρὶν
1644 5062 2002 5133 ἀνθρωπίνοις

423 5169 485 5222 γε
518 5157 632 5217 τοῖς
673 5156 806 5207 πᾶσι
843 5153 1079 5226 διάδηλοι
1118 5156 1212 5208 καὶ
1254 5155 1573 5227 διαπρεπεῖς
1598 5155 1857 5223 ἐγίνοντο,
1892 5156 2002 5209 τῶν

423 5248 573 5319 παρὰ
626 5245 706 5317 τῷ
748 5247 866 5318 Θεῷ
907 5248 1301 5318 κατηξιωμένοι
1346 5248 1662 5319 βασιλείων
1712 5251 1761 5301 οἱ
1808 5249 1864 5302 δὲ
1903 5251 2001 5320 τῆς

422 5339 705 5402 εὐσεϐείας
750 5338 999 5410 πολέμιοι
1059 5339 1158 5404 τὰς
1210 5341 1591 5412 προσηκούσας
1644 5340 1877 5407 ἐξέτινον
1925 5342 2002 5393 δί-

422 5446 544 5493 κας,
592 5429 872 5501 θεηλάτοις
930 5429 1180 5500 μάστιξιν
1234 5430 1625 5501 οἰστρούμενοι,
1667 5433 1760 5485 καὶ
1799 5432 1905 5484 πᾶν
1940 5432 2001 5484 τὸ

424 5522 582 5593 σῶμα
632 5523 822 5586 δεινοῖς
865 5524 959 5575 καὶ
1011 5522 1252 5592 ἀνιαροῖς
1300 5521 1494 5575 πάθεσι
1541 5523 1997 5595 διαφθειρόμενοι·

423 5613 564 5669 ὥστε
595 5617 697 5685 ἤδη
741 5616 834 5668 καὶ
866 5616 945 5678 εἰς
973 5613 1260 5685 ὁμολογίαν
1288 5613 1386 5681 τῆς
1430 5614 1569 5666 κατὰ
1602 5614 1836 5686 Χριστοῦ
1872 5615 1998 5667 δυσ-

427 5706 640 5769 σεϐείας
678 5707 832 5776 ἥκειν
874 5704 1280 5776 περιελαθῆναι.
1319 5705 1381 5755 Οἱ
1415 5703 1472 5755 δέ
1502 5720 1563 5772 γε
1594 5704 1768 5758 λοιποὶ
1802 5705 2001 5768 πάντες

426 5798 523 5867 τῆς
578 5796 755 5851 ἐνθέου
795 5795 1163 5868 προσηγορίας
1214 5792 1525 5865 ἠξιωμένοι,
1576 5777 1716 5849 Ξατά
1763 5796 1998 5868 Χριστοῦ

2104 4614 2332 4664 cunctos
2389 4607 2638 4663 homines
2685 4625 2934 4664 crescere
2983 4610 3196 4665 volebat
3237 4628 3249 4663 :
3286 4626 3477 4666 rursus
3504 4622 3682 4667 autem

2104 4713 2173 4752 ne
2200 4705 2486 4768 putaretur
2520 4713 2584 4753 ex
2612 4699 2975 4754 concessione
3003 4715 3067 4753 ac
3100 4700 3256 4755 venia
3285 4701 3682 4756 dominantium

2104 4803 2474 4860 perseverare,
2519 4789 2835 4859 siquando
2885 4791 3081 4845 horum
3136 4795 3374 4862 ipsorum
3411 4793 3680 4862 quispiam

2104 4881 2443 4951 malignitate
2491 4885 2724 4953 quadam
2780 4896 3100 4958 correptus,
3156 4888 3420 4941 adversus
3478 4884 3683 4940 Christi

2104 4973 2331 5028 verbum
2387 4990 2631 5045 pugnare
2687 4976 3046 5035 deliberatum
3100 4980 3154 5033 in
3201 4978 3397 5031 animo
3427 4977 3680 5043 habebat,

2104 5064 2266 5118 etiam
2300 5065 2404 5120 hoc
2431 5082 2532 5122 suo
2564 5068 2736 5139 ipsius
2762 5072 3031 5127 arbitratu
3063 5072 3215 5126 illum
3248 5070 3428 5124 facere
3456 5071 3675 5140 permit-

2106 5157 2272 5224 tebat,
2310 5159 2474 5214 simul
2506 5169 2566 5215 ut
2598 5177 2786 5217 eorum
2822 5163 3078 5219 virtutem
3116 5161 3430 5219 ostenderet
3455 5161 3546 5231 qui
3582 5178 3682 5232 pro

2105 5247 2305 5317 pietate
2344 5253 2678 5322 pugnabant,
2716 5254 2879 5309 simul
2910 5257 3070 5310 etiam
3108 5265 3165 5309 ut
3192 5256 3406 5310 cunctis
3440 5256 3679 5310 homini-

2102 5337 2205 5394 bus
2259 5341 2479 5410 planum
2542 5342 2763 5407 faceret,
2798 5345 2941 5414 quod
2993 5360 3099 5398 non
3152 5345 3390 5398 humano
3423 5345 3675 5409 consilio,

2104 5432 2201 5488 sed
2252 5432 2348 5489 Dei
2398 5435 2598 5492 virtute
2643 5437 2910 5492 niteretur
2943 5438 3060 5507 ipsa
3091 5436 3245 5492 verbi
3293 5439 3676 5508 propugnatio.

2105 5525 2316 5580 Etenim
2343 5528 2467 5596 quis
2501 5542 2610 5581 non
2636 5528 3272 5599 continuoobstupescat
3295 5545 3379 5593 ea,
3417 5546 3539 5601 qua:
3572 5531 3680 5587 illis

2103 5616 2445 5684 temporibus
2494 5616 2741 5671 accidere
2808 5617 3012 5685 passim
3079 5620 3490 5675 cernebantur?
3541 5621 3679 5676 Nam

2105 5705 2208 5774 ipsi
2260 5706 2477 5775 pietatis
2535 5708 2893 5773 defensores,
2960 5710 3195 5779 primum
3256 5713 3398 5782 apud
3452 5726 3681 5770 cunctos

2105 5797 2354 5854 homines
2417 5798 2551 5853 clari
2611 5800 2960 5869 illustresque
3027 5802 3263 5873 ﬁebant,
3327 5813 3380 5860 et
3426 5803 3683 5861 certami-
