4126 6492
412 373 518 430 947

1073 374 1341 432 EUSEBII
1367 374 1846 432 CESARIENSIS
1879 376 2027 435 OPP.
2066 378 2246 434 PARS
2281 382 2346 440 11.
2382 412 2453 422 -
2483 380 2983 441 APOLOGETICA.

3655 412 3742 467 με

410 504 546 546 num
576 490 795 563 praemia
830 489 973 561 apud
1004 491 1171 546 Deum
1203 492 1714 564 consequebantur;
1762 496 1976 566 pietatis

2085 501 2301 570 φρονεῖν
2343 500 2655 571 αὐχοῦντες,
2703 503 2792 557 ἐπ’
2834 504 3017 572 ὀλίγον
3059 463 3579 588 γεγυμναῗμένοι
3622 463 3717 588 rei;

412 597 544 638 vero
571 584 788 649 hostes,
823 581 1081 637 divinitus
1134 583 1258 636 (ιωεί
1304 591 1468 652 atque
1523 585 1735 655 agitati,
1789 601 1854 640 ac
1897 593 1982 641 to-

413 683 476 729 to
517 689 743 744 corpore
778 672 1033 744 gravibus
1077 674 1429 745 molestisque
1473 676 1757 732 doloribus
1804 678 1983 748 impli-

412 765 506 823 citi
537 773 699 835 atque
746 764 1073 833 consumpti,
1108 764 1288 819 debita
1331 766 1598 837 supplicia
1647 768 1978 838 pendebant,

416 857 568 929 14],
601 855 736 911 adeo
779 856 995 925 quidem
1039 865 1097 910 ut
1143 855 1421 926 profanam
1467 865 1658 912 contra
1696 857 1979 914 Christum

410 948 744 1003 voluntatem
776 946 1062 1011 conﬁteri,
1094 946 1205 1016 jam
1235 954 1350 1001 tum
1385 957 1711 1019 cogerentur
1737 969 1751 1003 :
1785 958 1841 1004 at
1883 966 1980 1006 cae-

410 1038 516 1095 teri
548 1053 742 1094 omnes
772 1040 867 1110 qui
910 1040 1274 1111 appellatione
1314 1051 1665 1099 sacrosancta
1715 1043 1864 1114 digni
1896 1044 1979 1098 in-

408 1131 557 1186 venti
603 1131 856 1197 fuerant,
905 1139 961 1187 et
1005 1148 1066 1188 se
1100 1133 1348 1203 partibus
1380 1134 1588 1190 Christi
1620 1150 1744 1191 esse
1776 1136 1979 1206 gloria-

407 1222 630 1288 bantur,
691 1238 818 1278 cum
873 1223 941 1278 ad
991 1223 1156 1279 breve
1202 1231 1417 1297 tempus
1464 1226 1743 1282 exercitati
1792 1236 1979 1281 essent

407 1314 700 1383 molestiis,
730 1325 896 1386 atque
926 1315 1319 1386 ingenuitatem
1352 1317 1835 1387 sinceritatemque
1864 1318 1977 1372 ani-

406 1406 481 1461 mi
516 1421 629 1477 prae
667 1422 728 1464 se
772 1408 1065 1471 tulissent,
1093 1411 1372 1480 propriam
1406 1425 1600 1465 rursus
1634 1410 1977 1480 recipiebant

404 1498 713 1556 libertatem
739 1540 755 1565 ,
786 1515 851 1555 ac
883 1503 1126 1557 salutare
1157 1502 1365 1558 interea
1396 1504 1626 1557 verbum
1667 1502 1877 1571 majore
1921 1502 1974 1555 in

403 1589 521 1646 dies
549 1590 803 1646 claritate
834 1592 1078 1656 nitebat,
1120 1602 1286 1665 atque
1325 1596 1381 1649 in
1428 1594 1563 1663 ipsis
1609 1594 1804 1649 mediis
1875 1593 1976 1648 δοι-

403 1681 584 1738 stibus
630 1681 1036 1749 dominabatur,
1078 1700 1143 1739 ac
1185 1702 1294 1741 non
1339 1686 1505 1741 modo
1540 1686 1595 1740 in
1645 1686 1713 1740 iis
1745 1686 1835 1756 qui
1871 1686 1976 1741 sub

402 1775 580 1830 visum
608 1786 859 1831 nostrum
891 1778 1153 1835 cadentes
1185 1779 1640 1843 adversabantur,
1677 1779 1773 1834 sed
1806 1778 1860 1832 in
1905 1779 1974 1833 iis

2088 593 2482 666 πειρατηρίοις,
2519 594 2579 648 τὸ
2611 594 2668 649 δὲ
2701 597 2923 667 γνήσιον
2960 597 3057 651 καὶ
3089 577 3425 685 elimat?“
3456 601 3565 662 ’τοῦ
3587 577 3699 685 φροξ

2085 686 2324 756 νήματος
2368 686 2787 758 ἐπιδειξάμενοι,
2835 687 2934 760 τὴν
2973 687 3185 743 οἰκείαν
3220 676 3414 771 αὖθις.
3443 676 3683 771 heu-1,-

2085 779 2245 831 σανον
2291 777 2619 850 ἐλευθερίαν,
2677 781 2758 844 εἰς
2811 781 2992 851 μεῖζον
3052 777 3338 851 ὁσημέραι
3386 766 3467 832 δι’
3506 766 3674 842 agi-“5v

2082 868 2451 940 ὲκλάμποντος
2497 870 2590 923 τοῦ
2641 871 2910 943 σωτηρίου
2946 872 3127 940 λόγου,
3159 872 3257 926 καὶ
3301 869 3364 922 ἐν
3387 874 3572 942 αὐτοῖς
3601 896 3662 947 γε

2086 959 2270 1029 μέσοις
2303 961 2413 1022 τοῖς
2463 958 2679 1031 ἐχθροῖς
2723 961 3225 1032 κατακρατοῦντοςο
3268 959 3347 1032 μὴ
3394 966 3554 1034 μόνον
3596 984 3657 1021 τε

2081 1049 2189 1103 τῶν
2253 1051 2466 1122 ὁρατῶν
2529 1052 2802 1123 πολεμίων
2872 1052 3444 1125 κατεξανισταμένους,
3514 1057 3651 1113 ἀλλὰ

2081 1142 2174 1194 καὶ
2212 1140 2320 1194 τῶν
2351 1142 2626 1214 ἀοράτων
2664 1142 2719 1195 εἴ
2751 1158 2896 1207 τινες
2927 1144 3034 1215 ἄρα
3062 1139 3171 1197 εἶεν
3208 1144 3352 1214 ἀμφὶ
3381 1146 3475 1198 τὸν
3520 1147 3650 1219 περὶ

2080 1231 2184 1302 γῆν
2230 1231 2367 1303 ἀέρα
2423 1231 2636 1303 ζοφώδη
2687 1233 2917 1305 πονηροὶ
2963 1233 3212 1305 δαίμονες
3253 1236 3346 1289 καὶ
3390 1236 3650 1308 ἄρχοντες

2078 1324 2302 1389 τούτων,
2334 1324 2427 1389 οὓς
2456 1326 2550 1378 καὶ
2578 1326 2776 1389 αὐτοὺς
2813 1327 2863 1378 οἱ
2896 1328 3105 1397 γνήσιοι
3145 1327 3234 1380 τοῦ
3268 1329 3503 1399 Χριστοῦ
3543 1347 3653 1401 μα-

2079 1412 2236 1482 θηταὶ
2257 1412 2324 1466 δι’
2355 1414 2576 1482 ἁγνείας
2610 1414 2747 1484 βίου,
2774 1416 2867 1469 καὶ⁵
2889 1416 2996 1469 τῶν
3025 1416 3159 1486 πρὸς
3182 1416 3272 1470 τὸν
3299 1418 3433 1471 Θεὸν
3448 1419 3647 1490 εὐχῶν,

2075 1505 2165 1557 διά
2194 1522 2253 1557 τε
2284 1504 2386 1575 τῆς
2427 1505 2592 1559 αὑτοῦ
2625 1506 2809 1560 ἐνθέου
2850 1509 3219 1579 προσηγορίας
3251 1509 3648 1576 ἐξελαύνοντες,

2079 1595 2316 1665 σημείων
2346 1593 2452 1647 τῶν
2486 1594 2651 1648 πάλαι
2687 1596 3080 1667 ἱστορουμένων
3119 1595 3209 1649 ὑπ’
3239 1596 3402 1649 αὐτοῦ
3431 1597 3652 1667 γεγονέ-

2075 1704 2163 1739 ναι
2209 1686 2548 1757 παραδόξων,
2576 1687 2671 1740 xui.
2709 1690 2765 1739 ἐν
2794 1686 2968 1758 τούτῳ
2998 1688 3108 1751 τοῖς
3152 1688 3377 1758 συνορᾷν
3413 1686 3647 1757 δυναμέ-

2074 1796 2186 1842 νοις
2217 1778 2288 1831 τὰ
2323 1779 2598 1850 τεκμήρια
2639 1779 2739 1849 τῆς
2788 1778 2970 1832 ἐνθέου
3009 1779 3211 1852 ἀρετῆς
3246 1778 3413 1832 αὑτοῦ
3449 1778 3650 1833 διαδει-

402 1880 621 1936 quoque
654 1868 750 1939 qui
780 1869 957 1925 visum
992 1872 1274 1928 mortalem
1303 1871 1597 1943 eli‘ugiunt,
1627 1872 1675 1927 si
1707 1872 1801 1941 qui
1835 1871 1973 1926 forte

2077 1870 2317 1934 κνύντες.
2353 1870 2512 1925 Ἀλλὰ
2538 1870 2649 1943 γὰρ
2666 1871 2773 1924 τῶν
2797 1871 2855 1924 δὲ
2885 1871 3025 1925 κατὰ
3050 1871 3238 1943 καιρὸν
3267 1887 3653 1943 προγεγυμνα-

402 1965 559 2010 erant
590 1955 645 2011 in
677 1957 781 2014 hoc
809 1960 901 2030 qui
931 1968 1134 2015 terram
1163 1963 1481 2033 complexus
1510 1971 1594 2019 est
1622 1962 1823 2018 nebulo
1847 1977 1974 2017 aere

399 2045 709 2113 daemones,
762 2051 857 2122 qui
917 2052 1107 2109 alteris
1156 2054 1266 2109 illis
1317 2055 1671 2125 imperarent.
1728 2053 1973 2124 Namque

400 2142 566 2197 etiam
617 2143 720 2200 bos
770 2145 921 2216 ipsos
967 2148 1083 2202 veni
1134 2145 1341 2201 Christi
1394 2146 1689 2218 discipuli,
1737 2153 1796 2203 et
1848 2146 1973 2201 vitae

398 2234 668 2303 puritate,
701 2244 756 2293 et
786 2237 854 2292 ad
885 2237 1056 2294 Deum
1086 2239 1311 2296 directis
1345 2240 1632 2311 precibus,
1679 2247 1736 2295 et
1780 2255 1972 2296 sacro-

2081 1961 2315 2033 σμένων,
2361 1962 2552 2034 καιρὸς
2724 1962 2879 2016 καλεῖ
2922 1962 3019 2032 τῆς
3064 1963 3473 2034 μυστικωτέρας
3518 1960 3650 2035 περὶ

2079 2053 2241 2107 αὑτοῦ
2262 2052 2537 2122 θεολογίας
2559 2052 2892 2122 ἐφάψασθαι,
2909 2052 3108 2108 καὶτὸν
3132 2051 3262 2106 Θεὸν
3285 2053 3476 2121 Λόγον,
3502 2053 3650 2117 ὅστις

2081 2145 2199 2198 ποτ’
2222 2139 2291 2215 ἦν
2316 2145 2345 2198 ὁ
2369 2144 2458 2197 διὰ
2482 2143 2575 2197 τοῦ
2611 2143 2936 2215 φαινομένου
2959 2142 3150 2214 ἀνδρὸς
3176 2143 3274 2207 τὰς
3304 2142 3650 2215 θαυματουρ-

2079 2237 2206 2306 γίας
2239 2237 2495 2301 ἐκτελῶν,
2523 2235 2875 2291 ἐποπτεῦσαι.

397 2335 587 2383 sancta
617 2330 766 2385 illius
799 2331 1165 2401 appellatione
1195 2331 1491 2402 fugabant,
1525 2331 1581 2386 in
1606 2332 1713 2387 hoc
1744 2346 1963 2403 quoque
2000 2328 2400 2385 admirabilium
2431 2328 2713 2399 signorum
2743 2345 2865 2401 qua:
2890 2329 2959 2385 ab
2990 2329 3082 2384 illo
3109 2328 3251 2385 edita
3277 2343 3402 2384 esse
3433 2341 3643 2383 memo-

395 2431 608 2489 rantur,
642 2440 706 2481 ac
737 2425 935 2482 divina:
963 2442 1085 2498 quae
1118 2428 1174 2482 in
1204 2428 1297 2483 illo
1325 2435 1443 2483 erat
1475 2428 1694 2483 virtutis
1725 2437 2041 2499 argumenta
2075 2424 2382 2482 certissima
2415 2440 2524 2494 prae
2561 2440 2621 2481 se
2654 2424 2914 2481 ferentes.
2954 2423 3259 2487 Caeterum,
3298 2436 3423 2477 cum
3459 2421 3515 2476 in
3555 2419 3644 2476 his

396 2532 496 2587 pro
522 2528 766 2590 tempore
795 2521 898 2591 ipsi
930 2538 1039 2576 non
1076 2522 1225 2592 ipsos
1258 2523 1487 2577 antehac
1515 2526 1957 2586 exercuerimus,
1988 2520 2125 2576 ordo
2161 2519 2275 2590 ipse
2308 2520 2421 2590 jam
2460 2519 2734 2589 postulat,
2797 2528 2855 2574 ut
2888 2519 3239 2575 occultiorem
3268 2517 3335 2573 de
3365 2515 3459 2571 illo
3487 2515 3647 2570 theo-

393 2609 592 2680 logiam
622 2614 974 2684 attingamus,
1008 2614 1288 2685 Deumque
1319 2616 1498 2687 ipsum
1531 2613 1773 2671 Verbum
1795 2653 1811 2681 ,
1847 2613 2123 2684 quodnam
2158 2612 2355 2680 fuerit,
2385 2612 2530 2683 quod
2561 2627 2659 2683 per
2692 2613 2844 2668 illum
2875 2613 3150 2669 hominem
3169 2652 3187 2679 ,
3218 2611 3312 2684 qui
3337 2610 3649 2676 videbatur,

391 2700 639 2772 prodigia
669 2711 723 2758 et
753 2704 1014 2761 miracula
1046 2705 1345 2773 eliieiebat,
1377 2707 1831 2777 contemplemur.

1469 3082 2562 3255 ΕΥΣΕΒΙΟΥ

1568 3361 1796 3448 ΤΟΥ
1868 3357 2471 3451 ΠΑΜΦΙΛΟΥ

840 3545 2019 3684 ΕΥΑΓΓΕΛΙΚΗΣ
2092 3544 3183 3686 ΑΠΟΔΕΙΞΕΩΣ

1465 3797 1567 3878 BI
1578 3793 1904 3880 BAION
1959 3792 2561 3879 TETAPTON.

1125 4154 1877 4311 EUSEBII
1991 4154 2906 4310 PAMPHILI

685 4406 2186 4577 DEMONSTBATIONIS
2279 4441 3335 4577 EVANGELICAE

1488 4705 1852 4794 LIBER
1939 4701 2531 4810 QUARTUS.

387 5004 543 5135 ιφ
602 5006 777 5095 Msa
841 5006 1136 5094 INSUNT"
1194 5004 1642 5072 ιΝξρυΑητο
1727 5004 2026 5094 ιζθηοο

519 5078 964 5135 νΑΝιιειιείΕ
1032 5078 1125 5132 or,
1177 5076 1615 5134 SALVATORIS
1657 5075 1950 5134 nosmo

519 5075 964 5136 ῩΑΝΟΕΙΔΟᾸΞ
1032 5078 1127 5132 DE
1177 5076 1615 5134 SALVATORE
1657 5075 1950 5134 NOSTRO

454 5147 1206 5207 DEMONSTRATIONIS.

2064 5002 2236 5057 TAAE
2263 4999 2584 5053 ENEETIN
2627 4999 2727 5052 EN
2767 5000 2849 5070 η)
2888 4997 3206 5070 rerum
3259 4996 3628 5070 stragem,

2127 5073 2308 5126 MATI
2376 5072 2511 5123 ἸῊΣ
2583 5070 2750 5122 ΠΕΡΙ
2815 5066 2974 5123 ’ΤΟΥ
3035 5066 3369 5122 ΣΩΤΗΡΟΣ
3420 5066 3634 5123 ΗΜΩΝ

2125 5139 2645 5196 ΕΥΑΓΓΕΛΙΚΙΙΣ
2687 5136 3151 5199 ΑΠΟΔΕΙΞΕΩΣ.

387 5262 436 5319 ι.
475 5263 552 5319 De
582 5266 866 5320 occultiore
896 5263 1182 5319 secundum
1219 5262 1550 5320 Salvatorem
1578 5280 1641 5317 ac
1672 5263 1954 5317 Dominum

2077 5261 2133 5309 ι’.
2166 5258 2306 5323 Περὶ
2331 5254 2440 5322 τῆς
2467 5253 2614 5306 κατὰ
2673 5254 2778 5307 τὸν
2803 5252 3044 5322 Σωτῆρα
3080 5254 3182 5310 καὶ
3204 5250 3423 5323 Κύριον
3459 5250 3628 5321 ἡμῶν

455 5346 729 5402 nostrum,
764 5336 855 5407 qui
888 5336 1136 5391 Christus
1163 5345 1242 5390 est
1272 5334 1404 5399 Dei,
1435 5335 1848 5401 dispensatione.

384 5488 439 5543 2.
480 5490 934 5555 Quemadmodum
963 5491 1119 5545 illum
1146 5500 1266 5545 ante
1294 5507 1502 5545 omnem
1529 5499 1825 5544 creaturam
1860 5486 1954 5541 Fi-

458 5561 586 5614 lium
622 5561 716 5616 Dei
749 5563 914 5632 fuisse
946 5562 1193 5617 dicimus.

384 5646 433 5701 3.
477 5647 629 5711 Quod
662 5667 764 5703 non
794 5651 969 5719 plures
1003 5653 1233 5719 supremi
1268 5650 1364 5705 Dei
1390 5648 1553 5713 Filii,
1576 5648 1667 5705 sed
1698 5666 1834 5705 unus
1864 5668 1951 5705 so-

456 5720 539 5771 lus
571 5720 635 5771 de
667 5719 771 5775 Deo
806 5721 943 5776 Deus
968 5761 980 5785 ,
1008 5723 1131 5791 jure
1164 5741 1196 5777 a
1223 5722 1371 5777 nobis
1407 5721 1693 5794 prwdicari
1720 5722 1911 5777 soleat.

2146 5326 2392 5447 Ἰησοῦν
2418 5323 2526 5377 τὸν
2552 5324 2811 5391 Χριστὸν
2832 5324 2937 5377 τοῦ
2970 5325 3118 5380 Θεοῦ
3139 5322 3443 5394 μυστικῆς
3467 5324 3626 5376 οἱκο-

2146 5413 2243 5447 rou
2269 5413 2361 5447 ac.

2128 5413 2200 5449 νο
2247 5413 2307 5449 ια
2347 5433 2361 5447 .

2055 5489 2135 5554 β’.
2181 5414 2380 5552 "IDan
2409 5486 2595 5540 αὑτὸν
2621 5488 2735 5553 πρὸ
2767 5486 2971 5555 πάσης
3008 5487 3261 5551 κτίσεως
3309 5483 3447 5538 Υἱὸν
3478 5483 3624 5539 Osci

2132 5556 2441 5627 γεγονέναι
2468 5557 2679 5627 φαμέν.

2054 5655 2125 5718 τ’.
2175 5649 2304 5701 Ὅτι
2338 5646 2424 5718 μὴ
2458 5648 2707 5718 σξλείους
2740 5646 2857 5703 υἱοὶ
2884 5646 2990 5702 τοῦ
3026 5645 3124 5701 ἐπὶ
3170 5644 3415 5718 πάντων,
3454 5644 3625 5718 Θεοῦ,

2122 5719 2310 5837 μένος
2338 5712 2420 5771 δὲ
2441 5714 2529 5785 εἷς
2555 5718 2623 5773 ἐκ
2664 5712 2813 5775 Θεοῦ
2839 5719 2982 5785 Θεὸς
3013 5718 3277 5786 εὐλόγως
3306 5717 3448 5788 ἡμῖν
3477 5712 3630 5788 ἀνη-

2126 5807 2164 5859 γ
2188 5806 2417 5858 γπηευται.
