  <div class='ocr_page' id='page_1' title='image "/cluster/home/n/w/nwhite01/storage/ocr_20150623/22:no.4/coo.31924054873025/138.png"; bbox 0 0 4126 6424; ppageno 0'>
   <div class='ocr_carea' id='block_1_1' title="bbox 364 365 470 422">
    <p class='ocr_par' dir='ltr' id='par_1_1' title="bbox 364 365 470 422">
     <span class='ocr_line' id='line_1_1' title="bbox 364 365 470 422; baseline 0.019 -2"><span class='ocrx_word' id='word_1_1' title='bbox 364 365 470 422; x_wconf 69' lang='grc'><strong><em>259</em></strong></span> 
     </span>
    </p>
   </div>
   <div class='ocr_carea' id='block_1_2' title="bbox 366 479 1802 566">
    <p class='ocr_par' dir='ltr' id='par_1_2' title="bbox 366 479 1802 566">
     <span class='ocr_line' id='line_1_2' title="bbox 366 479 1802 566; baseline 0 -30"><span class='ocrx_word' id='word_1_2' title='bbox 366 482 438 539; x_wconf 79' lang='grc' dir='ltr'><em>δ’.</em></span> <span class='ocrx_word' id='word_1_3' title='bbox 497 482 593 547; x_wconf 83' lang='grc' dir='ltr'><em>Ὠς</em></span> <span class='ocrx_word' id='word_1_4' title='bbox 626 481 921 566; x_wconf 52' lang='grc' dir='ltr'><em>ἀναγκαία</em></span> <span class='ocrx_word' id='word_1_5' title='bbox 954 479 1035 561; x_wconf 60' lang='grc' dir='ltr'><em>τῇ</em></span> <span class='ocrx_word' id='word_1_6' title='bbox 1073 482 1193 566; x_wconf 57' lang='grc' dir='ltr'><strong><em>τῶν</em></strong></span> <span class='ocrx_word' id='word_1_7' title='bbox 1228 480 1388 563; x_wconf 68' lang='grc' dir='ltr'><em>ὅλων</em></span> <span class='ocrx_word' id='word_1_8' title='bbox 1425 482 1725 566; x_wconf 47' lang='grc' dir='ltr'><em>σξεστάσει</em></span> 
     </span>
    </p>
   </div>
   <div class='ocr_carea' id='block_1_3' title="bbox 433 553 1946 676">
    <p class='ocr_par' dir='ltr' id='par_1_3' title="bbox 433 553 1946 676">
     <span class='ocr_line' id='line_1_3' title="bbox 433 553 1946 676; baseline 0.001 -71"><span class='ocrx_word' id='word_1_9' title='bbox 433 553 805 676; x_wconf 54' lang='grc' dir='ltr'><em>ἕονογενοῦς</em></span> <span class='ocrx_word' id='word_1_10' title='bbox 850 553 983 607; x_wconf 82' lang='grc' dir='ltr'><em>Υὶοῦ</em></span> <span class='ocrx_word' id='word_1_11' title='bbox 1012 553 1116 605; x_wconf 89' lang='grc' dir='ltr'><strong><em>τοῦ</em></strong></span> <span class='ocrx_word' id='word_1_12' title='bbox 1152 553 1301 606; x_wconf 87' lang='grc' dir='ltr'><em>Θεοῦ</em></span> <span class='ocrx_word' id='word_1_13' title='bbox 1342 554 1715 623; x_wconf 80' lang='grc' dir='ltr'><em>προῢπαρξις</em></span> <span class='ocrx_word' id='word_1_14' title='bbox 1741 553 1946 607; x_wconf 85' lang='grc' dir='ltr'><em>ἀποδί-</em></span> 
     </span>
     <span class='ocr_line' id='line_1_4' title="bbox 478 639 631 676; baseline 0.007 -1"><span class='ocrx_word' id='word_1_15' title='bbox 478 639 631 676; x_wconf 85' lang='grc' dir='ltr'><em>οται.</em></span> 
     </span>
    </p>
   </div>
   <div class='ocr_carea' id='block_1_4' title="bbox 369 712 1604 836">
    <p class='ocr_par' dir='ltr' id='par_1_4' title="bbox 369 712 1604 836">
     <span class='ocr_line' id='line_1_5' title="bbox 369 712 1604 836; baseline -0.003 -67"><span class='ocrx_word' id='word_1_16' title='bbox 369 721 439 769; x_wconf 77' lang='grc' dir='ltr'><strong><em>ε’.</em></strong></span> <span class='ocrx_word' id='word_1_17' title='bbox 496 714 593 781; x_wconf 86' lang='grc' dir='ltr'><strong><em>Ὧς</em></strong></span> <span class='ocrx_word' id='word_1_18' title='bbox 614 714 849 836; x_wconf 44' lang='grc' dir='ltr'><strong><em>ίἐιυρίας</em></strong></span> <span class='ocrx_word' id='word_1_19' title='bbox 890 712 1002 782; x_wconf 82' lang='grc' dir='ltr'><em>μὲν</em></span> <span class='ocrx_word' id='word_1_20' title='bbox 1034 713 1455 795; x_wconf 55' lang='grc' dir='ltr'><em>ὀμολογοῦμεη</em></span> <span class='ocrx_word' id='word_1_21' title='bbox 1483 712 1604 794; x_wconf 59' lang='lat' dir='ltr'><strong><em>sive</em></strong></span> 
     </span>
     <span class='ocr_line' id='line_1_6' title="bbox 442 782 1604 836; baseline 0 0"><span class='ocrx_word' id='word_1_22' title='bbox 442 787 602 836; x_wconf 78' lang='grc' dir='ltr'><em>θείας</em></span> <span class='ocrx_word' id='word_1_23' title='bbox 652 782 911 836; x_wconf 73' lang='grc' dir='ltr'><em>υνάιιειο.</em></span> <span class='ocrx_word' id='word_1_24' title='bbox 928 784 1118 836; x_wconf 81' lang='grc' dir='ltr'><em>ιιόνην</em></span> <span class='ocrx_word' id='word_1_25' title='bbox 1142 782 1338 836; x_wconf 78' lang='grc' dir='ltr'><em>δὲτὴν</em></span> <span class='ocrx_word' id='word_1_26' title='bbox 1353 802 1458 836; x_wconf 87' lang='grc' dir='ltr'><strong><em>του</em></strong></span> <span class='ocrx_word' id='word_1_27' title='bbox 1478 787 1604 836; x_wconf 84' lang='grc' dir='ltr'><em>Υἱου</em></span> 
     </span>
    </p>
   </div>
   <div class='ocr_carea' id='block_1_5' title="bbox 442 782 1944 853">
    <p class='ocr_par' dir='ltr' id='par_1_5' title="bbox 442 782 1944 853">
     <span class='ocr_line' id='line_1_7' title="bbox 442 782 1944 853; baseline -0.001 -14"><span class='ocrx_word' id='word_1_28' title='bbox 442 787 602 850; x_wconf 81' lang='grc' dir='ltr'><strong><em>θείας</em></strong></span> <span class='ocrx_word' id='word_1_29' title='bbox 614 782 911 853; x_wconf 79' lang='grc' dir='ltr'><em>δυνάμεις,</em></span> <span class='ocrx_word' id='word_1_30' title='bbox 921 782 1118 853; x_wconf 84' lang='grc' dir='ltr'><em>μόνην</em></span> <span class='ocrx_word' id='word_1_31' title='bbox 1142 782 1209 837; x_wconf 81' lang='grc' dir='ltr'><strong><em>δὲ</em></strong></span> <span class='ocrx_word' id='word_1_32' title='bbox 1223 782 1341 852; x_wconf 79' lang='grc' dir='ltr'><em>τὴν</em></span> <span class='ocrx_word' id='word_1_33' title='bbox 1353 784 1458 837; x_wconf 86' lang='grc' dir='ltr'><strong><em>τοῦ</em></strong></span> <span class='ocrx_word' id='word_1_34' title='bbox 1478 784 1630 845; x_wconf 83' lang='grc' dir='ltr'><em>Υἱοῦ,</em></span> <span class='ocrx_word' id='word_1_35' title='bbox 1648 782 1707 837; x_wconf 83' lang='grc' dir='ltr'><em>δι</em></span> <span class='ocrx_word' id='word_1_36' title='bbox 1720 787 1733 806; x_wconf 86' lang='grc'><strong><em>’</em></strong></span> <span class='ocrx_word' id='word_1_37' title='bbox 1750 784 1944 851; x_wconf 79' lang='grc' dir='ltr'><strong><em>ῆνέπ-</em></strong></span> 
     </span>
    </p>
   </div>
   <div class='ocr_carea' id='block_1_6' title="bbox 446 854 1942 924">
    <p class='ocr_par' dir='ltr' id='par_1_6' title="bbox 446 854 1942 924">
     <span class='ocr_line' id='line_1_8' title="bbox 446 854 1942 924; baseline -0.001 -16"><span class='ocrx_word' id='word_1_38' title='bbox 446 854 663 923; x_wconf 78' lang='grc' dir='ltr'><strong><em>ἄγεται,</em></strong></span> <span class='ocrx_word' id='word_1_39' title='bbox 718 854 920 907; x_wconf 68' lang='grc' dir='ltr'><em>εἰκόνα</em></span> <span class='ocrx_word' id='word_1_40' title='bbox 960 854 1066 907; x_wconf 87' lang='grc' dir='ltr'><strong><em>τοῦ</em></strong></span> <span class='ocrx_word' id='word_1_41' title='bbox 1095 854 1241 907; x_wconf 86' lang='grc' dir='ltr'><strong><em>Θεοῦ</em></strong></span> <span class='ocrx_word' id='word_1_42' title='bbox 1269 856 1498 922; x_wconf 81' lang='grc' dir='ltr'><em>Πατρὸς</em></span> <span class='ocrx_word' id='word_1_43' title='bbox 1524 855 1942 924; x_wconf 71' lang='grc' dir='ltr'><em>θεολογοῦμενο.</em></span> 
     </span>
    </p>
   </div>
   <div class='ocr_carea' id='block_1_7' title="bbox 373 944 1945 1016">
    <p class='ocr_par' dir='ltr' id='par_1_7' title="bbox 373 944 1945 1016">
     <span class='ocr_line' id='line_1_9' title="bbox 373 944 1945 1016; baseline -0.002 -15"><span class='ocrx_word' id='word_1_44' title='bbox 373 952 457 1013; x_wconf 82' lang='grc' dir='ltr'><strong><em>ς’.</em></strong></span> <span class='ocrx_word' id='word_1_45' title='bbox 502 946 596 1012; x_wconf 80' lang='grc' dir='ltr'><em>Ὠς</em></span> <span class='ocrx_word' id='word_1_46' title='bbox 629 945 747 1000; x_wconf 81' lang='grc' dir='ltr'><em>ἀπὸ</em></span> <span class='ocrx_word' id='word_1_47' title='bbox 791 946 1026 1013; x_wconf 86' lang='grc' dir='ltr'><em>πρώτης</em></span> <span class='ocrx_word' id='word_1_48' title='bbox 1063 945 1421 1016; x_wconf 70' lang='grc' dir='ltr'><strong><em>συστάσεως</em></strong></span> <span class='ocrx_word' id='word_1_49' title='bbox 1442 944 1560 999; x_wconf 89' lang='grc' dir='ltr'><strong><em>τῶν</em></strong></span> <span class='ocrx_word' id='word_1_50' title='bbox 1586 945 1745 1016; x_wconf 68' lang='grc' dir='ltr'><em>ὅλων</em></span> <span class='ocrx_word' id='word_1_51' title='bbox 1792 949 1945 1016; x_wconf 58' lang='grc' dir='ltr'><em>ἀφα-</em></span> 
     </span>
    </p>
   </div>
   <div class='ocr_carea' id='block_1_8' title="bbox 443 1014 1946 1140">
    <p class='ocr_par' dir='ltr' id='par_1_8' title="bbox 443 1014 1946 1140">
     <span class='ocr_line' id='line_1_10' title="bbox 443 1014 1946 1140; baseline 0.002 -72"><span class='ocrx_word' id='word_1_52' title='bbox 443 1016 560 1140; x_wconf 59' lang='grc' dir='ltr'><em>Ξοῶς</em></span> <span class='ocrx_word' id='word_1_53' title='bbox 596 1018 629 1069; x_wconf 85' lang='grc' dir='ltr'><em>ὁ</em></span> <span class='ocrx_word' id='word_1_54' title='bbox 660 1016 915 1096; x_wconf 68' lang='grc' dir='ltr'><em>Χριστὸς</em></span> <span class='ocrx_word' id='word_1_55' title='bbox 943 1016 1049 1070; x_wconf 90' lang='grc' dir='ltr'><strong><em>τοῦ</em></strong></span> <span class='ocrx_word' id='word_1_56' title='bbox 1083 1016 1232 1069; x_wconf 86' lang='grc' dir='ltr'><strong><em>Θεοῦ</em></strong></span> <span class='ocrx_word' id='word_1_57' title='bbox 1258 1015 1377 1070; x_wconf 88' lang='grc' dir='ltr'><strong><em>τῶν</em></strong></span> <span class='ocrx_word' id='word_1_58' title='bbox 1406 1014 1701 1085; x_wconf 68' lang='grc' dir='ltr'><em>θεοφιλῶν</em></span> <span class='ocrx_word' id='word_1_59' title='bbox 1730 1014 1946 1086; x_wconf 65' lang='grc' dir='ltr'><em>ψυχῶν</em></span> 
     </span>
     <span class='ocr_line' id='line_1_11' title="bbox 476 1100 764 1140; baseline 0.003 -1"><span class='ocrx_word' id='word_1_60' title='bbox 476 1100 764 1140; x_wconf 82' lang='grc' dir='ltr'><em>πιστατει.</em></span> 
     </span>
    </p>
   </div>
   <div class='ocr_carea' id='block_1_9' title="bbox 374 1175 1946 1246">
    <p class='ocr_par' dir='ltr' id='par_1_9' title="bbox 374 1175 1946 1246">
     <span class='ocr_line' id='line_1_12' title="bbox 374 1175 1946 1246; baseline 0 -16"><span class='ocrx_word' id='word_1_61' title='bbox 374 1175 435 1239; x_wconf 80' lang='grc' dir='ltr'><strong><em>ζ’.</em></strong></span> <span class='ocrx_word' id='word_1_62' title='bbox 502 1178 596 1243; x_wconf 79' lang='grc' dir='ltr'><em>Ὠς</em></span> <span class='ocrx_word' id='word_1_63' title='bbox 630 1177 839 1246; x_wconf 79' lang='grc' dir='ltr'><em>μόνοις</em></span> <span class='ocrx_word' id='word_1_64' title='bbox 880 1176 1165 1244; x_wconf 76' lang='grc' dir='ltr'><em>Ἑϐραίοις</em></span> <span class='ocrx_word' id='word_1_65' title='bbox 1208 1176 1274 1230; x_wconf 86' lang='grc' dir='ltr'><em>τὸ</em></span> <span class='ocrx_word' id='word_1_66' title='bbox 1302 1177 1562 1231; x_wconf 82' lang='grc' dir='ltr'><em>παλαιὸν</em></span> <span class='ocrx_word' id='word_1_67' title='bbox 1602 1178 1641 1245; x_wconf 81' lang='grc' dir='ltr'><strong><em>η</em></strong></span> <span class='ocrx_word' id='word_1_68' title='bbox 1685 1176 1791 1230; x_wconf 88' lang='grc' dir='ltr'><strong><em>τοῦ</em></strong></span> <span class='ocrx_word' id='word_1_69' title='bbox 1828 1176 1946 1230; x_wconf 89' lang='grc' dir='ltr'><strong><em>τῶν</em></strong></span> 
     </span>
    </p>
   </div>
   <div class='ocr_carea' id='block_1_10' title="bbox 441 1245 1946 1317">
    <p class='ocr_par' dir='ltr' id='par_1_10' title="bbox 441 1245 1946 1317">
     <span class='ocr_line' id='line_1_13' title="bbox 441 1245 1946 1317; baseline -0.001 -16"><span class='ocrx_word' id='word_1_70' title='bbox 441 1247 596 1301; x_wconf 84' lang='grc' dir='ltr'><em>ὅλων</em></span> <span class='ocrx_word' id='word_1_71' title='bbox 628 1245 775 1301; x_wconf 84' lang='grc' dir='ltr'><em>Θεοῦ</em></span> <span class='ocrx_word' id='word_1_72' title='bbox 812 1248 1032 1317; x_wconf 78' lang='grc' dir='ltr'><em>γνῶσις</em></span> <span class='ocrx_word' id='word_1_73' title='bbox 1073 1247 1537 1317; x_wconf 80' lang='grc' dir='ltr'><em>ἀποκεκάλυπτο</em></span> <span class='ocrx_word' id='word_1_74' title='bbox 1565 1248 1662 1302; x_wconf 80' lang='grc' dir='ltr'><strong><em>διὰ</em></strong></span> <span class='ocrx_word' id='word_1_75' title='bbox 1684 1245 1796 1315; x_wconf 80' lang='grc' dir='ltr'><em>τῆς</em></span> <span class='ocrx_word' id='word_1_76' title='bbox 1824 1248 1946 1300; x_wconf 84' lang='grc' dir='ltr'><em>ἐπι-</em></span> 
     </span>
    </p>
   </div>
   <div class='ocr_carea' id='block_1_11' title="bbox 436 1316 1580 1387">
    <p class='ocr_par' dir='ltr' id='par_1_11' title="bbox 436 1316 1580 1387">
     <span class='ocr_line' id='line_1_14' title="bbox 436 1316 1580 1387; baseline 0 -18"><span class='ocrx_word' id='word_1_77' title='bbox 436 1319 687 1386; x_wconf 67' lang='grc' dir='ltr'><em>φανείας</em></span> <span class='ocrx_word' id='word_1_78' title='bbox 718 1316 825 1371; x_wconf 88' lang='grc' dir='ltr'><strong><em>τοῦ</em></strong></span> <span class='ocrx_word' id='word_1_79' title='bbox 857 1316 1118 1385; x_wconf 81' lang='grc' dir='ltr'><em>Χριστοῦ</em></span> <span class='ocrx_word' id='word_1_80' title='bbox 1149 1317 1580 1387; x_wconf 81' lang='grc' dir='ltr'><strong><em>γινωσκομένη.</em></strong></span> 
     </span>
    </p>
   </div>
   <div class='ocr_carea' id='block_1_12' title="bbox 366 1402 1947 1476">
    <p class='ocr_par' dir='ltr' id='par_1_12' title="bbox 366 1402 1947 1476">
     <span class='ocr_line' id='line_1_15' title="bbox 366 1402 1947 1476; baseline -0.002 -16"><span class='ocrx_word' id='word_1_81' title='bbox 366 1413 439 1474; x_wconf 85' lang='grc' dir='ltr'><strong><em>η’.</em></strong></span> <span class='ocrx_word' id='word_1_82' title='bbox 494 1407 591 1473; x_wconf 87' lang='grc' dir='ltr'><strong><em>Ὧς</em></strong></span> <span class='ocrx_word' id='word_1_83' title='bbox 617 1408 846 1476; x_wconf 82' lang='grc' dir='ltr'><em>μόνους</em></span> <span class='ocrx_word' id='word_1_84' title='bbox 882 1405 1025 1476; x_wconf 84' lang='grc' dir='ltr'><em>τοὺς</em></span> <span class='ocrx_word' id='word_1_85' title='bbox 1055 1407 1182 1458; x_wconf 83' lang='grc' dir='ltr'><em>κατ’</em></span> <span class='ocrx_word' id='word_1_86' title='bbox 1209 1406 1467 1476; x_wconf 63' lang='lat' dir='ltr'><strong><em>copas-or</em></strong></span> <span class='ocrx_word' id='word_1_87' title='bbox 1510 1402 1828 1476; x_wconf 70' lang='grc' dir='ltr'><em>φωστῆρας</em></span> <span class='ocrx_word' id='word_1_88' title='bbox 1874 1402 1947 1457; x_wconf 83' lang='grc' dir='ltr'><em>τὰ</em></span> 
     </span>
    </p>
   </div>
   <div class='ocr_carea' id='block_1_13' title="bbox 434 1474 1944 1546">
    <p class='ocr_par' dir='ltr' id='par_1_13' title="bbox 434 1474 1944 1546">
     <span class='ocr_line' id='line_1_16' title="bbox 434 1474 1944 1546; baseline -0.003 -15"><span class='ocrx_word' id='word_1_89' title='bbox 434 1474 762 1531; x_wconf 15' lang='grc' dir='ltr'><em>λοιπὰήτῶν</em></span> <span class='ocrx_word' id='word_1_90' title='bbox 784 1475 976 1530; x_wconf 82' lang='grc' dir='ltr'><em>ἐθνῶν</em></span> <span class='ocrx_word' id='word_1_91' title='bbox 1001 1477 1216 1530; x_wconf 80' lang='grc' dir='ltr'><em>ἔσεϐον</em></span> <span class='ocrx_word' id='word_1_92' title='bbox 1256 1474 1535 1546; x_wconf 75' lang='grc' dir='ltr'><em>ἀγγέλοις</em></span> <span class='ocrx_word' id='word_1_93' title='bbox 1573 1475 1738 1529; x_wconf 76' lang='grc' dir='ltr'><em>τισὶν</em></span> <span class='ocrx_word' id='word_1_94' title='bbox 1777 1474 1944 1543; x_wconf 82' lang='grc' dir='ltr'><em>ἐγκε-</em></span> 
     </span>
    </p>
   </div>
   <div class='ocr_carea' id='block_1_14' title="bbox 436 1549 802 1616">
    <p class='ocr_par' dir='ltr' id='par_1_14' title="bbox 436 1549 802 1616">
     <span class='ocr_line' id='line_1_17' title="bbox 436 1549 802 1616; baseline 0 -16"><span class='ocrx_word' id='word_1_95' title='bbox 436 1549 802 1616; x_wconf 83' lang='grc' dir='ltr'><em>χωρισμένα.</em></span> 
     </span>
    </p>
   </div>
   <div class='ocr_carea' id='block_1_15' title="bbox 365 1633 1946 1707">
    <p class='ocr_par' dir='ltr' id='par_1_15' title="bbox 365 1633 1946 1707">
     <span class='ocr_line' id='line_1_18' title="bbox 365 1633 1946 1707; baseline -0.003 -16"><span class='ocrx_word' id='word_1_96' title='bbox 365 1638 430 1695; x_wconf 82' lang='grc' dir='ltr'><em>θ’.</em></span> <span class='ocrx_word' id='word_1_97' title='bbox 486 1639 579 1704; x_wconf 81' lang='grc' dir='ltr'><em>Ὠς</em></span> <span class='ocrx_word' id='word_1_98' title='bbox 608 1638 739 1706; x_wconf 78' lang='grc' dir='ltr'><em>περὶ</em></span> <span class='ocrx_word' id='word_1_99' title='bbox 766 1637 876 1704; x_wconf 79' lang='grc' dir='ltr'><em>τῆς</em></span> <span class='ocrx_word' id='word_1_100' title='bbox 899 1636 1117 1707; x_wconf 80' lang='grc' dir='ltr'><em>ἐχθρᾶς</em></span> <span class='ocrx_word' id='word_1_101' title='bbox 1146 1638 1243 1691; x_wconf 79' lang='grc' dir='ltr'><em>καὶ</em></span> <span class='ocrx_word' id='word_1_102' title='bbox 1276 1636 1687 1707; x_wconf 76' lang='grc' dir='ltr'><em>ἀντικειμένης</em></span> <span class='ocrx_word' id='word_1_103' title='bbox 1713 1633 1946 1707; x_wconf 16' lang='grc' dir='ltr'><strong><em>τῷΑΘεῷ</em></strong></span> 
     </span>
    </p>
   </div>
   <div class='ocr_carea' id='block_1_16' title="bbox 435 1705 1945 1777">
    <p class='ocr_par' dir='ltr' id='par_1_16' title="bbox 435 1705 1945 1777">
     <span class='ocr_line' id='line_1_19' title="bbox 435 1705 1945 1777; baseline -0.003 -15"><span class='ocrx_word' id='word_1_104' title='bbox 435 1705 743 1777; x_wconf 79' lang='grc' dir='ltr'><em>δυνάμεως</em></span> <span class='ocrx_word' id='word_1_105' title='bbox 787 1709 885 1763; x_wconf 76' lang='grc' dir='ltr'><strong><em>καὶ</em></strong></span> <span class='ocrx_word' id='word_1_106' title='bbox 923 1705 1027 1761; x_wconf 79' lang='grc' dir='ltr'><strong><em>τοῦ</em></strong></span> <span class='ocrx_word' id='word_1_107' title='bbox 1065 1710 1283 1774; x_wconf 83' lang='grc' dir='ltr'><em>ταύτης</em></span> <span class='ocrx_word' id='word_1_108' title='bbox 1310 1705 1693 1777; x_wconf 76' lang='grc' dir='ltr'><em>ἐξάρχοντος,</em></span> <span class='ocrx_word' id='word_1_109' title='bbox 1727 1705 1824 1759; x_wconf 76' lang='grc' dir='ltr'><em>καὶ</em></span> <span class='ocrx_word' id='word_1_110' title='bbox 1863 1706 1945 1770; x_wconf 87' lang='grc' dir='ltr'><em>ὡς</em></span> 
     </span>
    </p>
   </div>
   <div class='ocr_carea' id='block_1_17' title="bbox 436 1776 1943 1917">
    <p class='ocr_par' dir='ltr' id='par_1_17' title="bbox 436 1776 1943 1917">
     <span class='ocr_line' id='line_1_20' title="bbox 436 1776 1943 1901; baseline -0.003 -69"><span class='ocrx_word' id='word_1_111' title='bbox 436 1778 533 1901; x_wconf 47' lang='grc' dir='ltr'><strong><em>διξὰ</em></strong></span> <span class='ocrx_word' id='word_1_112' title='bbox 576 1776 799 1849; x_wconf 83' lang='grc' dir='ltr'><em>ταύτης</em></span> <span class='ocrx_word' id='word_1_113' title='bbox 842 1779 909 1831; x_wconf 87' lang='grc' dir='ltr'><em>τὸ</em></span> <span class='ocrx_word' id='word_1_114' title='bbox 943 1778 1183 1833; x_wconf 83' lang='grc' dir='ltr'><em>πάντων</em></span> <span class='ocrx_word' id='word_1_115' title='bbox 1212 1776 1537 1848; x_wconf 86' lang='grc' dir='ltr'><em>ἀνθρώπων</em></span> <span class='ocrx_word' id='word_1_116' title='bbox 1564 1776 1943 1848; x_wconf 73' lang='grc' dir='ltr'><em>ὑπηγάγοντο</em></span> 
     </span>
     <span class='ocr_line' id='line_1_21' title="bbox 437 1866 634 1917; baseline -0.015 -14"><span class='ocrx_word' id='word_1_117' title='bbox 437 1866 474 1917; x_wconf 85' lang='grc' dir='ltr'><strong><em>γ</em></strong></span> <span class='ocrx_word' id='word_1_118' title='bbox 507 1866 634 1916; x_wconf 90' lang='grc' dir='ltr'><em>νος.</em></span> 
     </span>
    </p>
   </div>
   <div class='ocr_carea' id='block_1_18' title="bbox 366 1938 1946 2011">
    <p class='ocr_par' dir='ltr' id='par_1_18' title="bbox 366 1938 1946 2011">
     <span class='ocr_line' id='line_1_22' title="bbox 366 1938 1946 2011; baseline -0.001 -17"><span class='ocrx_word' id='word_1_119' title='bbox 366 1944 418 1994; x_wconf 87' lang='grc' dir='ltr'><strong><em>ι’.</em></strong></span> <span class='ocrx_word' id='word_1_120' title='bbox 473 1939 567 2006; x_wconf 82' lang='grc' dir='ltr'><em>Ὠς</em></span> <span class='ocrx_word' id='word_1_121' title='bbox 595 1941 931 2011; x_wconf 75' lang='grc' dir='ltr'><em>ἀναγκαίυδς</em></span> <span class='ocrx_word' id='word_1_122' title='bbox 949 1945 982 1996; x_wconf 87' lang='grc' dir='ltr'><strong><em>ό</em></strong></span> <span class='ocrx_word' id='word_1_123' title='bbox 1000 1941 1499 2011; x_wconf 84' lang='grc' dir='ltr'><em>μονογενὴςΥίὸς</em></span> <span class='ocrx_word' id='word_1_124' title='bbox 1522 1939 1630 1995; x_wconf 85' lang='grc' dir='ltr'><strong><em>τοῦ</em></strong></span> <span class='ocrx_word' id='word_1_125' title='bbox 1660 1939 1808 1995; x_wconf 84' lang='grc' dir='ltr'><em>Θεοῦ</em></span> <span class='ocrx_word' id='word_1_126' title='bbox 1830 1938 1946 2008; x_wconf 78' lang='grc' dir='ltr'><em>τὴν</em></span> 
     </span>
    </p>
   </div>
   <div class='ocr_carea' id='block_1_19' title="bbox 437 2010 1561 2080">
    <p class='ocr_par' dir='ltr' id='par_1_19' title="bbox 437 2010 1561 2080">
     <span class='ocr_line' id='line_1_23' title="bbox 437 2010 1561 2080; baseline 0.001 -16"><span class='ocrx_word' id='word_1_127' title='bbox 437 2012 525 2077; x_wconf 80' lang='grc' dir='ltr'><strong><em>είς</em></strong></span> <span class='ocrx_word' id='word_1_128' title='bbox 549 2010 899 2079; x_wconf 79' lang='grc' dir='ltr'><em>ἀνθρώπους</em></span> <span class='ocrx_word' id='word_1_129' title='bbox 922 2010 1249 2079; x_wconf 78' lang='grc' dir='ltr'><em>ἐποιήσατο</em></span> <span class='ocrx_word' id='word_1_130' title='bbox 1276 2010 1561 2080; x_wconf 82' lang='grc' dir='ltr'><em>πάροδον.</em></span> 
     </span>
    </p>
   </div>
   <div class='ocr_carea' id='block_1_20' title="bbox 1298 710 1945 784">
    <p class='ocr_par' dir='ltr' id='par_1_20' title="bbox 1298 710 1945 784">
     <span class='ocr_line' id='line_1_24' title="bbox 1298 710 1945 784; baseline 0.003 -19"><span class='ocrx_word' id='word_1_131' title='bbox 1298 713 1447 783; x_wconf 85' lang='grc' dir='ltr'><em>ῦμεν</em></span> <span class='ocrx_word' id='word_1_132' title='bbox 1483 710 1638 768; x_wconf 75' lang='grc' dir='ltr'><em>εἶναι</em></span> <span class='ocrx_word' id='word_1_133' title='bbox 1691 714 1945 784; x_wconf 81' lang='grc' dir='ltr'><em>γενητὰς</em></span> 
     </span>
    </p>
   </div>
   <div class='ocr_carea' id='block_1_21' title="bbox 365 2098 1763 2170">
    <p class='ocr_par' dir='ltr' id='par_1_21' title="bbox 365 2098 1763 2170">
     <span class='ocr_line' id='line_1_25' title="bbox 365 2098 1763 2170; baseline 0.001 -17"><span class='ocrx_word' id='word_1_134' title='bbox 365 2103 455 2153; x_wconf 83' lang='grc' dir='ltr'><em>ια’.</em></span> <span class='ocrx_word' id='word_1_135' title='bbox 501 2099 691 2166; x_wconf 83' lang='grc' dir='ltr'><em>Ὅπως</em></span> <span class='ocrx_word' id='word_1_136' title='bbox 713 2101 819 2154; x_wconf 84' lang='grc' dir='ltr'><strong><em>τὸν</em></strong></span> <span class='ocrx_word' id='word_1_137' title='bbox 847 2102 916 2156; x_wconf 85' lang='grc' dir='ltr'><em>ὲν</em></span> <span class='ocrx_word' id='word_1_138' title='bbox 944 2101 1276 2170; x_wconf 82' lang='grc' dir='ltr'><em>ἀνθρώποις</em></span> <span class='ocrx_word' id='word_1_139' title='bbox 1302 2098 1580 2169; x_wconf 73' lang='grc' dir='ltr'><em>διεξῆλθε</em></span> <span class='ocrx_word' id='word_1_140' title='bbox 1600 2101 1763 2166; x_wconf 79' lang='grc' dir='ltr'><em>βίον.</em></span> 
     </span>
    </p>
   </div>
   <div class='ocr_carea' id='block_1_22' title="bbox 364 2188 1951 2261">
    <p class='ocr_par' dir='ltr' id='par_1_22' title="bbox 364 2188 1951 2261">
     <span class='ocr_line' id='line_1_26' title="bbox 364 2188 1951 2261; baseline 0.001 -18"><span class='ocrx_word' id='word_1_141' title='bbox 364 2188 455 2246; x_wconf 76' lang='grc' dir='ltr'><em>ιδ’.</em></span> <span class='ocrx_word' id='word_1_142' title='bbox 508 2191 601 2257; x_wconf 83' lang='grc' dir='ltr'><em>Ὠς</em></span> <span class='ocrx_word' id='word_1_143' title='bbox 642 2192 739 2246; x_wconf 80' lang='grc' dir='ltr'><em>καὶ</em></span> <span class='ocrx_word' id='word_1_144' title='bbox 758 2192 952 2261; x_wconf 82' lang='grc' dir='ltr'><em>,μέχρι</em></span> <span class='ocrx_word' id='word_1_145' title='bbox 986 2192 1104 2246; x_wconf 88' lang='grc' dir='ltr'><strong><em>τῶν</em></strong></span> <span class='ocrx_word' id='word_1_146' title='bbox 1133 2193 1318 2246; x_wconf 82' lang='grc' dir='ltr'><em>πάλαι</em></span> <span class='ocrx_word' id='word_1_147' title='bbox 1346 2191 1786 2261; x_wconf 82' lang='grc' dir='ltr'><em>κατοιχομένων</em></span> <span class='ocrx_word' id='word_1_148' title='bbox 1812 2190 1951 2245; x_wconf 73' lang='grc' dir='ltr'>ἐκώ-</span> 
     </span>
    </p>
   </div>
   <div class='ocr_carea' id='block_1_23' title="bbox 434 2260 1703 2331">
    <p class='ocr_par' dir='ltr' id='par_1_23' title="bbox 434 2260 1703 2331">
     <span class='ocr_line' id='line_1_27' title="bbox 434 2260 1703 2331; baseline -0.001 -17"><span class='ocrx_word' id='word_1_149' title='bbox 434 2260 578 2315; x_wconf 85' lang='grc' dir='ltr'><em>λουν</em></span> <span class='ocrx_word' id='word_1_150' title='bbox 601 2260 787 2316; x_wconf 82' lang='grc' dir='ltr'><em>αὑτὸν</em></span> <span class='ocrx_word' id='word_1_151' title='bbox 816 2260 885 2316; x_wconf 73' lang='lat' dir='ltr'><strong><em>ot</em></strong></span> <span class='ocrx_word' id='word_1_152' title='bbox 905 2263 1016 2331; x_wconf 82' lang='grc' dir='ltr'><em>τῆς</em></span> <span class='ocrx_word' id='word_1_153' title='bbox 1045 2263 1492 2331; x_wconf 65' lang='grc' dir='ltr'><em>φιλανθρωπίας</em></span> <span class='ocrx_word' id='word_1_154' title='bbox 1512 2262 1703 2330; x_wconf 81' lang='grc' dir='ltr'><em>νόμοι.</em></span> 
     </span>
    </p>
   </div>
   <div class='ocr_carea' id='block_1_24' title="bbox 366 2354 1950 2425">
    <p class='ocr_par' dir='ltr' id='par_1_24' title="bbox 366 2354 1950 2425">
     <span class='ocr_line' id='line_1_28' title="bbox 366 2354 1950 2425; baseline 0.001 -18"><span class='ocrx_word' id='word_1_155' title='bbox 366 2358 457 2422; x_wconf 80' lang='grc' dir='ltr'><em>ιγ’.</em></span> <span class='ocrx_word' id='word_1_156' title='bbox 511 2354 603 2420; x_wconf 86' lang='grc' dir='ltr'><em>Ὦς</em></span> <span class='ocrx_word' id='word_1_157' title='bbox 639 2355 879 2422; x_wconf 80' lang='grc' dir='ltr'><em>ἀπαθὴς</em></span> <span class='ocrx_word' id='word_1_158' title='bbox 914 2357 1011 2410; x_wconf 76' lang='grc' dir='ltr'><strong><em>καὶ</em></strong></span> <span class='ocrx_word' id='word_1_159' title='bbox 1047 2355 1316 2421; x_wconf 81' lang='grc' dir='ltr'><em>ἀϐλαϐὴς</em></span> <span class='ocrx_word' id='word_1_160' title='bbox 1354 2357 1452 2408; x_wconf 79' lang='grc' dir='ltr'><strong><em>καὶ</em></strong></span> <span class='ocrx_word' id='word_1_161' title='bbox 1486 2356 1800 2425; x_wconf 83' lang='grc' dir='ltr'><em>ἀσώματος</em></span> <span class='ocrx_word' id='word_1_162' title='bbox 1833 2356 1950 2410; x_wconf 83' lang='grc' dir='ltr'><strong><em>διέ-</em></strong></span> 
     </span>
    </p>
   </div>
   <div class='ocr_carea' id='block_1_25' title="bbox 430 2424 1650 2494">
    <p class='ocr_par' dir='ltr' id='par_1_25' title="bbox 430 2424 1650 2494">
     <span class='ocr_line' id='line_1_29' title="bbox 430 2424 1650 2494; baseline 0.004 -19"><span class='ocrx_word' id='word_1_163' title='bbox 430 2440 621 2491; x_wconf 85' lang='grc' dir='ltr'><em>μεινε,</em></span> <span class='ocrx_word' id='word_1_164' title='bbox 652 2424 753 2478; x_wconf 76' lang='grc' dir='ltr'><em>καὶ</em></span> <span class='ocrx_word' id='word_1_165' title='bbox 774 2427 902 2479; x_wconf 79' lang='grc' dir='ltr'><em>καθ’</em></span> <span class='ocrx_word' id='word_1_166' title='bbox 928 2425 1001 2479; x_wconf 83' lang='grc' dir='ltr'><em>ὃν</em></span> <span class='ocrx_word' id='word_1_167' title='bbox 1027 2424 1391 2494; x_wconf 80' lang='grc' dir='ltr'><em>ὲνηνθρώπει</em></span> <span class='ocrx_word' id='word_1_168' title='bbox 1425 2424 1650 2493; x_wconf 78' lang='grc' dir='ltr'><em>καιρόν.</em></span> 
     </span>
    </p>
   </div>
   <div class='ocr_carea' id='block_1_26' title="bbox 369 2574 1952 2649">
    <p class='ocr_par' dir='ltr' id='par_1_26' title="bbox 369 2574 1952 2649">
     <span class='ocr_line' id='line_1_30' title="bbox 369 2574 1952 2649; baseline 0.005 -21"><span class='ocrx_word' id='word_1_169' title='bbox 369 2574 471 2649; x_wconf 72' lang='grc' dir='ltr'><strong><em>ιδ’.Δ</em></strong></span> <span class='ocrx_word' id='word_1_170' title='bbox 503 2577 615 2649; x_wconf 74' lang='grc' dir='ltr'><em>Ὡς,</em></span> <span class='ocrx_word' id='word_1_171' title='bbox 658 2577 768 2649; x_wconf 81' lang='grc' dir='ltr'><em>τὸν</em></span> <span class='ocrx_word' id='word_1_172' title='bbox 811 2578 1126 2649; x_wconf 80' lang='grc' dir='ltr'><em>ᾷνθρωπον</em></span> <span class='ocrx_word' id='word_1_173' title='bbox 1175 2579 1671 2649; x_wconf 80' lang='grc' dir='ltr'><em>ἀνανεωσάμενος</em></span> <span class='ocrx_word' id='word_1_174' title='bbox 1691 2621 1704 2640; x_wconf 85' lang='grc'><strong><em>,</em></strong></span> <span class='ocrx_word' id='word_1_175' title='bbox 1757 2580 1952 2636; x_wconf 82' lang='grc' dir='ltr'><em>πᾶσιν</em></span> 
     </span>
    </p>
   </div>
   <div class='ocr_carea' id='block_1_27' title="bbox 439 2646 1949 2768">
    <p class='ocr_par' dir='ltr' id='par_1_27' title="bbox 439 2646 1949 2768">
     <span class='ocr_line' id='line_1_31' title="bbox 439 2646 1949 2768; baseline -0.007 -65"><span class='ocrx_word' id='word_1_176' title='bbox 610 2648 725 2716; x_wconf 81' lang='grc' dir='ltr'><em>τὴν</em></span> <span class='ocrx_word' id='word_1_177' title='bbox 766 2647 886 2702; x_wconf 89' lang='grc' dir='ltr'><strong><em>τῶν</em></strong></span> <span class='ocrx_word' id='word_1_178' title='bbox 923 2646 1177 2703; x_wconf 77' lang='grc' dir='ltr'><em>αἰωνίων</em></span> <span class='ocrx_word' id='word_1_179' title='bbox 1211 2647 1450 2719; x_wconf 80' lang='grc' dir='ltr'><em>ἀγαθῶν</em></span> <span class='ocrx_word' id='word_1_180' title='bbox 1485 2646 1819 2720; x_wconf 62' lang='grc' dir='ltr'><em>ὲταρέσχετο</em></span> <span class='ocrx_word' id='word_1_181' title='bbox 1849 2653 1949 2708; x_wconf 74' lang='grc' dir='ltr'><strong><em>έλ-</em></strong></span> 
     </span>
    </p>
   </div>
   <div class='ocr_carea' id='block_1_28' title="bbox 366 2807 1944 2880">
    <p class='ocr_par' dir='ltr' id='par_1_28' title="bbox 366 2807 1944 2880">
     <span class='ocr_line' id='line_1_32' title="bbox 366 2807 1944 2880; baseline 0.003 -18"><span class='ocrx_word' id='word_1_182' title='bbox 366 2811 448 2862; x_wconf 70' lang='grc' dir='ltr'><em>ιε’.</em></span> <span class='ocrx_word' id='word_1_183' title='bbox 493 2808 555 2880; x_wconf 65' lang='grc' dir='ltr'><em>Τί</em></span> <span class='ocrx_word' id='word_1_184' title='bbox 573 2807 863 2880; x_wconf 79' lang='grc' dir='ltr'><em>,βούλεται</em></span> <span class='ocrx_word' id='word_1_185' title='bbox 891 2809 1125 2876; x_wconf 83' lang='grc' dir='ltr'><em>δηλοῦν</em></span> <span class='ocrx_word' id='word_1_186' title='bbox 1146 2812 1184 2877; x_wconf 81' lang='grc' dir='ltr'><strong><em>η</em></strong></span> <span class='ocrx_word' id='word_1_187' title='bbox 1205 2810 1311 2864; x_wconf 89' lang='grc' dir='ltr'><strong><em>τοῦ</em></strong></span> <span class='ocrx_word' id='word_1_188' title='bbox 1334 2810 1591 2874; x_wconf 82' lang='grc' dir='ltr'><em>Χριστοῦ</em></span> <span class='ocrx_word' id='word_1_189' title='bbox 1622 2813 1944 2880; x_wconf 80' lang='grc' dir='ltr'><em>παρουσία,</em></span> 
     </span>
    </p>
   </div>
   <div class='ocr_carea' id='block_1_29' title="bbox 434 2876 1946 2947">
    <p class='ocr_par' dir='ltr' id='par_1_29' title="bbox 434 2876 1946 2947">
     <span class='ocr_line' id='line_1_33' title="bbox 434 2876 1946 2947; baseline 0.005 -18"><span class='ocrx_word' id='word_1_190' title='bbox 434 2876 532 2947; x_wconf 63' lang='grc' dir='ltr'><em>οιαὶ</em></span> <span class='ocrx_word' id='word_1_191' title='bbox 565 2879 646 2944; x_wconf 88' lang='grc' dir='ltr'><em>ὡς</em></span> <span class='ocrx_word' id='word_1_192' title='bbox 678 2880 823 2944; x_wconf 80' lang='grc' dir='ltr'><em>Θεὸς</em></span> <span class='ocrx_word' id='word_1_193' title='bbox 857 2880 956 2933; x_wconf 78' lang='grc' dir='ltr'><em>καὶ</em></span> <span class='ocrx_word' id='word_1_194' title='bbox 983 2876 1198 2947; x_wconf 80' lang='grc' dir='ltr'><em>Κύριος</em></span> <span class='ocrx_word' id='word_1_195' title='bbox 1228 2880 1325 2933; x_wconf 78' lang='grc' dir='ltr'><em>καὶ</em></span> <span class='ocrx_word' id='word_1_196' title='bbox 1358 2880 1670 2947; x_wconf 83' lang='grc' dir='ltr'><em>ἀρχιερεὺς</em></span> <span class='ocrx_word' id='word_1_197' title='bbox 1696 2876 1801 2937; x_wconf 76' lang='grc' dir='ltr'><strong><em>τοῦ</em></strong></span> <span class='ocrx_word' id='word_1_198' title='bbox 1827 2882 1946 2937; x_wconf 90' lang='grc' dir='ltr'><strong><em>τῶν</em></strong></span> 
     </span>
    </p>
   </div>
   <div class='ocr_carea' id='block_1_30' title="bbox 434 2944 1950 3022">
    <p class='ocr_par' dir='ltr' id='par_1_30' title="bbox 434 2944 1950 3022">
     <span class='ocr_line' id='line_1_34' title="bbox 434 2944 1950 3022; baseline 0.006 -23"><span class='ocrx_word' id='word_1_199' title='bbox 434 2944 594 3022; x_wconf 67' lang='grc' dir='ltr'><em>ᾷλων</em></span> <span class='ocrx_word' id='word_1_200' title='bbox 618 2949 767 3022; x_wconf 82' lang='grc' dir='ltr'><em>Θεοῦ</em></span> <span class='ocrx_word' id='word_1_201' title='bbox 800 2949 897 3003; x_wconf 81' lang='grc' dir='ltr'><strong><em>διὰ</em></strong></span> <span class='ocrx_word' id='word_1_202' title='bbox 925 2948 1044 3022; x_wconf 85' lang='grc' dir='ltr'><strong><em>τῶν</em></strong></span> <span class='ocrx_word' id='word_1_203' title='bbox 1067 2944 1207 3018; x_wconf 79' lang='grc' dir='ltr'><em>παρ’</em></span> <span class='ocrx_word' id='word_1_204' title='bbox 1247 2944 1537 3019; x_wconf 73' lang='grc' dir='ltr'><em>Ἑϐραίοις</em></span> <span class='ocrx_word' id='word_1_205' title='bbox 1557 2944 1879 3022; x_wconf 58' lang='grc' dir='ltr'><em>προφητῶν</em></span> <span class='ocrx_word' id='word_1_206' title='bbox 1912 2956 1950 3008; x_wconf 84' lang='lat' dir='ltr'><strong><em>c&#39;</em></strong></span> 
     </span>
    </p>
   </div>
   <div class='ocr_carea' id='block_1_31' title="bbox 435 3017 1131 3090">
    <p class='ocr_par' dir='ltr' id='par_1_31' title="bbox 435 3017 1131 3090">
     <span class='ocr_line' id='line_1_35' title="bbox 435 3017 1131 3090; baseline 0.003 -19"><span class='ocrx_word' id='word_1_207' title='bbox 435 3017 688 3085; x_wconf 80' lang='grc' dir='ltr'><em>Χριστὸς</em></span> <span class='ocrx_word' id='word_1_208' title='bbox 718 3018 1131 3090; x_wconf 77' lang='grc' dir='ltr'><em>ἀνηγορεύετο.</em></span> 
     </span>
    </p>
   </div>
   <div class='ocr_carea' id='block_1_32' title="bbox 364 3109 1945 3183">
    <p class='ocr_par' dir='ltr' id='par_1_32' title="bbox 364 3109 1945 3183">
     <span class='ocr_line' id='line_1_36' title="bbox 364 3109 1945 3183; baseline 0.006 -23"><span class='ocrx_word' id='word_1_209' title='bbox 364 3114 462 3173; x_wconf 84' lang='grc' dir='ltr'><em>ις’.</em></span> <span class='ocrx_word' id='word_1_210' title='bbox 502 3110 581 3163; x_wconf 77' lang='grc' dir='ltr'><em>Δι’</em></span> <span class='ocrx_word' id='word_1_211' title='bbox 601 3110 773 3183; x_wconf 13' lang='grc' dir='ltr'><em>ξὸσων</em></span> <span class='ocrx_word' id='word_1_212' title='bbox 799 3110 1185 3180; x_wconf 60' lang='grc' dir='ltr'><em>προφητικῶν</em></span> <span class='ocrx_word' id='word_1_213' title='bbox 1208 3109 1452 3181; x_wconf 72' lang='grc' dir='ltr'><em>γραφῶν</em></span> <span class='ocrx_word' id='word_1_214' title='bbox 1472 3115 1505 3167; x_wconf 86' lang='grc' dir='ltr'><strong><em>ό</em></strong></span> <span class='ocrx_word' id='word_1_215' title='bbox 1527 3113 1775 3183; x_wconf 78' lang='grc' dir='ltr'><em>Χριστὸς</em></span> <span class='ocrx_word' id='word_1_216' title='bbox 1811 3116 1945 3170; x_wconf 85' lang='grc' dir='ltr'><em>ὀνο-</em></span> 
     </span>
    </p>
   </div>
   <div class='ocr_carea' id='block_1_33' title="bbox 431 3181 1137 3250">
    <p class='ocr_par' dir='ltr' id='par_1_33' title="bbox 431 3181 1137 3250">
     <span class='ocr_line' id='line_1_37' title="bbox 431 3181 1137 3250; baseline 0.006 -17"><span class='ocrx_word' id='word_1_217' title='bbox 431 3181 616 3249; x_wconf 75' lang='grc' dir='ltr'><em>μαστὶ</em></span> <span class='ocrx_word' id='word_1_218' title='bbox 648 3183 1137 3250; x_wconf 83' lang='grc' dir='ltr'><em>προεκηρύττετο.</em></span> 
     </span>
    </p>
   </div>
   <div class='ocr_carea' id='block_1_34' title="bbox 519 3272 1171 3345">
    <p class='ocr_par' dir='ltr' id='par_1_34' title="bbox 519 3272 1171 3345">
     <span class='ocr_line' id='line_1_38' title="bbox 519 3272 1171 3345; baseline 0.003 -20"><span class='ocrx_word' id='word_1_219' title='bbox 519 3272 653 3345; x_wconf 69' lang='grc' dir='ltr'><strong><em>ᾎπρ</em></strong></span> <span class='ocrx_word' id='word_1_220' title='bbox 682 3273 788 3345; x_wconf 86' lang='grc' dir='ltr'><strong><em>τοῦ</em></strong></span> <span class='ocrx_word' id='word_1_221' title='bbox 812 3274 875 3339; x_wconf 81' lang='grc' dir='ltr'><em>β’</em></span> <span class='ocrx_word' id='word_1_222' title='bbox 903 3275 1171 3345; x_wconf 67' lang='grc' dir='ltr'><em>ψαλμοῦ.</em></span> 
     </span>
    </p>
   </div>
   <div class='ocr_carea' id='block_1_35' title="bbox 516 3342 1173 3415">
    <p class='ocr_par' dir='ltr' id='par_1_35' title="bbox 516 3342 1173 3415">
     <span class='ocr_line' id='line_1_39' title="bbox 516 3342 1173 3415; baseline 0.006 -19"><span class='ocrx_word' id='word_1_223' title='bbox 516 3342 652 3415; x_wconf 71' lang='grc' dir='ltr'><strong><em>ᾎπρ</em></strong></span> <span class='ocrx_word' id='word_1_224' title='bbox 678 3344 784 3398; x_wconf 89' lang='grc' dir='ltr'><strong><em>τοῦ</em></strong></span> <span class='ocrx_word' id='word_1_225' title='bbox 814 3348 881 3415; x_wconf 63' lang='grc' dir='ltr'><strong><em>ια’</em></strong></span> <span class='ocrx_word' id='word_1_226' title='bbox 906 3342 1173 3415; x_wconf 68' lang='grc' dir='ltr'><em>ψαλμοῦ.</em></span> 
     </span>
    </p>
   </div>
   <div class='ocr_carea' id='block_1_36' title="bbox 518 3412 1200 3486">
    <p class='ocr_par' dir='ltr' id='par_1_36' title="bbox 518 3412 1200 3486">
     <span class='ocr_line' id='line_1_40' title="bbox 518 3412 1200 3486; baseline 0.009 -20"><span class='ocrx_word' id='word_1_227' title='bbox 518 3412 651 3486; x_wconf 69' lang='grc' dir='ltr'><strong><em>ᾎπῤ</em></strong></span> <span class='ocrx_word' id='word_1_228' title='bbox 681 3415 788 3469; x_wconf 89' lang='grc' dir='ltr'><strong><em>τοῦ</em></strong></span> <span class='ocrx_word' id='word_1_229' title='bbox 811 3412 899 3475; x_wconf 80' lang='grc' dir='ltr'><strong><em>κζ’</em></strong></span> <span class='ocrx_word' id='word_1_230' title='bbox 918 3412 1200 3486; x_wconf 61' lang='grc' dir='ltr'><em>ψαλμοῦ.</em></span> 
     </span>
    </p>
   </div>
   <div class='ocr_carea' id='block_1_37' title="bbox 518 3482 1200 3556">
    <p class='ocr_par' dir='ltr' id='par_1_37' title="bbox 518 3482 1200 3556">
     <span class='ocr_line' id='line_1_41' title="bbox 518 3482 1200 3556; baseline 0.009 -20"><span class='ocrx_word' id='word_1_231' title='bbox 518 3482 654 3556; x_wconf 69' lang='grc' dir='ltr'><strong><em>ᾏπὸ</em></strong></span> <span class='ocrx_word' id='word_1_232' title='bbox 680 3486 787 3556; x_wconf 84' lang='grc' dir='ltr'><strong><em>τοῦ</em></strong></span> <span class='ocrx_word' id='word_1_233' title='bbox 816 3491 911 3556; x_wconf 72' lang='grc' dir='ltr'><em>πγν</em></span> <span class='ocrx_word' id='word_1_234' title='bbox 933 3482 1200 3556; x_wconf 62' lang='grc' dir='ltr'><em>ψαλμοῦ.</em></span> 
     </span>
    </p>
   </div>
   <div class='ocr_carea' id='block_1_38' title="bbox 520 3551 1212 3626">
    <p class='ocr_par' dir='ltr' id='par_1_38' title="bbox 520 3551 1212 3626">
     <span class='ocr_line' id='line_1_42' title="bbox 520 3551 1212 3626; baseline 0.01 -20"><span class='ocrx_word' id='word_1_235' title='bbox 520 3551 651 3626; x_wconf 68' lang='grc' dir='ltr'><strong><em>ᾎπρ</em></strong></span> <span class='ocrx_word' id='word_1_236' title='bbox 681 3555 789 3609; x_wconf 91' lang='grc' dir='ltr'><strong><em>τοῦ</em></strong></span> <span class='ocrx_word' id='word_1_237' title='bbox 818 3551 917 3622; x_wconf 66' lang='lat' dir='ltr'><strong><em>air</em></strong></span> <span class='ocrx_word' id='word_1_238' title='bbox 941 3551 1212 3626; x_wconf 59' lang='grc' dir='ltr'><em>ψαλμοῦ.</em></span> 
     </span>
    </p>
   </div>
   <div class='ocr_carea' id='block_1_39' title="bbox 518 3622 1235 3697">
    <p class='ocr_par' dir='ltr' id='par_1_39' title="bbox 518 3622 1235 3697">
     <span class='ocr_line' id='line_1_43' title="bbox 518 3622 1235 3697; baseline 0.008 -21"><span class='ocrx_word' id='word_1_239' title='bbox 518 3622 653 3697; x_wconf 66' lang='grc' dir='ltr'><strong><em>ᾏπρ</em></strong></span> <span class='ocrx_word' id='word_1_240' title='bbox 681 3626 787 3697; x_wconf 81' lang='grc' dir='ltr'><strong><em>τοῦ</em></strong></span> <span class='ocrx_word' id='word_1_241' title='bbox 809 3622 1235 3697; x_wconf 48' lang='grc' dir='ltr'><em>ρλαδ-ψαλμοῦ.</em></span> 
     </span>
    </p>
   </div>
   <div class='ocr_carea' id='block_1_40' title="bbox 522 3692 1020 3766">
    <p class='ocr_par' dir='ltr' id='par_1_40' title="bbox 522 3692 1020 3766">
     <span class='ocr_line' id='line_1_44' title="bbox 522 3692 1020 3766; baseline 0.01 -19"><span class='ocrx_word' id='word_1_242' title='bbox 522 3692 652 3766; x_wconf 69' lang='grc' dir='ltr'><strong><em>ᾏπρ</em></strong></span> <span class='ocrx_word' id='word_1_243' title='bbox 678 3695 784 3749; x_wconf 85' lang='grc' dir='ltr'><strong><em>τοῦ</em></strong></span> 
     </span>
    </p>
   </div>
   <div class='ocr_carea' id='block_1_41' title="bbox 519 3761 1177 3837">
    <p class='ocr_par' dir='ltr' id='par_1_41' title="bbox 519 3761 1177 3837">
     <span class='ocr_line' id='line_1_45' title="bbox 519 3761 1177 3837; baseline 0.009 -21"><span class='ocrx_word' id='word_1_244' title='bbox 519 3761 656 3837; x_wconf 65' lang='grc' dir='ltr'><em>ᾏπο</em></span> <span class='ocrx_word' id='word_1_245' title='bbox 684 3765 791 3837; x_wconf 82' lang='grc' dir='ltr'><strong><em>τοῦ</em></strong></span> <span class='ocrx_word' id='word_1_246' title='bbox 828 3761 1177 3837; x_wconf 49' lang='lat' dir='ltr'><strong><em>meamea</em></strong></span> 
     </span>
    </p>
   </div>
   <div class='ocr_carea' id='block_1_42' title="bbox 522 3830 1410 3924">
    <p class='ocr_par' dir='ltr' id='par_1_42' title="bbox 522 3830 1410 3924">
     <span class='ocr_line' id='line_1_46' title="bbox 522 3830 1410 3924; baseline 0.006 -36"><span class='ocrx_word' id='word_1_247' title='bbox 522 3830 655 3924; x_wconf 40' lang='grc' dir='ltr'><strong><em>ἔξπά</em></strong></span> <span class='ocrx_word' id='word_1_248' title='bbox 677 3834 798 3924; x_wconf 73' lang='grc' dir='ltr'><strong><em>τῶν</em></strong></span> <span class='ocrx_word' id='word_1_249' title='bbox 823 3830 1410 3924; x_wconf 41' lang='grc' dir='ltr'><strong><em>ἸερεμίουζθρῖξνωνΣ</em></strong></span> 
     </span>
    </p>
   </div>
   <div class='ocr_carea' id='block_1_43' title="bbox 521 3903 1571 3976">
    <p class='ocr_par' dir='ltr' id='par_1_43' title="bbox 521 3903 1571 3976">
     <span class='ocr_line' id='line_1_47' title="bbox 521 3903 1571 3976; baseline 0.006 -18"><span class='ocrx_word' id='word_1_250' title='bbox 521 3903 653 3976; x_wconf 66' lang='grc' dir='ltr'><strong><em>Ἀπὸ</em></strong></span> <span class='ocrx_word' id='word_1_251' title='bbox 678 3904 787 3972; x_wconf 82' lang='grc' dir='ltr'><em>τῆς</em></span> <span class='ocrx_word' id='word_1_252' title='bbox 808 3903 1045 3976; x_wconf 78' lang='grc' dir='ltr'><em>πρώτης</em></span> <span class='ocrx_word' id='word_1_253' title='bbox 1072 3903 1205 3962; x_wconf 82' lang='grc' dir='ltr'><em>τῶν’</em></span> <span class='ocrx_word' id='word_1_254' title='bbox 1220 3903 1571 3964; x_wconf 83' lang='grc' dir='ltr'><em>Βασιλειῶν.</em></span> 
     </span>
    </p>
   </div>
   <div class='ocr_carea' id='block_1_44' title="bbox 521 3973 1035 4045">
    <p class='ocr_par' dir='ltr' id='par_1_44' title="bbox 521 3973 1035 4045">
     <span class='ocr_line' id='line_1_48' title="bbox 521 3973 1035 4045; baseline 0.008 -18"><span class='ocrx_word' id='word_1_255' title='bbox 521 3973 654 4045; x_wconf 72' lang='grc' dir='ltr'><strong><em>Ἀπὸ</em></strong></span> <span class='ocrx_word' id='word_1_256' title='bbox 682 3976 793 4044; x_wconf 83' lang='grc' dir='ltr'><em>τῆς</em></span> <span class='ocrx_word' id='word_1_257' title='bbox 821 3973 1035 4045; x_wconf 61' lang='grc' dir='ltr'><em>αὐτῆς.</em></span> 
     </span>
    </p>
   </div>
   <div class='ocr_carea' id='block_1_45' title="bbox 521 4044 1211 4117">
    <p class='ocr_par' dir='ltr' id='par_1_45' title="bbox 521 4044 1211 4117">
     <span class='ocr_line' id='line_1_49' title="bbox 521 4044 1211 4117; baseline 0.006 -18"><span class='ocrx_word' id='word_1_258' title='bbox 521 4044 657 4099; x_wconf 83' lang='grc' dir='ltr'><strong><em>Ἇπὸ</em></strong></span> <span class='ocrx_word' id='word_1_259' title='bbox 685 4046 795 4100; x_wconf 86' lang='grc' dir='ltr'><strong><em>τοῦ</em></strong></span> <span class='ocrx_word' id='word_1_260' title='bbox 819 4046 917 4116; x_wconf 72' lang='grc' dir='ltr'><strong><em>μδν</em></strong></span> <span class='ocrx_word' id='word_1_261' title='bbox 944 4044 1211 4117; x_wconf 69' lang='grc' dir='ltr'><em>ψαλμοῦ.</em></span> 
     </span>
    </p>
   </div>
   <div class='ocr_carea' id='block_1_46' title="bbox 368 4134 1949 4219">
    <p class='ocr_par' dir='ltr' id='par_1_46' title="bbox 368 4134 1949 4219">
     <span class='ocr_line' id='line_1_50' title="bbox 368 4134 1949 4219; baseline 0.001 -26"><span class='ocrx_word' id='word_1_262' title='bbox 368 4134 457 4203; x_wconf 75' lang='grc' dir='ltr'><em>ιζ’.</em></span> <span class='ocrx_word' id='word_1_263' title='bbox 496 4137 618 4219; x_wconf 57' lang='grc' dir='ltr'><em>’ρτέ</em></span> <span class='ocrx_word' id='word_1_264' title='bbox 640 4138 742 4219; x_wconf 70' lang='grc' dir='ltr'><em>καὶ</em></span> <span class='ocrx_word' id='word_1_265' title='bbox 769 4137 837 4192; x_wconf 86' lang='grc' dir='ltr'><em>τὸ</em></span> <span class='ocrx_word' id='word_1_266' title='bbox 866 4139 1065 4219; x_wconf 85' lang='grc' dir='ltr'><em>Ἰησοῦ</em></span> <span class='ocrx_word' id='word_1_267' title='bbox 1098 4140 1287 4219; x_wconf 81' lang='grc' dir='ltr'><em>ὄνομα</em></span> <span class='ocrx_word' id='word_1_268' title='bbox 1311 4141 1473 4210; x_wconf 82' lang='grc' dir='ltr'><em>παρὰ</em></span> <span class='ocrx_word' id='word_1_269' title='bbox 1497 4140 1622 4208; x_wconf 86' lang='grc' dir='ltr'><em>τοῖς</em></span> <span class='ocrx_word' id='word_1_270' title='bbox 1645 4143 1949 4211; x_wconf 81' lang='grc' dir='ltr'><em>πρόπαλαι</em></span> 
     </span>
    </p>
   </div>
   <div class='ocr_carea' id='block_1_47' title="bbox 436 4210 1393 4281">
    <p class='ocr_par' dir='ltr' id='par_1_47' title="bbox 436 4210 1393 4281">
     <span class='ocr_line' id='line_1_51' title="bbox 436 4210 1393 4281; baseline 0.004 -19"><span class='ocrx_word' id='word_1_271' title='bbox 436 4210 545 4263; x_wconf 82' lang='grc' dir='ltr'><strong><em>τοῦ</em></strong></span> <span class='ocrx_word' id='word_1_272' title='bbox 571 4210 720 4263; x_wconf 91' lang='grc' dir='ltr'><em>Θεοῦ</em></span> <span class='ocrx_word' id='word_1_273' title='bbox 754 4211 1069 4280; x_wconf 86' lang='grc' dir='ltr'><em>γνωρίμοις</em></span> <span class='ocrx_word' id='word_1_274' title='bbox 1099 4210 1393 4281; x_wconf 81' lang='grc' dir='ltr'><em>τετίμητο.</em></span> 
     </span>
    </p>
   </div>
   <div class='ocr_carea' id='block_1_48' title="bbox 520 4297 1084 4368">
    <p class='ocr_par' dir='ltr' id='par_1_48' title="bbox 520 4297 1084 4368">
     <span class='ocr_line' id='line_1_52' title="bbox 520 4297 1084 4368; baseline 0.004 -14"><span class='ocrx_word' id='word_1_275' title='bbox 520 4298 655 4354; x_wconf 78' lang='grc' dir='ltr'><strong><em>Ἀπὸ</em></strong></span> <span class='ocrx_word' id='word_1_276' title='bbox 681 4297 788 4368; x_wconf 82' lang='grc' dir='ltr'><em>τῆς</em></span> <span class='ocrx_word' id='word_1_277' title='bbox 823 4300 1084 4366; x_wconf 76' lang='grc' dir='ltr'><em>Ἐξόδου.</em></span> 
     </span>
    </p>
   </div>
   <div class='ocr_carea' id='block_1_49' title="bbox 520 4370 1134 4441">
    <p class='ocr_par' dir='ltr' id='par_1_49' title="bbox 520 4370 1134 4441">
     <span class='ocr_line' id='line_1_53' title="bbox 520 4370 1134 4441; baseline 0.008 -18"><span class='ocrx_word' id='word_1_278' title='bbox 520 4370 656 4425; x_wconf 83' lang='grc' dir='ltr'><strong><em>Ἆπὸ</em></strong></span> <span class='ocrx_word' id='word_1_279' title='bbox 683 4370 787 4425; x_wconf 85' lang='grc' dir='ltr'><strong><em>τοῦ</em></strong></span> <span class='ocrx_word' id='word_1_280' title='bbox 814 4372 1134 4441; x_wconf 82' lang='grc' dir='ltr'><em>Ζαχαρίου.</em></span> 
     </span>
    </p>
   </div>
   <div class='ocr_carea' id='block_1_50' title="bbox 1117 4486 1196 4542">
    <p class='ocr_par' dir='ltr' id='par_1_50' title="bbox 1117 4486 1196 4542">
     <span class='ocr_line' id='line_1_54' title="bbox 1117 4486 1196 4542; baseline 0.038 -3"><span class='ocrx_word' id='word_1_281' title='bbox 1117 4486 1196 4542; x_wconf 85' lang='grc' dir='ltr'><em>Α’.</em></span> 
     </span>
    </p>
   </div>
   <div class='ocr_carea' id='block_1_51' title="bbox 366 4538 2024 4662">
    <p class='ocr_par' dir='ltr' id='par_1_51' title="bbox 366 4538 2024 4662">
     <span class='ocr_line' id='line_1_55' title="bbox 366 4538 2024 4662; baseline 0.003 -31"><span class='ocrx_word' id='word_1_282' title='bbox 366 4575 510 4662; x_wconf 48' lang='grc' dir='ltr'><em>Περὶ</em></span> <span class='ocrx_word' id='word_1_283' title='bbox 555 4574 665 4658; x_wconf 75' lang='grc' dir='ltr'><em>τῆς</em></span> <span class='ocrx_word' id='word_1_284' title='bbox 710 4575 1011 4662; x_wconf 48' lang='grc' dir='ltr'><em>κατὰ-τὸν</em></span> <span class='ocrx_word' id='word_1_285' title='bbox 1054 4538 1335 4662; x_wconf 26' lang='grc' dir='ltr'><em>’βωτνῆραλ</em></span> <span class='ocrx_word' id='word_1_286' title='bbox 1357 4580 1456 4662; x_wconf 69' lang='grc' dir='ltr'><em>καὶ</em></span> <span class='ocrx_word' id='word_1_287' title='bbox 1507 4581 1731 4662; x_wconf 62' lang='grc' dir='ltr'><em>Κύριον</em></span> <span class='ocrx_word' id='word_1_288' title='bbox 1778 4579 1949 4662; x_wconf 74' lang='grc' dir='ltr'><em>ημῶν</em></span> <span class='ocrx_word' id='word_1_289' title='bbox 1978 4539 2024 4597; x_wconf 75' lang='lat' dir='ltr'><strong><em>D</em></strong></span> 
     </span>
    </p>
   </div>
   <div class='ocr_carea' id='block_1_52' title="bbox 451 4646 1257 4717">
    <p class='ocr_par' dir='ltr' id='par_1_52' title="bbox 451 4646 1257 4717">
     <span class='ocr_line' id='line_1_56' title="bbox 451 4646 1257 4717; baseline 0.005 -17"><span class='ocrx_word' id='word_1_290' title='bbox 451 4646 697 4713; x_wconf 88' lang='grc' dir='ltr'><em>Ἰησοῦν</em></span> <span class='ocrx_word' id='word_1_291' title='bbox 730 4647 839 4701; x_wconf 85' lang='grc' dir='ltr'><strong><em>τὸν</em></strong></span> <span class='ocrx_word' id='word_1_292' title='bbox 861 4648 1121 4717; x_wconf 86' lang='grc' dir='ltr'><em>Χριστὸν</em></span> <span class='ocrx_word' id='word_1_293' title='bbox 1149 4646 1257 4705; x_wconf 81' lang='grc' dir='ltr'><strong><em>τοῦ</em></strong></span> 
     </span>
    </p>
   </div>
   <div class='ocr_carea' id='block_1_53' title="bbox 437 4718 671 4784">
    <p class='ocr_par' dir='ltr' id='par_1_53' title="bbox 437 4718 671 4784">
     <span class='ocr_line' id='line_1_57' title="bbox 437 4718 671 4784; baseline -0.009 -13"><span class='ocrx_word' id='word_1_294' title='bbox 437 4718 671 4784; x_wconf 85' lang='grc' dir='ltr'><em>νομίας.</em></span> 
     </span>
    </p>
   </div>
   <div class='ocr_carea' id='block_1_54' title="bbox 394 4807 1951 4887">
    <p class='ocr_par' dir='ltr' id='par_1_54' title="bbox 394 4807 1951 4887">
     <span class='ocr_line' id='line_1_58' title="bbox 394 4807 1951 4887; baseline 0.005 -26"><span class='ocrx_word' id='word_1_295' title='bbox 394 4828 403 4835; x_wconf 87' lang='grc'><strong>·</strong></span> <span class='ocrx_word' id='word_1_296' title='bbox 449 4807 667 4881; x_wconf 84' lang='grc' dir='ltr'><em>Ἐπειδὴ</em></span> <span class='ocrx_word' id='word_1_297' title='bbox 702 4810 773 4864; x_wconf 79' lang='grc' dir='ltr'><em>τὰ</em></span> <span class='ocrx_word' id='word_1_298' title='bbox 814 4812 1160 4883; x_wconf 81' lang='grc' dir='ltr'><em>προσήκοντα</em></span> <span class='ocrx_word' id='word_1_299' title='bbox 1195 4812 1325 4886; x_wconf 72' lang='grc' dir='ltr'><em>περὶ</em></span> <span class='ocrx_word' id='word_1_300' title='bbox 1353 4813 1455 4885; x_wconf 86' lang='grc' dir='ltr'><em>τῆς</em></span> <span class='ocrx_word' id='word_1_301' title='bbox 1483 4813 1951 4887; x_wconf 78' lang='grc' dir='ltr'><em>ἑνανθρωπήσεως</em></span> 
     </span>
    </p>
   </div>
   <div class='ocr_carea' id='block_1_55' title="bbox 367 4897 1947 4979">
    <p class='ocr_par' dir='ltr' id='par_1_55' title="bbox 367 4897 1947 4979">
     <span class='ocr_line' id='line_1_59' title="bbox 367 4897 1947 4979; baseline 0.004 -26"><span class='ocrx_word' id='word_1_302' title='bbox 367 4897 461 4953; x_wconf 65' lang='grc' dir='ltr'><strong><em>τοῦ</em></strong></span> <span class='ocrx_word' id='word_1_303' title='bbox 494 4900 747 4974; x_wconf 81' lang='grc' dir='ltr'><em>Σωτῆρος</em></span> <span class='ocrx_word' id='word_1_304' title='bbox 774 4903 932 4974; x_wconf 84' lang='grc' dir='ltr'><em>ἡμῶν</em></span> <span class='ocrx_word' id='word_1_305' title='bbox 971 4906 1031 4958; x_wconf 83' lang='grc' dir='ltr'><strong><em>ὲν</em></strong></span> <span class='ocrx_word' id='word_1_306' title='bbox 1062 4904 1139 4975; x_wconf 82' lang='grc' dir='ltr'><em>τῷ</em></span> <span class='ocrx_word' id='word_1_307' title='bbox 1174 4905 1279 4978; x_wconf 86' lang='grc' dir='ltr'><em>πρὸ</em></span> <span class='ocrx_word' id='word_1_308' title='bbox 1312 4905 1503 4960; x_wconf 84' lang='grc' dir='ltr'><em>τούτου</em></span> <span class='ocrx_word' id='word_1_309' title='bbox 1534 4906 1947 4979; x_wconf 83' lang='grc' dir='ltr'><em>συγγράμματι,</em></span> 
     </span>
    </p>
   </div>
   <div class='ocr_carea' id='block_1_56' title="bbox 364 4990 1948 5071">
    <p class='ocr_par' dir='ltr' id='par_1_56' title="bbox 364 4990 1948 5071">
     <span class='ocr_line' id='line_1_60' title="bbox 364 4990 1948 5071; baseline 0.008 -28"><span class='ocrx_word' id='word_1_310' title='bbox 364 4990 535 5065; x_wconf 83' lang='grc' dir='ltr'><em>τρίτῳ</em></span> <span class='ocrx_word' id='word_1_311' title='bbox 566 4994 680 5049; x_wconf 81' lang='grc' dir='ltr'><em>ὄντι</em></span> <span class='ocrx_word' id='word_1_312' title='bbox 713 4996 813 5066; x_wconf 85' lang='grc' dir='ltr'><em>τῆς</em></span> <span class='ocrx_word' id='word_1_313' title='bbox 853 4997 1261 5069; x_wconf 82' lang='grc' dir='ltr'><em>Εὐαγγελικῆς</em></span> <span class='ocrx_word' id='word_1_314' title='bbox 1299 5000 1700 5067; x_wconf 78' lang='grc' dir='ltr'><em>Ἀποδείξεως,</em></span> <span class='ocrx_word' id='word_1_315' title='bbox 1740 5000 1948 5071; x_wconf 81' lang='grc' dir='ltr'><em>αὐτάρ-</em></span> 
     </span>
    </p>
   </div>
   <div class='ocr_carea' id='block_1_57' title="bbox 368 5086 1951 5166">
    <p class='ocr_par' dir='ltr' id='par_1_57' title="bbox 368 5086 1951 5166">
     <span class='ocr_line' id='line_1_61' title="bbox 368 5086 1951 5166; baseline 0.006 -29"><span class='ocrx_word' id='word_1_316' title='bbox 368 5102 480 5150; x_wconf 81' lang='grc' dir='ltr'><em>κως</em></span> <span class='ocrx_word' id='word_1_317' title='bbox 503 5088 637 5158; x_wconf 79' lang='grc' dir='ltr'><strong><em>ἡμῖν</em></strong></span> <span class='ocrx_word' id='word_1_318' title='bbox 665 5086 1077 5164; x_wconf 79' lang='grc' dir='ltr'><em>διαπεπόνηται,</em></span> <span class='ocrx_word' id='word_1_319' title='bbox 1110 5093 1299 5165; x_wconf 80' lang='grc' dir='ltr'><em>καιρὸς</em></span> <span class='ocrx_word' id='word_1_320' title='bbox 1323 5093 1422 5166; x_wconf 67' lang='grc' dir='ltr'><strong><em>ἤδη</em></strong></span> <span class='ocrx_word' id='word_1_321' title='bbox 1453 5093 1549 5147; x_wconf 78' lang='grc' dir='ltr'><strong><em>καὶ</em></strong></span> <span class='ocrx_word' id='word_1_322' title='bbox 1587 5093 1951 5166; x_wconf 80' lang='grc' dir='ltr'><em>ἀπορῤητοτὲ-</em></span> 
     </span>
    </p>
   </div>
   <div class='ocr_carea' id='block_1_58' title="bbox 369 5176 1946 5255">
    <p class='ocr_par' dir='ltr' id='par_1_58' title="bbox 369 5176 1946 5255">
     <span class='ocr_line' id='line_1_62' title="bbox 369 5176 1946 5255; baseline 0.004 -26"><span class='ocrx_word' id='word_1_323' title='bbox 369 5192 480 5246; x_wconf 87' lang='grc' dir='ltr'><strong><em>ρων</em></strong></span> <span class='ocrx_word' id='word_1_324' title='bbox 507 5176 820 5247; x_wconf 75' lang='grc' dir='ltr'><em>ἐφάψασθαι</em></span> <span class='ocrx_word' id='word_1_325' title='bbox 850 5179 1045 5249; x_wconf 86' lang='grc' dir='ltr'><em>λόγων,</em></span> <span class='ocrx_word' id='word_1_326' title='bbox 1078 5183 1188 5236; x_wconf 87' lang='grc' dir='ltr'><em>τῶν</em></span> <span class='ocrx_word' id='word_1_327' title='bbox 1221 5185 1349 5255; x_wconf 74' lang='grc' dir='ltr'><em>περὶ</em></span> <span class='ocrx_word' id='word_1_328' title='bbox 1374 5184 1471 5255; x_wconf 82' lang='grc' dir='ltr'><em>τῆς</em></span> <span class='ocrx_word' id='word_1_329' title='bbox 1500 5185 1618 5238; x_wconf 85' lang='grc' dir='ltr'><em>κατ’</em></span> <span class='ocrx_word' id='word_1_330' title='bbox 1646 5184 1811 5239; x_wconf 77' lang='grc' dir='ltr'><em>αὐτὸν</em></span> <span class='ocrx_word' id='word_1_331' title='bbox 1843 5201 1946 5254; x_wconf 87' lang='grc' dir='ltr'><em>μυ-</em></span> 
     </span>
    </p>
   </div>
   <div class='ocr_carea' id='block_1_59' title="bbox 368 5267 1946 5345">
    <p class='ocr_par' dir='ltr' id='par_1_59' title="bbox 368 5267 1946 5345">
     <span class='ocr_line' id='line_1_63' title="bbox 368 5267 1946 5345; baseline 0.004 -26"><span class='ocrx_word' id='word_1_332' title='bbox 368 5268 703 5338; x_wconf 73' lang='grc' dir='ltr'><em>πικωτέρας</em></span> <span class='ocrx_word' id='word_1_333' title='bbox 742 5267 1039 5339; x_wconf 81' lang='grc' dir='ltr'><em>θεολογίας.</em></span> <span class='ocrx_word' id='word_1_334' title='bbox 1086 5272 1144 5325; x_wconf 89' lang='lat'><strong><em>&#39;0</em></strong></span> <span class='ocrx_word' id='word_1_335' title='bbox 1182 5272 1280 5344; x_wconf 80' lang='grc' dir='ltr'><strong><em>μὲν</em></strong></span> <span class='ocrx_word' id='word_1_336' title='bbox 1313 5270 1407 5329; x_wconf 74' lang='grc' dir='ltr'><strong><em>οὖν</em></strong></span> <span class='ocrx_word' id='word_1_337' title='bbox 1444 5273 1571 5345; x_wconf 74' lang='grc' dir='ltr'><em>περὶ</em></span> <span class='ocrx_word' id='word_1_338' title='bbox 1610 5272 1700 5326; x_wconf 81' lang='grc' dir='ltr'><strong><em>τοῦ</em></strong></span> <span class='ocrx_word' id='word_1_339' title='bbox 1730 5271 1946 5343; x_wconf 81' lang='grc' dir='ltr'><em>πρώτου</em></span> 
     </span>
    </p>
   </div>
   <div class='ocr_carea' id='block_1_60' title="bbox 367 5357 1947 5435">
    <p class='ocr_par' dir='ltr' id='par_1_60' title="bbox 367 5357 1947 5435">
     <span class='ocr_line' id='line_1_64' title="bbox 367 5357 1947 5435; baseline 0.004 -24"><span class='ocrx_word' id='word_1_340' title='bbox 367 5357 464 5412; x_wconf 79' lang='grc' dir='ltr'><strong><em>καὶ</em></strong></span> <span class='ocrx_word' id='word_1_341' title='bbox 484 5358 676 5425; x_wconf 82' lang='grc' dir='ltr'><em>ἀϊδίου,</em></span> <span class='ocrx_word' id='word_1_342' title='bbox 705 5360 865 5431; x_wconf 86' lang='grc' dir='ltr'><em>μόνου</em></span> <span class='ocrx_word' id='word_1_343' title='bbox 891 5379 952 5415; x_wconf 84' lang='grc' dir='ltr'><strong><em>τε</em></strong></span> <span class='ocrx_word' id='word_1_344' title='bbox 975 5363 1269 5435; x_wconf 81' lang='grc' dir='ltr'><em>ἀγεννήτου</em></span> <span class='ocrx_word' id='word_1_345' title='bbox 1295 5365 1390 5419; x_wconf 79' lang='grc' dir='ltr'><strong><em>καὶ</em></strong></span> <span class='ocrx_word' id='word_1_346' title='bbox 1418 5366 1513 5419; x_wconf 79' lang='grc' dir='ltr'><strong><em>ἐπὶ</em></strong></span> <span class='ocrx_word' id='word_1_347' title='bbox 1538 5366 1754 5420; x_wconf 85' lang='grc' dir='ltr'><em>πάντων</em></span> <span class='ocrx_word' id='word_1_348' title='bbox 1773 5364 1947 5418; x_wconf 87' lang='grc' dir='ltr'><em>αἰτίου</em></span> 
     </span>
    </p>
   </div>
   <div class='ocr_carea' id='block_1_61' title="bbox 366 5448 1948 5528">
    <p class='ocr_par' dir='ltr' id='par_1_61' title="bbox 366 5448 1948 5528">
     <span class='ocr_line' id='line_1_65' title="bbox 366 5448 1948 5528; baseline 0.004 -25"><span class='ocrx_word' id='word_1_349' title='bbox 366 5448 476 5503; x_wconf 82' lang='grc' dir='ltr'><em>τῶν</em></span> <span class='ocrx_word' id='word_1_350' title='bbox 491 5450 646 5514; x_wconf 81' lang='grc' dir='ltr'><em>ὅλων,</em></span> <span class='ocrx_word' id='word_1_351' title='bbox 675 5468 884 5524; x_wconf 85' lang='grc' dir='ltr'><em>πανηγε</em></span> <span class='ocrx_word' id='word_1_352' title='bbox 892 5454 1050 5525; x_wconf 81' lang='grc' dir='ltr'><em>μόνος</em></span> <span class='ocrx_word' id='word_1_353' title='bbox 1064 5473 1124 5509; x_wconf 87' lang='grc' dir='ltr'><strong><em>τε</em></strong></span> <span class='ocrx_word' id='word_1_354' title='bbox 1154 5456 1249 5509; x_wconf 70' lang='grc' dir='ltr'><strong><em>καὶ</em></strong></span> <span class='ocrx_word' id='word_1_355' title='bbox 1270 5457 1658 5528; x_wconf 80' lang='grc' dir='ltr'><em>παμϐασιλέως</em></span> <span class='ocrx_word' id='word_1_356' title='bbox 1678 5457 1812 5511; x_wconf 76' lang='grc' dir='ltr'><em>Θεοῦ</em></span> <span class='ocrx_word' id='word_1_357' title='bbox 1837 5473 1948 5511; x_wconf 73' lang='grc' dir='ltr'><em>κοιο</em></span> 
     </span>
    </p>
   </div>
   <div class='ocr_carea' id='block_1_62' title="bbox 366 5539 1947 5617">
    <p class='ocr_par' dir='ltr' id='par_1_62' title="bbox 366 5539 1947 5617">
     <span class='ocr_line' id='line_1_66' title="bbox 366 5539 1947 5617; baseline 0.006 -23"><span class='ocrx_word' id='word_1_358' title='bbox 366 5539 456 5605; x_wconf 84' lang='grc' dir='ltr'><em>νὸς</em></span> <span class='ocrx_word' id='word_1_359' title='bbox 480 5541 682 5595; x_wconf 74' lang='grc' dir='ltr'><em>ἅπασιν</em></span> <span class='ocrx_word' id='word_1_360' title='bbox 711 5543 1018 5617; x_wconf 80' lang='grc' dir='ltr'><em>ἀνθρώποις</em></span> <span class='ocrx_word' id='word_1_361' title='bbox 1047 5547 1163 5600; x_wconf 72' lang='grc' dir='ltr'><em>ἐστὶ</em></span> <span class='ocrx_word' id='word_1_362' title='bbox 1189 5546 1361 5616; x_wconf 79' lang='grc' dir='ltr'><em>λόγος’</em></span> <span class='ocrx_word' id='word_1_363' title='bbox 1394 5548 1520 5611; x_wconf 74' lang='grc' dir='ltr'><em>ἴδιος</em></span> <span class='ocrx_word' id='word_1_364' title='bbox 1553 5549 1610 5601; x_wconf 82' lang='grc' dir='ltr'><strong><em>δὲ</em></strong></span> <span class='ocrx_word' id='word_1_365' title='bbox 1640 5549 1734 5603; x_wconf 76' lang='grc' dir='ltr'><strong><em>καὶ</em></strong></span> <span class='ocrx_word' id='word_1_366' title='bbox 1770 5549 1947 5612; x_wconf 83' lang='grc' dir='ltr'><em>κοινὸς</em></span> 
     </span>
    </p>
   </div>
   <div class='ocr_carea' id='block_1_63' title="bbox 369 5628 1947 5711">
    <p class='ocr_par' dir='ltr' id='par_1_63' title="bbox 369 5628 1947 5711">
     <span class='ocr_line' id='line_1_67' title="bbox 369 5628 1947 5711; baseline 0.003 -25"><span class='ocrx_word' id='word_1_367' title='bbox 369 5628 523 5698; x_wconf 82' lang='grc' dir='ltr'><em>αὖθις</em></span> <span class='ocrx_word' id='word_1_368' title='bbox 563 5635 829 5707; x_wconf 81' lang='grc' dir='ltr'><em>Ἐϐραίων</em></span> <span class='ocrx_word' id='word_1_369' title='bbox 855 5638 949 5692; x_wconf 77' lang='grc' dir='ltr'><strong><em>καὶ</em></strong></span> <span class='ocrx_word' id='word_1_370' title='bbox 969 5637 1125 5709; x_wconf 75' lang='grc' dir='ltr'><em>ἡμῶν</em></span> <span class='ocrx_word' id='word_1_371' title='bbox 1149 5638 1178 5691; x_wconf 87' lang='grc' dir='ltr'><strong>ὁ</strong></span> <span class='ocrx_word' id='word_1_372' title='bbox 1210 5638 1336 5711; x_wconf 81' lang='grc' dir='ltr'><em>περὶ</em></span> <span class='ocrx_word' id='word_1_373' title='bbox 1358 5637 1614 5710; x_wconf 81' lang='grc' dir='ltr'><em>Χριστοῦ·</em></span> <span class='ocrx_word' id='word_1_374' title='bbox 1647 5639 1706 5692; x_wconf 81' lang='grc' dir='ltr'><strong><em>ὃν</em></strong></span> <span class='ocrx_word' id='word_1_375' title='bbox 1736 5638 1811 5711; x_wconf 83' lang='grc' dir='ltr'><em>πὴ</em></span> <span class='ocrx_word' id='word_1_376' title='bbox 1848 5640 1947 5710; x_wconf 82' lang='grc' dir='ltr'><strong><em>μὲν</em></strong></span> 
     </span>
    </p>
   </div>
   <div class='ocr_carea' id='block_1_64' title="bbox 370 5725 1945 5803">
    <p class='ocr_par' dir='ltr' id='par_1_64' title="bbox 370 5725 1945 5803">
     <span class='ocr_line' id='line_1_68' title="bbox 370 5725 1945 5803; baseline 0.005 -27"><span class='ocrx_word' id='word_1_377' title='bbox 370 5725 571 5796; x_wconf 80' lang='grc' dir='ltr'><em>ὁμοίως</em></span> <span class='ocrx_word' id='word_1_378' title='bbox 597 5728 727 5797; x_wconf 84' lang='grc' dir='ltr'><strong><em>ἡμῖν</em></strong></span> <span class='ocrx_word' id='word_1_379' title='bbox 757 5732 875 5793; x_wconf 78' lang='grc' dir='ltr'><em>ταῖς</em></span> <span class='ocrx_word' id='word_1_380' title='bbox 913 5731 1042 5803; x_wconf 89' lang='grc' dir='ltr'><em>παρ’</em></span> <span class='ocrx_word' id='word_1_381' title='bbox 1075 5732 1260 5795; x_wconf 84' lang='grc' dir='ltr'><em>αὐτοῖς</em></span> <span class='ocrx_word' id='word_1_382' title='bbox 1295 5732 1550 5803; x_wconf 80' lang='grc' dir='ltr'><em>ἑπόμενοι</em></span> <span class='ocrx_word' id='word_1_383' title='bbox 1594 5731 1833 5802; x_wconf 72' lang='grc' dir='ltr'><em>Γραφαῖς</em></span> <span class='ocrx_word' id='word_1_384' title='bbox 1867 5730 1945 5784; x_wconf 75' lang='grc' dir='ltr'><em>ἔτι</em></span> 
     </span>
    </p>
   </div>
   <div class='ocr_carea' id='block_1_65' title="bbox 370 5814 1943 5894">
    <p class='ocr_par' dir='ltr' id='par_1_65' title="bbox 370 5814 1943 5894">
     <span class='ocr_line' id='line_1_69' title="bbox 370 5814 1943 5894; baseline 0.003 -24"><span class='ocrx_word' id='word_1_385' title='bbox 370 5814 463 5871; x_wconf 74' lang='grc' dir='ltr'><strong><em>νῦν</em></strong></span> <span class='ocrx_word' id='word_1_386' title='bbox 502 5817 840 5889; x_wconf 70' lang='grc' dir='ltr'><em>ὁμολογοῦσι,</em></span> <span class='ocrx_word' id='word_1_387' title='bbox 889 5821 962 5894; x_wconf 79' lang='grc' dir='ltr'><em>πὴ</em></span> <span class='ocrx_word' id='word_1_388' title='bbox 1010 5822 1065 5876; x_wconf 88' lang='grc' dir='ltr'><strong><em>δὲ</em></strong></span> <span class='ocrx_word' id='word_1_389' title='bbox 1114 5821 1332 5894; x_wconf 77' lang='grc' dir='ltr'><em>μακρὰν</em></span> <span class='ocrx_word' id='word_1_390' title='bbox 1370 5823 1760 5887; x_wconf 76' lang='grc' dir='ltr'><em>ἁποπέπτουσι,</em></span> <span class='ocrx_word' id='word_1_391' title='bbox 1810 5823 1943 5893; x_wconf 79' lang='grc' dir='ltr'><em>μήτε</em></span> 
     </span>
    </p>
   </div>
   <div class='ocr_carea' id='block_1_66' title="bbox 1294 4652 1950 4723">
    <p class='ocr_par' dir='ltr' id='par_1_66' title="bbox 1294 4652 1950 4723">
     <span class='ocr_line' id='line_1_70' title="bbox 1294 4652 1950 4723; baseline 0 -18"><span class='ocrx_word' id='word_1_392' title='bbox 1294 4652 1443 4707; x_wconf 89' lang='grc' dir='ltr'><em>Θεοῦ</em></span> <span class='ocrx_word' id='word_1_393' title='bbox 1464 4652 1768 4723; x_wconf 82' lang='grc' dir='ltr'><em>μυστικῆς</em></span> <span class='ocrx_word' id='word_1_394' title='bbox 1792 4656 1950 4708; x_wconf 82' lang='grc' dir='ltr'><em>οὶκο-</em></span> 
     </span>
    </p>
   </div>
   <div class='ocr_carea' id='block_1_67' title="bbox 1239 356 2703 421">
    <p class='ocr_par' dir='ltr' id='par_1_67' title="bbox 1239 356 2703 421">
     <span class='ocr_line' id='line_1_71' title="bbox 1239 356 2703 421; baseline -0.001 -4"><span class='ocrx_word' id='word_1_395' title='bbox 1239 362 1900 421; x_wconf 76' lang='lat' dir='ltr'><strong><em>‘DEMONSTRATIONIS</em></strong></span> <span class='ocrx_word' id='word_1_396' title='bbox 1938 356 2400 419; x_wconf 64' lang='lat' dir='ltr'><strong><em>EVANGELIClE</em></strong></span> <span class='ocrx_word' id='word_1_397' title='bbox 2443 356 2573 418; x_wconf 83' lang='lat' dir='ltr'><strong><em>LIB.</em></strong></span> <span class='ocrx_word' id='word_1_398' title='bbox 2615 360 2703 416; x_wconf 72' lang='lat' dir='ltr'><strong><em>IV.</em></strong></span> 
     </span>
    </p>
   </div>
   <div class='ocr_carea' id='block_1_68' title="bbox 3510 364 3619 422">
    <p class='ocr_par' dir='ltr' id='par_1_68' title="bbox 3510 364 3619 422">
     <span class='ocr_line' id='line_1_72' title="bbox 3510 364 3619 422; baseline 0.037 -4"><span class='ocrx_word' id='word_1_399' title='bbox 3510 364 3619 422; x_wconf 72' lang='lat'><strong><em>250</em></strong></span> 
     </span>
    </p>
   </div>
   <div class='ocr_carea' id='block_1_69' title="bbox 1843 479 3619 548">
    <p class='ocr_par' dir='ltr' id='par_1_69' title="bbox 1843 479 3619 548">
     <span class='ocr_line' id='line_1_73' title="bbox 1843 479 3619 548; baseline 0.001 -13"><span class='ocrx_word' id='word_1_400' title='bbox 1843 483 1948 536; x_wconf 88' lang='grc' dir='ltr'><strong><em>τοῦ</em></strong></span> <span class='ocrx_word' id='word_1_401' title='bbox 1978 492 2021 545; x_wconf 72' lang='grc' dir='ltr'>Α</span> <span class='ocrx_word' id='word_1_402' title='bbox 2052 483 2106 538; x_wconf 75' lang='grc'><em>4.</em></span> <span class='ocrx_word' id='word_1_403' title='bbox 2150 481 2304 547; x_wconf 97' lang='lat' dir='ltr'><strong><em>Quod</em></strong></span> <span class='ocrx_word' id='word_1_404' title='bbox 2327 480 2395 534; x_wconf 89' lang='lat' dir='ltr'><strong><em>ad</em></strong></span> <span class='ocrx_word' id='word_1_405' title='bbox 2414 481 2840 536; x_wconf 77' lang='lat' dir='ltr'><strong><em>constitutionem</em></strong></span> <span class='ocrx_word' id='word_1_406' title='bbox 2863 479 3094 535; x_wconf 82' lang='lat' dir='ltr'><strong><em>universi</em></strong></span> <span class='ocrx_word' id='word_1_407' title='bbox 3112 523 3127 548; x_wconf 93' lang='lat'><strong><em>,</em></strong></span> <span class='ocrx_word' id='word_1_408' title='bbox 3151 483 3448 536; x_wconf 85' lang='lat' dir='ltr'><strong><em>necessaria</em></strong></span> <span class='ocrx_word' id='word_1_409' title='bbox 3473 483 3619 538; x_wconf 81' lang='lat' dir='ltr'><strong><em>unici</em></strong></span> 
     </span>
    </p>
   </div>
   <div class='ocr_carea' id='block_1_70' title="bbox 2125 551 3061 620">
    <p class='ocr_par' dir='ltr' id='par_1_70' title="bbox 2125 551 3061 620">
     <span class='ocr_line' id='line_1_74' title="bbox 2125 551 3061 620; baseline -0.001 -13"><span class='ocrx_word' id='word_1_410' title='bbox 2125 553 2222 607; x_wconf 92' lang='lat' dir='ltr'><strong><em>Dei</em></strong></span> <span class='ocrx_word' id='word_1_411' title='bbox 2257 551 2391 606; x_wconf 80' lang='lat' dir='ltr'><strong><em>Filii</em></strong></span> <span class='ocrx_word' id='word_1_412' title='bbox 2425 554 2712 606; x_wconf 85' lang='lat' dir='ltr'><strong><em>antecessio</em></strong></span> <span class='ocrx_word' id='word_1_413' title='bbox 2744 552 3061 620; x_wconf 81' lang='lat' dir='ltr'><strong><em>assignetur.</em></strong></span> 
     </span>
    </p>
   </div>
   <div class='ocr_carea' id='block_1_71' title="bbox 2050 641 3616 712">
    <p class='ocr_par' dir='ltr' id='par_1_71' title="bbox 2050 641 3616 712">
     <span class='ocr_line' id='line_1_75' title="bbox 2050 641 3616 712; baseline -0.001 -12"><span class='ocrx_word' id='word_1_414' title='bbox 2050 645 2104 700; x_wconf 83' lang='lat'><strong><em>5.</em></strong></span> <span class='ocrx_word' id='word_1_415' title='bbox 2151 643 2305 711; x_wconf 89' lang='lat' dir='ltr'><strong><em>Quod</em></strong></span> <span class='ocrx_word' id='word_1_416' title='bbox 2338 643 2747 698; x_wconf 79' lang='lat' dir='ltr'><strong><em>innumerabiles</em></strong></span> <span class='ocrx_word' id='word_1_417' title='bbox 2777 641 2984 712; x_wconf 85' lang='lat' dir='ltr'><strong><em>quidem</em></strong></span> <span class='ocrx_word' id='word_1_418' title='bbox 3008 643 3238 710; x_wconf 82' lang='lat' dir='ltr'><strong><em>[utemur</em></strong></span> <span class='ocrx_word' id='word_1_419' title='bbox 3259 661 3372 699; x_wconf 87' lang='lat' dir='ltr'><strong><em>esse</em></strong></span> <span class='ocrx_word' id='word_1_420' title='bbox 3405 651 3616 699; x_wconf 69' lang='lat' dir='ltr'><strong><em>creatas</em></strong></span> 
     </span>
    </p>
   </div>
   <div class='ocr_carea' id='block_1_72' title="bbox 2119 713 3608 783">
    <p class='ocr_par' dir='ltr' id='par_1_72' title="bbox 2119 713 3608 783">
     <span class='ocr_line' id='line_1_76' title="bbox 2119 713 3608 783; baseline 0 -17"><span class='ocrx_word' id='word_1_421' title='bbox 2119 714 2324 769; x_wconf 88' lang='lat' dir='ltr'><strong><em>divinas</em></strong></span> <span class='ocrx_word' id='word_1_422' title='bbox 2375 724 2697 783; x_wconf 87' lang='lat' dir='ltr'><strong><em>potestates,</em></strong></span> <span class='ocrx_word' id='word_1_423' title='bbox 2753 729 2914 766; x_wconf 86' lang='lat' dir='ltr'><strong><em>unam</em></strong></span> <span class='ocrx_word' id='word_1_424' title='bbox 2967 730 3085 769; x_wconf 88' lang='lat' dir='ltr'><strong><em>vero</em></strong></span> <span class='ocrx_word' id='word_1_425' title='bbox 3129 715 3390 769; x_wconf 69' lang='lat' dir='ltr'><strong><em>duntaatat</em></strong></span> <span class='ocrx_word' id='word_1_426' title='bbox 3443 713 3608 779; x_wconf 79' lang='lat' dir='ltr'><strong><em>ipsius</em></strong></span> 
     </span>
    </p>
   </div>
   <div class='ocr_carea' id='block_1_73' title="bbox 2122 782 3619 855">
    <p class='ocr_par' dir='ltr' id='par_1_73' title="bbox 2122 782 3619 855">
     <span class='ocr_line' id='line_1_77' title="bbox 2122 782 3619 855; baseline -0.001 -17"><span class='ocrx_word' id='word_1_427' title='bbox 2122 783 2292 848; x_wconf 83' lang='lat' dir='ltr'><strong><em>Filii,</em></strong></span> <span class='ocrx_word' id='word_1_428' title='bbox 2322 798 2532 854; x_wconf 83' lang='lat' dir='ltr'><strong><em>propter</em></strong></span> <span class='ocrx_word' id='word_1_429' title='bbox 2561 800 2717 853; x_wconf 89' lang='lat' dir='ltr'><strong><em>quam</em></strong></span> <span class='ocrx_word' id='word_1_430' title='bbox 2742 783 3034 855; x_wconf 79' lang='lat' dir='ltr'><strong><em>inducitur,</em></strong></span> <span class='ocrx_word' id='word_1_431' title='bbox 3071 786 3351 855; x_wconf 79' lang='lat' dir='ltr'><strong><em>imaginem</em></strong></span> <span class='ocrx_word' id='word_1_432' title='bbox 3379 783 3474 837; x_wconf 89' lang='lat' dir='ltr'><strong><em>Dei</em></strong></span> <span class='ocrx_word' id='word_1_433' title='bbox 3512 782 3619 837; x_wconf 91' lang='lat' dir='ltr'><strong><em>Pa-</em></strong></span> 
     </span>
    </p>
   </div>
   <div class='ocr_carea' id='block_1_74' title="bbox 2118 853 3159 924">
    <p class='ocr_par' dir='ltr' id='par_1_74' title="bbox 2118 853 3159 924">
     <span class='ocr_line' id='line_1_78' title="bbox 2118 853 3159 924; baseline 0.001 -16"><span class='ocrx_word' id='word_1_434' title='bbox 2118 858 2216 910; x_wconf 86' lang='lat' dir='ltr'><strong><em>tris</em></strong></span> <span class='ocrx_word' id='word_1_435' title='bbox 2244 853 2376 918; x_wconf 83' lang='lat' dir='ltr'><strong><em>esse,</em></strong></span> <span class='ocrx_word' id='word_1_436' title='bbox 2410 855 2691 924; x_wconf 75' lang='lat' dir='ltr'><strong><em>theologica</em></strong></span> <span class='ocrx_word' id='word_1_437' title='bbox 2718 853 3159 909; x_wconf 76' lang='lat' dir='ltr'><strong><em>demonstremus.</em></strong></span> 
     </span>
    </p>
   </div>
   <div class='ocr_carea' id='block_1_75' title="bbox 2046 943 3620 1013">
    <p class='ocr_par' dir='ltr' id='par_1_75' title="bbox 2046 943 3620 1013">
     <span class='ocr_line' id='line_1_79' title="bbox 2046 943 3620 1013; baseline -0.003 -11"><span class='ocrx_word' id='word_1_438' title='bbox 2046 945 2101 1002; x_wconf 84' lang='grc'><em>6.</em></span> <span class='ocrx_word' id='word_1_439' title='bbox 2144 945 2299 1012; x_wconf 86' lang='lat' dir='ltr'><strong><em>Quod</em></strong></span> <span class='ocrx_word' id='word_1_440' title='bbox 2350 964 2383 999; x_wconf 92' lang='lat' dir='ltr'><strong><em>a</em></strong></span> <span class='ocrx_word' id='word_1_441' title='bbox 2431 947 2607 1013; x_wconf 90' lang='lat' dir='ltr'><strong><em>prima</em></strong></span> <span class='ocrx_word' id='word_1_442' title='bbox 2659 945 3034 998; x_wconf 75' lang='lat' dir='ltr'><strong><em>constitutione</em></strong></span> <span class='ocrx_word' id='word_1_443' title='bbox 3083 946 3348 1009; x_wconf 77' lang='lat' dir='ltr'><strong><em>uniuersi,</em></strong></span> <span class='ocrx_word' id='word_1_444' title='bbox 3410 943 3620 998; x_wconf 79' lang='lat' dir='ltr'><strong><em>occulta</em></strong></span> 
     </span>
    </p>
   </div>
   <div class='ocr_carea' id='block_1_76' title="bbox 2154 1014 3617 1086">
    <p class='ocr_par' dir='ltr' id='par_1_76' title="bbox 2154 1014 3617 1086">
     <span class='ocr_line' id='line_1_80' title="bbox 2154 1014 3617 1086; baseline 0.001 -17"><span class='ocrx_word' id='word_1_445' title='bbox 2154 1016 2348 1070; x_wconf 82' lang='lat' dir='ltr'><strong><em>undam</em></strong></span> <span class='ocrx_word' id='word_1_446' title='bbox 2382 1017 2664 1085; x_wconf 85' lang='lat' dir='ltr'><strong><em>ignotaque</em></strong></span> <span class='ocrx_word' id='word_1_447' title='bbox 2692 1016 2927 1075; x_wconf 90' lang='lat' dir='ltr'><strong><em>ratione,</em></strong></span> <span class='ocrx_word' id='word_1_448' title='bbox 2962 1014 3205 1071; x_wconf 77' lang='lat' dir='ltr'><strong><em>Christus</em></strong></span> <span class='ocrx_word' id='word_1_449' title='bbox 3224 1017 3319 1070; x_wconf 89' lang='lat' dir='ltr'><strong><em>Dei</em></strong></span> <span class='ocrx_word' id='word_1_450' title='bbox 3358 1015 3617 1086; x_wconf 78' lang='lat' dir='ltr'><strong><em>religiosis</em></strong></span> 
     </span>
    </p>
   </div>
   <div class='ocr_carea' id='block_1_77' title="bbox 2171 1085 3052 1158">
    <p class='ocr_par' dir='ltr' id='par_1_77' title="bbox 2171 1085 3052 1158">
     <span class='ocr_line' id='line_1_81' title="bbox 2171 1085 3052 1158; baseline -0.002 -16"><span class='ocrx_word' id='word_1_451' title='bbox 2171 1103 2331 1158; x_wconf 87' lang='lat' dir='ltr'><strong><em>eoque</em></strong></span> <span class='ocrx_word' id='word_1_452' title='bbox 2355 1087 2521 1157; x_wconf 78' lang='lat' dir='ltr'><strong><em>gratis</em></strong></span> <span class='ocrx_word' id='word_1_453' title='bbox 2555 1086 2749 1139; x_wconf 85' lang='lat' dir='ltr'><strong><em>animis</em></strong></span> <span class='ocrx_word' id='word_1_454' title='bbox 2782 1085 3052 1153; x_wconf 74' lang='lat' dir='ltr'><strong><em>pra’sidet.</em></strong></span> 
     </span>
    </p>
   </div>
   <div class='ocr_carea' id='block_1_78' title="bbox 2049 1172 3621 1247">
    <p class='ocr_par' dir='ltr' id='par_1_78' title="bbox 2049 1172 3621 1247">
     <span class='ocr_line' id='line_1_82' title="bbox 2049 1172 3621 1247; baseline -0.003 -16"><span class='ocrx_word' id='word_1_455' title='bbox 2049 1179 2100 1233; x_wconf 85' lang='lat'><strong><em>&#39;7.</em></strong></span> <span class='ocrx_word' id='word_1_456' title='bbox 2145 1178 2301 1244; x_wconf 86' lang='lat' dir='ltr'><strong><em>Quod</em></strong></span> <span class='ocrx_word' id='word_1_457' title='bbox 2336 1178 2464 1232; x_wconf 88' lang='lat' dir='ltr'><strong><em>solis</em></strong></span> <span class='ocrx_word' id='word_1_458' title='bbox 2511 1176 2753 1231; x_wconf 78' lang='lat' dir='ltr'><strong><em>Hebrwis</em></strong></span> <span class='ocrx_word' id='word_1_459' title='bbox 2798 1176 3092 1245; x_wconf 89' lang='lat' dir='ltr'><strong><em>antiquitus</em></strong></span> <span class='ocrx_word' id='word_1_460' title='bbox 3119 1177 3346 1247; x_wconf 85' lang='lat' dir='ltr'><strong><em>cognitio</em></strong></span> <span class='ocrx_word' id='word_1_461' title='bbox 3375 1172 3621 1247; x_wconf 71' lang='lat' dir='ltr'><strong><em>Deiani-</em></strong></span> 
     </span>
    </p>
   </div>
   <div class='ocr_carea' id='block_1_79' title="bbox 2118 1245 3618 1317">
    <p class='ocr_par' dir='ltr' id='par_1_79' title="bbox 2118 1245 3618 1317">
     <span class='ocr_line' id='line_1_83' title="bbox 2118 1245 3618 1317; baseline -0.003 -14"><span class='ocrx_word' id='word_1_462' title='bbox 2118 1250 2253 1303; x_wconf 81' lang='lat' dir='ltr'><strong><em>versi</em></strong></span> <span class='ocrx_word' id='word_1_463' title='bbox 2284 1248 2495 1316; x_wconf 87' lang='lat' dir='ltr'><strong><em>prodita</em></strong></span> <span class='ocrx_word' id='word_1_464' title='bbox 2527 1248 2633 1311; x_wconf 91' lang='lat' dir='ltr'><strong><em>sit,</em></strong></span> <span class='ocrx_word' id='word_1_465' title='bbox 2672 1263 2788 1317; x_wconf 70' lang='lat' dir='ltr'><strong><em>qua:</em></strong></span> <span class='ocrx_word' id='word_1_466' title='bbox 2820 1247 3035 1301; x_wconf 79' lang='lat' dir='ltr'><strong><em>Christo</em></strong></span> <span class='ocrx_word' id='word_1_467' title='bbox 3074 1245 3304 1317; x_wconf 77' lang='lat' dir='ltr'><strong><em>seipsum</em></strong></span> <span class='ocrx_word' id='word_1_468' title='bbox 3344 1245 3618 1299; x_wconf 69' lang='lat' dir='ltr'><strong><em>exhibent:</em></strong></span> 
     </span>
    </p>
   </div>
   <div class='ocr_carea' id='block_1_80' title="bbox 2114 1322 2486 1389">
    <p class='ocr_par' dir='ltr' id='par_1_80' title="bbox 2114 1322 2486 1389">
     <span class='ocr_line' id='line_1_84' title="bbox 2114 1322 2486 1389; baseline -0.003 -15"><span class='ocrx_word' id='word_1_469' title='bbox 2114 1322 2486 1389; x_wconf 84' lang='lat' dir='ltr'><strong><em>perciperetur.</em></strong></span> 
     </span>
    </p>
   </div>
   <div class='ocr_carea' id='block_1_81' title="bbox 2047 1407 3618 1481">
    <p class='ocr_par' dir='ltr' id='par_1_81' title="bbox 2047 1407 3618 1481">
     <span class='ocr_line' id='line_1_85' title="bbox 2047 1407 3618 1481; baseline 0 -16"><span class='ocrx_word' id='word_1_470' title='bbox 2047 1409 2100 1465; x_wconf 86' lang='lat'><strong><em>8.</em></strong></span> <span class='ocrx_word' id='word_1_471' title='bbox 2146 1408 2300 1475; x_wconf 86' lang='lat' dir='ltr'><strong><em>Quod</em></strong></span> <span class='ocrx_word' id='word_1_472' title='bbox 2339 1408 2455 1481; x_wconf 84' lang='lat' dir='ltr'><strong><em>sola</em></strong></span> <span class='ocrx_word' id='word_1_473' title='bbox 2495 1407 2612 1462; x_wconf 69' lang='lat' dir='ltr'><strong><em>curii</em></strong></span> <span class='ocrx_word' id='word_1_474' title='bbox 2650 1408 2828 1463; x_wconf 83' lang='lat' dir='ltr'><strong><em>sidera</em></strong></span> <span class='ocrx_word' id='word_1_475' title='bbox 2855 1417 2904 1463; x_wconf 88' lang='lat' dir='ltr'><strong><em>et</em></strong></span> <span class='ocrx_word' id='word_1_476' title='bbox 2953 1409 3165 1481; x_wconf 8' lang='lat' dir='ltr'><strong><em>lumina?</em></strong></span> <span class='ocrx_word' id='word_1_477' title='bbox 3201 1409 3414 1481; x_wconf 75' lang='lat' dir='ltr'><strong><em>reliqua:</em></strong></span> <span class='ocrx_word' id='word_1_478' title='bbox 3462 1407 3618 1481; x_wconf 59' lang='grc'><strong><em>163</em></strong></span> 
     </span>
    </p>
   </div>
   <div class='ocr_carea' id='block_1_82' title="bbox 2116 1479 3620 1551">
    <p class='ocr_par' dir='ltr' id='par_1_82' title="bbox 2116 1479 3620 1551">
     <span class='ocr_line' id='line_1_86' title="bbox 2116 1479 3620 1551; baseline 0.001 -18"><span class='ocrx_word' id='word_1_479' title='bbox 2116 1490 2291 1550; x_wconf 80' lang='lat' dir='ltr'><strong><em>gentes</em></strong></span> <span class='ocrx_word' id='word_1_480' title='bbox 2321 1479 2583 1551; x_wconf 86' lang='lat' dir='ltr'><strong><em>colerent,</em></strong></span> <span class='ocrx_word' id='word_1_481' title='bbox 2633 1495 2750 1551; x_wconf 76' lang='lat' dir='ltr'><strong><em>qua:</em></strong></span> <span class='ocrx_word' id='word_1_482' title='bbox 2783 1496 3020 1534; x_wconf 83' lang='lat' dir='ltr'><strong><em>seorsum</em></strong></span> <span class='ocrx_word' id='word_1_483' title='bbox 3059 1480 3372 1549; x_wconf 87' lang='lat' dir='ltr'><strong><em>quibusdam</em></strong></span> <span class='ocrx_word' id='word_1_484' title='bbox 3419 1479 3620 1550; x_wconf 72' lang='lat' dir='ltr'><strong><em>angelis</em></strong></span> 
     </span>
    </p>
   </div>
   <div class='ocr_carea' id='block_1_83' title="bbox 2117 1550 2564 1620">
    <p class='ocr_par' dir='ltr' id='par_1_83' title="bbox 2117 1550 2564 1620">
     <span class='ocr_line' id='line_1_87' title="bbox 2117 1550 2564 1620; baseline 0.002 -17"><span class='ocrx_word' id='word_1_485' title='bbox 2117 1551 2402 1620; x_wconf 78' lang='lat' dir='ltr'><strong><em>assignattc</em></strong></span> <span class='ocrx_word' id='word_1_486' title='bbox 2438 1550 2564 1604; x_wconf 88' lang='lat' dir='ltr'><strong><em>sint.</em></strong></span> 
     </span>
    </p>
   </div>
   <div class='ocr_carea' id='block_1_84' title="bbox 2045 1640 3620 1709">
    <p class='ocr_par' dir='ltr' id='par_1_84' title="bbox 2045 1640 3620 1709">
     <span class='ocr_line' id='line_1_88' title="bbox 2045 1640 3620 1709; baseline -0.003 -12"><span class='ocrx_word' id='word_1_487' title='bbox 2045 1643 2097 1698; x_wconf 88' lang='lat'><strong><em>9.</em></strong></span> <span class='ocrx_word' id='word_1_488' title='bbox 2132 1641 2203 1695; x_wconf 93' lang='lat' dir='ltr'><strong><em>De</em></strong></span> <span class='ocrx_word' id='word_1_489' title='bbox 2230 1640 2447 1693; x_wconf 86' lang='lat' dir='ltr'><strong><em>inimica</em></strong></span> <span class='ocrx_word' id='word_1_490' title='bbox 2474 1656 2535 1693; x_wconf 92' lang='lat' dir='ltr'><strong><em>ac</em></strong></span> <span class='ocrx_word' id='word_1_491' title='bbox 2578 1642 2678 1709; x_wconf 82' lang='lat' dir='ltr'><strong><em>ipsi</em></strong></span> <span class='ocrx_word' id='word_1_492' title='bbox 2711 1640 2814 1695; x_wconf 90' lang='lat' dir='ltr'><strong><em>Deo</em></strong></span> <span class='ocrx_word' id='word_1_493' title='bbox 2846 1643 3154 1695; x_wconf 81' lang='lat' dir='ltr'><strong><em>adversante</em></strong></span> <span class='ocrx_word' id='word_1_494' title='bbox 3175 1650 3450 1708; x_wconf 80' lang='lat' dir='ltr'><strong><em>potestate.</em></strong></span> <span class='ocrx_word' id='word_1_495' title='bbox 3489 1650 3620 1693; x_wconf 87' lang='lat' dir='ltr'><strong><em>eteo</em></strong></span> 
     </span>
    </p>
   </div>
   <div class='ocr_carea' id='block_1_85' title="bbox 2115 1709 3622 1783">
    <p class='ocr_par' dir='ltr' id='par_1_85' title="bbox 2115 1709 3622 1783">
     <span class='ocr_line' id='line_1_89' title="bbox 2115 1709 3622 1783; baseline 0 -19"><span class='ocrx_word' id='word_1_496' title='bbox 2115 1712 2281 1783; x_wconf 88' lang='lat' dir='ltr'><strong><em>quiin</em></strong></span> <span class='ocrx_word' id='word_1_497' title='bbox 2313 1709 2411 1783; x_wconf 78' lang='lat' dir='ltr'><strong><em>hac</em></strong></span> <span class='ocrx_word' id='word_1_498' title='bbox 2438 1710 2767 1783; x_wconf 82' lang='lat' dir='ltr'><strong><em>dominatur,</em></strong></span> <span class='ocrx_word' id='word_1_499' title='bbox 2799 1721 2846 1765; x_wconf 93' lang='lat' dir='ltr'><strong><em>et</em></strong></span> <span class='ocrx_word' id='word_1_500' title='bbox 2902 1712 3339 1782; x_wconf 85' lang='lat' dir='ltr'><strong><em>quemadmodum</em></strong></span> <span class='ocrx_word' id='word_1_501' title='bbox 3367 1728 3456 1781; x_wconf 90' lang='lat' dir='ltr'><strong><em>per</em></strong></span> <span class='ocrx_word' id='word_1_502' title='bbox 3486 1710 3622 1764; x_wconf 84' lang='lat' dir='ltr'><strong><em>hanc</em></strong></span> 
     </span>
    </p>
   </div>
   <div class='ocr_carea' id='block_1_86' title="bbox 2120 1780 3090 1851">
    <p class='ocr_par' dir='ltr' id='par_1_86' title="bbox 2120 1780 3090 1851">
     <span class='ocr_line' id='line_1_90' title="bbox 2120 1780 3090 1851; baseline 0 -14"><span class='ocrx_word' id='word_1_503' title='bbox 2120 1780 2271 1837; x_wconf 86' lang='lat' dir='ltr'><strong><em>omne</em></strong></span> <span class='ocrx_word' id='word_1_504' title='bbox 2302 1780 2576 1835; x_wconf 87' lang='lat' dir='ltr'><strong><em>hominum</em></strong></span> <span class='ocrx_word' id='word_1_505' title='bbox 2602 1782 2877 1835; x_wconf 83' lang='lat' dir='ltr'><strong><em>seductum</em></strong></span> <span class='ocrx_word' id='word_1_506' title='bbox 2911 1780 3090 1851; x_wconf 81' lang='lat' dir='ltr'><strong><em>genus.</em></strong></span> 
     </span>
    </p>
   </div>
   <div class='ocr_carea' id='block_1_87' title="bbox 2050 1936 3622 2004">
    <p class='ocr_par' dir='ltr' id='par_1_87' title="bbox 2050 1936 3622 2004">
     <span class='ocr_line' id='line_1_91' title="bbox 2050 1936 3622 2004; baseline -0.003 -10"><span class='ocrx_word' id='word_1_507' title='bbox 2050 1940 2137 1994; x_wconf 86' lang='grc'><strong><em>10.</em></strong></span> <span class='ocrx_word' id='word_1_508' title='bbox 2165 1937 2624 2004; x_wconf 87' lang='lat' dir='ltr'><strong><em>Quemadmodum</em></strong></span> <span class='ocrx_word' id='word_1_509' title='bbox 2658 1939 2953 1993; x_wconf 76' lang='lat' dir='ltr'><strong><em>necessario</em></strong></span> <span class='ocrx_word' id='word_1_510' title='bbox 2990 1938 3086 1993; x_wconf 91' lang='lat' dir='ltr'><strong><em>Dei</em></strong></span> <span class='ocrx_word' id='word_1_511' title='bbox 3134 1941 3318 1994; x_wconf 86' lang='lat' dir='ltr'><strong><em>unicus</em></strong></span> <span class='ocrx_word' id='word_1_512' title='bbox 3346 1938 3518 1993; x_wconf 84' lang='lat' dir='ltr'><strong><em>Filius</em></strong></span> <span class='ocrx_word' id='word_1_513' title='bbox 3553 1936 3622 1991; x_wconf 87' lang='lat' dir='ltr'><strong><em>ad</em></strong></span> 
     </span>
    </p>
   </div>
   <div class='ocr_carea' id='block_1_88' title="bbox 2119 2009 2594 2064">
    <p class='ocr_par' dir='ltr' id='par_1_88' title="bbox 2119 2009 2594 2064">
     <span class='ocr_line' id='line_1_92' title="bbox 2119 2009 2594 2064; baseline 0.002 -3"><span class='ocrx_word' id='word_1_514' title='bbox 2119 2009 2356 2064; x_wconf 87' lang='lat' dir='ltr'><strong><em>homines</em></strong></span> <span class='ocrx_word' id='word_1_515' title='bbox 2372 2010 2594 2063; x_wconf 88' lang='lat' dir='ltr'><strong><em>devenit.</em></strong></span> 
     </span>
    </p>
   </div>
   <div class='ocr_carea' id='block_1_89' title="bbox 2048 2097 3447 2170">
    <p class='ocr_par' dir='ltr' id='par_1_89' title="bbox 2048 2097 3447 2170">
     <span class='ocr_line' id='line_1_93' title="bbox 2048 2097 3447 2170; baseline 0.001 -18"><span class='ocrx_word' id='word_1_516' title='bbox 2048 2098 2136 2152; x_wconf 76' lang='lat' dir='ltr'><strong><em>il.</em></strong></span> <span class='ocrx_word' id='word_1_517' title='bbox 2173 2097 2632 2165; x_wconf 86' lang='lat' dir='ltr'><strong><em>Quemadmodum</em></strong></span> <span class='ocrx_word' id='word_1_518' title='bbox 2664 2101 2801 2153; x_wconf 89' lang='lat' dir='ltr'><strong><em>inter</em></strong></span> <span class='ocrx_word' id='word_1_519' title='bbox 2830 2098 3063 2153; x_wconf 86' lang='lat' dir='ltr'><strong><em>homines</em></strong></span> <span class='ocrx_word' id='word_1_520' title='bbox 3085 2099 3245 2153; x_wconf 77' lang='lat' dir='ltr'><strong><em>vitam</em></strong></span> <span class='ocrx_word' id='word_1_521' title='bbox 3267 2102 3447 2170; x_wconf 79' lang='lat' dir='ltr'><strong><em>egerit.</em></strong></span> 
     </span>
    </p>
   </div>
   <div class='ocr_carea' id='block_1_90' title="bbox 2050 2189 3624 2260">
    <p class='ocr_par' dir='ltr' id='par_1_90' title="bbox 2050 2189 3624 2260">
     <span class='ocr_line' id='line_1_94' title="bbox 2050 2189 3624 2260; baseline 0.001 -15"><span class='ocrx_word' id='word_1_522' title='bbox 2050 2190 2138 2260; x_wconf 76' lang='grc'><strong><em>12.</em></strong></span> <span class='ocrx_word' id='word_1_523' title='bbox 2175 2189 2328 2260; x_wconf 88' lang='lat' dir='ltr'><strong><em>Quod</em></strong></span> <span class='ocrx_word' id='word_1_524' title='bbox 2360 2205 2523 2260; x_wconf 77' lang='lat' dir='ltr'><strong><em>usque</em></strong></span> <span class='ocrx_word' id='word_1_525' title='bbox 2545 2191 2614 2244; x_wconf 91' lang='lat' dir='ltr'><strong><em>ad</em></strong></span> <span class='ocrx_word' id='word_1_526' title='bbox 2650 2207 2736 2244; x_wconf 90' lang='lat' dir='ltr'><strong><em>eos</em></strong></span> <span class='ocrx_word' id='word_1_527' title='bbox 2767 2190 2857 2260; x_wconf 91' lang='lat' dir='ltr'><strong><em>qui</em></strong></span> <span class='ocrx_word' id='word_1_528' title='bbox 2909 2191 3196 2254; x_wconf 87' lang='lat' dir='ltr'><strong><em>antiquitus</em></strong></span> <span class='ocrx_word' id='word_1_529' title='bbox 3232 2192 3428 2244; x_wconf 86' lang='lat' dir='ltr'><strong><em>mortui</em></strong></span> <span class='ocrx_word' id='word_1_530' title='bbox 3448 2202 3624 2259; x_wconf 84' lang='lat' dir='ltr'><strong><em>erant,</em></strong></span> 
     </span>
    </p>
   </div>
   <div class='ocr_carea' id='block_1_91' title="bbox 2120 2259 3103 2329">
    <p class='ocr_par' dir='ltr' id='par_1_91' title="bbox 2120 2259 3103 2329">
     <span class='ocr_line' id='line_1_95' title="bbox 2120 2259 3103 2329; baseline -0.001 -17"><span class='ocrx_word' id='word_1_531' title='bbox 2120 2259 2255 2329; x_wconf 87' lang='lat' dir='ltr'><strong><em>leges</em></strong></span> <span class='ocrx_word' id='word_1_532' title='bbox 2283 2259 2631 2315; x_wconf 87' lang='lat' dir='ltr'><strong><em>humanitatis</em></strong></span> <span class='ocrx_word' id='word_1_533' title='bbox 2653 2259 2807 2313; x_wconf 89' lang='lat' dir='ltr'><strong><em>illum</em></strong></span> <span class='ocrx_word' id='word_1_534' title='bbox 2828 2260 3103 2314; x_wconf 75' lang='lat' dir='ltr'><strong><em>uocabant.</em></strong></span> 
     </span>
    </p>
   </div>
   <div class='ocr_carea' id='block_1_92' title="bbox 2051 2348 3625 2420">
    <p class='ocr_par' dir='ltr' id='par_1_92' title="bbox 2051 2348 3625 2420">
     <span class='ocr_line' id='line_1_96' title="bbox 2051 2348 3625 2420; baseline -0.002 -16"><span class='ocrx_word' id='word_1_535' title='bbox 2051 2350 2138 2406; x_wconf 77' lang='lat' dir='ltr'><strong><em>l5.</em></strong></span> <span class='ocrx_word' id='word_1_536' title='bbox 2164 2350 2319 2417; x_wconf 88' lang='lat' dir='ltr'><strong><em>Quod</em></strong></span> <span class='ocrx_word' id='word_1_537' title='bbox 2347 2353 2399 2404; x_wconf 89' lang='lat' dir='ltr'><strong><em>in</em></strong></span> <span class='ocrx_word' id='word_1_538' title='bbox 2431 2369 2495 2404; x_wconf 88' lang='lat' dir='ltr'><strong><em>ea</em></strong></span> <span class='ocrx_word' id='word_1_539' title='bbox 2528 2360 2721 2405; x_wconf 90' lang='lat' dir='ltr'><strong><em>natura</em></strong></span> <span class='ocrx_word' id='word_1_540' title='bbox 2743 2368 2860 2420; x_wconf 51' lang='lat' dir='ltr'><strong><em>qua,</em></strong></span> <span class='ocrx_word' id='word_1_541' title='bbox 2891 2368 2981 2404; x_wconf 85' lang='lat' dir='ltr'><strong><em>nec</em></strong></span> <span class='ocrx_word' id='word_1_542' title='bbox 3004 2351 3118 2419; x_wconf 88' lang='lat' dir='ltr'><strong><em>pati</em></strong></span> <span class='ocrx_word' id='word_1_543' title='bbox 3166 2367 3257 2403; x_wconf 73' lang='lat' dir='ltr'><strong><em>nec</em></strong></span> <span class='ocrx_word' id='word_1_544' title='bbox 3290 2348 3410 2401; x_wconf 73' lang='lat' dir='ltr'><strong><em>la&#39;di</em></strong></span> <span class='ocrx_word' id='word_1_545' title='bbox 3436 2360 3625 2417; x_wconf 84' lang='lat' dir='ltr'><strong><em>potest,</em></strong></span> 
     </span>
    </p>
   </div>
   <div class='ocr_carea' id='block_1_93' title="bbox 2116 2422 3629 2492">
    <p class='ocr_par' dir='ltr' id='par_1_93' title="bbox 2116 2422 3629 2492">
     <span class='ocr_line' id='line_1_97' title="bbox 2116 2422 3629 2492; baseline -0.001 -18"><span class='ocrx_word' id='word_1_546' title='bbox 2116 2437 2332 2492; x_wconf 69' lang='lat' dir='ltr'><strong><em>qumque</em></strong></span> <span class='ocrx_word' id='word_1_547' title='bbox 2353 2423 2661 2491; x_wconf 87' lang='lat' dir='ltr'><strong><em>incorporea</em></strong></span> <span class='ocrx_word' id='word_1_548' title='bbox 2695 2438 2766 2475; x_wconf 72' lang='lat' dir='ltr'><strong><em>est</em></strong></span> <span class='ocrx_word' id='word_1_549' title='bbox 2791 2422 3159 2490; x_wconf 86' lang='lat' dir='ltr'><strong><em>permanserit,</em></strong></span> <span class='ocrx_word' id='word_1_550' title='bbox 3185 2422 3346 2473; x_wconf 86' lang='lat' dir='ltr'><strong><em>etiam</em></strong></span> <span class='ocrx_word' id='word_1_551' title='bbox 3383 2437 3483 2489; x_wconf 88' lang='lat' dir='ltr'><strong><em>quo</em></strong></span> <span class='ocrx_word' id='word_1_552' title='bbox 3505 2434 3629 2473; x_wconf 54' lang='lat' dir='ltr'><strong><em>tem.</em></strong></span> 
     </span>
    </p>
   </div>
   <div class='ocr_carea' id='block_1_94' title="bbox 2124 2493 2750 2561">
    <p class='ocr_par' dir='ltr' id='par_1_94' title="bbox 2124 2493 2750 2561">
     <span class='ocr_line' id='line_1_98' title="bbox 2124 2493 2750 2561; baseline -0.003 -15"><span class='ocrx_word' id='word_1_553' title='bbox 2124 2508 2251 2561; x_wconf 89' lang='lat' dir='ltr'><strong><em>pore</em></strong></span> <span class='ocrx_word' id='word_1_554' title='bbox 2268 2493 2441 2561; x_wconf 81' lang='lat' dir='ltr'><strong><em>factus</em></strong></span> <span class='ocrx_word' id='word_1_555' title='bbox 2474 2503 2551 2546; x_wconf 93' lang='lat' dir='ltr'><strong><em>est</em></strong></span> <span class='ocrx_word' id='word_1_556' title='bbox 2577 2493 2750 2545; x_wconf 87' lang='lat' dir='ltr'><strong><em>homo.</em></strong></span> 
     </span>
    </p>
   </div>
   <div class='ocr_carea' id='block_1_95' title="bbox 2052 2581 3627 2651">
    <p class='ocr_par' dir='ltr' id='par_1_95' title="bbox 2052 2581 3627 2651">
     <span class='ocr_line' id='line_1_99' title="bbox 2052 2581 3627 2651; baseline -0.001 -13"><span class='ocrx_word' id='word_1_557' title='bbox 2052 2585 2138 2639; x_wconf 70' lang='grc' dir='ltr'><em>Η.</em></span> <span class='ocrx_word' id='word_1_558' title='bbox 2165 2584 2645 2651; x_wconf 87' lang='lat' dir='ltr'><strong><em>Quemadmodum,</em></strong></span> <span class='ocrx_word' id='word_1_559' title='bbox 2669 2592 2917 2639; x_wconf 85' lang='lat' dir='ltr'><strong><em>renouato</em></strong></span> <span class='ocrx_word' id='word_1_560' title='bbox 2940 2582 3167 2643; x_wconf 82' lang='lat' dir='ltr'><strong><em>homine,</em></strong></span> <span class='ocrx_word' id='word_1_561' title='bbox 3214 2583 3454 2637; x_wconf 84' lang='lat' dir='ltr'><strong><em>omnibus</em></strong></span> <span class='ocrx_word' id='word_1_562' title='bbox 3479 2581 3627 2636; x_wconf 86' lang='lat' dir='ltr'><strong><em>nobis</em></strong></span> 
     </span>
    </p>
   </div>
   <div class='ocr_carea' id='block_1_96' title="bbox 2123 2652 3243 2724">
    <p class='ocr_par' dir='ltr' id='par_1_96' title="bbox 2123 2652 3243 2724">
     <span class='ocr_line' id='line_1_100' title="bbox 2123 2652 3243 2724; baseline -0.002 -15"><span class='ocrx_word' id='word_1_563' title='bbox 2123 2666 2443 2710; x_wconf 81' lang='lat' dir='ltr'><strong><em>teternorum</em></strong></span> <span class='ocrx_word' id='word_1_564' title='bbox 2474 2657 2729 2709; x_wconf 89' lang='lat' dir='ltr'><strong><em>bonorum</em></strong></span> <span class='ocrx_word' id='word_1_565' title='bbox 2765 2669 2905 2722; x_wconf 87' lang='lat' dir='ltr'><strong><em>spem</em></strong></span> <span class='ocrx_word' id='word_1_566' title='bbox 2935 2652 3243 2724; x_wconf 68' lang='lat' dir='ltr'><strong><em>pra&#39;buerit.</em></strong></span> 
     </span>
    </p>
   </div>
   <div class='ocr_carea' id='block_1_97' title="bbox 2049 2805 3629 2879">
    <p class='ocr_par' dir='ltr' id='par_1_97' title="bbox 2049 2805 3629 2879">
     <span class='ocr_line' id='line_1_101' title="bbox 2049 2805 3629 2879; baseline -0.007 -9"><span class='ocrx_word' id='word_1_567' title='bbox 2049 2813 2137 2869; x_wconf 76' lang='grc'><strong><em>15.</em></strong></span> <span class='ocrx_word' id='word_1_568' title='bbox 2165 2811 2307 2879; x_wconf 91' lang='lat' dir='ltr'><strong><em>Quid</em></strong></span> <span class='ocrx_word' id='word_1_569' title='bbox 2329 2810 2430 2865; x_wconf 82' lang='lat' dir='ltr'><strong><em>sibi</em></strong></span> <span class='ocrx_word' id='word_1_570' title='bbox 2454 2810 2593 2871; x_wconf 79' lang='lat' dir='ltr'><strong><em>uelit,</em></strong></span> <span class='ocrx_word' id='word_1_571' title='bbox 2635 2810 2819 2879; x_wconf 86' lang='lat' dir='ltr'><strong><em>quidve</em></strong></span> <span class='ocrx_word' id='word_1_572' title='bbox 2871 2809 3130 2877; x_wconf 74' lang='lat' dir='ltr'><strong><em>signi/iret</em></strong></span> <span class='ocrx_word' id='word_1_573' title='bbox 3160 2805 3496 2879; x_wconf 82' lang='lat' dir='ltr'><strong><em>ipse_Christi</em></strong></span> <span class='ocrx_word' id='word_1_574' title='bbox 3528 2807 3629 2879; x_wconf 46' lang='lat' dir='ltr'><strong><em>adg</em></strong></span> 
     </span>
    </p>
   </div>
   <div class='ocr_carea' id='block_1_98' title="bbox 2118 2876 3629 2949">
    <p class='ocr_par' dir='ltr' id='par_1_98' title="bbox 2118 2876 3629 2949">
     <span class='ocr_line' id='line_1_102' title="bbox 2118 2876 3629 2949; baseline -0.005 -13"><span class='ocrx_word' id='word_1_575' title='bbox 2118 2876 2321 2945; x_wconf 64' lang='lat' dir='ltr'><strong><em>ventus,</em></strong></span> <span class='ocrx_word' id='word_1_576' title='bbox 2353 2894 2400 2935; x_wconf 90' lang='lat' dir='ltr'><strong><em>et</em></strong></span> <span class='ocrx_word' id='word_1_577' title='bbox 2422 2881 2558 2949; x_wconf 84' lang='lat' dir='ltr'><strong><em>quod</em></strong></span> <span class='ocrx_word' id='word_1_578' title='bbox 2593 2876 2753 2945; x_wconf 79' lang='lat' dir='ltr'><strong><em>Deus,</em></strong></span> <span class='ocrx_word' id='word_1_579' title='bbox 2774 2891 2821 2933; x_wconf 91' lang='lat' dir='ltr'><strong><em>et</em></strong></span> <span class='ocrx_word' id='word_1_580' title='bbox 2850 2876 3129 2939; x_wconf 83' lang='lat' dir='ltr'><strong><em>Dominus,</em></strong></span> <span class='ocrx_word' id='word_1_581' title='bbox 3170 2888 3218 2931; x_wconf 93' lang='lat' dir='ltr'><strong><em>et</em></strong></span> <span class='ocrx_word' id='word_1_582' title='bbox 3265 2876 3514 2949; x_wconf 54' lang='lat' dir='ltr'><strong><em>[fontifex</em></strong></span> <span class='ocrx_word' id='word_1_583' title='bbox 3530 2878 3629 2930; x_wconf 88' lang='lat' dir='ltr'><strong><em>Dei</em></strong></span> 
     </span>
    </p>
   </div>
   <div class='ocr_carea' id='block_1_99' title="bbox 2118 2945 3628 3077">
    <p class='ocr_par' dir='ltr' id='par_1_99' title="bbox 2118 2945 3628 3077">
     <span class='ocr_line' id='line_1_103' title="bbox 2120 2945 3628 3076; baseline -0.001 -71"><span class='ocrx_word' id='word_1_584' title='bbox 2120 2954 2371 3076; x_wconf 46' lang='lat' dir='ltr'><strong><em>uniuqfsi,</em></strong></span> <span class='ocrx_word' id='word_1_585' title='bbox 2422 2945 2513 3019; x_wconf 89' lang='lat' dir='ltr'><strong><em>per</em></strong></span> <span class='ocrx_word' id='word_1_586' title='bbox 2539 2953 2821 3022; x_wconf 80' lang='lat' dir='ltr'><strong><em>prophetas</em></strong></span> <span class='ocrx_word' id='word_1_587' title='bbox 2878 2949 3225 3003; x_wconf 77' lang='lat' dir='ltr'><strong><em>liebrworum</em></strong></span> <span class='ocrx_word' id='word_1_588' title='bbox 3275 2945 3521 3001; x_wconf 85' lang='lat' dir='ltr'><strong><em>Christus</em></strong></span> <span class='ocrx_word' id='word_1_589' title='bbox 3550 2959 3628 3003; x_wconf 80' lang='lat' dir='ltr'><strong><em>est</em></strong></span> 
     </span>
     <span class='ocr_line' id='line_1_104' title="bbox 2118 3033 2434 3077; baseline -0.003 0"><span class='ocrx_word' id='word_1_590' title='bbox 2118 3040 2246 3077; x_wconf 80' lang='lat' dir='ltr'><strong><em>anne</em></strong></span> <span class='ocrx_word' id='word_1_591' title='bbox 2277 3033 2434 3076; x_wconf 85' lang='lat' dir='ltr'><strong><em>.utus.</em></strong></span> 
     </span>
    </p>
   </div>
   <div class='ocr_carea' id='block_1_100' title="bbox 2152 3040 2434 3093">
    <p class='ocr_par' dir='ltr' id='par_1_100' title="bbox 2152 3040 2434 3093">
     <span class='ocr_line' id='line_1_105' title="bbox 2152 3040 2434 3093; baseline -0.004 -16"><span class='ocrx_word' id='word_1_592' title='bbox 2152 3040 2434 3093; x_wconf 82' lang='lat' dir='ltr'><strong><em>ppeuutus.</em></strong></span> 
     </span>
    </p>
   </div>
   <div class='ocr_carea' id='block_1_101' title="bbox 2049 3110 3628 3183">
    <p class='ocr_par' dir='ltr' id='par_1_101' title="bbox 2049 3110 3628 3183">
     <span class='ocr_line' id='line_1_106' title="bbox 2049 3110 3628 3183; baseline -0.005 -13"><span class='ocrx_word' id='word_1_593' title='bbox 2049 3116 2138 3170; x_wconf 81' lang='grc'><strong><em>16.</em></strong></span> <span class='ocrx_word' id='word_1_594' title='bbox 2174 3114 2327 3180; x_wconf 87' lang='lat' dir='ltr'><strong><em>Quod</em></strong></span> <span class='ocrx_word' id='word_1_595' title='bbox 2382 3116 2684 3183; x_wconf 87' lang='lat' dir='ltr'><strong><em>prophetica</em></strong></span> <span class='ocrx_word' id='word_1_596' title='bbox 2740 3114 2938 3183; x_wconf 89' lang='lat' dir='ltr'><strong><em>scripta</em></strong></span> <span class='ocrx_word' id='word_1_597' title='bbox 2984 3111 3297 3167; x_wconf 86' lang='lat' dir='ltr'><strong><em>nominatim</em></strong></span> <span class='ocrx_word' id='word_1_598' title='bbox 3355 3110 3628 3166; x_wconf 86' lang='lat' dir='ltr'><strong><em>Christum</em></strong></span> 
     </span>
    </p>
   </div>
   <div class='ocr_carea' id='block_1_102' title="bbox 1972 3187 2642 3258">
    <p class='ocr_par' dir='ltr' id='par_1_102' title="bbox 1972 3187 2642 3258">
     <span class='ocr_line' id='line_1_107' title="bbox 1972 3187 2642 3258; baseline 0 -17"><span class='ocrx_word' id='word_1_599' title='bbox 1972 3198 2015 3258; x_wconf 76' lang='grc' dir='ltr'><strong><em>α</em></strong></span> <span class='ocrx_word' id='word_1_600' title='bbox 2122 3199 2241 3241; x_wconf 87' lang='lat' dir='ltr'><strong><em>ante</em></strong></span> <span class='ocrx_word' id='word_1_601' title='bbox 2270 3187 2642 3241; x_wconf 83' lang='lat' dir='ltr'><strong><em>nuntiuverint.</em></strong></span> 
     </span>
    </p>
   </div>
   <div class='ocr_carea' id='block_1_103' title="bbox 2116 3279 2462 3348">
    <p class='ocr_par' dir='ltr' id='par_1_103' title="bbox 2116 3279 2462 3348">
     <span class='ocr_line' id='line_1_108' title="bbox 2116 3279 2462 3348; baseline 0 -15"><span class='ocrx_word' id='word_1_602' title='bbox 2116 3280 2160 3333; x_wconf 84' lang='grc' dir='ltr'><em>Α</em></span> <span class='ocrx_word' id='word_1_603' title='bbox 2182 3294 2215 3331; x_wconf 90' lang='grc' dir='ltr'><strong><em>ιι</em></strong></span> <span class='ocrx_word' id='word_1_604' title='bbox 2238 3279 2462 3348; x_wconf 85' lang='lat' dir='ltr'><strong><em>psalmo.</em></strong></span> 
     </span>
    </p>
   </div>
   <div class='ocr_carea' id='block_1_104' title="bbox 2118 3350 2530 3418">
    <p class='ocr_par' dir='ltr' id='par_1_104' title="bbox 2118 3350 2530 3418">
     <span class='ocr_line' id='line_1_109' title="bbox 2118 3350 2530 3418; baseline 0 -15"><span class='ocrx_word' id='word_1_605' title='bbox 2118 3351 2161 3403; x_wconf 87' lang='grc' dir='ltr'><strong><em>Α</em></strong></span> <span class='ocrx_word' id='word_1_606' title='bbox 2189 3364 2281 3403; x_wconf 75' lang='lat' dir='ltr'><strong>nx</strong></span> <span class='ocrx_word' id='word_1_607' title='bbox 2303 3350 2530 3418; x_wconf 84' lang='lat' dir='ltr'><strong><em>psalmo.</em></strong></span> 
     </span>
    </p>
   </div>
   <div class='ocr_carea' id='block_1_105' title="bbox 2118 3420 2587 3488">
    <p class='ocr_par' dir='ltr' id='par_1_105' title="bbox 2118 3420 2587 3488">
     <span class='ocr_line' id='line_1_110' title="bbox 2118 3420 2587 3488; baseline 0 -14"><span class='ocrx_word' id='word_1_608' title='bbox 2118 3423 2161 3474; x_wconf 86' lang='lat' dir='ltr'><strong><em>A</em></strong></span> <span class='ocrx_word' id='word_1_609' title='bbox 2192 3435 2338 3475; x_wconf 76' lang='lat' dir='ltr'><strong><em>xxvn</em></strong></span> <span class='ocrx_word' id='word_1_610' title='bbox 2361 3420 2587 3488; x_wconf 85' lang='lat' dir='ltr'><strong><em>psalmo.</em></strong></span> 
     </span>
    </p>
   </div>
   <div class='ocr_carea' id='block_1_106' title="bbox 2116 3491 2643 3558">
    <p class='ocr_par' dir='ltr' id='par_1_106' title="bbox 2116 3491 2643 3558">
     <span class='ocr_line' id='line_1_111' title="bbox 2116 3491 2643 3558; baseline 0.002 -15"><span class='ocrx_word' id='word_1_611' title='bbox 2116 3491 2156 3543; x_wconf 84' lang='lat' dir='ltr'><strong><em>A</em></strong></span> <span class='ocrx_word' id='word_1_612' title='bbox 2189 3504 2393 3544; x_wconf 79' lang='lat' dir='ltr'><strong><em>Lxxxm</em></strong></span> <span class='ocrx_word' id='word_1_613' title='bbox 2417 3492 2643 3558; x_wconf 85' lang='lat' dir='ltr'><strong><em>psalmo.</em></strong></span> 
     </span>
    </p>
   </div>
   <div class='ocr_carea' id='block_1_107' title="bbox 2113 3561 2689 3628">
    <p class='ocr_par' dir='ltr' id='par_1_107' title="bbox 2113 3561 2689 3628">
     <span class='ocr_line' id='line_1_112' title="bbox 2113 3561 2689 3628; baseline 0 -15"><span class='ocrx_word' id='word_1_614' title='bbox 2113 3562 2153 3613; x_wconf 83' lang='grc' dir='ltr'><em>Α</em></span> <span class='ocrx_word' id='word_1_615' title='bbox 2195 3575 2389 3613; x_wconf 78' lang='lat' dir='ltr'><strong>Lxxxw</strong></span> <span class='ocrx_word' id='word_1_616' title='bbox 2402 3578 2437 3614; x_wconf 88' lang='grc' dir='ltr'><strong><em>ιι</em></strong></span> <span class='ocrx_word' id='word_1_617' title='bbox 2462 3561 2689 3628; x_wconf 81' lang='lat' dir='ltr'><strong><em>psalmo.</em></strong></span> 
     </span>
    </p>
   </div>
   <div class='ocr_carea' id='block_1_108' title="bbox 2118 3631 2605 3698">
    <p class='ocr_par' dir='ltr' id='par_1_108' title="bbox 2118 3631 2605 3698">
     <span class='ocr_line' id='line_1_113' title="bbox 2118 3631 2605 3698; baseline 0.004 -16"><span class='ocrx_word' id='word_1_618' title='bbox 2118 3631 2161 3683; x_wconf 82' lang='grc' dir='ltr'><em>Α</em></span> <span class='ocrx_word' id='word_1_619' title='bbox 2189 3645 2350 3683; x_wconf 72' lang='lat' dir='ltr'><strong><em>CXXXI</em></strong></span> <span class='ocrx_word' id='word_1_620' title='bbox 2378 3632 2605 3698; x_wconf 88' lang='lat' dir='ltr'><strong><em>psalmo.</em></strong></span> 
     </span>
    </p>
   </div>
   <div class='ocr_carea' id='block_1_109' title="bbox 2121 3701 2418 3753">
    <p class='ocr_par' dir='ltr' id='par_1_109' title="bbox 2121 3701 2418 3753">
     <span class='ocr_line' id='line_1_114' title="bbox 2121 3701 2418 3753; baseline 0 0"><span class='ocrx_word' id='word_1_621' title='bbox 2121 3701 2200 3753; x_wconf 84' lang='lat' dir='ltr'><strong><em>Ab</em></strong></span> <span class='ocrx_word' id='word_1_622' title='bbox 2238 3701 2418 3753; x_wconf 82' lang='lat' dir='ltr'><strong><em>Amos.</em></strong></span> 
     </span>
    </p>
   </div>
   <div class='ocr_carea' id='block_1_110' title="bbox 2120 3769 2546 3827">
    <p class='ocr_par' dir='ltr' id='par_1_110' title="bbox 2120 3769 2546 3827">
     <span class='ocr_line' id='line_1_115' title="bbox 2120 3769 2546 3827; baseline 0.009 -4"><span class='ocrx_word' id='word_1_623' title='bbox 2120 3772 2201 3823; x_wconf 80' lang='lat' dir='ltr'><strong><em>Ab</em></strong></span> <span class='ocrx_word' id='word_1_624' title='bbox 2232 3769 2546 3827; x_wconf 77' lang='lat' dir='ltr'><strong><em>Ambacum.</em></strong></span> 
     </span>
    </p>
   </div>
   <div class='ocr_carea' id='block_1_111' title="bbox 2118 3839 2958 3896">
    <p class='ocr_par' dir='ltr' id='par_1_111' title="bbox 2118 3839 2958 3896">
     <span class='ocr_line' id='line_1_116' title="bbox 2118 3839 2958 3896; baseline 0.002 -2"><span class='ocrx_word' id='word_1_625' title='bbox 2118 3842 2159 3894; x_wconf 85' lang='lat' dir='ltr'><strong><em>A</em></strong></span> <span class='ocrx_word' id='word_1_626' title='bbox 2184 3839 2427 3896; x_wconf 73' lang='lat' dir='ltr'><strong><em>Ieremia:</em></strong></span> <span class='ocrx_word' id='word_1_627' title='bbox 2450 3842 2958 3896; x_wconf 82' lang='lat' dir='ltr'><strong><em>Lamentationibus.</em></strong></span> 
     </span>
    </p>
   </div>
   <div class='ocr_carea' id='block_1_112' title="bbox 2117 3911 2607 3984">
    <p class='ocr_par' dir='ltr' id='par_1_112' title="bbox 2117 3911 2607 3984">
     <span class='ocr_line' id='line_1_117' title="bbox 2117 3911 2607 3984; baseline 0.006 -21"><span class='ocrx_word' id='word_1_628' title='bbox 2117 3912 2158 3984; x_wconf 81' lang='grc' dir='ltr'><em>Α</em></span> <span class='ocrx_word' id='word_1_629' title='bbox 2189 3914 2361 3984; x_wconf 85' lang='lat' dir='ltr'><strong><em>primo</em></strong></span> <span class='ocrx_word' id='word_1_630' title='bbox 2390 3911 2607 3984; x_wconf 86' lang='lat' dir='ltr'><strong><em>Regum.</em></strong></span> 
     </span>
    </p>
   </div>
   <div class='ocr_carea' id='block_1_113' title="bbox 2118 3983 2425 4036">
    <p class='ocr_par' dir='ltr' id='par_1_113' title="bbox 2118 3983 2425 4036">
     <span class='ocr_line' id='line_1_118' title="bbox 2118 3983 2425 4036; baseline 0.003 -1"><span class='ocrx_word' id='word_1_631' title='bbox 2118 3983 2199 4035; x_wconf 84' lang='lat' dir='ltr'><strong><em>Ab</em></strong></span> <span class='ocrx_word' id='word_1_632' title='bbox 2226 3983 2425 4036; x_wconf 90' lang='lat' dir='ltr'><strong><em>eodem.</em></strong></span> 
     </span>
    </p>
   </div>
   <div class='ocr_carea' id='block_1_114' title="bbox 2119 4052 2570 4121">
    <p class='ocr_par' dir='ltr' id='par_1_114' title="bbox 2119 4052 2570 4121">
     <span class='ocr_line' id='line_1_119' title="bbox 2119 4052 2570 4121; baseline 0 -15"><span class='ocrx_word' id='word_1_633' title='bbox 2119 4054 2163 4106; x_wconf 79' lang='grc' dir='ltr'><strong><em>Α</em></strong></span> <span class='ocrx_word' id='word_1_634' title='bbox 2200 4068 2325 4107; x_wconf 73' lang='lat' dir='ltr'><strong><em>XLIV</em></strong></span> <span class='ocrx_word' id='word_1_635' title='bbox 2345 4052 2570 4121; x_wconf 87' lang='lat' dir='ltr'><strong><em>psalmo.</em></strong></span> 
     </span>
    </p>
   </div>
   <div class='ocr_carea' id='block_1_115' title="bbox 2053 4141 3630 4215">
    <p class='ocr_par' dir='ltr' id='par_1_115' title="bbox 2053 4141 3630 4215">
     <span class='ocr_line' id='line_1_120' title="bbox 2053 4141 3630 4215; baseline -0.002 -14"><span class='ocrx_word' id='word_1_636' title='bbox 2053 4145 2140 4201; x_wconf 77' lang='lat' dir='ltr'><strong><em>i7.</em></strong></span> <span class='ocrx_word' id='word_1_637' title='bbox 2168 4146 2321 4213; x_wconf 82' lang='lat' dir='ltr'><strong><em>Quod</em></strong></span> <span class='ocrx_word' id='word_1_638' title='bbox 2342 4147 2502 4200; x_wconf 86' lang='lat' dir='ltr'><strong><em>etiam</em></strong></span> <span class='ocrx_word' id='word_1_639' title='bbox 2524 4144 2653 4200; x_wconf 85' lang='lat' dir='ltr'><strong><em>Jesu</em></strong></span> <span class='ocrx_word' id='word_1_640' title='bbox 2685 4160 2870 4198; x_wconf 88' lang='lat' dir='ltr'><strong><em>nomen</em></strong></span> <span class='ocrx_word' id='word_1_641' title='bbox 2897 4145 3039 4215; x_wconf 90' lang='lat' dir='ltr'><strong><em>apud</em></strong></span> <span class='ocrx_word' id='word_1_642' title='bbox 3062 4142 3307 4214; x_wconf 84' lang='lat' dir='ltr'><strong><em>antiquos</em></strong></span> <span class='ocrx_word' id='word_1_643' title='bbox 3333 4141 3429 4199; x_wconf 80' lang='lat' dir='ltr'><strong><em>Dei</em></strong></span> <span class='ocrx_word' id='word_1_644' title='bbox 3467 4141 3630 4212; x_wconf 73' lang='lat' dir='ltr'><strong><em>fami-</em></strong></span> 
     </span>
    </p>
   </div>
   <div class='ocr_carea' id='block_1_116' title="bbox 2125 4216 2819 4285">
    <p class='ocr_par' dir='ltr' id='par_1_116' title="bbox 2125 4216 2819 4285">
     <span class='ocr_line' id='line_1_121' title="bbox 2125 4216 2819 4285; baseline 0.001 -17"><span class='ocrx_word' id='word_1_645' title='bbox 2125 4217 2285 4271; x_wconf 88' lang='lat' dir='ltr'><strong><em>liares</em></strong></span> <span class='ocrx_word' id='word_1_646' title='bbox 2324 4216 2615 4272; x_wconf 81' lang='lat' dir='ltr'><strong><em>uenerabile</em></strong></span> <span class='ocrx_word' id='word_1_647' title='bbox 2639 4216 2819 4285; x_wconf 79' lang='lat' dir='ltr'><strong><em>fuerit.</em></strong></span> 
     </span>
    </p>
   </div>
   <div class='ocr_carea' id='block_1_117' title="bbox 2118 4308 2438 4363">
    <p class='ocr_par' dir='ltr' id='par_1_117' title="bbox 2118 4308 2438 4363">
     <span class='ocr_line' id='line_1_122' title="bbox 2118 4308 2438 4363; baseline -0.003 0"><span class='ocrx_word' id='word_1_648' title='bbox 2118 4308 2199 4363; x_wconf 81' lang='lat' dir='ltr'><strong><em>Ab</em></strong></span> <span class='ocrx_word' id='word_1_649' title='bbox 2234 4308 2438 4363; x_wconf 74' lang='lat' dir='ltr'><strong><em>Exodo.</em></strong></span> 
     </span>
    </p>
   </div>
   <div class='ocr_carea' id='block_1_118' title="bbox 2114 4379 2487 4435">
    <p class='ocr_par' dir='ltr' id='par_1_118' title="bbox 2114 4379 2487 4435">
     <span class='ocr_line' id='line_1_123' title="bbox 2114 4379 2487 4435; baseline 0.003 -1"><span class='ocrx_word' id='word_1_650' title='bbox 2114 4379 2159 4434; x_wconf 80' lang='grc' dir='ltr'><em>Α</em></span> <span class='ocrx_word' id='word_1_651' title='bbox 2196 4379 2487 4435; x_wconf 87' lang='lat' dir='ltr'><strong><em>Zacharia.</em></strong></span> 
     </span>
    </p>
   </div>
   <div class='ocr_carea' id='block_1_119' title="bbox 2718 4488 2959 4562">
    <p class='ocr_par' dir='ltr' id='par_1_119' title="bbox 2718 4488 2959 4562">
     <span class='ocr_line' id='line_1_124' title="bbox 2718 4488 2959 4562; baseline 0.004 -20"><span class='ocrx_word' id='word_1_652' title='bbox 2718 4488 2876 4562; x_wconf 66' lang='lat' dir='ltr'><strong><em>1M</em></strong></span> <span class='ocrx_word' id='word_1_653' title='bbox 2917 4488 2959 4543; x_wconf 90' lang='grc'><em>1.</em></span> 
     </span>
    </p>
   </div>
   <div class='ocr_carea' id='block_1_120' title="bbox 2051 4582 3633 4641">
    <p class='ocr_par' dir='ltr' id='par_1_120' title="bbox 2051 4582 3633 4641">
     <span class='ocr_line' id='line_1_125' title="bbox 2051 4582 3633 4641; baseline -0.002 -1"><span class='ocrx_word' id='word_1_654' title='bbox 2051 4584 2131 4641; x_wconf 87' lang='lat' dir='ltr'><strong><em>De</em></strong></span> <span class='ocrx_word' id='word_1_655' title='bbox 2150 4585 2434 4640; x_wconf 86' lang='lat' dir='ltr'><strong><em>occultiore</em></strong></span> <span class='ocrx_word' id='word_1_656' title='bbox 2455 4585 2739 4638; x_wconf 82' lang='lat' dir='ltr'><strong><em>secundum</em></strong></span> <span class='ocrx_word' id='word_1_657' title='bbox 2760 4584 3087 4638; x_wconf 81' lang='lat' dir='ltr'><strong><em>Saluatorem</em></strong></span> <span class='ocrx_word' id='word_1_658' title='bbox 3119 4598 3181 4636; x_wconf 88' lang='lat' dir='ltr'><strong><em>ac</em></strong></span> <span class='ocrx_word' id='word_1_659' title='bbox 3218 4582 3502 4636; x_wconf 90' lang='lat' dir='ltr'><strong><em>Dominum</em></strong></span> <span class='ocrx_word' id='word_1_660' title='bbox 3529 4597 3633 4637; x_wconf 85' lang='lat' dir='ltr'><strong><em>no-</em></strong></span> 
     </span>
    </p>
   </div>
   <div class='ocr_carea' id='block_1_121' title="bbox 2194 4652 3480 4727">
    <p class='ocr_par' dir='ltr' id='par_1_121' title="bbox 2194 4652 3480 4727">
     <span class='ocr_line' id='line_1_126' title="bbox 2194 4652 3480 4727; baseline -0.004 -18"><span class='ocrx_word' id='word_1_661' title='bbox 2194 4666 2365 4710; x_wconf 88' lang='lat' dir='ltr'><strong><em>strum</em></strong></span> <span class='ocrx_word' id='word_1_662' title='bbox 2390 4656 2479 4727; x_wconf 89' lang='lat' dir='ltr'><strong><em>qui</em></strong></span> <span class='ocrx_word' id='word_1_663' title='bbox 2507 4654 2748 4709; x_wconf 76' lang='lat' dir='ltr'><strong><em>Christus</em></strong></span> <span class='ocrx_word' id='word_1_664' title='bbox 2784 4664 2861 4707; x_wconf 89' lang='lat' dir='ltr'><strong><em>est</em></strong></span> <span class='ocrx_word' id='word_1_665' title='bbox 2895 4654 3029 4718; x_wconf 86' lang='lat' dir='ltr'><strong><em>Dei,</em></strong></span> <span class='ocrx_word' id='word_1_666' title='bbox 3071 4652 3480 4723; x_wconf 81' lang='lat' dir='ltr'><strong><em>dispensatione.</em></strong></span> 
     </span>
    </p>
   </div>
   <div class='ocr_carea' id='block_1_122' title="bbox 2120 4806 3626 4881">
    <p class='ocr_par' dir='ltr' id='par_1_122' title="bbox 2120 4806 3626 4881">
     <span class='ocr_line' id='line_1_127' title="bbox 2120 4806 3626 4881; baseline -0.005 -13"><span class='ocrx_word' id='word_1_667' title='bbox 2120 4812 2259 4868; x_wconf 91' lang='lat' dir='ltr'><strong><em>Cum</em></strong></span> <span class='ocrx_word' id='word_1_668' title='bbox 2308 4811 2450 4867; x_wconf 82' lang='lat' dir='ltr'><strong><em>libro</em></strong></span> <span class='ocrx_word' id='word_1_669' title='bbox 2512 4809 2716 4881; x_wconf 86' lang='lat' dir='ltr'><strong><em>priore,</em></strong></span> <span class='ocrx_word' id='word_1_670' title='bbox 2769 4808 2862 4879; x_wconf 85' lang='lat' dir='ltr'><strong><em>qui</em></strong></span> <span class='ocrx_word' id='word_1_671' title='bbox 2910 4806 3240 4878; x_wconf 80' lang='lat' dir='ltr'><strong><em>Evangelica:</em></strong></span> <span class='ocrx_word' id='word_1_672' title='bbox 3282 4806 3626 4861; x_wconf 88' lang='lat' dir='ltr'><strong><em>Demonstra-</em></strong></span> 
     </span>
    </p>
   </div>
   <div class='ocr_carea' id='block_1_123' title="bbox 2053 4897 3631 4970">
    <p class='ocr_par' dir='ltr' id='par_1_123' title="bbox 2053 4897 3631 4970">
     <span class='ocr_line' id='line_1_128' title="bbox 2053 4897 3631 4970; baseline -0.003 -11"><span class='ocrx_word' id='word_1_673' title='bbox 2053 4905 2211 4960; x_wconf 84' lang='lat' dir='ltr'><strong><em>tionis</em></strong></span> <span class='ocrx_word' id='word_1_674' title='bbox 2236 4904 2430 4960; x_wconf 86' lang='lat' dir='ltr'><strong><em>tertius</em></strong></span> <span class='ocrx_word' id='word_1_675' title='bbox 2482 4910 2588 4968; x_wconf 85' lang='lat' dir='ltr'><strong><em>est,</em></strong></span> <span class='ocrx_word' id='word_1_676' title='bbox 2621 4902 2689 4957; x_wconf 91' lang='lat' dir='ltr'><strong><em>de</em></strong></span> <span class='ocrx_word' id='word_1_677' title='bbox 2729 4907 3010 4970; x_wconf 85' lang='lat' dir='ltr'><strong><em>assumpta</em></strong></span> <span class='ocrx_word' id='word_1_678' title='bbox 3033 4916 3061 4953; x_wconf 86' lang='lat' dir='ltr'><strong><em>a</em></strong></span> <span class='ocrx_word' id='word_1_679' title='bbox 3097 4897 3384 4954; x_wconf 77' lang='lat' dir='ltr'><strong><em>Salvatore</em></strong></span> <span class='ocrx_word' id='word_1_680' title='bbox 3437 4905 3631 4954; x_wconf 89' lang='lat' dir='ltr'><strong><em>nostro</em></strong></span> 
     </span>
    </p>
   </div>
   <div class='ocr_carea' id='block_1_124' title="bbox 2051 4986 3625 5076">
    <p class='ocr_par' dir='ltr' id='par_1_124' title="bbox 2051 4986 3625 5076">
     <span class='ocr_line' id='line_1_129' title="bbox 2051 4986 3625 5076; baseline -0.005 -26"><span class='ocrx_word' id='word_1_681' title='bbox 2051 4996 2290 5051; x_wconf 88' lang='lat' dir='ltr'><strong><em>humana</em></strong></span> <span class='ocrx_word' id='word_1_682' title='bbox 2342 5002 2560 5076; x_wconf 53' lang='lat' dir='ltr'><strong><em>natura&#39;,</em></strong></span> <span class='ocrx_word' id='word_1_683' title='bbox 2596 4991 2735 5048; x_wconf 87' lang='lat' dir='ltr'><strong><em>satis</em></strong></span> <span class='ocrx_word' id='word_1_684' title='bbox 2788 4990 3003 5046; x_wconf 84' lang='lat' dir='ltr'><strong><em>abunde</em></strong></span> <span class='ocrx_word' id='word_1_685' title='bbox 3031 5004 3061 5043; x_wconf 87' lang='lat' dir='ltr'><strong><em>a</em></strong></span> <span class='ocrx_word' id='word_1_686' title='bbox 3084 4989 3341 5044; x_wconf 81' lang='lat' dir='ltr'><strong><em>nobis-sit</em></strong></span> <span class='ocrx_word' id='word_1_687' title='bbox 3377 4986 3625 5058; x_wconf 78' lang='lat' dir='ltr'><strong><em>disputa-</em></strong></span> 
     </span>
    </p>
   </div>
   <div class='ocr_carea' id='block_1_125' title="bbox 2050 5078 3624 5157">
    <p class='ocr_par' dir='ltr' id='par_1_125' title="bbox 2050 5078 3624 5157">
     <span class='ocr_line' id='line_1_130' title="bbox 2050 5078 3624 5157; baseline -0.006 -15"><span class='ocrx_word' id='word_1_688' title='bbox 2050 5097 2191 5153; x_wconf 90' lang='lat' dir='ltr'><strong><em>tum,</em></strong></span> <span class='ocrx_word' id='word_1_689' title='bbox 2221 5095 2439 5157; x_wconf 80' lang='lat' dir='ltr'><strong><em>tempus</em></strong></span> <span class='ocrx_word' id='word_1_690' title='bbox 2490 5084 2604 5154; x_wconf 81' lang='lat' dir='ltr'><strong><em>jam</em></strong></span> <span class='ocrx_word' id='word_1_691' title='bbox 2640 5091 2746 5148; x_wconf 83' lang='lat' dir='ltr'><strong><em>est,</em></strong></span> <span class='ocrx_word' id='word_1_692' title='bbox 2788 5082 2857 5137; x_wconf 88' lang='lat' dir='ltr'><strong><em>de</em></strong></span> <span class='ocrx_word' id='word_1_693' title='bbox 2881 5097 2944 5137; x_wconf 89' lang='lat' dir='ltr'><strong><em>ea</em></strong></span> <span class='ocrx_word' id='word_1_694' title='bbox 2966 5096 3088 5152; x_wconf 74' lang='lat' dir='ltr'><strong><em>qua:</em></strong></span> <span class='ocrx_word' id='word_1_695' title='bbox 3118 5081 3185 5133; x_wconf 83' lang='lat' dir='ltr'><strong><em>ad</em></strong></span> <span class='ocrx_word' id='word_1_696' title='bbox 3218 5078 3469 5134; x_wconf 90' lang='lat' dir='ltr'><strong><em>eumdem</em></strong></span> <span class='ocrx_word' id='word_1_697' title='bbox 3500 5094 3624 5149; x_wconf 86' lang='lat' dir='ltr'><strong><em>per-</em></strong></span> 
     </span>
    </p>
   </div>
   <div class='ocr_carea' id='block_1_126' title="bbox 2052 5170 3628 5245">
    <p class='ocr_par' dir='ltr' id='par_1_126' title="bbox 2052 5170 3628 5245">
     <span class='ocr_line' id='line_1_131' title="bbox 2052 5170 3628 5245; baseline -0.008 -10"><span class='ocrx_word' id='word_1_698' title='bbox 2052 5181 2209 5244; x_wconf 83' lang='lat' dir='ltr'><strong><em>tinet,</em></strong></span> <span class='ocrx_word' id='word_1_699' title='bbox 2261 5178 2532 5233; x_wconf 83' lang='lat' dir='ltr'><strong><em>abditiore</em></strong></span> <span class='ocrx_word' id='word_1_700' title='bbox 2565 5175 2835 5245; x_wconf 77' lang='lat' dir='ltr'><strong><em>theologia</em></strong></span> <span class='ocrx_word' id='word_1_701' title='bbox 2896 5173 3077 5226; x_wconf 88' lang='lat' dir='ltr'><strong><em>minus</em></strong></span> <span class='ocrx_word' id='word_1_702' title='bbox 3107 5170 3383 5241; x_wconf 77' lang='lat' dir='ltr'><strong><em>vulgarem</em></strong></span> <span class='ocrx_word' id='word_1_703' title='bbox 3431 5183 3628 5240; x_wconf 83' lang='lat' dir='ltr'><strong><em>quam--</em></strong></span> 
     </span>
    </p>
   </div>
   <div class='ocr_carea' id='block_1_127' title="bbox 2049 5262 3623 5341">
    <p class='ocr_par' dir='ltr' id='par_1_127' title="bbox 2049 5262 3623 5341">
     <span class='ocr_line' id='line_1_132' title="bbox 2049 5262 3623 5341; baseline -0.007 -14"><span class='ocrx_word' id='word_1_704' title='bbox 2049 5272 2175 5327; x_wconf 89' lang='lat' dir='ltr'><strong><em>dam</em></strong></span> <span class='ocrx_word' id='word_1_705' title='bbox 2207 5270 2473 5341; x_wconf 80' lang='lat' dir='ltr'><strong><em>attingere</em></strong></span> <span class='ocrx_word' id='word_1_706' title='bbox 2519 5266 2847 5323; x_wconf 81' lang='lat' dir='ltr'><strong><em>doctrinam.</em></strong></span> <span class='ocrx_word' id='word_1_707' title='bbox 2881 5264 2956 5319; x_wconf 90' lang='lat' dir='ltr'><strong><em>De</em></strong></span> <span class='ocrx_word' id='word_1_708' title='bbox 2989 5264 3163 5333; x_wconf 87' lang='lat' dir='ltr'><strong><em>primo</em></strong></span> <span class='ocrx_word' id='word_1_709' title='bbox 3190 5262 3355 5331; x_wconf 84' lang='lat' dir='ltr'><strong><em>igitur</em></strong></span> <span class='ocrx_word' id='word_1_710' title='bbox 3383 5277 3448 5316; x_wconf 83' lang='lat' dir='ltr'><strong><em>ac</em></strong></span> <span class='ocrx_word' id='word_1_711' title='bbox 3475 5277 3623 5317; x_wconf 89' lang='lat' dir='ltr'><strong><em>sem-</em></strong></span> 
     </span>
    </p>
   </div>
   <div class='ocr_carea' id='block_1_128' title="bbox 2050 5354 3625 5434">
    <p class='ocr_par' dir='ltr' id='par_1_128' title="bbox 2050 5354 3625 5434">
     <span class='ocr_line' id='line_1_133' title="bbox 2050 5354 3625 5434; baseline -0.006 -17"><span class='ocrx_word' id='word_1_712' title='bbox 2050 5363 2283 5434; x_wconf 89' lang='lat' dir='ltr'><strong><em>piterno,</em></strong></span> <span class='ocrx_word' id='word_1_713' title='bbox 2333 5360 2559 5428; x_wconf 87' lang='lat' dir='ltr'><strong><em>soloque</em></strong></span> <span class='ocrx_word' id='word_1_714' title='bbox 2590 5372 2701 5411; x_wconf 90' lang='lat' dir='ltr'><strong><em>non</em></strong></span> <span class='ocrx_word' id='word_1_715' title='bbox 2741 5354 2948 5426; x_wconf 77' lang='lat' dir='ltr'><strong><em>genito,</em></strong></span> <span class='ocrx_word' id='word_1_716' title='bbox 2984 5367 3048 5406; x_wconf 87' lang='lat' dir='ltr'><strong><em>ac</em></strong></span> <span class='ocrx_word' id='word_1_717' title='bbox 3095 5367 3351 5421; x_wconf 84' lang='lat' dir='ltr'><strong><em>supremo</em></strong></span> <span class='ocrx_word' id='word_1_718' title='bbox 3400 5361 3625 5407; x_wconf 82' lang='lat' dir='ltr'><strong><em>auctore</em></strong></span> 
     </span>
    </p>
   </div>
   <div class='ocr_carea' id='block_1_129' title="bbox 2050 5442 3623 5517">
    <p class='ocr_par' dir='ltr' id='par_1_129' title="bbox 2050 5442 3623 5517">
     <span class='ocr_line' id='line_1_134' title="bbox 2050 5442 3623 5517; baseline -0.005 -10"><span class='ocrx_word' id='word_1_719' title='bbox 2050 5451 2323 5513; x_wconf 85' lang='lat' dir='ltr'><strong><em>universi,</em></strong></span> <span class='ocrx_word' id='word_1_720' title='bbox 2352 5448 2647 5517; x_wconf 72' lang='lat' dir='ltr'><strong><em>ornniaque</em></strong></span> <span class='ocrx_word' id='word_1_721' title='bbox 2679 5453 2732 5501; x_wconf 88' lang='lat' dir='ltr'><strong><em>et</em></strong></span> <span class='ocrx_word' id='word_1_722' title='bbox 2782 5444 3121 5513; x_wconf 82' lang='lat' dir='ltr'><strong><em>gubernante</em></strong></span> <span class='ocrx_word' id='word_1_723' title='bbox 3154 5451 3208 5497; x_wconf 87' lang='lat' dir='ltr'><strong><em>et</em></strong></span> <span class='ocrx_word' id='word_1_724' title='bbox 3241 5451 3464 5513; x_wconf 78' lang='lat' dir='ltr'><strong><em>regente</em></strong></span> <span class='ocrx_word' id='word_1_725' title='bbox 3490 5442 3623 5508; x_wconf 86' lang='lat' dir='ltr'><strong><em>Deo,</em></strong></span> 
     </span>
    </p>
   </div>
   <div class='ocr_carea' id='block_1_130' title="bbox 2048 5533 3625 5606">
    <p class='ocr_par' dir='ltr' id='par_1_130' title="bbox 2048 5533 3625 5606">
     <span class='ocr_line' id='line_1_135' title="bbox 2048 5533 3625 5606; baseline -0.006 -6"><span class='ocrx_word' id='word_1_726' title='bbox 2048 5542 2359 5600; x_wconf 88' lang='lat' dir='ltr'><strong><em>communis</em></strong></span> <span class='ocrx_word' id='word_1_727' title='bbox 2390 5548 2476 5597; x_wconf 86' lang='lat' dir='ltr'><strong><em>est</em></strong></span> <span class='ocrx_word' id='word_1_728' title='bbox 2502 5536 2718 5594; x_wconf 87' lang='lat' dir='ltr'><strong><em>cunctis</em></strong></span> <span class='ocrx_word' id='word_1_729' title='bbox 2746 5534 3059 5590; x_wconf 82' lang='lat' dir='ltr'><strong><em>hominibus</em></strong></span> <span class='ocrx_word' id='word_1_730' title='bbox 3113 5533 3252 5589; x_wconf 82' lang='lat' dir='ltr'><strong><em>ratio</em></strong></span> <span class='ocrx_word' id='word_1_731' title='bbox 3284 5552 3297 5588; x_wconf 91' lang='lat'>:</span> <span class='ocrx_word' id='word_1_732' title='bbox 3329 5536 3625 5606; x_wconf 80' lang='lat' dir='ltr'><strong><em>peculiaris</em></strong></span> 
     </span>
    </p>
   </div>
   <div class='ocr_carea' id='block_1_131' title="bbox 2049 5624 3624 5691">
    <p class='ocr_par' dir='ltr' id='par_1_131' title="bbox 2049 5624 3624 5691">
     <span class='ocr_line' id='line_1_136' title="bbox 2049 5624 3624 5691; baseline -0.006 0"><span class='ocrx_word' id='word_1_733' title='bbox 2049 5651 2183 5691; x_wconf 81' lang='lat' dir='ltr'><strong><em>vero</em></strong></span> <span class='ocrx_word' id='word_1_734' title='bbox 2212 5649 2277 5689; x_wconf 84' lang='lat' dir='ltr'><strong><em>ac</em></strong></span> <span class='ocrx_word' id='word_1_735' title='bbox 2310 5648 2505 5689; x_wconf 89' lang='lat' dir='ltr'><strong><em>rursus</em></strong></span> <span class='ocrx_word' id='word_1_736' title='bbox 2554 5625 2865 5685; x_wconf 86' lang='lat' dir='ltr'><strong><em>communis</em></strong></span> <span class='ocrx_word' id='word_1_737' title='bbox 2888 5633 2941 5680; x_wconf 92' lang='lat' dir='ltr'><strong><em>et</em></strong></span> <span class='ocrx_word' id='word_1_738' title='bbox 2971 5624 3321 5682; x_wconf 78' lang='lat' dir='ltr'><strong><em>Hebraeorum</em></strong></span> <span class='ocrx_word' id='word_1_739' title='bbox 3354 5635 3409 5683; x_wconf 85' lang='lat' dir='ltr'><strong><em>et</em></strong></span> <span class='ocrx_word' id='word_1_740' title='bbox 3437 5635 3624 5683; x_wconf 84' lang='lat' dir='ltr'><strong><em>nostra</em></strong></span> 
     </span>
    </p>
   </div>
   <div class='ocr_carea' id='block_1_132' title="bbox 2048 5716 3622 5792">
    <p class='ocr_par' dir='ltr' id='par_1_132' title="bbox 2048 5716 3622 5792">
     <span class='ocr_line' id='line_1_137' title="bbox 2048 5716 3622 5792; baseline -0.008 -10"><span class='ocrx_word' id='word_1_741' title='bbox 2048 5728 2117 5782; x_wconf 89' lang='lat' dir='ltr'><strong><em>de</em></strong></span> <span class='ocrx_word' id='word_1_742' title='bbox 2144 5725 2383 5788; x_wconf 86' lang='lat' dir='ltr'><strong><em>Christo,</em></strong></span> <span class='ocrx_word' id='word_1_743' title='bbox 2438 5737 2597 5792; x_wconf 85' lang='lat' dir='ltr'><strong><em>quem</em></strong></span> <span class='ocrx_word' id='word_1_744' title='bbox 2644 5719 2719 5773; x_wconf 90' lang='lat' dir='ltr'><strong><em>illi</em></strong></span> <span class='ocrx_word' id='word_1_745' title='bbox 2771 5731 2918 5770; x_wconf 88' lang='lat' dir='ltr'><strong><em>nunc</em></strong></span> <span class='ocrx_word' id='word_1_746' title='bbox 2946 5716 3189 5785; x_wconf 88' lang='lat' dir='ltr'><strong><em>quidem,</em></strong></span> <span class='ocrx_word' id='word_1_747' title='bbox 3241 5725 3301 5771; x_wconf 83' lang='lat' dir='ltr'><strong><em>ut</em></strong></span> <span class='ocrx_word' id='word_1_748' title='bbox 3348 5734 3472 5783; x_wconf 87' lang='lat' dir='ltr'><strong><em>nos,</em></strong></span> <span class='ocrx_word' id='word_1_749' title='bbox 3524 5732 3622 5772; x_wconf 85' lang='lat' dir='ltr'><strong><em>sua</em></strong></span> 
     </span>
    </p>
   </div>
   <div class='ocr_carea' id='block_1_133' title="bbox 2050 5806 3617 5892">
    <p class='ocr_par' dir='ltr' id='par_1_133' title="bbox 2050 5806 3617 5892">
     <span class='ocr_line' id='line_1_138' title="bbox 2050 5806 3617 5892; baseline -0.012 -14"><span class='ocrx_word' id='word_1_750' title='bbox 2050 5823 2293 5892; x_wconf 86' lang='lat' dir='ltr'><strong><em>ipsorum</em></strong></span> <span class='ocrx_word' id='word_1_751' title='bbox 2328 5817 2529 5885; x_wconf 83' lang='lat' dir='ltr'><strong><em>scripta</em></strong></span> <span class='ocrx_word' id='word_1_752' title='bbox 2561 5815 2852 5882; x_wconf 87' lang='lat' dir='ltr'><strong><em>sequentes</em></strong></span> <span class='ocrx_word' id='word_1_753' title='bbox 2877 5806 3056 5865; x_wconf 83' lang='lat' dir='ltr'><strong><em>adhuc</em></strong></span> <span class='ocrx_word' id='word_1_754' title='bbox 3082 5808 3406 5866; x_wconf 83' lang='lat' dir='ltr'><strong><em>conﬁtentur</em></strong></span> <span class='ocrx_word' id='word_1_755' title='bbox 3436 5819 3617 5862; x_wconf 87' lang='lat' dir='ltr'><strong><em>:nunc</em></strong></span> 
     </span>
    </p>
   </div>
  </div>
