4126 6486
1069 417 1336 474 EUSEBH
1379 414 1861 471 CxESARlENSlS
1898 413 2050 470 OPP.
2091 411 2272 466 PARS
2311 411 2379 465 ll.
2412 441 2482 453 ——
2522 403 3026 464 APOLOGETICA.
3639 420 3728 474 ραις

387 421 489 476 251

385 544 569 592 autem
601 543 670 590 ab
704 534 894 590 eodem
953 533 1145 604 procul
1199 531 1457 586 labuntur
1481 568 1496 592 ,
1553 531 1756 599 quippe
1791 529 1884 599 qui
1913 536 1968 584 et

2083 529 2166 600 τὴν
2204 527 2435 595 θεότητα
2481 524 2812 596 συνορῶντες
2854 519 3043 584 αὐτοῦ,
3097 513 3280 604 μήτε.
3310 503 3393 551 ’τά
3436 501 3598 585 ρξ’-ιδιτι
3620 533 3704 603 τῆς

383 630 627 685 divinam
658 629 806 683 illius
831 635 1086 682 naturam
1131 625 1404 695 ignorent,
1451 639 1628 694 neque
1652 637 1848 710 ca'usas
1877 623 1973 677 ad—

2083 595 2380 690 παρουσίας
2421 595 2642 680 εἰδότες,
2684 620 2820 686 μήτε
2867 611 2972 684 μὴν
3003 611 3133 671 τοὺς
3163 595 3429 700 χρόνοῆς
3459 595 3690 682 καθνοῦξ

382 733 582 778 ventus
610 719 965 791 perspiciam,
1012 731 1190 787 neque
1224 716 1353 770 item
1386 715 1585 785 quibus
1635 715 1972 786 temporibus

383 821 675 868 venturum
709 811 861 864 illum
894 808 1175 880 propheta:
1198 807 1570 878 praedixerunt,
1617 805 1974 876 comprehen-

381 904 538 960 dant.
566 899 702 956 Nam
735 900 813 955 illi
842 901 1065 972 quidem
1097 895 1250 955 illum
1284 901 1450 954 etiam
1506 915 1652 954 nunc
1680 906 1972 954 venturum

380 999 736 1064 exspectant:
769 1007 872 1048 nos
897 1001 1081 1047 autem
1126 991 1240 1062 jam
1273 993 1440 1048 semel
1465 992 1729 1046 duntaxat
1757 989 1974 1044 venisse

383 1085 785 1152 contendimus,
801 1099 1015 1140 necnon
1037 1084 1267 1138 alterum
1290 1083 1535 1152 ejusdem
1549 1097 1671 1136 cum
1691 1081 1975 1150 majestate

385 1181 704 1241 adventum,
735 1185 788 1233 et
829 1178 1073 1233 oraculis
1125 1185 1178 1232 et
1221 1175 1510 1247 praeceptis
1561 1173 1972 1244 prophetarum,

384 1271 480 1342 qui
514 1269 782 1326 divinitus
838 1267 1002 1323 amati
1056 1268 1300 1333 fuerunt,
1351 1267 1726 1322 auscultantes
1774 1265 1976 1321 intueri

385 1370 732 1434 exoptamus.
767 1360 907 1416 Cum
941 1370 1122 1416 autem
1169 1359 1236 1415 de
1261 1360 1356 1415 illo
1377 1359 1577 1430 duplex
1609 1359 1682 1414 sit
1711 1358 1871 1424 ratio,
1897 1358 1978 1411 al-

387 1463 507 1510 tera
565 1453 786 1525 quidem
818 1453 1093 1508 recentior
1127 1449 1291 1508 fuerit
1315 1491 1332 1517 ,
1368 1454 1570 1522 quippe
1603 1466 1726 1522 qua:
1758 1449 1872 1504 lteri
1910 1465 1974 1505 ac

388 1561 564 1617 nuper
579 1544 647 1600 ad
675 1545 926 1603 homines
963 1544 1275 1600 introducta
1307 1543 1378 1598 sit
1415 1561 1429 1597 :
1467 1543 1639 1598 altera
1673 1558 1806 1597 vero
1825 1542 1975 1596 omni

387 1645 654 1707 tempore,
678 1637 1045 1706 omnibusque
1096 1635 1313 1690 saeculis
1353 1634 1652 1706 antiquior.
1682 1632 1817 1688 Nam
1849 1648 1975 1688 cum

389 1726 537 1784 Deus
560 1729 743 1794 vellet,
783 1735 971 1799 utpote
1000 1727 1093 1800 qui
1124 1728 1276 1784 solus
1331 1727 1404 1783 sit
1450 1727 1648 1790 bonus,
1689 1725 1978 1796 omniSque

391 1820 522 1876 boni
553 1831 608 1876 et
630 1821 964 1892 principium
994 1832 1048 1876 et
1079 1821 1220 1888 fons,
1257 1819 1574 1874 divitiarum
1599 1833 1821 1876 suarum
1853 1817 1973 1872 the-

2071 710 2220 782 ⁴ἥξειν
2259 709 2540 782 ἀνείρηται
2572 712 2652 771 είς
2681 705 2998 779 ἀνθρώπους
3033 685 3572 774 περιδρασσδμενοι.
3617 711 3676 762 Oi

2076 803 2173 872 μὲν
2221 803 2332 872 γὰρ
2377 801 2456 855 ἔτι
2503 800 2596 855 καὶ
2625 799 2720 854 νῦν
2752 798 2903 870 ἥξειν
2949 795 3214 868 μέλλοντα
3267 793 3660 862 προσδοκῶσιν.

2072 893 2231 962 ἡμεῖς
2254 891 2298 944 δ’
2336 890 2434 961 ἤδη
2467 890 2566 960 μὲν
2603 887 2836 952 εἰσάπαξ
2863 885 3261 956 ἀποδείκνυμεν
3285 877 3532 940 ἐλθόντα·
3566 885 3656 939 καὶ

2071 982 2331 1053 δευτέραν
2373 982 2418 1036 δ’
2452 980 2618 1035 αὑτοῦ
2652 980 2789 1051 μετά
2819 979 2918 1049 τῆς
2944 978 3126 1032 ἐνθέου
3156 974 3320 1044 δόξης
3353 975 3652 1048 παρουσίαν

2071 1075 2192 1136 ταῖς
2223 1073 2332 1126 τῶν
2365 1072 2636 1145 θεοφόρων
2670 1070 2964 1144 προφητῶν
2997 1065 3334 1142 προρρήσεσι
3364 1083 3422 1119 τε
3457 1067 3549 1120 καὶ
3571 1065 3650 1118 δι-

2075 1165 2397 1229 δασκαλίαις
2422 1164 2731 1234 πειθόμενοι
2759 1162 2887 1216 ἰδεῖν
2915 1161 3204 1232 εὐχόμεθα.
3225 1157 3412 1211 Διττοῦ
3431 1157 3476 1210 δ’
3494 1157 3647 1220 ὄντος

2073 1254 2166 1308 τοῦ
2201 1255 2320 1308 κατ’
2353 1254 2514 1308 αὑτὸν
2551 1253 2731 1322 λόγου,
2776 1252 2805 1304 ὁ
2840 1251 2936 1322 μὲν
2967 1247 3230 1319 νεώτερος
3264 1245 3330 1299 ἂν
3369 1245 3474 1314 εἴη,
3522 1241 3647 1314 χθὲς

2074 1348 2170 1401 καλ⁸
2197 1345 2385 1418 πρώην
2419 1350 2498 1410 είς
2545 1343 2860 1418 ἀνθρώπους
2901 1339 3246 1412 εἰσηγμένος,
3281 1338 3310 1390 ό
3349 1336 3405 1390 δὲ
3446 1335 3647 1398 παντὸς

2075 1441 2268 1512 χρόνου
2308 1440 2403 1493 καὶ
2445 1439 2664 1494 πάντων
2697 1436 2907 1491 αἰώνων
2937 1432 3322 1505 πρεσϐύτερος.
3357 1427 3647 1499 Βουληθεὶς

2075 1532 2184 1604 γὰρ
2213 1535 2242 1586 ὁ
2273 1532 2426 1598 Θεὸς,
2461 1532 2558 1586 ἅτε
2589 1531 2745 1602 μόνος
2777 1529 2852 1594 ὡς
2883 1525 3084 1596 ἀγαθὸς
3118 1523 3322 1593 ἀγαθοῦ
3353 1539 3414 1575 τε
3447 1520 3647 1585 παντὸς

2075 1623 2216 1694 ἀρχὴ
2251 1621 2346 1675 καὶ
2379 1622 2551 1693 πηγὴ,
2595 1619 2703 1674 τῶν
2743 1617 2907 1673 αὐτοῦ
2937 1614 3226 1688 θησαυρῶν
3264 1611 3478 1675 πλείους
3512 1613 3648 1664 ἀπο-
3729 1617 3742 1630 ⁸

2077 1712 2238 1782 φῦναι
2264 1710 2572 1774 κοινωνούς·
2601 1711 2724 1782 ἄρτι
2762 1727 2823 1762 τε
2865 1707 3072 1780 μέλλων
3096 1706 3192 1777 τὴν
3221 1703 3440 1775 λογικὴν
3469 1703 3651 1755 πᾶσαν

2080 1801 2476 1875 προεάλλεσθαι
2521 1801 2717 1866 κτίσιν,
2766 1792 3088 1871 ἀσωμάτους
3129 1799 3280 1861 τινάς
3324 1795 3516 1868 νοεράς
3556 1795 3650 1848 καί

390 1927 587 1969 sauros
617 1913 869 1984 pluribus
903 1911 1199 1984 impertiri,
1238 1920 1494 1982 essetque
1549 1910 1662 1981 jam
1688 1909 1801 1980 jam
1853 1924 1974 1965 om-

2083 1894 2226 1958 θείας
2255 1893 2533 1964 δυνάμεις,
2571 1892 2832 1961 ἀγγέλους
2870 1909 2929 1945 τε
2959 1891 3054 1944 καὶ
3085 1887 3478 1960 ἀρχαγγέλους,
3513 1885 3650 1940 ἀῦλά

389 2023 516 2064 nem
542 2007 865 2064 rationalem
899 2015 1208 2063 creaturam
1262 2007 1316 2061 in
1355 2007 1530 2060 lucem
1581 2005 1972 2075 producturus,

391 2099 747 2170 incorporeas
781 2098 1035 2155 videlicet
1083 2096 1348 2168 quasdam
1384 2105 1550 2166 atque
1610 2094 1975 2163 intelligentes

391 2199 447 2248 et
476 2191 690 2247 divinas
721 2197 1038 2262 potestates,
1068 2189 1401 2262 angelosque
1418 2195 1580 2258 alque
1597 2186 1972 2256 archangclos,

390 2284 742 2354 materiaeque
774 2290 1050 2354 expertes,
1091 2289 1146 2337 et
1177 2282 1247 2337 ab
1270 2280 1422 2338 omni
1480 2289 1634 2350 parte
1658 2295 1826 2350 puros
1865 2279 1977 2350 spi-

391 2375 564 2441 ritus,
625 2375 840 2431 animas
897 2386 1158 2446 prazterca
1199 2373 1479 2428 hominum
1507 2413 1522 2439 ,
1563 2387 1686 2443 quae
1740 2372 1976 2428 solutam

391 2483 456 2523 ac
507 2467 736 2524 liberam
765 2466 1065 2522 voluntatis
1120 2474 1283 2536 atque
1306 2463 1540 2530 arbitrii,
1591 2471 1703 2516 tam
1765 2461 1833 2517 ad
1880 2461 1977 2517 bo-

390 2576 522 2618 num
562 2576 727 2631 quam
789 2559 858 2615 ad
913 2559 1046 2614 boni
1104 2557 1478 2620 contrarium,
1531 2563 1786 2609 naturam
1833 2553 1980 2608 acci-

391 2663 585 2728 perent
619 2672 632 2707 :
659 2659 714 2707 et
761 2663 1100 2721 quaecunque
1130 2648 1217 2704 his
1276 2647 1411 2717 ipsis
1439 2645 1820 2702 convenientia
1856 2659 1979 2699 coro

392 2757 587 2815 porum
623 2742 1009 2805 instrumenta,
1044 2738 1224 2794 varias
1256 2737 1473 2792 vivendi
1530 2735 1735 2792 formas
1780 2733 1980 2791 educe-

392 2841 539 2901 rent,
568 2831 726 2906 15.5
753 2831 1020 2904 sedesque
1043 2830 1130 2886 his
1159 2829 1440 2894 omnibus,
1473 2829 1734 2899 locosque
1769 2827 1978 2882 tribue-

394 2941 454 2982 re
483 2925 734 2998 proprios
769 2926 919 2995 (nam
948 2922 1016 2978 iis
1047 2919 1143 2992 qui
1175 2920 1306 2974 boni
1356 2920 1762 2990 permanserint
1793 2959 1808 2985 ,
1867 2933 1978 2974 me-

394 3019 598 3075 liores:
631 3025 828 3073 contra
861 3023 1070 3079 autem,
1102 3014 1308 3084 alioqui
1330 3013 1748 3080 convenientes,
1775 3013 1829 3066 in
1850 3012 1978 3083 qui-

395 3113 500 3168 bus
528 3110 784 3166 videlicet
829 3106 1198 3180 proclivitatis
1227 3104 1297 3160 ad
1324 3105 1604 3161 contraria
1641 3119 1834 3175 poenas
1884 3103 1980 3158 da-

395 3205 541 3279 rent)
567 3223 583 3273 ;
614 3219 855 3275 cumque
888 3203 940 3258 id
958 3201 1106 3274 quod
1129 3200 1370 3256 futurum
1387 3207 1530 3263 erat,
1561 3207 1822 3270 tanquam
1837 3197 1981 3252 Deus
2007 3224 2050 3282 ο

397 3297 711 3371 cognitione
769 3295 1124 3368 prazciperet,
1172 3293 1511 3363 sentiretque
1565 3292 1682 3347 hzec
1725 3290 1980 3346 universa

399 3399 693 3462 antequam
729 3389 921 3444 tierent
946 3427 962 3452 ,
1000 3394 1263 3458 tanquam
1291 3385 1346 3440 in
1372 3399 1571 3456 magno
1625 3397 1858 3454 corpore
1881 3380 1984 3436 ali-

399 3481 546 3554 quod
569 3487 733 3552 caput
755 3480 1118 3551 postulatura,
1146 3492 1313 3532 unum
1337 3476 1515 3530 omnis
1546 3471 1984 3544 Opiﬁciidispen-

402 3584 660 3640 salorem,
688 3572 1050 3642 eumdemque
1081 3579 1134 3626 ct
1167 3569 1362 3625 ducem
1412 3578 1467 3624 et
1513 3583 1696 3638 regem
1741 3565 1984 3622 universi

401 3664 808 3738 pmﬁciendum
825 3664 1062 3737 putavit:
1081 3661 1387 3732 cujusmodi
1404 3661 1752 3716 oraculorum
1768 3675 1985 3731 quoque

403 3759 737 3823 divinorum,
765 3772 887 3829 quae
909 3756 976 3811 ab
1005 3756 1248 3826 antiquis
1275 3754 1418 3826 apud
1441 3753 1723 3817 Hebraeos,
1753 3761 1807 3808 et
1829 3753 1984 3808 theo-

404 3852 545 3923 logis
578 3857 634 3908 et
697 3849 982 3922 prophetis
1035 3849 1249 3904 reddita
1294 3856 1444 3915 sunt,
1479 3844 1757 3900 institutio
1793 3853 1878 3900 est
1913 3865 1924 3900 :
1953 3858 1985 3897 a

401 3943 602 4014 quibus
629 3941 849 4014 quidem
893 3939 1110 3994 discere
1137 3945 1320 4008 potest
1343 3937 1438 4008 qui
1469 3937 1615 4002 vult,
1657 3950 1824 3989 unttm
1861 3949 1986 3989 esse

402 4038 646 4093 omnium
673 4049 856 4091 rerum
885 4033 1240 4104 principium,
1265 4047 1328 4085 ac
1361 4031 1546 4100 potius
1585 4027 1857 4100 principio
1890 4042 1988 4080 su-

405 4114 589 4199 perius
617 4133 673 4181 et
705 4126 878 4196 prius,
912 4125 1201 4194 primoque
1252 4122 1556 4190 antiquius,
1591 4127 1645 4174 et
1696 4117 1987 4189 gignendis

404 4219 574 4275 rebus
602 4219 721 4290 ipsa
749 4216 961 4272 unitate
991 4214 1290 4277 vetustius,
1328 4212 1592 4283 omnique
1622 4210 1988 4280 appellatione

407 4310 779 4382 prtestantius,
807 4307 952 4379 quod
975 4322 1154 4377 neque
1186 4306 1317 4370 dici,
1347 4319 1524 4374 neque
1553 4302 1852 4368 enuntiari,
1887 4317 1987 4356 ne-

406 4419 515 4473 que
551 4400 852 4472 excogitari
881 4407 1062 4470 potest
1092 4417 1105 4452 :
1151 4398 1352 4452 bonum
1378 4395 1525 4466 quod
1552 4409 1720 4450 causa
1752 4401 1838 4450 est
1872 4409 1988 4448 om-

407 4496 558 4550 nium
609 4508 816 4559 rerum,
869 4493 1018 4563 quod
1049 4491 1160 4546 vim
1192 4489 1483 4554 elliciendi,
1514 4485 1766 4558 juvandi,
1805 4485 1989 4555 provi-

409 4585 595 4650 dendi,
624 4583 904 4650 servandi,
926 4585 1058 4641 inse
1076 4584 1238 4639 habet
1267 4582 1390 4653 :qui
1417 4597 1562 4636 unus
1589 4580 1707 4651 ipse
1735 4593 1800 4634 ac
1835 4577 1986 4633 solus
2021 4583 2062 4637 D

408 4686 493 4732 est
512 4675 680 4742 Deus,
716 4693 782 4732 ex
819 4693 928 4748 quo
948 4677 1157 4740 omnia,
1193 4692 1289 4747 per
1308 4691 1470 4746 quem
1490 4674 1674 4729 omnia
1707 4681 1837 4728 sunt
1869 4690 1883 4727 :
1933 4671 1989 4726 in

413 4770 504 4825 illo
543 4771 689 4824 enim
739 4769 974 4826 vivimus
1025 4776 1080 4824 et
1132 4784 1415 4825 movemur
1443 4778 1497 4822 et
1531 4781 1742 4822 sumus.
1805 4765 1991 4836 Itaque

410 4863 776 4935 quodcunque
803 4863 941 4926 vnit,
977 4862 1031 4917 id
1054 4861 1220 4917 etiam
1250 4871 1336 4918 est
1359 4863 1650 4924 continuo,
1679 4874 1744 4914 ex
1765 4873 1872 4929 qua
1899 4872 1992 4913 so-

413 4959 462 5012 la
486 4973 676 5021 causa,
709 4957 895 5013 omnia
927 4971 1049 5028 qua:
1093 4955 1276 5027 genita
1304 4963 1453 5022 sunt,
1486 4953 1539 5008 id
1577 4961 1910 5022 acceperunt
1934 4958 1994 5005 ut

411 5058 618 5114 essent,
649 5059 816 5119 utque
849 5048 1201 5109 exsisterent,
1233 5061 1299 5101 ac
1326 5047 1610 5110 durarent,
1671 5051 1803 5099 sunt
1845 5043 1990 5098 enim

413 5143 505 5196 illo
527 5143 762 5199 volente.
797 5140 924 5197 Vult
947 5150 1129 5196 autem
1157 5139 1362 5196 idcirco
1387 5138 1533 5210 quod
1566 5145 1764 5210 suapte
1797 5147 1995 5190 natura

415 5235 592 5292 bonus
618 5245 722 5291 est.
763 5233 913 5290 Bono
945 5249 1073 5290 vero
1111 5233 1247 5288 nihil
1285 5240 1483 5286 natura
1507 5232 1867 5302 coniunctum
1899 5228 1996 5281 ad-

417 5342 724 5398 nexumque
752 5335 858 5391 est,
893 5327 1000 5382 nisi
1047 5334 1106 5379 ut
1148 5339 1212 5378 ea
1251 5339 1374 5393 qua:
1403 5324 1544 5379 bona
1579 5332 1710 5378 sunt
1736 5321 1886 5376 velit.
1925 5321 1994 5374 At

414 5422 559 5475 ettim
583 5435 706 5475 cmn
731 5419 846 5474 haec
868 5419 1028 5483 velit,
1057 5417 1198 5472 idem
1226 5417 1392 5473 etiam
1420 5423 1634 5487 potest:
1668 5429 1839 5484 quare
1870 5427 1994 5467 cum

417 5511 548 5566 velit
580 5511 746 5568 simul
777 5511 922 5566 idem
957 5518 1010 5565 ct
1057 5511 1254 5580 possit,
1291 5509 1441 5564 nulla
1479 5524 1540 5562 rc
1571 5520 1751 5575 neque
1808 5505 1997 5574 prohi-

419 5601 602 5666 bente,
628 5619 803 5673 neque
825 5602 1171 5673 impediente,
1197 5602 1460 5673 quidquid
1484 5601 1772 5674 pulchrum
1791 5606 1846 5654 et
1870 5599 1998 5652 utile

417 5701 525 5761 est,
551 5704 660 5749 tam
689 5696 744 5750 in
775 5697 843 5751 iis
873 5712 995 5766 quae
1026 5695 1130 5752 sub
1179 5705 1462 5765 aspectum
1498 5694 1724 5754 cadunt,
1753 5705 1913 5760 quam
1942 5690 1995 5744 in

422 5787 626 5856 iisquae
654 5801 762 5841 non
797 5788 1023 5852 cadunt,
1047 5787 1164 5856 ipse
1192 5789 1297 5844 sibi
1332 5788 1434 5859 ipsi
1463 5786 1701 5843 confecit
1736 5803 1748 5838 :
1797 5783 1998 5854 quippe

419 5879 516 5954 qui
549 5879 708 5955 quasi
729 5880 1008 5934 materiam
1041 5880 1332 5950 quamdam
1366 5891 1527 5954 atque
1567 5877 1864 5936 essentiam
1905 5893 1999 5948 ge-

2073 2005 2133 2041 τε
2176 1991 2268 2042 καὶ
2313 1988 2490 2058 πάντη
2537 1987 2753 2060 καθαρά
2795 1985 3102 2055 πνεύματα,
3134 1981 3356 2053 προσέτι
3389 1980 3445 2034 δὲ
3476 1979 3650 2049 ψυχὰς

2074 2080 2375 2154 ἀνθρώπων
2430 2080 2627 2149 ἄφετον
2676 2077 2771 2132 καὶ
2818 2075 3101 2147 ἐλεύθερον
3155 2075 3253 2144 τῆς
3301 2071 3650 2126 αὐθεκουσίου

2077 2173 2207 2244 περὶ
2236 2173 2297 2226 τὸ
2328 2171 2490 2226 καλὸν
2521 2173 2556 2242 ἢ
2583 2170 2888 2224 τούναντίον
2917 2167 3178 2240 αἱρέσεως
3203 2166 3302 2237 τὴν
3327 2162 3485 2232 φύσιν
3513 2165 3650 2215 ἐπα-

2075 2269 2335 2339 γομένας,
2393 2269 2495 2320 ὅσα
2542 2283 2602 2319 τε
2651 2265 2860 2327 τούτοις
2909 2263 3116 2335 ὄργανα
3173 2259 3436 2329 σωμάτων
3485 2253 3647 2326 ἔμελ-

2076 2363 2162 2416 λεν
2221 2358 2438 2412 ἔσεσθαι
2463 2399 2478 2420 ,
2547 2356 2804 2410 ποικίλων
2870 2355 3059 2424 ἀγωγῇ
3127 2348 3430 2419 κατάλληλα
3486 2347 3644 2419 βίων,

2077 2452 2260 2524 χώρας
2296 2470 2357 2505 τε
2389 2451 2597 2514 τούτοις
2649 2449 2819 2503 ἅπασι
2869 2447 2962 2500 καὶ
3005 2446 3201 2508 τόπους
3244 2441 3517 2512 διανέμειν
3570 2441 3650 2493 οἰ·-

2079 2545 2279 2608 κείους’
2333 2542 2572 2613 (μείνασι
2625 2541 2722 2612 μὲν
2768 2539 2875 2612 γὰρ
2903 2537 3125 2607 ἀγαθοῖς
3162 2537 3284 2598 τοὺς
3316 2533 3648 2606 κρείττονας,

2079 2636 2309 2708 ἔμπαλιν
2339 2636 2397 2688 δὲ
2425 2634 2553 2697 τοὺς
2592 2635 2988 2704 προσήκοντας,
3022 2630 3124 2700 τῆς
3155 2628 3249 2682 ἐπὶ
3273 2624 3531 2680 τάναντία
3566 2625 3656 2696 (So-

2079 2728 2190 2798 πῆς
2227 2726 2297 2780 τά
2345 2725 2828 2798 σωφρονιστήρια·)
2869 2719 3156 2792 προλαϐὼν
3197 2719 3260 2772 τὸ
3314 2716 3527 2788 μέλλον,
3568 2709 3657 2768 οἷα

2078 2821 2232 2886 Θεὸς,
2263 2821 2330 2890 τῇ
2387 2815 2711 2888 προγνώσει,
2749 2813 2974 2868 συνιδών
3016 2829 3073 2865 τε
3099 2851 3113 2874 ,
3161 2809 3364 2864 τούτων
3403 2808 3657 2861 ἁπάντων

2082 2914 2209 2984 περὶ
2255 2912 2520 2981 γενέσεως
2567 2911 2624 2963 ἐν
2671 2905 2891 2980 μεγάλῳ
2935 2903 3144 2974 σώματι
3185 2899 3428 2970 κεφαλῆς
3466 2898 3655 2967 δεησο-

2083 3008 2278 3075 μένων,
2319 3002 2416 3056 ’ένα
2454 2999 2544 3052 τὸν
2585 2999 2684 3068 τῆς
2729 2992 3086 3066 δημιουργίας
3116 2992 3334 3060 ἀπάσης
3377 2986 3656 3056 οἰκονόμον

2081 3093 2325 3165 ἡγεμόνα
2341 3108 2401 3144 τε
2429 3088 2522 3144 κα)⁵
2552 3085 2777 3159 βασιλέα
2809 3085 2916 3138 τῶν
2941 3083 3076 3136 ὅλων
3121 3079 3492 3154 προτάξασθαι
3522 3077 3658 3150 ῷετο

2081 3187 2213 3250 δεῖν,
2301 3185 2396 3237 καὶ
2421 3182 2490 3236 τὰ
2519 3180 2638 3234 θεῖα
2671 3179 3022 3252 μυσταγωγεῖ
3049 3174 3204 3242 λόγια
3236 3173 3371 3244 πρὸς
3390 3171 3499 3226 τῶν
3519 3170 3659 3225 ἄνω-

2083 3279 2174 3335 θεν
2202 3280 2330 3350 παρ’
2363 3275 2630 3348 Ἑϐραίοις
2655 3271 2917 3340 θεολόγων
2939 3287 2994 3323 τε
3019 3269 3112 3322 καὶ
3136 3266 3428 3339 προφητῶν
3453 3264 3658 3338 ἀνδρῶν

2081 3368 2501 3440 τεθεσπισμέναο
2549 3365 2678 3435 παρ’
2727 3356 2801 3416 ὧν
2847 3360 2912 3432 δὴ
2957 3360 3146 3431 μαθεῖν
3189 3357 3415 3423 ἔνεστιν,
3449 3355 3524 3420 ὡς
3552 3355 3661 3428 ἄρα

2087 3463 2188 3534 μία
2223 3460 2321 3532 μὲν
2354 3459 2438 3530 είη
2472 3456 2580 3510 τῶν
2608 3456 2743 3508 ὅλων
2769 3452 2930 3525 ἀρχὴ,
2965 3451 3166 3522 μᾶλλον
3193 3449 3250 3503 δὲ
3284 3449 3346 3502 τὸ
3375 3449 3467 3502 καὶ
3486 3448 3659 3520 ἀρχῆς

2083 3553 2374 3623 ἀνώτερον,
2407 3551 2502 3604 καὶ
2544 3548 2760 3621 πρώτου
2805 3545 3254 3618 προγενέστερον,
3305 3543 3401 3597 καὶ
3439 3541 3661 3612 μονάδος

2084 3642 2543 3718 ἀρχεγονώτερον,
2601 3640 2696 3693 καὶ
2743 3639 2923 3710 πᾶσης
2973 3640 3220 3710 κρεῖττον
3271 3633 3661 3708 προσηγορίας,

2084 3741 2340 3812 ἄρρητον,
2365 3735 2758 3805 ἁνέκφραστον,
2787 3731 3164 3802 ἁπερινόητον,
3193 3728 3417 3797 ἀγαθὸν,
3451 3725 3510 3780 τὸ
3533 3725 3666 3778 πάν-

2084 3849 2192 3884 των
2225 3828 2416 3894 αἴτιον,
2451 3827 2512 3881 τὸ
2541 3823 2844 3895 ποιητικὸν,
2871 3823 2932 3876 τὸ
2957 3821 3324 3893 εὐεργετικὸν,
3355 3820 3418 3872 τὸ
3444 3834 3668 3890 προνοη-

2085 3923 2256 3986 τικὸν,
2305 3923 2366 3974 τὸ
2413 3921 2700 3992 σωτήριον,
2739 3917 2900 3980 αὐτὸς
2927 3915 3002 3970 ὣν
3030 3917 3060 3969 ό
3091 3909 3171 3977 εἷς
3199 3913 3290 3966 καὶ
3325 3912 3482 3978 μόνος
3511 3909 3664 3975 Θεὸς,

2087 4017 2146 4082 ἐξ
2193 4007 2254 4070 οὗ
2293 4016 2361 4068 τά
2399 4015 2596 4078 πάντα,
2639 4013 2706 4066 δι’
2751 4011 2810 4065 ὃν
2857 4011 2926 4064 τὰ
2981 4008 3158 4062 πάντα
3201 4005 3382 4058 ἐστίν’
3425 4007 3482 4059 ὲν
3519 4001 3668 4074 αὐτῷ

2086 4110 2196 4181 γὰρ
2221 4109 2404 4180 ζῶμεν
2431 4109 2524 4161 καὶ
2547 4104 2848 4176 κινούμεθα
2871 4104 2964 4157 καὶ
2992 4102 3179 4172 ἐσμέν.
3220 4099 3288 4152 ’⁸0
3313 4115 3364 4150 τι
3391 4097 3456 4168 δὴ
3500 4095 3664 4156 θέλει,

2087 4201 2240 4256 τοῦτο
2267 4201 2398 4269 γοῦν
2423 4199 2622 4268 καὶεῖη
2647 4198 2712 4252 ἂν
2727 4197 2788 4250 τὸ
2815 4197 2974 4266 μόνον
2995 4196 3092 4264 τῆς
3103 4191 3210 4245 τῶν
3229 4187 3472 4260 γενητῶν
3491 4185 3668 4240 ἀπάν-

2087 4312 2196 4348 των
2247 4291 2555 4354 οὑσιώσεώς
2593 4307 2653 4342 τε
2716 4290 2813 4342 καὶ
2851 4287 3137 4357 ὑπάρξεως
3179 4283 3370 4337 αἴτιον·
3422 4279 3666 4341 θέλοντος

2091 4383 2197 4456 γάρ
2228 4387 2362 4436 ἐστι.
2393 4383 2548 4434 Θέλει
2579 4380 2654 4443 δὲ,
2691 4381 2773 4432 ὅτι
2801 4377 2898 4448 τὴν
2926 4375 3086 4446 φύσιν
3114 4373 3315 4442 ἀγαθὸς
3357 4369 3433 4422 ὢν
3467 4369 3668 4438 τυγκά·

2089 4495 2189 4528 νει,
2233 4473 2446 4544 ’Λγαθῷ
2485 4473 2542 4525 δὲ
2580 4470 2752 4536 οὐδὲν,
2794 4469 2877 4521 ὅτι
2929 4467 3002 4538 μὴ
3047 4465 3108 4518 τὸ
3147 4463 3319 4518 Θέλειν
3369 4461 3437 4514 τὰ
3489 4459 3668 4528 ἀγαθά

2092 4566 2387 4640 προσφυὲς.
2423 4564 2603 4616 Θέλων
2635 4561 2692 4614 δὲ
2721 4559 2914 4620 ταῦτα,
2945 4557 3037 4610 καὶ
3068 4554 3311 4608 δύναται·
3345 4551 3424 4604 διὸ
3449 4550 3544 4604 καὶ
3583 4549 3670 4604 θέ-

2088 4662 2194 4715 λων
2226 4657 2360 4730 ὀμοῦ
2391 4657 2485 4708 καὶ
2520 4653 2837 4722 δυνάμενος,
2881 4647 3174 4709 ἀκωλύτως
3212 4644 3305 4700 καὶ
3329 4641 3669 4714 ἀπαραποδί-

2091 4770 2231 4816 στως
2261 4752 2371 4803 πᾶν
2406 4750 2434 4801 ὅ
2474 4765 2528 4799 τι
2553 4743 2731 4798 καλὸν
2763 4743 2857 4795 καὶ
2898 4738 3172 4810 συμφέρον
3200 4735 3256 4789 ἓν
3280 4753 3339 4788 τε
3376 4734 3672 4807 ὁρωμένοις

2091 4845 2185 4900 καὶ
2222 4843 2486 4911 ἀφανέσιν
2511 4837 2672 4900 αὐτὸς
2695 4833 2874 4904 ἑαυτῷ
2897 4831 3284 4902 συνεστήσατο,
3321 4828 3452 4899 ὓλην
3483 4827 3672 4898 ὥσπερ

2089 4938 2211 4992 τινὰ
2237 4937 2332 4990 καὶ
2355 4933 2538 4988 οὐσίαν
2567 4931 2664 5000 τῆς
2693 4927 2802 4981 τῶν
2824 4926 2959 4980 ὅλων
2982 4921 3248 4992 γενέσεώς
3268 4939 3325 4975 τε
3356 4921 3451 4974 καὶ
3485 4918 3676 4972 συστά-

2093 5050 2230 5096 σεως
2253 5031 2348 5104 τὴν
2377 5025 2572 5082 ἑαυτοῦ
2602 5022 2796 5093 βουλὴν
2829 5019 2924 5072 καὶ
2955 5017 3183 5087 δύναμιν
3212 5013 3670 5087 προϐεϐλημένος,

2091 5128 2166 5192 ώς
2204 5124 2403 5198 μηκέτι
2435 5119 2672 5186 εὐλόγως
2700 5117 2865 5184 φάναι
2895 5114 3003 5166 δεῖν
3033 5110 3092 5175 ἐξ
3126 5110 3226 5162 οὐκ
3257 5108 3424 5161 ὄντων
3453 5101 3592 5158 εἷναί
3619 5121 3673 5155 τι

2095 5233 2200 5288 τῶν
2229 5233 2414 5286 ὅντων.
2441 5226 2577 5282 Οὐδὲ
2601 5226 2710 5297 γὰρ
2739 5223 2804 5278 ἂν
2831 5220 2916 5289 εἴη
2941 5238 2993 5272 τι
3030 5219 3090 5270 τὸ
3121 5219 3186 5270 ἐκ
3233 5216 3307 5287 μὴ
3349 5214 3520 5277 ὗντος.
3549 5211 3672 5274 Πῶς

2094 5340 2202 5409 γὰρ
2233 5337 2292 5390 τὸ
2325 5335 2398 5406 μὴ
2431 5332 2488 5386 ὃν
2522 5330 2692 5400 ἑτέρῳ
2714 5327 2806 5381 τοῦ
2841 5324 2978 5380 εἶναι
3007 5323 3202 5393 γένοιτ’
3227 5321 3293 5375 ἂν
3328 5319 3535 5384 αῖτιον;
3568 5317 3674 5368 πᾶν

2095 5442 2152 5494 δὲ
2173 5442 2210 5494 6
2231 5458 2284 5492 τι
2319 5437 2447 5490 ποτὲ
2479 5434 2570 5487 καὶ
2611 5433 2779 5497 ἔστιν,
2823 5431 2882 5496 ἐξ
2916 5431 3034 5493 ἐνὸς
3076 5427 3168 5481 τοῦ
3209 5425 3370 5496 μόνου
3401 5409 3552 5481 ὄντος
3581 5419 3676 5472 καὶ

2097 5540 2203 5611 πρὸ
2234 5539 2409 5600 ὄντος,
2441 5535 2534 5588 τοῦ
2565 5535 2628 5606 δὴ
2658 5535 2750 5588 καὶ
2778 5535 3070 5604 φήσαντος,
3110 5546 3127 5578 ι
3153 5523 3293 5594 Ἐγὼ
3318 5521 3434 5592 εἰμὶ
3461 5522 3489 5573 ὁ
3512 5519 3608 5580 ὣν,
3653 5537 3670 5568 ι

2096 5643 2158 5696 τὸ
2185 5639 2323 5695 εἶναι
2350 5639 2512 5693 λαϐὸν
2537 5639 2666 5710 ἔχει·
2701 5639 2782 5692 ὅτι
2808 5637 2872 5707 δη
2906 5634 3064 5706 μόνος
3091 5629 3189 5691 ῶν,
3214 5627 3318 5682 καῖ’
3335 5626 3423 5678 ἀεὶ
3461 5622 3558 5686 ῶν,
3581 5622 3678 5674 αὐ-

2099 5746 2188 5810 τὸς
2227 5745 2357 5798 πᾶσι
2390 5747 2499 5808 τοῖς
2537 5741 2596 5807 ἐξ
2638 5739 2804 5795 αὐτοῦ
2842 5739 2902 5792 τὸ
2947 5733 3085 5790 εἶναι
3121 5727 3482 5802 κτησαμένοις
3509 5725 3678 5787 αἴτιος

3198 5833 3222 5845 οι
3275 5833 3298 5847 κ

2101 5849 2192 5902 τοῦ
2220 5844 2354 5902 εἶναι
2397 5845 2654 5916 κατέστη,
2704 5842 2780 5914 τῷ
2818 5841 2989 5894 θέλειν
3024 5837 3118 5892 καὶ
3159 5833 3232 5906 τῷ
3271 5830 3547 5886 δύνασθαι·
3587 5827 3680 5881 καὶ
