4126 6442
419 397 527 455 255
1202 422 1211 429 ·
1349 394 1589 451 DEMON
1596 393 1941 452 STRATION
1948 393 1999 449 IS

2102 389 2506 450 VANGELICAE
2537 393 2667 452 LIB.
2704 393 2792 450 ιν.
3570 397 3676 452 254

419 512 519 583 τὴν
546 510 735 564 οὐσίαν
763 512 876 573 τοῖς
913 509 1065 574 πᾶσι,
1100 509 1194 562 καὶ
1221 507 1321 572 τὰς
1357 509 1635 580 δυνάμεις,
1670 509 1765 563 καὶ
1789 508 1857 563 τά
1885 508 1999 578 εἴδη

2102 508 2405 564 nerationis
2433 507 2951 579 constitutionisque
2999 506 3262 574 universi,
3300 524 3457 563 suum
3493 514 3678 568 consi-

423 605 694 668 πλουσίως
718 603 812 657 καὶ
838 600 1205 671 ἀνεπιφθόνως
1231 602 1291 669 ἐξ
1315 601 1479 656 αὑτοῦ
1512 602 1927 673 κεχαρισμένος.

2105 601 2239 656 lium
2281 616 2549 671 suamque
2576 602 2872 672 potentiam
2928 600 3228 672 praetulerit
3253 642 3267 665 ,
3299 609 3360 657 ut
3389 603 3540 658 nulla
3560 604 3675 674 jam

425 695 637 751 ratione
658 692 766 747 dici
794 695 986 762 possit,
1017 692 1084 746 de
1105 691 1277 746 nihilo
1308 707 1430 748 esse
1458 692 1756 762 quidquam
1798 707 1987 747 eorum
2023 706 2145 761 qua:
2192 699 2344 756 sunt,
2392 707 2572 761 neque
2636 694 2782 748 enim
2836 708 2962 748 esse
2999 692 3279 764 quidpiam
3312 702 3492 766 potest
3519 713 3585 753 ex
3610 711 3678 753 eo

426 787 576 860 quod
626 787 804 857 ipsum
836 799 942 838 non
975 785 1066 839 sit.
1098 783 1386 849 Quomodo
1417 784 1562 840 enim
1597 782 1652 838 id
1680 784 1826 855 quod
1886 798 1993 837 non
2031 793 2134 847 est,
2167 782 2325 836 alteri
2358 789 2431 836 ut!
2471 783 2543 837 sit
2565 797 2733 837 causa
2763 783 2868 837 erit
2895 783 2917 836 ?
2979 783 3151 839 Omne
3186 793 3367 840 autem
3390 788 3676 857 quodcun-

429 899 536 955 que
567 890 669 946 est,
698 896 761 936 ex
789 894 898 935 uno
929 878 1023 950 qui
1071 880 1221 934 solus
1265 890 1370 943 est,
1437 885 1493 933 et
1549 887 1675 934 ante
1717 878 1902 933 omnia
1952 885 2057 943 est,
2099 876 2303 947 quique
2335 876 2465 930 olim
2513 876 2677 930 etiam
2708 876 2842 931 illud
2880 878 3184 947 respondit,
3220 897 3239 931 ι
3275 878 3389 951 Ego
3425 897 3546 937 sum
3580 882 3674 953 qui

431 992 573 1044 sum,
599 995 617 1028 ι
647 983 705 1031 ut
727 982 875 1031 esset
906 982 963 1028 et
993 974 1204 1044 accepit
1225 981 1280 1029 et
1309 973 1503 1029 habet.
1551 974 1753 1045 quippe
1771 989 1895 1029 cum
1917 974 2010 1045 qui
2048 974 2199 1029 solus
2234 979 2338 1038 est,
2394 979 2450 1026 et
2503 986 2722 1042 semper
2744 980 2863 1038 est,
2894 973 2942 1028 is
2964 975 3220 1031 omnibus
3248 991 3586 1049 quzecunque
3610 994 3677 1033 ex

429 1074 546 1144 ipso
566 1072 616 1124 id
643 1071 789 1141 quod
821 1079 950 1126 sunt
987 1076 1340 1140 acceperunt,
1374 1076 1434 1123 ut
1481 1078 1666 1125 essent
1695 1077 1887 1125 auctor
1942 1069 2217 1125 exstiterit
2278 1088 2291 1123 :
2354 1076 2520 1138 atque
2551 1082 2617 1121 ex
2666 1082 2733 1122 eo
2791 1068 2938 1137 quod
2966 1077 3020 1123 et
3049 1069 3176 1123 velit
3204 1078 3259 1126 et
3288 1072 3484 1141 possit,
3515 1074 3678 1130 rebus

430 1160 695 1215 universis
723 1165 778 1214 et
809 1157 1130 1221 essentiam,
1183 1163 1239 1210 et
1299 1163 1597 1227 potestates
1619 1198 1635 1223 ,
1670 1165 1725 1211 et
1770 1158 1998 1224 formas,
2032 1159 2307 1214 luculente
2334 1165 2391 1212 et
2425 1157 2647 1226 cepiose
2670 1156 2739 1213 de
2769 1159 2953 1228 scipso
2982 1158 3216 1229 largitus
3241 1162 3333 1216 sit.

1171 1250 1247 1303 B’.

471 1344 662 1411 Ὅπως
701 1341 890 1397 αὐτὸν
935 1342 1051 1409 πρὸ
1100 1340 1303 1411 πάσης
1334 1343 1587 1409 κτίσεως
1620 1343 1758 1397 Υἱὸν
1783 1343 1932 1397 Θεοῦ

934 1412 1242 1482 γεγονέναι
1265 1412 1481 1482 φαμέν.

489 1506 601 1560 Καὶ
624 1505 690 1578 δὴ
723 1504 829 1558 τῶν
862 1504 1030 1559 ὄντων
1066 1505 1322 1559 ἁπάντων
1346 1505 1560 1577 πρῶτον
1588 1506 1874 1577 ὑφίστησιν
1908 1505 2000 1559 αὖ·

415 1599 512 1654 τοῦ
536 1599 782 1669 γέννημα
804 1597 904 1670 τὴν
925 1598 1265 1670 πρωτότοκον
1286 1600 1496 1670 σοφίαν,
1512 1598 1640 1670 ὅλην
1662 1599 1728 1653 δι’
1742 1599 1864 1652 ὅλου
1885 1615 2002 1651 νοε-

418 1693 540 1764 ράν,
574 1690 938 1762 καὶιλογικὴν,
965 1691 1059 1744 καὶ
1092 1691 1385 1761 πάνσοφον,
1417 1690 1615 1764 μᾶλλον
1641 1691 1697 1744 δὲ
1720 1690 1995 1755 αὑτονοῦν,

2771 1249 2931 1321 15.6
2957 1249 3022 1305 ιι.

2103 1341 2560 1409 Quemadmodum
2588 1341 2744 1396 illum
2800 1352 2923 1396 ante
2970 1359 3176 1397 omnem
3225 1355 3526 1401 creaturam
3572 1346 3676 1404 Fi-

2523 1413 2655 1466 lium
2687 1412 2787 1467 Dei
2821 1413 2984 1479 fuisse
3013 1412 3265 1469 dicimus.

2172 1504 2361 1577 Itaque
2419 1507 2663 1562 omnium
2710 1521 3050 1578 quaecunque
3097 1515 3248 1576 sunt,
3299 1507 3465 1563 fetum
3515 1524 3675 1565 suum

2105 1600 2339 1671 primum
2363 1599 2788 1667 subministrat,
2820 1600 2999 1671 primo
3027 1601 3265 1672 genitam
3295 1601 3552 1658 videlicet
3588 1619 3678 1658 sa-

2105 1690 2387 1761 pientiam,
2423 1700 2590 1745 totam
2623 1706 3016 1762 usquequaque
3045 1691 3460 1764 intelligentem,
3502 1699 3556 1748 et
3588 1708 3678 1746 ra-

417 1786 514 1839 καὶ
546 1783 859 1853 αὑτολόγον,
896 1785 990 1837 καὶ
1027 1784 1371 1854 αὑτοσοφίανο
1398 1786 1492 1840 καὶ
1522 1783 1576 1837 εἴ
1599 1802 1652 1837 τι
1676 1784 1733 1837 δὲ
1762 1785 1998 1838 αὖτόκα-

2104 1783 2361 1838 tionalem
2417 1790 2471 1838 et
2520 1783 2737 1853 penitus
2785 1783 3117 1853 sapientem,
3148 1799 3214 1839 ac
3268 1785 3453 1854 potius
3498 1785 3675 1855 ipsam

416 1872 509 1928 λον
536 1874 631 1928 καὶ
653 1870 987 1944 αὐτοάγαθον
1010 1875 1243 1929 ἐπινοεῖν
1264 1878 1321 1929 ὲν
1340 1878 1615 1947 γεννητοῖς
1632 1876 1811 1946 θέμις.
1840 1872 1999 1927 τοῦτο

420 1966 636 2040 πρῶτον
657 1967 819 2032 αὐτὸς
840 1967 899 2034 ἐξ
928 1966 1093 2021 αὐτοῦ
1129 1967 1376 2039 θεμέλιον
1397 1968 1503 2023 τῶν
1540 1968 1680 2039 μετὰ
1702 1966 1878 2021 ταῦτα
1903 1982 1991 2034 γε-

420 2060 734 2132 νησομένων
766 2060 1148 2134 προϐάλλεται,
1188 2060 1250 2113 τὸ
1275 2061 1477 2115 τέλειον
1498 2060 1703 2114 τελείου
1737 2059 1999 2131 δημιούρ-

418 2167 595 2222 γημα,
624 2152 720 2205 καὶ
746 2150 910 2221 σοφοῦ
947 2151 1107 2220 σοφὸν
1141 2150 1602 2222 ἀρχιτεκτόνημα,
1645 2147 1852 2217 ἀγαθοῦ
1894 2164 1998 2201 πα-

416 2243 545 2314 τρὸς
574 2244 777 2314 ἀγαθὸν
801 2244 1068 2317 γέννημα.
1100 2245 1211 2298 Καὶ
1234 2243 1287 2296 τί
1312 2242 1421 2313 γάρ
1448 2242 1596 2308 ἀλλο,
1632 2243 1666 2313 ἢ
1696 2240 1805 2295 τῶν
1842 2240 2000 2311 μετέ-

420 2351 580 2388 πειτα
602 2336 664 2390 τὸ
685 2331 822 2390 εἶναι
847 2336 912 2389 δι’
946 2335 1112 2389 αὐτοῦ
1133 2337 1427 2400 λαϐόντων,
1455 2336 1766 2406 προστάτην
1792 2336 1885 2388 καὶ
1910 2352 2002 2404 κη·-

419 2426 638 2499 δεμόνα,
674 2423 894 2500 σωτῆρα
930 2445 988 2480 τε
1027 2428 1123 2480 καὶ
1160 2428 1363 2499 ἰατρὸν,
1395 2428 1489 2481 καὶ
1527 2427 1869 2497 κυϐερνήτην
1898 2426 2000 2496 τῆς

419 2518 530 2572 τῶν
558 2519 695 2574 ὅλων
722 2519 1080 2591 δημιουργίας
1107 2521 1235 2584 τοὺς
1256 2519 1447 2583 οἴακας
1473 2519 1998 2592 περιδεδραγμένον;

426 2609 588 2664 Ὅθεν
620 2610 848 2675 εἰκότως
877 2613 926 2664 oi
954 2611 1190 2682 χρησμοὶ
1219 2610 1592 2680 θεολογοῦντες
1631 2611 1762 2664 Θεὸν
1811 2629 2002 2683 γεννη‹

419 2699 510 2753 τὸν
541 2701 704 2754 αὑτὸν
726 2700 1137 2770 ἀποφαίνουσιν,
1173 2701 1249 2764 ὡς
1278 2701 1344 2755 ἂν
1380 2702 1482 2771 τῆς
1506 2702 1881 2772 ἀνεκφράστου
1909 2702 2001 2755 καὶ

417 2792 781 2862 ἀπερινοήτου
815 2790 1068 2862 θεότητος
1111 2791 1269 2861 μόνον
1311 2792 1368 2843 ἐν
1412 2790 1561 2860 αὑτῷ
1614 2791 1848 2862 φέροντα
1900 2791 1999 2863 τὴν

417 2879 622 2944 εἰκόνα,
655 2880 724 2934 δι’
750 2882 817 2951 ἣν
851 2881 946 2935 καὶ
971 2880 1103 2933 Θεὸν
1144 2876 1283 2934 εἷναί
1326 2898 1385 2934 τε
1417 2881 1578 2935 αὐτὸν
1610 2882 1703 2935 καὶ
1744 2880 1999 2951 λέγεσθαι

414 2970 514 3042 τῆς
547 2972 685 3044 πρὸς
729 2972 791 3026 τὸ
829 2972 1044 3043 πρῶτον
1081 2970 1453 3042 ἐξομοιώσεως
1491 2972 1674 3044 χάριν,
1721 2975 1896 3047 ταύτῃ
1938 2992 2000 3027 τε

2104 1872 2543 1944 intelligentiam,
2576 1871 2749 1942 ipsam
2777 1873 3069 1938 rationem,
3098 1875 3273 1944 ipsam
3295 1875 3621 1946 sapientiam
3658 1895 3675 1932 :

2100 1979 2319 2020 necnon
2344 1963 2391 2019 si
2421 1962 2555 2034 quid
2580 1963 2758 2034 ipsum
2784 1965 3097 2035 pulchrum,
3130 1966 3420 2038 ipsumque
3472 1968 3676 2022 bonum

2101 2057 2415 2128 excogitare
2447 2057 2501 2110 in
2520 2056 2589 2113 iis
2622 2072 2743 2128 qua:
2771 2058 2952 2128 genita
2971 2059 3197 2114 suntfas
3218 2067 3324 2121 cst.
3354 2061 3409 2116 id
3436 2062 3674 2131 primum

2101 2149 2219 2220 ipse
2255 2164 2320 2203 ex
2351 2163 2411 2205 se
2444 2147 2565 2218 ipso
2598 2162 2789 2203 eorum
2832 2164 2953 2219 quae
3004 2149 3235 2218 posthac
3284 2150 3467 2220 futura
3518 2163 3678 2209 erant

2102 2241 2518 2297 fundamentum
2534 2240 2773 2312 praefert,
2792 2241 3096 2311 perfectum
3117 2241 3345 2311 perfecti
3373 2244 3673 2314 opiﬁcium,

2103 2332 2366 2403 sapientis
2421 2332 2722 2402 sapientem
2774 2332 3212 2397 fabricationem,
3245 2332 3374 2387 boni
3432 2336 3677 2403 parentis

2101 2431 2299 2486 bonam
2318 2429 2584 2496 sobolem,
2602 2437 2655 2484 et
2670 2428 2930 2499 quidnam
2958 2426 3107 2481 aliud
3137 2426 3302 2481 fuerit
3328 2426 3675 2495 prmlaturus,

2102 2537 2266 2593 quam
2290 2522 2442 2577 illum
2475 2522 2651 2592 ipsum
2674 2535 2863 2576 eorum
2885 2535 3007 2590 qua:
3040 2517 3268 2589 posthac
3290 2533 3387 2587 per
3413 2517 3591 2587 ipsum
3621 2517 3678 2574 id

2100 2612 2245 2682 quod
2277 2618 2407 2666 sunt
2435 2609 2773 2681 acceperint,
2811 2609 3138 2681 perfectum,
3174 2614 3511 2674 curatorem,
3543 2621 3678 2662 con-

2101 2708 2461 2766 servatorem,
2490 2702 2786 2768 medicum,
2838 2701 3265 2772 gubernatorem
3297 2701 3321 2754 ?
3371 2715 3496 2755 cum
3524 2700 3677 2756 vide-

2102 2789 2227 2847 licet
2277 2791 2371 2864 qui
2409 2794 2707 2849 ereationis
2735 2792 2977 2849 universi
3026 2791 3396 2863 gubernacula
3430 2805 3682 2869 ’compre-

2098 2880 2270 2938 hensa
2323 2884 2576 2939 teneret?
2609 2884 2793 2954 itaque
2830 2898 2941 2938 non
2969 2882 3246 2938 immerito
3267 2882 3494 2936 oracula
3523 2882 3679 2937 theo-

2098 2975 2273 3045 logice
2316 2976 2631 3048 loquentia,
2684 2976 2853 3033 Deum
2888 2976 3130 3047 genitura
3174 2975 3325 3030 illum
3366 2975 3675 3039 enuntiarit,

415 3066 577 3119 αὐτὸν
602 3066 803 3135 ἀγαθόν
824 3084 984 3137 φασιν
1009 3068 1287 3139 ὑπηρέτην
1318 3068 1454 3139 πρὸς
1476 3068 1568 3122 τοῦ
1599 3070 1849 3142 Σωτῆρος
1870 3072 1999 3124 ὑπο-

2102 3076 2357 3140 tanquam
2382 3086 2506 3126 eum
2537 3071 2631 3141 qui
2659 3070 3023 3125 elocutionem
3050 3084 3270 3125 omnem
3297 3108 3312 3133 ,
3347 3083 3680 3138 omnemque

416 3159 732 3232 ϐεϐλῆσθαι,
759 3159 866 3226 ἵνα,
894 3159 1082 3234 ὥσπερ
1119 3162 1183 3216 δι’
1218 3162 1334 3226 ἑνὸς
1364 3154 1639 3230 πανσόῇοου
1668 3165 1762 3216 καὶ
1799 3161 1999 3228 ζῶντος

2102 3161 2484 3232 cogitationem
2534 3162 2845 3234 effugientis
2896 3163 3094 3219 divinae
3151 3171 3362 3218 natura}
3415 3164 3569 3218 solus
3620 3163 3677 3217 in

415 3251 669 3325 ὀργάνου,
696 3253 946 3323 τεχνικοῦ
979 3270 1039 3306 τε
1073 3255 1169 3308 καὶ
1196 3253 1619 3325 ἐπιστημονικοῦ
1650 3255 1892 3320 κανόνος,
1929 3254 1999 3309 τὰ

2102 3253 2284 3322 seipse
2311 3248 2489 3308 fuerat
2521 3254 2837 3326 imaginem,
2868 3262 3093 3326 pr0pter
3121 3270 3286 3326 quam
3339 3255 3509 3310 Deum
3540 3271 3680 3326 quos

416 3342 592 3397 πάντα
619 3342 768 3414 αὐτῷ
789 3343 1161 3408 ἀπευθύνοιτο,
1189 3343 1416 3414 σώματα
1441 3345 1576 3417 ὁμοῦ
1595 3346 1688 3399 καὶ
1710 3344 1997 3418 ἀσώματα,

416 3433 635 3505 ἔμψυχά
664 3451 725 3488 τε
785 3435 881 3489 καὶ
924 3435 1125 3506 ἄψυχα,
1170 3435 1363 3504 λογικά
1405 3436 1502 3490 σὺν
1539 3436 1773 3504 ἀλόγοις,
1829 3437 1999 3508 θνητά

418 3526 514 3579 σὺν
539 3525 846 3590 ἀθανάτοις,
881 3528 976 3581 καὶ
1008 3527 1062 3581 εί
1083 3545 1136 3580 τι
1176 3526 1384 3591 τούτοις
1412 3528 1599 3600 ἕτερον
1626 3529 1998 3600 συνυφέστηκὲ

415 3633 474 3670 τε
504 3618 599 3672 καὶ
639 3619 992 3689 συνύφανται,
1030 3621 1125 3674 καὶ
1173 3623 1248 3684 ὡς
1281 3621 1383 3692 μιᾷ
1408 3618 1517 3673 τῶν
1556 3620 1692 3674 ὅλων
1744 3621 1994 3691 δυνάμει,

417 3710 497 3766 ἑνί
519 3729 579 3765 τε
603 3710 763 3776 ζῶντι
787 3714 883 3767 καὶ
910 3713 1138 3785 ἐμψύχῳ
1169 3713 1317 3784 νόμῳ
1352 3730 1413 3766 τε
1447 3714 1540 3767 καὶ
1565 3712 1707 3784 λόγῳ
1742 3716 1799 3767 ὲν
1830 3715 1996 3767 πᾶσιν

416 3802 529 3857 ὄντι
551 3805 646 3858 καὶ
674 3803 762 3858 διά
794 3804 1011 3859 πάντων
1051 3806 1237 3875 ἥκοντι
1284 3803 1353 3857 τά
1391 3803 1566 3857 πάντα
1613 3803 2000 3875 συναρμόζοιτο

418 3893 507 3964 ὑφ’
541 3894 622 3947 ὲνί
650 3894 909 3964 πανσόφῳ
933 3893 1138 3965 δεσμῷ,
1165 3892 1314 3964 αὐτῷ
1353 3892 1420 3964 δὴ
1445 3892 1524 3961 τῷ
1554 3892 1649 3944 τοῦ
1686 3891 1821 3945 Θεοῦ
1854 3892 1997 3963 λόγῳ

416 4000 477 4039 τε
499 3988 592 4041 καὶ
620 3988 789 4058 νόμῳ,
826 3986 1167 4059 συναγόμενά
1188 4004 1247 4040 τε
1277 3986 1372 4040 καὶ
1398 3983 1751 4054 συνδούμενα.

418 4082 531 4131 tam
562 4075 851 4130 rationalia
865 4089 1029 4145 quam
1059 4074 1241 4139 bruta,
1274 4081 1384 4129 tam
1414 4073 1665 4129 mortalia
1707 4088 1869 4143 quam
1907 4073 2255 4139 immortalia,

2100 3359 2206 3414 que
2231 3354 2285 3399 et
2311 3359 2433 3401 esse
2462 3345 2614 3401 illum
2644 3357 2700 3401 et
2728 3346 2860 3413 dici,
2902 3348 3024 3417 ejus
3064 3349 3337 3417 videlicet,
3367 3365 3488 3419 quae
3531 3351 3678 3419 quod

2099 3435 2337 3505 primum
2377 3447 2465 3494 est
2497 3439 2686 3504 refert,
2720 3456 2996 3511 expressae
3056 3441 3435 3499 similitudinis
3480 3442 3676 3513 gratia.

2104 3526 2374 3592 Quocirca
2406 3529 2559 3584 illum
2590 3531 2793 3587 bonum
2827 3532 2984 3586 aiunt
3032 3531 3419 3588 administrum
3457 3548 3487 3585 a
3519 3532 3680 3586 Patre

2103 3618 2387 3675 suffectum
2402 3635 2547 3685 esse,
2579 3631 2639 3676 ut
2669 3622 2828 3691 quasi
2855 3638 2950 3693 per
2979 3638 3149 3678 unum
3184 3623 3402 3693 penitus
3435 3624 3677 3693 sapiens,

2107 3712 2404 3781 rivensque
2437 3714 2896 3780 instrumentum,
2928 3715 3378 3786 artificialemque
3402 3730 3467 3770 ac
3499 3716 3679 3772 omnis

2105 3800 2348 3856 scientiae
2374 3802 2483 3857 vim
2514 3803 2569 3857 in
2587 3818 2647 3858 se
2675 3804 2964 3861 habentem
2992 3804 3260 3874 regulam,
3313 3805 3573 3862 universa
3609 3806 3679 3861 ah

2102 3893 2224 3964 ipso
2255 3904 2597 3964 regerentur,
2632 3902 2743 3949 tam
2773 3910 3008 3967 corpora
3039 3896 3181 3966 ipsa,
3204 3913 3367 3968 quam
3403 3912 3525 3967 quae
3561 3911 3682 3951 cor-

2106 3987 2257 4056 poris
2294 3988 2540 4057 expertia
2571 3996 2722 4056 sunt,
2751 3995 2864 4043 tam
2889 3990 3188 4045 animantia
3216 4005 3378 4060 quam
3414 3989 3677 4056 inanima,

2330 4091 2395 4130 ac
2434 4076 2481 4132 si
2535 4077 2667 4148 quid
2708 4078 2854 4133 aliud
2889 4094 2995 4134 una
3027 4095 3152 4134 cum
3179 4080 3266 4136 his
3294 4080 3429 4136 exiit
3470 4079 3527 4133 in
3581 4093 3678 4133 na-

419 4176 617 4234 turam,
645 4181 862 4238 unaque
881 4168 1039 4239 quasi
1057 4175 1372 4222 contextum
1398 4176 1483 4221 est
1508 4184 1522 4220 :
1549 4180 1762 4221 necnon
1794 4173 1854 4218 ut
1888 4165 1980 4219 uni
2019 4180 2199 4220 rerum
2254 4167 2501 4222 omnium
2530 4170 2810 4240 potestati,
2849 4171 3051 4241 unique
3069 4172 3276 4228 viventi
3342 4178 3505 4242 atque
3561 4170 3679 4225 ani-

420 4270 581 4319 mata:
646 4263 769 4334 legi,
813 4278 878 4317 ac
949 4263 1152 4318 rationi
1201 4279 1322 4334 qua:
1371 4263 1425 4317 in
1493 4262 1746 4318 omnibus
1806 4271 1972 4328 esset,
2012 4278 2215 4334 perque
2260 4264 2445 4320 omnia
2508 4273 2843 4336 penetraret,
2913 4270 3097 4325 omnia
3153 4266 3530 4331 convenirent,
3578 4264 3682 4321 sub

420 4370 589 4410 unum
619 4354 808 4425 utique
840 4353 1078 4425 perfecte
1107 4357 1325 4425 sapiens
1353 4355 1655 4419 vinculum,
1691 4353 1868 4424 ipsum
1909 4355 2120 4410 scilicet
2158 4353 2253 4412 Dei
2296 4357 2520 4413 verbum
2553 4357 2839 4429 ipsamque
2862 4358 3056 4429 legem,
3098 4369 3283 4416 coacta
3309 4368 3363 4416 et
3400 4359 3678 4430 colligata.

1174 4468 1249 4522 1".

425 4581 543 4637 Ὅτι
591 4581 678 4651 μὴ
728 4581 978 4651 πλείους
1026 4582 1145 4636 υἱοὶ
1204 4582 1312 4636 τοῦ
1355 4582 1453 4635 ἐπὶ
1508 4581 1750 4637 πάντων
1802 4583 1950 4637 θεοῦ
1981 4625 1995 4648 ,

486 4648 673 4724 μόνῖοῤ
690 4652 758 4706 δὲ
788 4648 878 4719 εἴς
911 4652 981 4707 ἐκ
1008 4652 1156 4707 Θεοῦ
1190 4654 1333 4719 Θεὸς
1372 4655 1637 4723 εὐλόγως
1668 4652 1811 4723 ἡμῖν
1851 4655 1999 4723 ἀνη-

601 4740 788 4778 ευτιιι.

494 4725 788 4794 γόρευται.

502 4814 651 4878 Ἑνὸς
673 4814 731 4867 δὲ
752 4812 906 4877 ὄντος
943 4811 1038 4867 τοῦ
1061 4813 1295 4885 Πατρὸς,
1328 4812 1425 4867 ’ἑνα
1455 4814 1562 4886 χρὴ
1602 4814 1697 4869 καὶ
1727 4814 1819 4868 τὸν
1847 4816 1999 4884 Υἱὸν,

422 4906 557 4960 ἀλλὰ
586 4907 645 4960 οὐ
678 4904 906 4968 πολλοὺς
932 4901 1091 4969 εἶναι,
1122 4906 1217 4960 καὶ
1252 4905 1348 4958 ἕνα
1387 4905 1591 4959 τέλειον
1624 4906 1783 4977 μόνον
1818 4924 2004 4980 γεννη-

422 4997 512 5051 τὸν
545 4998 677 5053 Θεὸν
715 4999 781 5050 ὲκ
804 4996 959 5062 Θεοῦ,
992 4997 1106 5051 ἀλλ’
1131 4998 1193 5051 οὑ
1225 4998 1460 5061 πλείους.
1501 4998 1588 5051 Ἐν
1622 4998 1731 5070 γὰρ
1762 4999 2002 5055 πλείοσιν

422 5090 675 5163 ἑτερότης
712 5088 866 5142 ἔσται
895 5091 988 5143 καὶ
1036 5089 1270 5162 διαφορά
1316 5092 1411 5144 καὶ
1455 5089 1550 5144 τοῦ
1584 5091 1822 5162 χείρονος
1855 5095 2001 5148 εἰσα-

422 5183 595 5254 γωγή.
632 5180 724 5234 Διὸ
746 5180 809 5251 δὴ
843 5175 924 5245 εἷς
963 5181 1117 5248 Θεὸς,
1147 5183 1266 5246 ἑνὸς
1303 5182 1435 5236 Υἱοῦ
1463 5182 1666 5236 τελείου
1704 5184 1799 5238 καὶ
1839 5202 1999 5255 pavo-

422 5272 645 5341 γενοῦς,
681 5271 796 5325 ἀλλ’
827 5273 889 5326 οὐ
937 5272 1196 5327 πλειόνων
1259 5274 1396 5328 θεῶν
1447 5274 1556 5328 οὐδ’
1609 5274 1742 5327 υἱῶν
1786 5276 1996 5348 πατήρ·

422 5363 548 5417 ἐπεὶ
575 5364 669 5416 καὶ
705 5362 835 5434 μιᾶς
863 5358 1031 5433 οὔσης
1070 5360 1245 5429 φωτὸς
1271 5361 1477 5426 οὐσίας,
1522 5362 1653 5432 μίαν
1684 5362 1779 5416 καὶ
1810 5362 1908 5433 τὴν
1941 5363 2000 5429 ἐξ

423 5454 587 5508 αὐτοῦ
618 5454 963 5527 γεννωμένην
990 5452 1199 5507 τελείαν
1232 5452 1397 5524 αὐτὴν
1430 5454 1581 5507 πᾶσα
1613 5454 1823 5525 ἀνάγκη
1855 5453 2001 5508 τίθε-

428 5546 571 5602 σθαι.
603 5547 668 5600 Τί
700 5546 810 5618 γάρ
863 5545 929 5600 ἀν
971 5546 1066 5600 καὶ
1108 5544 1234 5599 ἄλλο
1267 5544 1511 5615 γέννημα
1546 5545 1721 5614 φωτὸς
1768 5548 2002 5600 ἐπινοεῖν

423 5635 667 5701 δυνατὸν,
705 5634 780 5707 μὴ
805 5634 924 5705 οὐχὶ
956 5634 1126 5706 μόνην
1151 5634 1253 5706 τὴν
1283 5634 1341 5701 ἐξ
1375 5633 1537 5686 αὑτοῦ
1564 5635 1631 5687 τά
1665 5635 1841 5691 πάντα
1866 5636 2003 5707 πλη-

428 5724 622 5796 ροῦσαν
670 5727 763 5778 καὶ
811 5724 1273 5796 καταλάμπουσαν
1319 5724 1563 5790 enim;
1618 5727 1726 5779 πᾶν
1781 5727 1889 5799 γάρ
1939 5728 2000 5781 τὸ

426 5816 630 5887 ταύτης
661 5817 937 5890 ἀλλότριον
978 5818 1165 5881 σκότος
1200 5815 1264 5871 ἄν
1302 5816 1386 5889 εἴη
1420 5816 1514 5870 καὶ
1553 5816 1612 5869 οὗ
1645 5816 1779 5886 φῶς.
1814 5819 1998 5892 Ταύτῃ

2759 4473 2917 4547 147
2951 4474 3035 4531 ιιι.

2108 4582 2266 4657 Quod
2296 4600 2397 4657 non
2443 4584 2620 4657 plures
2670 4588 2900 4657 supremi
2930 4586 3025 4657 Dei
3057 4588 3178 4657 ﬁlii,
3216 4586 3306 4641 sed
3355 4604 3491 4642 unus
3536 4587 3682 4646 solus

2231 4654 2296 4708 de
2326 4654 2434 4710 Deo
2466 4656 2628 4722 Deus,
2660 4656 2785 4725 jure
2811 4674 2843 4711 a
2877 4656 3025 4712 nobis
3047 4654 3326 4728 prwdicari
3358 4661 3546 4713 soleat.

2171 4807 2461 4876 Caeterum,
2495 4827 2621 4866 cum
2675 4828 2818 4867 unus
2869 4814 2942 4868 sit
3003 4812 3184 4878 Pater,
3224 4811 3419 4868 Filium
3463 4827 3682 4882 quoque

2106 4917 2299 4966 unum,
2331 4918 2441 4957 non
2459 4903 2642 4973 plures
2660 4920 2782 4960 esse
2807 4911 3041 4975 oportet,
3072 4920 3350 4975 unumque
3381 4903 3679 4973 perfectum

2105 4994 2281 5049 solum
2313 4996 2556 5067 genitum
2583 4995 2752 5051 Deum
2782 4997 2850 5052 de
2871 4996 3001 5064 Deo,
3032 5011 3144 5050 non
3174 5004 3352 5050 autem
3380 4995 3584 5064 plures.
3619 4995 3680 5049 ln

2104 5088 2352 5160 pluribus
2385 5091 2529 5144 enim
2555 5088 2845 5145 diversitas
2879 5088 2982 5144 erit
3007 5103 3071 5143 ac
3093 5086 3417 5152 differentia,
3444 5084 3683 5141 deterio-

2103 5184 2289 5251 risque
2314 5181 2667 5237 introductio.
2718 5180 2899 5247 Quare
2955 5196 3099 5236 unus
3145 5181 3305 5245 Deus,
3357 5178 3521 5234 unius
3551 5176 3679 5233 Filii

2104 5273 2331 5343 perfecti
2365 5282 2528 5344 atque
2560 5273 2730 5338 unici,
2768 5289 2878 5328 non
2934 5273 3174 5344 plurium
3232 5271 3464 5325 deorum
3502 5282 3681 5340 neque

2104 5365 2339 5419 filiorum
2377 5372 2559 5433 pater;
2590 5362 2850 5433 quoniam
2884 5377 3008 5416 cum
3044 5360 3268 5416 luminis
3307 5375 3525 5431 quoque
3573 5375 3681 5414 una

2102 5457 2174 5510 sit
2202 5455 2457 5519 essentia,
2499 5454 2672 5523 ipsam
2702 5455 2829 5509 item
2868 5468 2989 5522 quae
3019 5467 3081 5507 ex
3114 5467 3180 5507 eo
3208 5458 3521 5523 generetur,
3557 5466 3682 5522 per-

2103 5546 2298 5602 fectam
2327 5560 2489 5599 unam
2522 5560 2744 5615 ponere,
2770 5546 2950 5599 omnis
2981 5545 3124 5615 cogit
3153 5545 3475 5600 necessitas.
3506 5542 3679 5611 Quam

2101 5637 2248 5692 enim
2277 5637 2436 5689 aliam
2460 5642 2719 5704 praeterea
2747 5633 2987 5688 sobolem
3027 5634 3248 5690 luminis
3275 5635 3515 5706 cogitare
3550 5650 3678 5703 pos-

2104 5743 2316 5793 sumus,
2354 5726 2456 5781 nisi
2485 5740 2652 5779 unum
2698 5723 2898 5793 ipsum,
2921 5725 3014 5793 qui
3046 5740 3113 5779 ex
3149 5725 3270 5795 ipso
3295 5722 3678 5795 proficiscitur,

2104 5818 2395 5890 omniaque
2446 5816 2677 5887 complet
2730 5822 2892 5885 atque
2942 5816 3199 5885 illustrat,
3232 5816 3483 5873 radium?
3514 5814 3681 5880 Quid-
