4126 6488
389 442 496 496 255

1063 439 1332 496 ensem:
1365 415 1856 496 cmsanlsusns
1893 436 1989 493 om

2091 437 2272 492 PARS
2310 438 2374 491 ll.
2415 467 2486 478 -—
2521 432 3026 490 APOLOGETICA.

3629 450 3718 503 256

385 561 516 630 quid
555 561 700 616 enim
742 561 812 615 ab
847 561 948 614 hoc
983 560 1219 615 alienum
1273 560 1456 625 fuerit,
1487 563 1725 616 tenebrat
1773 568 1957 626 erunt,

2091 578 2142 612 οι
2177 560 2386 613 καὶτοῦ
2419 560 2632 612 πάντων
2667 557 2943 610 ἀνωτάτου
2981 548 3235 622 Πατρὺς,
3287 526 3454 633 ἀριδῖ
3467 563 3564 616 του
3597 585 3695 633 φω.

385 670 494 708 non
527 654 728 709 lumen.
759 653 969 709 ldcirco
993 655 1157 710 etiam
1215 655 1462 726 supremi
1487 657 1730 710 omnium
1764 653 1968 709 Paren-

386 743 458 798 tis
493 759 618 797 cum
666 743 848 799 lumen
877 745 968 809 sit,
993 746 1135 814 quod
1168 747 1332 802 nullis
1363 747 1543 802 verbis
1581 745 1970 816 comprehendi

387 841 587 903 potest.
629 851 696 889 ne
729 835 908 890 simile
939 835 1158 906 quidem
1188 838 1357 892 ullum
1394 833 1744 908 propriultve
1786 851 1968 891 exem-

387 928 506 996 plar
543 927 730 988 fuerit.
762 936 960 998 praeter
991 929 1172 998 ipsum
1204 929 1308 985 hoc
1349 931 1548 994 solum,
1577 930 1720 1000 quod
1750 927 1970 999 quidem

388 1018 565 1088 ipsum
611 1018 818 1084 dicere,
853 1022 980 1077 item
1003 1021 1072 1078 de
1093 1022 1254 1084 Filio,
1284 1021 1368 1078 ias
1397 1033 1514 1090 est;
1545 1019 1802 1092 splendor
1823 1019 1970 1074 enim

383 1118 470 1165 est
497 1110 720 1168 luminis
758 1115 1100 1183 sempiterni,
1126 1116 1518 1186 speculumque
1561 1111 1971 1166 immaculatum

386 1201 585 1256 divinae
622 1205 932 1268 evidentia),
966 1214 1021 1261 et
1050 1207 1229 1277 imago
1271 1206 1532 1261 bonitatis
1582 1204 1724 1274 ejus.
1751 1203 1829 1256 Ex
1864 1219 1974 1272 quo

391 1291 520 1345 illud
551 1293 754 1348 dictum
788 1306 872 1350 est
907 1315 919 1348 :
959 1315 978 1347 ι
1020 1297 1120 1362 Qui
1151 1312 1277 1350 cum
1307 1297 1378 1350 sit
1405 1294 1664 1366 splendor
1689 1293 1896 1364 gloria},
1921 1301 1976 1346 et

391 1383 560 1456 ﬁgura
615 1387 936 1442 substantiae
983 1388 1184 1458 ejus".
1241 1407 1260 1440 ι
1306 1388 1574 1442 Cmterum
1640 1401 1670 1439 a
1727 1383 1974 1439 sensibili

385 1477 608 1546 quidem
653 1479 861 1534 lumine
885 1480 1145 1548 splendor
1175 1478 1418 1548 separari
1470 1493 1579 1531 non
1619 1484 1799 1546 potest
1836 1494 1848 1530 :
1882 1473 1975 1528 Fi-

389 1570 496 1624 lius
537 1577 720 1624 autem
765 1587 1014 1626 seorsum
1049 1587 1078 1625 a
1119 1570 1280 1624 Patre
1325 1587 1422 1640 per
1453 1572 1693 1639 seipsum
1723 1568 1978 1622 subsistit

388 1668 443 1716 ct
475 1661 698 1714 luminis
729 1662 946 1730 quidem
992 1661 1248 1730 splendor
1288 1663 1468 1714 locum
1497 1659 1800 1714 ellicientiaa
1835 1655 1978 1710 obti»

389 1761 514 1821 net;
551 1760 606 1806 at
633 1752 804 1808 Filius
837 1755 982 1808 aliud
1026 1755 1280 1824 quiddam
1315 1767 1480 1822 quam
1531 1750 1833 1808 secundum
1866 1747 1976 1803 elli-

391 1846 648 1900 rientiam
699 1855 801 1913 est,
835 1861 942 1900 non
1007 1863 1100 1916 per
1151 1847 1392 1916 seipsum
1439 1844 1628 1916 utique
1680 1842 1975 1898 essentiam

2070 653 2160 718 τὸς
2181 653 2352 716 ὄντος,
2386 652 2538 705 οὐδὲν
2582 652 2680 722 μὲν
2709 650 3015 722 προσφερὲς
3046 640 3205 714 αὐτῷ
3243 629 3373 692 οὐδ’
3401 641 3603 710 οἰκεῖον
3621 659 3686 710 ay

2069 745 2278 815 γένοιτο
2308 745 2677 816 παράδειγμα,
2710 743 2850 814 πλὴν
2881 744 3005 796 ὅσον
3034 741 3171 796 αὐτὸ
3213 731 3391 788 τοῦτο
3443 749 3614 813 μόνον,
3647 747 3675 800 δ

2069 837 2134 908 δὴ
2165 839 2258 890 καὶ
2289 839 2456 905 φάναι
2509 836 2640 904 περὶ
2693 835 2823 888 Υἱοῦ
2863 831 2975 888 οἷόν
3017 850 3105 887 τε·
3159 825 3519 905 ἀπαύγασμα
3561 838 3667 909 γάρ

2071 929 2185 980 ἐστι
2212 927 2388 997 φωτὸς
2415 926 2609 993 ἀϊδίου,
2646 928 2739 980 καὶ
2772 926 3032 997 ἔσοπτρον
3065 922 3410 995 ἀκηλίδωτον
3438 927 3536 996 τῆς
3567 926 3661 980 τοῦ

2069 1019 2206 1072 Θεοῦ
2259 1018 2558 1090 ἐνεργείας,
2603 1019 2696 1072 καὶ
2733 1016 2897 1072 εἰκὼν
2933 1017 3032 1087 τῆς
3088 1015 3431 1086 ἀγαθότητος
3466 1015 3652 1071 αὐτοῦ.

2071 1113 2163 1166 Διὸ
2196 1111 2441 1183 εἴρηταιο
2477 1130 2494 1161 ι
2529 1112 2624 1172 Ὃς
2654 1107 2729 1162 ὢν
2754 1109 3092 1179 ἀπαύγασμα
3117 1108 3215 1177 τῆς
3245 1105 3405 1176 δόξης
3439 1109 3531 1163 καὶ
3559 1127 3656 1179 Xa-

2077 1207 2287 1279 ρακτὴρ
2315 1205 2414 1274 τῆς
2447 1204 2794 1268 ὑποστάσεως
2829 1203 3010 1256 αὐτοῦ.
3039 1223 3056 1254 ι
3095 1201 3255 1256 ’Δλλὰ
3284 1203 3380 1257 τοῦ
3417 1205 3514 1274 μὲν
3568 1205 3656 1258 αἰ-

2076 1297 2273 1368 σθητοῦ
2299 1297 2476 1366 φωτὸς
2527 1295 2894 1368 ἀχώριστοςή
2938 1297 3120 1366 αὐγὴ,
3156 1299 3184 1350 ὁ
3233 1296 3276 1349 δ’
3328 1296 3455 1360 Υἱὸς
3512 1295 3656 1362 ἰδίως

2076 1389 2226 1460 παρά
2249 1389 2341 1441 τὸν
2372 1389 2592 1460 Πατέρα
2625 1387 2746 1441 καθ’
2773 1388 2962 1441 ἑαυτὸν
3005 1388 3292 1460 ἐφέστηκε.
3329 1389 3438 1440 Kal.
3480 1387 3657 1458 φωτὸς

2081 1482 2177 1552 μὲν
2201 1483 2234 1550 ἡ
2271 1479 2412 1550 αὐγὴ
2447 1479 2630 1551 χώραν
2658 1479 2941 1551 ἐνεργείας
2963 1479 3170 1550 ἐπέχει,
3194 1482 3221 1532 ὁ
3243 1479 3298 1532 δὲ
3321 1479 3449 1542 Υἱὸς
3473 1479 3662 1552 ἐτεράν

2074 1589 2128 1625 τι
2168 1572 2200 1642 ἦ
2231 1571 2372 1625 κατά
2411 1571 2692 1643 ἐνέργειαν
2729 1571 3017 1642 τυγχάνει,
3053 1569 3174 1624 καθ’
3228 1570 3419 1624 ἑαυτὸν
3466 1571 3662 1625 οὐσιω-

2079 1663 2258 1736 μένος.
2295 1664 2404 1715 Καὶ
2436 1663 2655 1734 πάλινή
2692 1664 2790 1734 μὲν
2827 1662 2969 1732 αὐγὴ
3007 1662 3340 1732 συνυπάρχει
3374 1661 3452 1733 τῷ
3498 1663 3658 1731 φωτὶ,

2079 1753 2510 1826 συμπληρωτική
2539 1771 2623 1817 τις
2653 1750 2787 1807 οὖσα
2821 1753 2984 1806 αὐτοῦ
3006 1769 3020 1784 ⁸
3049 1753 3176 1806 ἄνευ
3215 1753 3324 1824 γὰρ
3357 1754 3530 1824 αὐγῆς
3561 1755 3661 1808 οὐκ

2079 1842 2144 1897 ἂν
2178 1845 2448 1913 ὑποσταίη
2475 1845 2608 1912 φῶς,
2632 1843 2767 1915 ὁμοῦ
2799 1861 2858 1896 τε
2895 1845 2989 1897 καὶ
3019 1842 3139 1896 καθ’
3170 1844 3300 1896 αὐτὸ
3329 1845 3664 1916 συνυφέστη-

392 1942 610 2002 nactus,
643 1934 738 1990 sed
771 1950 799 1989 a
841 1935 1018 1990 Patre.
1061 1933 1275 1990 Rursus
1325 1935 1586 2004 splendor
1627 1933 1792 1988 simul
1829 1932 1976 1986 exsi-

2091 1953 2192 1990 κεν.
2230 1937 2288 1989 ’0
2321 1936 2378 1988 δὲ
2409 1937 2599 2008 Πατὴρ
2634 1934 3101 2008 προϋπάρχειιτοῦ
3136 1933 3284 1988 Υίοῦ.
3322 1937 3416 1989 καὶ
3444 1936 3540 2008 τῆς
3570 1952 3662 2004 γε·

390 2025 488 2080 stit
527 2042 652 2081 eum
713 2027 943 2088 lumine,
997 2027 1242 2097 illudque
1293 2024 1697 2097 quodammodo
1741 2023 1976 2092 complet

391 2121 542 2192 (nam
579 2121 696 2176 sine
731 2120 1018 2190 splendore
1067 2136 1176 2174 non
1226 2120 1483 2176 consistit
1525 2117 1750 2185 lumen),
1783 2117 1978 2172 simul-

394 2228 503 2284 que
559 2229 682 2268 eum
747 2215 860 2279 illo,
914 2224 970 2269 et
1018 2215 1318 2269 secundum
1352 2214 1484 2269 illud
1527 2211 1781 2268 subsistit
1815 2230 1828 2264 :
1862 2217 1917 2264 at
1947 2223 1980 2262 a

397 2305 558 2362 Patre
587 2305 758 2361 Filius
789 2306 1056 2378 procedit,
1087 2315 1142 2361 et
1178 2305 1330 2360 illum
1356 2313 1602 2376 generat,
1637 2310 1693 2357 at
1723 2303 1840 2372 ipse
1869 2315 1979 2355 non

394 2398 610 2466 genitus
643 2407 728 2454 est
759 2417 778 2453 :
813 2409 866 2454 et
900 2400 990 2453 ille
1012 2397 1232 2469 quidem
1265 2413 1362 2470 per
1395 2413 1454 2452 se
1485 2396 1667 2468 ipsum
1704 2392 1980 2466 perfectus

393 2499 472 2544 ac‘
504 2490 714 2560 primus
765 2500 1022 2563 tanquam
1057 2490 1238 2555 Pater,
1269 2501 1323 2546 et
1351 2490 1448 2560 qui
1485 2497 1680 2543 auctor
1707 2488 1779 2542 sit
1806 2495 1865 2541 ut
1895 2483 1981 2539 Fi-

396 2580 502 2635 lius
549 2581 840 2648 consistat,
874 2583 1011 2636 nihil
1063 2596 1095 2635 a
1143 2580 1282 2635 Filio
1333 2580 1633 2650 accipiens,
1661 2594 1771 2649 quo
1825 2593 1981 2632 suam

395 2681 648 2728 naturam
697 2689 808 2742 qua
856 2672 1000 2728 Deus
1047 2681 1130 2728 est
1173 2673 1443 2744 compleat
1480 2690 1495 2728 :
1527 2673 1616 2727 hic
1645 2682 1825 2726 autem
1859 2680 1986 2725 tan-

395 2780 560 2836 quam
596 2782 662 2820 ex
697 2781 863 2821 causa
892 2766 1172 2836 proiectus
1202 2765 1394 2831 Filius,
1430 2765 1572 2820 alius
1606 2765 1675 2820 ab
1709 2765 1803 2820 illo
1825 2764 1990 2834 cujus

395 2865 483 2913 est
519 2856 692 2920 Filius
728 2859 965 2924 exsistit,
1003 2859 1206 2928 quippe
1233 2857 1329 2929 qui
1364 2872 1394 2911 a
1424 2856 1587 2913 Patre
1627 2865 1688 2912 ut
1729 2866 1782 2913 et
1826 2857 1898 2912 sit
1932 2865 1987 2912 et

397 2950 524 3005 talis
559 2952 630 3006 sit
663 2951 955 3022 acceperit.
989 2951 1152 3022 148
1181 2949 1393 3006 Rursus
1445 2951 1706 3021 splendor
1761 2949 1982 3021 quidem

400 3055 510 3096 non
543 3058 611 3098 ex
645 3043 928 3114 preposito
965 3052 1019 3096 et
1044 3041 1322 3096 voluntate
1355 3041 1581 3097 luminis
1605 3039 1988 3112 Splendet,sed

399 3136 702 3190 secundum
747 3134 1004 3204 quiddam
1045 3132 1191 3203 quod
1220 3133 1288 3187 ad
1319 3133 1617 3188 essentiam
1663 3131 1811 3188 illius
1843 3132 1990 3188 inse-

403 3226 723 3297 parabiliter
753 3224 953 3278 accidit
987 3242 1000 3278 :
1028 3223 1199 3279 Filius
1231 3241 1362 3280 vero
1389 3241 1452 3282 ex
1484 3225 1754 3280 sententia
1779 3232 1835 3279 et
1867 3238 1991 3294 pro-

405 3319 584 3390 posito
611 3318 790 3387 imago
810 3316 987 3371 Patris
1017 3318 1252 3373 exsistit.
1280 3316 1478 3373 Volens
1506 3317 1652 3372 enim
1688 3315 1832 3372 Deus
1863 3315 1988 3370 Filii

403 3409 568 3466 Pater
617 3407 854 3468 exsistit,
899 3414 952 3462 et
999 3409 1232 3462 alterum
1272 3407 1454 3462 lumen
1493 3407 1548 3461 in
1591 3407 1850 3462 omnibus
1885 3407 1988 3462 sibi

407 3503 512 3574 ipsi
541 3500 720 3556 simile
744 3499 1032 3555 substituit
1060 3519 1074 3552 :
1111 3514 1237 3554 cum
1267 3514 1398 3570 ergo
1430 3515 1541 3553 non
1579 3500 1820 3569 genitum
1847 3515 1992 3554 sem-

409 3595 793 3666 piternumque
814 3592 996 3646 lumen
1026 3607 1198 3646 unum
1228 3592 1318 3654 sit,
1342 3591 1434 3662 qui
1461 3590 1574 3646 ﬁeri
1603 3598 1783 3661 potest
1807 3601 1864 3646 ut
1891 3591 1994 3646 hoc

408 3688 686 3743 diversum
727 3687 799 3742 sit
829 3687 898 3741 ab
933 3686 1026 3740 illo
1059 3685 1228 3742 veluti
1259 3686 1440 3756 imago
1471 3685 1759 3756 quaedam?
1787 3701 1852 3741 ac
1881 3700 1991 3740 non

407 3779 595 3851 potius
639 3778 900 3848 splendor
941 3794 1181 3849 quoque,
1225 3777 1370 3848 quod
1411 3792 1566 3848 mque
1597 3777 1780 3832 lumen
1813 3777 1906 3844 sit,
1938 3777 1995 3832 in

409 3872 666 3928 omnibus
710 3872 1124 3928 similitudinem
1174 3870 1334 3942 primi
1383 3869 1718 3940 exemplaris
1767 3883 1992 3924 conser-

411 3965 583 4022 vans?
621 3965 908 4034 Quomodo
967 3983 1096 4023 vero
1153 3967 1302 4021 illius
1351 3965 1480 4020 item
1516 3963 1664 4036 quod
1711 3978 1882 4017 unum
1913 3970 1997 4018 est

411 4052 592 4126 Imago
639 4056 837 4118 luerit;
871 4057 917 4111 si
957 4072 1066 4110 non
1091 4071 1206 4109 una
1245 4058 1360 4124 ipsa
1393 4069 1614 4124 quoque
1641 4055 1736 4116 sit,
1763 4059 1821 4105 ut
1847 4051 1998 4105 vide-

415 4149 540 4204 licet
569 4167 676 4206 nou
711 4152 889 4206 solum
916 4152 1171 4206 essentia:
1193 4151 1314 4220 ejus
1333 4150 1478 4219 quod
1507 4150 1742 4220 primum
1769 4157 1872 4214 est,
1901 4146 1997 4202 sed

416 4239 582 4294 etiam
633 4241 756 4310 ejus
809 4241 904 4311 qui
950 4240 1020 4294 ad
1071 4241 1434 4310 quantitatem
1487 4239 1743 4309 pertinet,
1784 4237 1998 4292 numeri

415 4330 830 4386 similitudinem
855 4330 1119 4385 inducat?
1151 4331 1224 4384 ita
1251 4328 1472 4400 quidem
1507 4336 1567 4383 ut
1601 4327 1766 4383 unius
1791 4326 1999 4398 sempi-

417 4423 557 4479 terni
582 4423 807 4480 luminis
829 4441 997 4480 unum
1031 4426 1105 4480 sit
1134 4424 1434 4496 perfectum
1467 4425 1669 4487 lumen,
1689 4439 1796 4479 non
1819 4431 2004 4478 autem

418 4516 636 4572 diversa
669 4525 724 4573 et
755 4517 931 4588 plura,
960 4520 1014 4574 id
1060 4517 1206 4589 quod
1245 4517 1482 4588 primum
1506 4526 1561 4572 et
1593 4516 1816 4570 unicum
1844 4515 2000 4587 geni-

2078 2027 2278 2090 νέσεως
2319 2028 2483 2080 αὐτοῦ
2514 2027 2928 2098 προῦφέστηκεν
2950 2068 2965 2092 ,
3074 2027 3233 2097 μόνος
3277 2029 3544 2100 ἀγένητος
3570 2023 3658 2098 ἦν.

2081 2121 2190 2173 Καὶ
2215 2121 2242 2171 ὁ
2273 2120 2370 2188 μὲν
2393 2118 2513 2172 καθ’
2533 2119 2724 2172 ἐαυτὸν
2744 2119 2948 2183 τέλειος
2973 2120 3066 2172 καὶ
3089 2119 3326 2190 πρῶτος,
3352 2117 3428 2182 1b;
3450 2118 3660 2190 Πατὴρ,

2081 2210 2174 2262 καὶ
2207 2210 2304 2280 τῆς
2358 2209 2450 2262 τοῦ
2487 2208 2615 2261 Υίοῦ
2640 2209 2948 2272 συστάσεως
2993 2209 3192 2272 αἴτιος,
3229 2208 3378 2260 οὐδὲν
3411 2210 3490 2271 εἰς
3523 2224 3662 2277 συμ-

2083 2303 2365 2374 πλήρωσιν
2395 2301 2493 2372 τῆς
2521 2300 2714 2354 ἑαυτοῦ
2748 2300 2998 2372 θεότητος
3031 2300 3179 2371 παρά
3213 2299 3304 2353 τοῦ
3354 2299 3484 2352 Υίοῦ
3515 2299 3658 2370 λαμ-

2083 2395 2295 2450 ϐάνων·
2331 2397 2359 2448 ὁ
2380 2394 2436 2447 δὲ
2465 2393 2541 2457 ὡς
2574 2391 2634 2457 ἐξ
2668 2393 2841 2446 αἰτίου
2873 2390 3112 2460 γεγονὼς
3147 2390 3292 2454 Υἱὸς,
3322 2390 3570 2462 δεύτερος
3597 2383 3660 2444 οῦ

2083 2492 2231 2544 ἐστιν
2259 2489 2387 2552 Υἱὸς
2409 2481 2737 2556 καθέστηκε,
2762 2485 2912 2558 παρὰ
2943 2483 3035 2538 τοῦ
3071 2485 3278 2556 Πατρὸς
3302 2485 3396 2538 καὶ
3428 2484 3490 2537 τὸ
3526 2481 3664 2538 εἶναι

2085 2585 2180 2637 καὶ
2211 2580 2415 2635 τοιόσδε
2443 2575 2581 2632 εἶναι
2616 2578 2872 2650 εἰληφώς.
2907 2578 3016 2630 Καὶ
3044 2576 3205 2630 πάλιν
3233 2578 3266 2647 ὴ
3291 2577 3388 2648 μὲν
3419 2576 3562 2648 αὐγὴ
3603 2575 3667 2630 οὐ

2085 2676 2228 2726 κατὰ
2255 2671 2574 2744 προαίρεσιν
2606 2667 2700 2722 τοῦ
2718 2669 2893 2739 φωτὸς
2924 2667 3216 2737 ἐκλάμπει,
3237 2667 3380 2721 κατά
3411 2685 3462 2721 τι
3483 2666 3539 2719 δὲ
3571 2667 3669 2737 τῆς

2085 2765 2275 2829 οὐσίας
2311 2763 2657 2834 συμϐεϐηκὸς
2677 2761 2979 2834 ἀχώριστον
2999 2778 3012 2790 ·
3045 2763 3074 2812 ὁ
3105 2761 3162 2814 δέ
3201 2761 3324 2824 Υἱὸς
3357 2759 3498 2812 κατά
3527 2757 3668 2826 γνὼ-

2091 2877 2198 2930 μην
2236 2857 2330 2910 καὶ
2365 2855 2685 2927 προαίρεσιν
2719 2853 2882 2908 εἰκὼν
2911 2853 3117 2922 ὑπέστη
3156 2851 3249 2904 τοῦ
3280 2851 3510 2922 Πατρός.
3541 2850 3672 2903 Βου-

2087 2953 2271 3023 ληθεὶς
2301 2953 2411 3022 γάρ
2433 2951 2461 3002 ὁ
2481 2949 2615 3012 Θεὸς
2645 2947 2867 3016 γέγονεν
2893 2944 3021 3000 Υίοῦ
3043 2946 3254 3017 Πατὴρ,
3275 2945 3370 2998 καὶ
3405 2943 3520 3014 φῶς
3549 2943 3672 2996 δεύ-

2086 3064 2242 3118 τερον
2276 3043 2418 3098 κατά
2439 3041 2816 3113 πάνταέαυτῷ
2846 3039 3274 3111 ἀφωμοιωμένον
3306 3038 3668 3108 ὑπεστήσατο.

2101 3141 2390 3210 Ἀγενήτου
2437 3135 2725 3207 τοιγαροῦν
2767 3135 2854 3186 καὶ
2897 3132 3068 3182 ἀτδίου
3112 3131 3289 3200 φωτὸς
3330 3130 3482 3194 ὄντος
3527 3131 3671 3198 ἐνὸς,

2093 3233 2210 3297 πῶς
2242 3232 2307 3286 ἂν
2333 3231 2543 3299 γένοιτο
2566 3229 2694 3283 ἀλλο
2718 3223 2912 3290 οἷάτις
2944 3227 3126 3289 εἰκὼν,
3153 3225 3274 3294 οὐχι
3293 3223 3349 3276 δὲ
3376 3222 3518 3293 αὐγὴ
3537 3217 3672 3276 οῦσα

2093 3327 2210 3398 φῶς
2235 3325 2376 3379 κατὰ
2397 3324 2574 3378 πάντα
2594 3322 2654 3375 τὸ
2676 3321 2912 3392 ἐμφερὲς
2935 3317 3007 3388 τῷ
3029 3317 3368 3388 πρωτοτιίπῳ
3392 3317 3672 3381 σώζουσας

2095 3419 2212 3483 πῶς
2243 3418 2288 3472 δ’
2325 3417 2390 3471 ἂν
2435 3419 2531 3470 καὶ
2573 3413 2740 3469 αὐτοῦ
2769 3411 2862 3466 τοῦ
2897 3411 3014 3474 ἐνὸς
3042 3411 3127 3480 εἴη
3157 3407 3342 3475 εἰκὼν,
3383 3409 3432 3462 εἰ
3468 3408 3542 3479 μὴ
3577 3406 3673 3478 μία

2093 3513 2186 3566 καὶ
2236 3510 2270 3581 ἡ
2327 3509 2465 3579 αὐτὴ
2511 3503 2673 3569 οὖσα;
2707 3507 2853 3566 ὅπως
2893 3502 2967 3574 μὴ
3003 3503 3162 3573 μόνον
3221 3500 3321 3570 τῆς
3363 3499 3550 3561 οὐσίας
3581 3497 3672 3550 τοῦ

2094 3605 2334 3679 πρώτου,
2377 3603 2514 3658 ἀλλὰ
2549 3603 2642 3656 καὶ
2683 3600 2776 3654 τοῦ
2821 3598 2962 3652 κατά
3004 3598 3066 3650 τὸ
3100 3596 3265 3650 ποσὸν
3313 3593 3544 3667 ἀριθμοῦ
3578 3592 3677 3664 τὴν

2095 3701 2352 3772 ὁμοίωσιν
2383 3697 2660 3766 ἐπάγοιτο,
2697 3693 2827 3748 ὥσθ’
2859 3693 2976 3756 ἐνὸς
2997 3689 3133 3746 εἶναι
3162 3689 3255 3744 τοῦ
3300 3688 3471 3742 ἀϊδίου
3503 3687 3680 3758 φωτὸς

2095 3794 2154 3848 ἓν
2182 3794 2242 3848 τὸ
2269 3791 2496 3856 τέλειον,
2526 3789 2641 3842 ἀλλ’
2673 3788 2736 3841 οὐ
2779 3786 3012 3858 διάφορα
3042 3783 3138 3837 καὶ
3168 3781 3338 3836 πολλά
3364 3781 3426 3834 τὸ
3463 3778 3681 3850 πρῶτον

2097 3889 2191 3943 καὶ
2221 3886 2508 3958 μονογενὲς
2550 3882 2801 3952 ἔκγονον,
2847 3879 2977 3934 αὐτὸ
3017 3878 3081 3951 δὴ
3122 3879 3300 3930 ἐκεῖνο
3330 3874 3391 3928 τὸ
3422 3873 3517 3927 καὶ
3547 3874 3684 3942 ἡμῖν

2099 3981 2313 4052 πρῶτον
2343 3975 2482 4050 μετά
2513 3976 2612 4049 τὴν
2646 3973 2880 4046 ἄναρχον
2912 3971 3007 4026 καὶ
3052 3970 3315 4040 ἀγένητον
3343 3965 3530 4021 οὐσίαν
3563 3964 3682 4018 θεο-

2097 4073 2423 4145 λογούμενον
2450 4070 2653 4125 τέλειον
2682 4067 2908 4138 ἀγαθόν.
2950 4066 3088 4120 Ἕνα
3115 4063 3245 4134 γοῦν
3283 4061 3385 4132 χρὴ
3426 4058 3544 4120 ἐνὸς
3571 4057 3684 4110 Πα-

2099 4167 2224 4238 τρὸς
2255 4163 2472 4218 καὶτὸν
2515 4162 2644 4216 Υίδν
2675 4157 2830 4214 εἶναι.
2879 4159 2989 4212 Καὶ
3033 4157 3144 4227 γάρ
3189 4155 3316 4226 μιᾶς
3352 4151 3580 4212 εὐωδίας
3623 4147 3682 4214 ἐξ

2101 4258 2469 4330 ὑποκειμένης
2510 4256 2653 4318 τινος
2703 4252 2998 4325 προϊούσης
3028 4247 3216 4309 οὐσίας
3266 4245 3394 4314 μίαν
3443 4242 3537 4294 καὶ
3584 4240 3684 4310 τὴν

2103 4353 2274 4421 αὐτὴν
2303 4347 2678 4422 προχεομένην
2703 4346 2886 4417 ἡδεῖαν
2908 4343 2986 4404 είς
3020 4339 3227 4399 πάντας
3255 4333 3446 4405 ὀδμὴν,
3480 4331 3595 4386 ἀλλ’
3621 4332 3682 4384 οὐ

2104 4444 2392 4518 διαφόρους
2433 4443 2526 4495 καὶ
2569 4437 2770 4501 πολλάς
2823 4435 3088 4508 προσήκοι
3129 4429 3196 4484 ἂν
3236 4427 3539 4499 ὁμολογεῖν.
3576 4424 3685 4479 Τοῦ

2105 4538 2242 4608 δῆτα
2266 4534 2484 4608 πρώτου
2519 4532 2614 4587 καὶ
2640 4529 2800 4602 μόνου
2838 4522 3068 4596 ἀγαθοῦ,
3101 4523 3130 4576 ὅ
3163 4524 3309 4575 ἐστιν
3347 4521 3376 4572 ὁ
3409 4518 3687 4590 παμϐασι-

421 4617 558 4675 ιιιιη,
583 4607 900 4679 editumque
939 4621 1044 4676 est,
1083 4610 1261 4679 ipsum
1303 4607 1492 4678 utique
1537 4605 1669 4661 illud
1703 4605 1989 4676 perfectuu

2105 4605 2230 4694 Isle;
2250 4605 2403 4692 Θεὸς,
2430 4624 2506 4696 νῷ
2534 4624 2628 4679 καὶ
2645 4620 2852 4692 διανοίᾳ
2873 4616 3084 4690 ληπτὴν
3118 4615 3300 4668 ἔνθεον
3325 4613 3420 4668 καὶ
3451 4610 3688 4684 ζωτικὴν

421 4701 646 4765 bonum,
681 4701 749 4759 de
797 4716 907 4772 quo
949 4716 1060 4756 uno
1105 4715 1207 4756 nos
1237 4713 1478 4770 quoque,
1511 4705 1634 4770 post
1655 4713 1774 4753 eam
1797 4714 1920 4768 quae
1951 4707 2004 4753 et

417 4793 709 4866 principio,
733 4799 787 4848 et
815 4801 938 4847 ortu
969 4801 1120 4848 caret
1139 4791 1464 4855 essentiam,
1501 4799 1561 4844 ut
1591 4789 1660 4844 de
1689 4788 1798 4844 Deo
1828 4789 2008 4860 loqui-

422 4905 563 4944 mur.
605 4888 780 4945 Unius
827 4903 957 4959 ergo
989 4887 1167 4942 Patris
1197 4901 1366 4941 unum
1401 4899 1524 4941 esse
1544 4883 1740 4940 Filium
1767 4869 2002 4956 oportet.

423 4983 558 5039 Nam
603 4984 650 5041 si
707 4981 1020 5052 fragrantia;
1048 4993 1220 5051 genus
1248 4993 1418 5032 unum
1445 4993 1513 5033 ex
1542 4977 1724 5049 aliqua
1755 4978 2006 5050 subjecta

423 5095 484 5135 re
517 5077 919 5150 proﬁciscatur,
953 5089 1122 5128 unum
1166 5085 1384 5141 quoque
1415 5078 1470 5125 et
1505 5071 1779 5136 eumdem,
1805 5070 1898 5138 qui
1950 5071 2007 5124 in

422 5186 614 5226 omnes
642 5167 984 5225 diﬂ‘undatur
1013 5177 1234 5221 suavem
1268 5163 1514 5226 odorem,
1545 5177 1653 5217 non
1683 5163 1932 5218 diversos
1953 5169 2008 5218 et

424 5262 612 5330 plures
653 5258 810 5314 lateri
849 5273 947 5328 par
976 5264 1082 5312 est.
1109 5253 1248 5308 Cum
1287 5253 1456 5324 igitur
1485 5253 1719 5322 primum
1752 5252 1884 5307 illud
1915 5267 2009 5307 so-

429 5353 650 5422 lumque
687 5351 914 5414 bonum,
941 5349 1035 5420 qui
1062 5355 1144 5403 est
1171 5346 1416 5400 omnium
1446 5356 1704 5416 regnator
1732 5345 1896 5407 Deus,
1927 5345 2010 5399 di-

431 5445 608 5499 vinam
635 5445 970 5512 vitalemque
997 5440 1377 5510 fragrantiam,
1417 5455 1538 5510 quae
1557 5439 1743 5494 animo
1772 5444 1828 5492 et
1858 5435 2012 5505 cegi-

430 5537 633 5592 tatione
679 5535 945 5590 duntaxat
995 5532 1382 5604 comprehendi
1433 5542 1633 5606 potest,
1668 5529 2009 5602 produxerit,

437 5644 597 5682 unam
621 5630 764 5683 bane
816 5628 902 5684 fas
947 5639 1031 5684 est
1065 5627 1387 5699 intelligere,
1429 5629 1617 5698 plures
1662 5625 1837 5681 nefas.
1869 5622 2011 5689 Quid

431 5723 578 5780 enim
601 5739 727 5778 esse
757 5731 956 5793 potest,
986 5724 1130 5794 quod
1156 5723 1375 5796 quidem
1399 5723 1467 5780 ab
1487 5723 1589 5779 hac
1617 5721 1894 5778 diversum
1918 5717 2011 5786 sit,

507 5929 552 5963 "
582 5926 744 5984 llebr.
777 5942 816 5994 ι,
838 5927 890 5981 5.

2107 4722 2336 4777 εὐωδίαν
2350 4713 2819 4787 ὑποστησαμένου,
2842 4711 2968 4782 μίαν
2987 4707 3212 4779 ταύτην,
3236 4705 3350 4758 ἀλλ’
3379 4705 3439 4758 οὐ
3470 4704 3689 4770 πλείους

2107 4816 2345 4870 ἐπινοεῖν
2373 4811 2547 4882 θέμις.
2584 4808 2648 4863 Τί
2674 4791 2877 4878 γὰρᾶν
2914 4803 3010 4856 καὶ
3044 4801 3254 4870 γένοιτο
3280 4799 3483 4868 ταύτης
3503 4797 3690 4868 ἓτερον

2109 4905 2252 4960 κατά
2292 4904 2471 4958 πάντα
2500 4901 2578 4972 τῷ
2611 4898 2786 4970 Πατρὶ
2813 4892 3272 4966 ἀφωμοιωμένης,
3307 4893 3356 4944 εί
3392 4892 3464 4963 μή
3493 4907 3546 4942 τι
3582 4889 3691 4961 ἀρα

2111 4994 2453 5066 ὑποϐεϐηκδς
2485 4992 2580 5046 καὶ
2628 4993 2840 5062 χεῖρον;
2874 4986 2903 5038 ὃ
2942 4983 3194 5056 οὐδαμῶς
3233 4986 3367 5056 ἡμῖν
3400 4983 3458 5035 ἐν
3501 4985 3566 5053 τῇ
3595 4979 3691 5034 τοῦ

2111 5088 2244 5144 Υἱοῦ
2277 5087 2537 5157 θεολογίᾳ,
2569 5079 2987 5155 παρεισάκτέον.
3050 5078 3240 5149 Ἀτμὶς
3277 5078 3386 5152 γάρ
3429 5079 3546 5131 ἐστι
3591 5075 3692 5147 τῆς

2111 5183 2205 5237 τοῦ
2231 5181 2367 5235 Θεοῦ
2389 5181 2689 5249 δυνάμεως,
2720 5176 2814 5230 καὶ
2845 5174 3114 5246 ἀπόρροια
3139 5173 3236 5243 τῆς
3261 5171 3356 5225 τοῦ
3385 5168 3693 5240 παντοκρά-

2111 5292 2269 5348 τορος
2295 5273 2452 5344 δόξης
2487 5269 2802 5342 εἰλικρινής.
2835 5266 2923 5333 Ἐξ
2967 5265 3198 5329 εὐώδους
3235 5265 3333 5336 μὲν
3361 5263 3469 5334 γὰρ
3505 5260 3692 5332 σώμα-

2113 5386 2226 5432 τος,
2254 5367 2426 5438 μύρου
2454 5361 2596 5425 τινὸς
2629 5361 2784 5433 φέρε,
2817 5359 2850 5431 ἢ
2885 5359 2978 5412 καὶ
3006 5357 3113 5412 τῶν
3147 5357 3256 5412 άπὸ
3294 5357 3396 5428 γῆς
3421 5351 3694 5424 ἀκμαζόν-

2115 5478 2243 5524 των,
2273 5455 2478 5524 εὐώδης
2508 5445 2606 5517 τις’
2625 5452 2801 5506 ἀνθῶν
2833 5469 2893 5505 τε
2921 5452 3016 5505 καὶ
3039 5450 3348 5523 ἀρωμάτων
3375 5445 3512 5516 πνοὴ
3543 5443 3694 5516 παρὰ

2116 5551 2178 5604 τὺ
2211 5548 2425 5620 πρῶτον
2467 5547 2823 5618 ὑποκείμενον
2855 5547 2934 5610 εἰς
2973 5545 3118 5599 ἅπαν
3157 5541 3218 5596 τὸ
3245 5540 3402 5602 ἐκτὸς
3440 5537 3696 5608 περιέχον

2120 5641 2426 5712 προχεῖται.
2457 5641 2550 5692 καὶ
2601 5639 2798 5711 πληροῖ
2831 5655 2894 5706 γε
2926 5637 3021 5692 καὶ
3066 5634 3158 5688 τὸν
3204 5633 3345 5704 ἀέρα
3387 5633 3465 5694 εἰς
3497 5629 3698 5693 πλάτος

2120 5733 2486 5805 ἀναχεομένη,
2538 5731 2653 5786 οὐτι
2689 5751 2775 5786 πω
2814 5731 2954 5785 κατὰ
2999 5725 3318 5800 στέρησιν-ἢ
3356 5724 3610 5796 μείωσιν,
3660 5720 3697 5794 ἢ

3721 5855 3777 5920 ἱ
