4126 6422
398 394 502 451 257

1277 390 1931 448 DEMONSTRATIONIS
1967 390 2429 448 EVANGELlC/E
2472 392 2601 448 LIB.
2647 394 2755 450 IV.

3529 399 3637 454 258

395 514 593 585 τομὴν,
623 513 657 583 ἢ
690 512 949 584 διαίρεσιν
975 511 1067 565 τοῦ
1108 510 1592 583 προῦποκειμένου.
1623 510 1824 563 Τούτου
1855 510 1960 582 γὰρ

2064 525 2185 581 qu:e
2208 511 2261 564 in
2295 511 2550 567 omnibus
2578 511 2725 567 Patri
2749 513 2942 570 similis
2964 521 3069 579 est,
3100 515 3243 586 quod
3276 531 3382 570 non
3401 515 3640 571 submis-

397 606 457 660 ὲν
507 604 687 675 οἰκείᾳ
723 603 872 675 χώρᾳ
909 603 1175 673 μένοντος,
1229 604 1322 656 καὶ
1373 604 1470 674 τὴν
1498 603 1798 672 ταυτότητα
1829 603 1964 675 πρὸς

398 695 561 750 ἓαυτὸ
587 693 859 759 σώζοντος.
891 695 989 765 τήν
1010 712 1067 747 τε
1088 693 1261 764 εὐώδη
1283 693 1508 765 δύναμιν
1540 694 1962 762 ἀπογεννῶντος,

400 786 556 841 οὐδὲν
577 784 668 838 τοῦ
698 785 959 855 προτέρου
990 787 1187 857 χεῖρον,
1210 785 1383 837 καὶτὸ
1403 783 1740 856 γεννώμενον
1769 785 1968 848 εὐῶδες

400 875 607 931 οἰκείαν
621 874 738 945 ἕχον
763 876 1078 938 ὑπόστασιν,
1101 876 1176 939 ὡς
1199 876 1280 928 ὅτι
1300 875 1530 946 μάλιστα
1552 876 1611 928 τὸ
1655 876 1966 946 ὁμοιότατον

402 971 470 1040 τῇ
490 966 583 1021 τοῦ
615 968 967 1037 γεννήσαντος
995 967 1174 1035 φύσει,
1207 967 1296 1037 δια
1329 967 1428 1037 τῆς
1463 965 1668 1030 οἰκέίας
1691 967 1966 1038 ἀπομεμε-

408 1077 587 1131 μηται.
608 1058 749 1128 Πλὴν
776 1059 889 1112 ἀλλ’
907 1059 985 1111 ἔτι
1006 1060 1173 1112 ταῦτα
1192 1056 1366 1129 γεώδη
1392 1060 1486 1112 καὶ
1514 1058 1681 1129 θνητὰ
1702 1061 1795 1112 καὶ
1826 1059 1964 1130 μέρη

403 1151 498 1220 τῆς
518 1151 663 1205 κάτω
691 1148 1010 1220 φθοροποιοῦ
1042 1149 1137 1202 καὶ
1164 1148 1395 1217 γεώδους
1419 1150 1647 1219 φύσεως.
1666 1151 1745 1204 Τά
1771 1167 1833 1218 γε
1860 1151 1964 1221 μὴν

400 1242 496 1312 τῆς
540 1242 905 1313 προκειμένης
964 1245 1097 1314 ἡμῖν
1148 1241 1423 1311 θεολογίας
1466 1243 1717 1296 ἐπέκεινα
1765 1244 1964 1308 παντὸς

398 1331 522 1384 ὄντα
556 1329 994 1400 παραδείγματος
1035 1331 1188 1383 οὐδὲν
1225 1330 1323 1402 μὲν
1350 1326 1461 1384 οἷον
1492 1332 1559 1385 τὰ
1599 1335 1663 1385 ὲκ
1698 1333 1963 1403 σωμάτιον

397 1425 682 1493 ἐπάγεται,
700 1422 931 1497 ὀξυτάτῃ
951 1424 1006 1477 δὲ
1033 1423 1240 1494 διανοίᾳ
1274 1425 1600 1493 φαντάζεται
1621 1427 1746 1479 Υἱὸν
1768 1443 1961 1497 γεννη-

394 1513 485 1566 τὸν
504 1554 518 1578 ,
547 1515 606 1567 οὐ
641 1515 852 1586 χρόνοις
890 1515 986 1586 μέν
1017 1533 1156 1570 τισιν
1184 1517 1283 1568 οὐκ
1315 1516 1440 1569 ὄντα
1459 1557 1472 1579 ,
1501 1516 1724 1589 ὕστερον
1747 1519 1804 1571 δέ
1833 1535 1962 1572 ποτε

395 1604 677 1673 γεγονότα,
710 1604 843 1659 ἀλλὰ
878 1606 982 1676 πρὸ
1017 1606 1220 1678 χρόνων
1252 1607 1481 1661 αἰωνίων
1508 1609 1656 1673 ὄντα,
1690 1611 1784 1663 καὶ
1825 1628 1960 1681 προ-

395 1698 542 1762 όντα,
568 1697 662 1750 καὶ
686 1696 764 1768 τῷ
792 1698 966 1770 Πατρὶ
994 1698 1068 1761 ώς
1094 1699 1220 1751 Υἱὸν
1243 1698 1329 1751 διὰ
1358 1700 1555 1764 παντὸς
1586 1703 1828 1768 συνόντα,
1867 1705 1962 1757 καὶ

396 1788 496 1842 οὐκ
525 1788 814 1859 ἀγέννητον
840 1789 987 1853 ὄντα,
1015 1789 1347 1861 γεννώμενον
1375 1792 1419 1844 δ’
1450 1792 1507 1857 ἐξ
1528 1794 1823 1866 ἀγεννήτου
1850 1796 1961 1849 Πα-

2071 600 2188 655 sius
2223 600 2294 653 sit
2323 615 2386 654 ac
2412 600 2689 658 deterius?
2712 604 2855 673 quod
2885 607 3199 678 neutiquam
3240 607 3399 661 nobis
3429 607 3483 660 in
3518 605 3639 662 Filii

2069 690 2340 760 theologia
2368 691 2852 761 introducendum;
2882 711 3052 767 vapor
3104 698 3249 753 enim
3291 704 3377 753 est
3418 699 3639 753 virtutis

2068 779 2185 844 Dei,
2214 768 2286 833 ac
2328 778 2622 835 defluentia
2661 798 2809 837 mera
2835 785 3023 856 gloriae
3051 785 3472 856 Omnipotenlis.
3501 788 3637 842 Nam

2066 886 2131 925 ex
2182 871 2318 925 bene
2366 871 2531 925 olenti
2576 887 2826 942 corpore,
2861 877 3009 930 verbi
3034 879 3230 948 gratia,
3262 894 3325 933 ex
3362 888 3641 949 unguento

2066 963 2268 1031 aliquo,
2302 970 2396 1015 aut
2449 963 2611 1017 etiam
2661 980 2730 1019 ex
2773 966 2998 1023 ﬂoribus
3048 977 3210 1039 atque
3236 971 3634 1037 odoramentis,

2065 1067 2186 1121 quae
2213 1052 2281 1106 de
2309 1060 2453 1106 terra
2483 1066 2806 1121 nascuntur,
2836 1058 2975 1113 bene
3007 1059 3162 1115 olens
3190 1060 3412 1129 quidam
3452 1060 3635 1127 ﬂatus,

2064 1150 2261 1212 praeter
2307 1144 2439 1197 illud
2487 1146 2721 1214 primum
2781 1149 3088 1218 subjectum
3140 1168 3360 1223 corpus,
3391 1155 3445 1208 in
3476 1170 3637 1210 omne

2065 1236 2210 1305 quod
2227 1234 2569 1293 extrinsecus
2599 1241 2789 1304 ambit,
2821 1240 3197 1310 profunditur;
3227 1260 3291 1299 ac
3319 1246 3446 1299 dum
3474 1247 3634 1302 latius
3707 1252 3713 1257 ’

2064 1329 2392 1395 refunditur,
2425 1333 2600 1401 ipsum
2636 1350 2854 1407 quoque
2875 1352 3054 1392 aerem
3085 1341 3339 1411 complet.
3364 1358 3469 1396 non
3504 1357 3635 1397 sane

2063 1423 2367 1491 privatione
2418 1423 2620 1494 aliqua,
2671 1435 2765 1480 aut
2801 1428 3179 1493 diminutione,
3229 1439 3323 1484 aut
3374 1434 3633 1497 sectione,

2064 1517 2158 1563 aut
2197 1510 2467 1564 divisione
2510 1513 2653 1582 ejus,
2711 1514 2857 1584 quod
2911 1516 3145 1585 primum
3202 1517 3506 1585 subjectum
3553 1526 3638 1573 est

2063 1602 2331 1671 corporis.
2373 1600 2478 1656 Sed
2528 1605 2621 1659 illo
2667 1615 2922 1661 manente
2988 1607 3044 1661 in
3110 1596 3330 1678 propria
3385 1612 3533 1676 sede,
3584 1620 3638 1665 et

2063 1692 2329 1747 eamdem.
2357 1706 2522 1760 penes
2574 1711 2634 1751 se
2674 1706 3036 1753 conservante
3081 1707 3356 1763 naturam,
3391 1700 3638 1771 fragran-

2064 1782 2305 1852 tiamqne
2361 1784 2505 1838 illam
2565 1797 2884 1853 procreante
2925 1806 2939 1841 :
2982 1789 3151 1843 nihilo
3209 1789 3450 1845 deterius
3490 1791 3638 1859 prion

396 1881 556 1951 τρὸς,
598 1883 857 1951 μονογενῆ
888 1882 1253 1951 δντα,·Λόγον
1297 1884 1390 1936 καὶ
1429 1884 1560 1937 Θεὸν
1593 1886 1657 1938 ἐκ
1686 1886 1821 1939 Θεοῦ
1842 1904 1854 1916 ·
1894 1889 1955 1940 οὐ

2063 1898 2137 1946 re,
2180 1884 2357 1953 ipsum
2415 1899 2633 1955 quoque
2696 1885 2840 1954 quod
2908 1897 3225 1953 procreatur
3289 1888 3428 1944 bene
3485 1888 3641 1944 olens

397 1971 538 2025 κατὰ
562 1972 839 2026 διάστασιν
866 1973 898 2043 ἢ
927 1974 1097 2044 τομὴν
1127 1973 1159 2046 ἢ
1190 1973 1449 2045 διαίρεσιν
1485 1976 1549 2028 ἐκ
1583 1976 1684 2046 τῆς
1716 1976 1808 2029 τοῦ
1843 1978 1957 2030 Πα-

395 2063 523 2135 τρὸς
555 2064 741 2126 οὐσίας
765 2064 1229 2135 προὸεϐλημένον,
1269 2066 1523 2138 ἀρρήτως
1553 2066 1608 2119 δὲ
1642 2067 1735 2119 καὶ
1770 2068 1958 2120 ἀνεπι-

394 2153 657 2223 λογίστως
676 2156 807 2226 ἡμῖν
828 2155 887 2219 ἐξ
913 2155 1126 2218 αἰῶνος,
1154 2155 1349 2225 μᾶλλον
1372 2157 1428 2209 δὲ
1451 2156 1555 2228 πρὸ
1588 2157 1802 2209 πάντων
1830 2156 1961 2209 αἰώ-

396 2261 536 2306 νων,
583 2247 648 2297 ὲκ
694 2245 791 2314 τῆς
834 2245 927 2298 τοῦ
976 2245 1191 2314 Πατρὸς
1225 2245 1600 2315 ἀνεκφράστου
1640 2246 1733 2298 καὶ
1766 2246 1961 2317 ἀπερι-

395 2336 586 2404 νοήτου
645 2335 839 2405 βουλῆς
888 2351 948 2387 τε
1007 2337 1101 2389 καὶ
1160 2335 1439 2405 δυνάμεως
1487 2335 1836 2406 οὐσιούμενον
1883 2335 1961 2387 δι-

397 2423 679 2479 δάσκοντα.
735 2427 886 2496 «Τὴν
931 2426 1120 2493 γενεὰν
1161 2425 1268 2495 γὰρ
1311 2424 1508 2490 αὐτοῦ,
1541 2444 1558 2476 ι
1615 2427 1778 2496 φησὶ,
1831 2445 1850 2476 ι
1876 2426 1962 2490 τίς

396 2517 745 2587 διηγήσεται;
777 2537 795 2568 ι
830 2518 946 2580 καὶ,
983 2536 1001 2568 ι
1034 2518 1244 2586 Ὥσπερ
1265 2517 1440 2581 οὐδεὶς
1468 2516 1609 2585 ἔγνω
1628 2518 1719 2571 τὸν
1743 2517 1961 2588 Πατέρα

400 2611 446 2662 ei
483 2610 557 2682 μὴ
600 2613 628 2663 ό
659 2612 783 2683 Υίὸς
802 2652 817 2676 ,
843 2611 985 2664 οὐτω
1017 2613 1110 2665 καὶ
1136 2612 1225 2666 τὸν
1270 2612 1396 2663 Υἱὸν
1436 2611 1608 2675 οὐδεὶς
1637 2611 1776 2680 ἔγνω
1807 2613 1855 2664 εί
1887 2611 1961 2682 μὴ

400 2701 558 2768 μόνος
585 2702 614 2752 ὁ
642 2704 905 2773 γεννήσας
928 2702 1090 2756 αὐτὸν
1119 2703 1325 2773 Πατήρ.
1361 2720 1381 2752 Β

2061 1983 2115 2030 οι
2168 1974 2415 2045 fragrans
2452 1991 2657 2045 genus,
2695 1991 2819 2029 cum
2858 1979 3130 2048 propriam
3194 1978 3392 2034 haheat
3453 1981 3638 2036 sedem

2064 2076 2225 2137 atque
2256 2077 2527 2130 naturam,
2554 2068 2655 2120 hac
2685 2068 2823 2136 ipsa,
2843 2083 3005 2138 quam
3038 2071 3274 2124 maxime
3299 2071 3411 2126 fieri
3437 2080 3638 2142 potest,

2070 2161 2124 2214 id
2143 2161 2286 2228 quod
2315 2160 2650 2213 simillimum
2681 2160 2752 2214 sit
2777 2166 2984 2212 naturze
3001 2161 3356 2226 procreantis,
3376 2164 3637 2219 imitatur.

2072 2252 2231 2324 15.9
2262 2251 2458 2307 Verum
2497 2253 2607 2306 haec
2640 2250 2857 2320 quidem
2887 2258 3102 2303 terrena
3151 2260 3209 2304 et
3264 2255 3547 2318 mortalia,
3580 2263 3636 2309 et

2058 2342 2342 2415 inferioris
2373 2348 2578 2395 naturae
2606 2356 2727 2410 quae
2759 2339 3147 2409 corrumpendi
3187 2339 3294 2392 vim
3341 2340 3537 2407 habet,
3577 2358 3641 2396 ac

2064 2441 2279 2487 terrena
2310 2443 2413 2494 est,
2445 2434 2722 2501 particulae
2744 2432 3011 2501 qumdam.
3051 2429 3182 2495 Quae
3203 2438 3382 2484 autem
3416 2432 3481 2485 ad
3514 2448 3642 2501 pro-

2058 2524 2297 2594 positam
2322 2539 2351 2576 a
2382 2524 2542 2577 nobis
2574 2524 2893 2591 theologiam
2928 2523 3220 2590 pertinent,
3258 2535 3380 2574 eum
3423 2536 3640 2574 onmem

2066 2614 2298 2684 exetnpli
2360 2615 2822 2684 comparationem
2875 2622 3236 2681 exsuperent,
3306 2612 3442 2666 nihil
3498 2614 3640 2677 tafe,

2068 2705 2229 2773 quale
2255 2720 2318 2757 ex
2355 2704 2676 2773 corporibus
2712 2711 2916 2766 manat,
2949 2720 3058 2773 prae
3090 2718 3148 2757 se
3177 2704 3389 2770 ferunt;
3423 2702 3519 2758 sed
3546 2719 3636 2757 co-

397 2792 642 2861 gitationi
698 2795 1067 2849 solertissime:
1112 2794 1452 2860 intuendum,
1520 2794 1676 2865 quasi
1713 2795 1767 2849 in
1808 2796 2321 2865 speculo-prmbeut,
2363 2796 2667 2867 docentque
2699 2812 2820 2852 esse
2868 2796 3063 2850 Filium
3091 2836 3105 2861 ,
3148 2798 3237 2867 qui
3287 2798 3502 2867 genitus
3535 2798 3639 2861 sit,

396 2900 505 2939 non
540 2886 691 2939 illum
739 2885 995 2955 quidem,
1030 2887 1121 2955 qui
1165 2887 1329 2940 certis
1387 2886 1723 2956 temporibus
1783 2902 1890 2939 non
1922 2887 2103 2954 fuerit,
2132 2889 2407 2957 posterius
2438 2896 2616 2942 autem
2668 2888 2740 2942 sit
2770 2898 2949 2954 natus,
2970 2889 3065 2943 sed
3111 2890 3204 2958 qui
3252 2890 3323 2943 sit
3353 2898 3479 2944 ante
3502 2897 3642 2945 tem-

396 2992 526 3046 pora
552 2985 774 3041 aeterna,
831 2984 993 3046 atque
1035 2984 1282 3043 anteeat,
1312 2984 1365 3030 et
1402 2986 1657 3049 tanquam
1697 2975 1865 3032 Filius
1892 2992 1997 3031 una
2036 2994 2160 3033 cum
2209 2978 2368 3034 Patre
2408 2994 2623 3048 semper
2670 2979 2865 3049 degat;
2914 2994 3091 3052 neque
3120 2995 3248 3035 vero
3306 2981 3396 3050 qui
3424 2997 3534 3035 non
3571 2981 3641 3035 sit

395 3069 631 3141 genitus,
663 3069 756 3124 sed
779 3085 846 3124 ex
883 3068 1042 3124 Patre
1080 3086 1187 3124 non
1237 3069 1436 3139 genito,
1473 3070 1727 3140 genitus:
1755 3072 1844 3140 qui
1898 3073 2091 3127 unicus
2141 3073 2233 3135 sit,
2277 3074 2369 3142 qui
2405 3070 2665 3136 Verbum,
2718 3074 2810 3142 qui
2856 3071 2999 3127 Deus
3041 3072 3107 3127 de
3151 3072 3280 3139 Deo,
3309 3088 3415 3128 non
3442 3074 3644 3129 direm-

398 3163 582 3233 ptione
638 3163 855 3232 aliqua,
898 3171 991 3217 aut
1038 3164 1298 3226 sectione,
1347 3172 1441 3218 aut
1491 3164 1758 3219 divisione
1800 3166 1868 3221 de
1921 3168 2229 3222 substantia
2258 3167 2436 3222 Patris
2486 3167 2804 3238 productus,
2839 3169 2934 3223 sed
2984 3169 3076 3238 qui
3107 3170 3177 3224 de
3208 3168 3388 3224 Patris
3414 3172 3644 3226 consilio

399 3268 462 3307 ac
490 3254 708 3318 virtute,
733 3268 945 3308 omnem
976 3255 1356 3321 elocutionem,
1405 3271 1731 3328 omnemque
1779 3259 2160 3330 cogitationem
2196 3271 2488 3331 superante
2535 3260 2603 3314 ab
2630 3276 2766 3323 a:vo,
2821 3275 2885 3315 ac
2911 3263 3092 3332 potius
3121 3269 3246 3317 ante
3273 3278 3436 3317 omne
3466 3278 3639 3317 aevum

399 3346 688 3401 essentiam
735 3347 805 3400 sit
843 3355 1065 3410 nactus,
1101 3348 1260 3402 modo
1308 3348 1583 3420 quodam,
1639 3352 1731 3420 qui
1778 3367 1954 3423 neque
1990 3355 2173 3410 verbis
2229 3354 2637 3424 comprehendi,
2697 3370 2874 3425 neque
2916 3357 3130 3410 ratione
3185 3357 3367 3427 colligi
3414 3372 3443 3410 a
3484 3359 3642 3413 nobis

399 3440 589 3508 possit.
656 3438 711 3493 Si
744 3441 958 3510 quidem
992 3460 1011 3492 ι
1049 3443 1450 3511 generationem
1499 3444 1638 3512 ejus,
1675 3446 1870 3518 inquit,
1910 3451 2033 3520 quis
2070 3450 2452 3504 enarrabit”?
2488 3470 2507 3503 ›
2544 3458 2598 3505 et
2633 3450 3087 3520 quemadmodum
3110 3468 3130 3502 «ι
3161 3467 3321 3506 nemo
3352 3452 3503 3507 novit
3533 3450 3632 3506 Pa-

398 3538 535 3585 trem
567 3532 673 3587 nisi
705 3530 894 3599 Filius,
926 3534 1004 3588 sic
1039 3533 1231 3589 Filium
1260 3552 1474 3608 quoque
1497 3555 1654 3595 nemo
1677 3542 1827 3594 novit
1852 3542 1958 3596 nisi
1994 3558 2158 3607 unus,
2194 3542 2286 3612 qui
2306 3542 2499 3612 genuit
2532 3542 2707 3598 illum.
2737 3541 2899 3597 Pater
2921 3543 2987 3594 ⁹¹.
3033 3561 3052 3593 ι

1146 3677 1218 3731 Δ’.

411 3786 508 3853 Ὠς
529 3787 822 3870 ρναρῖιαέα
846 3787 921 3869 τῇ
932 3786 1051 3870 τῶν
1060 3791 1218 3870 (ἔλων
1231 3792 1528 3870 σςυστςέσει
1540 3796 1589 3870 Δἡ
1606 3814 1672 3870 το
1680 3795 1965 3870 ὗ-μονογε-

463 3860 608 3924 νοῦς
643 3860 779 3912 Υἱοῦ
807 3860 913 3913 τοῦ
947 3860 1093 3913 Θεοῦ
1127 3863 1493 3930 προῦπαρξις
1519 3860 1886 3922 ἀποδίδοται.

468 3994 614 4067 Πλὴν
639 3993 753 4048 ἀλλ’
779 3994 874 4047 ἕνα
903 3996 1183 4067 Μονογενῆ
1219 3998 1313 4051 καὶ
1338 3999 1617 4070 ἀγαπητὸν
1642 4001 1767 4055 Υἱὸν
1791 4002 1962 4057 ἐδόκει

398 4087 476 4160 τῷ
508 4086 806 4156 ωναγάθιρ
833 4087 1010 4158 Πατρὶ
1046 4088 1148 4158 τῆς
1174 4089 1281 4142 τῶν
1314 4091 1556 4160 γενητῶν
1589 4093 1841 4148 ἁπάντων
1870 4095 1964 4167 δηι

403 4178 690 4250 μιουργίας
718 4178 1153 4248 προϋφίστασθαι
1178 4179 1286 4233 δεῖν
1306 4197 1320 4211 ·
1351 4182 1471 4234 ἐπεὶ
1503 4183 1597 4236 καὶ
1620 4184 1820 4255 κόσμον
1844 4186 1958 4253 ἕνα,

399 4269 585 4342 ῶσπερ
619 4269 676 4324 ἓν
710 4269 802 4323 καὶ
834 4267 975 4339 μέγα
1001 4268 1160 4340 σῶμα
1188 4272 1251 4323 ὲκ
1285 4270 1543 4326 πλειόνων
1571 4275 1665 4326 καὶ
1693 4274 1961 4348 διαφόρων

402 4362 576 4435 μελῶν
624 4379 682 4414 τε
725 4362 819 4414 καὶ
864 4360 1078 4433 μερῶν,
1114 4362 1341 4432 ήμελλεν
1373 4363 1494 4417 ὅσον
1540 4365 1657 4419 οὐδέ
1701 4385 1788 4420 πω
1829 4386 1961 4440 προ-

399 4450 708 4515 ϐάλλεσθαι,
730 4451 829 4504 οὐκ
861 4452 1168 4504 ἐπιστατεῖν
1201 4453 1298 4521 μὲν
1326 4453 1493 4524 αὐτὴν
1521 4454 1745 4521 ἄνωθεν,
1773 4456 1961 4529 ὥσπερ

402 4541 644 4613 μείζονος
677 4542 917 4612 κεφαλῆς
942 4543 1040 4612 τῆς
1072 4543 1165 4597 τοῦ
1193 4544 1405 4615 Πατρός
1437 4544 1687 4619 θεότητος
1718 4548 1960 4619 ἐξημμέ-

398 4652 494 4706 νην
524 4634 752 4706 (κεφαλὴ
801 4636 911 4708 γὰρ
956 4635 1045 4688 τοῦ
1073 4637 1307 4706 Χριστοῦ
1335 4640 1364 4692 ό
1390 4638 1621 4711 Πατήρ),
1655 4636 1961 4712 ἡγουμένην

397 4727 452 4780 δὲ
498 4728 594 4781 καὶ
635 4726 1092 4799 προύπὰρχουσαν
1133 4728 1241 4781 τῶν
1275 4728 1412 4798 μετὰ
1436 4730 1638 4800 ταύτην
1669 4730 1921 4784 ἁπάντων
1943 4770 1958 4796 ,

397 4818 457 4871 οὐ
492 4817 598 4889 μὴν
640 4818 774 4871 ἀλλὰ
807 4821 900 4871 καὶ
930 4819 1255 4890 διαρκοῦσαν
1293 4820 1371 4882 είς
1403 4837 1462 4873 τε
1492 4819 1588 4890 τὴν
1622 4822 1713 4874 τοῦ
1748 4822 1960 4893 Πατρὺς

398 4912 738 4977 ὲπικέλευσιν
760 4913 855 4966 καὶ
877 4913 956 4978 εἰς
981 4914 1077 4985 τὴν
1100 4913 1207 4967 τῶν
1236 4913 1371 4983 μετὰ
1392 4915 1561 4968 ταῦτα
1581 4917 1954 4988 δημιουργίαν.

2770 3680 2860 3736 IV.

2065 3796 2218 3864 Quod
2270 3796 2338 3849 ad
2386 3796 2813 3849 constitutionem
2846 3792 3117 3864 univrrsi,‘
3145 3792 3440 3844 necessaria
3496 3796 3638 3848 unici

2363 3865 2459 3919 Dei
2488 3864 2620 3919 Filii
2654 3864 2974 3926 antecessio,
3009 3861 3323 3929 assignetur.

2139 3998 2519 4054 Verumtamen
2556 3997 2794 4065 optimus
2823 3995 2984 4050 Pater
3019 4010 3186 4049 unum
3206 3993 3479 4064 judicavit
3502 3993 3635 4049 Uni-

2061 4093 2299 4163 genitum
2345 4107 2409 4146 ac
2450 4092 2704 4147 dilectum
2741 4090 2968 4155 Filium,
3014 4088 3255 4144 omnium
3301 4103 3482 4142 rerum
3516 4103 3638 4158 qua:

2062 4183 2309 4237 creandm
2333 4192 2534 4246 essent,
2552 4181 2768 4252 opiilcio
2791 4181 2989 4252 praefici
3017 4189 3289 4250 Oportere,
3319 4179 3521 4250 quippe
3541 4181 3633 4249 qui

2064 4291 2230 4329 unum
2264 4290 2480 4346 quoque
2503 4276 2786 4336 mundum,
2821 4275 2977 4345 quasi
3009 4288 3176 4328 unum
3217 4275 3491 4343 quoddam
3549 4285 3635 4329 at-

2062 4385 2169 4439 que
2197 4374 2390 4438 ingens
2420 4384 2639 4438 corpus,
2668 4383 2732 4422 ex
2765 4369 3010 4437 pluribus
3065 4367 3412 4438 diversisque
3462 4384 3636 4424 mem-

2061 4465 2176 4519 bris
2208 4478 2271 4517 ac
2300 4465 2565 4533 partibus,
2587 4462 2810 4533 jamjam
2842 4469 2988 4516 esset
3026 4461 3412 4531 producturus,
3443 4471 3637 4531 caput-

2062 4571 2167 4626 que
2195 4557 2299 4610 hoc
2325 4571 2431 4609 non
2468 4569 2704 4625 prteesse
2753 4556 2931 4624 ipsum
2974 4553 3214 4626 quidem,
3241 4554 3309 4610 de
3362 4554 3631 4623 superiori

2061 4652 2264 4720 aliquo,
2296 4659 2549 4718 tanquam
2586 4649 2651 4704 de
2674 4650 2844 4704 altero
2873 4649 3066 4718 majori
3107 4651 3311 4719 capite,
3347 4648 3631 4702 divinitate

2060 4743 2177 4813 ipsa
2198 4743 2376 4796 Patris
2416 4756 2739 4811 suspensum
2782 4740 2966 4811 (caput
2994 4743 3135 4796 enim
3177 4741 3378 4796 Christi
3423 4739 3627 4806 Pater),

2061 4833 2156 4888 sed
2180 4833 2323 4903 quod
2350 4833 2599 4895 anteiret,
2620 4842 2853 4902 anteque
2885 4833 3064 4886 ouinia
3092 4840 3214 4902 post
3249 4832 3424 4901 ipsum
3448 4829 3628 4901 genita

2060 4930 2206 4978 esset
2233 4939 2245 4974 :
2278 4929 2512 4975 attamen
2541 4921 2681 4976 idem
2710 4929 2909 4991 praesto
2936 4930 3082 4977 esset
3112 4931 3226 4975 tum
3250 4922 3319 4973 ad
3343 4919 3628 4988 imperium

396 5002 487 5056 Διὸ
516 5003 581 5075 δὴ
615 5005 708 5057 καὶ
753 5003 961 5075 ἔφαμεν
1009 5005 1169 5058 αὐτὸν
1222 5005 1434 5075 πρῶτον
1468 5009 1683 5061 πάντων
1716 5009 1819 5061 ὑπὸ
1864 5010 1955 5062 τοῦ

2063 5011 2260 5075 Patris,
2294 5021 2408 5066 tum
2448 5013 2515 5066 ad
2573 5011 2849 5082 opiﬁcium
2884 5027 3075 5068 earum
3111 5026 3291 5065 rerum
3320 5025 3440 5082 quae.
3478 5018 3631 5079 post-

399 5093 610 5164 Πατρὸς
641 5087 753 5147 οἶόν
797 5111 850 5146 τι
885 5095 1151 5164 μονοειδὲς
1191 5095 1598 5167 πάσηςκούσίας
1624 5095 1717 5148 καὶ
1746 5097 1958 5164 φύσεως

396 5183 797 5258 προϐεϐλῆσθαι
818 5184 1044 5256 ὄργανον
1070 5184 1307 5255 ἔμψυχον
1333 5188 1425 5239 καὶ
1450 5186 1575 5250 ζῶν,
1598 5185 1793 5257 μᾶλλον
1815 5186 1861 5238 δ’
1881 5185 1961 5239 ἔν-

397 5278 515 5334 θεον
543 5278 637 5333 καὶ
663 5277 920 5342 ζωοποιὸν
948 5277 1039 5331 καὶ
1068 5279 1357 5347 πάνσοφον,
1381 5278 1599 5347 ἀγαθῶν
1619 5278 1954 5347 γεννητικὸν,

397 5370 571 5438 φωτὸς
599 5369 853 5441 χορηγὸν,
883 5367 1111 5439 οὐρανοῦ
1134 5367 1539 5439 δημιουργικὸν,
1564 5370 1769 5440 κόσμου
1793 5385 1958 5422 κατα-

399 5461 769 5525 σκευαστικὸν,
799 5460 1045 5529 ἀγγέλων
1076 5460 1375 5530 ποιητικὸν,
1407 5463 1731 5531 πνευμάτων
1760 5462 1957 5533 ἀρχόν-

396 5555 563 5620 τικδν,
585 5555 812 5627 ὄργανον
837 5552 1021 5625 ψυχῶν
1049 5554 1328 5623 σωτήριον,
1360 5554 1624 5622 σωμάτων
1644 5553 1952 5623 αὐξητικὸν,

398 5646 611 5699 πάντων
650 5645 1030 5715 προνοητικὸν,
1075 5641 1498 5714 κυϐερνητικὸν,
1530 5643 1958 5714 θεραπευτικδνη

473 5803 510 5834 ⁹¹
543 5801 657 5859 lsa.
717 5817 833 5868 LIII,
878 5802 929 5856 8.
1008 5803 1052 5833 θ’
1089 5799 1279 5855 Matth.
1313 5815 1391 5861 χι,
1418 5797 1509 5852 27.

2061 5104 2164 5162 hac
2185 5102 2448 5158 faciendae
2472 5110 2646 5157 erant.
2675 5102 2854 5169 Quare
2895 5102 3007 5172 jam
3039 5101 3294 5165 diximus,
3327 5102 3478 5155 illum
3509 5116 3629 5156 om-

2063 5195 2214 5250 nium
2250 5194 2486 5264 primum
2532 5210 2560 5248 a
2610 5193 2797 5258 Patre,
2844 5192 3001 5263 quasi
3029 5192 3300 5261 quoddam
3352 5192 3629 5264 singulare

2063 5286 2483 5341 instrumentum
2511 5286 2688 5340 omnis
2714 5283 2968 5341 essentia:
2994 5292 3050 5336 et
3070 5291 3280 5336 natura-
3302 5283 3627 5353 productum

2063 5392 2185 5432 esse
2212 5396 2226 5429 :
2258 5376 2703 5438 instrumentum,
2738 5376 2980 5444 inquam,
3003 5371 3301 5426 animatum
3335 5385 3388 5428 et
3415 5374 3625 5440 vivens,

2062 5482 2125 5522 ac
2147 5469 2328 5538 potius
2347 5467 2611 5529 divinum,
2645 5467 2972 5532 vitalemque
2994 5463 3099 5516 vim
3130 5463 3184 5518 in
3214 5480 3274 5520 se
3313 5464 3538 5530 habens,
3570 5471 3629 5520 et

2062 5554 2561 5624 sapientissimum;
2594 5554 2752 5624 150
2777 5550 2922 5621 quod
2954 5553 3094 5604 bona
3122 5553 3302 5607 omnia
3334 5555 3625 5626 gigneret,

2058 5645 2203 5716 quod
2234 5646 2415 5701 lumen
2447 5645 2727 5714 praeberet,
2755 5640 2899 5714 quod
2929 5643 3126 5698 caelum
3156 5644 3627 5720 moliretur,quod
