4126 6500
472 390 579 446 2559

1131 392 1398 448 EL'SEDII
1436 389 1917 448 CAESARIENSIS
1944 389 2092 447 OPP.
2134 390 2314 446 PARS
2347 393 2411 447 ll.
2450 425 2522 435 —
2558 393 3058 451 APOLOGETICA.
3117 387 3127 398 ’

468 511 734 567 mundum
758 519 1123 579 construeret,
1153 512 1296 581 quod
1341 512 1563 583 angelos
1604 510 1868 576 ediceret,
1902 526 1999 580 quc

2101 527 2120 581 ι
2154 510 2449 581 βασιλικὸν,
2474 514 2737 584 κριτικὸν,
2756 516 2970 588 Πατρός
3001 507 3308 571 εὐσεϐείας
3331 500 3774 588 ἀπαγγελταόν,

467 604 756 673 spiritibus
802 604 1135 672 imperaret:
1170 602 1596 657 instrumentum
1644 599 1791 671 quod
1840 601 2053 654 animas

465 704 848 761 conservaret,
906 696 1052 767 quod
1084 712 1315 767 corpora
1364 705 1622 768 augeret,
1678 694 1823 765 quod
1891 695 2073 749 omnia
2113 696 2457 765 provideret,
2492 697 2844 767 gubernaret,
2910 707 3149 761 curaret,
3182 689 3345 767 quod
3380 684 3506 749 vim
3542 702 3751 767 habere;

464 789 745 860 regnandi,
774 789 920 859 quod
970 790 1251 860 judicandi
1274 830 1288 852 ,
1321 791 1466 860 quod
1515 789 1695 845 Patris
1732 789 1941 844 cultum
1989 795 2043 842 et
2084 792 2442 844 reverentiam
2477 790 2856 846 denuntiandi.

1216 904 1284 960 V.

460 1015 614 1088 Quod
638 1016 1048 1071 innumerabiles
1077 1017 1285 1087 quidem
1312 1019 1544 1088 fatemur
1570 1037 1683 1074 esse
1724 1030 1928 1074 creatas
1953 1019 2038 1073 di-

526 1087 673 1140 vinas
702 1097 1007 1155 potestates,
1034 1104 1195 1141 unam
1229 1087 1345 1142 vero
1372 1090 1636 1143 duntaxat
1670 1092 1835 1158 ipsius
1863 1090 1995 1143 Filii
2015 1132 2029 1151 ,

522 1166 734 1229 propter
757 1175 914 1228 quam
943 1158 1236 1218 inducitur,
1264 1161 1548 1229 imaginem
1574 1161 1669 1215 Dei
1702 1161 1883 1215 Patris
1897 1177 2032 1227 esse,

527 1226 807 1298 theologica
835 1229 1279 1283 demonstremus.

522 1337 705 1405 Quare
726 1340 779 1394 in
803 1341 1120 1396 universum
1153 1356 1318 1411 supra
1350 1356 1512 1397 omne
1541 1342 1838 1412 opificium,
1868 1359 2031 1397 unam

430 1448 593 1503 ropus
623 1439 708 1488 est
740 1431 978 1487 divinam
1020 1440 1345 1503 potestatem
1377 1432 1675 1500 admirari,
1707 1450 1815 1489 non
1846 1435 2031 1505 plures

448 1527 803 1581 existimare:
842 1540 950 1579 una
995 1526 1140 1580 enim
1170 1526 1393 1580 omnino
1420 1526 1610 1580 mundi
1648 1526 1889 1581 effectrix
1922 1543 2027 1597 po-

448 1626 643 1682 testas,
707 1626 762 1673 et
818 1632 987 1672 unum
1040 1618 1416 1674 universitatis
1473 1617 1655 1689 opifex
1683 1617 1919 1673 Verbum
1973 1622 2028 1674 in

446 1708 717 1777 principio
768 1708 910 1778 apud
945 1708 1140 1764 Deum.
1202 1707 1525 1779 Siquidem:
1576 1727 1595 1759 ι
1643 1709 1703 1763 1η
1754 1710 2026 1781 principio

443 1808 562 1854 erat
588 1798 859 1864 Verbum,
905 1807 958 1855 et
991 1799 1228 1855 Verbum
1262 1809 1379 1857 erat
1406 1801 1549 1872 apud
1577 1801 1768 1866 Deum,
1792 1813 1847 1859 et
1882 1803 2025 1859 Deus

2902 910 2979 964 E'.

2142 1017 2239 1096 1Ξ’.Δ
2270 1019 2362 1096 ᾩς
2398 1021 2617 1096 μυρίας
2653 1022 2771 1090 μὲν
2817 1024 3227 1096 ὁμολογοῦμεν
3276 1024 3432 1096 εἶναι
3470 1027 3721 1096 γενητὰς

2208 1090 2370 1165 θείας
2399 1091 2681 1160 δυνάμεις
2705 1134 2720 1157 ,
2747 1090 2945 1165 Mr
2968 1090 3037 1165 se
3066 1090 3179 1160 τὴν
3210 1095 3320 1149 τοῦ
3359 1090 3514 1159 Υἱοῧ,
3535 1090 3611 1149 δι⁵
3636 1090 3719 1165 ’ἢκ

2209 1160 2487 1229 ἐπάγεται
2503 1165 2708 1216 εἰκόνα
2732 1160 2836 1218 τοῦ
2853 1164 2998 1218 Θεοῦ
3016 1166 3266 1233 Πατρός,
3288 1160 3711 1236 θεολογοῦμεκ.

2208 1336 2299 1390 Διὸ
2334 1337 2427 1392 καὶ
2453 1339 2545 1393 ἐπὶ
2577 1340 2791 1393 πάντων
2817 1340 3043 1395 καθόλου
3082 1343 3190 1397 τῶν
3213 1343 3515 1416 δημιουργη
3525 1346 3709 1416 μάτων

2139 1429 2269 1499 μίαν
2309 1429 2483 1500 χρεὼν
2527 1431 2675 1484 θείαν
2718 1434 2945 1507 δύναμιν
2993 1435 3435 1505 ἀποθαυμάζειν,
3484 1436 3599 1491 ἀλλ’
3648 1440 3708 1492 ού

2136 1520 2333 1584 πολλὰς
2356 1522 2601 1591 ἡγεῖσθαι
2624 1541 2637 1553 ·
2674 1525 2774 1595 μία
2805 1527 2912 1597 γὰρ
2941 1528 2974 1599 ἡ
3003 1526 3230 1580 καθόλου
3258 1528 3587 1598 κοσμοποιὸς
3613 1528 3706 1583 δύ-

2133 1631 2313 1683 ναμις,
2340 1615 2432 1667 καὶ
2460 1610 2538 1679 είς
2564 1619 2593 1669 ό
2618 1616 2725 1669 τῶν
2746 1618 2882 1671 ὅλων
2908 1618 3236 1691 δημιουργὸς
3266 1619 3438 1688 Λόγος
3472 1622 3531 1673 ἐν
3561 1622 3703 1693 ἀρχῇ

2133 1703 2269 1773 πρὸς
2304 1704 2396 1756 τὸν
2440 1705 2591 1758 Θεόν.
2640 1724 2657 1756 ι
2692 1709 2813 1761 Ὅτι
2862 1708 2918 1761 ἐν
2957 1711 3098 1781 ἀρχῇ
3147 1703 3214 1779 ἦν
3247 1711 3275 1762 ὁ
3318 1711 3524 1779 Λόγος,
3556 1712 3649 1765 καὶ
3677 1715 3705 1765 ὁ

2132 1792 2303 1860 Λόγος
2339 1789 2406 1864 ἦν
2445 1796 2577 1867 πρὸς
2607 1796 2696 1850 τὸν
2725 1798 2890 1863 Θεὸν,
2917 1801 3010 1853 καὶ¹
3037 1800 3170 1865 Θεὸς
3205 1797 3272 1873 ἦν
3300 1803 3328 1855 ό
3354 1802 3523 1871 Λόγος
3543 1820 3554 1832 ·
3591 1822 3609 1853 ι
3644 1801 3702 1856 ὃν

441 1900 562 1946 erat
596 1890 835 1947 Verbum
877 1893 959 1960 9’;
997 1913 1015 1945 ι
1055 1894 1200 1964 quod
1245 1894 1465 1964 quidem
1521 1904 1735 1966 Oportet
1784 1911 1844 1951 re
1893 1913 1999 1951 ver:

2124 1884 2202 1937 δεῖ
2234 1885 2449 1957 ἀληθῶς
2475 1888 2548 1959 μὴ
2573 1890 2806 1957 ἀγνοεῖν,
2840 1891 3017 1946 σέϐειν
3046 1893 3103 1947 δὲ
3131 1894 3224 1948 καὶ
3251 1896 3417 1967 τιμᾷν
3443 1894 3698 1959 ἐπαξίωςο

440 1999 552 2037 non
589 1983 839 2053 ignorare
861 2025 875 2050 ,
909 1986 1091 2040 colere
1119 1992 1299 2040 autem
1331 1994 1385 2040 et
1407 1985 1614 2042 honore
1646 1988 1901 2058 prosequi
1921 2003 2020 2058 pro

439 2076 703 2146 dignitate
740 2094 755 2130 :
809 2077 1252 2148 quandoquidem
1305 2078 1490 2133 omnia
1550 2094 1647 2149 per
1693 2080 1867 2145 illud,
1906 2096 2018 2135 non

438 2167 600 2222 modo
651 2167 720 2223 ab
770 2168 928 2223 initio
955 2185 1137 2226 rerum
1172 2171 1416 2226 omnium
1468 2172 1767 2236 exstitere,
1828 2187 2015 2227 verum

434 2260 597 2314 etiam
621 2261 676 2315 in
702 2269 1022 2332 perpetuum
1054 2278 1273 2333 semper
1323 2273 1378 2318 et
1409 2262 1551 2319 facta
1582 2271 1733 2331 sunt,
1758 2271 1812 2319 et
1843 2264 2015 2320 fiunt:

439 2369 459 2402 σ
495 2360 550 2406 et
586 2352 705 2409 sine
733 2354 824 2408 illo
866 2354 1069 2409 factum
1098 2362 1183 2410 est
1227 2354 1362 2410 nihil
1396 2355 1463 2409 ³⁵.
1506 2375 1525 2408 ι
1560 2354 1685 2411 Sive
1717 2358 1863 2413 enim
1905 2360 2015 2413 vita

433 2443 677 2511 quaedam
713 2452 799 2499 est
850 2446 905 2499 in
946 2446 1014 2500 iis
1038 2460 1160 2515 quae
1189 2453 1360 2501 sunt:
1394 2447 1542 2517 quod
1591 2446 1794 2503 factum
1826 2457 1928 2514 est,
1959 2450 2013 2507 in

430 2534 526 2589 illo
554 2535 665 2588 vita
696 2543 833 2589 erat.
886 2535 963 2589 Ex
1001 2536 1097 2590 illo
1124 2537 1271 2590 enim
1304 2552 1368 2593 ac
1399 2553 1498 2606 per
1530 2537 1662 2592 illud
1685 2580 1699 2604 ,
1758 2540 2014 2596 universa

428 2632 483 2680 et
518 2627 687 2680 vitam
706 2637 761 2679 et
789 2628 1025 2681 animam
1065 2629 1360 2698 accipiunt.
1412 2630 1539 2687 Sive
1571 2648 1854 2699 numerus,
1899 2633 2013 2691 sive

429 2714 801 2785 pulchritudo,
828 2716 944 2772 sive
965 2720 1367 2785 convenientia,
1390 2721 1504 2776 sive
1533 2722 1691 2787 ordo,
1724 2723 1839 2779 sive
1858 2731 2014 2780 'tem-

428 2817 705 2876 peratura,
740 2809 855 2865 sive
876 2810 1115 2867 essentia
1136 2850 1150 2875 ,
1184 2812 1300 2867 sive
1330 2814 1598 2883 qualitas,
1638 2815 1753 2871 sive
1804 2817 2012 2886 magni-

426 2899 558 2954 tudo
589 2916 603 2955 :
634 2910 834 2956 cuncta
878 2918 1045 2956 unum
1083 2918 1268 2957 rerum
1330 2908 1573 2961 omnium
1619 2907 1889 2974 continet,
1944 2923 2009 2963 ac

423 2991 668 3061 disponit
704 2991 966 3055 Verbum,
999 3001 1055 3048 et
1076 3009 1183 3048 una
1210 2993 1305 3050 Dei
1332 2997 1522 3051 mundi
1551 2997 1793 3054 effectrix
1811 3001 2006 3068 virtus,

422 3082 679 3138 omnibus
703 3091 918 3153 praeest.
971 3082 1126 3137 Sicut
1153 3084 1300 3140 enim
1325 3085 1381 3140 in
1408 3094 1599 3143 nostro
1623 3104 1853 3160 corpore
1885 3090 2009 3160 plu-

2121 1973 2202 2026 ὅτι
2231 1975 2294 2047 δὴ
2329 1976 2507 2032 πάντα
2539 1979 2605 2032 δι’
2639 1982 2804 2036 αὐτοῦ
2834 1984 2893 2036 οὐ
2923 1983 3083 2055 μόνον
3112 1987 3169 2038 ἐν
3197 1985 3395 2056 ἀρχαῖς
3420 1985 3528 2039 τῶν
3558 1985 3699 2039 ὅλων

2122 2066 2373 2138 συνέστη,
2404 2068 2539 2122 ἀλλά
2569 2072 2662 2125 καὶ
2689 2072 2863 2126 εἰσαεὶ
2893 2074 3081 2143 γέγονέ
3101 2092 3159 2128 τε
3178 2076 3272 2130 καὶ
3302 2076 3531 2145 γίνεται,
3560 2096 3578 2129 ί
3600 2078 3696 2132 καὶ

2118 2158 2285 2230 χωρὶς
2311 2159 2475 2213 αὐτοῦ
2503 2162 2718 2230 ἐγένετο
2741 2165 2862 2218 οὐδὲ
2889 2166 2964 2219 ἓν.
2992 2185 3010 2217 ι
3043 2167 3167 2220 Εἴτε
3182 2168 3289 2239 γάρ
3309 2167 3418 2239 ζωή
3436 2185 3517 2233 τις
3546 2168 3693 2222 ἔστιν

2117 2251 2177 2303 ἑν
2200 2253 2311 2315 τοῖς
2338 2247 2490 2306 οὖσιν
2510 2294 2525 2317 ,
2558 2254 2587 2308 ὃ
2618 2257 2839 2325 γέγονεν
2873 2261 2929 2312 ἐν
2957 2260 3106 2331 αὐτῷ
3137 2260 3248 2331 ζωὴ
3283 2256 3349 2333 ἦν
3372 2278 3385 2292 ·
3430 2261 3490 2326 ἑξ
3521 2261 3685 2315 αὐτοῦ

2116 2342 2225 2415 γὰρ
2253 2345 2345 2399 καὶ
2372 2345 2439 2399 δι’
2468 2347 2635 2400 αὑτοῦ
2676 2350 2709 2420 ή
2743 2349 2852 2403 τῶν
2883 2351 3019 2405 ὅλων
3052 2351 3258 2417 ζώωσίς
3283 2369 3342 2405 τε
3377 2353 3468 2406 καὶ
3499 2352 3686 2423 ψύχω-

2117 2452 2201 2500 σις
2219 2452 2233 2467 ·
2263 2438 2372 2490 εἴτε
2403 2438 2629 2509 ῥυθμὸς,
2657 2440 2767 2494 εἴτε
2813 2442 3026 2509 κάλλος,
3054 2445 3162 2498 εἴτε
3190 2444 3441 2516 ἁρμονία,
3468 2446 3573 2498 είτε
3594 2446 3687 2500 τά-

2115 2526 2198 2594 ξις
2219 2568 2234 2591 ,
2264 2528 2373 2582 εἴτε
2407 2529 2748 2603 σύγκρασις,
2796 2535 2907 2588 εἴτε
2932 2535 3090 2590 οὐσία
3112 2575 3126 2600 ,
3159 2536 3267 2589 εἴτε
3296 2536 3512 2607 ποιότης
3534 2578 3547 2602 ,
3579 2538 3688 2590 εἴτε

2116 2615 2363 2687 μέγεθος,
2392 2619 2569 2673 πάντα
2600 2619 2679 2686 εἷς
2706 2624 2736 2675 ὁ
2763 2624 2872 2677 τῶν
2891 2624 3026 2679 ὅλων
3051 2627 3262 2698 συνέχει
3286 2626 3379 2680 καὶ
3408 2627 3690 2699 διακοσμεῖ

2111 2710 2304 2777 Λόγος,
2333 2712 2426 2765 καὶ
2462 2713 2561 2785 μία
2588 2714 2726 2771 Θεοῦ
2760 2717 2988 2788 δύναμις
3016 2718 3342 2790 κοσμοποιδς
3384 2720 3598 2791 ἡγεῖται
3626 2721 3691 2773 ἀ-

2112 2806 2347 2862 πάντων.
2390 2810 2478 2873 Ὧς
2503 2811 2613 2884 γὰρ
2646 2814 2739 2868 ἐπὶ
2790 2813 2885 2867 τοῦ
2914 2814 3033 2868 καθ’
3060 2815 3209 2885 ἡμᾶς
3238 2813 3487 2885 σώματος
3516 2815 3684 2887 πολλὴ

2111 2898 2212 2969 μὲν
2239 2901 2496 2971 τυγχάνει
2526 2905 2621 2957 καὶ¹
2651 2905 2864 2978 ποικίλη
2898 2905 3005 2959 τῶν
3041 2905 3220 2978 μερῶν
3243 2909 3277 2978 ἡ
3307 2906 3559 2978 διαφορὰ,
3585 2906 3685 2977 μία

2107 2989 2164 3043 δὲ
2188 2992 2220 3061 ή
2248 2990 2341 3045 τοῦ
2372 2995 2573 3059 παντὸς
2611 2996 2839 3069 δύναμις
2883 2997 3210 3069 δημιουργὸς
3255 2998 3351 3070 (οὗ
3392 2998 3500 3069 γὰρ
3545 2996 3681 3070 ἄλλῃ

2110 3081 2211 3150 μὲν
2249 3082 2385 3136 Θεοῦ
2430 3084 2658 3158 δυνάμει
2703 3087 2942 3163 κεφαλῆς
2978 3089 3184 3160 ὑπέστη
3220 3088 3382 3159 φύσις
3404 3129 3418 3154 9
3448 3088 3581 3160 ἄλλῃ
3622 3087 3681 3142 δὲ

421 3189 512 3230 res
542 3183 671 3229 sunt
699 3184 753 3230 et
778 3177 943 3231 varia:
975 3178 1208 3248 partium
1243 3178 1595 3246 differentia},
1658 3197 1766 3236 una
1819 3190 1999 3238 autem

2106 3172 2399 3245 ὀφθαλμῶν
2420 3219 2434 3243 ,
2461 3178 2624 3253 ἑτέρᾳ
2657 3179 2711 3233 δὲ
2751 3179 2924 3249 ὤτων,
2970 3181 3132 3253 ἑτέρᾳ
3172 3182 3226 3235 δὲ
3264 3181 3507 3252 ποδῶν),
3535 3181 3679 3235 οὕτω

423 3266 667 3321 universi
704 3267 886 3337 epifcx
916 3270 999 3325 vis
1029 3270 1158 3340 (non
1205 3273 1351 3327 enim
1384 3273 1490 3327 alia
1537 3273 1755 3344 quidem
1806 3273 1901 3329 Dei
1947 3272 2000 3327 vi

418 3359 617 3428 capitis
647 3361 857 3416 exstitit
887 3372 1104 3430 natura,
1141 3366 1245 3420 alia
1278 3380 1408 3421 vero
1434 3366 1723 3422 oculorum
1744 3406 1759 3432 ,
1789 3373 1844 3422 et
1895 3366 2000 3423 alia

420 3453 658 3512 aurium.
683 3453 882 3523 pedum
909 3455 1037 3510 item
1066 3459 1217 3529 alia),
1240 3459 1314 3512 ita
1341 3474 1558 3529 quoque
1586 3474 1710 3513 cum
1743 3459 1998 3515 universo

418 3548 644 3611 mundo,
670 3562 777 3601 una
803 3549 1024 3605 omnino
1050 3549 1232 3605 divina
1250 3551 1425 3607 virtus
1450 3553 1654 3623 praesit,
1678 3552 1866 3607 eadem
1894 3553 1997 3608 erit

415 3644 470 3692 et
493 3639 637 3705 caeli,
666 3648 719 3695 et
748 3648 1047 3709 astrorum,
1068 3650 1123 3697 et
1162 3644 1480 3699 animalium
1506 3661 1868 3718 quaecunque,
1901 3656 1995 3700 aut

415 3734 470 3787 in
501 3749 646 3798 aere,
680 3743 774 3788 aut
798 3735 851 3788 in
875 3741 1043 3802 terra,
1065 3743 1158 3791 aut
1183 3737 1240 3791 in
1267 3738 1406 3792 mari
1433 3737 1658 3809 degunt,
1687 3746 1742 3793 et
1764 3739 1995 3795 elemen-

410 3827 589 3874 torum
610 3831 719 3875 tam
737 3824 979 3877 omnium
991 3824 1343 3897 simu|,quam
1360 3827 1700 3899 singulorum
1717 3844 1988 3885 seorsum:

415 3912 567 3984 151
592 3921 849 3985 praeterea
884 3926 1200 3973 naturarum
1233 3919 1548 3975 omnimodo
1578 3922 1850 3975 variarum
1877 3928 1986 3975 tam

410 4021 531 4076 qua:
574 4021 774 4077 genere
817 4008 1002 4077 aliquo
1043 4010 1414 4077 continentur,
1448 4026 1613 4081 quam
1655 4029 1775 4083 qua:
1807 4015 1988 4086 specie

406 4098 840 4171 distinguuntur,
871 4100 1076 4170 opifex.
1107 4100 1295 4171 Neque
1321 4118 1450 4157 vero
1489 4104 1595 4157 alia
1625 4113 1710 4160 est
1739 4107 1899 4177 ignis,
1933 4116 1987 4164 et

405 4193 512 4247 alia
562 4209 736 4265 aquae,
776 4201 1043 4264 terraique
1076 4209 1272 4249 rursus
1310 4194 1437 4259 alia,
1481 4204 1645 4267 atque
1677 4201 1821 4254 aeris
1856 4198 1984 4255 item

406 4284 511 4339 alia
548 4285 788 4341 effectrix
836 4288 1035 4351 virtus,
1074 4286 1169 4343 sed
1217 4302 1324 4341 una
1374 4296 1535 4357 atque
1578 4289 1767 4345 eadem
1801 4307 1981 4347 rerum

404 4375 786 4431 universarum
835 4374 1032 4429 artifex
1069 4374 1356 4445 sapientia,
1416 4376 1671 4446 quodque
1716 4378 1979 4433 mundum

402 4463 601 4530 eﬂecit,
643 4464 749 4520 hoc
776 4467 972 4535 ipsum,
1004 4466 1072 4521 de
1098 4481 1207 4536 quo
1236 4482 1337 4521 nos
1361 4474 1419 4520 ut
1450 4467 1519 4523 de
1550 4466 1657 4523 Deo
1683 4468 1975 4542 loquimur,

2104 3266 2197 3319 καὶ
2254 3267 2347 3321 τοῦ
2409 3268 2722 3341 σύμπαντος
2769 3271 2973 3342 κόσμου
3018 3271 3114 3342 μία
3162 3271 3387 3326 καθόλου
3431 3273 3547 3326 θεία
3585 3273 3676 3327 δύ-

2102 3375 2263 3429 ναμις
2301 3360 2665 3417 ἑπιστατοῦσα
2686 3405 2702 3429 ,
2736 3366 2769 3434 ή
2800 3364 2935 3436 αὑτὴ
2964 3364 3031 3418 ἂν
3058 3365 3142 3436 εἴη
3185 3367 3280 3420 καὶ
3311 3367 3540 3438 ούρανοῦ
3579 3367 3676 3420 καὶ

2100 3450 2345 3522 ἀστέρων
2363 3492 2378 3518 ,
2414 3453 2523 3507 τῶν
2548 3472 2607 3507 τε
2635 3455 2692 3507 ὲν
2715 3454 2861 3525 ἀέρι,
2888 3456 2983 3509 καὶ
3006 3458 3097 3527 γῇ,
3122 3456 3216 3508 καὶ
3238 3456 3474 3531 θαλάττῃ
3497 3456 3673 3523 ζώων,

2100 3543 2376 3614 στοιχείων
2424 3563 2485 3599 τε
2533 3547 2642 3600 τῶν
2690 3546 2915 3600 καθόλου
2963 3551 3059 3602 καὶ
3098 3548 3208 3602 τῶν
3259 3548 3401 3603 κατά
3465 3549 3629 3621 μέρος
3654 3588 3674 3618 ,

2096 3635 2191 3689 καὶ
2222 3635 2302 3689 ἔτι
2332 3636 2546 3707 φύσεων
2594 3639 2859 3693 παντοίων
2894 3640 3131 3709 γενικῶν
3160 3658 3217 3694 τε
3266 3643 3360 3696 καὶ
3406 3641 3515 3694 τῶν
3549 3643 3670 3695 κατ’

2095 3721 2232 3790 εἶδος
2259 3726 2590 3798 δημιουργός
2614 3745 2627 3758 ·
2665 3729 2759 3782 καὶ
2788 3730 2888 3784 οὐκ
2914 3729 3043 3801 ἄλλη
3080 3730 3177 3802 μὲν
3208 3730 3399 3803 πυρὸς,
3430 3731 3589 3802 ἑτέρα
3612 3731 3671 3785 δὲ

2095 3818 2286 3882 ὓδατος
2310 3836 2322 3849 ·
2368 3818 2462 3873 καὶ
2501 3820 2603 3891 γῆς
2650 3821 2811 3875 πάλιν
2855 3821 2988 3892 ἄλλη
3013 3862 3027 3887 ,
3071 3822 3165 3876 καὶ
3202 3823 3363 3893 ἀέρος
3410 3821 3670 3893 ποιητικὴ

2090 3909 2354 3981 δύναμιςο
2404 3911 2541 3965 ἁλλά
2592 3912 2690 3983 μία
2730 3912 2824 3967 καὶ
2871 3915 2903 3985 ἡ
2940 3913 3078 3985 αὐτὴ
3110 3913 3216 3967 τῶν
3260 3913 3396 3967 ὅλων
3437 3915 3670 3985 τεχνῖτις

2093 4006 2275 4073 σοφία,
2308 4005 2403 4059 καὶ
2435 4007 2763 4077 κοσμοποιὸς
2791 4005 2954 4070 αὐτὸς
2979 3999 3135 4070 οὗτος
3166 4006 3297 4077 ἡμῖν
3325 4008 3353 4060 ό
3387 4003 3666 4074 θεολογού-

2090 4112 2249 4165 μενος
2279 4094 2389 4149 τῶν
2420 4096 2558 4150 ὅλων
2585 4098 2613 4150 ὁ
2643 4097 2971 4169 δημιουργὸς
2994 4096 3088 4151 τοῦ
3121 4082 3255 4149 Θεοῦ
3294 4095 3480 4165 Λόγος.
3510 4096 3667 4161 Μαρ-

2086 4194 2239 4260 τυρεῖ
2265 4189 2321 4245 δὲ
2351 4189 2561 4253 τούτοις
2590 4192 2623 4261 ἡ
2660 4189 2796 4261 πρὸς
2821 4187 3024 4260 ἄλληλα
3055 4187 3162 4240 τῶν
3190 4186 3465 4254 στοιχείων
3488 4181 3659 4249 φιλία,

2084 4287 2150 4356 τῇ
2202 4284 2311 4339 τῶν
2345 4281 2700 4355 συγκράσεων
2734 4280 2982 4351 ἐπιμιξία
3025 4277 3255 4347 συγγενῆ
3302 4274 3394 4328 καὶ
3425 4272 3659 4344 ἀδελφὴν

2084 4378 2178 4432 καὶ
2220 4376 2410 4448 ὥσπερ
2450 4375 2568 4438 ἑνὸς
2612 4373 2988 4446 ἀρχιτέκτονος
3026 4369 3185 4441 ἔργον
3222 4367 3319 4438 τὴν
3368 4364 3481 4418 τῶν
3523 4365 3658 4418 ὅλων

2083 4469 2242 4539 φύσιν
2263 4468 2660 4539 ἀπελέγχουσα.
2690 4466 2730 4518 Γ
2732 4465 2768 4534 ἧ
2795 4481 2854 4517 τε
2888 4457 2998 4534 γὰρ
3026 4461 3086 4514 τὸ
3117 4460 3253 4531 βαρὺ
3288 4459 3546 4529 στοιχεῖον
3569 4458 3656 4527 ἐφ’

292 4554 300 4561 ’
402 4556 647 4612 universi
688 4556 869 4627 opifex
910 4557 1006 4613 Dei
1051 4557 1313 4615 Verbum.
1348 4557 1535 4614 Fidem
1573 4559 1658 4615 his
1703 4559 1831 4616 facit
1868 4564 1977 4618 ele-

2101 4562 2293 4615 iﬁc’ttwv
2340 4559 2609 4631 ὀχουμένη
2638 4597 2652 4620 ,
2680 4556 2775 4610 καὶ
2820 4554 2894 4626 μὴ
2954 4551 3254 4625 στερεμνίῳ
3296 4549 3395 4621 τῆς
3440 4548 3655 4618 φύσεως

403 4656 706 4704 mentorum
753 4648 891 4703 inter
925 4665 984 4705 se
1011 4649 1274 4714 amicitia,
1306 4665 1427 4720 qum
1454 4665 1519 4704 ex
1547 4664 1612 4703 eo
1636 4653 1778 4720 quod
1809 4653 1975 4707 certis

2079 4653 2220 4708 κατά
2261 4653 2457 4724 βάθους
2495 4649 2782 4720 ἑλκομένη,
2828 4646 3098 4718 μετέωρος
3142 4643 3186 4696 δ’
3225 4643 3312 4696 ἀεὶ
3354 4641 3647 4714 φερομένη,

3720 422 3805 474 200

399 4741 840 4811 temperamentis
883 4741 1171 4796 commista
1205 4749 1352 4806 sunt,
1404 4750 1695 4812 cognatum
1738 4757 1803 4798 ac
1853 4760 1976 4817 ger-

2101 4748 2170 4801 :a‘t
2196 4746 2270 4818 μὴ
2302 4742 2695 4813 καταδυομένη,
2731 4738 2865 4793 Θεοῦ
2899 4738 3055 4808 Λόγῳ
3083 4735 3177 4790 καὶ
3207 4733 3339 4788 Θεοῦ
3364 4733 3527 4805 βουλῇ
3556 4735 3650 4788 καὶ

397 4834 641 4896 manum,
674 4840 729 4888 et
756 4840 1015 4901 tanquam
1060 4833 1224 4889 unius
1266 4832 1551 4888 architecti
1595 4850 1755 4905 opus,
1787 4851 1971 4892 rerum

2101 4838 2299 4909 ξυνάμει
2358 4836 2642 4908 μαρτυρεῖ.
2696 4832 2898 4904 ’Υγρᾶς
2946 4847 3004 4882 τε
3052 4825 3118 4883 αὖ
3166 4826 3326 4880 πάλιν
3375 4826 3563 4890 οὐσίας
3611 4828 3645 4897 ἡ

396 4932 647 4980 naturam
678 4924 937 4980 ostendit.
962 4923 1095 4979 Nam
1125 4933 1180 4980 et
1209 4933 1378 4990 terra,
1412 4942 1532 4997 quae
1563 4942 1727 4997 grave
1755 4937 1836 4984 est
1863 4930 1971 4986 ele-

2101 4930 2210 5001 πρὸς
2246 4930 2307 4983 τὸ
2356 4927 2516 5000 ξηρὸν
2559 4923 2811 4980 κοινωνία
2860 4920 3024 4992 μηδὲν
3076 4918 3300 4990 στερρὸν
3342 4917 3646 4971 ἐπιδεικνυ-

396 5022 659 5077 mentum,
678 5031 801 5069 cum
819 5017 977 5084 aquis
1010 5016 1238 5078 innatet,
1267 5031 1442 5085 neque
1470 5016 1743 5073 soliditate
1766 5029 1971 5074 natura:

2101 5022 2231 5094 ιένη,
2270 5020 2401 5092 μηδὲ
2446 5017 2655 5089 ἀθρόως
2684 5014 2745 5067 τὸ
2790 5014 2898 5066 πᾶν
2940 5009 3384 5081 ἑπιλιμνάζουσα,
3418 5008 3646 5078 νεύματι

394 5106 449 5161 iu
474 5107 801 5177 profondum
822 5108 1095 5171 trahatur,
1117 5108 1210 5163 sed
1236 5107 1439 5162 feratur
1461 5125 1675 5181 semper
1694 5112 1965 5177 sublimis,

393 5213 568 5269 neque
598 5201 999 5269 submergatur,
1032 5198 1129 5254 Dei
1176 5198 1354 5255 Verbo
1397 5199 1602 5273 Deique
1636 5205 1868 5260 consilio
1899 5206 1965 5257 ti-

391 5288 513 5345 dem
542 5290 689 5345 facit.
714 5290 959 5347 Ilumidae
988 5292 1115 5346 item
1147 5299 1355 5347 naturae
1387 5308 1510 5348 cum
1541 5296 1696 5351 arida
1716 5311 1965 5351 conmm-

386 5383 612 5450 nicatio,
642 5401 762 5455 qua:
790 5386 925 5441 nihil
964 5386 1328 5455 corruptionis
1357 5402 1465 5456 prae
1504 5405 1572 5449 se
1613 5388 1737 5452 fert,
1786 5404 1963 5456 neque

389 5477 677 5534 confertim
720 5479 973 5535 universa
1006 5485 1305 5549 restagnat,
1336 5479 1431 5534 sed
1465 5479 1562 5537 Dei
1601 5488 1737 5535 nutu
1774 5481 1961 5534 occul-

390 5567 601 5625 tissime
631 5572 880 5641 colligata
923 5578 1157 5636 tenetur,
1190 5586 1356 5624 unum
1386 5588 1579 5628 rursus
1617 5579 1780 5640 atque
1813 5569 1955 5624 idem

388 5655 483 5713 Dei
506 5657 740 5715 Verbum
768 5676 891 5717 esse
913 5662 1274 5719 demonstrat.
1299 5663 1439 5731 Quid
1461 5678 1626 5737 porro
1655 5660 1834 5734 ignis?
1861 5659 1955 5729 qui

457 5823 503 5855 ’³
529 5817 685 5877 Joan.
718 5835 754 5887 ι,
788 5820 838 5873 1.
915 5821 959 5854 ’⁵
986 5821 1118 5876 ibid.
1150 5823 1203 5877 5.

2068 5115 2112 5167 δ’
2139 5115 2361 5185 ἀρρήτῳ
2394 5110 2528 5165 Θεοῦ
2553 5105 2922 5177 πεπεδημένη,
2942 5104 3035 5156 ἕνα
3061 5101 3217 5156 πάλιν
3233 5102 3328 5156 καὶ
3356 5100 3449 5153 τὸν
3483 5099 3644 5152 αὑτὸν

2068 5208 2237 5276 Λόγον
2247 5206 2339 5260 τοῦ
2352 5202 2485 5257 Θεοῦ
2500 5200 2734 5272 παρίστη
2743 5198 2885 5251 σι.Τί
2900 5196 2956 5250 δὲ
2968 5195 3028 5249 τὸ
3043 5195 3172 5266 πῦρ,
3187 5194 3360 5249 καίτοι
3377 5192 3642 5261 καυτικῆς

2067 5299 2161 5353 καὶ
2207 5296 2474 5367 φθατικῆς
2505 5292 2736 5362 φύσεως,
2770 5291 2957 5345 ἔπειτα
2991 5289 3165 5355 ξύλοις
3203 5285 3517 5359 ἑμφωλεῦον
3546 5285 3641 5339 καὶ

2065 5393 2338 5453 παντοίοις
2372 5386 2526 5452 ζώων
2567 5385 2810 5457 σώμασιν
2837 5380 3300 5455 ἀνακεκραμένον,
3329 5382 3399 5450 γῇ
3434 5397 3492 5431 τε
3545 5378 3639 5431 καὶ

2064 5484 2216 5536 ὕδατι
2243 5481 2335 5533 καὶ
2358 5479 2479 5551 ἀέρι
2514 5478 3074 5548 συνέστοιχειωμενον,
3110 5473 3343 5528 κᾶπειτα
3370 5471 3511 5541 λόγῳ
3543 5468 3637 5549 καὶ

2063 5575 2247 5647 μέτρῳ
2293 5576 2401 5636 τοῖς
2448 5575 2579 5626 πᾶσι
2626 5572 2685 5625 τὸ
2727 5572 2867 5634 δέον,
2907 5571 3030 5623 ὅσον
3068 5567 3133 5621 ἂν
3184 5564 3395 5634 ἑκάστῳ
3428 5564 3635 5631 γένοιτο

2060 5667 2193 5739 πρὸς
2243 5666 2528 5736 ὠφελείας,
2575 5661 2957 5737 ἐπιχορηγοῦν,
3003 5659 3105 5730 τῆς
3149 5658 3193 5711 δ’
3236 5655 3438 5719 οἰκείας
3479 5653 3635 5717 δυνά-
