4126 6466
444 430 543 489 261

1292 425 1987 484 'DEMONS'I‘RATIONIS
2022 426 2479 492 EVANGELICAE
2521 430 2651 488 LIB;
2693 431 2786 487 IV.

3607 442 3717 499 26?.

450 565 594 621 μεως
636 544 1071 617 ἐπιλελησμένον,
1111 546 1172 599 οὐ
1216 545 1299 599 σοὶ
1327 546 1476 600 δοκεῖ
1507 546 1666 600 πάλιν
1695 546 1830 599 Θεοῦ
1875 545 1995 613 Λόγι

2098 582 2106 606 ι
2139 545 2263 601 licet
2292 549 2664 606 comburentis
2706 551 3223 623 corrumpentisque
3263 564 3470 612 naturae
3494 557 3587 622 sit,
3624 567 3711 614 ta-

445 641 543 695 xui.
568 638 792 710 δυνάμει
830 638 1126 705 δουλεύειν,
1169 639 1410 711 Ἡμέρας
1435 640 1490 691 δὲ
1521 641 1614 692 ml.
1644 640 1835 705 νυκτὸς
1862 643 2023 711 ἀμοι-

445 730 605 793 ϐαίας
632 729 825 801 ὁρῶντι
857 732 1121 799 κινήσεις,
1147 730 1306 802 ώρῶν
1331 748 1391 782 τε
1422 732 1515 783 καὶ
1542 732 1746 803 καιρῶν
1771 732 1891 784 τοτὲ
1928 733 2024 802 μὲν

446 820 721 891 αὐξήσεις,
754 820 872 872 τοτὲ
901 820 958 872 δὲ
994 820 1267 890 μειώσεις,
1305 821 1535 885 κύκλους
1561 840 1621 874 τε
1650 823 1909 876 ἐνιαυτῶν
1932 825 2025 877 καὶ

448 911 722 983 πριόδους
766 911 990 983 χρόνων,
1022 912 1238 985 ἄστρων
1275 930 1335 966 τε
1363 914 1746 985 περιδινήσεις,
1780 915 1928 986 ἡλίου
1964 932 2022 967 τε

448 1007 693 1079 δρόμους,
738 1006 832 1059 καὶ
878 1006 1106 1077 σελήνης
1146 1004 1389 1078 τροπὰς,
1429 1005 1772 1076 συμπαθείας
1816 1023 1876 1058 τε
1927 1005 2023 1059 καὶ

447 1096 791 1160 ἀντιπαθείας
847 1098 1122 1161 ἁπάντων,
1174 1099 1269 1151 καὶ
1326 1098 1528 1168 κόσμον
1581 1098 1678 1152 ’ἑνα
1731 1098 1909 1150 αὐτῶν
1963 1097 2021 1164 ἐξ

444 1191 714 1253 ἁπάντων,
748 1186 857 1262 ἆρά
901 1208 983 1245 σοι
1022 1192 1122 1263 τὴν
1163 1190 1387 1260 ἀλογίαν
1427 1191 1522 1244 καὶ
1559 1192 1619 1245 τὸ
1657 1192 1778 1262 εἰκῆ
1824 1192 1918 1245 καὶ
1945 1191 2021 1255 ὡς

439 1284 623 1355 ἔτυχεν
653 1282 832 1337 αἰτίαν
870 1280 1008 1337 εἶναι
1042 1284 1150 1337 τῶν
1177 1284 1313 1338 ὂλων
1348 1281 1568 1354 θεμιτὸν
1603 1282 2017 1351 ἀποφαίνεσθαι,

437 1376 469 1447 ἢ
493 1377 661 1445 Λόγον
702 1375 778 1440 ώς
801 1375 1016 1446 ἀληθῶς
1039 1374 1195 1440 Θεοῦ,
1223 1376 1317 1430 καὶ
1340 1374 1474 1428 Θεοῦ
1510 1377 1721 1445 σοφίαν,
1758 1378 1851 1430 ml.
1883 1377 2017 1431 Θεοῦ

433 1469 683 1540 δύναμιν,
720 1469 814 1522 καὶ
841 1469 1045 1541 ταύτην
1083 1469 1233 1540 μίαν,
1260 1469 1375 1522 ἀλλ’
1396 1471 1457 1524 οὐ
1493 1469 1691 1533 πολλὰς
1721 1471 1976 1541 ἀνυμνεῖν
2001 1488 2015 1536 ;

433 1561 555 1615 ἐπεὶ
585 1562 679 1615 καὶ
711 1563 769 1615 ὲν
805 1560 1076 1634 ἀνθρώπῳ
1114 1561 1208 1632 μία
1238 1562 1406 1635 ψυχὴ,
1450 1563 1544 1616 καὶ
1575 1563 1673 1633 μία
1704 1562 1897 1634 λογικὴ
1927 1563 2017 1616 δύ-

432 1672 595 1725 ναμις
647 1654 915 1707 πλείστων
963 1655 1097 1725 ὁμοῦ
1128 1655 1324 1723 γένοιτ’
1356 1656 1421 1708 ἂν
1470 1648 1821 1728 δημιουργὸς,
1852 1657 1884 1728 ἢ
1922 1655 2016 1710 καὶ

427 1747 736 1817 γεωργεῖνή
755 1745 912 1817 αὐτὴ,
932 1747 1024 1799 καὶ
1037 1749 1333 1818 ναυπηγεῖν
1351 1748 1443 1801 καὶ
1461 1747 1746 1820 κυϐερνᾷν,
1762 1748 1856 1802 καὶ
1872 1750 2016 1803 οἰκο-

424 1834 609 1907 δομεῖν
647 1837 816 1891 πολλὰ
863 1838 1109 1909 μαθοῦσα
1153 1840 1496 1894 ἐπιϐάλλοιτο
1519 1858 1532 1870 ·
1568 1840 1662 1894 καὶ
1690 1835 1770 1904 εἷς
1801 1840 1925 1903 νοῦς
1954 1841 2012 1893 ὲν

425 1927 699 2000 ἀνθρώπῳ
733 1930 825 1983 καὶ
853 1930 1111 2002 λογισμὸς
1145 1930 1343 1997 δέξαιτ’
1377 1932 1443 1986 ἄν
1476 1949 1606 1985 ποτε
1641 1933 1848 2003 μυρίων
1890 1934 2009 1986 επις

426 2020 658 2091 στήμας,
709 2026 1085 2096 γεωμετρήσει
1120 2041 1177 2077 τε
1218 2027 1245 2077 ὀ
1274 2024 1436 2088 αὐτὸς
1464 2024 1559 2078 καὶ
1589 2025 2006 2096 ἁστρονομήσει,

424 2114 518 2166 καὶ
560 2114 750 2183 λόγους
781 2118 1172 2189 γραμματικῆς
1221 2116 1531 2190 παραδώσει
1585 2118 1679 2171 καὶ
1739 2118 2005 2189 ἰατρικῆς,

423 2202 480 2259 ἐν
523 2223 580 2258 τε
626 2207 909 2279 μαθήμασι
947 2211 1039 2262 καὶ
1068 2211 1181 2273 τοῖς
1214 2209 1356 2263 κατὰ
1381 2213 1570 2282 χεῖρας
1605 2212 2002 2281 προστήσεται’

424 2299 516 2353 καὶ
563 2297 715 2354 οῦπω
744 2318 807 2370 γε
849 2302 1024 2365 οὐδεὶς
1075 2300 1294 2354 πώποτε
1321 2302 1540 2364 πλείους
1587 2303 1644 2354 ὲν
1683 2301 1762 2353 ἐνὶ
1794 2300 2006 2372 σώματι

424 2389 599 2461 ψυχὰς
626 2395 870 2463 ἡγήσατο
898 2387 1059 2452 εἶναι,
1089 2392 1210 2445 οὐδὲ
1235 2392 1436 2456 πολλὰς
1465 2392 1772 2463 ἐθαύμασεν
1804 2390 2007 2463 ἀνθρὼ-

424 2498 526 2535 που
559 2483 816 2553 δυνάμεις
846 2483 933 2536 διὰ
980 2483 1078 2553 τὴν
1108 2482 1217 2536 τῶν
1247 2483 1457 2537 πολλῶν
1501 2483 1841 2555 μαθημάτων
1871 2485 2005 2538 ὑπο-

423 2575 604 2648 δοχήν.
638 2577 700 2629 Εἰ
749 2576 806 2630 δὲ
849 2577 943 2630 καὶ
992 2576 1238 2646 ἄμορφον
1288 2575 1419 2646 ὕλην
1467 2575 1638 2646 πηλοῦ
1691 2593 1773 2638 τις
1805 2575 2000 2648 εὑρὼν,

420 2670 656 2724 κᾶπειτα
702 2656 890 2743 χερσιν
932 2669 1240 2732 ἁπολεάνας
1286 2669 1539 2738 ἐπιθήσει
1581 2668 1719 2733 ζώου
1764 2670 1998 2742 μορφὴν,

416 2761 562 2831 ἄλλῳ
607 2763 704 2832 μὲν
744 2764 983 2841 σχήματι
1028 2762 1306 2833 κεφαλήν,
1353 2766 1543 2834 χεῖρας
1592 2762 1650 2815 δὲ
1701 2762 1794 2816 καὶ
1837 2762 2002 2825 πόδας

415 2854 636 2925 ἑτέρως,
686 2857 781 2908 καὶ
817 2855 1129 2926 ὀφθαλμοὺς
1174 2856 1336 2910 πάλιν
1380 2855 1576 2919 ἄλλως,
1626 2857 1719 2909 καὶ
1765 2858 2001 2928 παρειὰς

413 2946 695 3010 ὡσαύτως,
734 2940 851 3000 ὦτά
889 2964 948 3001 τε
990 2947 1083 3000 ml.
1126 2946 1319 3017 στόμα,
1357 2947 1450 2999 καὶ
1496 2948 1670 3018 ῥῖνας,
1714 2947 1911 3020 στέρνα
1937 2966 1996 3001 τε

413 3038 507 3104 ml,
532 3036 715 3107 ὤμους
737 3037 1236 3109 ὑποτυπωσάμενος
1257 3038 1422 3111 τέχνῃ
1446 3041 1511 3110 τῇ
1540 3028 1837 3110 πλαστικῇ·
1865 3037 1992 3112 ἆρα,

412 3128 535 3182 ἐπεὶ
570 3129 740 3183 πολλὰ
773 3132 1027 3202 σχήματα
1078 3133 1171 3185 καὶ
1217 3131 1355 3203 μέλη
1392 3133 1485 3185 καὶ
1519 3131 1657 3205 με’ρη
1687 3133 1737 3185 ὑ⁹
1780 3134 1860 3186 ἐνὶ
1888 3131 1995 3185 σώ-

2128 653 2251 691 men
2285 654 2409 693 eum
2455 641 2509 695 in
2563 643 2726 714 lignis
2757 645 2943 711 lateat,
2975 657 3028 703 et
3058 650 3237 705 omnis
3258 650 3473 721 generis
3497 652 3708 706 anima-

2126 727 2258 780 lium
2306 733 2631 801 corporibus
2698 745 2846 790 eerta
2892 744 3258 809 temperatura
3310 756 3592 798 connexus
3636 744 3710 800 sit

2126 827 2412 890 terraeque,
2475 832 2638 894 atque
2694 842 2881 897 aquae,
2948 840 3111 900 atque
3155 831 3265 885 aeri
3319 832 3708 899 consociatus,

2085 928 2099 943 δ
2128 914 2320 969 deinde
2345 916 2558 971 ratione
2582 932 2646 971 ac
2684 935 2941 975 mensura
2969 932 3234 992 quantum
3259 925 3553 995 unicuique
3568 942 3709 997 opus

2123 1005 2214 1064 sit,
2231 1014 2603 1078 quantumque
2620 1010 2827 1065 utilitas
2849 1015 3105 1083 postulet,
3127 1016 3385 1071 omnibus
3407 1017 3705 1087 sufﬁciens,

2122 1103 2469 1169 prepriarum
2505 1102 2699 1156 virium
2731 1104 3090 1160 obliviscatur
3123 1126 3136 1161 :
3170 1123 3353 1164 nonne
3385 1110 3481 1164 tibi
3511 1127 3708 1169 rursus

2125 1187 2215 1243 Dei
2248 1189 2446 1255 Verbo,
2474 1206 2537 1245 ac
2572 1196 2831 1262 potestati
2858 1197 3124 1252 inservire
3141 1199 3353 1254 videtur
3372 1201 3398 1254 ~?
3419 1201 3530 1257 Diei
3563 1218 3705 1273 prat-

2123 1296 2268 1340 terva
2299 1288 2584 1357 noctisque
2620 1289 3056 1357 vicissitudines,
3089 1307 3210 1362 quae
3244 1294 3552 1352 terminatis
3586 1311 3704 1351 mo—

2120 1378 2265 1431 tibus
2294 1386 2568 1442 constant,
2605 1377 2976 1451 horarumque
3009 1397 3072 1436 ac
3098 1391 3501 1454 tempestatum,
3557 1402 3704 1441 nunc

2119 1470 2337 1538 quidem
2367 1478 2682 1541 augmenta,
2716 1489 2864 1528 nunc
2889 1484 3068 1530 autem
3105 1477 3513 1544 diminutiones,
3539 1480 3703 1536 orbes

2118 1560 2244 1614 item
2264 1575 2496 1629 annuos,
2523 1577 2586 1618 ac
2602 1564 2868 1621 circuitus
2895 1576 3221 1637 temporum,
3238 1577 3619 1641 astrorumque
3643 1572 3702 1627 in

2119 1653 2305 1708 orbem
2332 1664 2531 1720 motus,
2559 1664 2671 1711 tum
2698 1660 2833 1714 solis
2863 1676 3083 1727 cursus,
3107 1663 3355 1733 lunaique
3385 1665 3701 1721 conversio-

2117 1758 2236 1807 nes,
2258 1752 2368 1797 tum
2383 1760 2690 1803 consensus
2705 1748 2844 1804 inter
2860 1765 2917 1805 se
2933 1752 3174 1807 omnium
3199 1768 3264 1808 ac
3284 1756 3696 1824 repugnantias,

2116 1851 2395 1906 unumque
2415 1852 2479 1891 cx
2504 1836 2570 1891 iis
2583 1838 2836 1896 omnibus
2852 1843 3132 1907 mundum,
3148 1859 3272 1898 cum
3291 1845 3542 1910 intueris,
3563 1862 3702 1901 nun-

2119 1928 2252 1997 quid
2286 1929 2383 1983 tibi
2407 1944 2529 1984 esse
2558 1929 2641 1984 fas
2662 1938 2843 2000 putas,
2868 1933 3305 2004 imprudentiam,
3332 1938 3449 1995 sive
3473 1940 3697 1996 temeri—

2116 2026 2305 2086 tatem,
2326 2020 2442 2075 sive
2465 2019 2743 2075 fortuitam
2763 2023 2999 2093 aliquam
3018 2040 3264 2089 causam,
3284 2036 3560 2085 auctorem
3581 2032 3699 2086 uni-

2118 2112 2263 2167 versi
2307 2113 2628 2181 enuntiare;
2653 2128 2722 2169 an
2753 2114 2846 2171 Dei
2881 2115 3121 2172 Verbum
3166 2134 3374 2187 revera,
3410 2129 3466 2178 et
3496 2122 3589 2178 Dei
3614 2140 3697 2180 sa—

2110 2206 2395 2277 pientiam,
2416 2213 2470 2261 et
2499 2205 2593 2261 Dei
2614 2207 2894 2273 virtutem,
2922 2217 2975 2264 et
3001 2209 3142 2265 hanc
3170 2211 3342 2282 ipsam
3365 2228 3553 2280 unam,
3585 2231 3694 2272 non

2110 2297 2317 2367 plures.
2336 2295 2527 2353 efferre
2541 2298 2796 2354 laudibus
2813 2298 3052 2373 ?Nempe
3068 2302 3229 2357 etiam
3248 2303 3304 2356 in
3322 2303 3560 2371 homine,
3586 2304 3700 2363 ani-

2111 2402 2200 2442 ma
2223 2400 2354 2452 una,
2374 2404 2592 2459 unaque
2633 2390 2714 2445 vis
2746 2390 3050 2454 rationalis,
3086 2393 3443 2462 plurimarum
3489 2397 3697 2466 pariter

2109 2496 2293 2535 rerum
2311 2488 2490 2552 potest
2511 2498 2634 2538 esse
2655 2482 2856 2554 opifex.
2873 2481 3007 2538 Nam
3023 2494 3275 2556 etagrum
3292 2486 3693 2559 colereeadem,

2106 2581 2160 2625 et
2183 2586 2313 2627 aves
2329 2583 2729 2640 construere,et
2747 2575 3070 2645 gubernare,
3088 2584 3142 2631 et
3164 2577 3432 2634 mdiﬁcare
3450 2578 3690 2647 audebit,

2107 2672 2398 2734 postquam
2428 2665 2558 2718 talia
2590 2667 2761 2719 multa
2791 2666 3002 2721 didicit.
3037 2667 3128 2722 Sic
3159 2684 3268 2724 una
3304 2685 3458 2726 mens
3497 2670 3553 2725 in
3594 2671 3693 2726 ho-

2104 2753 2271 2817 mine,
2307 2770 2522 2824 unaque
2554 2756 2789 2813 rationis
2823 2759 3063 2813 versatio
3091 2760 3570 2817 innumerabilium
3599 2778 3690 2820 re-

2102 2861 2222 2900 rum
2256 2848 2514 2903 scientias
2545 2849 2833 2919 percipiet,
2887 2857 3050 2921 atque
3095 2851 3236 2906 idem
3270 2852 3437 2908 homo
3474 2862 3531 2910 et
3557 2870 3692 2926 geo-

2100 2938 2370 3004 metriam,
2405 2948 2459 2994 et
2497 2942 2893 2996 astronomiam
2924 2944 3220 3008 exercebit,
3256 2945 3687 3016 disputationes-

2098 3046 2205 3101 que
2236 3038 2291 3087 et
2334 3031 2403 3087 de
2445 3033 2803 3103 grammatica
2856 3042 2911 3089 et
2961 3035 3028 3090 de
3082 3035 3354 3091 medicina
3422 3038 3686 3109 proferet,

2102 3122 2258 3192 152
2293 3139 2394 3178 nec
2421 3140 2532 3179 non
2566 3124 2618 3179 in
2655 3126 2962 3197 disciplinis
2993 3134 3047 3183 et
3076 3129 3130 3183 in
3159 3128 3228 3185 iis
3257 3144 3380 3200 quae
3424 3145 3687 3186 manuum

416 3238 544 3291 ματι
578 3220 1052 3295 δεδημιούργηται,
1098 3224 1383 3289 τοσούτους
1414 3224 1519 3297 χρὴ
1549 3226 1642 3278 καὶ
1685 3225 1812 3289 τοὺς
1840 3243 1995 3296 ποιη-

2102 3212 2408 3267 uiinisterio
2453 3214 2840 3282 conﬁciuntur,
2873 3217 3099 3272 excellet
3133 3236 3146 3272 :
3178 3233 3280 3273 nec
3318 3235 3559 3291 unquam
3604 3230 3687 3276 ta-

412 3312 511 3376 τάς
529 3314 777 3384 ἡγεῖσθαι
800 3333 814 3380 ;
838 3316 869 3386 ἢ
893 3315 985 3369 τὸν
1003 3316 1097 3370 τοῦ
1121 3317 1321 3394 παντὸς
1341 3316 1553 3389 ἀθρόως
1571 3318 1819 3389 τεχνίτην
1839 3320 1996 3372 ἐπαι-

411 3405 524 3457 νεῖν
566 3404 645 3457 ὲνὶ
678 3406 922 3479 λογισμῷ
954 3408 1047 3462 καὶ
1083 3410 1181 3480 μιᾷ
1213 3409 1441 3480 δυνάμει
1488 3409 1549 3462 τὸ
1591 3411 1698 3463 πᾶν
1737 3411 1999 3482 τεκτηνά-

414 3514 605 3566 μενον;
638 3498 703 3550 Τί
734 3499 869 3571 δῆτα
913 3501 1200 3573 τοιγαροῦν
1234 3503 1328 3555 ἐπὶ
1360 3501 1454 3555 τοῦ
1485 3502 1708 3567 παντὸς,
1749 3502 1868 3567 ἐνὸς
1896 3504 1995 3575 μὲν

408 3587 578 3654 ὄντος,
605 3593 670 3643 ὲκ
694 3610 759 3663 με
770 3592 876 3663 ρῶν
898 3594 953 3646 δὲ
983 3594 1250 3648 πλείστων
1276 3594 1606 3665 ὑφεστῶτος,
1629 3594 1829 3660 πολλὰς
1853 3596 1992 3667 χρῆν

409 3682 758 3737 ὑποτίθεσθαι
780 3685 1177 3758 δημιουργικὰς
1202 3686 1480 3758 δυνάμεις,
1512 3688 1607 3741 καὶ
1630 3685 1858 3750 πολλοὺς
1883 3687 1993 3741 ὀνο-

411 3774 602 3847 μάζειν
634 3775 808 3841 θεοὺς,
843 3777 963 3848 οὐχὶ
989 3778 1046 3831 δὲ
1087 3778 1213 3849 μίαν
1241 3779 1521 3849 ὁμολογεῖν
1551 3778 1649 3849 τὴν
1670 3779 1745 3842 ὡς
1773 3777 1990 3848 ἀληθῶς

404 3866 538 3920 Θεοῦ
591 3869 819 3939 δύναμιν
870 3870 963 3923 καὶ
1020 3870 1155 3923 Θεοῦ
1211 3870 1421 3940 σοφίαν,
1462 3872 1560 3941 μιᾷ
1611 3871 1838 3941 δυνάμει
1892 3871 1987 3923 καὶ

402 3958 571 4032 ἀρετῇ
609 3962 708 4032 μιᾷ
742 3962 877 4031 ὁμοῦ
908 3961 977 4015 τὰ
1002 3961 1177 4014 πάντα
1204 3962 1576 4033 ὑφισταμένην
1602 3978 1660 4015 τε
1687 3962 1782 4015 καὶ
1818 3958 1986 4025 ζωοῦ-

406 4068 525 4117 σαν,
558 4055 653 4107 καὶ⁹
691 4057 803 4118 τοῖς
841 4056 974 4108 πᾶσι
1014 4054 1263 4124 ποικίλην
1292 4054 1390 4125 τὴν
1435 4053 1495 4119 ἐξ
1522 4055 1690 4125 αὐτῆς
1720 4054 1982 4124 ἐπιχορη-

401 4141 527 4213 γίαν
567 4144 932 4216 ποιουμένην;
961 4143 1116 4196 Οὕτω
1159 4146 1253 4198 καὶ
1306 4144 1481 4214 φωτὸς
1513 4143 1662 4215 ήλίου
1698 4144 1797 4215 μία
1825 4144 1919 4197 καὶ
1946 4145 1979 4214 ή

399 4234 538 4307 αὐτὴ
585 4236 854 4307 προσϐολὴ
902 4235 1037 4307 ὁμοῦ
1077 4236 1172 4289 καὶ
1212 4236 1354 4291 κατὰ
1383 4238 1444 4291 τὸ
1472 4238 1603 4291 αὐτὸ
1646 4234 1979 4305 καταυγάζει

404 4326 502 4398 μὲν
524 4325 685 4399 ἀέρα,
717 4327 937 4395 φωτίζει
968 4327 1025 4381 δὲ
1051 4327 1379 4400 ὀφθαλμοὺς,
1409 4328 1550 4399 ἁφὴν
1577 4327 1633 4381 δὲ
1674 4327 1975 4399 θερμαίνει,

400 4414 603 4469 πιαίνει
629 4415 686 4469 δὲ
711 4416 833 4487 γῆν,
852 4415 1004 4484 αὔξει
1034 4418 1196 4487 φυτὰ,
1217 4418 1406 4490 χρόνον
1432 4418 1739 4489 ὑφίστησιν,
1762 4417 1974 4489 ἄστρων

401 4507 634 4579 ἡγεῖται,
664 4508 891 4579 οὐρανὸν
934 4509 1237 4581 περιπολεῖ,
1272 4509 1475 4580 κόσμον
1510 4508 1808 4581 φαιδρύνει,
1837 4509 1971 4562 Θεοῦ

2101 3319 2226 3359 men
2272 3307 2563 3377 quisquam
2609 3308 2790 3362 adhuc
2840 3309 3025 3378 plures
3063 3312 3117 3365 in
3155 3328 3267 3368 uno
3296 3328 3527 3385 corpore
3556 3330 3685 3372 esse

2101 3397 2310 3453 animas
2338 3398 2570 3462 censuit,
2604 3415 2781 3470 neque
2831 3416 2962 3457 vero
3016 3403 3204 3473 plures
3253 3406 3556 3465 admiratus
3586 3418 3675 3467 est

2096 3488 2168 3544 ob
2194 3490 2487 3544 multarum
2523 3491 2940 3561 disciplinarum
2976 3497 3403 3567 perceptionem,
3436 3498 3677 3558 hominis

2096 3579 2404 3637 facultates.
2422 3582 2578 3650 Quod
2604 3584 2651 3640 si
2670 3585 2797 3655 quis
2817 3586 2910 3641 ubi
2929 3586 3221 3643 informem
3254 3589 3367 3643 limi
3385 3592 3673 3648 materiam

2093 3682 2288 3730 nactus
2317 3684 2420 3739 est,
2435 3691 2500 3731 ac
2532 3668 2727 3733 dei'nde
2765 3679 3020 3734 manibus
3038 3679 3285 3747 mollivit,
3319 3689 3433 3753 tum
3462 3685 3674 3740 anima-

2090 3766 2160 3823 lis
2194 3766 2422 3823 formam
2456 3768 2736 3840 adiungat,
2773 3780 2833 3825 ut
2870 3773 2978 3827 alio
3005 3771 3224 3842 quidem
3260 3774 3446 3830 habitu
3485 3785 3674 3847 caput,

2088 3876 2395 3932 manusque
2427 3870 2481 3918 et
2503 3862 2669 3931 pedes
2696 3862 2823 3927 alio,
2858 3870 2912 3918 et
2947 3864 3056 3918 alio
3094 3879 3291 3919 rursus
3319 3866 3531 3931 oculos,
3562 3875 3675 3923 tum

2086 3968 2255 4024 genas
2301 3953 2507 4021 itidem,
2537 3969 2810 4025 auresque
2861 3963 2916 4010 et
2943 3970 3027 4018 os,
3063 3962 3117 4010 et
3164 3971 3349 4023 nares,
3371 3966 3678 4028 pectusque

2084 4054 2248 4116 atque
2277 4046 2534 4102 humeros
2565 4045 2823 4102 informet
2855 4061 2956 4102 suo
2995 4047 3087 4101 illo
3121 4046 3353 4118 ﬁngendi
3389 4048 3625 4103 artiﬁcio
3663 4066 3676 4102 :

2081 4156 2212 4195 num
2261 4152 2543 4212 prepterea
2585 4141 2733 4212 quod
2778 4142 2978 4197 multos
3000 4140 3253 4205 habitus,
3288 4149 3344 4196 et
3396 4143 3674 4208 membra,

2080 4240 2133 4287 et
2159 4242 2342 4303 partes
2375 4233 2479 4288 sub
2501 4248 2609 4287 uno
2639 4247 2871 4304 corpore
2902 4232 3210 4294 fabricavit,
3246 4232 3471 4289 totidem
3495 4249 3661 4305 opor-

2082 4330 2159 4379 tet
2204 4324 2563 4381 fabricatores
2596 4323 2898 4379 arbitrari?
2929 4339 2996 4378 an
3037 4326 3218 4394 potius
3249 4325 3494 4382 universi
3524 4327 3665 4382 arti.

2078 4417 2233 4473 licem
2279 4418 2427 4473 illico
2459 4427 2514 4472 et
2542 4416 2857 4480 confertim,
2888 4417 2983 4487 qui
3029 4431 3137 4472 uno
3178 4417 3415 4473 consilio
3446 4435 3665 4491 unaque

2077 4507 2334 4565 facultate
2384 4516 2558 4563 totum
2609 4514 2694 4563 est
2738 4506 3168 4570 architectatus,
3218 4509 3518 4565 extollere?
3548 4510 3666 4567 Cur

401 4598 625 4671 δύναμιν
667 4601 867 4672 ἐναργῆ
901 4601 1001 4673 τὴν
1046 4603 1103 4654 ἐν
1140 4601 1215 4673 τῷ
1249 4603 1410 4656 παντὶ
1450 4602 1727 4674 συνίστησι
1750 4619 1764 4633 ’
1799 4602 1973 4656 πάντα

2102 4602 2248 4672 gitur
2286 4602 2339 4655 in
2385 4601 2489 4655 hoc
2540 4600 2803 4655 universo”
2834 4599 2980 4670 quod
3022 4615 3190 4654 unum
3235 4609 3352 4665 est,
3398 4605 3650 4672 quamvis

397 4711 458 4747 τε
504 4692 678 4748 ταῦτα
732 4696 831 4766 μιᾷ
882 4697 1022 4766 ῥοπῇ
1075 4695 1287 4764 φύσεως
1341 4695 1600 4748 συντελεῖ.
1653 4695 1763 4748 Καὶ
1806 4695 1978 4767 πυρὸς

400 4785 562 4858 φύσις
591 4786 791 4858 χρυσὸν
839 4787 936 4856 μὲν
966 4784 1240 4856 καθαίρει,
1281 4785 1537 4856 μόλυϐδον
1569 4784 1624 4837 δὲ
1664 4786 1821 4855 τήκει
1843 4802 1857 4816 ο
1886 4786 1979 4838 καὶ

402 4878 573 4950 κηρὸν
620 4879 718 4951 μὲν
749 4877 887 4941 λύει,
926 4877 1096 4947 πηλὸν
1122 4876 1178 4930 δὲ
1214 4875 1480 4948 ξηραίνει,
1511 4875 1642 4947 ὓλην
1670 4875 1725 4928 δὲ
1759 4875 1977 4947 φρύγει,

373 4970 503 5041 ,μιᾷ
540 4972 605 5041 τῇ
654 4971 918 5039 καυστικῇ
971 4968 1197 5040 δυνάμει
1246 4967 1314 5020 τὰ
1361 4966 1599 5021 τοσαῦτα
1646 4967 1978 5038 κατεργαζο-

400 5062 558 5136 μένη.
587 5060 772 5134 Ταύτῃ
804 5079 885 5115 τοι
918 5061 1011 5116 καὶ
1043 5060 1292 5133 οὐράνιος
1319 5058 1410 5112 τοῦ
1444 5059 1579 5113 Θεοῦ
1603 5058 1793 5127 Λόγος,
1823 5059 1850 5109 ὁ
1885 5056 1979 5110 καὶ

394 5153 572 5226 ήλίου,
598 5154 693 5206 καὶ
720 5152 975 5223 οὐρανοῦ,
1006 5154 1100 5206 καὶ
1132 5152 1226 5206 τοῦ
1261 5152 1576 5224 σύμπαντος
1623 5149 1831 5219 κόσμου
1881 5146 1976 5217 δη-

395 5244 733 5318 ριιουργικὸς,
762 5246 1022 5316 δραστικῇ
1062 5245 1287 5316 δυνάμει
1328 5247 1439 5307 τοῖς
1481 5244 1646 5295 πᾶσιν
1692 5239 1976 5311 ἐπιπαρών

392 5343 488 5397 καὶ
524 5341 614 5395 διὰ
652 5341 870 5395 πάντων
916 5341 1088 5406 ἥκων,
1135 5339 1270 5411 ἡλίῳ
1316 5339 1435 5409 μὲν,
1483 5337 1577 5390 καὶ
1621 5335 1839 5406 σελήνῃ,
1884 5331 1976 5385 καὶ

391 5433 614 5507 ἄστροις
637 5432 697 5499 ἐξ
722 5433 928 5495 οἰκείας
965 5430 1065 5501 τῆς
1094 5430 1320 5484 ἀεννὰου
1353 5428 1636 5498 δυνάμεως
1659 5423 1773 5495 φῶς
1804 5424 1978 5493 ἐπομ-

391 5525 532 5600 ϐρεῖ,
578 5524 807 5598 οὐρανὸν
855 5524 911 5577 δὲ
966 5522 1166 5576 οἰκείου
1221 5520 1484 5593 μεγέθους
1520 5515 1977 5589 προσφυεστάτην

391 5619 576 5672 εἰκόνα
609 5618 708 5688 τὴν
746 5616 919 5690 ἀρχὴν
953 5613 1420 5684 ὑποστησάμενος,
1448 5614 1527 5674 εἰς
1556 5611 1725 5664 αἰῶνα
1749 5608 1975 5678 διακρα-

390 5715 501 5766 τεῖ·
551 5711 647 5774 τὰς
696 5710 753 5763 δὲ
814 5710 1068 5763 ἐπέκεινα
1123 5703 1353 5778 οὐρανοῦ
1408 5705 1504 5757 καὶ
1561 5704 1766 5772 κόσμου
1817 5700 1975 5753 δυνά-

394 5824 515 5877 μεις
556 5804 800 5874 ἀγγέλων
849 5805 943 5857 καὶ
984 5799 1328 5871 πνευμάτων,
1367 5795 1568 5868 νοερῶν
1608 5812 1666 5848 τε
1700 5794 1795 5847 καὶ
1823 5792 1973 5860 λογι-

393 5900 500 5952 κῶν
557 5899 773 5964 ουσιῶν,
816 5898 961 5968 ζωῆς
1012 5895 1169 5968 ὁμοῦ,
1219 5895 1310 5947 καὶ
1368 5890 1563 5961 φωτὸς,
1615 5889 1708 5942 ml.
1758 5886 1968 5955 σοφίας,

2080 4691 2268 4744 multis
2303 4691 2547 4760 partibus
2580 4695 2825 4753 constet,
2861 4690 3066 4745 multos
3111 4699 3328 4758 oportet
3356 4692 3667 4763 conﬁngere

2079 4779 2323 4848 opiﬁces,
2371 4787 2425 4834 et
2477 4780 2679 4835 multos
2716 4779 2849 4836 deos
2892 4780 3200 4846 nominare,
3245 4796 3311 4836 ac
3339 4796 3450 4837 non
3481 4783 3666 4853 potius

2081 4888 2241 4927 unam
2269 4873 2426 4927 fateri
2449 4887 2638 4928 revera
2668 4872 2763 4928 Dei
2794 4873 3073 4939 virtutem,
3104 4881 3157 4930 et
3180 4873 3277 4929 Dei
3306 4873 3659 4944 sapientiam,

2080 4979 2200 5033 quae
2232 4979 2337 5017 una
2365 4962 2620 5016 facultate
2657 4978 2873 5043 unaque
2903 4963 3128 5019 solertia
3160 4964 3377 5018 cunctis
3422 4963 3653 5022 rebuset

2080 5062 2331 5109 naturam
2365 5070 2470 5125 qua
2499 5062 2627 5110 sunt
2668 5064 2721 5111 et
2760 5054 2923 5109 vitam
2958 5054 3210 5124 largitur,
3236 5068 3450 5109 necnon
3477 5060 3661 5112 omni-—

2079 5147 2183 5201 bus
2226 5146 2435 5200 varium
2471 5146 2538 5202 de
2584 5146 2765 5217 seipsa
2814 5146 3082 5203 ubertatis
3125 5145 3330 5199 fontem
3387 5144 3657 5201 submini-

2079 5240 2256 5296 strat?
2289 5238 2379 5295 Sic
2408 5241 2571 5295 etiam
2608 5238 2805 5295 solaris
2852 5239 3076 5294 luminis
3115 5251 3223 5290 una
3253 5244 3309 5292 et
3339 5236 3530 5292 eadem
3564 5252 3658 5293 ac-

2077 5331 2280 5398 cessio,
2320 5331 2483 5386 simul
2515 5330 2816 5398 eodemque
2847 5337 3087 5400 tempore
3119 5342 3297 5384 aerem
3330 5328 3550 5399 quidem
3579 5329 3658 5384 ir-

2076 5426 2276 5489 radiat,
2325 5425 2599 5480 illuminat
2632 5438 2762 5477 vero
2804 5422 3015 5484 oculos,
3054 5428 3218 5491 atque
3256 5419 3419 5475 allicit
3448 5427 3651 5475 tactum

2076 5517 2278 5580 calore,
2320 5525 2633 5585 terramque
2682 5511 2912 5568 fertilem
2958 5510 3160 5575 reddit,
3210 5511 3428 5583 plantas
3469 5520 3649 5582 auget.

2076 5616 2295 5676 tempus
2323 5604 2598 5676 producit,
2645 5607 2843 5672 pricest
2898 5599 3195 5664 sideribus,
3227 5601 3427 5655 ccelum
3456 5601 3647 5665 ambit,

2076 5699 2339 5754 mundum
2393 5684 2681 5757 exhilarat,
2724 5693 2816 5747 Dei
2868 5693 2974 5749 vim
3026 5694 3371 5751 manifestam
3424 5710 3546 5766 qua:
3593 5694 3647 5749 in

2075 5789 2332 5842 universo
2384 5784 2547 5845 inest,
2601 5779 2992 5834 commendat:
3042 5788 3093 5835 et
3141 5782 3324 5835 omnia
3372 5780 3488 5835 haec
3536 5792 3646 5833 uno

2076 5884 2351 5935 momento
2380 5881 2588 5929 naturae
2615 5870 2961 5926 administrat
2995 5887 3057 5927 ac
3087 5872 3317 5945 perﬁcit.
3350 5870 3497 5944 Ignis
3515 5883 3645 5943 quo-
