4126 6434
474 362 584 419 265

1107 361 1375 417 EUSEBH
1410 360 1892 419 CIESARIENSIS
1926 363 2076 420 OPP.
2120 365 2303 422 PARS
2340 369 2405 423 ll.
2441 402 2509 411 —
2546 371 3045 431 APOLOGETICA.

3608 389 3717 444 264

471 464 581 547 que
602 482 795 531 natura
824 482 878 530 et
909 488 1101 529 aurum
1128 484 1325 545 purgat
1351 483 1406 530 et
1429 476 1708 546 plumbum
1737 476 2033 547 liquefacit,

2138 483 2232 534 καὶ
2262 499 2441 555 πασης
2459 485 2677 559 ἀρετῆς,
2701 490 2798 543 καὶ
2819 490 2983 545 καλοῦ
3013 492 3252 561 κάγαθοῦ
3268 493 3467 562 παντὸς
3503 502 3567 554 ὲκ
3593 502 3704 557 τῶν

470 576 527 624 et
555 579 681 623 'cum
714 580 897 621 ceram
922 566 1206 630 dissolvat,
1247 567 1436 620 limum
1466 573 1647 621 tamen
1680 567 1942 630 exsiccat,
1983 575 2038 622 et

472 658 757 714 materiam
795 658 975 712 adurit
1010 677 1025 711 :
1059 666 1112 712 et
1148 656 1260 711 haec
1289 664 1399 711 tam
1429 657 1622 721 multa,
1646 672 1754 711 una
1778 659 2040 713 duntaxat

474 753 530 807 vi
572 750 925 808 eombureudi
957 750 1141 807 efﬁcit.
1177 750 1376 806 Eadem
1423 752 1636 806 ratione
1678 752 1902 807 cmleste
1944 751 2039 807 Dei

475 842 732 906 Verbum,
760 842 907 913 quod
939 851 995 898 et
1021 844 1190 898 solem
1220 847 1421 913 ipsum,
1452 850 1505 897 et
1537 844 1761 907 coelum,
1802 853 1854 897 et
1882 860 2040 897 mun-

475 935 602 991 dum
631 937 944 992 universum
976 934 1278 998 fabricavit,
1307 950 1431 989 cum
1455 932 1655 988 eﬂicaci
1694 933 1742 988 vi
1767 934 1883 989 suis
1905 950 2040 988 cun-

476 1031 579 1085 etis
602 1031 766 1086 rebus
796 1028 1033 1092 intersit,
1063 1037 1118 1084 et
1152 1043 1249 1097 per
1279 1027 1462 1081 omnia
1494 1034 1761 1097 penetret,
1794 1028 1894 1082 soli
1917 1028 2040 1097 qui-

471 1121 593 1176 dem
638 1136 701 1177 ac
747 1122 889 1176 lunae
926 1128 1089 1191 atque
1132 1119 1319 1181 astris,
1351 1118 1419 1173 de
1447 1119 1666 1189 propria
1708 1134 1921 1188 Semper
1953 1120 2037 1174 af-

470 1211 657 1268 ﬂuenti
679 1212 958 1272 facultate,
991 1212 1167 1267 instar
1195 1210 1389 1280 pluviae
1419 1210 1599 1265 lumen
1626 1208 1894 1277 infundit;
1927 1226 2040 1267 co:—

473 1304 583 1359 lum
613 1311 814 1371 autem,
851 1319 973 1359 cum
1021 1318 1133 1359 suae
1172 1301 1562 1372 magnitudinis
1588 1302 1655 1355 ab
1688 1302 1843 1356 initio
1873 1318 2041 1374 appo-

473 1395 793 1451 sitissimam
841 1394 1130 1464 imaginem
1188 1392 1512 1462 protulerit,
1554 1391 1609 1444 in
1660 1404 1819 1445 omne
1866 1407 2037 1446 aevum

471 1484 666 1541 suﬂicit
717 1486 1070 1555 continetque
1117 1502 1132 1551 ;
1185 1498 1306 1554 quae
1355 1490 1536 1537 autem
1598 1496 1765 1552 supra
1812 1483 2035 1548 coelum,

472 1594 748 1649 supraque
777 1578 1039 1633 mundum
1073 1578 1273 1648 degunt
1334 1583 1633 1647 potestates
1662 1615 1678 1639 ,
1725 1576 2036 1645 angelorum

471 1670 664 1740 utique
696 1684 759 1724 ac
807 1670 1093 1739 spirituum
1128 1668 1488 1739 intelligentes
1516 1667 1915 1733 rationalesuue
1943 1680 2042 1719 na-

471 1768 640 1824 turaa,
680 1776 774 1817 eas
820 1769 876 1816 et
942 1762 1049 1815 vita
1097 1761 1259 1816 simul
1296 1770 1350 1814 et
1388 1759 1610 1822 lumine,
1644 1766 1698 1813 et
1727 1757 1993 1828 sapientia
2021 1796 2036 1820 ,

2142 577 2271 665 παρ’
2302 576 2467 630 αὑτοῦ
2494 578 2783 652 θησαυρῶν
2817 584 3186 656 ἐμπίμπλησι,
3226 591 3327 659 μιᾷ
3357 591 3452 643 καὶ
3482 594 3549 663 τῇ
3576 593 3714 665 αὑτῇ

2138 662 2454 737 δημιουργῷ
2485 670 2649 743 τέχνῃ
2673 688 2685 700 ·
2720 673 2813 726 καὶ
2846 676 3121 745 στοιχείων
3151 678 3340 743 οὐσίας
3369 662 3568 735 οὔποτε
3600 662 3716 739 Sta;

2140 753 2416 845 λιμπάνει,
2461 760 2716 830 παρέχων
2736 764 2828 816 καὶ
2851 764 3025 834 μίξεις
3055 767 3147 820 καὶ
3172 769 3418 837 κράσεις.
3455 771 3549 825 καὶ
3575 772 3714 845 εἴδη,

2270 846 2501 932 μορφάς,
2531 848 2625 901 καὶ
2657 851 2930 921 σχήματα,
2983 855 3274 925 ποιότητας
3310 875 3370 910 τε
3408 862 3631 932 μυρίας,
3657 843 3714 917 ἐν

2138 948 2199 984 τε
2220 930 2378 997 ζώοις
2407 937 2501 988 καὶ
2530 941 2735 1004 φυτοῖς,
2764 940 2857 994 καὶ
2900 940 3118 1011 ψυχαῖς,
3154 947 3249 999 καὶ
3286 930 3525 1017 σώμασι,
3560 950 3712 1021 λογι-

2140 1026 2255 1087 κοῖς
2283 1041 2343 1076 τε
2388 1027 2484 1079 καὶ
2532 1028 2766 1097 ἀλόγοις,
2807 1030 2993 1086 ἄλλοτε
3033 1033 3205 1099 ἄλλως
3257 1041 3711 1107 καταποικίλλων,

2140 1119 2234 1172 καὶ
2268 1121 2432 1173 πᾶσιν
2460 1121 2595 1192 ὁμοῦ
2626 1123 2803 1177 πάντα
2835 1125 2934 1196 μιᾷ
2955 1124 3177 1196 δυνάμει
3223 1130 3590 1201 ἐπιχορηγῶν,
3618 1136 3714 1190 καὶ

2140 1210 2263 1264 νοῦν
2289 1211 2381 1263 ἐπὶ
2405 1214 2568 1266 πᾶσιν
2619 1214 2922 1286 ἀνθρώποις
2950 1217 3297 1289 ὲπιγνώμονα
3329 1223 3423 1274 καὶ¹
3447 1223 3712 1297 θεωρητι-

2141 1302 2235 1355 κὸν
2262 1302 2362 1373 τῆς
2387 1303 2551 1358 αὑτοῦ
2575 1305 2767 1374 σοφίας
2784 1306 3142 1378 δωρούμενος,
3175 1311 3438 1384 ἄντικρύς
3468 1332 3527 1368 τε
3569 1334 3714 1389 παρ-

2143 1392 2295 1455 ιστάς
2332 1397 2442 1457 τοῖς
2502 1395 2635 1447 πᾶσι
2692 1394 2786 1448 καὶ
2818 1395 3147 1467 διαρρήδην,
3187 1398 3287 1451 ἕνα
3332 1399 3538 1470 κόσμον
3590 1405 3713 1457 ἐπι-

2139 1481 2403 1536 δείκνυσιν
2434 1483 2551 1547 ὲνὸς
2581 1484 2753 1553 Λόγου
2778 1486 3104 1556 κοσμοποιοῦ
3144 1488 3326 1559 ἔργον.
3374 1489 3626 1546 Τοιοῦτόν
3646 1494 3710 1566 δὴ

2140 1575 2491 1647 καλλιτέχναν
2539 1578 2667 1631 Υίὸν
2702 1580 2963 1650 μονογενῆ
3014 1580 3116 1651 τῆς
3163 1582 3327 1635 αὑτοῦ
3383 1583 3579 1655 βουλῆς
3618 1587 3713 1641 καὶ

2138 1666 2462 1738 δημιουργὸν
2496 1670 2524 1723 ό
2573 1671 2791 1723 πάντων
2820 1671 3079 1727 ἀνωτάτω
3118 1675 3211 1725 καὶ
3252 1675 3419 1727 αὑτοῦ
3449 1676 3712 1750 δημιουρ-

2139 1759 2235 1827 γοῦ
2259 1760 2390 1824 Θεὸς
2410 1760 2503 1814 καὶ
2528 1762 2719 1834 Πατὴρ
2736 1762 2950 1835 πρῶτον
2988 1764 3239 1818 ἁπάντων
3267 1767 3480 1833 ἐγέννα,
3509 1768 3577 1821 δι’
3608 1770 3708 1823 αὑο

474 1853 629 1924 153
675 1863 729 1908 et
772 1853 1039 1908 universae
1066 1853 1357 1922 probitatis
1394 1858 1556 1921 atque
1590 1850 1892 1905 honestatis
1916 1848 2035 1902 uni-

2138 1853 2233 1906 τοῦ
2267 1854 2360 1906 καὶ
2396 1856 2453 1906 ὲν
2495 1853 2642 1924 αὐτῷ
2676 1855 2802 1918 τοὺς
2858 1855 2963 1908 τῶν
3017 1855 3317 1926 μελλόντων
3366 1858 3586 1914 ἔσεσθαι
3615 1861 3713 1932 δη-

469 1959 627 2000 versa
655 1945 875 2011 virtute,
910 1945 977 2001 de
1021 1945 1137 2000 suis
1187 1945 1373 2013 implet
1407 1943 1699 2005 thesauris,
1735 1940 1897 2012 idque
1927 1954 2036 1994 uno

468 2035 766 2106 eodemque
827 2036 961 2090 artis
1006 2035 1244 2106 opiﬁcio,
1300 2033 1586 2090 elementis
1634 2047 1763 2088 vero
1812 2038 2035 2085 naturas

466 2126 664 2196 quibus
710 2127 838 2189 sint,
868 2126 1106 2196 praebere
1148 2141 1424 2196 nunquam
1479 2124 1722 2189 desistit;
1770 2123 2033 2178 misturas

466 2228 645 2273 autem
694 2225 749 2273 et
784 2226 1231 2289 temperamenta,
1260 2225 1315 2272 et
1348 2216 1582 2287 species,
1633 2222 1687 2269 et
1726 2213 1950 2277 formas,
1979 2221 2034 2267 et

464 2311 706 2375 habitus,
750 2310 1146 2380 qualitatesque
1194 2308 1638 2368 innumerabiles,
1668 2315 1778 2359 tam
1836 2306 1890 2359 in
1921 2304 2043 2359 ani-

465 2404 697 2459 malibus
725 2420 886 2474 quam
921 2403 975 2456 in
1006 2403 1229 2472 plantis,
1265 2410 1377 2455 tam
1430 2401 1484 2458 in
1536 2400 1737 2454 animis
1770 2412 1935 2467 quam
1979 2398 2035 2451 in

463 2492 928 2565 corporibus,tam
956 2494 1011 2547 in
1042 2492 1399 2547 rationalibus
1416 2507 1578 2562 quam
1602 2491 1654 2545 in
1686 2492 1882 2554 brutis,
1900 2490 2036 2545 alias

464 2586 622 2640 aliter
665 2587 900 2650 varians,
933 2593 987 2641 et
1011 2586 1224 2639 cunctis
1253 2585 1417 2639 simul
1447 2583 1631 2638 omnia
1665 2598 1773 2637 una
1805 2582 1856 2636 vi
1905 2581 2038 2637 sub-

464 2677 808 2739 ministrans,
856 2685 911 2732 et
956 2691 1121 2746 super
1169 2675 1350 2729 omnia
1410 2681 1644 2728 mentem
1700 2672 2034 2734 hominibus,

465 2786 577 2827 sua:
594 2769 765 2841 ipsius
794 2769 1145 2840 cognitricem
1176 2764 1790 2836 coanplatriceinque
1821 2764 2039 2833 sapien-

373 2890 378 2895 -
465 2864 552 2920 tite
580 2863 812 2928 donans,
862 2861 1256 2931 perspicueque
1301 2865 1463 2927 atque
1493 2855 1772 2911 evidenter
1822 2856 2037 2911 cunctis

464 2955 748 3017 assistens,
779 2968 947 3008 unum
999 2951 1259 3006 mundum
1313 2948 1552 3005 ostendit
1604 2948 1767 3003 unius
1811 2947 2038 3005 artificis

464 3042 627 3101 Verbi
654 3060 810 3115 opus.
840 3042 1023 3098 Talem
1067 3042 1231 3113 igitur
1274 3042 1493 3095 unicum
1524 3038 1741 3105 Filium,
1775 3041 1860 3095 sui
1899 3056 2035 3095 con-

2143 1944 2493 2015 μιουργικοῦς
2536 1944 2726 2009 λόγους
2772 1946 3157 2016 ὑφιστάμενος,
3188 1949 3281 2001 καὶ
3317 1952 3384 2002 τά
3421 1952 3716 2022 σπέρματά

2138 2052 2203 2104 γε
2234 2036 2333 2106 τῆς
2371 2034 2478 2088 τῶν
2531 2035 2667 2088 ὅλων
2731 2036 3041 2098 συστάσεως
3072 2054 3130 2088 τε
3179 2038 3273 2091 καὶ
3305 2039 3625 2109 διοικήσεως
3654 2046 3715 2099 ὲν

2139 2124 2284 2195 αὑτῴ
2307 2123 2795 2194 καταϐαλλόμενος.
2827 2125 2939 2195 Οὑχ
2971 2127 3100 2198 ὁρᾷς
3130 2126 3422 2199 ὀφθαλμοῖς
3446 2130 3537 2183 τὸν
3569 2136 3712 2201 σύμ-

2140 2233 2317 2270 παντα
2362 2215 2583 2285 κόσμον,
2611 2214 2669 2266 ὃν
2709 2215 2933 2286 οὑρανδς
2964 2212 3043 2277 εἷς
3069 2216 3480 2287 περιλαμϐάνει,
3513 2220 3712 2291 μυρίας

2135 2325 2196 2362 τε
2239 2307 2384 2378 ἀμφὶ
2421 2306 2613 2360 τοῦτον
2639 2308 2857 2377 χορείας
2895 2308 2987 2361 καὶ
3015 2308 3225 2378 ἄστρων
3252 2311 3667 2381 περιπολεύσεις
3693 2328 3708 2377 ;

2141 2399 2308 2454 Πάλιν
2323 2394 2402 2462 εἷς
2413 2398 2579 2469 ἥλιος,
2599 2399 2710 2453 ἀλλ’
2727 2401 2787 2452 οὑ
2807 2400 3043 2467 πλείους,
3062 2403 3157 2465 τὰς
3170 2402 3420 2457 ἁπάντων
3438 2404 3539 2456 ὑπε
3549 2404 3713 2477 ρὸολῇ

2141 2492 2316 2561 φωτὸς
2350 2491 2615 2545 καλύπτει
2639 2493 3023 2563 μαρμαρυγὰς.
3063 2494 3219 2547 Οὕτω
3268 2494 3405 2564 δῆτα
3428 2497 3544 2560 ἑνὸς
3562 2498 3716 2561 ὄντος

2141 2584 2372 2654 Πατρδς,
2429 2584 2523 2636 ἕνα
2560 2584 2697 2653 χρῆν
2724 2585 2816 2637 καὶ
2845 2584 2935 2637 τὸν
2961 2585 3087 2637 rem
3116 2580 3279 2639 εἶναι.
3311 2589 3376 2640 Ei
3409 2588 3477 2651 δ’,
3517 2590 3598 2641 ὃτι
3641 2589 3715 2661 μὴ

2140 2674 2232 2726 καὶ
2261 2672 2494 2736 πλείους,
2524 2672 2894 2743 ὲπιμέμψαιτό
2926 2690 3030 2737 τις,
3068 2673 3187 2745 ὥρα
3218 2674 3309 2727 τὸν
3351 2676 3610 2741 τοιοῦτον,
3634 2678 3716 2730 ὅτι

2145 2763 2219 2835 μὴ
2254 2765 2346 2817 καὶ
2401 2764 2583 2833 ἡλίους
2630 2764 2851 2834 συνίστη
2911 2763 3147 2827 πλείους,
3196 2767 3289 2819 καλ⁵
3332 2766 3583 2837 σελήνας,
3622 2769 3717 2822 καὶ

2140 2857 2394 2927 κόσμους,
2421 2857 2515 2909 καὶ
2536 2856 2704 2929 μυρία
2730 2856 2883 2919 ἄττα,
2912 2856 3207 2920 αἰτιᾶσθαι,
3246 2858 3569 2927 μαινομένου
3590 2859 3715 2929 τρόο

2143 2965 2241 3001 πον
2271 2947 2339 3001 τά
2376 2947 2512 3018 ὀρθά
2539 2948 2632 3001 καὶ
2670 2943 2730 3001 εὑ
2758 2946 2948 3019 ἔχοντα
2990 2948 3089 3018 τῆς
3122 2947 3337 3016 φύσεως
3368 2947 3714 3019 διαστρέφειν

2140 3040 2562 3111 ἐπιχειροῦντος.

463 3140 570 3197 silii
605 3138 913 3194 ellectorem
942 3152 1006 3191 ac
1034 3138 1375 3208 magistrum,
1436 3145 1491 3193 et
1549 3143 1868 3191 cunctarum
1917 3152 2100 3191 rerum
2139 3136 2407 3206 Opilicem,
2467 3149 2756 3204 supremus
2806 3141 2970 3204 atque
3020 3134 3191 3204 ipsius
3229 3133 3436 3204 opiﬁcis
3474 3133 3616 3190 Deus
3658 3143 3714 3190 et

462 3250 662 3304 parens
697 3234 929 3303 primum
958 3234 1198 3287 omnium
1229 3233 1433 3302 genuit,
1462 3247 1556 3303 per
1612 3232 1763 3286 illum
1788 3238 1843 3286 et
1872 3232 1925 3286 in
1958 3232 2050 3287 illo
2086 3247 2273 3288 eorum
2326 3247 2448 3301 quae
2483 3230 2663 3284 futura
2694 3238 2849 3283 erant
2903 3229 3124 3299 Opiﬁces
3149 3229 3389 3284 rationes
3414 3228 3709 3295 suﬂiciens,

462 3326 781 3395 seminaque
845 3325 1251 3381 constitutionis
1323 3325 1842 3396 gubcrnationisque
1908 3326 2149 3380 universi
2208 3326 2262 3379 in
2313 3326 2404 3379 illo
2460 3323 2707 3393 conjecta
2771 3322 2996 3377 habens.
3070 3320 3262 3377 Nonne
3325 3323 3501 3378 oculis
3534 3323 3715 3377 intue-

465 3420 542 3476 ris
592 3420 853 3476 mundum
915 3421 1251 3486 universum,
1298 3436 1460 3491 quem
1521 3421 1721 3476 coelum
1776 3436 1946 3475 unum
1987 3421 2385 3490 complectitur,
2444 3417 2966 3486 innumerabiliaque
3020 3417 3225 3470 circum
3276 3416 3422 3470 hunc
3471 3416 3713 3487 tripudia

461 3522 517 3568 et
541 3521 812 3570 astrorum
838 3515 1256 3571 conversiones?
1290 3514 1383 3571 Sol
1402 3515 1529 3570 item
1558 3531 1701 3570 unus
1762 3514 2047 3580 duntaxat,
2112 3532 2217 3571 non
2258 3517 2462 3586 plures,
2518 3505 2849 3567 abundantia
2893 3512 3117 3566 luminis
3177 3513 3419 3566 omnium
3474 3514 3715 3568 occultat

465 3607 798 3678 Splendores.
835 3605 927 3662 Sic
984 3622 1117 3663 sane
1168 3621 1293 3661 cum
1350 3622 1493 3687 unus
1529 3608 1601 3663 sit
1644 3606 1827 3670 Pater,
1864 3624 2032 3663 unum
2068 3609 2233 3663 etiam
2290 3605 2484 3661 Filium
2535 3618 2657 3658 esse
2700 3610 2934 3672 oportet.
2992 3601 3148 3668 Quod
3204 3604 3249 3658 si
3284 3604 3409 3672 quis
3451 3604 3501 3657 id
3531 3620 3715 3675 repre-

464 3703 666 3759 hendat
707 3702 853 3773 quod
898 3702 1081 3772 plures
1129 3716 1237 3757 non
1283 3702 1552 3772 genuerit,
1606 3702 1696 3757 hic
1740 3703 1853 3772 jam
1909 3702 2041 3757 illud
2079 3718 2294 3773 quoque
2334 3713 2593 3755 accusare
2645 3698 2862 3767 poterit,
2929 3696 3076 3767 quod
3150 3712 3258 3751 non
3312 3698 3495 3766 plures
3545 3697 3710 3759 soles,

461 3809 516 3854 et
568 3799 747 3863 lunas,
792 3806 848 3853 et
899 3797 1154 3862 mundos,
1230 3805 1283 3852 et
1328 3797 1434 3851 alia
1483 3797 1862 3852 inumerabilia
1925 3797 2250 3860 condiderit,
2299 3802 2354 3851 ct
2407 3808 2559 3849 more
2607 3793 2933 3847 insanientis
3010 3790 3337 3861 cujuspiam,
3385 3807 3505 3862 qua:
3562 3798 3713 3846 rccla

390 3926 400 3938 -
462 3901 611 3953 sunt.
666 3894 910 3963 beneque
968 3894 1023 3947 in
1085 3899 1283 3947 natura
1341 3905 1402 3948 se
1461 3891 1691 3959 habent,
1728 3891 2270 3961 pervertereimoh'ri.

1203 4012 1293 4068 VI.

463 4104 615 4172 Quod
646 4121 677 4157 a
704 4106 878 4173 prima
911 4102 1280 4173 constitutione
1310 4102 1560 4163 universi,
1580 4100 1783 4173 occulta
1801 4100 2031 4171 quadam

530 4172 806 4245 ignotoque
855 4174 1079 4245 ratione,
1108 4172 1367 4245 Christus
1402 4173 1492 4227 Dei
1525 4172 1785 4242 religiosis
1821 4172 2028 4243 Deoque

529 4242 697 4315 gratis
722 4242 919 4305 animis
957 4242 1225 4311 praesidet.

532 4334 645 4391 llac
680 4336 845 4405 igitur
878 4335 1110 4395 ratione,
1143 4332 1597 4404 quemadmodum
1628 4333 1681 4387 in
1712 4333 1873 4387 rebus
1912 4344 2032 4400 qua:

461 4426 566 4484 sub
606 4434 884 4497 aspectum
920 4424 1142 4492 cadunt,
1173 4424 1255 4481 sol
1288 4439 1431 4479 unus
1457 4425 1772 4479 universum
1800 4423 2036 4476 illustrat

2876 4012 2967 4077 ς’.

2147 4100 2240 4167 Ὠς
2261 4098 2380 4154 ἀπὸ
2419 4096 2655 4167 πρώτης
2703 4098 3055 4169 συστάσεως
3108 4095 3226 4149 τῶν
3250 4094 3427 4169 ,ὅλων
3466 4091 3713 4169 (igurch

2206 4162 2238 4224 ὅ
2263 4162 2517 4250 Χριοξτῦς
2548 4162 2654 4223 τοῦ
2700 4168 2849 4221 Θεοῦ
2881 4168 2998 4221 τῶν
3028 4164 3320 4233 θεοφιλῶν
3341 4162 3557 4230 ψυχῶν
3584 4162 3711 4213 ἐπι-

2205 4257 2427 4293 στατει.

2206 4331 2391 4403 Ταύτῃ
2409 4330 2450 4381 δ’
2482 4325 2575 4381 οὖν
2601 4328 2676 4390 ὡς
2701 4330 2757 4379 ὲν
2787 4327 2999 4394 ὁρατοῖς
3038 4324 3187 4393 ἣλιος
3219 4317 3298 4384 εἷς
3336 4321 3427 4374 τὸν
3456 4318 3710 4390 αἰσθητὸν

2137 4423 2351 4476 ἅπαντα
2378 4417 2723 4486 καταλάμπει
2766 4415 2988 4484 κόσμον,
3024 4412 3166 4465 οὑτω
3197 4411 3332 4482 δῆτα
3372 4411 3464 4463 καὶ
3491 4411 3546 4463 ὲν
3580 4427 3703 4480 νοη-

461 4519 610 4576 hunc
649 4519 962 4575 sensibilem
986 4519 1275 4582 mundum,
1300 4517 1371 4572 ita
1405 4518 1459 4573 in
1484 4518 1552 4573 iis
1578 4534 1698 4587 quae
1735 4516 2035 4585 intelligen-

2140 4515 2248 4575 τοῖς
2280 4510 2376 4572 τὰς
2395 4508 2693 4569 ἀθανάτους
2724 4506 2818 4559 καὶ
2851 4503 3171 4573 ἀσωμάτους
3199 4501 3476 4571 δυνάμεις.
3520 4501 3710 4571 νοεράς

459 4615 538 4671 tia
579 4613 696 4670 sola
726 4612 1041 4683 capiuntur,
1074 4610 1410 4667 immortales
1440 4618 1496 4665 et
1526 4609 1880 4680 incorporeas
1933 4621 2035 4677 po-

455 4714 708 4770 testates,
738 4713 793 4762 et
816 4705 1178 4774 intelligentes
1200 4719 1265 4758 ac
1286 4704 1580 4759 rationales
1606 4712 1855 4764 naturas,
1879 4698 2035 4769 quasi

457 4799 882 4856 innumerabiles
937 4797 1123 4853 stellas
1178 4795 1428 4867 lucisque
1476 4795 1673 4859 fontes,
1709 4808 1879 4847 unum
1941 4789 2035 4845 Dei

454 4891 757 4963 perfectum
790 4888 1064 4946 illuminat
1094 4887 1352 4943 Verbum.
1387 4885 1547 4957 154
1569 4884 1848 4955 Siquidem
1876 4894 2038 4950 opor-

455 4986 560 5039 tuit
586 5000 752 5040 unam
785 4997 1006 5054 quoque
1035 4997 1200 5051 super
1228 4982 1413 5036 omnia
1441 4994 1563 5035 esse
1593 4976 1817 5031 omnino
1838 4974 2032 5040 legem,

452 5083 616 5146 atque
655 5076 710 5131 in
739 5074 1007 5131 omnibus-
1024 5081 1079 5128 et
1111 5088 1205 5143 per
1241 5072 1423 5127 omnia
1453 5078 1745 5140 penetrans
1785 5063 1877 5118 Dei
1914 5074 2036 5114 ver-

453 5166 608 5230 bum,
630 5173 690 5221 ut
710 5167 875 5222 etiam
904 5165 961 5220 in
983 5165 1087 5219 hoc
1120 5163 1373 5234 imaginis
1395 5159 1700 5219 similitudo
1727 5170 1849 5210 cum
1875 5150 2036 5205 Patre

453 5272 843 5329 usquequaque
874 5266 1139 5320 servetur,
1180 5262 1289 5308 tam
1316 5254 1371 5310 in
1394 5268 1459 5308 eo
1493 5250 1636 5322 quod
1666 5247 1733 5302 ad
1758 5246 2031 5304 virtutem,

451 5350 704 5421 quodque
753 5348 822 5404 ad
865 5354 1186 5418 potestatem
1243 5353 1407 5415 atque
1435 5342 1731 5399 essentiam
1773 5330 2030 5405 pertinet.

450 5455 613 5509 quam
645 5441 702 5495 in
732 5455 801 5495 eo
841 5439 986 5511 quod
1028 5438 1095 5493 ad
1130 5437 1356 5492 unitatis
1389 5427 1899 5505 singularitatisque
1933 5436 2034 5473 nu-

450 5546 683 5587 merum.
717 5530 854 5585 Cum
904 5537 1082 5584 autem
1127 5528 1330 5598 alioqui
1360 5520 1711 5581 multiformis
1743 5530 1806 5570 ac
1843 5510 2026 5566 multi-

450 5619 612 5678 ῐηοάίι
636 5621 1028 5693 gignendarum
1055 5635 1235 5675 rerum
1265 5629 1482 5682 natura,
1510 5602 2033 5671 innumerabilibus-

450 5729 557 5787 que
606 5728 670 5768 ac
717 5714 885 5769 variis
929 5714 1066 5768 alias
1116 5713 1239 5768 aliis
1295 5708 1712 5767 mutationibus,
1753 5700 1825 5756 oh
1877 5710 2029 5752 suam

452 5807 625 5881 ipsius
654 5806 1078 5866 imbecillitatem
1100 5805 1331 5861 obnoxia
1364 5804 1543 5861 futura
1581 5805 1746 5864 esset,
1783 5808 1884 5852 nec
1918 5806 2024 5844 ιιυη

2135 4619 2195 4654 τε
2220 4601 2313 4654 καὶ
2337 4598 2560 4666 λογικὰς
2598 4594 2781 4657 οὐσίας
2822 4596 3066 4665 μυρίους,
3106 4593 3293 4664 ὥσπερ
3337 4594 3573 4665 ἀστέρας
3615 4594 3712 4647 καὶ

2137 4696 2442 4765 φωστῆρας,
2501 4684 2580 4751 εἷς
2612 4690 2639 4740 ό
2666 4687 2759 4740 τοῦ
2791 4685 2927 4739 Θεοῦ
2969 4684 3302 4753 καταυγάζει
3343 4685 3513 4753 Λόγος
3538 4701 3552 4716 ο
3586 4685 3712 4738 ἐπεὶ

2136 4786 2229 4839 καὶ
2259 4785 2393 4855 χρῆν
2412 4782 2509 4835 ἕνα
2533 4780 2623 4834 τὸν
2650 4780 2741 4831 ἐπὶ
2770 4779 2904 4830 πᾶσι
2933 4778 3056 4831 καθ’
3081 4777 3237 4840 ὅλων,
3268 4778 3471 4833 καὶτὸν
3488 4781 3544 4832 ὲν
3573 4781 3709 4833 πᾶσι

2136 4879 2229 4931 καὶ
2250 4876 2338 4931 διὰ
2364 4874 2579 4928 πάντων
2625 4873 2829 4943 ἥκοντα
2856 4867 2951 4922 τοῦ
2989 4865 3124 4922 Θεοῦ
3159 4870 3351 4939 Λόγον,
3395 4871 3471 4935 ὡς
3507 4873 3576 4927 ἂν
3607 4873 3709 4925 κάν

2134 4970 2305 5039 τούτῳ
2356 4967 2418 5019 τὸ
2464 4966 2560 5035 τῆς
2615 4962 2820 5023 είκόνος
2854 4960 3090 5030 ἐμφερὲς
3119 4959 3197 5031 τῷ
3238 4962 3414 5034 Πατρὶ
3442 4963 3537 5016 καὶ
3568 4962 3711 5015 κατά

2135 5060 2312 5113 πάντα
2336 5053 2687 5117 άποσὼζοιτο,
2722 5051 2863 5104 κατά
2895 5069 2953 5104 τε
2975 5052 3072 5123 τὴν
3104 5053 3322 5124 ἀρετὴν,
3356 5055 3500 5109 κατά
3520 5073 3578 5108 τε
3612 5055 3710 5126 τὴν

2134 5152 2379 5220 δύναμιν,
2406 5148 2498 5202 καὶ
2514 5146 2614 5217 τὴν
2647 5144 2858 5209 οὐσίαν,
2886 5145 3026 5198 κατά
3039 5163 3099 5198 τε
3131 5146 3221 5199 τὸν
3245 5146 3345 5216 τῆς
3371 5147 3597 5217 μονάδος
3615 5147 3708 5199 καὶ⁸

2135 5239 2319 5302 ἑνάδος
2343 5236 2465 5308 ἁριθ
2475 5235 2592 5304 μὸν,
2628 5234 2939 5299 πολυειδῶς
2965 5236 3019 5289 δὲ
3048 5237 3221 5301 ἄλλως
3247 5239 3341 5291 καὶ
3367 5234 3707 5310 πολυτρόπου

2135 5328 2337 5397 καὶτῆς
2359 5325 2462 5377 τῶν
2480 5324 2751 5394 γεννητῶν
2773 5325 3069 5399 μελλούσης
3083 5328 3483 5399 ὑποστήσεσθαι
3497 5330 3557 5380 οὑ
3566 5328 3708 5391 σίας,

2138 5417 2355 5489 μυρίαις
2380 5431 2439 5466 τε
2472 5414 2566 5466 καὶ
2614 5414 2883 5478 ποικίλαις
2914 5415 3101 5469 ἄλλοτε
3151 5416 3337 5478 ἄλλαις
3389 5414 3708 5485 μεταϐολαῖς

2132 5511 2197 5562 δι’
2232 5506 2433 5560 οἰκείαν
2456 5504 2734 5559 ἀσθένειαν
2759 5508 3204 5579 ὑποκεισομένης,
3230 5509 3330 5577 τῆς
3355 5523 3414 5558 τε
3446 5507 3709 5561 ἀνωτάτω

2131 5598 2225 5654 τοῦ
2256 5597 2462 5670 ΙΙατρὸς
2484 5596 2762 5668 δυνάμεως
2783 5598 2849 5651 δι’
2872 5598 3176 5671 ὑπερϐολὴν
3204 5599 3301 5669 τῆς
3329 5596 3707 5666 ἀνεκφράστου

2134 5690 2362 5761 κα“ι,τῆς
2415 5691 2577 5744 πᾶσιν
2642 5691 3105 5763 ἁπειρομεγέθους
3162 5690 3375 5758 φύσεως
3424 5689 3709 5759 ἁπολειψο·

2140 5784 2323 5857 μένης,
2361 5782 2631 5847 ἀδυνάτως
2662 5800 2720 5836 τε
2740 5783 2965 5854 ἑξούσης
2997 5783 3095 5853 τῆς
3123 5783 3417 5853 ἀγεννήτου
3440 5784 3534 5836 καὶ
3557 5785 3706 5854 ἀχω-
