4126 6420
424 377 531 435 ‘263

1313 373 1965 431 DEMONSTR.-\'l'iONIS
2004 368 2464 427 EVANGELICA'Z
2500 373 2624 431 LIB.
2672 375 2758 431 IV.

3569 378 3677 433 266

429 499 591 567 ρήτου
626 494 896 566 θεότητος,
918 496 1051 567 αὐτή
1086 514 1146 566 γε
1180 496 1409 567 γεννητὴ
1429 491 1565 550 οὐσα
1598 496 1842 566 μετέχειν
1877 492 1992 548 ἀντ-

2106 505 2137 544 a
2166 493 2406 562 supremi
2445 493 2626 550 Patris
2677 494 2876 548 virtute
2909 492 3268 561 declinatura,
3301 493 3370 547 ob
3402 493 3548 549 illius
3581 510 3680 549 na-

427 592 596 644 ωπεῖν
632 606 691 643 τε
730 589 861 651 ἀνω,
891 590 982 643 καὶ
1031 590 1370 643 ἀντιϐλέπειν
1403 592 1522 653 ταῖς
1553 590 2001 652 ἀποστιλϐούσαις

431 683 525 735 τοῦ
561 683 730 735 ἀϊδίου
759 683 932 750 φωτὸς
957 684 1213 755 ἀρρήτοις
1233 685 1638 754 μαρμαρυγαῖς,
1667 682 1802 753 χρῆν
1830 682 1999 754 δήπου

434 774 660 837 εἰκότως
706 774 791 827 τὸν
851 774 1161 843 πανάγαθον
1201 776 1421 845 Πατέρα
1471 776 1565 828 καὶ
1618 775 1843 846 Σωτῆρα
1892 774 2001 830 τῶν

436 866 591 927 ὅλων,
630 866 704 928 ὡς
730 865 796 919 ἂν
838 866 911 937 μὴ
950 866 1227 929 παντελῶς
1257 869 1291 937 ἡ
1330 866 1436 919 τῶν
1466 866 1588 936 ἄρτι
1624 866 2001 938 γενησομένων

439 956 614 1025 φύσις,
658 956 858 1028 ἔρημος
900 952 1033 1011 οὖσα
1059 959 1157 1027 τῆς
1183 955 1346 1009 αὐτοῦ
1380 957 1679 1021 κοινωνίας,
1706 958 1812 1010 τῶν
1847 958 2003 1027 μεγί-

441 1063 575 1100 στων
600 1047 816 1113 ἀγαθῶν
850 1051 1109 1119 στεροῖτο,
1133 1049 1302 1119 μέσην
1333 1046 1454 1099 τινὰ
1478 1048 1876 1118 παρεμϐάλλειν
1902 1049 2000 1119 τὴν

436 1137 525 1191 τοῦ
573 1138 908 1205 Μονογενοῦς
957 1139 1123 1195 αὐτοῦ
1184 1141 1278 1193 καὶ
1328 1139 1667 1210 πρωτοτόκου
1710 1139 1859 1193 θείαν
1904 1141 2000 1193 καὶ

434 1228 676 1299 παναλκῆ
713 1229 807 1282 καὶ
846 1230 1146 1302 πανάρετον
1195 1229 1441 1301 δύναμιν,
1494 1230 1858 1300 ἀκριϐέστατα
1901 1230 2000 1301 μὲν

432 1320 522 1372 καὶ
554 1320 636 1372 ὅτι
664 1319 900 1390 μάλιστα
931 1321 1214 1389 ἐγγυτάτω
1246 1320 1324 1391 τῷ
1362 1323 1535 1393 lla-cpt
1563 1321 1999 1395 προσομιλοῦσαν

430 1408 559 1473 ἴσως
588 1425 648 1460 τε
680 1408 844 1462 αὐτοῦ
890 1409 996 1464 τῶν
1038 1412 1361 1482 ἀπορρήτων
1390 1410 1794 1465 ἀπολαύουσαν·
1828 1411 1998 1482 πραό-

424 1514 560 1552 τατα
592 1500 647 1553 δὲ
681 1502 1205 1570 συγκατιοῦσαν,καὶ
1236 1504 1581 1578 ἀμωσγέπως
1605 1504 2001 1577 συσχηματιζοα

427 1590 597 1661 μένην
625 1597 737 1658 τοῖς
756 1594 855 1664 τῆς
882 1595 1055 1667 ἄκρας
1102 1594 1653 1668 ἀπολιμπανομένοις,
1685 1596 1773 1651 διά
1805 1615 1861 1650 τε
1903 1596 2000 1667 τὴν

428 1681 579 1751 σφῶν
610 1683 890 1738 ἀσθένειαν
938 1686 1038 1755 τῆς
1069 1686 1133 1739 ἐκ
1166 1686 1258 1739 τοῦ
1304 1686 1554 1758 δευτέρω
1578 1686 1909 1757 βελτιώσεώς
1937 1706 1997 1741 τε

426 1776 519 1827 καὶ
544 1775 809 1845 ὠφελείας
830 1777 1167 1850 ὲνχρῄζουσι,
1191 1780 1290 1843 τὰς
1311 1780 1460 1851 ἡλίου
1479 1783 1846 1854 μαρμαρυγὰς
1871 1783 1999 1852 θεᾷν

425 1866 610 1937 ἡρέμα
639 1868 733 1921 καὶ
756 1868 942 1940 πράως
976 1870 1369 1940 συγκατιούσας
1392 1872 1542 1942 ἡμῖν,
1569 1873 1669 1925 οὐκ
1694 1871 1868 1935 ἄλλως
1900 1872 1998 1941 τῆς

424 1954 520 2009 τοῦ
551 1958 727 2025 φωτὸς
763 1960 997 2033 ἀκράτου
1034 1962 1316 2035 δυνάμεως
1343 1964 1475 2027 οἵοις
1511 1981 1570 2017 τε
1601 1962 1891 2018 ἀπολαύειν
1909 1964 1997 2017 διά

424 2048 522 2121 τὴν
556 2050 805 2122 σώματος
855 2054 1153 2110 ἀσθένειαν.
1204 2056 1267 2109 Et
1313 2057 1464 2124 γοῦν,
1519 2056 1596 2119 ὡς
1639 2058 1699 2108 ὲν
1744 2055 1995 2108 ὑποθέσει

425 2140 605 2211 λόγου,
654 2146 839 2209 καθεὶς
882 2148 1168 2218 οὐρανόθεν
1216 2148 1375 2212 αὐτὸς
1433 2147 1624 2201 ἑαυτὸν
1654 2150 1684 2200 ό
1730 2147 1998 2219 παμφαὴς

423 2232 572 2301 ἣλιος
633 2238 731 2290 σὺν
778 2238 1084 2309 ἀνθρώποις
1123 2240 1216 2292 ἐπὶ
1255 2240 1360 2310 γῆς
1412 2237 1760 2301 πολιτεύοιτο,
1811 2237 1998 2291 οὐδένα

426 2328 534 2379 τῶν
559 2328 652 2383 ἐπὶ
703 2330 807 2401 γῆς
866 2334 1044 2401 μεῖναι
1085 2331 1151 2384 ἂν
1205 2330 1493 2401 ἀδιάφορον
1518 2369 1534 2393 ,
1600 2329 1818 2382 πάντων
1879 2329 2000 2382 συλ-

428 2416 627 2489 λήϐδην
688 2419 947 2490 ἐμψύχων
999 2421 1135 2490 ὁμοῦ
1182 2421 1274 2474 καὶ
1314 2420 1536 2491 ἀψύχων
1579 2421 1752 2494 ἀθρόα
1800 2423 1867 2493 τῇ
1904 2421 1996 2475 τοῦ

429 2508 604 2574 φωτὸς
659 2510 929 2583 προσϐολῇ
992 2512 1507 2585 διαφθαρησομένων
1530 2530 1543 2544 ο
1607 2514 1799 2568 θᾶττον
1866 2513 1998 2582 γοῦν

427 2599 524 2652 καὶ
576 2601 808 2669 τυφλοὺς
878 2604 1239 2674 ἀπεργάσαιτ’
1284 2603 1352 2657 ἂν
1401 2605 1529 2669 τοὺς
1577 2605 1686 2658 τῶν
1744 2606 1996 2677 ὁρώντων

422 2690 753 2763 ὀφθαλμοὺς,
771 2695 974 2765 βλάϐης
1008 2695 1102 2748 καὶ
1126 2695 1328 2765 φθορᾶς
1375 2696 1508 2749 πολὺ
1558 2696 1757 2767 μᾶλλον
1789 2696 1822 2768 ἢ
1861 2696 1998 2765 ὡφε-

424 2780 573 2842 λείας
600 2783 839 2850 γεγονὼς
859 2788 969 2848 τοῖς
998 2787 1162 2838 πᾶσιν
1192 2786 1383 2849 αἴτιος,
1422 2787 1482 2839 οὐ
1510 2786 1606 2857 τὴν
1637 2785 1795 2855 φύσιν
1834 2787 1994 2850 αὐτὸς

424 2870 501 2924 ῶν
554 2874 811 2939 τοιοῦτος,
847 2878 960 2939 τοῖς
1005 2876 1063 2929 δὲ
1116 2877 1403 2948 ἀφορήτως
1452 2877 1633 2948 ἔχουσι
1685 2877 1752 2930 δι’
1788 2877 1995 2931 οἰκείαν

420 2959 703 3016 ἀσθένειαν
770 2963 871 3033 τῆς
933 2965 1373 3037 ὑπερϐαλλούσης
1437 2968 1611 3038 αὐγῆς
1679 2968 1992 3035 ἀπολαύειν,

421 3052 622 3107 τοιόσδε
650 3072 736 3118 τις
766 3055 1215 3129 ἀποτελούμενος.
1244 3059 1307 3112 Τί
1340 3059 1515 3113 τοίνυν
1544 3060 1612 3114 τά
1650 3062 1812 3134 ὃμοια
1853 3079 1993 3134 μαν-

421 3142 597 3197 θάνων
622 3147 753 3216 περὶ
784 3146 919 3201 Θεοῦ
946 3148 1278 3221 θαυμάζειςς
1309 3143 1370 3204 οὗ
1397 3151 1464 3223 δὴ
1492 3152 1591 3223 τῆς
1621 3154 1862 3226 ἀρρήτου
1896 3156 1992 3209 καὶ

423 3235 799 3307 ἀνεκφράοτου
828 3238 1108 3311 δυνάμεως
1135 3258 1196 3294 τε
1230 3242 1325 3295 καὶ
1350 3242 1539 3306 οὐσίας
1564 3242 1739 3297 οὐδενὶ
1771 3245 1991 3316 μέτεστι

421 3326 528 3380 τῶν
563 3327 750 3395 όντων,
801 3330 937 3402 πλὴν
981 3331 1062 3385 ἑνὶ
1110 3332 1277 3405 μόνῳ,
1309 3335 1614 3400 κοινωνίας,
1663 3334 1722 3389 όν
1760 3337 1918 3400 αὐτὸς
1963 3339 1995 3391 ὁ

422 3417 609 3491 Πατὴρ
656 3422 883 3495 προνοίᾳ
924 3424 1033 3478 τῶν
1065 3426 1201 3480 ὅλων
1240 3427 1346 3498 πρὸ
1376 3427 1484 3480 τῶν
1525 3427 1700 3483 ἀλλων
1734 3430 1993 3484 ἁπάντων

421 3513 806 3583 συνεστήσατο,
846 3516 922 3582 ὡς
964 3518 1030 3572 ἂν
1072 3518 1147 3590 μὴ
1184 3519 1463 3582 παντελῶς
1506 3522 1540 3592 ἡ
1578 3521 1685 3574 τῶν
1720 3522 1993 3592 γεννητῶν

420 3601 686 3656 ἀποπὲσοι
729 3603 887 3672 φύσις
930 3606 995 3659 δι’
1034 3608 1239 3660 οἰκείαν
1279 3609 1498 3664 ἀτονίαν
1541 3610 1636 3663 καὶ
1669 3610 1989 3682 ἀδυναμίαν,

419 3694 519 3763 τῆς
558 3695 851 3767 ἀγεννήτου
884 3700 976 3752 καὶ
1014 3700 1297 3771 ἀχωρήτου
1332 3703 1615 3774 Πατρικῆς
1652 3704 1836 3768 οὐσίας
1881 3705 1992 3758 διε-

423 3784 631 3839 στῶσαο
672 3788 822 3857 μένοι
849 3789 903 3843 δὲ
932 3792 1026 3844 καὶ
1069 3792 1222 3859 αὔξοι
1252 3793 1343 3847 καὶ
1388 3795 1644 3865 τρέφοιτο
1680 3795 1780 3865 τῆς
1820 3797 1992 3868 μέσης

420 3876 760 3931 ἀπολαύουσα
784 3882 1068 3952 χορηγίας,
1093 3884 1158 3953 ἢν
1178 3886 1205 3939 ὁ
1230 3884 1523 3955 μονογενὴς
1545 3885 1638 3938 τοῦ
1666 3886 1801 3939 Θεοῦ
1822 3888 1993 3957 Λόγος

421 3965 618 4022 οὔποτε
660 3972 771 4034 τοῖς
804 3973 967 4025 πᾶσιν
1012 3974 1268 4045 ἐπαρκῶν
1310 3975 1677 4046 διαλιμπάνει,
1714 3979 1887 4051 πάντη
1935 3981 1992 4033 δὲ

420 4057 635 4127 χωρῶν,
662 4060 756 4112 καὶ
782 4059 870 4114 διά
891 4060 1109 4115 πάντων
1143 4065 1656 4136 περιπορευόμενος,
1688 4069 1903 4123 πάντων
1932 4071 1993 4138 ἐξ

424 4146 544 4217 ίσης
563 4149 660 4219 τῆς
680 4151 953 4222 σωτηρίας
974 4157 1209 4225 προνοεῖ,
1235 4154 1467 4225 λογικῶν
1489 4158 1624 4230 ὁμοῦ
1648 4162 1739 4213 καὶ
1760 4162 1987 4231 ἀλόγων,

419 4236 629 4308 θνητῶν
660 4257 719 4294 τε
748 4243 842 4296 καὶ
866 4243 1167 4311 ἀθανάτων,
1198 4248 1461 4319 οὐρανίων
1490 4268 1551 4304 τε
1588 4253 1680 4307 καὶ
1704 4255 1982 4322 ἐπιγείων,

420 4325 576 4383 θείων
600 4347 660 4384 τε
695 4334 788 4387 καὶ
833 4335 1080 4406 ἀοράτων
1108 4337 1407 4409 δυνάμεων,
1454 4342 1547 4396 καὶ
1576 4343 1873 4416 συλλήϐδην
1910 4348 1989 4399 εί-

412 4421 562 4484 πείν,
593 4419 846 4475 ἁπάντων
881 4424 980 4477 ὅσα
1010 4424 1074 4495 δὴ
1102 4425 1196 4478 τοῦ
1223 4424 1361 4482 εἶναι
1383 4429 1450 4483 δι’
1480 4430 1643 4484 αὐτοῦ
1670 4434 1950 4505 μετείληχε
1970 4452 1983 4465 ·

2108 588 2246 636 tura:
2273 584 2717 653 superlationem,
2743 600 2865 654 qua:
2892 600 2993 640 nec
3022 585 3127 640 dici
3163 592 3361 655 potest.
3381 593 3436 639 et
3456 587 3679 641 omnino

2109 672 2331 728 inﬁnitae
2378 676 2770 745 magnitudinis
2820 684 2926 737 est,
2976 692 3152 747 neque
3202 690 3442 746 unquam
3494 676 3567 730 ad
3619 677 3676 731 id

2107 762 2384 818 facultatis
2424 775 2772 834 perventura,
2814 773 2872 819 ut
2921 766 3039 835 ipsa
3088 772 3266 819 ortum
3312 765 3540 828 habens,
3585 775 3680 820 aut

2107 853 2255 909 illius
2291 856 2593 911 divinitatis
2643 858 2915 927 particeps
2968 857 3137 920 ﬁeret,
3180 872 3301 927 quas
3348 872 3449 911 nec
3495 867 3679 912 ortum

2107 944 2289 1009 habet,
2316 961 2415 1000 nec
2444 949 2564 1016 capi
2597 948 3049 1018 comprehendive
3083 956 3282 1018 potest,
3317 959 3410 1003 aut
3440 949 3681 1005 intuere-

2108 1044 2197 1090 tur
2244 1053 2485 1101 sursum,
2521 1040 2933 1110 intenderetque
2955 1042 3125 1095 aciem
3153 1042 3483 1096 contraillos
3521 1042 3680 1096 lumi-

2107 1128 2194 1184 nis
2256 1131 2569 1200 sempiterni
2621 1132 2827 1195 radios,
2874 1133 2966 1202 qui
3012 1133 3179 1187 nullis
3230 1133 3412 1191 verbis
3445 1132 3677 1203 exprimi

2106 1231 2356 1292 possunt,
2376 1224 2633 1278 nimirum
2663 1240 2889 1279 necesse
2918 1224 3042 1290 fuit,
3071 1240 3173 1280 nec
3204 1225 3428 1296 injuria,
3450 1232 3511 1279 ιιι
3536 1225 3679 1293 opti-

2106 1330 2228 1369 mus
2280 1331 2475 1385 parens
2522 1325 2576 1372 et
2629 1318 2869 1373 universi
2915 1327 3292 1381 conservator,
3335 1333 3405 1372 ne
3454 1317 3678 1372 omnino

2106 1420 2285 1460 rerum
2328 1408 2579 1476 protinus
2624 1409 3017 1480 gignendarum
3048 1416 3276 1473 natura,
3318 1409 3362 1465 si
3395 1425 3518 1464 cum
3558 1409 3677 1480 ipso

2105 1496 2241 1550 nihil
2274 1513 2502 1567 prorsus
2528 1501 2978 1563 communicaret,
3012 1500 3267 1555 maximis
3306 1501 3464 1556 bonis
3497 1501 3678 1572 priva-

2108 1597 2274 1654 retur,
2309 1590 2540 1645 mediam
2569 1594 2858 1662 quamdam
2895 1594 3055 1649 unice
3088 1595 3172 1649 sui
3200 1595 3482 1664 primoque
3509 1594 3673 1665 geniti

2106 1678 2226 1734 Filii
2255 1680 2519 1746 divinam,
2549 1691 2603 1739 et
2631 1684 3082 1754 omnipotentem.
3113 1692 3166 1740 et
3211 1686 3467 1741 omnibus
3503 1686 3677 1740 virtu-

2106 1772 2252 1853 ιίιυιε
2276 1773 2662 1829 exuberantem
2689 1776 2799 1830 vim
2825 1757 3192 1846 interponere,
3217 1792 3337 1846 qua:
3369 1777 3677 1832 certissime

2102 1876 2154 1919 et
2192 1879 2355 1936 quam
2386 1858 2632 1937 proxime
2666 1875 2720 1923 et
2754 1884 2917 1937 quam
2948 1869 3371 1924 familiarissime
3401 1885 3523 1923 cum
3556 1869 3677 1939 ipso

2103 1954 2263 2011 Patre
2290 1965 2606 2013 versaretur
2633 1967 2688 2014 et
2708 1960 3131 2028 colloqueretur,
3148 1962 3531 2031 aequaliterque
3549 1978 3676 2016 cum

2102 2050 2291 2103 eodem
2322 2049 2541 2106 arcanis
2572 2049 2863 2113 frueretur,
2893 2051 3280 2121 benigniSsime
3310 2069 3441 2109 vero
3472 2054 3674 2110 demit-

2105 2148 2240 2197 teret
2267 2155 2356 2206 se,
2385 2146 2439 2195 et
2465 2141 2852 2211 quoquomodo
2898 2142 3012 2196 ﬁeri
3049 2153 3268 2213 posset,
3303 2145 3675 2202 conformaret

2105 2230 2171 2284 ad
2196 2244 2290 2286 eos
2316 2232 2408 2301 qui
2439 2245 2468 2284 a
2499 2247 2711 2286 summo
2737 2231 3017 2295 deficiunt,
3040 2232 3241 2302 quique
3273 2243 3490 2303 propter
3519 2252 3674 2291 suam

2105 2321 2475 2390 impotentiam
2525 2323 2684 2393 quasi
2723 2323 2948 2377 alteram
2993 2339 3214 2378 manum
3256 2324 3587 2389 desiderant,
3616 2334 3676 2381 et

2104 2413 2350 2483 profectu
2380 2419 2545 2484 atque
2567 2414 2884 2483 adjumento
2911 2415 3175 2485 indigent,
3203 2430 3314 2484 quo
3342 2416 3477 2471 solis
3499 2417 3678 2485 splene

2103 2504 2290 2559 dorem
2344 2506 2550 2561 sensim
2583 2521 2649 2561 ac
2690 2507 2921 2576 benigne
2950 2522 3009 2562 se
3043 2506 3109 2561 ad
3146 2523 3247 2562 nos
3302 2506 3674 2562 detnittentem

2105 2594 2304 2650 intueri
2349 2603 2551 2665 queant
2596 2616 2610 2651 :
2648 2597 2853 2667 alioqui
2902 2615 3051 2668 purae
3101 2615 3372 2671 mersaque
3424 2600 3561 2654 lucis
3595 2601 3669 2663 vi,

2103 2697 2319 2758 propter
2345 2688 2713 2744 inﬁrmitatem
2746 2695 2991 2761 corporis
3023 2691 3126 2745 frui
3157 2708 3266 2747 non
3293 2693 3523 2762 possint.
3544 2690 3673 2747 Fin-

2101 2795 2293 2850 gamus
2330 2782 2496 2845 enim,
2557 2781 2893 2836 invenienda:
2946 2784 3193 2838 veritatis
3231 2785 3424 2854 gratia,
3454 2783 3674 2838 nitidis-

2102 2871 2298 2925 simum
2334 2871 2484 2925 illum
2525 2872 2695 2927 solem
2735 2873 2913 2942 ipsum
2946 2875 3187 2944 seipsum
3217 2875 3284 2929 de
3312 2875 3454 2929 cmlo
3476 2874 3674 2928 demit-

2100 2973 2233 3027 tere,
2261 2972 2316 3018 et
2343 2978 2470 3018 eum
2499 2964 2811 3021 hominibus
2836 2967 2887 3020 in
2921 2974 3064 3021 terra
3098 2968 3304 3023 versari
3340 2986 3354 3019 :
3386 2983 3512 3021 num
3546 2967 3675 3022 libe—

2100 3070 2219 3109 rum
2272 3055 2345 3110 sit
2389 3062 2552 3125 atque
2606 3057 2923 3114 inditicrens
2967 3075 3155 3114 earmn
3210 3075 3418 3122 rerum,
3451 3074 3573 3129 quae
3604 3058 3673 3112 ad

2098 3155 2298 3202 terram
2350 3150 2644 3218 pertinent,
2679 3149 2915 3220 cuipiam
2966 3151 3319 3221 permanere?
3362 3150 3580 3205 Minime
3620 3151 3673 3205 id

2094 3237 2313 3307 quidem
2344 3256 2357 3291 :
2394 3252 2520 3292 nam
2575 3250 2825 3310 correpta
2868 3240 3053 3295 omnia
3087 3243 3322 3298 animata
3355 3242 3517 3297 simul
3545 3256 3673 3297 cum

2094 3328 2392 3393 inanimis,
2442 3329 2662 3384 assidua
2708 3331 2985 3402 nimiaque
3038 3333 3177 3390 lucis
3233 3333 3499 3389 immissio
3550 3348 3673 3388 cor-

2093 3427 2389 3491 rumperet,
2432 3420 2706 3492 citiusque
2774 3424 2966 3478 oculos
3015 3424 3338 3481 intuentium
3402 3434 3668 3490 caecaret,

2095 3514 2360 3583 longeque
2439 3515 2611 3585 magis
2681 3532 2836 3571 nox:e
2908 3527 2963 3572 et
3027 3521 3396 3590 corruptionis
3477 3528 3672 3576 auctor

2093 3604 2348 3659 omnibus
2374 3604 2555 3671 ﬁeret,
2583 3621 2745 3675 qttam
2768 3607 2981 3674 juvaret
3030 3614 3364 3684 quempiam,
3411 3615 3505 3685 qui
3553 3616 3671 3685 ipse

2093 3696 2311 3766 quidem
2337 3705 2531 3751 natura
2602 3700 2729 3752 talis
2782 3715 2891 3754 non
2947 3710 3051 3763 est,
3121 3711 3497 3760 verumtamen
3538 3721 3668 3776 erga

2092 3787 2291 3855 eosqui
2315 3796 2533 3857 propter
2584 3789 3006 3845 imbecillitatem
3058 3792 3303 3860 ipsorum
3353 3796 3665 3865 pr0priam,

2096 3876 2252 3948 155
2281 3879 2461 3935 minus
2494 3878 2672 3934 idonei
2707 3890 2892 3936 essent
2923 3882 2990 3935 ad
3027 3881 3311 3938 ferendum
3344 3925 3358 3950 ,
3398 3894 3567 3954 atque
3595 3887 3667 3940 ob

2094 3970 2147 4025 id
2180 3972 2331 4024 nimii
2359 3974 2777 4044 superantisque
2807 3975 3115 4043 splendoris
3142 3974 3365 4031 minime
3395 3992 3628 4048 capaces
3647 4019 3665 4040 ,

2092 4060 2219 4115 talis
2260 4061 2535 4118 evaderet.
2586 4063 2698 4117 Cur
2741 4080 2872 4135 ergo
2913 4065 3114 4119 similia
3165 4064 3232 4120 de
3282 4064 3394 4122 Deo
3435 4066 3666 4125 audiens

2093 4151 2416 4215 admiraris,
2447 4152 2605 4223 cujus
2637 4154 2854 4225 quidem
2885 4163 2937 4209 et
2967 4156 3048 4209 sol
3077 4164 3161 4212 est
3192 4172 3351 4227 opus,
3381 4167 3435 4213 et
3463 4158 3663 4213 caelum

2092 4240 2444 4304 universum,
2486 4251 2541 4297 et
2583 4244 2873 4299 mundus?
2917 4243 3195 4316 Siquidem
3247 4248 3396 4304 illius
3442 4249 3663 4305 virtutis

2090 4337 2255 4399 atque
2297 4333 2579 4397 essentia,
2616 4349 2738 4403 quas
2767 4335 2933 4391 nullis
2964 4336 3145 4391 verbis
3188 4338 3447 4408 nullaque
3478 4340 3665 4393 elocu-

2090 4429 2238 4478 tione
2274 4425 2505 4495 exprimi
2553 4433 2768 4497 potest,
2822 4428 2959 4482 nihil
3004 4444 3197 4483 eorum
3236 4446 3356 4500 quae
3395 4439 3557 4494 sunt,
3605 4433 3661 4486 in

419 4508 552 4564 πολὺ
577 4526 642 4576 γε
675 4511 781 4583 μὴν
812 4514 992 4568 πλεῖον
1026 4516 1385 4589 διαφερόντως
1410 4520 1508 4590 τῆς
1545 4524 1735 4593 νοερᾶς
1782 4526 1874 4578 καὶ
1901 4526 1987 4579 λο-

2097 4526 2305 4586 partem
2339 4525 2433 4571 aut
2466 4519 3019 4576 communicationem
3049 4526 3230 4587 venit,
3263 4533 3457 4595 pra-ter
3492 4541 3659 4580 unum

417 4600 579 4671 γικῆς
606 4601 842 4671 φύσεως,
885 4603 952 4657 δι’
984 4606 1049 4675 ἦν
1082 4606 1201 4660 οὐδὲ
1226 4608 1287 4660 τὸ
1313 4607 1648 4679 ἀνθρώπινον
1680 4611 1985 4682 ὐπερεφρό·

419 4693 500 4743 νεί
547 4692 723 4760 γένος’
774 4694 936 4764 ἐτίμα
980 4694 1037 4747 δὲ
1085 4690 1143 4749 εὖ
1178 4696 1324 4767 μάλα
1373 4698 1465 4750 καὶ
1494 4698 1715 4771 ὲκήδετο
1759 4701 1859 4771 τῆς
1891 4701 1984 4754 τοῦ

418 4783 574 4853 λόγου
596 4788 753 4858 χάριν
771 4790 906 4858 πρὸς
927 4789 1116 4844 ἑαυτὸν
1137 4791 1461 4856 οίκειώσεώς
1485 4810 1543 4846 τε
1568 4796 1661 4848 καὶ
1687 4798 1984 4867 συνεχείας,

418 4870 453 4948 ᾖ
488 4878 580 4930 καὶ
612 4879 733 4933 κατ’
761 4882 942 4935 εἰκόνα
972 4881 1136 4935 αὐτοῦ
1171 4882 1561 4955 μεμορφῶσθαι
1592 4886 1649 4937 ὲν
1681 4890 1793 4950 τοῖς
1822 4889 1987 4960 ἱεροῖς

418 4964 615 5035 λογίοις
647 4968 948 5041 ἀνείρηται.
997 4972 1133 5025 Ἀλλ’
1166 4976 1194 5027 ὁ
1225 4973 1325 5043 μὲν
1359 4975 1458 5046 τὴν
1485 4975 1669 5029 είκόνα
1694 4976 1793 5048 τὴν
1819 4979 1983 5032 αὐτοῦ

418 5056 493 5121 t'o;
531 5057 595 5111 ἂν
628 5058 764 5112 Θεοῦ
807 5060 978 5129 Λόγος
1018 5061 1114 5133 τὴν
1143 5061 1337 5132 νοεράν
1376 5063 1594 5137 ἃπασαν
1636 5066 1729 5117 καὶ
1763 5064 1984 5137 λογικὴν

419 5149 675 5218 ὐφίστησι
729 5152 1007 5223 καταρχὰς
1056 5153 1155 5224 τῆς
1206 5154 1300 5207 τοῦ
1358 5155 1558 5219 παντὸς
1605 5154 1980 5229 δημιουργίας,

416 5240 640 5310 ἀρχικόν
683 5257 743 5294 τε
783 5240 872 5293 διά
922 5243 1094 5296 ταῦτα
1133 5247 1227 5298 καὶ
1262 5244 1536 5315 βασιλικὸν
1579 5246 1687 5299 τῶν
1738 5247 1830 5301 ἐπὶ
1880 5249 1985 5319 γῆς

417 5331 671 5386 ἁπάντων
703 5330 840 5396 ζῶον
875 5334 1107 5404 καθίστη
1141 5335 1233 5387 τὸν
1274 5335 1575 5407 ἄνθρωπον,
1611 5336 1894 5410 ἐλεύθερόν
1922 5356 1984 5393 τε

417 5424 511 5475 καί
553 5421 898 5487 αὐτεξούσιον
938 5425 1036 5492 τῆς
1071 5427 1151 5489 είς
1190 5426 1252 5478 τὸ
1291 5427 1455 5480 καλὸν
1489 5428 1522 5498 ἢ
1563 5430 1644 5491 είς
1674 5429 1982 5483 τούναντίον

416 5513 567 5582 ἠφίει
588 5515 753 5568 αὐτὸν
776 5515 969 5587 ῥοπῆς·
1003 5517 1032 5569 ὁ
1053 5516 1132 5579 δὲ,
1157 5517 1217 5570 οὑ
1250 5516 1429 5582 καλῶς
1452 5521 1519 5590 τῇ
1552 5519 1983 5591 αὐτεξουσιότητι

412 5606 776 5676 χρησάμενος,
798 5606 899 5677 τῆς
920 5608 1086 5680 όρθῆς
1112 5608 1456 5678 διεκτραπεὶς
1474 5609 1616 5675 ὀδοῦ,
1630 5610 1727 5682 τὴν
1741 5613 1983 5665 ἐναντίαν

417 5695 660 5767 ὡρμᾶτο,
690 5700 825 5771 μήτε
849 5699 980 5754 Θεὸν
1008 5702 1143 5771 μήτε
1174 5702 1399 5773 Κύριον,
1430 5703 1554 5774 μήτ’
1582 5702 1661 5755 ἔτι
1684 5703 1793 5757 τῶν
1822 5705 1983 5757 ὁσίων

419 5786 510 5838 καὶ
548 5786 783 5843 εὐσεϐῶν
810 5789 1265 5861 ἐπιλογιζόμενος,
1306 5791 1491 5864 θηρῶν
1526 5792 1582 5847 δὲ
1616 5794 1814 5865 τρόπον
1860 5794 1983 5848 ἀλό-

695 5884 959 5949 ΡΑτιιοι,
996 5886 1111 5949 Gs.
1144 5886 1339 5948 XXII.

2087 4607 2389 4674 duntaxat,
2418 4625 2581 4680 quem
2614 4613 2731 4682 ipse
2771 4612 2956 4678 Pater,
3008 4618 3225 4670 cunctis
3263 4617 3428 4672 rebus
3475 4617 3661 4686 provi-

2087 4700 2223 4755 dens
2246 4739 2261 4762 ,
2287 4708 2411 4755 ante
2444 4702 2551 4756 alia
2573 4714 2768 4759 cuncta
2796 4706 3122 4775 constituit,
3145 4722 3214 4763 ne
3238 4709 3481 4763 omnium
3512 4722 3660 4777 quae-

2087 4806 2303 4861 cunque
2330 4790 2471 4847 facta
2503 4803 2690 4850 essent
2720 4797 2937 4866 penitus
2971 4806 3166 4853 natura
3196 4808 3502 4863 corrueret,
3536 4814 3658 4868 quas

2087 4891 2310 4953 propter
2339 4885 2712 4943 inﬁrmitatem
2740 4896 2904 4959 atque
2935 4890 3309 4960 impotentiam
3342 4892 3614 4961 propriam
3639 4931 3654 4956 ,

2088 4975 2247 5045 longe
2285 4977 2493 5032 recedit
2534 4978 2603 5032 ab
2638 4980 2730 5034 illa
2769 4980 2949 5038 Patris
2988 4984 3228 5038 essentia
3252 5022 3266 5045 ,
3310 4998 3432 5052 quae
3480 4997 3658 5052 neque

2086 5067 2271 5134 genita
2329 5075 2457 5133 est,
2515 5085 2694 5140 neque
2744 5074 2865 5141 capi
2917 5072 3372 5143 coznprehendive
3425 5082 3652 5142 potest,

2088 5156 2184 5213 sed
2216 5166 2276 5213 ut
2314 5169 2595 5225 maneret,
2637 5172 2949 5229 cresceret,
2991 5165 3296 5219 nutriretur
3337 5165 3515 5220 media
3560 5165 3654 5222 illa

2087 5248 2276 5331 fruens
2310 5251 2636 5323 largitione,
2670 5271 2834 5324 quam
2871 5256 3093 5309 unicum
3126 5255 3365 5325 genitum
3400 5254 3493 5311 Dei
3524 5255 3658 5312 Ver-

2084 5343 2212 5398 bum
2233 5383 2248 5408 ,
2282 5360 2560 5415 nunquam
2592 5347 2865 5402 universis
2897 5345 3142 5402 suiﬁcere
3174 5345 3413 5411 desinit,
3444 5347 3510 5401 ad
3537 5362 3657 5402 om-

2085 5435 2179 5486 nia
2218 5450 2349 5489 vero
2388 5444 2685 5505 penetrans
2729 5441 2785 5490 et
2824 5435 3065 5506 undique
3099 5437 3283 5490 omnia
3318 5451 3651 5507 peragrans,

2086 5525 2316 5581 salutem
2352 5528 2598 5581 omnium
2618 5526 2902 5598 mqualiter
2929 5525 3200 5596 providet,
3218 5537 3272 5582 et
3298 5529 3649 5584 rationaléum

2083 5625 2141 5671 et
2189 5618 2474 5672 brutorum
2502 5657 2516 5678 .
2566 5626 2621 5672 et
2668 5616 2981 5672 mortalium
3025 5628 3080 5674 et
3125 5619 3554 5680 immortalium.
3598 5626 3654 5674 et

2084 5705 2395 5759 caelestium
2427 5714 2482 5759 ct
2507 5704 2854 5760 terrestrium
2878 5742 2895 5767 ,
2939 5707 3249 5763 divinarum
3292 5726 3511 5782 quoque
3551 5724 3654 5778 po~

2084 5802 2343 5851 tcSIatum
2367 5833 2381 5859 ,
2416 5801 2580 5865 atque
2607 5810 2794 5853 earum
2822 5809 2947 5863 quae
2970 5809 3223 5871 aspectus
3262 5810 3484 5856 nostros
3515 5797 3653 5854 eﬂ‘u—

3343 5896 3381 5953 θ
