4126 6488
436 349 540 402 2137

1101 344 1368 399 ElISEBll
1407 339 1886 396 CxESARlENSIS
1916 340 2072 397 OPP.
2114 340 2293 395 PARS
2323 340 2364 393 Ι.
2402 373 2468 383 --
2508 342 3004 402 APOLOGETICA.

3579 354 3688 410 268

436 473 624 540 giunt,
674 467 906 537 denique
954 466 1195 519 omnium
1241 476 1584 531 quaecunque
1621 475 1716 530 per
1760 459 1909 512 illum
1949 460 1974 512 ἰ‹

2104 477 2218 526 γων
2271 461 2472 525 πάσαις
2525 463 2827 535 ἀνημέροις
2896 466 2989 518 καὶ
3039 465 3363 531 ἀκολάστοις
3417 469 3685 540 πράξεσιν

433 562 577 631 quod
626 567 752 617 sunt
798 573 1084 627 accepere,
1132 557 1291 625 longe
1332 563 1511 609 tamen
1558 554 1794 623 amplius
1836 563 2000 623 atque

430 652 787 709 excellentius
816 647 1164 717 intelligentis
1190 648 1585 715 rationalisque
1615 656 1843 708 natura,
1870 662 2000 717 pro-

429 758 547 813 pter
570 760 730 815 quam
760 757 826 796 ne
854 742 1152 794 humanum
1186 738 1403 807 quidem
1434 744 1759 806 aspernatus
1789 744 1874 790 est
1907 751 2000 804 ge-

429 855 562 899 nus,
603 835 694 892 sed
729 837 935 889 honore
965 831 1147 902 potius
1174 839 1228 883 et
1256 844 1386 883 cura
1417 829 1619 897 ingenti
1647 836 1993 899 prosecutus,

426 934 496 988 ob
530 930 833 1001 appositam
870 924 1229 997 peculiariter
1278 922 1347 977 ad
1387 922 1628 991 seipsum
1671 922 1903 975 rationis
1939 930 1995 975 et

423 1023 575 1079 verbi
629 1017 1089 1075 necessitudinem
1138 1022 1192 1069 et
1241 1014 1724 1082 conjunctionem,
1774 1012 1830 1065 in
1883 1026 1991 1081 qua

420 1115 583 1169 etiam
633 1112 699 1165 ad
747 1111 922 1181 ipsius
965 1108 1290 1177 imaginem,
1339 1104 1568 1158 formam
1614 1102 1892 1171 accepisse
1933 1102 1987 1155 in

420 1206 595 1262 sacris
622 1203 866 1259 oraculis
902 1200 1110 1254 dictum
1139 1206 1242 1254 est.
1281 1195 1389 1252 Sed
1432 1196 1521 1250 ille
1570 1194 1789 1264 quidem
1835 1209 1990 1249 suam

421 1300 594 1368 ipsius
639 1296 967 1365 imaginem,
1014 1300 1272 1360 tanquam
1316 1287 1409 1343 Dei
1461 1286 1693 1341 Verbum
1737 1295 1990 1340 cunctam

419 1388 793 1459 intelligentiae
825 1396 879 1440 et
907 1382 1139 1438 rationis
1168 1395 1424 1450 capacem
1457 1387 1709 1432 naturam
1731 1416 1747 1441 ,
1779 1377 1849 1430 ab
1882 1375 1991 1429 ini-

420 1485 493 1536 tio
526 1477 904 1534 fabricationis
936 1474 1178 1530 universi
1210 1472 1530 1535 substituit,
1575 1477 1740 1537 atque
1779 1468 1989 1523 idcirco

418 1573 716 1644 principem
748 1583 1039 1640 regemque
1070 1564 1314 1620 omnium
1364 1576 1704 1633 quaacunque
1748 1562 1800 1614 in
1843 1567 1988 1615 terra

416 1676 544 1722 sunt
577 1664 894 1719 animalium
917 1702 931 1723 ,
962 1660 1244 1715 constituit
1288 1657 1563 1711 hominem
1586 1696 1603 1720 ,
1643 1670 1879 1725 eumque
1921 1656 1989 1709 li-

2110 553 2394 625 έγχειρῶν.
2450 556 2651 609 Εἰκότα
2696 557 2825 624 γοῦν
2869 557 3047 629 ἐαυτῷ
3097 559 3263 612 ποιῶν
3295 562 3323 612 ὁ
3370 565 3684 633 πανάγαθος

2108 647 2203 699 καὶ
2244 647 2618 717 παμϐασιλεὺς
2670 650 2831 713 αὐτὸς
2879 653 2908 703 ὁ
2957 650 3216 720 ’Ύψιστος
3259 654 3355 707 καὶ
3393 655 3525 719 Θεὸς
3573 656 3682 712 τῶν

2105 740 2262 804 ὅλων,
2296 740 2371 803 ὡς
2406 741 2470 793 ἂν
2509 741 2581 812 μὴ
2612 741 2835 813 ἄναρχοι
2861 744 2955 797 καὶ
2984 745 3406 815 ἀνεπιστάτητοι
3433 746 3684 819 θρεμμά-

2104 848 2211 883 των
2244 831 2401 899 δίκην
2440 831 2650 900 ἀλόγων
2680 828 2789 886 εἷεν
2837 835 2884 886 oi
2915 835 3007 887 ἐπὶ
3044 837 3147 906 γῆς
3197 834 3492 905 ἄνθρωποι,
3541 854 3678 909 προ-

2103 925 2302 987 στάτας
2332 924 2511 979 αὐτῶν
2545 925 2638 978 καὶ
2672 925 3005 998 ἐπιμελητὰς
3037 926 3224 999 ὥσπερ
3267 929 3418 992 τινὰς
3444 928 3681 1001 ἀγελάρ·

2098 1035 2198 1087 χας
2256 1017 2350 1070 καὶ
2397 1018 2686 1089 ποιμένας,
2738 1018 2917 1083 θείους
2966 1021 3228 1089 ἀγγέλους
3278 1024 3677 1093 κατεστήσατο,

2098 1106 2371 1177 προτάξας
2401 1109 2657 1161 ἁπάντων
2693 1110 2786 1161 καὶ
2808 1112 2918 1172 τοῖς
2941 1112 3106 1163 πᾶσιν
3132 1112 3434 1182 ἐπιστήσας
3457 1113 3549 1166 τὸν
3582 1131 3680 1184 μο-

2096 1198 2289 1267 νογενῆ
2319 1199 2413 1251 καὶ
2440 1200 2781 1270 πρωτότοκον
2823 1200 2986 1253 αὑτοῦ
3018 1203 3208 1270 Λόγον.
3246 1202 3433 1274 Τούτῳ
3457 1205 3514 1257 δὲ
3546 1204 3678 1275 κλῆ-

2097 1306 2189 1358 ρον
2210 1288 2510 1359 ἐξαίρετον,
2532 1291 2730 1354 αὐτοὺς
2759 1291 3024 1359 ἀγγέλους
3046 1293 3139 1344 κα⁶ι
3160 1294 3554 1363 ἀρχαγγέλους,
3580 1299 3676 1350 καὶ

2093 1378 2242 1443 θείας
2273 1380 2551 1451 δυνάμεις,
2583 1381 2723 1436 ἀῦλά
2751 1399 2810 1434 τε
2848 1383 2943 1436 καὶ
2968 1384 3336 1454 ὑπερουράνια
3359 1387 3671 1457 πνεύματα,

2092 1471 2184 1523 καὶ
2219 1471 2324 1542 μὴν
2356 1471 2575 1525 καὶτῶν
2610 1472 2704 1524 ἐπὶ
2733 1473 2835 1542 γῆς
2858 1473 2953 1537 τὰς
2986 1476 3043 1528 ἐν
3073 1474 3379 1546 ἀνθρώποις
3408 1476 3674 1547 Θεοφιλεῖς

2091 1563 2270 1634 ψυχὰς
2332 1563 2668 1633 ἀφωρίσατο,
2728 1564 2919 1619 Ἰακὼό
2967 1566 3059 1620 καὶ
3124 1566 3341 1639 Ἰσραὴλ
3406 1568 3673 1640 Ἐϐραίων

2096 1657 2437 1727 προσηγορίᾳ
2460 1657 2917 1728 ὲπικαλουμένας.
3004 1727 3008 1731 ⁶

416 1763 604 1816 herum
640 1768 693 1813 et
723 1773 837 1813 suae
868 1757 1044 1826 ipsius
1074 1752 1361 1824 potestatis
1393 1750 1629 1814 dimisit,
1665 1767 1773 1821 qua
1814 1758 1869 1806 et
1908 1749 1974 1829 ad
2010 1751 2248 1815 bonum,
2291 1760 2345 1805 et
2372 1751 2439 1805 ad
2476 1752 2605 1806 boui
2635 1755 2969 1808 contrarium
3005 1753 3135 1809 ferri
3166 1764 3372 1825 posset.
3417 1756 3517 1813 Hic
3542 1774 3673 1821 vero

412 1872 522 1910 non
554 1856 692 1909 bene
725 1869 822 1907 sua
864 1850 1037 1921 ipsius
1077 1855 1344 1919 potestate
1385 1863 1552 1914 usus,
1594 1853 1648 1901 et
1682 1861 1712 1898 a
1744 1854 1892 1899 recto
1923 1846 2118 1901 itinere
2148 1846 2337 1901 abiens
2367 1847 2619 1903 diversus
2640 1887 2654 1912 ,
2685 1849 2741 1902 in
2783 1851 3125 1905 contrarium
3150 1850 3367 1908 delatus
3405 1862 3521 1922 est,
3562 1870 3673 1911 non

415 1955 676 2018 reputans
710 1943 837 2015 quid
872 1943 1014 1997 Deus
1044 1951 1097 1995 et
1129 1939 1418 2004 Dominus,
1451 1953 1561 1992 non
1589 1938 1720 2006 quid
1748 1936 1841 2007 jus
1867 1944 1922 1991 et
1956 1936 2072 2000 fas,
2111 1954 2223 1992 non
2254 1939 2384 2008 quid
2415 1940 2590 2009 pietas
2617 1941 2954 2010 postularet,
2994 1942 3090 1997 sed
3120 1945 3296 2012 instar
3329 1945 3632 2003 belluarum
3654 1993 3672 2017 ,

412 2055 533 2109 qua:
566 2039 794 2093 rationis
838 2041 1091 2104 expertes
1130 2041 1290 2096 sunt,
1324 2046 1515 2087 omnes
1564 2031 1895 2085 inhumanas
1940 2037 2105 2099 atque
2153 2030 2509 2086 immodestas
2550 2038 2793 2089 actiones
2835 2035 3181 2106 aggrediens.
3214 2036 3468 2110 Optimus
3508 2042 3676 2112 igitur

410 2146 571 2206 atque
611 2133 852 2190 omnium
897 2138 1173 2202 regnator,
1224 2130 1341 2199 ipse
1382 2128 1738 2191 Altissimus,
1789 2124 1933 2181 Deus
1956 2127 2233 2191 universi,
2287 2128 2381 2198 qui
2427 2143 2643 2198 semper
2681 2144 2746 2184 ea
2785 2145 2908 2200 qua:
2950 2131 3192 2201 seipsum
3232 2133 3459 2188 deceant
3499 2135 3669 2200 facit,

409 2246 478 2285 ne
529 2230 731 2300 absque
786 2227 953 2282 certis
1006 2225 1347 2297 principibus
1401 2238 1465 2277 ac
1504 2222 1798 2294 praefectis,
1832 2222 2012 2277 instar
2035 2223 2409 2293 jumentorum
2441 2226 2844 2280 irrationalium
2879 2237 3086 2294 essent,
3128 2230 3223 2300 qui
3263 2231 3316 2285 in
3359 2237 3501 2286 terra
3545 2247 3669 2288 ver-

408 2323 670 2378 sabantur
708 2322 958 2376 homines
980 2361 995 2385 ,
1029 2326 1237 2375 tutores
1266 2319 1374 2374 illis
1408 2329 1463 2374 et
1501 2325 1785 2373 curatores
1816 2319 1975 2389 quasi
2005 2318 2272 2389 quosdam
2308 2329 2683 2376 armentorum
2717 2322 2887 2378 duces
2927 2332 3091 2395 atque
3129 2333 3408 2395 pastores,
3449 2328 3666 2384 divinos

405 2420 626 2490 angelos
659 2417 842 2482 dedit,
875 2418 1122 2489 principe
1162 2419 1406 2472 omnium
1449 2414 1760 2481 declarato,
1798 2414 1962 2487 156
1982 2416 2353 2488 omnibusque
2395 2418 2654 2489 praefecto
2681 2422 2880 2488 unico,
2910 2422 3195 2494 primoque
3227 2424 3411 2495 genito
3449 2441 3551 2480 suo
3584 2426 3670 2497 ip-

403 2513 521 2568 sius
551 2511 751 2567 Verbo.
785 2509 1037 2581 lluicque
1063 2510 1168 2579 ipsi
1217 2517 1420 2563 sortem
1464 2509 1800 2579 praecipuam
1823 2548 1838 2573 ,
1871 2509 2091 2578 angelos
2122 2510 2273 2580 ipsos
2302 2520 2466 2583 atque
2506 2513 2897 2585 archangelos,
2940 2516 3265 2588 divinasque
3323 2528 3622 2589 potestates
3650 2561 3668 2586 ,

406 2608 759 2677 materireque
798 2607 978 2661 omnis
1003 2615 1277 2675 expertes,
1320 2619 1383 2658 ac
1425 2605 1549 2674 ipso
1590 2605 1731 2659 coelo
1777 2606 2091 2674 superiores
2132 2608 2398 2676 spiritus,
2447 2624 2661 2665 necnon
2709 2627 2777 2667 ex
2824 2613 2893 2667 iis
2936 2628 3057 2683 quae
3095 2614 3151 2667 in
3178 2625 3322 2669 terra
3350 2627 3669 2685 versantur,

404 2700 689 2771 religiosas
735 2701 1016 2755 hominum
1059 2700 1269 2755 animas
1309 2714 1560 2756 seorsum
1612 2700 1896 2769 attribuit,
1948 2716 2070 2772 qua:
2118 2705 2285 2758 etiam
2329 2706 2793 2776 appellationibus
2837 2706 3230 2775 liebrzeorum,
3281 2708 3453 2767 Jacob
3502 2718 3669 2782 atque

403 2792 570 2850 lsrael
602 2795 977 2849 nominantur.

1126 2908 1238 2963 VII.
2006 2921 2047 2967 Β
2827 2915 2908 2967 Z'.

1133 2921 1238 2963 VII.

402 3006 555 3075 Quod
585 3007 713 3062 solis
757 3005 995 3060 Hebraris
1027 3004 1321 3075 antiquitus
1348 2983 1581 3075 Vcog’m'tio
1620 3002 1712 3058 Dei
1743 3006 1972 3060 universi

2827 2921 2908 2967 Z'.

2090 3001 2184 3075 Ὠς
2215 3003 2425 3072 μόνοις
2460 3002 2776 3075 ᾲἝϐραίοις
2843 3004 2908 3058 τὸ
2972 3004 3231 3058 παλαιόν
3288 3006 3355 3075 ἠγ
3389 3005 3495 3075 τοῦ
3542 3007 3660 3062 τῶν

454 3077 681 3161 prodita
718 3077 789 3131 sit
812 3115 827 3141 ,
859 3092 975 3147 quae
1014 3072 1225 3128 Christo
1282 3072 1509 3143 “ipsum
1549 3075 1823 3129 exhibeute
1855 3094 1975 3147 per-

469 3158 746 3217 ciperetur.

468 3259 585 3315 Hoc
616 3275 749 3314 sane
775 3258 1159 3329 mysteriorum
1182 3256 1432 3312 omnium
1467 3256 1735 3323 maximo,
1764 3260 1975 3329 primus

395 3353 780 3422 theologorum
814 3350 1028 3422 Moyses
1058 3351 1111 3404 in
1158 3351 1410 3414 arcanis,
1459 3349 1719 3407 Hebraeos
1760 3360 1973 3408 veteres

399 3444 671 3505 initiavit,
709 3444 791 3499 sic
824 3443 1017 3499 dicens
1050 3463 1063 3498 :
1096 3461 1113 3493 ι
1146 3441 1431 3514 Interroga
1469 3452 1681 3512 patrem
1722 3451 1878 3499 tuum
1921 3452 1975 3500 et

398 3536 743 3590 annuntiabit
766 3536 884 3599 tibi,
916 3534 1151 3604 majores
1180 3542 1302 3589 tuos
1328 3542 1381 3589 et
1409 3535 1593 3589 dicent
1617 3536 1713 3591 tibi
1741 3556 1754 3592 :
1785 3536 1974 3603 Quan-

397 3629 468 3682 do
510 3627 793 3683 'dividebat
841 3626 1157 3681 Altissimus
1204 3634 1430 3696 gentes,
1486 3638 1546 3682 ut
1594 3628 1974 3685 disseminavit

397 3719 540 3775 ﬁlios
572 3719 741 3774 Adam
765 3759 779 3783 ,
809 3718 1095 3774 constituit
1124 3719 1387 3773 terminos
1415 3721 1657 3789 gentium
1687 3722 1842 3791 juxta
1871 3738 1972 3775 nu-

396 3827 605 3867 merum
637 3812 951 3883 angelorum
987 3809 1120 3876 Dei,
1164 3820 1217 3866 et
1249 3810 1390 3864 facta
1426 3823 1509 3867 est
1540 3814 1719 3884 portio
1754 3812 1970 3868 Domini

394 3904 630 3975 populus
659 3904 780 3975 ejus
807 3900 977 3957 Jacoh
997 3944 1013 3965 ,
1048 3902 1325 3957 funiculus
1352 3904 1688 3959 hrcreditatis
1730 3905 1852 3975 ejus
1892 3906 1972 3962 Is—

393 3997 507 4053 rael
531 3997 599 4052 ".
631 4018 650 4050 ι
679 3997 776 4053 His
797 3996 1015 4066 quidem
1038 3995 1220 4050 verbis
1245 4014 1260 4048 :
1286 3996 1624 4052 Allissimum
1652 4012 1797 4060 eum,
1825 3999 1971 4067 quod

392 4088 556 4145 Pater
604 4097 722 4152 est,
775 4087 978 4159 quique
1019 4102 1184 4155 supra
1238 4087 1459 4150 omnia,
1512 4087 1681 4141 Deum
1729 4087 1966 4142 universi

391 4182 642 4238 nominat
672 4199 685 4235 :
716 4178 1009 4234 Dominum
1047 4193 1174 4233 vero
1202 4178 1433 4248 hujusce
1460 4177 1724 4244 Verbum,
1754 4178 1807 4233 id
1836 4194 1969 4235 sane

2149 3073 2307 3127 ὅλων
2338 3073 2485 3128 Θεοῦ
2509 3075 2730 3141 γνῶσις
2762 3076 3244 3131 ἀποκεκάλυπτο.
3273 3074 3371 3128 διὰ
3394 3074 3502 3143 τῆς
3529 3079 3661 3135 ἐπι-

2147 3145 2402 3215 φανείας
2430 3144 2534 3204 τοῦ
2569 3146 2831 3215 Χριστοῦ
2874 3145 3347 3215 γιγνωσκομένη.

2147 3242 2318 3311 Τοῦτο
2360 3259 2676 3330 μυστηρίων
2720 3258 2782 3311 τὸ
2827 3258 3102 3329 μέγιστον,
3142 3258 3359 3329 πρῶτος
3393 3259 3661 3331 θεολόγων

2075 3352 2313 3423 Μωῦοῆς
2338 3353 2395 3404 έν
2419 3353 2747 3424 ἀπορρήτοις
2778 3350 3060 3422 Ἐὕραίους
3082 3351 3207 3414 τοὺς
3226 3351 3392 3405 πάλαι
3418 3355 3661 3424 ὲμυστα-

2073 3442 2243 3513 γὼγει
2298 3444 2489 3513 λέγων·
2544 3463 2563 3495 ι
2623 3444 3002 3515 Ἐπεριὶιτησον
3040 3443 3133 3496 τὸν
3176 3448 3391 3517 πατέρα
3433 3463 3527 3499 σου
3564 3448 3660 3501 καὶ

2074 3536 2366 3604 ἀναγγελεί
2389 3554 2491 3601 σοι,
2513 3537 2637 3599 τοὺς
2658 3535 3068 3607 πρεσϐυτέρους
3099 3553 3192 3590 σου
3216 3539 3311 3591 καὶ
3333 3538 3516 3611 ὲροῦσί
3540 3556 3621 3593 σοι
3639 3557 3654 3571 υ

2072 3628 2161 3680 ὅτε
2188 3627 2490 3699 διεμέριζεν
2516 3627 2545 3678 ὁ
2578 3625 2839 3695 ’Ύψιστος
2871 3625 3019 3697 ἔθνη,
3056 3627 3132 3691 ὡς
3167 3627 3474 3701 διε-ἔσπειρεν
3509 3631 3658 3694 υἱοὺς

2085 3718 2275 3789 Ἀδὰμ,
2320 3718 2547 3788 ἔστησεν
2590 3718 2714 3789 ὅρια
2755 3716 2924 3773 ἐθνῶν
2963 3718 3086 3771 κατ’
3141 3719 3373 3791 ἀριθμὸν
3412 3721 3657 3789 ἀγγέλων

2071 3807 2228 3872 Θεοῦ,
2254 3809 2349 3863 καὶ
2373 3807 2605 3879 ἐγενήθη
2648 3807 2806 3879 μερὶς
2845 3807 3051 3879 Κυρίου
3076 3806 3202 3872 λαὸς
3238 3810 3400 3864 αὐτοῦ
3440 3811 3655 3876 Ἰακὼϐ,

2073 3902 2357 3974 σχοίνισμα
2391 3902 2756 3974 κληρονομίας
2777 3902 2942 3956 αὐτοῦ
2991 3903 3227 3975 Ἰσραήλ.
3271 3923 3290 3954 ι
3328 3903 3426 3956 Διὰ
3450 3903 3655 3957 τούτων

2070 3997 2198 4066 γοῦν
2228 3997 2487 4068 Ὕψιστον
2531 3998 2630 4069 μὲν
2656 3996 2748 4050 τὸν
2778 3998 3059 4062 ἀνωτάτω,
3092 3997 3185 4051 καὶ
3211 3998 3303 4050 ἐπὶ
3337 3998 3490 4061 πᾶσι,
3522 3997 3654 4050 Θεὸν

2069 4087 2174 4141 τῶν
2208 4088 2345 4142 ὅλων
2375 4086 2650 4157 ὀνομάζει·
2689 4085 2891 4156 Κύριον
2919 4088 2975 4140 δὲ
3003 4087 3095 4139 τὸν
3126 4085 3314 4138 τούτου
3342 4085 3535 4153 Λόγον,
3562 4085 3653 4137 τὸν

2067 4182 2131 4254 δὴ
2158 4182 2253 4236 καὶ
2285 4182 2553 4255 δευτέρως
2601 4182 2732 4251 ἡμῖν
2772 4180 2909 4251 μετά
2940 4179 3030 4231 τὸν
3071 4178 3180 4232 τῶν
3222 4178 3359 4230 ὅλων
3387 4178 3519 4255 Θεὸν
3557 4194 3652 4230 κυ-

390 4274 538 4345 quod
587 4289 688 4329 nos
736 4288 766 4326 a
820 4269 983 4325 Patre
1025 4270 1297 4341 genitum,
1344 4272 1705 4343 appellatione
1748 4270 1962 4326 Domini

2078 4273 2314 4346 ριολὸγού
2324 4292 2502 4346 μενον.
2548 4273 2706 4327 Ἀλλά
2741 4272 2850 4342 γὰρ
2880 4275 2991 4336 τοῖς
3028 4272 3123 4341 μὲν
3152 4270 3261 4324 τῶν
3288 4269 3455 4323 ἐθνῶν
3486 4270 3652 4341 ἀορά-

389 4380 740 4423 veneramur.
765 4364 1034 4419 Caeterum
1060 4362 1333 4433 praefectis
1357 4363 1576 4434 quidem
1602 4378 1667 4418 ac
1692 4364 1963 4419 tutoribus

389 4460 633 4531 gentium
651 4498 668 4524 ,
693 4458 871 4513 visum
894 4464 1142 4510 nostrum
1172 4454 1555 4526 eﬂ'ugientibus
1575 4495 1590 4519 ,
1619 4455 1754 4526 ipsis
1777 4455 1966 4526 utique

387 4552 600 4622 angelis
623 4592 637 4614 ,
670 4557 903 4606 cunctas
939 4557 1129 4620 gentes
1157 4557 1212 4602 et
1243 4548 1385 4602 tilios
1413 4547 1697 4603 hominum
1731 4562 1871 4617 quos
1902 4546 1965 4600 tl-

385 4646 490 4700 lios
536 4643 711 4699 Adam
757 4650 953 4707 vocat,
989 4642 1162 4712 ipsius
1202 4639 1460 4695 altissimi
1495 4637 1591 4695 Dei
1633 4638 1877 4709 judicio,
1909 4648 1963 4694 et

384 4739 547 4794 nobis
577 4734 976 4792 occultissimis
1004 4732 1335 4794 rationibus,
1362 4732 1438 4786 ait
1467 4731 1803 4787 distributos
1832 4726 1965 4787 fuis-

382 4847 442 4888 se
471 4830 776 4886 :-omnium
818 4843 952 4883 vero
992 4826 1434 4882 eminentissimo
1475 4826 1693 4896 praesidi
1736 4841 1800 4880 ac
1846 4826 1961 4895 regi

383 4924 667 4995 universi,
713 4924 816 4995 ipsi
859 4922 1051 4993 utique
1090 4921 1334 4984 Christo,
1380 4929 1643 4991 tanquam
1676 4920 1841 4975 unico
1870 4917 1961 4972 Fi-

379 5020 485 5083 lio,
518 5035 586 5075 ex
618 5017 755 5088 ipsis
784 5014 1099 5070 hominibus
1125 5011 1299 5068 Jacob
1324 5020 1488 5082 atque
1518 5010 1681 5067 lsrael
1700 5052 1715 5076 ,
1744 5011 1848 5066 hoc
1876 5019 1960 5066 est

380 5127 543 5167 omne
600 5110 970 5181 quodcunque
1006 5115 1061 5162 et
1098 5109 1221 5161 visu
1261 5105 1468 5175 percipi
1506 5113 1716 5175 potest,
1760 5110 1813 5157 et
1843 5102 1961 5156 cul-

379 5214 496 5259 tum
537 5202 631 5259 Dei
671 5204 983 5273 amplexum
1032 5210 1147 5266 est,
1204 5198 1467 5253 traditum
1517 5197 1691 5253 fuisse
1738 5211 1954 5266 genus:

378 5313 506 5352 nam
541 5296 637 5369 qui
675 5296 744 5352 ad
782 5297 1040 5350 virtutem
1078 5292 1360 5362 proposito
1396 5289 1699 5346 certamine
1735 5303 1958 5343 exerce-

376 5398 489 5452 tur,
529 5399 691 5458 atque
726 5387 907 5442 adhuc
947 5390 1155 5457 pugnat
1194 5391 1249 5437 et
1278 5383 1518 5436 luctatur
1557 5383 1613 5436 in
1654 5380 1958 5453 gymnasiis

375 5481 634 5549 pietatis,
677 5479 767 5533 hic
801 5476 1160 5533 Hebraeorum
1198 5474 1466 5529 vocabulo
1504 5472 1708 5528 dicitur
1740 5469 1951 5525 Jacob:

371 5570 468 5644 qui
498 5587 627 5626 vero
652 5571 767 5641 jam
795 5570 1045 5627 victoria:
1078 5584 1141 5624 ac
1170 5568 1520 5640 praemiorum
1584 5562 1728 5635 apud
1785 5561 1956 5617 Deum

370 5679 598 5737 compos
625 5676 709 5724 est
745 5646 962 5729 iactus,
1006 5662 1172 5719 lsrael
1212 5661 1545 5735 appellatur,
1585 5656 1769 5730 qualis
1806 5654 1956 5712 vide-

445 5834 489 5866 ’⁸
523 5840 679 5899 Deut.
715 5853 890 5905 xxxu,
923 5832 1047 5890 7-9.

2065 4381 2177 4429 τοις
2226 4365 2578 4437 προστάταις,
2620 4363 2802 4425 αὐτοῖς
2847 4361 2901 4413 δὲ
2936 4363 3050 4423 τοῖς
3096 4359 3367 4428 ἀγγέλοις,
3408 4358 3477 4412 τὰ
3521 4359 3650 4431 ἔθνη

2067 4460 2243 4515 πάντα
2286 4462 2380 4514 καὶ
2422 4460 2546 4522 τοὺς
2587 4458 2734 4519 υἱοὺς
2777 4454 2884 4507 τῶν
2932 4452 3234 4525 ἀνθρώπων
3278 4453 3427 4517 υἱοὺς
3478 4454 3651 4524 Ἀδὰμ

2065 4550 2543 4621 ἐπικαλουμένους,
2586 4548 2762 4620 κρίσει
2800 4547 2895 4600 τοῦ
2940 4546 3164 4615 ὑψίστου
3189 4545 3324 4599 Θεοῦ
3353 4546 3449 4598 καὶ
3472 4544 3650 4614 λόγοις

2064 4647 2324 4718 ἀρρήτοις
2376 4643 2506 4713 ήμίν
2560 4657 2691 4713 φησι
2732 4638 3144 4711 διανεμηθῆναι’
3196 4638 3275 4709 τῷ
3319 4638 3375 4691 δὲ
3430 4640 3647 4692 πάντων

2065 4735 2404 4807 ὲξοχωτάτῳ,
2445 4732 2675 4804 ἡγεμόνι
2718 4748 2776 4784 τε
2808 4731 2902 4784 καὶ
2942 4729 3151 4801 βασιλεῖ
3175 4729 3282 4783 τῶν
3308 4728 3464 4796 ὅλων,
3498 4726 3648 4798 αὐτῷ

2062 4828 2126 4900 δὴ
2158 4827 2234 4898 τῷ
2260 4825 2502 4896 Χριστῷ,
2531 4825 2607 4889 ὡς
2640 4824 2706 4879 ἂν
2739 4826 3019 4896 μονογενεῑ
3046 4822 3183 4894 Υίῷ,
3206 4822 3315 4875 τῶν
3344 4822 3402 4874 ὲν
3436 4820 3648 4893 ἀνθρώ-

2063 4937 2206 4983 ποις,
2238 4918 2328 4972 τδν
2371 4916 2566 4971 Ἰακὼὸ
2598 4917 2692 4971 καὶ
2750 4915 2988 4988 Ἰσραὴλ,
3019 4915 3265 4969 τουτέστι
3306 4917 3413 4968 πᾶν
3448 4914 3508 4967 τὸ
3534 4913 3645 4966 διο-

2067 5012 2284 5084 ρατικὺν
2333 5011 2427 5065 καὶ
2469 5011 2720 5074 θεοσεϐὲς
2751 5008 3123 5081 παραδοθῆναι
3162 5009 3337 5077 γένος.
3376 5006 3559 5061 Είσέτι
3589 5022 3644 5059 τι

2062 5105 2239 5160 ἀθλῶν
2282 5106 2373 5159 καὶ
2414 5104 2660 5159 παλαίων
2698 5105 2756 5156 ἐν
2796 5105 2907 5167 τοῖς
2950 5103 3071 5156 κατ’
3116 5101 3395 5155 εὐσέϐειαν
3430 5092 3639 5170 γυμνα-

2064 5199 2217 5265 σίοις,
2264 5197 2532 5269 Ἐϐραίων
2572 5194 2913 5266 προσηγορίᾳ
2946 5193 3208 5264 κέκληται
3260 5192 3491 5246 Ἰακὼϐ·
3520 5194 3549 5245 ὁ
3586 5191 3642 5243 δὲ

2060 5289 2159 5359 ήδη
2193 5289 2346 5358 νίκης
2392 5288 2485 5341 καὶ
2525 5287 2632 5340 τῶν
2673 5286 2823 5359 παρά
2863 5285 2984 5356 Θεῷ
3029 5284 3297 5357 βραϐείων
3342 5282 3644 5355 ἠξιωμένος

2072 5382 2288 5454 Ἰσραὴλ
2319 5381 2727 5452 ἀναγορεύεταιο
2761 5373 2872 5443 οἷος
2903 5379 3064 5443 αὐτὸς
3095 5374 3162 5449 ἦν
3202 5379 3408 5441 ἐκεῖνος
3446 5376 3475 5428 ὁ
3506 5372 3639 5445 βοώ-

2065 5489 2221 5543 μενος
2249 5470 2344 5525 τοῦ
2379 5470 2576 5533 παντὸς
2627 5468 2894 5541 Ἐϐραίων
2926 5467 3112 5530 ἔθνους
3150 5465 3473 5537 προπᾱτωρ,
3503 5460 3558 5515 οἵ
3583 5474 3642 5511 τε

2059 5562 2249 5616 τούτου
2276 5565 2487 5634 γνήσιοι
2517 5562 2706 5625 παῖδες
2731 5559 2987 5629 ἀπόγονοι
3018 5577 3077 5612 τε
3109 5559 3337 5621 τούτων,
3381 5557 3477 5612 καὶ
3509 5569 3639 5626 προ·

2067 5654 2319 5726 πάτορες.
2350 5655 2623 5727 προφῆται
2657 5654 2858 5717 πάντες
2884 5655 2979 5706 καὶ
3008 5651 3275 5721 θεοφιλεῖς
3309 5651 3522 5723 ἄνδρες.
3551 5643 3643 5717 Μὴ
