4126 6430
486 376 593 430 εει)

1372 369 2023 427 DEMONSTRATIONIS
2063 369 2525 427 EVANGELICIE
2560 371 2685 426 LIB.
2721 371 2810 426 iV.

3621 368 3727 421 2270

490 496 601 564 γάρ
648 511 737 564 μοι
781 491 842 546 τὸ
896 490 1160 545 Ἰουδαίων
1195 489 1395 561 πλῆθος
1427 489 1600 561 ταύτῃ
1643 487 1830 559 νόμιζε
1872 487 2062 559 δηλοῦ-

2168 489 2292 544 licet
2328 489 2427 542 fuit
2457 489 2546 543 ille
2578 491 2694 559 ipse
2725 485 3048 542 notissimus
3083 485 3251 540 totius
3288 482 3568 539 ﬂcbraicaa
3598 500 3730 553 gen-

495 587 641 649 σθαι,
672 586 862 657 μόνους
896 601 955 638 τε
987 585 1109 646 τοὺς
1148 582 1315 636 πάλαι
1344 583 1604 654 πρότερον
1645 582 1810 652 ἀρετῇ
1841 580 1934 634 καὶ
1967 580 2058 632 εύ-

500 677 686 749 σεϐεία
722 676 1184 746 τετελειωμένους.
1235 674 1467 737 Τούτους
1495 674 1562 745 δὴ
1594 671 1687 727 οὖν
1726 670 2059 743 παραλαϐὼν

499 770 529 823 ὁ
556 770 878 840 καθηγεμὼν
920 771 1013 823 καὶ
1045 769 1352 839 προστάτης
1385 768 1637 821 ἀπάντων
1664 767 1757 820 τοῦ
1781 763 1915 818 Θεοῦ
1956 764 2058 817 Λό-

500 877 616 928 γος,
643 861 732 912 ἐπὶ
771 858 867 929 τὴν
896 859 1056 929 μόνου
1085 859 1177 911 τοῦ
1207 859 1441 928 Πατρὸς,
1472 857 1632 910 αὐτοῦ
1671 857 1735 928 δὴ
1770 855 1861 910 τοῦ
1906 856 2061 926 Ὑψί-

504 967 648 1014 στου,
678 950 968 1023 θρησκείαν
1004 950 1316 1003 ἀνεκαλεῖτο
1349 950 1454 1003 τῶν
1482 949 1772 1020 ὁρωμένων
1805 948 2060 1001 ἀπάντων

504 1043 773 1106 ἀνωτάτω,
818 1043 1071 1097 ἐπέκεινά
1109 1060 1170 1096 τε
1207 1042 1433 1114 οὐρανοῦ
1475 1043 1569 1095 καὶ
1609 1042 1788 1112 πάσης
1830 1039 2062 1111 γενητῆς

501 1134 699 1197 οὐσίας,
733 1134 859 1198 τοὺς
898 1134 1167 1204 ὑπηκόους
1195 1135 1377 1204 ἡρέμα
1410 1134 1503 1186 καὶ
1538 1134 1726 1203 πράως
1760 1129 2060 1185 ἀνακαλού-

501 1240 675 1293 μενος,
706 1225 867 1294 μόνον
900 1241 958 1277 τε
985 1226 1166 1287 αὐτοῖς
1199 1226 1290 1278 τὸν
1320 1225 1632 1296 ἀγέννητον,
1671 1226 1764 1278 καὶ
1788 1223 1895 1276 τῶν
1924 1223 2060 1276 ὅλων

496 1318 723 1388 ποιητὴν
750 1318 882 1372 Θεὸν
907 1319 998 1371 τὸν
1029 1319 1250 1389 ὕψιστον
1285 1319 1609 1391 παραδιδοὺς
1638 1318 1900 1372 εὐσεϐεῖν.

2165 582 2236 636 tis
2271 589 2482 645 auctor,
2516 583 2745 652 ejusque
2776 580 2886 635 veri
2920 594 2983 633 ac
3012 578 3235 650 legitimi
3268 578 3398 645 ﬁlii,
3447 586 3609 647 atque
3639 577 3733 631 ho-

2164 686 2285 723 rum
2313 679 2536 741 nepotes
2565 692 2579 726 ι
2612 679 2822 726 veteres
2846 672 2970 725 item
3002 669 3275 739 prophetae
3303 682 3519 731 omnes,
3556 674 3609 722 et
3636 667 3731 737 qui

2165 762 2277 817 Deo
2298 763 2437 833 grati
2470 763 2690 818 fuerunt
2717 764 2819 816 viri
2852 786 2863 817 :
2903 763 3057 832 157
3083 762 3193 815 noli
3217 761 3369 824 mihi,
3396 774 3599 829 quaeso,
3628 776 3724 829 pu-

2167 864 2284 909 tare
2322 854 2634 910 Judaeorum
2672 866 2998 909 conventum
3035 855 3135 908 hac
3164 856 3524 924 appellatione
3555 852 3730 923 signi-

2170 944 2355 1004 iicari,
2398 951 2450 998 et
2490 959 2584 998 eos
2625 944 2771 998 solos
2806 944 2899 1013 qui
2937 944 3080 1013 apud
3120 945 3330 1013 priores
3368 944 3496 996 olim
3533 942 3733 996 virtute

2169 1051 2231 1091 ac
2287 1037 2484 1106 pietate
2537 1035 2762 1106 perfecti
2803 1036 3164 1091 exstiterunt:
3203 1037 3303 1092 hos
3343 1036 3525 1105 itaque
3575 1050 3733 1088 assu-

2166 1144 2320 1182 mens
2373 1129 2569 1183 ductor
2630 1130 2873 1183 omnium
2909 1145 2971 1183 ac
3011 1130 3262 1199 princeps
3319 1128 3413 1182 Dei
3450 1127 3686 1182 Verbum
3714 1165 3731 1190 ,

2171 1222 2236 1276 ad
2282 1222 2447 1275 unius
2488 1219 2702 1284 Patris,
2752 1222 2925 1292 ipsius
2962 1221 3225 1277 Altissimi
3274 1222 3482 1277 scilicet
3526 1221 3732 1275 cultum

2166 1314 2454 1368 revocabat
2476 1313 2859 1381 supra,omnia
2895 1329 3016 1382 quae
3048 1314 3150 1367 sub
3184 1313 3358 1367 visum
3391 1312 3617 1373 cadunt,
3651 1317 3732 1363 at-

492 1420 599 1473 que
637 1408 776 1460 ultra
804 1404 1000 1461 omium
1022 1446 1035 1471 ,
1066 1407 1317 1475 ultraque
1348 1422 1561 1463 omnem
1595 1421 1931 1479 quaecunque
1967 1403 2106 1458 facta
2142 1404 2214 1458 sit
2258 1411 2542 1467 naturam,
2573 1419 2665 1457 eos
2714 1403 2805 1473 qni
2848 1404 2950 1458 sibi
2995 1403 3206 1472 juhenti
3253 1404 3559 1474 paruissent
3601 1418 3731 1478 sen-

494 1500 596 1556 sim
643 1503 981 1572 benigneque
1028 1501 1300 1565 invitans,
1347 1500 1633 1570 solumque
1686 1500 1793 1555 illis
1823 1516 1945 1555 eum
1968 1538 1982 1563 ,
2018 1496 2110 1567 qui
2143 1496 2357 1566 genitus
2398 1510 2506 1550 non
2536 1502 2652 1559 est,
2684 1495 2923 1551 universi
2953 1496 3287 1552 conditorem
3322 1496 3489 1550 Deum
3530 1496 3736 1553 altissi-

493 1609 642 1647 mum
674 1591 959 1647 colendum
986 1591 1230 1647 tradens.

1238 1709 1319 1761 Ην.

2888 1700 3019 1755 Vill.

502 1799 599 1867 Ὠς
615 1801 1007 1878 μώρως-,τοὺς
1028 1798 1153 1878 κατ’
1172 1799 1428 1878 οἰζρανςὸγ
1447 1798 1859 1878 φωστῆραςτὰ
1881 1799 2062 1853 λοιπὰ

2168 1794 2321 1878 Quod
2368 1794 2484 1847 sola
2526 1792 2638 1847 caeli
2698 1794 2871 1848 sidera
2923 1805 2971 1878 ει
3037 1796 3235 1878 lumine
3292 1795 3518 1878 reliqua?-
3563 1807 3734 1878 gemes

563 1860 685 1924 τῶν
725 1860 913 1925 ἐθνίῶν
964 1860 1176 1926 ἔσεϐον
1220 1860 1496 1941 ἆγγέλοῖς
1554 1860 1717 1925 τισὶν
1740 1860 2062 1939 ’ἐγκεχωρι-

2189 1860 2203 1863 Ὗ
2232 1865 2491 1941 colerent,
2537 1880 2653 1934 qua:
2690 1862 2955 1919 seorsum'
2982 1865 3294 1934 quibusdam
3347 1860 3737 1938 aitgclis'assi-

568 1958 786 2009 σμενα.

566 2038 629 2090 Οἱ
660 2036 716 2089 δέ
747 2053 811 2105 γε
842 2035 950 2088 τῶν
978 2035 1153 2090 ἄλλων
1184 2034 1354 2089 ἐθνῶν
1402 2034 1689 2089 ἐπιστάται
1717 2032 1935 2101 ἄγγελοι
1968 2032 2063 2085 καὶ

498 2128 749 2198 ποιμένες
763 2130 888 2193 τοὺς
910 2127 985 2199 μὴ
999 2129 1143 2191 οἴους
1163 2145 1221 2180 τε
1244 2126 1320 2197 νῷ
1343 2128 1433 2180 τὸν
1454 2128 1684 2199 ἀόρατον
1709 2124 2027 2178 ἐποπτεύειν
2046 2162 2061 2185 ,

498 2223 629 2294 μηδὲ
655 2223 965 2277 ἀναϐαίνειν
992 2221 1243 2276 τοσοῦτον
1268 2222 1333 2274 δι’
1368 2221 1571 2274 οίκείαν
1606 2218 1887 2272 ἀσθένειαν
1913 2258 1928 2282 ,
1953 2218 2065 2279 τοῖς

494 2313 784 2383 ὁρωμένοις
821 2316 938 2367 κατ’
970 2313 1194 2384 οὐρανὸν
1230 2312 1515 2384 προσέχειν
1547 2310 1765 2379 ἠξίουν,
1799 2308 1933 2379 ἡλίῳ
1973 2308 2065 2360 καὶ

499 2403 693 2473 σελήνῃ
732 2403 828 2455 καὶ
863 2403 1101 2473 ἄστροιςο
1136 2402 1172 2456 ἀ
1215 2402 1278 2473 δὴ
1318 2402 1412 2454 καὶ
1444 2402 1500 2452 ὲν
1532 2403 1595 2471 τῇ
1632 2398 1930 2469 φαινομένῃ
1959 2396 2066 2450 τῶν

498 2493 633 2545 ὅλων
659 2493 815 2561 φύσει
839 2494 1205 2565 διαπρέποντα
1223 2533 1238 2557 ,
1272 2492 1384 2546 ἀνω
1415 2494 1507 2546 καὶ
1532 2493 1613 2544 ὅτι
1642 2490 1874 2562 μάλιστα
1904 2492 2067 2557 ἐγγυ-

499 2582 644 2634 τάτω
676 2581 751 2645 ὡς
782 2581 847 2634 ἂν
872 2584 930 2634 ἐν
971 2582 1263 2653 προθύροις
1292 2580 1386 2635 τοῦ
1416 2579 1802 2651 παμϐασιλέως
1831 2580 1929 2642 τὰς
1958 2577 2065 2631 τῶν

496 2670 745 2740 ὁρώντων
786 2671 935 2740 ὄψεις
979 2671 1320 2735 ἀνεκαλεῖτο,
1363 2673 1427 2724 ἐκ
1480 2669 1740 2740 μεγέθους
1786 2668 1880 2721 καὶ
1931 2666 2065 2720 καλ·-

494 2759 652 2831 λονῆς
674 2762 780 2816 τῶν
800 2764 1091 2833 ὁρωμένων
1115 2763 1424 2833 κτισμάτων
1443 2761 1718 2829 ἀναλόγως
1738 2760 1830 2813 τοῦ
1849 2759 2064 2813 πάντων

492 2850 872 2920 γενεσιουργοῦ
915 2851 1013 2919 τὴν
1064 2850 1294 2920 θεωρίαν
1339 2849 1721 2920 ἐμφανίζοντα.
1764 2867 1783 2900 ι
1827 2848 1909 2902 Τά
1956 2848 2065 2919 γάρ

495 2938 702 3009 ἀόρατα
743 2937 943 3003 αὐτοῦ,
988 2959 1005 2990 ι
1112 2956 1273 3010 φησιν
1297 2941 1325 2990 ὁ
1351 2937 1492 3002 θεῖος
1534 2937 1869 3003 Ἀπόστολος,
1906 2958 1924 2990 ι
1959 2939 2067 2993 ἀπὸ

494 3032 722 3095 κτίσεως
754 3032 957 3103 κόσμου
990 3035 1102 3096 τοῖς
1136 3034 1400 3103 ποιήμασι
1428 3030 1692 3102 νοούμενα
1730 3032 2063 3105 καθορᾶται,

491 3121 526 3189 ἥ
553 3138 610 3174 τε
635 3122 804 3185 ἀΐδιος
835 3122 998 3175 αὐτοῦ
1014 3122 1239 3193 δύναμις
1268 3123 1360 3175 καὶ
1393 3121 1622 3193 θειότης.
1655 3143 1674 3174 ι
1702 3124 1811 3177 Καὶ
1832 3123 1991 3177 τοῦτο
2010 3124 2067 3177 δὲ

2234 1946 2407 2005 gnata:
2438 1936 2564 1988 sint.

2234 2027 2477 2079 Aliarum
2510 2040 2639 2080 vero
2674 2024 2914 2096 gentium
2956 2023 3194 2094 praefecti
3229 2026 3403 2096 angeli
3450 2034 3611 2097 atque
3642 2042 3735 2097 pa.

2164 2126 2343 2174 stores
2364 2159 2378 2185 ,
2408 2133 2504 2173 eos
2527 2116 2618 2187 qui
2649 2122 2849 2180 mente,
2880 2116 3027 2169 illum
3062 2118 3152 2185 qui
3182 2116 3301 2172 visu
3343 2119 3555 2171 mortali
3585 2118 3736 2173 cerni

2164 2211 2371 2279 nequit,
2398 2208 2596 2263 intueri
2620 2223 2731 2261 non
2762 2214 3030 2276 poterant,
3059 2221 3234 2275 neque
3258 2214 3370 2260 tam
3422 2208 3526 2262 alte
3550 2209 3622 2263 ob
3641 2210 3740 2263 do-

2165 2303 2449 2356 mesticam
2479 2299 2905 2355 imbecillitatem
2930 2300 3245 2362 ascendere,
3274 2314 3339 2352 ea
3368 2315 3487 2366 qua:
3521 2301 3575 2353 in
3599 2301 3739 2356 caelo

2167 2401 2483 2463 spectantur
2506 2391 2865 2462 contemplari
2891 2391 3210 2456 suadebant,
3235 2392 3427 2454 solem,
3455 2398 3509 2445 et
3532 2392 3737 2455 lunam,

2166 2491 2220 2537 et
2246 2484 2450 2538 stellas.
2482 2481 2615 2549 Quae
2647 2482 2865 2552 quidem
2913 2496 3037 2535 cum
3074 2482 3157 2537 vel
3191 2484 3244 2537 in
3279 2482 3505 2538 cadente
3535 2483 3636 2537 sub
3660 2485 3740 2538 vi-

2166 2588 2285 2627 sum
2322 2581 2568 2628 nostrum
2599 2573 2838 2627 universi
2883 2580 3078 2626 natura
3109 2574 3465 2642 pramiteant,
3520 2590 3740 2630 sursum

2166 2672 2328 2734 atque
2360 2664 2560 2735 oppido
2590 2680 2752 2734 quam
2793 2672 3014 2735 propter
3062 2673 3318 2735 tanquam
3361 2667 3415 2720 in
3451 2667 3587 2736 ipsis
3618 2684 3737 2722 oni-

2164 2754 2315 2808 nium
2340 2756 2483 2825 regis
2514 2755 2818 2818 vestibulis,
2845 2755 2994 2825 ipsos
3025 2756 3351 2810 intuentium
3389 2765 3642 2827 aspectus
3665 2758 3744 2811 al-

2166 2846 2378 2911 liciunt,
2402 2855 2565 2917 atque
2597 2862 2661 2901 ex
2692 2861 2879 2901 earum
2903 2862 3083 2901 rerum
3115 2848 3486 2918 magnitudine
3514 2863 3577 2902 ac
3619 2864 3745 2920 spe-

2165 2939 2268 3002 cie,
2307 2954 2428 3008 qute
2452 2952 2576 2992 cum
2609 2936 2763 2993 facta:
2802 2940 2912 2993 sint
2940 2948 3243 2994 cernuntur
3274 2940 3483 3007 oculis,
3514 2956 3743 3013 propor-

2167 3031 2314 3084 tione
2350 3031 2607 3100 quadam,
2639 3031 2877 3086 auctoris
2907 3033 3257 3103 parentisque
3282 3034 3525 3088 omnium
3560 3037 3745 3106 cogni-

2168 3122 2395 3187 tionem,
2422 3123 3045 3193 contemplationemque
3079 3139 3191 3193 prae
3227 3139 3286 3179 se
3331 3124 3510 3179 ferunt
3539 3145 3552 3181 :
3593 3144 3613 3178 ι
3650 3125 3743 3181 ln-

491 3213 653 3268 πάλιν
674 3218 701 3268 ὁ
743 3216 912 3287 μέγας
938 3214 1172 3294 Μωῦσῆς
1199 3217 1562 3286 μυσταγωγεῖ.
1594 3216 1696 3269 Τὸν
1726 3217 1833 3287 γάρ
1858 3234 1938 3270 τοι
1969 3217 2061 3270 τοῦ

2168 3214 2398 3269 visibilia
2422 3215 2566 3269 enim
2595 3215 2799 3285 ipsius,
2846 3223 2904 3268 ut
2929 3216 3003 3269 ait
3033 3214 3251 3272 divinus
3282 3215 3577 3287 Apostolus
3599 3217 3665 3283 “,
3712 3234 3745 3273 a

491 3305 697 3376 Κυρίου
721 3306 917 3376 κλῆρον
938 3307 1013 3378 νῷ
1038 3308 1249 3372 διαυγεῖ
1269 3310 1361 3364 καὶ
1382 3311 1525 3382 ψυχῇ
1550 3309 1934 3381 κεκαθαρμένη
1958 3308 2065 3362 τῶν

492 3397 697 3468 νοητῶν
724 3399 816 3451 καί
846 3400 1148 3470 ἀσωμάτων
1181 3400 1491 3472 ἐριγνᾶσθαι
1516 3402 1857 3473 προτρέπων,
1892 3400 2065 3471 εἴργει

492 3487 591 3556 τῆς
642 3488 748 3541 τῶν
801 3490 1087 3560 ὁρωμένων
1142 3492 1259 3545 κατ’
1313 3493 1538 3564 οὐρανὸν
1568 3490 1901 3563 ἐκπλήξεως,
1946 3493 2066 3544 ὲπι-

492 3576 694 3645 λέγων,
725 3579 805 3631 ὅτι
837 3578 899 3649 δὴ
936 3599 952 3630 ι
1001 3579 1183 3633 Ταῦτα
1218 3582 1478 3652 ἀπένειμε
1509 3581 1712 3652 Κύριος
1747 3583 1775 3633 ὁ
1806 3581 1937 3644 Θεός
1971 3596 2063 3633 σου

492 3672 625 3723 πᾶσι
660 3672 770 3733 τοῖς
811 3670 1037 3726 ἔθνεσιν.
1067 3691 1085 3723 ι
1115 3672 1213 3725 Διά
1244 3672 1296 3726 τί
1322 3674 1366 3726 δ’
1398 3672 1832 3743 ἀπονενεμῆσθαι
1857 3674 2023 3743 ἔφησε
2048 3711 2062 3735 ,

494 3760 719 3814 συνιδεῖν
760 3762 1073 3831 ἀναγκαῖον.
1109 3763 1485 3827 Πολυπλανοῦς
1524 3764 1873 3835 ὑπαρχούσης
1900 3763 2066 3834 ἀορά-

492 3868 598 3915 τως
628 3854 756 3923 ἡμῖν
779 3853 921 3924 ἀμφὶ
946 3854 1035 3907 τὸν
1057 3856 1183 3926 περὶ
1205 3856 1306 3926 γῆν
1332 3856 1466 3927 ἀέρα
1496 3856 1829 3926 πωτωμένης
1852 3854 2063 3925 χθονίου

492 3946 587 3998 καὶ
618 3946 935 4015 δαιμονικῆς
966 3947 1183 4011 οὐσίας,
1218 3945 1495 4015 ἀγνώστου
1531 3964 1590 3999 τε
1625 3948 1719 4000 καὶ
1750 3946 2064 4016 ἀδιακρίτου

491 4036 825 4108 ἀνθρώποις,
861 4038 961 4107 τῆς
996 4038 1104 4093 τῶν
1140 4038 1358 4107 ἀγαθῶν
1403 4039 1724 4110 πνευμάτων
1769 4040 1860 4093 καὶ
1905 4038 2063 4092 δυνά-

495 4144 673 4199 μεων,
715 4130 805 4182 καὶ
842 4130 1018 4184 αὐτῶν
1061 4130 1124 4201 δὴ
1171 4131 1278 4183 τῶν
1318 4130 1476 4184 θείων
1524 4129 1767 4199 ἀγγέλων
1814 4129 1950 4202 πρὸς
1998 4130 2065 4184 τὰ

490 4219 658 4291 χείρω
688 4219 941 4291 διαφόρου
974 4220 1325 4293 καθεστώσης
1348 4260 1364 4285 ,
1398 4223 1497 4274 οὐκ
1527 4221 1699 4285 ἄλλως
1726 4217 1784 4275 εὖ
1820 4219 1930 4292 εἶχε
1953 4225 2064 4284 τοῖς

490 4310 587 4381 τῆς
617 4311 875 4365 ἀνωτάτω
897 4311 991 4365 τοῦ
1014 4314 1401 4384 παμϐασιλέως
1421 4315 1701 4379 εὐσεϐείας
1723 4317 2063 4369 ἀποπίπτου-

492 4419 575 4456 σιν
620 4403 652 4475 il
686 4403 793 4456 τῶν
828 4404 1119 4476 ὁρωμένων
1155 4406 1275 4459 κατ’
1308 4406 1533 4476 οὐρανὸν
1571 4406 1640 4460 τὰ
1678 4407 1939 4477 κράτιστα
1983 4410 2065 4461 αἱ-

495 4496 724 4569 ρεῖσθαι.
756 4496 882 4559 Δέος
914 4496 1020 4568 γὰρ
1052 4498 1112 4550 ού
1138 4497 1198 4550 τὸ
1230 4498 1388 4569 τυχὸν
1416 4493 1504 4569 ἦν,
1539 4500 1780 4569 μήποτε,
1808 4499 1940 4552 Θεὸν
1969 4499 2064 4571 ζη-
2100 4570 2114 4586 1

490 4588 708 4654 τούντες
744 4590 838 4643 καὶ
878 4589 949 4643 τὰ
978 4590 1181 4662 ἀόρατα
1217 4592 1826 4664 πολυπραγμονοῦντες,
1859 4594 2063 4665 ἀπορίᾳ

491 4680 598 4734 τῶν
641 4680 861 4748 ἀφανῶν
903 4683 995 4735 καὶ
1032 4682 1239 4753 ἀδήλων
1279 4684 1358 4746 εἰς
1396 4683 1639 4747 ἐναντίας
1671 4684 1925 4755 δυνάμεις
1970 4684 2064 4738 καὶ

489 4771 804 4842 δαιμονικάς
826 4777 1227 4844 περιτραπεῖεν.
1246 4774 1363 4826 Τῶν
1382 4776 1672 4845 ὁρωμένων
1695 4771 1786 4828 οὖν
1802 4775 1868 4828 τὰ
1888 4775 2065 4844 πάντη

490 4865 763 4936 διαπρεπῆ
790 4865 882 4918 τοῦ
902 4865 1035 4919 Θεοῦ
1057 4866 1511 4938 δημιουργήματα
1534 4869 1643 4930 τοῖς
1676 4868 1751 4937 μὴ
1773 4867 1864 4921 τοῦ
1891 4867 2067 4939 κρείτ-

489 4973 639 5020 τονος
676 4957 980 5027 ἐφιεμένοις
1015 4957 1440 5028 παραδεδόσθαι,
1475 4958 1823 5028 ἀμωσγέπως
1856 4958 2063 5012 ἐνθένδε

490 5047 588 5117 τῆς
616 5049 709 5102 τοῦ
740 5049 972 5121 ἀοράτου
1000 5050 1231 5119 θεωρίας
1251 5086 1266 5111 ι
1291 5051 1367 5115 ὡς
1395 5050 1460 5103 ἂν
1492 5050 1582 5103 διά
1603 5068 1745 5114 τινος
1777 5051 2062 5123 ἐσόπτρου,

490 5155 628 5211 παρε
638 5141 1029 5212 μφαινομένης.

2172 3314 2421 3360 creatura
2446 3306 2654 3371 mundi,
2692 3322 2787 3377 per
2813 3324 2877 3361 ea
2908 3323 3027 3377 qua:
3062 3307 3203 3362 facta
3240 3318 3368 3364 sunt
3431 3311 3702 3365 intellecta
3724 3348 3743 3379 ,

2171 3399 2603 3468 conspiciuntur,
2638 3398 3075 3469 sempiternaque
3098 3401 3217 3469 ejus
3245 3402 3440 3463 virtus,
3466 3410 3520 3456 et
3546 3402 3746 3457 divini-

2171 3498 2273 3545 tas.
2320 3510 2338 3542 ι
2376 3488 2487 3543 Hoc
2528 3505 2744 3559 quoque
2774 3505 3000 3560 magnus
3035 3490 3249 3563 Moyses
3281 3508 3475 3548 rursus
3508 3502 3566 3547 ut
3591 3509 3748 3548 arca—

2171 3595 2302 3634 num
2334 3589 2387 3634 et
2413 3594 2635 3635 sacrum
2665 3580 2895 3645 inducit,
2926 3595 3051 3634 nam
3084 3581 3295 3636 Domini
3329 3591 3529 3639 sortem
3553 3584 3748 3638 adhor-

2171 3681 2315 3735 tans,
2347 3678 2405 3723 ut
2451 3678 2633 3724 mente
2676 3670 2854 3723 lucida
2881 3671 3172 3741 animoque
3227 3681 3457 3743 purgato
3506 3688 3570 3729 ea
3625 3692 3746 3746 qua;

2172 3763 2288 3817 sola
2328 3761 2684 3827 intelligentia
2716 3762 3039 3830 capiuntur,
3098 3770 3153 3816 et
3211 3765 3459 3833 corporis
3502 3769 3746 3835 expertia

2172 3858 2320 3915 sunt,
2349 3851 2741 3921 concupiscat:
2782 3854 3031 3923 prohibet
3081 3868 3145 3908 ea
3179 3870 3299 3924 quae
3339 3854 3393 3908 in
3446 3857 3586 3910 ccelo
3630 3872 3751 3927 spei

2170 3952 2388 3999 ctantur
2416 3944 2880 4015 admirari,supra
2912 3960 2941 3998 a
2975 3961 3033 4000 se
3049 3944 3211 4001 dictis
3246 3946 3570 4015 adiungens,
3602 3950 3746 4018 quod

2172 4036 2286 4091 haec
2326 4036 2602 4092 distribuit
2652 4034 2916 4091 Dominus
2943 4034 3086 4091 Deus
3114 4044 3241 4091 tuus
3275 4054 3295 4087 ι
3325 4038 3538 4093 cunctis
3573 4040 3749 4110 genti-

2171 4129 2274 4184 bus
2303 4128 2370 4160 "'
2398 4148 2410 4182 :
2457 4147 2474 4178 ι
2506 4143 2606 4182 cur
2631 4136 2811 4183 autem
2841 4130 3133 4185 distributa
3169 4127 3337 4184 fuisse
3374 4129 3602 4193 dixerit,
3654 4145 3750 4185 co—

2169 4240 2431 4294 gnoscere
2460 4239 2639 4295 opera:
2664 4226 2895 4294 pretium
2924 4233 3025 4280 est.
3073 4224 3207 4281 Cum
3239 4224 3522 4295 multiplici
3563 4241 3747 4281 errore

2171 4322 2430 4385 vagetur,
2463 4323 2518 4371 et
2554 4316 2713 4371 nobis
2743 4316 2889 4371 haud
2944 4316 3297 4371 cernentibus
3343 4317 3553 4370 circum
3601 4317 3749 4371 hunc

2169 4423 2345 4463 aerem
2371 4409 2462 4479 qui
2494 4417 2692 4463 terram
2725 4408 2913 4473 ambit,
2947 4408 3225 4463 terrestris
3279 4407 3526 4478 quaedam
3558 4409 3748 4463 volitet

2172 4517 2235 4557 ac
2283 4501 2578 4557 daemonica
2636 4508 2853 4565 natura,
2905 4499 3065 4571 158
3096 4516 3256 4571 quam
3287 4500 3537 4556 homines
3571 4516 3747 4571 neque

2170 4608 2519 4665 cognoscere,
2556 4609 2731 4664 neque
2763 4594 3079 4649 discernere
3120 4593 3301 4649 idonei
3333 4601 3483 4656 sunt,
3509 4608 3746 4663 cumque

2172 4685 2438 4739 bonorum
2458 4685 2587 4740 item
2620 4686 2912 4755 spirituum
2946 4700 3010 4739 ac
3041 4693 3391 4756 potestatum,
3423 4695 3476 4739 et
3505 4685 3748 4753 ipsorum

2172 4778 2406 4847 denique
2436 4776 2746 4831 divinorum
2777 4779 3092 4848 angelorum
3121 4787 3339 4841 natura,
3363 4780 3430 4832 ab
3456 4792 3519 4832 ea
3551 4792 3671 4847 qua:
3692 4778 3747 4832 in

2172 4867 2412 4924 deterius
2448 4869 2599 4938 lapsa
2629 4876 2734 4934 est,
2758 4871 3103 4925 continenter
3129 4869 3393 4925 dissideat
3418 4886 3431 4920 :
3458 4883 3564 4922 non
3588 4869 3748 4924 aliter

2172 4960 2239 5015 iis
2271 4960 2361 5029 qui
2393 4976 2421 5013 a
2452 4961 2691 5030 supremi
2717 4962 2958 5016 omnium
2988 4960 3152 5032 Regis
3179 4962 3327 5016 cultu
3358 4960 3744 5025 declinassent,

2171 5066 2258 5105 res
2286 5052 2424 5107 bene
2454 5061 2668 5121 poterat
2706 5052 2901 5108 cedere
2926 5093 2942 5117 ,
2990 5068 3152 5123 quam
3191 5053 3238 5107 si
3285 5067 3474 5107 eorum
3520 5066 3642 5119 qua:
3689 5051 3747 5107 in

2172 5145 2313 5198 ccelo
2361 5153 2696 5214 spectantur,
2732 5163 2853 5215 qua:
2888 5144 3336 5215 praestantissima
3369 5150 3518 5207 sunt,
3547 5143 3745 5214 elegis-

490 5240 650 5286 sent:
688 5233 987 5302 periculum
1025 5234 1170 5289 enim
1215 5251 1324 5290 non
1373 5235 1645 5292 mediocre
1683 5243 1801 5291 erat.
1825 5278 1840 5303 ,
1889 5237 2087 5291 necubi
2131 5237 2298 5293 Deum
2339 5249 2644 5310 quaerentes
2667 5278 2682 5302 ,
2723 5246 2778 5294 et
2807 5239 3081 5293 curiusius
3104 5250 3223 5305 qua:
3246 5237 3312 5291 ad
3335 5244 3612 5307 aspectum
3635 5253 3747 5293 non

491 5328 714 5381 veniunt
780 5327 1133 5398 indagantes,
1174 5329 1489 5385 difﬁcultate
1518 5347 1705 5386 earum
1763 5347 1943 5387 rerum
1974 5348 2094 5400 quae
2134 5335 2304 5389 latent
2330 5334 2689 5405 obscuraque
2753 5340 2903 5399 sunt,
2951 5332 3017 5386 ad
3049 5331 3352 5387 contrarias
3390 5331 3748 5388 daemonicas-

490 5436 594 5489 que
623 5429 921 5491 potestates
953 5433 1330 5479 verterentur:
1363 5441 1431 5480 ex
1479 5426 1546 5482 iis
1600 5427 1765 5497 igitur
1795 5444 1917 5498 quae
1974 5436 2275 5483 cernuntur
2325 5430 2501 5485 oculis
2567 5429 2749 5484 omnia
2779 5426 2872 5480 Dei
2924 5441 3126 5496 opera,
3169 5427 3326 5481 valde
3389 5425 3748 5482 conveniebat

489 5514 580 5577 iis,
639 5516 730 5586 qui
786 5516 919 5570 nihil
969 5520 1320 5587 praestantius
1360 5522 1846 5592 concupiscerent,
1903 5525 2097 5595 quavis
2137 5524 2351 5580 ratione
2384 5524 2762 5580 commendata
2804 5535 2949 5582 esse,
3014 5522 3211 5592 quippe
3245 5539 3369 5578 cum
3416 5538 3479 5577 ex
3513 5520 3583 5576 iis
3616 5521 3744 5584 ille,

489 5609 581 5678 qui
606 5612 783 5666 oculis
815 5612 966 5668 cerni
994 5628 1102 5668 non
1134 5621 1334 5683 potest,
1360 5615 1518 5685 quasi
1554 5617 1609 5670 in
1650 5618 1885 5688 quodam
1936 5619 2160 5690 speculo
2190 5619 2639 5689 contemplandus
2667 5627 2942 5686 appareat.

628 5789 672 5821 “
706 5787 859 5843 non).
894 5807 930 5857 ι,
963 5791 1053 5846 20.
1128 5791 1193 5823 ’θ’
1230 5790 1385 5847 Deut.
1408 5806 1478 5860 tv,
1512 5791 1592 5848 19.
