4126 6418
423 364 519 419 271

1120 472 1207 526 ιχ.

422 586 496 641 Dc
541 586 752 639 inimica
813 601 874 637 ac
932 585 1033 651 ipsi
1075 583 1183 636 Deo
1239 583 1547 637 adversante
1596 592 1881 651 potestate,
1934 594 1982 635 et

487 673 546 711 eo
575 657 664 725 qui
711 656 763 707 in
790 654 886 725 hac
934 654 1268 725 dominatur,
1311 663 1361 707 et
1412 654 1847 723 quemadmodum
1895 668 1985 721 per

454 788 461 797 O
488 723 621 779 hanc
656 741 806 777 omne
831 724 1097 777 hominum
1127 723 1397 777 seductum
1427 734 1505 778 est
1531 739 1713 793 genus.

486 859 550 913 Et
579 859 690 913 haec
719 858 936 929 quidem
964 856 1044 912 sic
1072 873 1130 912 se
1152 856 1424 912 habebant
1451 876 1462 910 :
1500 855 1838 911 adversantis
1856 870 1985 910 vero

416 965 480 1005 ac
505 950 719 1005 rebellis
750 949 1035 1020 potestatis
1076 947 1258 1012 factio,
1290 948 1404 1003 sive
1447 946 1750 1002 dazmonum
1782 962 1847 1001 ea
1877 947 1979 1013 sit,

417 1041 529 1095 sive
555 1040 783 1094 aliorum
813 1041 975 1094 etiam
1003 1039 1438 1109 depravatiorum
1467 1041 1778 1110 spirituum,
1801 1040 1893 1110 qui
1927 1047 1983 1095 et

416 1132 537 1196 plus
562 1140 615 1185 et
654 1131 833 1185 minus
855 1130 921 1185 de
951 1131 1154 1183 malitia
1183 1137 1484 1200 reportant,
1514 1131 1695 1202 gravis
1722 1140 1981 1201 praeterea

415 1220 696 1288 cujusdam
726 1223 1014 1297 magnique
1063 1220 1347 1284 daemonis,
1382 1223 1476 1290 qui
1504 1223 1747 1277 omnium
1775 1222 1980 1292 princi—

414 1321 603 1381 patum
636 1311 775 1367 inter
806 1327 902 1366 eos
946 1313 1174 1375 obtinet,
1206 1312 1297 1382 qui
1325 1312 1484 1381 primi
1527 1312 1580 1366 in
1610 1313 1795 1367 divino
1829 1315 1979 1367 cultu

413 1409 763 1462 nutaverant,
794 1411 954 1470 atque
983 1401 1055 1455 ob
1080 1399 1130 1455 id
1164 1402 1444 1471 preprium
1475 1402 1796 1457 vocabulum
1839 1404 1981 1457 ami-

412 1509 552 1559 sere,
596 1493 756 1548 saluti
788 1492 1069 1547 hominum
1113 1493 1382 1556 invidens,
1415 1493 1467 1547 in
1494 1492 1821 1547 contrariam
1855 1508 1981 1563 par-

412 1594 519 1640 tem
562 1584 833 1647 trahebat,
863 1585 1147 1653 omnisque
1176 1585 1391 1654 generis
1421 1585 1639 1638 malitia:
1673 1584 1938 1638 machinis
1961 1623 1976 1648 ,

410 1678 624 1732 cunctis
652 1678 924 1747 gentibus,
954 1677 1164 1746 ipsique
1203 1678 1362 1731 etiam
1420 1677 1556 1730 sorti
1610 1675 1860 1741 Domini,
1911 1692 1977 1731 ex

412 1767 614 1822 invidia
658 1767 956 1832 honorum,
1014 1766 1398 1833 insidiabatur;
1444 1765 1670 1835 proinde
1720 1765 1830 1821 Deo
1882 1767 1978 1821 ad-

411 1871 623 1913 versam
661 1856 989 1927 impiamque
1016 1857 1192 1927 magni
1227 1857 1371 1912 illius
1399 1857 1661 1913 daemonis
1691 1858 1976 1930 cogitatio-

408 1963 556 2007 nem,
585 1947 932 2016 propheticus
976 1947 1200 2016 spiritus
1232 1948 1284 2001 in
1316 1948 1453 2002 Isaia
1482 1947 1561 2002 sic
1585 1948 1973 2018 propemodum

407 2039 775 2109 reprehendit,
815 2038 1002 2092 dicens
1038 2057 1051 2092 :
1090 2055 1110 2088 ι
1154 2037 1297 2091 Dixit
1326 2038 1505 2102 enim,
1560 2039 1615 2092 in
1657 2037 1975 2095 fortitudine

409 2130 625 2193 faciam,
651 2139 704 2184 et
734 2130 787 2182 in
823 2129 1087 2199 sapientia
1112 2129 1419 2183 intellectus
1450 2128 1692 2183 auferam
1712 2131 1974 2186 terminos

405 2222 665 2292 gentium,
688 2229 739 2273 et
752 2220 916 2274 robur
930 2235 1115 2274 earum
1133 2220 1498 2290 deprzedahor,
1518 2228 1571 2275 et
1584 2222 1820 2291 quatiam
1838 2223 1974 2278 civi-

402 2321 544 2367 tates
570 2326 690 2382 quae
713 2311 1045 2375 habitantur,
1062 2320 1115 2365 et
1132 2312 1317 2365 orbem
1337 2319 1604 2393 terrarum
1641 2321 1812 2368 totum
1832 2329 1974 2368 com-

405 2397 734 2467 prehendam
763 2413 927 2451 manu
951 2399 1105 2468 quasi
1127 2398 1336 2463 nidum,
1352 2407 1404 2453 et
1420 2402 1574 2469 quasi
1594 2416 1699 2455 ova
1714 2401 1972 2457 derelicta

404 2489 610 2555 tollam,
629 2497 682 2543 ct
703 2504 807 2541 non
821 2490 924 2543 erit
938 2490 1031 2559 qui
1052 2488 1271 2559 eli‘ugiat
1290 2499 1495 2553 me,aut
1511 2493 1848 2546 contradicat
1871 2495 1973 2547 mi-

404 2582 543 2636 hi".
561 2580 751 2651 »159
778 2580 867 2635 lla:
894 2596 1023 2636 sane
1046 2582 1189 2635 illius
1215 2583 1365 2651 impii
1391 2591 1444 2637 et
1468 2593 1657 2638 contra
1682 2583 1848 2638 Deum
1872 2601 1968 2655 pu-

404 2675 620 2744 gnantis
651 2687 833 2735 voces,
866 2674 955 2742 qui
982 2674 1035 2726 in
1069 2673 1264 2727 robore
1300 2674 1521 2728 malitiae
1568 2675 1829 2744 gloriatur
1852 2716 1869 2741 ,
1916 2684 1971 2732 et

406 2765 610 2832 angelis
654 2766 723 2821 ab
769 2766 1051 2820 Altissimo
1099 2766 1329 2822 traditos
1381 2768 1622 2835 gentium
1683 2769 1967 2833 terminos,

400 2861 741 2933 direptarum
769 2879 827 2917 se
852 2869 905 2916 et
936 2861 1291 2916 conl‘usurum
1326 2865 1568 2917 minatur
1593 2903 1609 2929 ,
1674 2863 1970 2934 orbemque

402 2950 864 3022 deprardaturum,
891 2958 946 3005 et
967 2966 1127 3006 omne
1161 2966 1334 3021 genus
1369 2952 1650 3004 hominum
1698 2967 1969 3007 excussur-

404 3059 547 3108 rum,
584 3043 813 3113 ejusque
843 3042 1078 3112 priorem
1113 3043 1359 3097 ordinem
1409 3050 1746 3097 mutaturum
1773 3044 1965 3114 jactat.

407 3133 464 3188 Si
486 3150 614 3191 vero
643 3150 751 3205 quo
781 3135 963 3187 animo
995 3134 1123 3187 talia
1156 3133 1223 3189 de
1249 3134 1429 3204 seipso
1450 3135 1795 3199 mentiretur,
1826 3136 1966 3190 scire

402 3226 511 3287 vis,
547 3226 675 3279 audi
708 3223 952 3279 eamdem
986 3225 1328 3294 prophetiam
1380 3224 1461 3279 sic
1512 3239 1708 3281 rursus
1752 3225 1821 3281 de
1874 3226 1968 3281 illo

405 3315 672 3370 dicentem
702 3335 714 3369 :
754 3334 773 3366 ι
811 3315 1095 3381 Quomodo
1125 3315 1322 3370 cecidit
1356 3316 1423 3371 de
1452 3316 1591 3371 caelo
1616 3315 1851 3382 Lucifer,
1876 3317 1969 3387 qui

404 3418 563 3458 mane
596 3404 920 3458 oriebatur?
959 3404 1225 3459 contritus
1256 3414 1341 3460 est
1380 3405 1435 3458 in
1468 3413 1691 3472 terram,
1721 3406 1815 3477 qui
1843 3407 1970 3459 mit-

403 3494 552 3548 tebat
586 3493 654 3547 ad
697 3509 887 3550 omnes
915 3503 1122 3565 gentes.
1176 3495 1256 3549 Tu
1306 3511 1435 3551 vere
1466 3496 1653 3553 dixisti
1688 3497 1742 3551 in
1792 3505 1970 3554 mente

404 3594 535 3639 tua:
574 3583 633 3639 lu
668 3585 866 3640 cmlum
906 3588 1218 3652 ascendam,
1244 3603 1409 3658 super
1440 3598 1586 3643 astra
1617 3590 1741 3644 caeli
1770 3605 1969 3659 ponam

404 3675 587 3731 sedem
621 3692 816 3732 meam.
859 3676 1162 3733 Ascendam
1208 3694 1373 3749 supra
1404 3680 1598 3743 nubes,
1633 3695 1728 3735 ero
1775 3681 1970 3737 similis

404 3767 706 3824 Altissimo.
742 3767 898 3824 Nunc
928 3778 1108 3825 autem
1140 3770 1207 3824 ad
1251 3770 1525 3826 infernum
1567 3772 1887 3835 descendas,
1916 3779 1971 3826 et

402 3861 468 3914 ad
502 3860 855 3917 fundamenta
892 3869 1051 3917 terra:
1080 3863 1145 3916 ".
1188 3882 1207 3913 ι
1243 3861 1387 3918 Sane
1416 3864 1649 3933 plurima
1685 3866 1846 3920 simul
1885 3866 1970 3922 his

402 3952 581 4007 verbis
602 3953 844 4008 declarat
872 3955 1191 4021 oraculum;
1238 3970 1363 4008 nam
1387 3964 1442 4009 et
1475 3955 1621 4010 illius
1654 3956 1721 4012 de
1751 3972 1861 4027 quo
1890 3956 1973 4011 lo-

402 4046 587 4114 quitur
613 4045 929 4107 amentiam,
954 4053 1007 4099 et
1036 4045 1279 4115 ejusdem
1316 4063 1347 4100 a
1373 4047 1583 4101 meliori
1614 4055 1760 4101 statu
1785 4049 1850 4102 ad
1875 4049 1972 4103 de-

404 4136 574 4191 terius
604 4136 837 4198 ruinam,
870 4143 924 4189 et
951 4135 1121 4205 ipsius
1153 4138 1324 4191 ruinae
1350 4138 1579 4193 exitum.
1617 4135 1722 4203 Qui
1749 4138 1970 4203 quidem

403 4242 527 4280 cum
556 4228 740 4298 gravia
779 4235 941 4296 atque
978 4229 1165 4285 odiosa
1198 4231 1413 4285 cunctis
1443 4231 1696 4300 gentibus
1726 4232 1970 4289 minatus

405 4326 571 4383 esset,
623 4319 729 4374 alia
779 4321 992 4375 ratione
1037 4322 1156 4393 capi
1207 4336 1369 4393 posse
1416 4322 1687 4386 homines,
1735 4322 1789 4377 in
1836 4325 1972 4395 ipsis

405 4408 750 4463 machinandi
780 4411 1018 4467 exordiis
1049 4413 1405 4483 deprehendit
1433 4430 1446 4466 :
1483 4413 1685 4483 quippe
1710 4414 1802 4484 qui
1837 4415 1975 4469 faci-

1101 359 1364 414 EUSEilil
1401 355 1877 412 CJESARIENSIS
1918 355 2070 412 OPP.
2108 355 2287 410 PARS
2324 354 2364 412 1.
2402 388 2468 397 -
2509 354 3007 413 APOLOGETJCA.

2009 475 2056 530 Α

3553 352 3660 408 27$

2827 469 2903 524 Θ’.

2085 585 2221 652 Περί
2259 581 2363 650 τῆς
2388 582 2602 652 ἐχθρᾶς
2638 583 2736 637 καί
2773 582 3185 652 ἀντικειμένης
3214 579 3294 647 τῷ
3329 579 3451 645 Θεῷ
3476 579 3660 652 δυνά-

2148 638 2459 723 ὶιεως“,’κᾶί
2488 638 2597 706 ὶοῧ
2630 655 2854 719 ταύτης
2897 638 3291 723 έξιίρχοολὲρςζ
3326 638 3431 705 και·
3450 653 3532 723 ᾡς
3563 651 3660 705 ea

2155 720 2374 792 ταύτης
2396 722 2461 776 τὸ
2493 722 2734 777 πάντων
2759 720 3083 791 ἀνθρώπωὲ
3106 721 3368 791 ὑπήγετο
3396 720 3589 791 γένος.

2152 838 2262 890 Καὶ
2283 836 2351 889 τά
2384 838 2481 907 μὲν
2504 830 2606 890 ὧδε
2636 837 2900 890 διέκειτο’
2923 836 3079 891 τὰδὲ
3109 837 3207 906 τῆς
3236 835 3533 891 ἀντιπάλου
3563 836 3660 890 καί⁸

2081 930 2451 999 ἀποπατικῆς
2484 928 2792 1001 δυνάμεως,
2828 927 2937 982 εἴτε
2970 929 3238 999 δαιμόνων
3269 927 3378 981 εἴτε
3415 929 3509 981 καὶ
3542 946 3659 998 χει-

2086 1022 2252 1092 ρόνων
2279 1021 2453 1075 ἀλλων
2487 1021 2807 1091 πνευμάτων
2826 1022 2884 1073 ἐν
2912 1021 3079 1092 κακίᾳ
3107 1020 3168 1073 τδ
3192 1020 3352 1073 πλέον
3375 1020 3469 1073 καὶ
3493 1015 3659 1090 ἦττον

2081 1110 2522 1183 ἀποφερομένων,
2553 1110 2632 1164 ἐτι
2663 1127 2724 1164 τε
2755 1111 2848 1164 καὶ
2871 1110 2965 1164 τοῦ
2998 1111 3214 1165 πάντων
3242 1112 3299 1162 ἐν
3320 1109 3529 1172 τούτοις
3558 1109 3661 1181 ἀρ-

2080 1218 2263 1272 χοντος
2295 1202 2469 1256 δεινοῦ
2508 1219 2652 1266 τινος
2686 1202 3138 1273 μεγαλοδαίμονος
3157 1241 3173 1265 ,
3207 1202 3256 1255 οἳ
3276 1244 3292 1269 ,
3322 1202 3528 1273 πρῶτοι
3557 1201 3660 1271 τῆς

2080 1301 2160 1360 εἰς
2210 1297 2271 1350 τὸ
2311 1296 2464 1350 Θεῖον
2519 1295 2799 1359 εὐσεϐείας
2853 1295 3246 1357 σαλεύσαντες,
3302 1294 3402 1364 τῆς
3450 1292 3658 1355 οἰκείας

2080 1388 2282 1459 λήξεως
2318 1387 2747 1442 ἀππεπτὼκασι
2771 1428 2786 1451 ,
2818 1387 2995 1457 φθόνῳ
3027 1389 3125 1458 τῆς
3157 1387 3459 1457 ἀνθρώπων
3484 1402 3659 1455 σωτη-

2082 1480 2202 1553 ρίας
2239 1482 2336 1552 τὴν
2381 1480 2629 1533 ἐναντίαν
2668 1476 2818 1533 εἷλκε
2852 1478 3128 1542 παντοίαις
3160 1479 3355 1542 κακίας
3392 1480 3660 1549 μηχαναῖς

2079 1573 2214 1624 πᾶσι
2254 1574 2367 1634 τοῖς
2404 1570 2612 1635 ἔθνεσι,
2648 1571 2741 1623 καὶ
2784 1570 2933 1640 αὐτῷ
2972 1569 3049 1639 τῷ
3089 1569 3181 1623 τοῦ
3223 1569 3428 1640 Κυρίου
3470 1569 3660 1640 κλήρῳ

2084 1660 2349 1732 βασκανία
2373 1661 2480 1715 τῶν
2512 1662 2733 1731 ἀγαθῶν
2758 1661 3189 1716 ἐπιϐουλεύοντα.
3222 1662 3327 1713 Τὸν
3354 1661 3418 1732 δὴ
3444 1658 3536 1715 οὖν
3565 1661 3659 1715 τοῦ

2084 1752 2535 1824 μεγαλοδαίμονος
2559 1754 2718 1808 ἄθεον
2747 1755 2838 1807 καὶ
2863 1753 3031 1823 ἀσεϐῆ
3062 1753 3319 1823 λογισμὸν
3355 1753 3418 1805 τὸ
3443 1751 3661 1824 πνεῦμα

2012 1819 2050 1873 Β
2075 1819 2136 1896 τὸ
2167 1819 2502 1916 προφητικὸν
2528 1846 2588 1897 ἐν
2620 1844 2818 1917 Ἡσαΐᾳ
2851 1840 2951 1898 ὧδέ
2980 1819 3096 1907 πως
3127 1819 3421 1915 ἀπελέγχει
3440 1819 3657 1913 λέγων’

2081 1954 2099 1986 ι
2122 1931 2254 1987 Εἷπε
2275 1933 2399 2005 γάρ·
2428 1936 2515 1987 Ἐν
2533 1938 2598 2007 τῇ
2617 1935 2759 2005 ἰσχύϊ
2777 1937 3007 2006 ποιήσω,
3027 1936 3194 2006 καὶτῇ
3214 1937 3376 2007 σοφίᾳ
3390 1937 3488 2007 τῆς
3508 1937 3662 1991 συνέ-

2076 2045 2212 2091 σεως
2241 2027 2423 2096 ἀφελῶ
2445 2029 2566 2099 ὅρια
2597 2027 2795 2092 ἐθνῶν,
2820 2029 2912 2082 καὶ
2946 2027 3045 2099 τήν
3078 2029 3231 2099 ἰσχὺν
3258 2029 3437 2082 αὐτῶν
3466 2046 3661 2100 προνο-

2076 2117 2278 2190 μεὺσω,
2305 2119 2398 2173 καὶ
2422 2120 2585 2173 σείσω
2617 2119 2799 2183 πόλεις
2836 2119 3260 2190 κατοικουμένας
3283 2135 3297 2149 ·
3334 2120 3427 2173 καὶ
3451 2120 3549 2188 τήν
3580 2121 3660 2172 οἱα

2072 2210 2339 2281 κουμένην
2356 2211 2483 2281 ὃλην
2501 2211 2884 2282 καταλήψομαι
2902 2214 2968 2281 τῇ
2995 2212 3138 2282 χειρὶ
3174 2211 3250 2274 ὼς
3289 2210 3525 2274 νοσσιὰν,
3558 2210 3656 2263 καὶ

2070 2302 2146 2366 ὡς
2167 2302 2634 2373 καταλελειμμένα
2655 2303 2737 2356 ὠά
2766 2303 2903 2375 ἀρῶ,
2931 2303 3025 2355 καί
3056 2304 3155 2355 οὐκ
3183 2301 3336 2355 ἔσται
3356 2301 3415 2364 ὂς
3433 2300 3655 2370 διαφεύ-

2072 2393 2219 2458 ξεταί
2244 2410 2330 2464 με,
2359 2394 2391 2465 ἢ
2425 2394 2651 2465 ἀντείπῃ
2678 2412 2789 2465 μοι.
2813 2412 2832 2445 ι
2867 2387 3037 2447 Λῦται
3062 2396 3117 2447 αἰ
3142 2392 3236 2446 τοῦ
3251 2392 3516 2464 θεομάχου
3545 2410 3659 2461 φω-

2070 2486 2178 2548 ναὶ,
2210 2486 2301 2538 ἐπὶ
2321 2484 2519 2548 κακίας
2541 2484 2683 2554 ἰσχύῖ
2707 2484 3243 2555 μεγαλαυχουμένου,
3273 2484 3369 2538 καί⁵
3393 2483 3493 2547 τάς
3522 2482 3661 2554 πρὸς

2068 2574 2161 2627 τοῦ
2193 2574 2448 2643 Ὑψίστου
2489 2577 2601 2636 τοῖς
2645 2573 2897 2642 ἀγγέλοις
2931 2575 3327 2644 παραδυθείσας
3353 2573 3461 2626 τῶν
3490 2573 3662 2628 ἐθνῶν

2069 2666 2346 2735 ὁροθεσίας
2360 2665 2679 2736 διαρπάσαι,
2701 2666 2796 2718 καὶ
2822 2668 3042 2735 συγχεῖν
3063 2665 3437 2729 ἀπειλοῦντος,
3462 2682 3663 2737 προνο-

2071 2758 2292 2829 μεύσειν
2316 2775 2376 2811 τε
2401 2758 2500 2829 τὴν
2520 2758 2863 2828 οἰκουμένην,
2890 2758 2982 2808 καί
3008 2757 3115 2808 πᾶν
3135 2756 3197 2808 τὸ
3220 2757 3329 2808 τῶν
3353 2756 3660 2827 ἀνθρώπων

2068 2849 2223 2917 γένος
2240 2847 2581 2911 διεκσείσειν,
2599 2848 2691 2902 καὶ
2716 2848 3068 2917 μεταστήσειν
3088 2848 3187 2917 τῆς
3209 2847 3478 2917 προτέρας
3499 2847 3655 2900 εὐταο

2069 2941 2188 3008 ξίας
2206 2940 2758 3011 ἀπαυθαδιαζομένου.
2787 2940 2975 2991 Ὁποῖα
2988 2938 3045 2990 δὲ
3063 2938 3276 3009 φρονῶν
3312 2954 3376 2991 πε
3387 2940 3437 3008 pi.
3457 2937 3653 2992 ἑαυτοῦ

2067 3032 2137 3085 τὰ
2161 3032 2382 3086 τοιαῦτα
2398 3032 2769 3103 ἡλαζονεύετο,
2800 3030 2965 3084 ἄκουε
2996 3029 3097 3099 τῆς
3122 3029 3293 3098 αὐτῆς
3318 3030 3655 3101 προφητείας

2068 3118 2170 3178 ὧδε
2198 3123 2360 3178 πάλιν
2399 3126 2529 3196 περὶ
2577 3122 2741 3177 αὐτοῦ
2791 3121 3131 3193 φραζούσης·
3172 3140 3191 3171 ι
3237 3121 3361 3185 Πῶς
3396 3121 3656 3186 ἐξέπεσεν

2069 3218 2133 3269 ἐκ
2181 3216 2275 3269 τοῦ
2307 3215 2539 3288 οὓρανοῦ
2573 3218 2602 3268 ὁ
2647 3214 2951 3285 Ἐωσφόρος
2975 3254 2990 3278 ,
3037 3216 3065 3267 ό
3113 3213 3260 3285 πρωῒ
3307 3215 3652 3282 ἀνατέλλωνς

2071 3307 2356 3379 συνετρίϐη
2392 3309 2473 3372 εἰς
2502 3308 2600 3378 τὴν
2629 3307 2732 3377 γῆν
2762 3309 2790 3359 ὁ
2821 3305 3168 3359 ἀποστέλλων
3202 3308 3340 3378 προς
3374 3308 3553 3362 πάντα
3584 3309 3656 3364 τά

2069 3399 2216 3470 ἔθνη.
2253 3400 2325 3455 Σὺ
2352 3401 2408 3453 δὲ
2430 3398 2587 3463 εἶπας
2612 3402 2667 3452 ἐν
2685 3401 2751 3470 τῇ
2783 3398 2991 3470 διανοίᾳ
3016 3415 3109 3451 σου
3135 3415 3146 3427 ·
3193 3400 3288 3464 Εἰς
3313 3401 3404 3454 τὸν
3430 3402 3653 3473 οὐρανὸν

2069 3496 2429 3568 ἀναϐήσομαι,
2465 3495 2650 3548 ἐπάνω
2668 3492 2776 3545 τῶν
2799 3493 3013 3564 ἄστρων
3035 3491 3129 3545 τοῦ
3152 3492 3381 3564 οὐρανοῦ
3417 3494 3654 3566 θήσομαι

2068 3587 2161 3640 τὸν
2205 3587 2394 3659 θρόνον
2441 3604 2563 3658 μου.
2609 3584 2976 3655 Ἀναϐήσομαι
3020 3584 3206 3637 ἐπάνω
3242 3586 3351 3638 τῶν
3381 3586 3651 3655 νεφελῶν,

2070 3679 2262 3751 ἔσομαι
2308 3679 2491 3750 ὅμοιος
2521 3678 2600 3751 τῷ
2637 3677 2895 3747 ’Υψίστῳ.
2930 3676 3045 3730 Νῦν
3095 3677 3152 3729 δὲ
3185 3679 3264 3741 εἰς
3293 3678 3427 3750 ᾆδην
3480 3697 3654 3733 κατα-

2071 3770 2233 3843 ϐήσῃ,
2257 3771 2351 3825 καὶ
2383 3771 2463 3833 εἰς
2484 3769 2553 3823 τά
2581 3768 2804 3840 θεμέλια
2825 3767 2925 3839 τῆς
2944 3769 3064 3840 γῆς.
3090 3789 3109 3821 ι
3142 3769 3308 3840 Ὁμοῦ
3333 3771 3397 3841 δὴ
3431 3772 3655 3827 πλεῖστα

2070 3861 2156 3915 διὰ
2190 3862 2394 3916 τούτων
2434 3864 2463 3916 ό
2510 3862 2667 3931 λόγος
2698 3862 2988 3933 ἐμφαίνει,
3037 3863 3136 3935 τὴν
3183 3862 3278 3917 τοῦ
3323 3864 3652 3937 δηλουμένου

2072 3953 2517 4024 φρενοϐλάϐειαν,
2539 3955 2638 4031 τήν
2667 3954 2775 4008 ἀπὸ
2801 3955 2910 4009 τῶν
2939 3955 3267 4028 κρειττόνων
3288 3956 3381 4008 ἐπὶ
3401 3957 3470 4011 τά
3488 3958 3655 4028 χείρω

2072 4046 2438 4111 κατάπτωσιν,
2468 4047 2529 4100 τὸ
2557 4048 2656 4118 τῆς
2682 4047 3009 4111 ἐκπτώσεως
3033 4047 3203 4111 τέλος.
3236 4048 3393 4101 Δεινά
3423 4049 3478 4101 δὲ
3512 4048 3669 4118 κατὰ,

2071 4140 2177 4193 τῶν
2210 4138 2379 4192 ἐθνῶν
2411 4138 2667 4193 ἁπάντων
2695 4138 3017 4210 ἀπειλήσας,
3045 4137 3248 4208 θάτερα
3274 4138 3511 4208 ληπτοὺς
3540 4140 3653 4200 τοῖς

2074 4231 2413 4304 προϐουλίοις
2465 4230 2787 4302 ἀνθρώπους
2816 4229 3033 4301 εὕρατο,
3084 4228 3373 4299 πρόχειρον
3433 4228 3527 4280 καί
3591 4226 3651 4293 ἐξ

2072 4323 2280 4387 οἰκείας
2307 4322 2530 4392 γνώμης
2550 4322 2649 4389 τὴν
2677 4322 2771 4374 ἐπὶ
2788 4321 2847 4373 τὸ
2876 4321 3044 4374 κακὸν
3062 4319 3341 4391 ἔμπτωσιν
3374 4319 3439 4372 δι’
3462 4321 3651 4387 αὐτεξ-

2073 4414 2255 4467 ούσιον
2305 4413 2623 4484 προαίρεσιν
2676 4412 3067 4483 κεκτημένους.
3118 4413 3298 4465 Ἔσειε
3361 4412 3495 4483 δῆτα
3552 4413 3653 4482 τῆς

404 4504 507 4557 lem
532 4513 694 4573 atque
723 4519 788 4558 ex
813 4519 909 4558 sua
937 4506 1179 4575 ipsormn
1212 4505 1483 4560 sententia
1513 4505 1727 4575 lapsum
1757 4505 1824 4560 ad
1848 4522 1967 4560 ma-

2076 4505 2183 4559 ἀπὸ
2208 4504 2314 4557 τῶν
2345 4503 2669 4575 κρειττόνων
2703 4504 2946 4567 στάσεως
2965 4503 3065 4567 τὰς
3085 4502 3286 4567 πόλεις,
3309 4505 3530 4567 καὶτοῖς
3557 4504 3655 4574 τῆς

405 4594 539 4658 lum,
572 4602 794 4666 propter
825 4595 1127 4652 libertatem
1155 4597 1388 4661 arbitrii,
1421 4596 1783 4666 possiderent.
1821 4597 1968 4664 Qua-

405 4694 521 4743 tere
552 4688 721 4758 igitur
748 4702 779 4740 a
819 4690 1031 4743 meliori
1066 4696 1209 4743 statu
1243 4690 1517 4753 civitates,
1566 4691 1971 4762 voluptatisque

405 4779 688 4837 blanditiis
714 4781 1008 4837 multorum
1042 4784 1253 4838 animas
1282 4784 1500 4837 trahere
1528 4784 1583 4838 in
1615 4799 1777 4839 omne
1796 4801 1971 4855 genus

406 4873 682 4942 uequitiaa,
709 4888 1009 4943 omnesque
1038 4873 1296 4930 adhibere
1327 4873 1631 4938 machinas,
1677 4884 1975 4947 turpesque

408 4961 473 5017 de
500 4965 604 5021 diis
639 4965 852 5021 fabulas
887 4977 1049 5036 atque
1070 4966 1340 5021 obscenas
1372 4965 1717 5020 narrationes
1748 4969 1975 5021 commi-

410 5054 568 5121 nisci,
599 5065 654 5112 et
674 5057 915 5126 jucunda
948 5060 1133 5112 omnia
1164 5072 1229 5111 ac
1257 5057 1585 5125 voluptatem
1611 5055 1889 5112 aﬂ‘erentia
1910 5059 1977 5113 iis

410 5161 546 5215 quos
567 5158 806 5219 caperet,
831 5149 1041 5204 artibus
1081 5163 1144 5203 ac
1183 5148 1412 5203 fallaciis
1440 5149 1747 5203 dmmonum
1783 5149 1974 5219 injice-

410 5252 469 5293 re
499 5258 511 5293 :
550 5248 712 5311 atque
737 5239 824 5294 his
849 5241 1175 5305 rationibus,
1203 5242 1389 5297 orbem
1414 5242 1728 5296 universum
1757 5250 1976 5312 captum

412 5344 474 5385 ac
504 5334 790 5388 subactum
822 5333 1124 5396 continere,
1159 5341 1321 5403 atque
1350 5334 1426 5387 ita
1454 5333 1635 5389 delere
1665 5344 1721 5389 et
1745 5332 1979 5387 confun-

412 5423 538 5480 dcrc
569 5426 833 5480 terminos
864 5426 1125 5497 gentium,
1177 5426 1321 5496 quod
1373 5428 1538 5481 etiam
1592 5441 1652 5482 se
1705 5425 1978 5480 facturum

411 5517 649 5574 minatus
710 5519 884 5573 fuerat
939 5519 1121 5574 verbis
1166 5519 1321 5574 illis:
1373 5538 1393 5571 ι
1429 5519 1683 5575 Auferam
1714 5522 1979 5574 terminos

414 5613 675 5679 gentium,
703 5619 757 5665 et
803 5613 972 5668 robur
1004 5629 1192 5669 earum
1232 5613 1602 5683 depraedabor,
1636 5619 1691 5669 et
1733 5611 1977 5683 quatiam

482 5792 525 5826 ”
558 5791 660 5851 lsa.
690 5808 744 5860 ι,
782 5792 978 5860 13,“.
1052 5790 1222 5849 "lsa.
1247 5807 1357 5858 τιν,
1384 5791 1471 5851 12.
1498 5791 1565 5844 15

2079 4596 2274 4668 ἡδονῆς
2305 4594 2546 4648 δελέασιν
2575 4596 2669 4650 ἐπὶ
2719 4598 2826 4649 πᾶν
2862 4592 3004 4660 εἶδος
3039 4596 3371 4668 φαυλότητος
3420 4599 3519 4661 τὰς
3546 4597 3656 4650 τῶν

2079 4687 2287 4741 πολλῶν
2315 4686 2563 4739 κατέσπα
2592 4687 2803 4757 ψυχὰς,
2842 4689 3032 4742 οὐδένα
3074 4705 3134 4741 τε
3187 4689 3435 4759 μηχανῆς
3484 4705 3656 4741 κατα-

2079 4777 2250 4833 λιπὼν
2281 4778 2503 4847 τρόπον,
2542 4779 2733 4850 μύθοις
2757 4781 2886 4853 περί
2903 4781 3040 4835 θεῶν
3062 4783 3308 4851 αἰσχροῖς
3341 4782 3436 4834 καὶ
3467 4780 3657 4851 διηγή-

2080 4888 2245 4944 μασιν
2273 4870 2592 4935 ἀκολάστοις
2618 4873 2687 4926 τά
2722 4874 2851 4943 φίλα
2884 4876 2979 4927 καὶ
3005 4874 3141 4943 πρὸς
3177 4872 3369 4945 ἡδονὴν
3402 4871 3510 4924 τῶν
3542 4871 3659 4924 ἀλι-

2080 4963 2359 5034 σκομένων
2380 4963 2446 5016 δι’
2471 4965 2718 5034 ἐντέχνου
2740 4966 3008 5037 δαιμόνων
3028 4966 3246 5036 ἀπάτης
3267 4963 3656 5035 προύϐάλλετο-

2083 5055 2263 5128 ταύτῃ
2294 5072 2354 5108 τε
2395 5056 2494 5127 τὴν
2532 5056 2860 5127 οἰκουμένην
2905 5058 3120 5111 ἃπασαν
3167 5056 3303 5110 ἐλὼν
3349 5057 3657 5127 ὑποχείριον

2084 5151 2318 5217 συνεῖχε,
2354 5147 2448 5200 καὶ
2475 5147 2703 5217 ἠφάνιζε
2744 5149 2813 5201 τὰ
2845 5149 2954 5203 τῶν
2996 5149 3163 5202 ἐθνῶν
3198 5150 3322 5219 ὅρια
3343 5188 3357 5212 ,
3390 5148 3526 5218 ὅπερ
3563 5148 3655 5200 καί

2085 5243 2330 5312 ποιήσειν
2361 5240 2575 5311 ήπείλει
2616 5240 2785 5293 εἰπών
2810 5257 2824 5272 ·
2862 5261 2880 5292 ι
2917 5241 3125 5310 Ἀφελῶ
3159 5242 3280 5312 ὅρια
3327 5238 3528 5305 ἐθνῶν,
3564 5240 3659 5295 καίΙ

2082 5332 2181 5401 τὴν
2213 5334 2365 5403 ἰσχὺν
2392 5332 2570 5385 αὐτῶν
2605 5334 2979 5404 προνομεύσω,
3010 5336 3104 5388 καὶ
3123 5334 3288 5387 σείσω
3311 5332 3493 5395 πόλεις
3526 5348 3664 5384 κατ-

2084 5424 2443 5494 οικουμένας,
2491 5424 2586 5477 καὶ
2626 5426 2722 5496 τὴν
2750 5427 3075 5498 οἰκουμένην
3106 5426 3233 5495 ὅλην
3276 5421 3663 5492 καταλήψομαι

2080 5520 2148 5588 τῇ
2176 5516 2318 5587 χειρὶ
2349 5517 2425 5581 ὡς
2461 5519 2729 5571 νοσσιὰν.»
2755 5520 2945 5574 Ἔνθεν
2974 5521 3076 5589 ἤδη
3110 5516 3293 5570 λοιπὸν
3324 5513 3539 5566 πάντων
3570 5513 3665 5565 ἀν·-

2082 5608 2315 5682 θρώπων
2338 5611 2663 5681 κατεκράτει
2692 5610 2890 5683 πλάνῃ,
2907 5609 3161 5681 δαίμονές
3186 5620 3244 5659 τε
3272 5604 3497 5675 ’τι-οννιροί⁵
3516 5604 3663 5656 κατὰ
