4126 6452
444 356 549 418 275

1117 364 1386 421 EUSEDII
1424 364 1903 422 CASSARIENSIS
1941 367 2091 424 OPP.
2129 368 2332 426 PARS.
2366 370 2387 424 Ι
2423 401 2496 412 -
2530 370 3033 430 APOLOGETICA.

3588 376 3702 436 γε

446 486 641 533 nutum
669 487 872 549 praesto
899 486 1105 546 essent,
1134 482 1446 536 mortalium
1476 497 1605 537 vero
1632 484 1846 537 ruinam
1878 499 1983 538 neu

2090 534 2091 539 η
2119 483 2574 557 διακονουμένων,
2608 490 2707 559 τῆς
2735 488 2793 543 δὲ
2820 491 2927 543 τῶν
2960 491 3167 564 θνητῶν
3202 493 3465 561 πτώσεως
3501 497 3569 550 οὐ
3599 518 3698 552 πε-

447 574 654 642 tiquam
689 573 1177 644 apprehenderent,
1212 582 1434 644 propter
1465 573 1710 644 ipsorum
1735 574 2016 629 hominum

449 665 503 718 in
545 665 705 721 malis
737 664 1000 736 eligendis
1045 666 1271 720 liberam
1321 673 1669 735 potestatem,
1724 666 2017 721 diuturnus

449 756 668 826 quidam
704 765 759 810 at
781 774 867 825 me
903 757 1319 814 immedicabilis
1351 774 1565 823 omnes,
1590 760 1681 829 qui
1714 766 1914 814 terram
1940 760 2019 813 in-

444 840 686 904 colerent
736 839 1050 920 possidebat
1108 852 1354 913 morbus.
1424 861 1721 923 gentesque
1778 854 2014 909 stimulis

445 942 577 996 alias
608 943 752 1006 aliis,
799 944 923 997 mali
970 944 1198 1013 spiritus
1238 946 1293 1000 in
1326 944 1496 1000 furias
1529 946 1783 1016 agebant,
1813 947 2014 1014 quibus

443 1033 549 1087 illa!
582 1035 795 1104 agitata:
834 1035 888 1089 in
914 1036 1246 1105 profundum
1276 1037 1598 1093 insanabilis
1642 1038 1862 1091 malitia:
1895 1039 2013 1091 vol-

442 1126 724 1181 vebantur.
749 1127 868 1183 1am
889 1130 1033 1184 enim
1056 1131 1276 1201 quidam
1306 1147 1455 1187 more
1474 1132 1800 1195 belluarum,
1824 1147 1944 1201 quae
1959 1140 2012 1187 et

437 1219 640 1274 crudus
677 1228 729 1276 et
765 1221 1035 1277 humanas
1068 1239 1261 1280 carnes
1295 1225 1557 1280 devorare
1588 1233 2009 1287 consueverunt,

437 1312 584 1367 vesci
614 1314 1066 1370 charissimorum
1103 1318 1209 1371 sibi
1232 1319 1488 1373 carnibus
1514 1318 1799 1389 pulchrum
1824 1319 2014 1375 existi-

436 1407 680 1471 mabant,
724 1411 983 1478 omnique
1024 1410 1232 1479 pudore
1274 1411 1504 1480 abjecto,
1545 1420 1600 1467 et
1634 1414 1923 1476 matribus,
1958 1421 2012 1468 et

436 1499 736 1563 sororibus,
780 1510 835 1556 et
878 1503 1090 1558 filiabus
1136 1504 1509 1569 commisceri,
1558 1512 1719 1575 atque
1766 1520 1861 1562 e03
1916 1510 2008 1576 qui

434 1592 854 1647 consenuissent
916 1596 1289 1667 strangulare,
1355 1604 1409 1651 et
1477 1605 1722 1652 mortuos
1783 1597 2009 1654 canibus

432 1682 856 1755 volucribusque
905 1685 1188 1757 projicere.
1242 1687 1362 1743 Jam
1398 1705 1525 1744 vero
1555 1689 1687 1760 quid
1731 1690 1830 1746 tibi
1860 1706 2011 1745 com-

432 1793 757 1841 memorem,
819 1791 874 1835 et
930 1780 1165 1836 maxime
1225 1780 1484 1847 deorum,
1526 1783 1767 1851 ipsorum
1825 1785 2009 1853 utique

2121 576 2558 649 ριδρασσομένων
2586 581 2672 634 διὰ
2699 582 2796 653 τὴν
2831 583 2936 636 τῶν
2970 584 3152 638 κακῶν
3196 587 3548 642 αὐθεκούσιον
3587 592 3698 645 τῶν

2118 668 2418 740 ἀνθρώπων
2445 672 2676 744 αἵρεσιν,
2707 675 2892 747 μακρά
2914 692 2998 739 τις
3017 678 3111 730 καὶ
3131 677 3567 750 δυσθεράπευτος
3587 684 3697 736 τῶν

2116 761 2210 812 ἐπὶ
2232 762 2333 831 γῆς
2354 762 2608 816 ἁπάντων
2634 768 2957 838 κατεκράτει
2985 770 3160 834 νόσος,
3188 771 3361 825 ἄλλων
3386 772 3562 836 ἄλλως
3584 774 3693 827 τῶν

2117 851 2286 905 ὲθνῶν
2318 854 2423 907 ὑπὸ
2445 855 2552 909 τῶν
2578 859 2829 929 πονηρῶν
2855 862 3177 931 πνευμάτων
3205 861 3692 933 ὲξοιστρουμένων,

2116 946 2210 998 καὶ
2236 949 2315 1010 εἰς
2346 949 2640 1019 ἀνήκεστον
2671 949 2828 1019 βυθὸν
2850 954 3046 1017 κακίας
3080 955 3518 1008 ἀποπιπτὸντων.
3549 956 3688 1026 Ἤδη

2114 1037 2244 1105 γοῦν
2285 1038 2594 1109 ὠμοφάγων
2636 1041 2731 1094 καὶ
2771 1042 3201 1117 ἀνθρωποὸόρων
3243 1044 3451 1116 θηρίων
3487 1046 3692 1116 τρόπον

2115 1130 2323 1200 σάρκας
2348 1132 2493 1194 τινὲς
2515 1133 2622 1187 τῶν
2646 1135 2915 1203 φιλτάτων
2940 1135 3216 1191 θοινᾶσθαι
3238 1138 3404 1191 καλὸν
3431 1138 3693 1209 ἡγοῦντο,

2113 1221 2205 1272 καί
2241 1223 2507 1294 μητράσιν
2544 1225 2789 1297 άναίδην,
2830 1226 2923 1279 καί
2952 1227 3226 1296 ἀδελφαῖς,
3259 1230 3352 1281 καὶ
3385 1229 3690 1302 θυγατράσι

2114 1315 2427 1385 μίγνυσθαι,
2457 1317 2657 1388 ἀγχόνῃ
2692 1335 2751 1371 τε
2777 1318 3116 1391 περιϐάλλειν
3136 1322 3263 1383 τοὺς
3284 1325 3691 1395 γεγηρακότας,

2113 1407 2203 1459 καὶ
2228 1407 2353 1460 κυσί
2385 1409 2477 1461 καὶ
2507 1410 2715 1473 οἰωνοῖς
2738 1411 2862 1474 τοὺς
2887 1411 3130 1483 νεκρούς.
3166 1413 3231 1464 Τί
3263 1412 3326 1484 δή
3359 1430 3440 1466 σοι
3478 1433 3693 1488 μνημο-

2110 1498 2407 1571 νευσαίμην
2443 1500 2553 1554 τῶν
2583 1500 2743 1571 δῆθεν
2777 1501 2935 1566 θεῶν,
2983 1502 3162 1556 αὐτῶν
3203 1504 3268 1576 δὴ
3312 1505 3426 1558 τῶν
3465 1510 3689 1577 φαύλων
3720 1510 3733 1519 ’

2108 1588 2393 1661 δαιμόνων,
2414 1591 2514 1654 τὰς
2537 1591 2692 1662 ὠμὰς
2708 1594 2801 1646 καί
2822 1593 3085 1658 ἐκτύπους
3102 1595 3577 1667 ἀνθρωποθυσίας,
3605 1603 3686 1666 εἰς

2108 1682 2174 1746 ἃς
2200 1683 2261 1737 τὸ
2293 1683 2627 1756 ἀνθρώπειον
2667 1685 2821 1753 γένος
2861 1684 3160 1757 ὲξέμηναν;
3196 1690 3305 1743 Καὶ
3338 1690 3510 1744 ταῦτα
3552 1694 3693 1762 γοῦν

2109 1778 2169 1829 ὲν
2213 1780 2323 1840 τοῖς
2360 1776 2791 1849 προηγουμένοις
2828 1779 2929 1848 τῆς
2972 1781 3108 1850 μετὰ
3147 1784 3334 1852 χεῖρας
3375 1784 3689 1850 ὑποθέσεως

432 1871 696 1925 malorum
733 1872 1057 1936 daunonum,
1100 1874 1247 1927 omni
1276 1874 1594 1928 crudelitate
1626 1880 1787 1944 atque
1818 1874 1989 1928 ἰιιηυοι

2109 1869 2736 1940 προπαρεσκευασάμην.
2768 1870 2924 1923 ’Δλλὰ
2943 1869 3051 1943 γάρ
3076 1871 3344 1926 τοσούτων
3365 1874 3552 1928 κακῶν
3576 1877 3693 1930 ὑπὸ

431 1962 604 2017 nitate
643 1963 872 2020 refertas
910 1964 1174 2021 humanas
1208 1966 1491 2030 victimas,
1539 1966 1595 2020 in
1628 1981 1764 2036 quas
1803 1966 1998 2019 buma-

431 2068 561 2107 num
583 2070 754 2124 genus
792 2057 1034 2113 insanire
1067 2059 1386 2129 coegerant?
1437 2057 1562 2114 Haec
1615 2059 1780 2130 igitur
1823 2059 1877 2114 in
1908 2060 1996 2121 iis,

432 2158 553 2214 qua:
581 2163 719 2217 opus
753 2150 853 2203 hoc
876 2158 1287 2207 antecesserunt
1313 2151 1456 2222 quod
1486 2169 1633 2208 nunc
1660 2154 1713 2207 in
1744 2153 1997 2209 manibus

428 2245 532 2299 est,
575 2239 689 2308 ipse
719 2243 1039 2312 praeparari.
1070 2242 1283 2297 Etenim
1317 2258 1441 2298 cum
1468 2252 1546 2299 tot
1576 2246 1716 2300 mala
1747 2260 1778 2298 a
1812 2245 1998 2316 pernio

426 2331 594 2387 ciosis
619 2341 673 2387 et
701 2335 885 2403 pravis
918 2335 1223 2406 spiritibus,
1261 2352 1478 2393 necnon
1512 2339 1581 2393 ab
1607 2354 1692 2403 eo,
1724 2340 1819 2410 qui
1845 2340 1900 2394 in
1928 2339 1996 2395 iis

423 2424 591 2480 totius
617 2426 766 2482 orbis
782 2428 1128 2498 tyrannidem
1153 2438 1471 2500 occuparat,
1494 2431 1773 2500 proposita
1787 2440 1992 2498 essent,

423 2516 714 2585 nullusque
752 2533 942 2572 eorum
990 2519 1307 2589 angelorum
1341 2520 1437 2589 qui
1469 2519 1709 2588 praefecti
1752 2519 1990 2588 fuerant,

423 2610 578 2664 malis
626 2608 913 2664 subvenire
967 2618 1113 2665 esset
1163 2610 1423 2676 idoneus,
1473 2613 1668 2667 merito
1712 2613 1844 2668 illud
1898 2612 1993 2669 Dei

426 2700 682 2768 Verbum,
716 2700 806 2756 ille
835 2700 1086 2757 Salvator
1107 2704 1371 2769 universi,
1395 2704 1621 2761 salutari
1650 2713 1785 2761 nutu
1809 2704 1990 2765 Patris

423 2794 514 2864 qui
537 2793 759 2849 humani
781 2796 999 2866 generis
1024 2806 1107 2851 est
1127 2796 1558 2861 amantissimus,
1587 2813 1655 2853 ne
1683 2798 1787 2853 hoc
1812 2800 1987 2870 ipsum

423 2888 498 2941 illi
524 2895 633 2942 tam
662 2887 889 2942 charum
921 2904 1116 2958 genus,
1149 2889 1203 2942 in
1236 2890 1534 2959 impietatis
1564 2890 1838 2961 profundo
1869 2909 1991 2948 ver-

419 2990 655 3044 saretur,
682 2988 840 3035 antea
877 2979 1094 3049 quidem
1129 2981 1357 3052 exiguos
1382 2983 1666 3052 quosdam,
1702 2991 1865 3053 atque
1893 2985 1990 3040 ob-

414 3088 609 3129 scuros
624 3074 857 3143 propria
877 3073 1013 3129 lucis
1034 3071 1237 3140 radios,
1262 3089 1358 3145 per
1383 3074 1699 3147 prophetam
1723 3075 1984 3147 Moysem,

414 3182 621 3236 perque
652 3179 747 3221 eos
776 3164 871 3219 Dei
900 3165 1106 3221 amicos
1134 3166 1304 3231 viros,
1337 3167 1428 3237 qui
1460 3177 1514 3223 et
1554 3177 1679 3224 ante
1717 3169 1894 3232 illum,
1929 3176 1983 3224 et
2029 3197 2033 3202 -

413 3266 539 3327 post
579 3258 732 3312 illum
765 3257 1089 3322 floruerunt,
1134 3259 1336 3322 emisit,
1368 3259 1448 3314 sic
1478 3265 1667 3331 utique
1696 3260 1979 3315 hominum
2010 3287 2051 3343 ο

412 3352 573 3406 malis
604 3348 926 3417 remedium,
962 3350 1016 3404 in
1055 3352 1417 3406 sacrosanctis
1460 3352 1673 3422 legibus
1723 3351 1977 3407 aﬂerens.

410 3431 651 3498 Proinde
679 3442 759 3498 sic
791 3444 949 3513 plane
984 3443 1160 3512 ipsum
1208 3441 1301 3497 Dei
1340 3442 1601 3508 Verbum;
1641 3444 1710 3499 ad
1753 3444 1984 3499 Hebrai-

409 3551 529 3591 cam
556 3544 771 3608 gentem
806 3534 959 3601 dicit,
1007 3535 1098 3591 ubi
1151 3551 1246 3605 per
1291 3534 1528 3606 Moysem
1551 3538 1707 3608 leges
1747 3537 1825 3591 illi
1863 3535 1977 3600 dat,

413 3622 571 3693 162
620 3641 638 3673 ι
668 3622 965 3678 secundum
1019 3623 1269 3678 instituta
1307 3631 1463 3679 terra:
1496 3623 1717 3696 Αἴθῃ)ῑί
1767 3626 1823 3679 in
1871 3639 1979 3695 qua

410 3715 719 3779 habitastis,
777 3729 887 3768 non
938 3712 1149 3768 facietis
1202 3732 1215 3767 :
1261 3721 1316 3768 et
1374 3715 1675 3768 secundum
1726 3715 1978 3771 instituta

407 3813 565 3859 terrae
592 3804 847 3859 Chanaan
874 3844 888 3867 ,
922 3804 989 3858 ad
1019 3819 1182 3873 quam
1214 3819 1314 3874 ego
1350 3804 1689 3859 introducam
1723 3821 1837 3868 vos,
1868 3822 1977 3860 non

407 3895 620 3951 facietis
663 3915 675 3950 :
721 3906 775 3950 et
825 3895 879 3948 in
915 3895 1124 3965 legibus
1170 3893 1389 3949 illorum
1444 3910 1554 3950 nou
1602 3896 1973 3951 ambulabitis.

401 3984 614 4041 Judicia
647 3984 1036 4051 meafacietis,
1075 3993 1129 4041 et
1169 3994 1438 4055 praecepta
1477 4001 1595 4041 mea
1635 3989 1927 4044 servabitis
1958 4009 1973 4044 :

400 4094 503 4149 ego
538 4094 659 4134 sum
690 4077 956 4132 Dominus
989 4076 1134 4132 Deus
1160 4084 1341 4132 vester
1364 4077 1405 4133 ⁸.
1445 4096 1463 4128 ι
1503 4077 1707 4149 Deinde
1745 4081 1835 4134 ubi
1857 4097 1977 4135 om-

407 4170 500 4223 nia
525 4167 829 4230 interdixit,
862 4175 916 4220 et
947 4165 1202 4220 infandas
1240 4168 1482 4237 nuptias,
1527 4178 1578 4223 et
1606 4184 1767 4225 omne
1797 4171 1975 4242 impu-

402 4260 585 4315 dicum
631 4258 867 4323 facinus,
898 4273 968 4340 ne
1004 4257 1217 4313 feminae
1277 4274 1402 4313 cum
1446 4259 1690 4325 feminis,
1728 4277 1974 4319 maresve

399 4368 525 4407 cum
561 4349 807 4405 maribus
845 4350 1225 4415 miscerentur,
1262 4351 1508 4423 adjungit
1544 4372 1556 4406 :
1594 4370 1613 4402 ι
1648 4350 1725 4406 Ne
1758 4346 1971 4423 pollua-

398 4447 534 4503 mini
569 4447 623 4501 in
655 4440 910 4501 omnibus
940 4446 1046 4501 his.
1078 4445 1212 4499 Nam
1253 4448 1305 4500 in
1340 4446 1599 4501 omnibus
1631 4446 1718 4501 his
1752 4448 1970 4517 pollutae

399 4547 528 4595 sunt
560 4546 770 4612 gentes,
813 4555 951 4609 quas
994 4555 1095 4610 ego
1124 4541 1389 4610 expellam
1425 4532 1455 4593 δ
1486 4539 1623 4594 facie
1651 4548 1833 4595 vestra
1867 4560 1879 4595 :
1914 4548 1971 4596 et

2104 1960 2211 2014 τῶν
2233 1960 2450 2030 φαύλων
2475 1961 2569 2014 καὶ
2597 1961 2705 2015 τῶν
2736 1961 3024 2033 μοχθηρῶν
3052 1964 3400 2035 πνευμάτων,
3430 1965 3524 2019 τοῦ
3552 1968 3601 2018 τ’
3624 1970 3687 2022 ἐν

2100 2053 2310 2116 τούτοις
2342 2054 2628 2125 τυράννου,
2666 2054 2788 2107 καθ’
2822 2053 2949 2125 ὅλης
2985 2055 3085 2125 τῆς
3117 2058 3441 2128 οἰκουμένης
3478 2058 3683 2129 προϐε-

2099 2143 2199 2214 6λη
2209 2143 2404 2214 μένων,
2441 2145 2533 2198 καὶ
2564 2142 2792 2215 μηδενὸς
2812 2144 2919 2198 τῶν
2943 2145 3264 2214 ἐφεστώτων
3289 2147 3530 2216 ἀγγέλων
3561 2148 3680 2203 οἴου

2097 2254 2155 2290 τε
2186 2237 2338 2301 όντος
2376 2239 2489 2299 τοῖς
2536 2239 2723 2299 κακοῖς
2757 2237 3078 2308 ἐπαμύνειν,
3123 2240 3347 2303 εἰκότως
3394 2242 3599 2305 ἐκεῖνος
3645 2244 3681 2296 ό

2097 2328 2229 2393 Θεὸς
2258 2331 2451 2399 Λόγος,
2484 2331 2513 2382 ὁ
2547 2329 2653 2383 τῶν
2680 2330 2816 2383 ὅλων
2844 2331 3057 2403 Σωτὴρ,
3099 2333 3286 2404 ἀγαθῷ
3318 2336 3545 2405 νεύματι
3572 2334 3677 2405 τῆς

2095 2419 2189 2474 τοῦ
2230 2423 2445 2493 Πατρὺς
2481 2421 2907 2492 φιλανθρωπίας,
2939 2424 3015 2488 ὡς
3042 2423 3109 2478 ἂν
3149 2426 3222 2497 μὴ
3256 2426 3318 2479 τὸ
3347 2427 3498 2495 φίλον
3527 2428 3680 2498 αὐτῷ

2095 2513 2250 2581 γένος
2272 2515 2329 2566 ὲν
2350 2510 2603 2576 ἀσεϐείας
2629 2511 2775 2582 βυθῷ
2794 2513 3112 2580 καλινδοῖτο,
3137 2516 3274 2581 τέως
3302 2518 3400 2588 μὲν
3417 2517 3679 2590 βραχείας

2094 2605 2247 2669 τινάς
2276 2607 2370 2659 καί
2408 2604 2654 2679 ἀμυδρὰς
2678 2605 2771 2659 τοῦ
2801 2606 2932 2660 ἰδίου
2963 2609 3139 2675 φωτὸς
3160 2610 3406 2675 ἀκτῖνας,
3428 2610 3517 2665 διὰ
3545 2628 3683 2684 προ-

2093 2700 2263 2769 φήτου
2278 2699 2577 2763 Μωῦσέως,
2595 2698 2704 2751 τῶν
2726 2715 2784 2751 τε
2809 2699 2915 2771 πρὸ
2936 2699 3099 2752 αὐτοῦ
3126 2702 3218 2753 καὶ
3241 2702 3347 2754 τῶν
3373 2704 3490 2772 μετ’
3511 2702 3688 2757 αὑτὸν·

2093 2789 2356 2860 θεοφιλῶν
2378 2789 2587 2861 ἀνδρῶν
2614 2789 2907 2861 ἐξέλαμπε,
2934 2792 3041 2843 τῶν
3067 2792 3125 2843 ὲν
3151 2790 3463 2862 ἀνθρώποις
3485 2793 3675 2847 κακῶν

2090 2882 2188 2953 τὴν
2219 2882 2362 2934 ἴασιν
2391 2882 2450 2934 ὲν
2487 2884 2608 2944 ταῖς
2636 2882 2809 2952 ἱεραῖς
2840 2883 3182 2954 νομοθεσίαις
3208 2882 3667 2953 προὸαλλόμενος.

2090 2975 2253 3043 Λέγει
2281 2974 2326 3027 δ’
2356 2969 2449 3028 οὖν
2491 2976 2748 3048 ἄντικρυς
2790 2975 2948 3038 αὐτὸς
2988 2976 3016 3028 ὁ
3053 2975 3223 3042 Λόγος
3264 2973 3341 3044 τῷ
3401 2975 3669 3046 Ἐϐραίων

2090 3067 2232 3120 ἔθνει
2258 3066 2562 3138 νομοθετῶν
2596 3066 2684 3119 διὰ
2715 3067 3010 3129 Μωῦσέως·
3044 3084 3064 3118 ι
3096 3065 3253 3118 Κατὰ
3282 3065 3349 3119 τὰ
3380 3067 3669 3138 ἐπιτηδεύ-

2094 3178 2239 3231 ματα
2261 3161 2359 3231 τῆς
2382 3160 2486 3230 γῆς
2510 3158 2806 3228 Αἰγύπτου,
2837 3153 2951 3231 ὲνῇ
2980 3158 3339 3228 κατῳκήσατε
3361 3159 3448 3210 ἐπ’
3470 3159 3669 3229 αὐτῆς,

2088 3255 2151 3307 οὐ
2185 3254 2461 3325 ποιήσετεο
2492 3250 2744 3307 καὶκατὰ
2779 3250 2845 3303 τὰ
2873 3249 3279 3320 ἐπιτηδεύματα
3310 3250 3415 3320 γῆς
3444 3251 3676 3305 Χαναὰν-

2084 3347 2164 3408 εἰς
2204 3344 2270 3414 ἣν
2302 3342 2412 3412 ἐγὼ
2447 3343 2653 3412 εἰσάγω
2690 3343 2854 3413 ὑμᾶς,
2904 3343 3021 3394 ἐκεῖ
3049 3342 3109 3394 οὺ
3147 3342 3432 3413 ποιήσετε·
3480 3343 3577 3396 καὶ
3606 3345 3666 3396 ὲν

2083 3440 2195 3500 τοῖς
2232 3436 2416 3506 νόμοις
2460 3435 2636 3490 αὐτῶν
2673 3435 2731 3487 ού
2772 3432 3123 3504 πορεύσεσθε.
3159 3433 3241 3487 Τὰ
3274 3434 3521 3506 κρίματά
3560 3454 3673 3507 μου-

2083 3532 2362 3602 ποιήσετε,
2412 3532 2507 3585 καί⁸
2550 3528 2619 3582 τὰ
2664 3526 3063 3599 προστάγματά
3098 3545 3199 3598 μου
3231 3526 3523 3597 φυλάξετε·
3553 3528 3667 3596 ἐγὼ

2081 3624 2196 3694 εἱμί
2226 3622 2428 3694 Κύριος
2449 3624 2478 3676 ὁ
2505 3622 2634 3685 Θεὸς
2664 3619 2836 3691 ὑμῶν.
2876 3639 2893 3671 ι
2919 3613 3053 3672 Εἶτα
3083 3621 3259 3674 πάντα
3279 3620 3667 3693 ἀπαγορεύσας

2080 3717 2337 3786 ἀθέμιτον
2369 3716 2566 3786 γάμον,
2595 3712 2691 3765 καί¹
2717 3713 2895 3766 πᾶσαν
2922 3712 3207 3782 ἀσχήμονα
3235 3712 3456 3784 πρᾶξιν,
3483 3730 3674 3782 γυναιι

2081 3809 2193 3862 κῶν
2234 3824 2293 3860 τε
2343 3809 2479 3879 πρὸς
2521 3808 2813 3875 γυναῖκας,
2850 3806 2944 3858 καὶ
2978 3804 3222 3877 ἁρρἐων
3254 3805 3392 3877 πρὸς
3427 3806 3663 3877 ἄρρενας

2083 3902 2278 3972 μίξεις,
2308 3901 2566 3969 ἐπιλέγει·
2602 3918 2620 3951 ι
2644 3899 2736 3970 Μὴ
2764 3897 3040 3970 μιαίνεσθε
3064 3900 3121 3951 ὲν
3144 3899 3279 3951 πᾶσι
3302 3897 3533 3961 τούτοις.
3572 3898 3672 3949 Ἐνο

2079 3994 2213 4046 πᾶσι
2246 3993 2355 4063 γάρ
2382 3992 2591 4056 τούτοις
2622 3992 2956 4064 ὲμιάνθήσαν
2983 3990 3052 4044 τὰ
3080 3990 3226 4062 ἔθνη,
3255 3991 3291 4044 δι
3317 3991 3427 4059 ἐγὼ
3460 3991 3660 4057 ἐξαπο-

2079 4084 2248 4139 στελῶ
2274 4085 2378 4158 πρδ
2409 4085 2700 4156 προσώπου
2727 4085 2880 4156 ὑμῶν
2899 4101 2912 4115 ·
2957 4084 3049 4137 καὶ
3073 4081 3364 4153 ἐξεμιάνθη
3391 4084 3422 4152 ἡ
3445 4083 3536 4152 γῆ,
3563 4082 3659 4134 καὶ

2076 4177 2436 4232 άνταπέδωκα
2483 4177 2695 4231 ἀδικίαν
2738 4177 2904 4248 αὐτῇ·
2954 4177 3049 4230 καὶ
3083 4175 3457 4247 προσώχθισεν
3502 4176 3535 4244 ή
3584 4174 3654 4245 γῆ

2075 4274 2188 4333 τοῖς
2236 4270 2630 4341 ἐγκαθημένοις
2678 4272 2769 4322 ἐπ’
2809 4269 2999 4339 αὐτῆς.
3045 4287 3063 4320 ι
3104 4268 3212 4321 Καὶ
3263 4267 3422 4321 πάλιν
3469 4267 3653 4336 φησίνο

2081 4383 2098 4413 ι
2148 4361 2273 4415 Ἐάν
2301 4362 2357 4414 δὲ
2392 4362 2456 4413 σὺ
2486 4360 2732 4434 εἰσέλθῃς
2761 4364 2840 4425 εἰς
2869 4362 2966 4431 τὴν
2990 4360 3115 4429 γῆν,
3144 4360 3212 4430 ἢν
3246 4358 3449 4431 Κύριος
3475 4360 3503 4410 ὁ
3524 4359 3658 4421 Θεός

2077 4472 2169 4507 σου
2200 4453 2379 4507 δίδωσί
2415 4470 2515 4517 σοι,
2548 4453 2608 4505 οὐ
2645 4453 2719 4524 μὴ
2749 4453 2967 4525 μαθήσῃ
2998 4455 3171 4506 ποιεῖν
3196 4451 3338 4505 κατὰ
3367 4451 3435 4504 τὰ
3470 4449 3655 4520 βδελύ-

2074 4562 2260 4618 γματα
2296 4544 2404 4597 τῶν
2447 4541 2618 4597 ἐθνῶν
2648 4543 2894 4597 ὲκείνωψ
2930 4545 3028 4613 οὐχ
3075 4542 3426 4613 εὑρεθήσεται
3472 4544 3529 4595 ἐν
3573 4542 3656 4596 σοὶ

395 4636 598 4704 polluta
649 4639 732 4688 est
780 4638 951 4697 terra,
996 4640 1051 4687 et
1100 4633 1322 4687 retribui
1373 4632 1697 4701 injustitiatn
1749 4632 1873 4688 illi:
1916 4642 1967 4688 et

2090 4637 2349 4708 ιαθαίρων
2382 4635 2474 4688 τὸν
2503 4635 2616 4687 υἰὸν
2648 4633 2836 4699 αὑτοῦ,
2873 4636 2906 4706 ἦ
2948 4635 3048 4706 τὴν
3091 4633 3366 4705 θυγατέρα
3405 4634 3567 4687 αὐτοῦ
3596 4637 3654 4687 ὲν

394 4728 707 4782 abominata
756 4733 841 4782 est
891 4736 1033 4780 terra
1071 4726 1326 4781 sedentes
1359 4726 1416 4779 in
1454 4726 1571 4796 ipsa
1598 4728 1641 4782 ‘.
1687 4745 1705 4778 ι
1740 4727 1805 4780 Et
1838 4728 1967 4783 alibi

394 4835 585 4876 rursus
619 4819 754 4874 dicit
787 4837 800 4874 :
837 4837 856 4870 ι
888 4820 1025 4875 Cum
1072 4834 1200 4873 vero
1243 4820 1526 4891 ingressus
1561 4818 1733 4874 fueris
1768 4820 1823 4873 in
1859 4829 1970 4875 ter-

395 4927 509 4966 ram
539 4928 703 4984 quam
747 4910 1010 4967 Dominus
1045 4911 1186 4967 Deus
1217 4920 1343 4967 tuus
1368 4910 1462 4964 dat
1493 4911 1614 4975 tibi,
1650 4928 1759 4966 non
1789 4911 1968 4968 disces

394 5003 572 5065 facere
607 5003 909 5062 secundum
942 5004 1377 5059 abominationes
1410 5004 1654 5073 gentium
1690 5003 1904 5056 illarum
1950 5022 1963 5057 :

390 5111 498 5151 non
536 5096 845 5151 invenietur
880 5097 937 5150 in
976 5103 1030 5149 te
1060 5096 1153 5165 qui
1204 5096 1398 5149 lustret
1438 5093 1608 5148 filium
1654 5109 1816 5149 suum
1870 5102 1966 5148 aut

391 5190 551 5244 tiliam
601 5205 756 5244 suam
813 5189 866 5243 in
921 5189 1072 5259 igne,
1132 5187 1385 5241 divinans
1435 5187 1823 5252 divinationes,
1873 5198 1967 5242 aut

386 5280 653 5347 hariolus,
699 5290 793 5337 aut
822 5296 1017 5352 augur,
1051 5281 1343 5347 veneficus,
1378 5280 1707 5345 incantatur,
1764 5281 1960 5351 pythoo

385 5373 505 5429 nica
552 5376 772 5438 mulier,
828 5372 1201 5444 prodigiorum
1254 5371 1554 5442 inspector,
1588 5382 1680 5428 aut
1707 5375 1799 5443 qui
1834 5390 1960 5444 per-

383 5475 636 5521 contetur
682 5474 930 5520 mortuos
968 5484 981 5518 :
1028 5472 1113 5518 est
1159 5466 1303 5517 enim
1350 5464 1687 5521 abominatio
1730 5466 1961 5521 Domino

385 5555 494 5612 Deo
527 5572 638 5612 uno
670 5558 851 5613 omnis
891 5559 983 5626 qui
1031 5556 1162 5610 facit
1210 5556 1342 5610 lucc.
1396 5555 1528 5611 Nam
1564 5565 1785 5627 propter
1823 5558 1959 5612 istas

380 5651 841 5712 abominationes,
891 5649 1159 5703 Dominus
1206 5648 1349 5705 Deus
1385 5660 1512 5705 tuus
1543 5650 1743 5705 delebit
1782 5651 1903 5706 illos
1929 5667 1957 5703 a

902 5805 931 5821 ρ

903 5841 921 5859 ι

455 5810 468 5837 ¹
501 5806 671 5862 chit.
718 5821 875 5871 mn,
902 5805 955 5871 5,
986 5806 1036 5859 εἰ.
1116 5809 1133 5836 ³
1162 5806 1290 5860 ibid.
1326 5806 1413 5870 il,

2069 4728 2231 4801 πυρὶ,
2277 4725 2674 4798 μαντευόμενος
2720 4724 2998 4795 μαντείας,
3051 4723 3144 4778 καὶ
3187 4724 3649 4797 κλῃδονιζόμενος,

2067 4819 2570 4889 καὶοίωνιζόμενος,
2592 4818 2901 4890 φαρμακὸς,
2929 4817 3163 4888 ἐπᾴδων,
3191 4816 3648 4887 ὲγγαστρίμυθος,

2066 4912 2160 4965 καὶ
2184 4908 2604 4982 τερατοσκόπος,
2628 4909 2724 4961 καὶ
2749 4906 3040 4979 ἐπερωτῶν
3062 4907 3188 4968 τοὺς
3213 4905 3460 4976 νεκρούς.
3496 4908 3652 4959 Ἔστι

2066 5006 2175 5077 γὰρ
2212 5004 2483 5075 βδέλυγμα
2515 5003 2705 5074 Κυρίῳ
2732 5000 2809 5072 τῷ
2840 4999 2961 5071 Θεῷ
2996 5017 3086 5052 σου
3120 5000 3226 5061 πᾶς
3258 4999 3425 5053 ποιῶν
3455 4999 3647 5054 ταῦτα.

2072 5099 2273 5151 Ἕνεκα
2304 5096 2412 5165 γὰρ
2439 5094 2547 5146 τῶν
2578 5092 2959 5163 βδελυγμάτων
2990 5091 3193 5143 τούτων
3226 5090 3428 5162 Κύριος
3459 5093 3487 5143 ὁ
3519 5092 3652 5154 Θεός

2070 5208 2162 5244 σου
2198 5188 2566 5259 ἐξολοορεύσει
2600 5188 2798 5249 αὐτοὺς
2831 5186 2939 5238 ἀπὸ
2966 5184 3258 5257 προσώπου
3290 5201 3401 5238 σου.
3435 5184 3650 5247 Τέλειος

2067 5281 2166 5354 ἔσῃ
2194 5280 2433 5334 ἐναντίον
2455 5277 2656 5347 Κυρίου
2676 5277 2772 5329 τοῦ
2793 5276 2929 5328 Θεοῦ
2965 5293 3079 5328 σου.
3117 5295 3134 5324 ι
3163 5274 3399 5328 Τοιαῦτα
3432 5274 3530 5345 μὲν
3556 5275 3651 5330 καὶ

2070 5376 2237 5446 μυρία
2269 5374 2402 5427 ἄλλα
2425 5369 2650 5443 θεοσεϐῆ
2679 5370 2982 5441 διδάγματά
3003 5385 3062 5422 τε
3091 5369 3185 5421 καὶ
3215 5366 3651 5437 παραγγέλματα

2067 5466 2153 5520 διὰ
2177 5465 2457 5527 Μωῢσέως
2487 5464 2669 5526 αὐτοῖς
2688 5462 2715 5513 ὁ
2733 5461 2866 5525 Θεὸς
2888 5462 3058 5530 Λόγος
3081 5460 3141 5511 τὸ
3164 5459 3292 5531 πρὶν
3315 5458 3645 5529 ἐνομοθέτει,

2067 5559 2142 5622 ὡς
2174 5561 2232 5611 ὲν
2265 5560 2594 5627 εἰσαγωγαῖς
2626 5556 2719 5610 τοῦ
2754 5555 2897 5611 κατὰ
2936 5555 3216 5608 εὐσέϐειαν
3262 5554 3378 5623 βίου
3416 5553 3649 5625 παραδι-

2067 5649 2189 5709 δοὺς
2216 5628 2401 5710 αὐτοῖς
2429 5650 2689 5719 στοιχεῖα,
2735 5648 2824 5700 διὰ
2858 5646 3124 5717 συμϐόλου
3160 5644 3252 5696 καί
3294 5661 3439 5709 τινος
3486 5645 3651 5699 σκιῶ-
