4126 6428
429 368 534 425 277

1358 356 2016 416 DEMONSTRATIONIS
2054 350 2509 411 EVANGEUCAZ
2540 351 2667 407 LIB.
2710 349 2798 404 IV.

3576 346 3685 401 3'13

431 492 558 552 δους
586 487 682 541 καὶ
707 483 1023 557 σωματικῆς
1060 479 1310 553 λατρείας
1349 482 1408 532 ἐν
1441 478 1691 549 σώματος
1720 476 2008 546 περιτομῇ,

2114 474 2253 529 facie
2298 481 2439 525 tua:
2489 469 2761 541 perfectus
2819 465 2928 519 eris
2994 463 3046 516 in
3112 471 3409 532 conspectu
3471 459 3689 518 Domini

435 584 531 636 καί
564 597 727 635 τινων
759 579 930 634 ἄλλων
972 572 1401 644 τοιουτοτρόπων
1436 572 1528 627 ἐπὶ
1567 572 1667 641 τῆς
1692 571 1796 640 γῆς
1826 587 2013 623 συντε-

434 673 733 744 λουμένων·
763 671 839 733 ὡς
860 668 937 733 δὲ,
963 665 1058 721 τοῦ
1089 665 1280 738 χρόνου
1317 664 1618 735 προϊόντος,
1653 663 1803 716 οὐδὲν
1832 660 2013 715 τοσοῦ-

437 783 532 821 τον
563 765 656 819 καὶ
681 763 788 816 τῶν
822 762 938 833 μετ’
965 761 1127 812 αὑτὸν
1154 756 1447 830 προφητῶν
1478 758 1556 820 εἰς
1576 754 1764 810 ἄκεσιν
1784 754 1892 808 τῶν
1914 755 2010 808 τοῦ

443 856 557 928 βίου
597 852 776 909 κακῶν
804 852 869 904 δι’
903 847 1205 921 ὑπερϐολὴν
1235 847 1433 910 κακίας
1464 845 1700 909 ἔσθενεν,
1732 844 1928 915 ἤλαυνέ
1953 860 2011 897 τε

441 948 702 1021 ὁσημέραι
728 947 809 1009 εἰς
842 945 1062 1015 μείζονα
1100 941 1169 994 τὰ
1208 941 1309 1011 τῆς
1349 938 1669 1010 δαιμονικῆς
1710 937 2009 1008 ἐνεργείας,

442 1042 516 1105 ὡς
541 1041 632 1093 καὶ
664 1037 796 1093 αὑτὸ
821 1036 882 1090 τὸ
921 1034 1185 1106 Ἐϐραίων
1205 1032 1356 1095 ἔθνος
1379 1033 1447 1102 τῇ
1476 1028 1584 1083 τῶν
1601 1030 1776 1083 ἀθέων
1802 1045 2010 1081 συναπ-

439 1132 666 1203 αχθῆναι
706 1129 901 1200 φθορᾷ·
944 1127 1107 1189 αὐτὸς
1142 1126 1246 1197 ’ήδη
1282 1124 1468 1177 λοιπὸν
1530 1126 1559 1176 ὀ
1595 1122 1785 1193 Σωτὴρ
1809 1123 1903 1175 καὶ
1932 1122 2012 1174 ἰα-

435 1223 561 1294 τρὸς
601 1222 710 1276 τῶν
751 1221 888 1274 ὅλων
937 1219 1180 1273 κάτεισιν
1232 1219 1312 1282 εἰς
1360 1215 1699 1289 ἀνθρώπους,
1755 1217 1849 1269 καὶ
1899 1217 2014 1278 τοῖς

431 1315 653 1377 οἰκείοις
695 1312 948 1382 ἀγγέλοις
996 1309 1290 1381 ἐπαμύνων
1335 1309 1476 1380 ὑπὲρ
1520 1309 1621 1380 τῆς
1656 1308 1766 1361 τῶν
1802 1306 2011 1378 ἀνθρώ-

431 1423 548 1462 πων
583 1407 878 1479 σωτηρίας,
930 1405 1075 1459 τοῦτ’
1100 1404 1249 1476 αὑτῷ
1284 1401 1378 1457 τοῦ
1416 1401 1629 1473 [ἰατρὸς
1670 1400 2011 1473 δωρήσεσθαι

430 1498 914 1569 προῦποσχομένου
936 1537 952 1562 ,
1029 1495 1315 1568 ὡσπεροῦν
1399 1495 1562 1560 αὐτὸς
1632 1497 1689 1551 ἐν
1764 1495 2015 1567 Ψαλμοῖς

427 1593 673 1648 διδάσκει
714 1591 907 1660 λέγων’
973 1609 992 1641 ι
1025 1588 1227 1662 Κύριος
1259 1584 1380 1641 εἷπε
1421 1587 1559 1659 πρὸς
1597 1587 1691 1659 με·
1737 1587 1864 1650 Υἱός
1911 1604 2011 1658 μου

428 1682 480 1739 εἴ
521 1686 608 1751 σὺ,
656 1683 768 1754 ἐγὼ
807 1686 1047 1756 σήμερον
1101 1678 1410 1753 γεγέννηκά
1466 1697 1545 1735 σε.
1598 1679 1827 1752 Αἴτησαι
1883 1681 2012 1751 παρ’

428 1777 597 1850 ἐμοῦ,
657 1778 752 1832 καὶ
808 1776 964 1831 δώσω
1026 1793 1109 1830 σοι
1160 1774 1288 1847 ἔθνη
1331 1774 1428 1846 τὴν
1474 1774 1839 1847 κληρονομίαν
1883 1789 2010 1837 σου,

429 1873 524 1925 καὶ
575 1872 675 1942 τὴν
731 1869 1059 1941 κατάσχεσίν
1120 1886 1214 1923 σου
1273 1867 1342 1921 τά
1402 1867 1614 1940 πέρατα
1668 1868 1769 1937 τῆς
1819 1866 1941 1936 γῆς.
1985 1884 2005 1917 ι

429 1963 629 2017 Οὐκέτι
696 1962 827 2033 γοῦν
895 1962 1052 2034 μόνον
1117 1962 1210 2015 τὸν
1269 1960 1476 2014 δίκαιον
1542 1959 1637 2015 καὶ
1702 1956 2019 2030 διορατικὸν

442 2052 682 2126 Ἰσραὴλ,
724 2053 846 2108 οὐδέ
890 2070 954 2123 γε
999 2054 1160 2124 μόνον
1204 2052 1296 2107 τὸν
1332 2054 1529 2106 οἰκεῖον
1566 2050 1792 2123 κλῆρον,
1832 2050 2011 2105 πάντα

428 2146 486 2200 δὲ
526 2146 595 2199 τὰ
627 2147 719 2203 ἐπὶ
754 2145 860 2217 γῆς
893 2146 1050 2216 ἔθνη,
1079 2144 1150 2199 τὰ
1180 2146 1443 2218 πρότερον
1476 2142 1716 2197 πλείοσιν
1758 2141 2011 2212 ἀγγέλοις

428 2237 845 2310 κεκληρωμένα,
887 2238 982 2291 καὶ
1022 2237 1302 2300 παντοίαις
1354 2234 1631 2298 ἀσεϐείαις
1694 2232 2013 2303 κεκαλινδη-

433 2328 593 2399 μένα,
629 2328 734 2381 ὑπὸ
768 2328 868 2399 τὴν
907 2326 1116 2381 οἰκείαν
1165 2322 1451 2379 ὑποϐαλὼν
1504 2322 1777 2387 ἐξουσίαν,
1828 2320 2012 2390 παρῆν

428 2423 542 2484 τοῖς
584 2422 718 2474 πᾶσι
760 2420 862 2490 τὴν
909 2420 1045 2492 πρὸς
1088 2418 1180 2472 τὸν
1234 2415 1401 2472 αὑτοῦ
1452 2414 1673 2485 Πατέρα
1709 2411 1911 2483 γνῶσίν
1951 2429 2011 2463 τε

432 2508 530 2561 καὶ
579 2507 1365 2580 φιλίαννὲπικηρυκευόμενος,
1403 2506 1557 2560 λύσιν
1594 2522 1655 2558 τε
1697 2506 1790 2558 καὶ
1818 2504 2011 2573 ἄφεσιν

430 2596 539 2652 τῶν
580 2598 708 2670 πρὶν
744 2599 1109 2670 ἀγνοημάτων
1143 2600 1240 2653 καὶ
1272 2598 1682 2670 ἁμαρτημάτων
1724 2594 2013 2666 ὑπισχνού-

433 2704 614 2757 μενος,
649 2688 678 2742 ὃ
711 2690 806 2742 καὶ
860 2689 1047 2758 σαφῶς
1096 2689 1363 2760 ἐκήρυττε
1414 2688 1619 2756 λέγων·
1658 2705 1676 2738 ι
1709 2687 1785 2739 Οὐ
1818 2686 2011 2757 χρείαν

427 2776 643 2846 ἔχουσιν
688 2781 738 2834 οί
787 2780 1067 2850 ἰσχύοντες
1110 2777 1327 2850 ἰατροῦ,
1367 2777 1502 2832 ἀλλὰ
1549 2780 1597 2831 οἱ
1644 2775 1831 2841 κακῶς
1864 2776 2011 2847 ἔχον-

425 2882 548 2930 τες⁸
584 2868 686 2922 οὑκ
716 2864 882 2941 ἦλθον
921 2870 1146 2924 καλέσαι
1180 2869 1457 2933 δικαίους,
1509 2869 1624 2923 ἀλλ’
1652 2868 2010 2941 ἁμαρτωλοὺς

426 2958 507 3021 εἰς
542 2959 854 3030 μετάνοιαν.
886 2981 905 3013 ι
966 2961 1075 3015 Καὶ
1119 2960 1184 3032 δὴ
1217 2961 1397 3032 παρῆν
1430 2963 1544 3025 τοῖς
1584 2962 1805 3025 οἰκείοις
1845 2960 2011 3030 ἀγγέ-

425 3047 537 3113 λοις
556 3089 570 3114 ,
604 3050 787 3113 αὐτοῖς
815 3051 886 3125 δὴ
918 3054 1031 3114 τοῖς
1061 3052 1190 3122 πρὶν
1219 3049 1486 3119 ἐφεστῶσι
1510 3050 1618 3106 τῶν
1656 3049 1849 3115 ἐθνῶν,
1885 3050 2008 3104 ἐπι-

427 3140 796 3241 θεωρούμενος
822 3160 835 3172 ο
885 3143 939 3196 οἱ
972 3142 1063 3207 δὲ,
1108 3141 1307 3195 αὐτίκα
1345 3140 1435 3194 τὸν
1480 3142 1629 3210 σφῶν
1676 3140 1866 3213 βοηθὸν
1914 3142 2009 3195 καὶ
2035 3184 2078 3241 C

425 3232 629 3306 Κύριον
678 3229 738 3288 εὖ
792 3234 936 3306 μάλα
984 3234 1228 3307 ἀκριϐῶς
1282 3235 1627 3304 ἐπιγνόντες,
1686 3236 2004 3306 περιχαρεῖς

426 3324 733 3396 προσῆλθον
780 3326 876 3379 καὶ
927 3325 1209 3399 διηκόνουν
1260 3326 1427 3399 αὐτῷ,
1472 3327 1660 3396 ὥσπερ
1687 3329 1721 3398 ή
1759 3326 1881 3399 ἰερά
1908 3327 2005 3381 τοῦ

425 3412 760 3483 Εὑαγγελίου
793 3414 1034 3470 διδάσκει
1066 3416 1278 3489 Γραφὴ,
1315 3419 1456 3471 «Καὶ
1501 3419 1806 3489 προσῆλθον
1850 3419 2008 3487 ἀγγε-

425 3505 531 3571 λοι,
564 3507 657 3560 καὶ
689 3506 970 3577 διηκόνουν
998 3508 1167 3580 αὑτῷ,
1195 3529 1213 3561 ι
1258 3511 1479 3581 φήσασα
1496 3529 1509 3541 ·
1554 3512 1644 3564 ὅτε
1677 3511 1768 3566 καὶ
1805 3511 2007 3583 πλῆθος

426 3600 685 3669 στρατιᾶς
717 3598 967 3671 οὐρανίου
1002 3599 1295 3656 αἰνούντων
1320 3601 1412 3655 τὸν
1433 3601 1563 3656 Θεὸν
1596 3601 1802 3671 ἔλεγον,
1840 3601 2006 3666 (Δόξα

425 3691 484 3740 ἐν
514 3687 757 3758 ὑψίστοις
783 3689 920 3760 Θεῷ,
953 3691 1046 3744 καὶ⁸
1087 3692 1180 3744 ἐπὶ
1204 3692 1310 3762 γῆς
1336 3693 1558 3764 εἰρήνη,
1601 3694 1659 3745 ἐν
1697 3691 2004 3764 ἀνθρώποις

424 3780 662 3835 εὐδοκία.
709 3802 729 3835 ι
797 3766 1033 3847 Τούτους
1080 3784 1179 3853 μὲν
1216 3779 1309 3838 οὖν
1345 3784 1421 3848 ὡς
1466 3784 1700 3849 οἰκείους
1739 3783 2037 3853 ἀγγέλους

422 3871 521 3944 τῆς
551 3872 717 3927 αὑτοῦ
765 3873 1050 3945 δεομένους
1100 3875 1417 3946 συμμαχίας
1448 3874 1621 3947 ταύτῃ
1662 3894 1736 3947 πη
1768 3875 2009 3947 ἀνελάμ-

424 3966 593 4021 ϐανεο
637 3968 766 4030 τοὺς
803 3967 861 4021 δέ
906 3984 971 4037 γε
1014 3965 1183 4021 πάλαι
1225 3968 1369 4039 ἀμφὶ
1409 3968 1508 4032 τὰς
1551 3968 1853 4042 ἀνθρώπων
1887 3969 2005 4025 δια-

421 4058 615 4130 τριϐὰς
662 4060 1051 4131 πωτωμένους,
1102 4060 1324 4130 ἀφανῶς
1365 4077 1423 4114 τε
1468 4061 1561 4114 καὶ
1605 4063 1862 4133 ἐμφανῶς
1896 4063 2007 4118 τῶν

424 4150 516 4204 ἐπὶ
568 4151 673 4221 γῆς
728 4150 1293 4215 καταδυναστεύοντας
1352 4151 1611 4223 δαίμονας
1666 4153 2010 4227 ἀλιτηρίους,

423 4239 516 4293 καὶ
546 4238 871 4310 πνευμάτων
902 4238 1108 4311 ἀγρίων
1148 4239 1239 4292 καὶ
1270 4239 1493 4309 ἀπηνῶν
1525 4240 1687 4311 γένη,
1725 4240 1817 4294 τόν
1858 4258 1918 4294 τε
1946 4243 2010 4295 ἐν

420 4331 629 4395 τούτοις
673 4331 774 4401 τῆς
821 4332 1020 4395 κακίας
1068 4330 1392 4402 ἐξάρχοντα,
1441 4332 1534 4385 τὸν
1579 4333 1749 4386 δεινὸν
1796 4334 2004 4388 ἐκεῖνον

421 4423 516 4477 καὶ
559 4423 833 4495 ἀλάστορα
869 4423 1080 4496 μεγάλῃ
1132 4425 1228 4479 καὶ
1277 4423 1444 4495 ἐνθέῳ
1485 4424 1715 4496 δυνάμει
1769 4424 2004 4497 τροπού-

2112 563 2206 617 Dei
2256 562 2334 616 ιιιὶ
2359 561 2400 613 ³.
2440 579 2458 611 ι
2525 559 2650 613 Haec
2708 554 2948 625 quidem,
3008 552 3220 622 aliaque
3266 549 3689 604 innumerabilia

2112 652 2389 723 religionis
2461 651 2789 705 documenta
2852 652 2906 700 et
2959 649 3248 714 praecepta,
3304 656 3400 711 per
3447 638 3687 711 Moysem

2111 744 2221 798 illis
2256 743 2398 798 Deus
2426 740 2687 805 Verbum,
2729 745 2887 793 antea
2944 737 2999 789 in
3055 735 3264 804 legibus
3296 732 3479 795 dabat,
3525 742 3691 801 atque

2112 845 2173 892 ut
2226 837 2281 890 in
2340 834 2664 889 rudimentis
2709 832 2824 886 ﬁeri
2886 829 3045 892 solet,
3099 825 3369 895 religiosae
3416 824 3524 878 illis
3562 823 3691 877 vitae

2111 929 2400 990 elementa,
2450 940 2547 996 per
2586 925 2741 994 signa
2795 929 2849 976 et
2880 919 3220 975 umbratilem
3250 916 3541 987 quamdam
3574 930 3693 969 cor-

2113 1020 2463 1092 poralemque
2537 1014 2907 1070 adorationem
2990 1012 3045 1065 in
3126 1008 3374 1079 corporis
3452 1007 3692 1061 circum-

2113 1112 2352 1177 cisione,
2407 1122 2612 1178 perque
2677 1106 2784 1159 alia
2834 1103 3082 1174 quredam
3146 1099 3417 1170 ejusmodi
3460 1114 3584 1169 quae
3631 1100 3689 1153 in

2112 1212 2259 1258 terra
2318 1199 2717 1260 coniiciuntur,
2776 1195 3025 1249 tradebat
3075 1215 3087 1251 :
3134 1209 3257 1249 cum
3304 1206 3432 1251 vero
3493 1205 3690 1262 proce—

2113 1294 2275 1349 dente
2307 1299 2553 1360 tempore
2582 1289 2765 1343 nullus
2797 1294 2904 1340 tam
2945 1293 3161 1357 potens.
3199 1302 3267 1341 ne
3298 1284 3689 1356 prophetarum

2115 1387 2333 1458 quidem
2395 1386 2489 1457 qui
2536 1392 2660 1454 post
2713 1383 2863 1435 illum
2922 1379 3257 1444 exstiterint,
3289 1387 3348 1432 ut
3385 1375 3686 1433 remediqu

2115 1479 2274 1535 malis
2328 1477 2452 1531 vitae
2505 1474 2743 1538 afferret,
2791 1474 2862 1528 ob
2913 1473 3076 1528 nimis
3122 1470 3488 1525 abundantem
3530 1467 3690 1520 mali-

2115 1572 2279 1635 tiam,
2310 1616 2315 1623 κ
2342 1577 2487 1624 esset
2538 1588 2551 1624 :
2597 1584 2662 1624 ac
2712 1566 3012 1622 daemonica
3051 1563 3289 1619 ellicacia
3332 1561 3577 1633 quotidie
3631 1560 3690 1613 in

2117 1664 2294 1732 majus
2320 1662 2642 1733 impelleret,
2676 1676 2849 1731 usque
2883 1659 3020 1715 adeo
3068 1666 3129 1714 ut
3153 1658 3273 1729 ipsa
3303 1671 3522 1727 quoque
3582 1652 3692 1708 He-

2116 1755 2303 1809 braica
2349 1769 2516 1825 gens,
2575 1753 2764 1808 eadem
2821 1767 2948 1806 cum
3010 1751 3193 1822 impiis
3238 1748 3542 1820 perditione
3598 1760 3691 1801 ra—

2048 1833 2088 1887 Β
2115 1854 2336 1917 peretur
2374 1864 2391 1902 :
2429 1854 2545 1900 tum
2579 1845 2812 1916 denique
2854 1843 3104 1899 Salvator
3159 1859 3224 1898 ac
3277 1843 3526 1897 medicus
3564 1840 3691 1894 uni-

2114 1943 2254 1997 versi
2301 1939 2583 1995 descendit
2625 1937 2693 1992 ad
2745 1938 3016 2001 homines.
3080 1944 3139 1992 ut
3190 1936 3274 1991 vel
3328 1934 3552 2006 angelis,
3573 1932 3690 1989 suis

2112 2049 2211 2105 pro
2252 2032 2536 2086 hominum
2577 2031 2754 2086 salute
2796 2044 2953 2100 opem
2990 2027 3178 2091 ferret,
3222 2043 3347 2081 cum
3380 2027 3484 2081 hoc
3519 2025 3598 2079 illi
3629 2040 3690 2078 se

2112 2126 2435 2196 largiturum
2456 2123 2618 2177 Pater
2634 2130 2791 2176 antea
2807 2120 3174 2191 promisisset,
3196 2125 3250 2173 et
3266 2120 3480 2188 quidem
3502 2132 3692 2189 quem-

2111 2216 2404 2272 admodum
2432 2216 2550 2286 ipse
2575 2215 2629 2269 in
2656 2212 2887 2271 Psalmis
2909 2212 3089 2276 docet,
3120 2210 3215 2265 ubi
3238 2210 3314 2263 ait
3341 2228 3354 2264 :
3381 2229 3397 2259 ι
3424 2208 3689 2264 Dominus

2111 2309 2249 2363 dixit
2281 2309 2347 2363 ad
2380 2323 2496 2363 me:
2527 2304 2703 2362 Filius
2721 2319 2875 2360 meus
2898 2320 2961 2359 es
2989 2311 3071 2367 tu,
3099 2317 3201 2371 ego
3230 2300 3391 2355 bodie
3418 2301 3581 2370 genui
3611 2308 3684 2355 te.

2112 2399 2335 2455 Postula
2383 2414 2414 2452 a
2461 2413 2569 2464 me,
2622 2396 2865 2467 et_dabo
2918 2394 3019 2449 tibi
3073 2400 3262 2465 gentes
3316 2392 3688 2447 baeredilatem

2112 2501 2284 2556 tinam,
2330 2500 2386 2547 et
2427 2489 2831 2561 possessionem
2878 2494 3030 2541 tuam
3072 2486 3337 2541 terminos
3393 2493 3551 2540 terrai
3577 2484 3620 2537 ⁸.
3666 2505 3684 2536 ι

2115 2583 2270 2655 163
2304 2581 2422 2639 Non
2448 2581 2615 2653 igitur
2653 2580 2742 2635 ille
2774 2580 3008 2649 amplius
3056 2588 3112 2633 ut
3153 2594 3279 2633 eum
3314 2578 3491 2633 solum
3521 2577 3691 2632 Israel

2109 2673 2203 2743 qui
2221 2674 2407 2741 justus
2448 2671 2667 2743 quidem
2718 2673 2885 2733 esset,
2925 2668 3021 2723 sed
3061 2669 3203 2723 idem
3259 2669 3382 2724 visu
3439 2683 3692 2738 compre-

2108 2763 2273 2818 hendi
2331 2770 2549 2833 posset,
2602 2766 2782 2832 neque
2835 2768 2895 2816 ut
2947 2761 3118 2816 solam
3152 2761 3427 2831 propriam
3459 2767 3687 2826 sortem,

2109 2854 2203 2909 sed
2229 2863 2287 2907 ut
2309 2868 2501 2908 omnes
2532 2853 2588 2907 in
2628 2853 2788 2908 terris
2821 2858 3032 2922 gentes,
3079 2865 3199 2921 quae
3247 2857 3406 2904 antea
3435 2848 3689 2920 pluribus

2108 2946 2318 3016 angelis
2355 2945 2631 3001 attributae
2655 2952 2838 3023 erant,
2866 2955 2919 3001 et
2940 2946 2993 3000 in
3026 2944 3207 2999 omnis
3233 2942 3452 3013 generis
3488 2941 3687 3012 impie-

2107 3039 2314 3095 talibus
2342 3046 2575 3094 versatas
2631 3020 2796 3109 atque
2854 3037 3153 3108 implicitae,
3206 3035 3309 3090 sub
3342 3050 3499 3089 suam
3533 3042 3688 3105 pote-

2112 3138 2310 3186 statem
2344 3132 2636 3202 redigeret,
2698 3139 2864 3202 atque
2909 3130 3165 3185 omnibus
3198 3128 3447 3185 notitiam
3471 3134 3527 3183 et
3551 3127 3689 3181 ami-

2110 3224 2295 3279 citiam
2329 3239 2452 3279 cum
2491 3239 2593 3279 suo
2642 3222 3202 3300 Patre‘denuntiaret,
3253 3221 3689 3289 solutionemque

2109 3332 2175 3372 ac
2210 3317 2589 3373 remissionem
2635 3315 3066 3387 ignorantiarum
3116 3330 3179 3370 ac
3224 3323 3571 3385 peccatorum
3629 3327 3689 3368 se

2109 3408 2479 3464 exhibiturum
2535 3409 2897 3479 promitteret,
2952 3407 3120 3469 venit.
3179 3406 3325 3477 quod
3358 3406 3573 3476 quidem
3603 3406 3687 3460 vel

2109 3501 2339 3571 ipsemet
2365 3502 2654 3571 perspicue
2711 3500 2898 3555 docuit
2927 3500 3118 3555 dicens
3170 3515 3181 3550 :
3228 3517 3245 3549 ι
3288 3496 3407 3552 Non
3442 3498 3688 3568 indigent

2106 3592 2245 3648 bene
2264 3593 2508 3647 valentes
2528 3583 2763 3654 medico,
2790 3590 2899 3663 sed
2923 3590 3061 3645 male
3093 3590 3356 3644 habentes
3380 3604 3392 3641 :
3425 3605 3531 3643 non
3563 3588 3687 3642 veni

2108 3692 2168 3737 ut
2215 3698 2466 3738 vocarem
2507 3682 2711 3752 justos,
2770 3683 2866 3738 sed
2933 3691 3248 3754 peccatores
3301 3682 3369 3736 ad
3414 3683 3686 3753 poeniten-

2107 3775 2239 3829 tiam
2266 3775 2308 3827 ⁸.
2332 3793 2352 3826 ι
2387 3773 2523 3830 Cum
2559 3775 2743 3844 itaque
2782 3788 3023 3845 praesens
3073 3790 3102 3827 a
3156 3774 3396 3844 propriis
3453 3776 3684 3845 angelis.

2107 3867 2216 3922 illis
2241 3866 2485 3937 inquam,
2525 3867 2620 3937 qui
2649 3866 2821 3937 prius,
2847 3866 3099 3935 gentibus
3147 3866 3387 3936 praefecti
3447 3865 3683 3930 fuerant,

2106 3958 2258 4014 visus
2290 3967 2456 4024 esset,
2483 3958 2559 4012 illi
2585 3958 2848 4025 continuo
2890 3973 3050 4013 suum
3082 3959 3387 4028 adjutorem
3418 3974 3688 4028 suumque

2108 4049 2400 4105 Dominum
2432 4049 2631 4120 oppido
2659 4065 2821 4119 quam
2838 4056 2997 4115 certe
3028 4059 3192 4121 atque
3219 4051 3498 4120 explorate
3522 4067 3689 4121 agno.

2106 4147 2341 4205 scentes,
2372 4139 2609 4195 maxima
2639 4154 2764 4193 cum
2804 4139 2987 4194 laetitia
3012 4148 3383 4206 accesserunt,
3404 4140 3563 4211 eique
3585 4142 3689 4196 mi-

2105 4233 2344 4288 nistrare
2363 4240 2670 4300 cmperunt,
2699 4230 3160 4302 quemadmodum
3209 4232 3292 4287 vel
3320 4248 3477 4287 sacra
3512 4232 3690 4287 Evan-

2106 4325 2230 4396 gelii
2263 4324 2421 4380 docet
2455 4321 2741 4394 Scriptura
2762 4323 2855 4378 ubi
2889 4323 2965 4377 ait
2994 4324 3327 4395 “:tAngelos
3360 4326 3687 4393 accessisse,

2103 4421 2265 4489 eique
2294 4420 2668 4487 ministrasse:
2700 4436 2718 4469 ι
2743 4417 2869 4471 item
2912 4416 3004 4471 ubi
3027 4427 3419 4472 commemorat
3456 4436 3474 4468 ι
3499 4420 3686 4472 multi-

424 4530 583 4584 μενος
629 4514 934 4587 ἐχειροῦτο,
991 4514 1068 4579 ὥς
1113 4532 1265 4579 τινας
1319 4516 1775 4588 συναισθομένους
1823 4516 2003 4571 αὐτῶν

2108 4512 2352 4565 tudinem
2410 4510 2618 4563 militiae
2667 4508 2929 4571 cmlestis,
2998 4507 3338 4564 laudantium
3390 4506 3560 4565 Deum
3621 4525 3691 4567 ac

419 4606 625 4676 λέγειν*
683 4626 703 4659 ι
737 4609 874 4672 Ἔα,
926 4608 979 4662 τί
1027 4611 1160 4679 ήμῖν
1213 4609 1307 4663 καὶ
1354 4610 1470 4673 σοὶ,
1520 4609 1618 4663 Υἱὲ
1678 4609 1774 4663 τοῦ
1823 4608 1990 4675 Θεοῦ;

386 4692 580 4767 ,ἦλθες
607 4697 715 4769 πρὸ
749 4697 946 4769 καιροῦ
981 4697 1266 4768 βασανίσαι
1295 4701 1475 4771 ήμᾶς;
1514 4720 1532 4750 ι
1584 4701 1678 4753 καὶ
1722 4700 1781 4753 δὲ
1809 4701 1995 4754 τούσδε

424 4788 542 4857 μὲν,
601 4789 694 4842 καὶ
743 4788 812 4843 δι’
862 4782 936 4843 ὧν
985 4790 1224 4862 ἔπραττε
1272 4792 1367 4843 καὶ
1412 4792 1711 4859 ἐδίδασκεν,
1764 4793 1997 4865 ἰσχυρῶς

419 4879 670 4951 ᾐκίζετο·
725 4883 834 4935 πᾶν
888 4880 945 4935 δέ
994 4882 1056 4935 τὸ
1105 4880 1447 4953 ἀνθρώπινον
1501 4883 1697 4951 γένος,
1745 4888 1859 4949 τοῖς
1917 4884 2006 4939 διὰ

418 4971 591 5042 λόγων
627 4973 852 5044 ἡμέρων
911 4974 1005 5027 καὶ
1058 4974 1351 5047 προσηνέσι
1403 4975 1734 5046 φαρμάκοις,
1779 4978 1899 5040 ταῖς
1942 4993 2004 5029 τε

420 5063 619 5136 πραέσι
655 5064 752 5117 καὶ
788 5068 1214 5137 προτρεπτικαῖς
1259 5064 1424 5120 αὑτοῦ
1457 5066 1845 5133 διδασκαλίαις,
1881 5070 1998 5124 ἰᾶτο

419 5157 513 5210 καὶ
550 5155 873 5227 ἐθεράπευε,
919 5159 1089 5213 νόσων
1128 5176 1191 5212 τε
1229 5158 1498 5213 παντοίων
1541 5159 1636 5213 καὶ
1677 5159 1866 5216 παθῶν
1898 5164 2002 5234 οὐχ

416 5244 578 5321 ⁴ἦττον
635 5247 902 5319 σωμάτων
954 5250 987 5321 ἢ
1033 5250 1219 5321 ψυχῶν
1280 5251 1618 5323 ἀπήλλαττε,
1650 5252 1886 5317 παλαιᾶς
1935 5271 1998 5309 τε

418 5342 837 5415 δεισιδαιμονίας
871 5343 963 5395 καὶ
992 5342 1261 5412 δειμάτων
1310 5342 1570 5399 πολυθέου
1622 5344 1857 5415 πλάνης,
1898 5345 1997 5416 τῆς

418 5450 480 5487 τε
536 5435 767 5505 αἰσχρᾶς
830 5434 925 5487 καὶ
965 5433 1263 5488 ἀκολάστου
1315 5434 1560 5507 διαίτης,
1602 5436 1810 5500 πάντας
1870 5438 1994 5501 τοὺς

418 5525 743 5596 προσιόντας
784 5524 1103 5598 ἐλευθέρους
1127 5526 1315 5596 ἀφεὶς,
1361 5524 1629 5595 μεθιστῶν
1663 5545 1724 5583 τε
1763 5529 1857 5581 καὶ
1894 5546 1992 5599 με·-

418 5615 702 5672 ταὸάλλων
756 5618 884 5682 τοὺς
928 5618 1077 5689 αὑτῷ
1126 5617 1555 5689 προσανέχοντας
1608 5621 1673 5673 ὲκ
1718 5620 1817 5691 μὲν
1865 5622 1995 5674 ἀκο-

420 5708 608 5773 λασίας
639 5709 733 5764 ἐπὶ
759 5709 1011 5783 σώφρονα
1048 5709 1181 5781 βίον,
1220 5711 1286 5763 ἐκ
1324 5711 1381 5765 δέ
1417 5698 1677 5775 ’ἀσεϐείας
1715 5712 1807 5765 ἐπὶ
1845 5713 1999 5766 εὑσέ-

496 5861 517 5893 ³
544 5861 697 5919 Deut.
726 5874 1041 5933 μυμῦ-13.
1113 5866 1133 5900 "
1164 5865 1307 5923 Psal.
1346 5882 1405 5931 ιι,
1441 5865 1491 5929 7,
1519 5866 1569 5921 8.
1652 5867 1671 5899 '
1696 5865 1827 5921 Luc.
1866 5883 1920 5931 v,
1949 5867 2007 5921 3|

2110 5867 2139 5920 2
2241 5867 2258 5899 ⁸
2291 5866 2484 5920 Matth.
2524 5865 2701 5931 iv,ll.

2103 4599 2656 4659 dicentiuszloria
2711 4601 2765 4655 in
2821 4601 3106 4657 altissimis
3140 4600 3270 4664 Deo.
3334 4611 3387 4658 et
3434 4605 3489 4659 in
3541 4614 3688 4661 terra

2107 4712 2235 4768 pax,
2276 4694 2331 4748 in
2379 4691 2692 4747 hominibus
2746 4692 2888 4749 bona
2946 4693 3202 4749 voluntas
3236 4695 3325 4749 ’.ι
3386 4693 3496 4750 llos
3523 4696 3687 4766 igitur

2106 4796 2365 4857 tanquam
2415 4785 2666 4854 proprios
2705 4786 2948 4854 angelos,
3004 4786 3089 4840 sui
3146 4786 3320 4855 ipsius
3380 4787 3686 4856 indigentis

2103 4878 2292 4932 auxilii
2322 4880 2403 4932 sic
2441 4893 2573 4932 sane
2609 4876 2817 4946 recepit
2844 4892 2856 4926 :
2883 4876 2977 4947 qui
3000 4891 3129 4932 vero
3150 4876 3264 4946 jam
3290 4876 3382 4930 diu
3411 4876 3466 4930 in
3490 4878 3685 4933 mediis

2106 4970 2423 5024 hominibus
2455 4968 2817 5024 versabantur
2848 4976 2902 5022 et
2921 4967 3241 5033 volitabant,
3271 4966 3474 5038 quique
3508 4976 3562 5021 et
3584 4970 3684 5024 ob—

2105 5077 2267 5118 scure
2301 5071 2355 5117 et
2378 5061 2658 5118 evidenter
2679 5062 2734 5115 in
2764 5069 2912 5117 terra
2934 5099 2949 5124 ,
2979 5062 3280 5131 potentiam
3323 5069 3485 5130 atque
3510 5062 3682 5131 impe-

2105 5156 2610 5219 riumobtinebant,
2656 5171 2751 5211 eos
2810 5156 3016 5226 ingenti
3070 5154 3362 5223 divinaque
3412 5163 3684 5224 potestate

2105 5248 2321 5319 fugatos
2355 5247 2592 5318 subegit,
2645 5247 2920 5304 daemones
2964 5249 3152 5318 utique
3198 5247 3561 5317 perniciosos,
3616 5265 3684 5304 ac

2105 5342 2395 5412 spirituum
2427 5341 2722 5410 agrestium
2761 5348 2924 5410 atque
2979 5339 3271 5392 immitium
3305 5354 3526 5408 genera,
3574 5356 3683 5394 una

2104 5450 2226 5490 cum
2266 5451 2332 5490 eo
2362 5435 2454 5505 qui
2480 5435 2622 5490 inter
2653 5432 2752 5488 bos
2774 5430 2993 5486 malitia:
3050 5430 3414 5499 principatum
3446 5428 3678 5490 obtinet,

2102 5526 2458 5582 callidissimo
2500 5526 2751 5582 videlicet
2783 5524 2894 5584 illo,
2951 5532 3114 5592 atque
3168 5520 3540 5592 impurissimo
3571 5522 3683 5576 dae-

2104 5636 2286 5685 mone,
2321 5620 2464 5676 sicut
2496 5634 2684 5675 eorum
2746 5615 2990 5669 nonnulli
3046 5614 3344 5671 sentientes
3378 5615 3633 5671 dixerunt
3661 5632 3675 5666 :

2113 5730 2130 5765 ι
2157 5711 2296 5778 Quid
2327 5710 2483 5765 nobis
2508 5719 2561 5764 et
2596 5708 2714 5773 tibi,
2748 5705 2849 5759 Fili
2892 5706 3022 5760 Dei?
3056 5708 3252 5762 venisti
3311 5715 3435 5764 ante
3462 5718 3679 5776 tempus

2783 5870 2804 5902 τ
2830 5862 2966 5918 an.
2997 5881 3059 5932 ιι,
3089 5866 3174 5925 l5,
3232 5865 3317 5918 li.
