4126 6436
441 360 549 415 279

1111 359 1380 415 EUSEBll
1419 359 1905 414 C/ESARIENSIS
1941 353 2093 412 ΟΡΡ.
2131 356 2330 412 PARS.
2372 358 2415 414 ι.
2456 389 2526 399 -
2562 358 3063 417 APOLOGETICA.

3587 363 3693 416 230

440 483 702 541 torquere
731 491 829 530 nos
848 476 909 528 li?
937 496 953 527 ι
984 483 1037 529 et
1071 475 1169 528 hos
1197 474 1415 543 quidem
1442 488 1539 543 per
1567 489 1631 527 ea
1685 488 1808 543 qua:
1833 482 1889 528 et
1932 470 2001 524 l‘e-

2116 469 2294 535 ϐειαν,
2349 472 2439 526 καὶ
2490 472 2548 539 ἐξ
2594 472 2804 537 ἀδικίας
2863 474 2956 529 ἐπὶ
3014 473 3392 547 δικαιοσύνην,
3444 475 3535 529 ναῒ⁵
3584 480 3691 550 μὴν

440 565 516 619 cit
542 575 594 619 et
623 566 809 620 docuit
836 566 1169 619 validissime
1208 565 1406 619 cecidit
1439 580 1453 617 :
1484 580 1644 621 omne
1687 575 1869 620 autem
1901 564 2005 617 bu-

439 670 665 709 manum
695 670 865 725 genus
893 655 1281 709 allocutionum
1335 656 1638 711 mansuetis
1664 670 1728 710 ac
1758 653 2009 726 placidis,

436 748 593 818 quasi
625 747 1061 809 medicamentis,
1097 749 1323 817 suisque
1354 748 1529 817 ipsius
1562 749 1778 803 blandis
1806 749 2010 803 exhor-

436 838 739 892 tationibus
770 854 835 891 ac
863 837 1207 893 documentis
1238 841 1475 903 sanavit,
1521 850 1575 895 et
1621 840 1690 894 ab
1712 840 1891 895 omnis
1922 856 2012 909 ge-

434 932 582 987 neris
631 932 838 987 morbis
870 947 932 986 ac
985 934 1510 1003 perturbationibus,
1536 949 1643 987 non
1668 934 1847 987 minus
1883 949 2009 987 cor-

433 1039 624 1093 porum
652 1039 815 1091 quam
858 1024 1166 1080 animorum
1223 1024 1472 1079 liberavit
1499 1042 1511 1075 :
1549 1039 1783 1094 cumque
1812 1025 1880 1078 ab
1913 1040 2011 1078 an-

432 1116 583 1184 tiqua
615 1116 1024 1185 superstitione,
1049 1131 1113 1170 ac
1143 1116 1444 1172 terroribus
1478 1132 1617 1187 quos
1657 1132 1814 1171 error
1870 1116 2010 1170 mul—

432 1206 684 1260 titudinis
729 1205 955 1261 deorum
988 1205 1265 1271 aﬂerebat,
1310 1214 1473 1275 atque
1501 1221 1534 1260 a
1569 1206 1715 1276 turpi
1756 1206 2011 1276 petulan-

432 1299 581 1368 tique
613 1299 781 1361 victu,
826 1314 1016 1353 omnes
1048 1314 1108 1353 se
1153 1298 1417 1354 adeuntes
1449 1300 1661 1353 Solutos
1689 1299 2005 1361 dimitteret,

429 1391 853 1460 traduceretque
886 1405 950 1445 ac
980 1398 1217 1444 mutaret
1264 1405 1382 1455 eos,
1422 1393 1516 1461 qui
1550 1393 1789 1460 seipsum
1820 1391 2008 1443 obser-

428 1491 640 1547 varent,
678 1498 706 1537 a
739 1483 869 1537 luxu
899 1481 966 1535 ad
998 1482 1342 1545 modestiam,
1377 1483 1444 1537 ab
1486 1484 1763 1553 impietate
1794 1482 1857 1535 ad
1893 1482 2009 1551 pie-

430 1582 617 1640 tatem,
643 1574 711 1627 ab
741 1574 1005 1644 injustitia
1046 1572 1205 1645 16E
1224 1573 1290 1627 ad
1322 1573 1617 1643 justitiam,
1655 1590 1717 1627 ac
1749 1582 2005 1644 pnnterea

427 1679 460 1718 a
482 1665 786 1719 crudelium
816 1665 1123 1720 daemonum
1155 1673 1442 1735 potestate,
1498 1665 1564 1719 ad
1599 1668 1836 1721 divinam
1867 1682 2006 1721 verte

426 1757 646 1827 pietatis
676 1758 1240 1827 comprehensionem,
1274 1768 1550 1828 postremo
1597 1761 1838 1814 cmiestis
1860 1760 2002 1820 vita},

2123 564 2217 616 καὶ
2252 566 2315 617 ἐκ
2353 564 2452 633 τῆς
2502 564 2611 617 τῶν
2660 565 2874 636 πικρῶν
2922 566 3190 637 δαιμόνων
3236 566 3552 631 δυναστείας
3599 571 3692 623 ἐπὶ

2120 654 2218 724 τὴν
2258 654 2436 708 ἔνθεον
2481 657 2782 727 κατάληψιν
2817 659 2916 728 τῆς
2953 658 3187 729 ἀληθοῦς
3235 658 3553 724 εὑσεϐείας’
3600 662 3691 714 καὶ

2120 746 2341 816 προσέτι
2372 747 2578 811 τούτοις
2616 749 2787 812 πύλας
2817 751 3065 822 οὐρανίου
3104 750 3247 824 ζωῆς
3267 793 3283 817 ,
3318 754 3411 807 καὶ
3440 755 3539 825 τῆς
3571 757 3691 810 κατ’

2118 839 2396 893 εὐσέϐειαν
2427 840 2771 906 διδασκαλίας
2796 846 2909 907 τοῖς
2941 844 3062 897 καθ’
3094 845 3220 915 ὅλης
3245 848 3344 917 τῆς
3369 849 3692 920 οἰκουμένης

2118 928 2295 983 ἔθνεσι
2334 933 2752 1004 προϊσχόμενος·
2802 936 2895 989 καὶ
2919 940 2997 1000 εἰς
3034 938 3284 991 τοσοῦτόν
3320 954 3385 1006 γε
3422 939 3689 1006 κάτεισιν,

2117 1021 2191 1084 ὡς
2227 1022 2300 1093 μὴ
2336 1025 2495 1093 μόνον
2532 1025 2799 1095 κάμνουσι
2834 1028 2926 1081 καὶ
2961 1027 3212 1098 χαλεπῶς
3248 1030 3692 1101 νοσηλευομένοις

2116 1112 2214 1177 τὰς
2255 1114 2432 1184 ψυχὰς
2490 1116 2590 1186 τὴν
2650 1119 2916 1188 σωτήριον
2980 1119 3165 1189 ὀρέξαι
3226 1121 3445 1187 δεξιὰν,
3491 1124 3592 1193 ἤδη
3630 1124 3692 1177 δὲ

2116 1205 2210 1257 καὶ
2248 1203 2307 1268 ἐξ
2353 1205 2531 1258 αὐτῶν
2570 1206 2678 1260 τῶν
2724 1207 2906 1261 πυλῶν
2958 1208 3052 1261 τοῦ
3099 1208 3329 1263 θανάτου
3379 1213 3506 1274 τοὺς
3553 1215 3689 1283 ἡμι-

2116 1295 2344 1365 θνῆτας,
2388 1298 2420 1367 ἢ
2463 1297 2556 1350 καὶ
2600 1298 2831 1368 πάμπαν
2873 1299 3219 1365 ἀπολωλότας
3264 1304 3329 1355 ὲκ
3371 1303 3583 1372 μακροῦ
3628 1318 3689 1357 τε

2115 1388 2634 1458 κατορωρυγμένους
2661 1389 2767 1442 τῶν
2796 1389 3026 1443 θανάτου
3060 1390 3217 1445 λῦσαι
3252 1392 3492 1463 δεσμῶνο
3519 1394 3585 1446 δι’
3617 1395 3686 1467 ἣν

2117 1478 2349 1549 μάλιστα
2393 1480 2571 1533 αἰτίαν
2601 1482 2696 1534 καὶ
2732 1481 2891 1553 μέχρι
2930 1483 3039 1537 τῶν
3070 1484 3256 1537 αὐτόθι
3290 1486 3506 1557 χωρίων
3540 1486 3683 1557 ἐδέη-

2115 1587 2205 1623 σεν
2239 1570 2388 1641 αὑτῷ
2428 1573 2727 1642 ἐνεργείας,
2766 1574 2839 1637 ὡς
2873 1573 2939 1627 ἀν
2973 1573 3046 1645 μὴ
3083 1576 3241 1644 μόνον
3279 1574 3517 1642 ζώντων,
3553 1577 3693 1631 ἀλλά

2113 1664 2206 1715 καὶ
2257 1666 2464 1736 νεκρῶν
2518 1666 2877 1737 κυριεύσειεν.
2927 1667 3056 1719 Ὅτε
3110 1668 3207 1737 μὲν
3246 1664 3341 1721 οὖν
3384 1670 3464 1739 τῷ
3514 1671 3688 1742 Πατρὶ

2116 1755 2351 1818 σύνεστι,
2395 1756 2489 1808 καὶ
2524 1756 2621 1827 τὴν
2666 1756 2774 1810 τῶν
2806 1757 2941 1810 ὅλων
2971 1759 3226 1829 πρόνοιαν
3263 1759 3434 1831 ἐνθέῳ
3460 1762 3688 1832 δυνάμει

427 1850 803 1921 doctrinaeque
834 1853 1052 1924 pietatis
1082 1861 1295 1923 portas,
1319 1854 1573 1924 gentibus
1595 1869 1690 1924 per
1716 1861 1888 1907 totum
1916 1869 2001 1907 or-

2106 1846 2465 1918 διακυϐερνᾷ,
2509 1848 2740 1919 ούρανοῦ
2780 1848 2944 1902 αὑτοῦ
2996 1851 3089 1903 καὶ
3131 1852 3234 1921 γῆς
3278 1852 3414 1922 ὁμοῦ
3449 1854 3544 1906 καὶ
3578 1854 3688 1906 τῶν

425 1941 549 1996 bem
578 1951 796 2012 apertas
825 1945 1156 2011 ostenderet,
1189 1960 1362 2013 usque
1384 1945 1519 1999 adeo
1538 1946 1778 2015 seipsum
1811 1944 2008 2000 demit-

427 2033 597 2099 tebat,
630 2042 688 2087 ut
708 2050 814 2087 nou
834 2035 1009 2089 solum
1033 2036 1434 2099 laborantibus,
1455 2038 1800 2107 graviterque
1823 2038 2007 2093 animo

427 2124 821 2193 aegrotantibus
849 2126 1144 2180 salutarem
1181 2126 1430 2182 dextram
1462 2128 1787 2197 porrigeret,
1816 2145 2004 2183 verum

425 2216 587 2270 etiam
627 2216 694 2273 de
724 2218 858 2288 ipsis
884 2218 997 2288 jam
1032 2221 1209 2291 portis
1239 2220 1435 2275 mortis
1486 2223 1903 2287 semimortuas,‘
1921 2225 2005 2279 vel

422 2319 758 2378 eosqueque
815 2310 909 2379 qui
973 2311 1192 2379 penitus
1226 2311 1599 2377 interiissent,
1648 2313 1870 2383 jamque
1910 2314 2004 2368 diu

422 2397 622 2466 sepulti
651 2408 857 2466 essent,
892 2415 922 2454 a
954 2404 1148 2458 mortis
1178 2402 1416 2459 vinculis
1463 2403 1729 2459 solveret:
1785 2414 2008 2476 propter

419 2502 584 2558 quam
615 2490 851 2546 maxime
874 2507 1121 2558 causam,
1174 2494 1253 2547 illi
1279 2493 1382 2548 l‘uit
1421 2509 1559 2565 opus
1596 2496 1663 2549 ad
1689 2496 1779 2549 illa
1831 2513 2005 2567 usque

421 2582 541 2635 loca
578 2582 874 2637 elicaciam
908 2584 1101 2655 agendi
1152 2601 1473 2655 propagare,
1527 2596 1587 2640 ut
1609 2587 1862 2643 videlicet
1894 2606 2005 2644 non

421 2676 596 2730 solum
618 2675 673 2728 in
700 2675 858 2741 vivis,
886 2691 1071 2732 verum
1095 2680 1257 2732 etiam
1282 2681 1334 2733 in
1357 2681 1590 2736 mortuis
1606 2680 2002 2742 dominaretur.

419 2764 559 2819 Dum
590 2766 754 2836 igitur
781 2782 908 2821 cum
934 2766 1094 2824 Patre
1120 2777 1223 2835 est,
1257 2777 1418 2839 atque
1448 2771 1686 2827 universi
1714 2773 2005 2841 providen~

421 2856 553 2911 tiam
581 2857 763 2912 divina
807 2859 1010 2915 virtute
1042 2860 1426 2926 administrat,
1458 2863 1657 2917 coelum
1689 2864 1866 2934 ipsum
1895 2881 2001 2920 una

420 2964 547 3005 cum
582 2957 748 3017 terra,
783 2959 837 3008 et
867 2962 1092 3009 naturas
1122 2970 1243 3024 quae
1272 2955 1327 3009 in
1373 2952 1483 3011 illis
1521 2957 1888 3022 continentur,
1921 2969 2003 3013 at-

419 3057 527 3112 que
558 3057 651 3099 eas
678 3058 799 3114 quae
824 3060 991 3115 supra
1019 3046 1218 3100 malum
1254 3046 1653 3116 intelliguntur,
1689 3048 1904 3103 divinas
1947 3057 2001 3102 et

420 3134 776 3205 incorporeas
829 3143 1014 3191 tuetur
1059 3143 1112 3191 et
1166 3145 1345 3201 curat,
1378 3136 1472 3192 Dei
1506 3138 1764 3205 Verbum,
1821 3152 1876 3197 et
1903 3140 1998 3196 Dei
2027 3164 2074 3226 ο

422 3227 714 3295 sapientia,
757 3236 813 3282 et
861 3227 956 3284 Dei
994 3230 1187 3293 virtus,
1249 3238 1303 3285 et
1358 3231 1635 3302 princeps,
1674 3243 1728 3289 et
1778 3234 1911 3297 dux,
1944 3240 1999 3288 et

418 3331 537 3371 rex.
559 3317 703 3382 Quin
729 3318 889 3372 etiam
915 3325 968 3374 et
1000 3317 1216 3375 Deuset
1248 3317 1512 3378 Dominus
1543 3324 1597 3377 in
1644 3323 1843 3378 divinis
1874 3338 1999 3377 ora-

418 3406 560 3462 culis
589 3399 713 3462 cum
745 3408 904 3464 laude
929 3418 982 3465 et
1009 3412 1179 3481 gloria
1210 3415 1547 3479 nominatur,
1581 3423 1634 3469 et
1664 3415 1999 3472 illuminator

417 3498 639 3568 quidem
697 3500 1145 3572 incorporearum
1203 3504 1728 3576 intelligentiumque
1773 3517 1997 3561 natura-

416 3606 561 3645 rum.
599 3590 692 3645 Sol
723 3594 1097 3664 verojustitia:
1126 3610 1191 3649 ac
1214 3596 1393 3651 lumen
1416 3598 1663 3653 veritatis
1685 3606 1769 3653 est
1790 3599 1993 3662 dictus,

416 3684 511 3754 qui
561 3683 836 3739 subservit
905 3695 1067 3755 atque
1118 3703 1337 3757 operam
1373 3703 1530 3744 suam
1584 3689 1854 3746 immiscet
1904 3708 1997 3762 pa-

414 3777 588 3831 ternis
617 3776 1088 3847 dispositionibus,
1120 3794 1187 3833 ex
1212 3795 1323 3849 quo
1356 3790 1412 3835 et
1442 3779 1623 3837 Patris
1654 3781 1904 3836 minister
1943 3793 1997 3837 et

416 3866 595 3937 opifex
630 3878 994 3938 nuncupatur.
1045 3868 1209 3925 Solus
1240 3885 1371 3925 vero
1424 3878 1579 3927 certo
1620 3872 1813 3927 ordine
1845 3873 1995 3927 novit

417 3956 528 4013 Deo
557 3958 955 4028 obtemperare,
1012 3960 1106 4029 qui
1161 3960 1327 4014 etiam
1385 3960 1632 4015 medicus
1681 3962 1990 4026 intercedit,

415 4052 561 4106 inter
585 4050 757 4108 Deum
776 4053 866 4121 qui
882 4052 1101 4120 genitus
1118 4067 1230 4107 non
1259 4059 1363 4114 est,
1393 4062 1447 4106 et
1479 4067 1574 4108 eas
1600 4068 1691 4110 res
1717 4069 1838 4124 quae
1870 4066 1993 4124 post

417 4143 601 4213 ipsum
620 4143 815 4212 genitae
838 4151 986 4208 sunt,
1031 4144 1125 4213 qui
1153 4143 1745 4201 universicurationem
1779 4161 1995 4201 assum-

415 4235 548 4305 psit,
581 4244 632 4288 et
665 4236 817 4288 Patri
850 4250 946 4304 pro
972 4236 1228 4290 omnibus
1277 4237 1370 4306 qui
1408 4237 1487 4291 illi
1520 4245 1712 4307 parent
1733 4245 1817 4292 est
1859 4253 1994 4293 con-

418 4331 669 4380 secratus
684 4323 942 4393 solusque
973 4324 1123 4379 illum
1154 4326 1407 4381 omnibus
1432 4326 1618 4381 mitem
1671 4326 1994 4396 propitium-

416 4432 525 4487 que
571 4416 773 4482 reddit,
827 4417 922 4487 qui
984 4417 1233 4474 Pontifex
1294 4427 1553 4483 aeternus,
1612 4433 1677 4473 ac
1727 4426 1989 4488 praeterea

2107 1942 2165 1991 ἐν
2206 1938 2415 2002 τούτοις
2458 1940 2860 2011 περιεχομένων
2907 1942 3122 2009 φύσεων
3176 1941 3283 1996 τῶν
3321 1959 3381 1994 τε
3429 1943 3689 1997 ἐπέκεινα

2106 2032 2334 2102 ούρανοῦ
2378 2032 2536 2085 θείων
2571 2034 2664 2086 καὶ
2694 2033 2999 2103 ἀσωμάτων
3035 2033 3232 2088 οὐσιῶν
3275 2036 3567 2090 ἐπισκοπεί
3591 2038 3688 2091 καὶ

2107 2122 2427 2193 ἐπιμέλεται
2464 2123 2599 2177 Θεοῦ
2634 2124 2840 2192 Λόγος,
2886 2126 2982 2178 καὶ
3009 2126 3144 2180 Θεοῦ
3184 2129 3376 2197 σοφία,
3422 2132 3517 2183 καὶ
3545 2130 3682 2184 Θεοῦ

2103 2213 2333 2283 δύναμις
2384 2213 2567 2284 ἄρχων
2627 2230 2686 2267 τε
2740 2215 2833 2268 καὶ
2884 2215 3187 2287 ἡγούμενος
3253 2220 3346 2271 καὶ
3404 2218 3676 2288 βασιλεύς.

2110 2303 2247 2374 Ἤδη
2280 2302 2336 2355 δὲ
2362 2305 2457 2358 καὶ
2485 2303 2616 2367 Θεὸς
2647 2305 2743 2358 καὶ
2765 2305 2967 2377 Κύριος
2994 2308 3052 2360 ἐν
3081 2311 3196 2373 τοῖς
3222 2308 3388 2374 θείοις
3413 2315 3681 2383 χρησμοῖς

2105 2396 2499 2467 ἀνευφημεῖται
2526 2437 2540 2461 ,
2593 2398 2690 2451 καὶ
2743 2399 2991 2467 φωτίζων
3048 2402 3148 2472 μὲν
3204 2404 3305 2467 τάς
3359 2404 3682 2475 ἀσωμάτους

2104 2486 2198 2538 καὶ
2237 2486 2428 2556 νοεράς
2467 2486 2676 2554 φύσεις.
2724 2487 2912 2551 ’Ἥλιος
2961 2489 3017 2542 δὲ
3054 2490 3401 2565 δικαιοσύνης
3436 2495 3532 2547 καὶ
3569 2495 3687 2564 φῶς

2104 2570 2360 2641 ἀληθινὸν
2427 2573 2745 2644 ἀνείρηται,
2801 2576 3091 2647 ὑπουργῶν
3145 2580 3202 2632 δὲ
3253 2582 3350 2636 καὶ
3408 2584 3688 2655 συνεργῶν

2103 2666 2222 2726 ταῖς
2251 2662 2346 2717 τοῦ
2376 2665 2589 2737 Πατρὸς
2642 2666 2967 2732 διατάξεσιν,
3025 2670 3297 2741 ὑπουργὸς
3342 2673 3435 2726 τοῦ
3470 2676 3686 2747 Πατρὸς

2105 2755 2199 2808 καὶ
2242 2756 2573 2827 δημιουργὸς
2616 2758 2960 2829 χρηματίζει.
3022 2760 3181 2814 Ἀλλά
3222 2764 3316 2815 καὶ
3349 2764 3510 2833 μόνος
3541 2766 3684 2819 κατὰ

2103 2849 2254 2914 τάξιν
2298 2848 2453 2914 εἰδὼς
2484 2850 2803 2922 θεραπεύειν
2833 2852 2986 2915 Θεὸν,
3024 2852 3187 2923 μέσος
3227 2872 3287 2907 τε
3327 2855 3499 2919 ἑστὼς
3543 2857 3676 2911 Θεοῦ

2102 2939 2194 2993 τοῦ
2241 2942 2535 3012 ἀγεννήτου
2572 2942 2665 2994 καὶ
2700 2940 2808 2993 τῶν
2838 2943 2956 3013 μετ’
2987 2943 3148 2997 αὑτὸν
3191 2945 3453 3016 γενητῶν,
3482 2950 3583 3019 τήν
3617 2966 3677 3001 τε

2103 3031 2210 3085 τῶν
2258 3031 2395 3086 ὅλων
2438 3031 2858 3103 ἀναδεδεγμένος
2907 3035 3197 3106 φροντίδα,
3240 3038 3336 3090 καὶ
3385 3038 3526 3109 ὑπὲρ
3567 3039 3679 3092 τῶν

2103 3125 2358 3197 ὑπηκόων
2401 3127 2654 3182 ἁπάντων
2697 3126 2989 3199 ἱερώμενος
3027 3127 3105 3199 τῷ
3141 3129 3345 3201 Πατρὶ,
3379 3133 3473 3185 καὶ
3518 3132 3680 3201 μόνος

2103 3219 2265 3271 αὑτὸν
2292 3222 2405 3282 τοῖς
2439 3221 2604 3273 πᾶσιν
2636 3220 2839 3291 εὐμενῆ
2876 3220 2970 3273 καὶ
2998 3220 3155 3275 ἵλεων
3188 3222 3464 3293 παρέχων,
3492 3224 3679 3295 ἀρχιε-

2103 3314 2231 3385 ρεὺς
2261 3311 2499 3377 αἰώνιος,
2544 3314 2636 3367 καὶ
2671 3314 2736 3385 δὴ
2767 3314 2998 3385 Χριστὸς
3032 3314 3127 3367 τοῦ
3159 3316 3375 3388 Πατρὸς
3409 3333 3679 3388 προσαγο-

2104 3404 2338 3475 ρεύεται,
2368 3404 2510 3458 οὕτω
2538 3406 2633 3460 καὶ
2661 3405 2930 3478 Ἑϐραίοις
2955 3407 3205 3478 Χριστῶν
3234 3409 3680 3479 ἐπικαλουμένων

2100 3500 2267 3553 πάλαι
2310 3499 2419 3552 τῶν
2463 3498 2560 3570 τὴν
2600 3500 2786 3554 εἰκόνα
2841 3498 2936 3552 τοῦ
2993 3500 3211 3573 πρώτου
3258 3500 3348 3555 διὰ
3394 3502 3679 3571 συμϐόλων

2100 3593 2510 3646 ἐπιτελούντων.
2561 3594 2673 3647 Καὶ
2728 3594 2818 3646 ὅτε
2874 3594 2972 3664 μὲν
3046 3593 3299 3663 ἀγγέλοις
3369 3594 3683 3667 ταξιαρχῶν

2098 3685 2395 3748 ἐπιστατεῖ,
2454 3684 2698 3755 μεγάλης
2754 3683 2951 3755 βουλῆς
2990 3684 3219 3753 ἄγγελος
3257 3686 3676 3757 ἀναγορεύεται,

2098 3776 2192 3828 καὶ
2211 3774 2319 3828 τῶν
2348 3777 2467 3828 κατ’
2491 3775 2718 3848 οὐρανὸν
2742 3773 3009 3846 στρατιῶν
3031 3775 3165 3846 ἡγού
3175 3791 3356 3846 μενος,
3381 3777 3680 3847 ἀρχιστρά-

2096 3882 2261 3937 τηγος
2288 3866 2569 3937 δυνάμεως
2611 3867 2814 3937 Κυρίου
2845 3862 3011 3920 εῖναισ
3059 3866 3158 3938 ῆδη
3182 3867 3239 3920 δὲ
3267 3867 3468 3921 κατιὼν
3491 3869 3581 3921 ἐπὶ
3610 3869 3677 3921 τὰ

2096 3960 2241 4030 τῇδε,
2284 3959 2441 4031 ἡμῶν
2467 3977 2527 4012 τε
2552 3960 2731 4014 αὑτῶν
2762 3960 2863 4032 τῆς
2897 3960 3122 4031 λογικῆς
3173 3959 3414 4029 φύσεως,
3472 3962 3571 4030 τῆς
3615 3977 3675 4013 τε

2100 4052 2233 4116 ιδίας
2264 4051 2450 4117 αὑτοῦ,
2480 4052 2641 4124 χάριν
2671 4054 2898 4121 εἰκόνος,
2932 4052 3313 4125 φιλανθρωπίᾳ
3339 4052 3432 4105 τοῦ
3462 4052 3676 4123 Πατρὸς

2097 4143 2647 4215 ἀντιλαμϐανόμενος,
2701 4144 2837 4199 καθὸ
2878 4145 2981 4216 μὲν
3020 4143 3165 4197 ἔοικε
3206 4145 3416 4215 νηπίων
3461 4142 3670 4213 ἄρχειν,

2096 4236 2189 4289 καὶ
2248 4236 2410 4289 οἱονεὶ
2461 4237 2862 4309 βοσκημάτων,
2900 4221 3117 4307 τποιμὴν
3171 4235 3481 4306 ὠνόμασται
3538 4251 3676 4306 προ-

2096 4328 2303 4382 ϐάτων
2362 4329 2496 4384 καθὸ
2550 4329 2608 4383 δὲ
2665 4328 2853 4401 ψυχῶν
2914 4328 3173 4400 ἐμπαθῶν
3227 4329 3325 4400 τὴν
3375 4327 3673 4397 θεραπείαν

2099 4420 2511 4490 ἐπαγγέλλεται,
2534 4419 2722 4491 Σωτὴρ
2748 4421 2841 4473 καὶ
2872 4420 3055 4492 ἰατρὸς
3091 4420 3315 4482 εἰκότως
3355 4418 3418 4473 ἂν
3441 4420 3669 4489 λέγοιτο.

416 4507 669 4564 Christus
707 4507 886 4563 Patris
943 4518 1189 4563 vocatur.
1250 4508 1340 4565 Sic
1391 4510 1538 4564 enim
1559 4509 1703 4581 apud
1735 4508 1990 4568 Hebraeos

2104 4512 2268 4565 Τοῦτο
2309 4511 2504 4582 γοῦνὴ
2545 4512 2677 4581 παρ’
2729 4510 2998 4583 Ἑϐραίοις
3045 4510 3137 4564 τοῦ
3196 4512 3369 4581 Ἰησοῦ
3417 4512 3672 4583 σημαίνει

417 4601 545 4655 οίὶηι
585 4601 1020 4672 appellabantur,
1052 4599 1147 4670 qui
1179 4599 1469 4669 imaginem
1510 4601 1672 4671 primi
1719 4616 1815 4672 per
1844 4617 1994 4671 quae-

416 4695 540 4749 dam
573 4698 729 4767 signa
761 4693 1089 4760 referebant,
1132 4709 1195 4749 ac
1243 4697 1373 4749 dum
1429 4697 1744 4766 angelorum
1775 4695 1993 4765 quidem

417 4789 703 4845 ordinibus
744 4790 995 4858 imperat,
1024 4798 1184 4858 atque
1224 4789 1291 4845 iis
1339 4797 1556 4860 prmest,
1593 4790 1771 4860 magni
1813 4790 1997 4844 coasi-

416 4877 473 4931 lii
532 4880 760 4950 angelus
785 4894 907 4935 esse
933 4878 1159 4943 dicitur,
1221 4885 1275 4933 et
1337 4880 1545 4933 militiae
1582 4879 1829 4934 caelestis
1858 4879 1991 4944 dux,

417 4982 481 5022 ac
538 4973 813 5027 maximus
864 4971 1145 5041 capiarum
1202 4969 1415 5026 Domini
1477 4972 1793 5041 imperator.
1854 4969 1992 5025 Dum

430 5075 557 5116 vero
586 5065 655 5119 ad
694 5064 811 5119 haec
844 5071 1034 5119 nostra
1095 5063 1400 5128 descendit,
1444 5073 1796 5134 nostramque
1844 5065 1996 5135 ipso-

417 5166 538 5208 rum
565 5157 886 5211 rationalem
918 5164 1191 5220 naturam,
1252 5166 1305 5211 et
1348 5172 1463 5211 suae
1516 5157 1771 5229 imaginis
1801 5172 1989 5221 causa,

416 5252 471 5297 et
502 5245 742 5302 bonitate
781 5246 958 5302 Patris
985 5247 1237 5312 assumit,
1299 5263 1365 5302 ex
1400 5263 1508 5317 quo
1562 5263 1695 5304 sane
1749 5249 1998 5319 parvulis

417 5343 579 5405 atque
655 5338 1087 5408 insipientibus,
1174 5352 1237 5391 ac
1315 5341 1706 5409 propemodum
1780 5343 1994 5410 pecori-

416 5424 518 5481 bus
568 5430 839 5500 imperare
863 5431 1096 5494 videtur,
1155 5438 1343 5498 pastor
1398 5431 1582 5486 ovium
1642 5433 1823 5488 dictus
1883 5440 1987 5490 est.

418 5516 701 5582 Quatenus
752 5536 882 5576 vero
948 5522 1254 5576 animarum
1296 5524 1673 5591 :egrotantium
1724 5525 1989 5581 medelam

413 5609 729 5677 pollicetur,
780 5612 978 5668 merito
1044 5612 1296 5667 Salvator
1350 5628 1415 5668 ac
1482 5615 1728 5671 medicus
1765 5615 1988 5673 dicitur.

485 5780 719 5839 ‘Matth.
760 5798 877 5853 \‘ltl,
916 5786 1006 5841 29.

2102 4601 2457 4676 προσηγορία.
2514 4603 2667 4654 Ἐπεὶ
2711 4603 2769 4656 δὲ
2808 4603 2916 4656 ἔδει
2952 4603 3080 4656 ποτὲ
3130 4604 3223 4657 καὶ
3257 4604 3406 4674 αύτῷ
3438 4606 3670 4674 ὀργάνου

2097 4692 2456 4765 ἀνθρωπίνου,
2504 4691 2579 4754 ὡς
2622 4691 2689 4745 ἂν
2729 4692 2824 4746 καὶ
2872 4693 3177 4765 ἀνθρώποις
3222 4696 3412 4748 ἐαυτὸν
3462 4699 3669 4767 φήνειε,

2096 4786 2193 4840 καὶ
2226 4787 2324 4857 τῆς
2363 4785 2458 4839 τοῦ
2491 4785 2707 4857 Πατρὸς
2739 4784 3085 4854 ἐπιγνώσεως
3125 4789 3219 4840 καὶ
3253 4788 3535 4851 εὐσεϐείας
3579 4789 3672 4842 τὸν

2095 4881 2269 4953 ἀληθῆ
2298 4880 2453 4949 λόγον
2475 4880 2728 4945 διδάξειε,
2757 4886 2853 4938 καὶ
2886 4882 3073 4936 τοῦτον
3102 4883 3202 4935 οὐκ
3230 4882 3551 4952 ἀπαρνεῖται
3579 4882 3671 4935 τὸν

2093 4973 2323 5045 τρόπον’
2364 4974 2556 5037 ἐπιϐὰς
2587 4972 2645 5027 δὲ
2675 4970 2735 5027 εὖ
2771 4976 2914 5047 μάλα
2943 4979 3007 5047 τῇ
3036 4975 3280 5047 ἡμετέρᾳ
3302 4974 3482 5042 φύσει,
3530 4973 3671 5045 πάρ-

2095 5080 2232 5117 εισιν
2256 5065 2336 5127 είς
2372 5063 2714 5134 ἀνθρώπους,
2760 5066 2894 5119 Θεὸν
2915 5066 2981 5120 δι’
3006 5065 3293 5136 ἀνθρώπου
3319 5066 3459 5136 μέγα
3480 5066 3671 5136 θαῦμα

2093 5158 2204 5219 τοῖς
2234 5157 2398 5208 πᾶσιν
2428 5154 2865 5226 ἐπιδεικνύμενος
2883 5174 2898 5186 ι
2929 5157 3005 5220 ὡς
3042 5157 3109 5211 ἂν
3147 5157 3409 5228 μὴ.μόνον
3439 5156 3499 5221 ἐξ
3538 5158 3675 5226 ἀφα-

2093 5245 2216 5308 νοῦς
2248 5245 2342 5298 καὶ
2373 5244 2570 5315 ἀδήλου
2615 5245 2854 5316 ἄσαρκος
2883 5248 2959 5309 ὠς
2996 5247 3090 5300 καὶ
3130 5245 3419 5316 ἀσώματος
3447 5248 3672 5298 ἐπιστα-

2092 5336 2231 5406 τοίη,
2261 5338 2442 5400 αὐτοῖς
2464 5337 2519 5389 δὲ
2546 5337 2749 5406 σαρκὸς
2774 5336 3017 5408 ὄμμασιν
3038 5335 3335 5408 ὁρώμενος,
3365 5335 3670 5408 ἀνθρώπων

2091 5446 2150 5483 τε
2205 5429 2501 5499 ὀφθαλμοῖς
2551 5429 2643 5481 καὶ
2696 5430 2839 5499 ὑπὲρ
2889 5430 3177 5501 ἄνθρωπον
3221 5430 3668 5501 θαυματουργίας

2093 5521 2349 5591 παρέχων
2380 5522 2532 5592 όρᾷν,
2565 5521 2660 5574 καὶ
2690 5523 2912 5593 προσέτι
2956 5522 3205 5593 σώματος
3233 5522 3423 5585 ἀκοαῖς
3450 5521 3550 5585 τὰς
3578 5519 3668 5575 διὰ

2092 5611 2336 5683 γλώττης
2368 5614 2462 5666 καὶ
2501 5613 2685 5683 φωνῆς
2731 5613 2994 5684 ἐνάρθρου
3036 5613 3362 5685 παραδιδοὺς
3410 5613 3664 5668 διδασκα-
