4126 6422
366 359 469 417 εει

1283 355 1942 412 DEMONSTRATIONIS
1980 354 2441 412 EVANGELICIE
2476 356 2604 414 LIB.
2639 356 2729 413 IV.

3508 354 3617 407 9.33

364 478 508 541 λιας,
556 473 699 528 θεῖόν
745 490 803 527 τε
843 471 917 536 ὼς
957 472 1171 544 ἀληθῶς
1223 475 1317 527 καὶ
1371 474 1673 546 παράδοξον
1726 474 1922 558 χρῆμα

2046 474 2202 545 165
2242 473 2356 528 lIoc
2393 474 2540 529 enim
2581 474 2723 544 apud
2749 471 3003 527 Hebraeos
3044 469 3173 527 Jesu
3210 472 3502 542 appellatio
3534 474 3611 527 si-

364 562 477 618 οἴον
508 564 618 618 οὐδ’
647 563 777 617 ἄλλο
812 582 895 618 πω
922 565 1084 633 φανὲν
1118 566 1549 636 μνημονεύεται,
1582 562 1847 637 σωτήριόν
1876 582 1935 619 τε

365 646 504 727 ὁμζοῦ
548 656 643 710 καὶ
689 656 1029 727 εὐεργετικὸν
1069 660 1179 719 τοῖς
1222 659 1389 710 πᾶσιν
1425 660 1587 722 αὐτὸς
1625 660 1815 713 ἑαυτὸν
1848 660 1935 711 ὲν-

366 750 734 821 δεικνύμενος.
765 749 919 803 Οὕτω
949 750 1081 821 δῆτα
1116 753 1144 803 ὁ
1175 750 1306 814 θεὸς
1333 754 1361 804 ὁ
1387 752 1556 821 Λόγος
1589 752 1703 816 υίὸς
1730 751 1938 823 ἀνθρώ-

368 855 474 890 που
515 838 745 905 ἐλέγετο,
777 838 870 889 καὶ
918 839 1123 910 Ἰησοῦς
1157 840 1486 911 ὠνομάζετο,
1518 844 1648 914 παρ’
1676 843 1799 896 ὅσον
1836 843 1936 912 τῆς

366 925 867 999 τῶν-ἀνθρωπίνων
913 927 1097 996 ψυχῶν
1152 928 1344 991 ἰάσεώς
1394 947 1453 983 τε
1503 930 1595 983 καὶ
1642 931 1935 1002 θεραπείας

370 1018 530 1088 χάριν
557 1016 651 1086 τὴν
683 1014 911 1085 πάροδον
942 1020 1023 1080 είς
1051 1019 1195 1087 ἡμᾶς
1230 1019 1484 1073 ἐποιεῖτο.
1532 1021 1721 1091 Σωτὴρ
1769 1021 1812 1074 δ’
1843 1017 1934 1075 οὖν

371 1108 464 1162 καὶ
494 1106 620 1175 παρ’
661 1105 933 1176 Ἑϐραίοις
976 1107 1391 1179 ἑρμηνεύεταιή
1431 1108 1522 1161 τοῦ
1560 1109 1732 1179 Ἰησοῦ
1769 1128 1936 1182 προσ-

369 1197 579 1266 ηγορία.
653 1197 761 1259 Τάς
807 1214 867 1249 τε
922 1198 1107 1261 κοινὰς
1152 1201 1280 1269 ἡμῖν
1332 1201 1589 1269 ὑπέμεινε
1637 1202 1932 1273 διατριϐὰς,

365 1289 608 1359 οὐδαμῶς
646 1290 743 1360 μὲν
779 1290 873 1343 τοῦ
918 1285 1057 1344 εἶναι
1101 1291 1159 1354 ὃς
1194 1288 1261 1363 ἦν
1297 1292 1666 1364 ἐξιστάμενος,
1696 1293 1831 1364 ὁμοῦ
1877 1294 1935 1347 δὲ

362 1382 418 1434 ἐν
451 1380 527 1451 τῷ
560 1381 829 1452 ἀνθρώπῳ
867 1382 1145 1451 φυλάττων
1183 1386 1272 1437 τὸν
1310 1386 1460 1439 Θεόν.
1505 1386 1680 1449 Εὐθὺς
1713 1402 1934 1456 τοιγαρ-

359 1468 450 1521 οῦν
496 1471 589 1523 ἐπὶ
627 1472 726 1541 τῆς
769 1471 993 1543 πρώτης
1026 1474 1103 1535 είς
1143 1472 1458 1544 ἀνθρώπους
1512 1475 1815 1546 καταϐολῆς
1855 1474 1933 1545 τῷ

360 1559 477 1631 Θεῴ
504 1562 604 1632 τῆς
629 1563 903 1634 ἡμετέρας
926 1565 1188 1632 γενέσεως
1224 1569 1320 1638 τὴν
1350 1567 1527 1621 ἔνθεον
1553 1568 1817 1638 ἀνακιρνᾷ
1844 1584 1934 1637 με·

355 1653 706 1725 γαλουργίαν,
732 1656 1048 1725 τικτόμενος
1078 1658 1174 1727 μὲν
1204 1660 1333 1729 ἡμῖν
1360 1658 1580 1729 ὁμοίως,
1611 1659 1703 1709 καὶ
1736 1657 1930 1728 θνητοῦ

2038 569 2277 639 gniﬁcat.
2304 566 2594 630 Caeterum,
2622 584 2749 622 cum
2770 566 2870 636 ipsi
2897 567 3136 621 humano
3165 580 3380 636 quoque
3402 567 3610 620 instru-

2038 668 2222 712 mento
2253 674 2393 729 opus
2430 671 2595 721 esset,
2631 675 2743 728 quo
2810 659 2975 714 etiam
3010 660 3321 715 hominibus
3368 661 3608 728 scipsum

2038 747 2371 810 ostenderet,
2402 746 2694 819 Patrisque
2723 750 2806 805 sui
2830 751 3157 820 agnoscendi
3192 759 3246 805 et
3275 751 3486 805 colendi
3512 765 3607 804 ve-

2038 853 2153 891 ram
2183 838 2447 892 rationem
2485 838 2732 901 doceret,
2768 854 2834 893 ne
2880 840 3025 893 hunc
3074 839 3290 910 quidem
3337 838 3605 892 recusavit

2037 928 2279 991 modum,
2311 927 2403 982 sed
2439 929 2818 984 strenuissime
2852 939 3100 984 naturam
3125 941 3363 984 nostram
3395 929 3606 998 ingres-

2038 1034 2153 1082 sus,
2186 1018 2253 1072 ad
2284 1018 2531 1073 homines
2558 1022 2809 1085 accessit,
2842 1036 2905 1073 ac
2935 1020 3100 1073 Deum
3145 1020 3378 1073 hominis
3402 1018 3605 1087 specie,

2037 1110 2228 1179 ingens
2274 1109 2597 1163 miraculum
2638 1110 2896 1173 ostendit,
2936 1118 2993 1163 ut
3023 1126 3131 1163 non
3166 1110 3342 1163 solum
3375 1109 3609 1163 obscure

2037 1216 2100 1255 ac
2122 1202 2370 1264 latenter,
2403 1199 2521 1254 sine
2553 1216 2716 1254 carne
2736 1210 2788 1254 et
2819 1201 2937 1255 sine
2961 1215 3187 1269 corpore
3210 1205 3486 1268 praeesset,
3514 1212 3609 1253 vta-

2036 1308 2155 1347 rum
2186 1292 2321 1360 ipsis
2353 1308 2567 1362 quoque
2605 1293 2885 1361 corporeis
2933 1291 3212 1346 obtutibus
3250 1302 3457 1360 patens,
3510 1288 3609 1342 ho-

2034 1384 2354 1453 minimique
2396 1385 2572 1439 oculis
2627 1385 2889 1438 miracula
2936 1400 3056 1454 quae
3109 1397 3276 1452 supra
3328 1380 3607 1435 hominem

2036 1482 2164 1530 sunt
2216 1476 2480 1529 exhibens
2526 1474 2815 1538 intuenda,
2863 1476 2942 1529 sic
2986 1474 3204 1545 quidem
3247 1472 3313 1526 ad
3357 1470 3604 1541 corporis

2035 1567 2202 1620 etiam
2234 1581 2415 1628 aures,
2473 1566 2690 1636 lingum,
2734 1567 2991 1635 vocisque
3036 1566 3338 1619 articulatm
3376 1562 3606 1633 fungens

2035 1659 2232 1722 oliieio,
2279 1659 2603 1712 documenta
2649 1658 2960 1713 hominibus
3007 1660 3289 1728 prmberet,
3334 1657 3608 1711 divinum-

354 1742 507 1814 δίκην
537 1743 822 1815 ἄνθρωπον
849 1748 1298 1820 ἀμφιεννύμενος,
1327 1751 1402 1813 ὡς
1436 1749 1491 1802 δ’
1514 1749 1695 1803 οὐκέτι
1721 1750 1922 1821 ἅνθρω-

2032 1764 2139 1817 que
2186 1762 2374 1802 revera
2414 1755 2575 1815 atque
2628 1746 2947 1800 admirabile
2997 1748 3399 1816 spectaculum,
3446 1745 3608 1813 quale

356 1850 474 1897 πος,
503 1834 637 1888 ἀλλά
663 1835 811 1900 Θεὸς,
836 1838 894 1904 ἐξ
918 1840 1185 1910 ἀχράντου
1216 1842 1309 1895 καὶ
1334 1842 1709 1913 ἀπειρογάμου
1737 1842 1926 1913 κόρης,

353 1924 475 1993 οὐχὶ
518 1925 575 1978 δὲ
614 1926 679 1979 ἐκ
724 1927 921 1997 μίξεως
949 1932 1042 1985 καί
1084 1931 1290 2004 φθορᾶς
1332 1933 1428 2004 τὴν
1462 1932 1555 1986 τοῦ
1603 1935 1927 2004 φαινομένου

354 2014 566 2081 γένεσιν
601 2018 981 2091 ὑφιστάμενος.

2036 1839 2244 1893 nullum
2271 1839 2413 1892 aliud
2447 1837 2624 1891 adhuc
2660 1837 2831 1891 visum
2862 1852 2984 1891 esse
3025 1826 3375 1899 memoratur,
3408 1836 3607 1905 quipr

2036 1932 2179 2003 quod
2215 1939 2269 1986 et
2303 1931 2559 1993 salutare,
2589 1937 2644 1984 et
2681 1929 2821 1984 idem
2852 1929 3172 1982 beneﬁcium
3195 1929 3451 1983 omnibus
3482 1943 3610 1982 sen-

2037 2025 2253 2087 tiretur,
2288 2023 2405 2092 ipse
2436 2022 2676 2092 scipsum
2704 2021 3032 2075 ostenderet.
3061 2018 3256 2089 Sicque
3272 2021 3436 2074 etiam
3464 2018 3608 2074 Deus

354 2105 615 2174 Verbum,
689 2113 834 2169 ﬁlius
877 2115 1118 2172 hominis
1158 2118 1463 2185 dicebatur,
1531 2125 1586 2173 et
1631 2125 1904 2188 quatenus
1938 2117 2005 2171 ad
2041 2117 2288 2171 homines
2332 2124 2576 2178 venerat,
2625 2123 2685 2168 ut
2729 2115 2927 2168 animis
2968 2113 3222 2167 humanis
3259 2112 3606 2176 medicinam,

352 2202 751 2276 sanitatemque
800 2208 1047 2277 aﬁ'erret,
1103 2210 1265 2267 Jesus
1325 2213 1735 2267 nominabatur.
1793 2210 1929 2265 Nam
1968 2212 2142 2281 ipsius
2188 2208 2317 2265 Jesu
2386 2209 2528 2275 apud
2580 2207 2838 2263 Hebraeos
2882 2207 3210 2276 appellatio,
3272 2203 3609 2259 Salvatorem

353 2295 523 2362 plane
566 2297 856 2367 signiﬁcat.
923 2299 1108 2372 Itaque
1145 2305 1424 2359 communi
1475 2320 1626 2359 more
1661 2318 1730 2357 ne
1765 2303 1975 2358 versari
2010 2303 2227 2372 quidem
2276 2302 2583 2364 nobiscum,
2624 2300 2769 2355 haud
2820 2300 3099 2368 indignum
3172 2312 3271 2355 sua
3322 2297 3611 2360 maiestate

346 2385 634 2453 judicavit,
682 2391 899 2445 interim
948 2404 1131 2448 tamen
1205 2410 1477 2465 nusquam
1529 2395 1789 2450 desinens
1818 2410 1941 2449 esse
1977 2392 2123 2463 quod
2176 2401 2315 2456 erat,
2345 2393 2438 2447 sed
2490 2393 2543 2445 in
2574 2392 2793 2446 homine
2823 2391 3026 2461 pariter
3047 2389 3214 2442 Deum
3250 2402 3607 2442 conservans.

357 2476 545 2548 Itaque
577 2480 760 2533 statim
795 2482 848 2535 in
891 2484 1066 2551 primo
1096 2483 1163 2537 ad
1198 2483 1447 2539 homines
1474 2484 1768 2551 descensu,
1833 2499 1972 2538 cum.
1994 2482 2104 2537 Deo
2136 2482 2382 2537 divinam
2452 2482 2774 2536 commiscet
2819 2481 2993 2533 nostri
3030 2487 3184 2533 ortus
3216 2478 3612 2531 admirabilita-

356 2582 465 2626 tem
507 2590 522 2627 :
565 2577 782 2645 quippe,
838 2578 933 2647 qui
984 2594 1132 2633 more
1170 2588 1361 2633 nostro
1415 2580 1486 2634 sit
1533 2579 1765 2644 ,editus,
1832 2586 1886 2634 et
1926 2579 2173 2632 mortalis
2221 2578 2417 2641 instar,
2458 2577 2733 2631 hominem
2771 2575 3017 2636 indutus,
3067 2572 3160 2627 sed
3196 2588 3305 2625 non
3348 2580 3608 2639 tanquam

350 2663 536 2730 homo,
569 2684 755 2722 verum
790 2677 848 2722 ut
888 2668 1029 2725 Deus
1061 2670 1128 2724 de
1158 2671 1478 2739 purissima,
1527 2672 1820 2741 nullasque
1883 2680 2107 2741 experta
2167 2670 2390 2739 nuptias
2437 2667 2682 2739 Virgine,
2723 2680 3065 2735 nequaquam
3105 2680 3235 2719 vero
3274 2678 3340 2717 ex
3400 2677 3607 2717 concu-

349 2758 467 2813 bitu
523 2769 617 2812 aut
658 2760 1008 2840 corruptione
1036 2767 1217 2815 ortum
1251 2762 1395 2830 ejus,
1426 2762 1517 2831 qui
1544 2762 1661 2832 ipse
1689 2760 2005 2832 apparebat,
2033 2759 2324 2829 acceperit.

1080 2923 1182 2977 IA’.

493 3059 690 3125 Ὅπως
723 3059 830 3113 τὸν
865 3060 937 3114 ἐν
962 3060 1293 3129 ἀνθρώποις
1322 3061 1601 3131 διεξῆλθε
1616 3062 1795 3127 βίον.

420 3172 528 3225 Καὶ
559 3172 649 3225 τὸν
681 3172 806 3243 ἑξῆς
843 3172 900 3226 δὲ
940 3172 1228 3244 σύμπαντα
1262 3173 1397 3244 βίον,
1431 3173 1604 3247 ταύτῃ
1636 3193 1711 3246 πη
1752 3173 1922 3229 διετὲ-

347 3262 449 3326 λει,
475 3263 597 3315 τοτὲ
623 3262 721 3331 μὲν
736 3264 835 3332 τὴν
851 3263 986 3334 πρὸς
1007 3264 1154 3333 ἡμᾶς
1173 3262 1583 3333 ὁμοιοπάθειαν,
1603 3264 1725 3316 τοτὲ
1751 3262 1808 3315 δὲ
1831 3262 1924 3316 τὸν

348 3351 482 3405 Θεοῦ
531 3352 702 3419 Λόγον
737 3352 1082 3422 ὑποφαίνων,
1124 3353 1514 3425 μεγαλουργῶν
1556 3355 1651 3407 καὶ
1688 3353 1923 3425 παραδο-

350 3444 577 3509 ξοποιῶν
607 3446 682 3508 ὡς
713 3444 864 3508 Θεὸς,
915 3446 1010 3499 καί⁵
1035 3444 1143 3499 τῶν
1179 3443 1476 3514 μελλόντων
1513 3443 1731 3499 ἔσεσθαι
1761 3461 1924 3515 προα-

348 3534 606 3604 ναφωνῶν
641 3534 740 3597 τὰς
776 3536 1131 3608 προρρήσεις,
1181 3535 1276 3588 καὶ
1313 3534 1405 3589 τὸν
1444 3534 1517 3605 μὴ
1553 3537 1667 3598 τοῖς
1708 3533 1922 3597 πολλοῖς

346 3624 620 3696 ὁρώμενον
658 3625 789 3680 Θεὸν
827 3628 1000 3696 Λόγον
1052 3629 1165 3691 τοῖς
1195 3626 1373 3699 ἔργοις
1420 3626 1677 3698 ἄντικρυς
1724 3626 1917 3680 ἐπιδει-

347 3716 607 3787 κνύμενος
633 3715 858 3791 [εἰκότα
892 3718 949 3771 δὲ
980 3718 1074 3771 καὶ⁵
1108 3719 1270 3789 ὅμοια
1298 3720 1417 3781 ταῖς
1445 3716 1691 3792 ἀρχαῖς].

1075 3916 1175 3969 IB'.

386 4009 480 4073 Ὠς
506 4009 795 4078 καὶμέχρι
823 4006 951 4079 τῶνᾲ
976 4008 1162 4063 πάλαι
1196 4008 1634 4079 κατοιχομένων
1659 4009 1922 4065 ἐκάλουν

591 4077 777 4133 αὐτὸν
805 4081 858 4132 οὶ
890 4077 1001 4146 τῆς
1033 4077 1478 4148 φιλανθρωπίας
1514 4080 1702 4148 νόμοι.

412 4194 522 4247 Καὶ
563 4196 633 4250 τὰ
680 4194 805 4266 τέλη
841 4194 990 4265 αύτῷ
1032 4194 1130 4265 τῆς
1175 4194 1232 4260 ἐξ
1264 4194 1918 4266 ἁνθρώπωνιάπαλλαγῆς

342 4287 682 4357 ὲνεχειρείτο.
717 4288 826 4340 Καὶ
859 4287 966 4359 γὰρ
1009 4288 1167 4358 μέχρι
1212 4288 1465 4352 θανάτου,
1495 4288 1589 4341 καὶ
1618 4288 1798 4341 αὐτῶν
1836 4305 1918 4341 vs-

1945 3085 1992 3147 C

2772 2917 2858 2974 XI.

2102 3096 2115 3102 -
2163 3058 2616 3126 Quemadmodum
2649 3058 2789 3112 inter
2828 3058 3061 3111 homines
3090 3058 3247 3110 vitam
3282 3058 3462 3125 egerit.

2097 3173 2364 3243 Deinceps
2384 3188 2513 3227 vero
2544 3172 2809 3242 reliquam
2842 3171 3008 3224 vitam
3039 3185 3254 3225 omnem
3288 3169 3476 3225 eadem
3514 3185 3606 3223 ra-

2023 3265 2173 3320 tione
2203 3266 2431 3335 peregit,
2461 3278 2609 3318 nunc
2637 3263 2855 3333 quidem
2896 3261 3129 3316 similem
3166 3269 3375 3315 naturae
3399 3270 3601 3315 nostra:

2023 3354 2417 3419 inﬁrmitatem,
2452 3371 2599 3409 nunc
2631 3369 2762 3407 vero
2794 3354 2970 3421 ipsum
3005 3351 3098 3408 Dei
3132 3352 3368 3409 Verbum
3405 3371 3515 3424 pia:
3544 3370 3604 3410 se

2023 3447 2226 3516 ferens,
2272 3448 2401 3501 dum
2452 3447 2695 3517 ingentia
2742 3446 2991 3516 qmedam
3043 3454 3208 3516 atque
3259 3447 3604 3502 admirabilia

2020 3546 2284 3607 tanquam
2328 3536 2470 3593 Deus
2497 3536 2678 3604 efficit,
2711 3552 2774 3591 ac
2825 3552 2946 3606 qua:
2989 3536 3168 3589 futura
3220 3546 3405 3592 essent
3449 3547 3603 3592 tanto

2020 3637 2148 3681 ante
2184 3627 2456 3695 prtedicit,
2498 3635 2553 3681 et
2584 3627 2675 3696 qui
2716 3643 2745 3680 a
2777 3626 2936 3697 166
2972 3628 3157 3682 multis
3194 3643 3303 3681 non
3356 3630 3602 3683 cernitur

2021 3715 2166 3771 Deus
2199 3714 2463 3779 Verbum,
2488 3731 2612 3769 eum
2640 3716 2817 3784 ipsum
2850 3717 3004 3770 t‘actis
3032 3717 3347 3786 planissime
3377 3717 3604 3773 demon-

2020 3816 2158 3864 strat
2186 3806 2364 3880 [paria
2385 3817 2437 3861 et
2466 3806 2667 3861 similia
2699 3807 2923 3881 initiis].

2751 3922 2863 3977 XII.

2021 4014 2175 4083 Quod
2207 4029 2370 4082 usque
2400 4013 2468 4067 ad
2490 4030 2575 4068 eos
2605 4013 2695 4082 qui
2726 4013 3016 4082 antiquitus
3040 4011 3238 4065 mortui
3261 4019 3433 4077 erant,
3463 4012 3597 4082 leges

2381 4085 2726 4139 humanitatis
2761 4084 2910 4137 illum
2947 4086 3218 4137 vocabant.

2087 4200 2226 4258 Vitae
2257 4202 2421 4257 etiam
2454 4199 2614 4253 ﬁnem
2648 4208 2975 4261 extremum,
3009 4212 3132 4252 cum
3179 4198 3248 4251 ab
3282 4196 3597 4253 hominibus

2018 4290 2294 4353 discessit,
2323 4290 2481 4343 initio
2526 4288 2773 4357 ejusdem
2811 4303 2993 4357 parem
3027 4302 3090 4339 ac
3114 4286 3345 4341 similem
3376 4289 3595 4357 praesti-

342 4379 490 4451 κρῶν
519 4380 568 4433 οἱ
599 4379 699 4449 τῆς
732 4379 1139 4451 φιλανθρωπίας
1166 4378 1327 4433 αὐτὸν
1360 4380 1589 4434 ἐκάλουν
1627 4381 1802 4451 νόμοι,
1840 4379 1916 4443 ὡς

2024 4383 2103 4436 tit.
2125 4380 2333 4435 Etenim
2367 4396 2541 4449 usque
2576 4379 2642 4432 ad
2675 4387 2925 4441 mortem,
2946 4388 3106 4448 atque
3139 4393 3313 4447 usque
3346 4379 3411 4431 ad
3446 4381 3595 4449 ἱρεος

342 4470 409 4524 ἂν
451 4472 545 4525 καὶ
586 4471 695 4525 τῶν
746 4472 910 4526 πάλαι
944 4472 1251 4526 τεθνεώτων
1292 4474 1390 4536 τὰς
1427 4473 1604 4543 ψυχὰς
1647 4473 1915 4528 ἀνακαλέ-

343 4578 506 4617 σοιτοο
550 4563 631 4615 ὅτι
664 4562 725 4633 δὴ
754 4563 859 4616 τῶν
900 4562 959 4628 ἐξ
985 4564 1180 4628 αἰῶνος
1217 4563 1468 4617 ἁπάντων
1500 4562 1648 4635 αὐτῷ
1678 4564 1778 4635 τῆς
1813 4582 1916 4617 σω-

337 4656 535 4727 τηρίας
559 4654 740 4725 ἔμελε,
783 4656 876 4708 καὶ
903 4657 1049 4719 ὅπως
1084 4657 1172 4711 διὰ
1200 4657 1293 4710 τοῦ
1326 4656 1558 4709 θανάτου
1590 4658 1914 4730 καταργήσῃ

337 4748 429 4801 τὸν
453 4748 511 4801 τὸ
540 4748 738 4820 κράτος
761 4746 951 4817 ἔχοντα
978 4749 1069 4801 τοῦ
1098 4748 1348 4811 Θανάτου,
1431 4747 1498 4800 τὰ
1528 4747 1643 4801 θεῖα
1672 4748 1912 4802 παιδεύει

339 4837 516 4906 λόγια.
562 4837 673 4890 Καὶ
708 4836 881 4891 ταῦτα
924 4836 1085 4890 πάλιν
1117 4836 1319 4907 ἀναμὶξ
1362 4834 1525 4906 ὑπῄει
1571 4836 1669 4906 τὴν
1714 4837 1914 4888 οἰκονο-

343 4930 467 5001 μίαν
497 4930 572 4994 ὼς
613 4930 710 5001 μὲν
753 4928 1056 5001 ἅνθρωπος,
1102 4928 1163 4981 τὸ
1192 4928 1350 4999 σῶμα
1384 4930 1448 4999 τῇ
1487 4928 1704 4998 συνήθει
1736 4942 1913 4998 παρα-

340 5022 532 5095 χωρῶν
565 5024 731 5092 ταφῇ,
763 5021 1059 5093 ἀναχωρῶν
1093 5021 1150 5074 δὲ
1180 5018 1343 5073 αὐτοῦ
1369 5019 1445 5082 ὡς
1474 5017 1625 5081 Θεός.
1650 5018 1911 5088 Φωνήσας

338 5114 467 5182 γοῦν
542 5110 705 5187 μέγα,
765 5113 859 5166 καὶ
926 5112 1004 5183 τῷ
1068 5113 1263 5184 Πατρὶ,
1328 5131 1346 5163 ι
1420 5110 1797 5181 Παρατίθεμαι
1850 5109 1911 5162 τὸ

340 5206 576 5277 πνεῦμα,
633 5223 653 5256 ι
693 5203 891 5267 εἰπὼν,
927 5203 1126 5274 ἄφετος
1174 5203 1438 5275 ἀνεχώρει
1487 5201 1580 5255 τοῦ
1621 5200 1905 5272 σώματος·

338 5297 590 5368 οὐδαμῶς
637 5296 960 5367 περιμείνας
1002 5298 1281 5367 προσεῖναι
1320 5294 1470 5366 αύτῷ
1521 5294 1611 5347 τὸν
1657 5294 1906 5357 θάνατον,

343 5385 601 5456 μέλλοντα
631 5384 689 5437 δὲ
722 5383 816 5437 καὶ
845 5383 1033 5454 ὥσπερ
1066 5383 1405 5437 ἀποκνοῦντα
1424 5425 1440 5447 ,
1473 5382 1669 5454 μᾶλλον
1705 5381 1763 5435 δὲ
1806 5381 1909 5435 ὑπὸ

340 5476 477 5530 πόδα
502 5475 782 5547 χωροῦντα
812 5475 907 5529 καί
935 5475 1333 5544 ἀποφεύγοντα,
1361 5473 1569 5528 διώκων
1609 5476 1767 5539 αὐτὸς
1795 5475 1910 5528 ὄπι-

342 5569 466 5623 σθεν
497 5570 591 5623 καὶ
622 5568 883 5632 ἐλαύνων,
915 5568 1013 5631 τάς
1053 5584 1113 5620 τε
1140 5566 1199 5634 ἐξ
1226 5566 1418 5630 αἰῶνος
1450 5565 1621 5630 πύλας
1657 5566 1765 5622 τῶν
1791 5583 1909 5620 σκο-

405 5718 434 5752 θ
458 5718 595 5777 Luc.
634 5735 796 5787 mu,
823 5719 912 5776 66.

2016 4481 2287 4536 mortuos,
2331 4474 2477 4542 leges
2521 4486 2648 4539 erga
2703 4470 2951 4524 homines
2985 4471 3269 4525 charitatis
3295 4471 3470 4539 ipsum
3501 4487 3596 4525 vo-

2014 4565 2232 4627 cabant,
2274 4570 2333 4617 ut
2361 4576 2549 4617 eorum
2588 4576 2826 4629 quoque,
2856 4560 2947 4629 qui
2990 4570 3147 4614 antea
3181 4562 3377 4613 mortui
3414 4568 3590 4626 erant,

2015 4655 2228 4707 animas
2256 4659 2540 4706 revocaret
2565 4669 2577 4703 :
2606 4649 3046 4719 quandoquidem
3081 4644 3329 4703 omnium
3361 4651 3593 4719 quicun-

2013 4760 2120 4815 que
2142 4759 2171 4797 a
2201 4744 2421 4799 condito
2452 4756 2567 4796 aevo
2604 4741 2861 4805 fuissent,
2892 4742 3121 4795 salutem
3158 4744 3275 4811 ipse
3314 4742 3537 4795 curabat
3572 4754 3592 4794 :

2013 4851 2247 4900 necnon,
2280 4844 2338 4888 ut
2384 4848 2484 4889 sua
2518 4842 2691 4887 morte
2730 4832 2937 4887 deleret
2970 4848 3116 4897 eum,
3157 4833 3251 4902 qui
3299 4831 3591 4900 imperimn

2013 4927 2204 4982 mortis
2236 4926 2490 4991 habebat,
2550 4925 3005 4996 quemadmodum
3035 4925 3216 4978 divina
3241 4924 3437 4976 docent
3466 4936 3592 4975 ora-

2014 5013 2158 5072 cula.
2189 5017 2366 5087 Atque
2410 5017 2463 5071 in
2498 5017 2603 5071 hoc
2637 5032 2856 5087 quoque
2895 5017 3208 5087 promiscue
3246 5027 3441 5067 rursus
3473 5012 3591 5066 dis-

2012 5110 2384 5180 pensationem
2425 5109 2639 5164 obivit:
2674 5111 2897 5179 quippe,
2943 5108 3033 5177 qui
3119 5116 3375 5175 tanquam
3426 5103 3591 5158 homo

2010 5217 2211 5271 corpus
2245 5202 2313 5256 de
2353 5209 2527 5255 morte
2563 5200 2931 5268 sepeliendum
2970 5198 3270 5266 reliquerit,
3295 5197 3364 5249 ab
3394 5196 3587 5249 eodem

2010 5308 2140 5347 vero
2169 5308 2398 5362 corpore
2436 5301 2694 5362 tanquam
2732 5291 2876 5345 Deus
2907 5289 3240 5344 discesserit.
3276 5287 3410 5343 Cum
3435 5287 3585 5341 enim

2009 5382 2174 5438 altius
2221 5398 2410 5437 vocem
2458 5383 2751 5441 emisisset,
2788 5387 2843 5433 et
2893 5378 3035 5431 Patri
3082 5377 3334 5440 dixisset,
3377 5395 3396 5428 ι
3431 5390 3585 5429 com-

2009 5472 2207 5526 mendo
2240 5471 2550 5541 spiritum’,
2582 5488 2600 5521 ι
2627 5470 2841 5523 solutus
2870 5482 2899 5520 a
2933 5479 3161 5535 corpore
3188 5465 3322 5519 abiit
3349 5481 3363 5516 :
3400 5463 3583 5519 neuti-

2007 5577 2169 5633 quam
2191 5572 2514 5633 exspectans
2534 5561 2661 5615 dum
2691 5572 2840 5612 mors
2866 5558 2932 5612 ad
2959 5558 3134 5629 ipsum
3166 5556 3466 5622 accederet,
3487 5556 3585 5613 sed
