4126 6418
491 335 598 391 285

1167 341 1435 395 EUSEBEI
1467 341 1953 399 CAESARIENSIS
1988 346 2139 403 OPP.
2178 347 2376 406 PARS.
2421 351 2462 405 I.
2502 380 2574 392 —-
2605 351 3103 412 APOLOGETICA.

3638 366 3749 421 28$

493 451 641 505 illam
688 461 1032 508 cunctantem
1082 468 1145 507 ac
1195 457 1359 510 veluti
1410 468 1739 523 cessantem,
1775 475 1841 514 ac
1884 463 2063 531 potius

2168 464 2297 517 τίων
2327 466 2512 536 μυχῶν
2539 467 2891 540 διαρῤηγνὺς,
2913 472 3007 524 καὶ
3032 475 3145 536 τοῖς
3167 474 3356 529 αὐτόθι
3386 480 3599 548 νεκροῖς
3631 498 3746 535 σει-

492 542 875 610 conjicientem
908 559 967 597 se
985 544 1039 597 in
1069 545 1235 614 pedes
1255 554 1309 601 et
1337 545 1679 617 fugitantem,
1708 549 1825 620 ipse
1853 566 1883 605 a
1912 559 2066 623 tergo

492 630 786 699 insequens
815 640 978 701 atque
1015 634 1319 703 impellens,
1352 645 1692 709 mternasque
1736 642 2065 699 alidi‘tiorum

493 723 840 777 tenebrarum
884 735 1069 793 portas
1093 727 1423 797 refringens,
1457 742 1513 785 et
1554 733 1785 788 mortuis
1819 734 1912 804 qui
1956 737 2068 792 illic

492 813 701 867 catenis
731 818 928 869 mortis
974 818 1222 887 impliciti
1254 830 1434 886 erant,
1469 826 1746 880 remeandi
1798 828 1865 880 ad
1900 829 2067 884 vitam

490 902 596 957 iter
643 913 947 961 retrorsum
990 912 1267 979 aperiens.
1321 912 1433 968 Hac
1476 931 1608 971 sane
1636 918 1849 974 ratione
1895 921 2067 989 ipsius

487 995 652 1050 (tiam
682 1014 885 1069 corpus
915 1012 1190 1057 mortuum
1216 1006 1512 1060 excitatum
1536 1017 1640 1073 est,
1667 1019 1720 1064 et
1743 1014 1911 1065 multa
1944 1029 2069 1068 cor-

491 1103 623 1157 pora
669 1107 883 1155 eorum.
915 1097 1007 1164 qui
1047 1095 1383 1151 dormierant
1426 1110 1766 1169 sanctorum,
1815 1119 2068 1162 surrexe-

488 1192 616 1233 runt
648 1200 662 1237 :
705 1200 923 1255 unaque
956 1204 1080 1242 cum
1111 1191 1230 1260 ipso
1255 1192 1308 1246 in
1355 1203 1603 1249 sanctam
1636 1212 1700 1251 ac
1738 1213 1865 1253 vere
1898 1201 2066 1255 coele-

490 1282 629 1327 stem
671 1278 948 1333 civitatem
979 1281 1229 1351 ingressa
1266 1294 1415 1347 sunt,
1447 1299 1506 1343 ut
1547 1292 1742 1346 merito
1771 1308 1835 1347 ex
1878 1294 1982 1347 bac
2012 1295 2067 1350 in

490 1365 666 1419 sacris
706 1364 931 1422 Litteris
972 1369 1180 1426 dictum
1214 1375 1325 1431 sit:
1365 1395 1382 1428 ι
1419 1378 1713 1449 Absorpsit
1755 1397 1904 1438 mors
1947 1400 2070 1453 quae

491 1452 797 1510 invaluerat
823 1459 887 1512 ‘°.
925 1480 945 1513 ›
978 1460 1039 1515 Et
1074 1480 1267 1521 rursus
1296 1487 1308 1521 :
1352 1486 1370 1518 ι
1402 1470 1642 1525 Abstulit
1677 1471 1820 1527 Deus
1851 1452 2065 1530 omnem

488 1542 784 1615 Iacrynmn
804 1549 873 1602 ab
903 1554 1051 1606 omni
1080 1553 1217 1609 facie
1237 1557 1299 1607 “.
1332 1575 1350 1608 ι
1380 1556 1497 1627 lpse
1526 1578 1655 1616 vero
1683 1564 1921 1620 universi
1951 1566 2070 1620 Sal-

488 1643 646 1689 valor
672 1651 736 1690 ac
770 1637 1032 1698 Dominus
1062 1656 1251 1701 noster
1271 1689 1285 1712 ,
1320 1652 1413 1720 qui
1442 1652 1696 1710 Christus
1721 1665 1803 1711 est
1836 1656 1952 1723 Dei,
1987 1660 2069 1713 vi-

490 1727 786 1801 ctoriaaque
807 1742 1113 1801 reportator
1132 1739 1351 1805 dicitur,
1368 1743 1421 1796 in
1441 1746 1775 1815 propheticis
1792 1751 2068 1807 vaticiniis

2172 558 2293 624 ραίς
2323 556 2550 610 Θανάτου
2583 560 2976 631 πεπεδημένοις
3009 565 3370 637 παλίντροπον
3396 569 3495 639 τῆς
3522 570 3615 624 ἐπὶ
3644 574 3747 644 τὴν

2170 644 2314 716 ζωὴν
2361 648 2552 703 ἀνόδου
2605 652 2705 723 τὴν
2750 654 2975 723 πορείαν
3022 657 3362 727 ποιούμενος.
3423 660 3608 735 Ταύτῃ
3655 680 3745 718 τοι

2168 739 2317 809 αὐτῷ
2355 742 2448 794 καὶ
2479 744 2509 794 ὁ
2541 742 2772 807 τεθνεὼς
2804 746 3147 817 ἀνηγείρετο,
3176 749 3269 801 καὶ
3306 750 3479 805 πολλά
3513 752 3745 824 σώματα

2166 830 2275 883 τῶν
2305 835 2718 905 κεκοιμημένων
2743 838 2911 903 ἁγίων
2934 839 3241 904 ἀνίσταντο,
3270 843 3745 899 συνεισελαύνοντα

2170 921 2315 991 αὐτῷ
2345 924 2423 987 εἰς
2458 925 2556 993 τὴν
2586 926 2748 992 ἀγίαν
2787 927 2881 979 καί
2910 927 2985 990 ὡς
3023 929 3236 999 ἀληθῶς
3262 931 3635 1003 ούρανόπολιν,
3667 934 3744 999 ὡς

2168 1015 2392 1079 εἰκότως
2442 1019 2498 1068 ἐν
2538 1022 2657 1081 ταῖς
2711 1018 2881 1081 θείαις
2929 1022 3245 1093 ἀνειρῆσθαι
3292 1029 3515 1091 φωναῖς⁸
3550 1043 3569 1076 ι
3598 1028 3747 1080 Κατ-

2168 1106 2321 1159 έπιεν
2363 1111 2391 1160 ὀ
2432 1107 2662 1172 Θάνατος
2740 1111 2986 1180 ίσχύσας.
3041 1132 3058 1163 ι
3114 1114 3220 1167 Καὶ
3258 1115 3441 1169 πόιλιν⁸
3486 1136 3505 1169 ι
3563 1119 3744 1187 Ἀφεί-

2169 1198 2258 1251 λεν
2304 1202 2333 1253 ὁ
2369 1200 2503 1263 Θεὸς
2541 1203 2652 1254 πᾶν
2684 1201 2918 1273 δάκρυον
2963 1204 3071 1257 ἀπὸ
3113 1206 3314 1270 παντὸς
3347 1208 3662 1272 προσώπου.
3719 1231 3738 1263 ι

2171 1290 2282 1342 Καὶ
2321 1290 2483 1353 αὐτὸς
2507 1290 2563 1343 δὲ
2598 1292 2626 1343 ό
2668 1291 2775 1343 τῶν
2806 1292 2941 1345 ὅλων
2974 1295 3164 1366 Σωτὴρ
3203 1297 3301 1350 καὶ
3327 1297 3531 1368 Κύριος
3561 1301 3741 1371 ἡμῶν,

2168 1382 2197 1433 ό
2258 1380 2491 1453 Χριστὸς
2550 1382 2646 1435 τοῦ
2699 1383 2869 1447 Θεοῦ,
2940 1388 3233 1458 νικηφόρος
3301 1388 3627 1459 λεγόμενος,
3684 1394 3745 1445 ἐν

2168 1475 2289 1536 ταῖς
2333 1478 2693 1543 προφητικαῖς
2731 1478 3095 1548 προρρήσεσιν
3120 1481 3498 1551 ἐπικερτομῶν
3537 1485 3747 1553 εἰσάγε-

2168 1581 2259 1618 ται
2315 1564 2394 1635 τῷ
2441 1565 2677 1637 θανάτῳ,
2720 1569 2815 1621 καὶ
2866 1568 2965 1633 τὰς
3007 1570 3193 1623 αὐτόθι
3246 1570 3390 1625 λύων
3436 1575 3747 1648 πεπεδημέ-

2169 1674 2268 1722 νας
2308 1658 2517 1729 ψυχὰς,
2579 1659 2646 1712 δι’
2691 1654 2765 1713 ὧν
2808 1662 2899 1714 τὸν
2940 1662 3206 1715 ἐπινίκιον
3260 1662 3428 1733 ὕμνον
3477 1667 3749 1737 προφέρε-

2170 1768 2281 1814 ται,
2324 1750 2465 1805 αὐτά
2507 1751 2572 1822 δὴ
2615 1751 2784 1805 ταῦτα
2821 1751 3026 1820 λέγων·
3074 1772 3092 1804 ι
3144 1754 3240 1807 Ἐκ
3278 1756 3457 1826 χειρὸς
3492 1756 3617 1827 ᾅδου
3660 1759 3749 1831 ρύ-

492 1825 723 1873 mortem
744 1823 1041 1893 objurgans
1065 1829 1361 1897 inducitur,
1385 1845 1439 1889 et
1456 1837 1666 1894 animas
1686 1841 1924 1905 solvens,
1949 1859 2063 1913 qua:

2173 1859 2335 1912 σομαι
2380 1842 2598 1907 αὐτοὺς,
2648 1843 2741 1895 καὶ
2785 1844 2850 1895 ἐκ
2898 1842 3127 1897 θανάτου
3172 1843 3520 1918 λυτρώσομαι
3567 1849 3753 1905 αὐτῶν

491 1909 603 1964 illic
625 1914 820 1967 vincta:
848 1918 1252 1985 detinebantur.
1273 1926 1364 1980 ubi
1397 1929 1640 1985 victorim
1658 1932 1919 2003 hymnum
1940 1909 2069 2005 p—ro-

492 2006 726 2071 nuntiat,
768 2008 882 2078 ipsa
911 2011 1025 2067 base
1062 2016 1221 2084 plane
1253 2019 1440 2075 dicens
1468 2038 1480 2073 :
1510 2041 1528 2073 ι
1562 2023 1638 2078 De
1674 2041 1837 2080 manu
1870 2028 2070 2083 inferni

490 2097 716 2166 eripiam
735 2116 850 2166 eos,
876 2112 931 2157 et
961 2122 991 2158 a
1025 2118 1200 2163 morte
1219 2110 1462 2169 liberabo
1486 2130 1675 2171 eorum
1702 2119 1934 2176 animas.
1964 2119 2066 2176 Ubi

499 2205 615 2257 tua,
653 2211 821 2263 mors,
856 2201 1120 2258 victoria?
1149 2206 1238 2259 ubi
1267 2217 1414 2271 tuus,
1442 2225 1607 2277 mors,
1648 2215 1900 2271 stimulus
1938 2218 2016 2271 "1
2049 2238 2070 2272 ι

501 2281 762 2341 Stimulus
785 2300 963 2345 autem
992 2295 1183 2349 mortis
1205 2305 1287 2351 est
1307 2308 1607 2366 peccatum,
1634 2314 1871 2371 potestas
1888 2316 2071 2363 autem

494 2378 719 2441 peccati,
737 2380 839 2433 lex.
871 2382 1026 2452 167
1048 2382 1193 2440 Talis
1213 2404 1342 2444 sane
1364 2390 1509 2445 illius
1533 2393 1611 2446 vel
1634 2409 1805 2463 usque
1832 2398 1899 2450 ad
1925 2412 2074 2452 mor-

501 2474 606 2516 tem
652 2466 755 2521 fuit
795 2469 1151 2539 dispensatio,
1184 2476 1342 2545 cujus
1383 2495 1488 2534 non
1519 2496 1679 2535 unam
1721 2498 1941 2539 causam
1978 2486 2072 2556 qui

502 2555 731 2610 voluerit
755 2574 1017 2627 quaerere,
1042 2565 1134 2618 srxi
1160 2567 1340 2634 plures
1364 2566 1599 2625 inveniet
1626 2588 1640 2625 :
1668 2577 1896 2642 primam
1923 2592 2072 2630 nam-

2171 1934 2271 1998 τὰς
2306 1934 2499 2004 ψυχάς.
2534 1933 2644 1987 Ποῦ
2692 1952 2805 1999 σου,
2852 1934 3083 2001 θάνατε,
3129 1936 3191 1989 τὸ
3241 1941 3423 2003 νῖκος;
3476 1938 3580 1992 ποῦ
3629 1957 3746 2006 σου,

2174 2025 2391 2089 θάνατε,
2422 2026 2484 2079 τὸ
2513 2026 2765 2098 κέντρονς
2787 2027 2849 2079 τὸ
2884 2026 2940 2079 δὲ
2974 2026 3198 2099 κέντρον
3222 2028 3315 2081 τοῦ
3341 2028 3572 2082 Θανάτου
3598 2032 3749 2085 ἐστὶν

2170 2122 2203 2190 ὴ
2240 2121 2502 2191 ἁμαρτία,
2538 2122 2571 2191 ἡ
2604 2120 2660 2174 δὲ
2706 2120 2933 2192 δύναμις
2975 2122 3074 2192 τῆς
3124 2123 3416 2193 ἁμαρτίας,
3448 2125 3476 2175 ό
3504 2124 3687 2193 νόμος.
3720 2144 3740 2174 ι

2173 2210 2404 2283 Τοιαύτη
2437 2229 2520 2275 τις
2556 2211 2704 2283 αὐτῷ
2729 2213 3008 2283 καὶμέχρι
3049 2213 3142 2266 τοῦ
3176 2214 3401 2268 θανάτου
3449 2214 3666 2282 ἐγένετο
3708 2215 3740 2285 ή

2170 2304 2466 2375 οἰκονομία,
2500 2299 2568 2375 ἧς
2594 2305 2654 2356 οὐ
2687 2305 2815 2375 μίαν
2842 2306 3041 2368 αἰτίαν,
3071 2305 3204 2359 ἀλλά
3230 2306 3324 2359 καὶ
3346 2307 3560 2372 πλείους
3590 2308 3743 2382 εὖροι

2170 2399 2234 2453 ἀν
2271 2415 2357 2461 τις
2381 2397 2645 2468 ἐθελήσας
2680 2394 2882 2467 ζητεῖν.
2923 2397 3155 2470 Πρώτην
3206 2400 3303 2470 μὲν
3338 2400 3446 2472 γάρ
3497 2404 3526 2454 ό
3571 2403 3751 2471 Λόγος

2169 2489 2431 2549 διδάσκει,
2469 2487 2555 2540 ἵνα
2585 2488 2678 2540 καὶ
2702 2488 2912 2559 νεκρῶν
2934 2489 3025 2541 καὶ
3054 2486 3272 2552 ζώντων
3300 2491 3581 2563 κυριεύσῃ⁵
3629 2492 3751 2544 δευ⁴

2166 2579 2332 2650 τέραν
2357 2578 2432 2641 δὲ,
2467 2578 2616 2641 ὅπως
2643 2576 2742 2640 τὰς
2776 2579 3052 2649 ἡμετέρας
3074 2580 3412 2651 ἀπομάξοιτο
3446 2582 3748 2654 ἁμαρτίας,

497 2660 604 2714 que
633 2646 778 2701 illam
816 2651 992 2718 ipsum
1028 2653 1262 2710 Verbum
1294 2660 1475 2726 docet,
1522 2672 1580 2716 ut
1609 2676 1716 2717 tam
1751 2666 1803 2717 in
1839 2670 2063 2724 mortuis

2169 2646 2306 2741 ὑπὲρ
2331 2668 2487 2740 ἡμῶν
2521 2668 2767 2739 τρωθεὶς,
2799 2646 2897 2721 *καὶ
2924 2646 3217 2740 γενόμενος
3258 2673 3399 2743 ὑπὲρ
3614 2691 3751 2728 κατα

496 2750 658 2803 quam
684 2737 738 2791 in
763 2741 899 2794 vivis
925 2742 1296 2800 dominaretur
1324 2764 1337 2799 :
1371 2750 1594 2805 alteram
1626 2764 1684 2807 ut
1709 2766 1921 2811 nostras
1948 2759 2063 2814 abs-

2168 2737 2294 2831 ἀραλ
2340 2737 2655 2830 ⁸τίρίτην,ήιιῖ›ς
2697 2759 2762 2813 ἂν
2791 2760 2983 2830 ἱερεῖον
3015 2737 3149 2813 Θεοῦ
3188 2762 3283 2814 καὶ
3325 2737 3534 2832 μεγάλη
3584 2763 3753 2819 θυσία.

495 2836 729 2895 tergeret
759 2833 997 2889 maculas
1026 2847 1397 2904 peccatorum,
1421 2844 1512 2911 qui
1539 2859 1636 2912 pro
1679 2846 1837 2903 nobis
1859 2851 2063 2906 sacrifi-

2167 2850 2306 2920 ὑπὲρ
2332 2848 2423 2902 τοῦ
2461 2849 2769 2919 σύμπαντος
2799 2849 3004 2919 κόσμου
3034 2850 3367 2923 προσαχθείη
3397 2851 3475 2921 τῷ
3500 2853 3593 2906 ἐπὶ
3617 2854 3747 2908 πάνυ·

494 2926 668 2981 eatus,
691 2928 745 2972 et
775 2936 869 2985 pro
907 2924 1064 2978 nobis
1088 2930 1393 2983 exsecratio
1418 2930 1595 2989 factus
1625 2936 1733 2991 sit:
1762 2940 1976 2994 tertiam
2006 2954 2063 2996 ut

2164 2956 2272 2992 των
2300 2938 2438 3009 θεῷ’
2462 2939 2748 3010 τετάρτην,
2796 2937 2872 3000 ὡς
2908 2937 2976 2991 ἂν
3018 2936 3180 3000 αὐτὸς
3228 2938 3328 3009 τῆς
3368 2937 3745 3003 πολυπλανοῦς

495 3018 754 3082 tanquam
783 3014 877 3072 Dei
905 3020 1122 3077 victima
1153 3033 1313 3096 atque
1341 3028 1534 3099 ingens
1558 3034 1914 3102 sacrificium,
1956 3039 2061 3110 ipsi

2164 3031 2260 3084 καὶ
2283 3029 2606 3100 δαιμονικῆς
2643 3029 2922 3100 ἐνεργείας
2955 3030 3291 3101 ἀπορρήτοις
3346 3028 3522 3098 λόγοις
3557 3030 3746 3084 καθαί-

494 3117 751 3172 supremo
780 3107 890 3163 Deo
923 3112 1208 3171 offerretur
1238 3135 1336 3188 pro
1365 3123 1619 3181 universo
1637 3128 1836 3182 mundo
1864 3147 2060 3200 :quar-

2167 3137 2316 3192 ρεσιν
2343 3121 2735 3193 ἀπεργάσαιτοθ
2766 3120 3022 3191 πέμπτην
3050 3120 3142 3172 ἐπὶ
3178 3119 3371 3194 ταύτῃ,
3410 3120 3487 3184 ὡς
3631 3125 3745 3185 τοῖς

493 3198 600 3244 tam
637 3202 696 3246 ut
725 3197 805 3251 sic
839 3198 1135 3259 fallaciosae
1156 3222 1219 3261 ac
1260 3209 1568 3269 daemonica;
1625 3216 1876 3273 efﬁcaciae
1906 3235 2060 3276 ever--

491 3282 700 3336 sionem
724 3288 1043 3346 moliretur:
1087 3297 1335 3364 quintam
1371 3302 1436 3355 ad
1494 3303 1629 3370 haec,
1657 3317 1716 3362 ut
1761 3311 1877 3365 suis
1901 3311 2062 3366 fami-

487 3373 717 3431 liaribus
769 3394 833 3434 ac
862 3383 1146 3455 discipulis
1168 3391 1310 3453 vitae,
1343 3409 1464 3462 quae
1510 3407 1631 3465 post
1656 3410 1884 3455 mortem
1913 3404 2058 3473 apud

486 3465 658 3521 Deum
702 3470 883 3527 futura
916 3487 999 3531 est
1033 3495 1208 3549 spem,
1252 3500 1362 3539 non
1394 3489 1642 3545 oratione
1673 3508 1851 3564 neque
1878 3498 2059 3554 verbis

489 3569 583 3613 aut
618 3564 864 3631 vocibus,
899 3572 993 3624 sed
1030 3572 1191 3629 factis
1223 3592 1287 3631 ac
1318 3594 1376 3633 re
1411 3580 1527 3649 ipsa
1558 3595 1979 3655 repraesentans,
2005 3597 2060 3645 ct

487 3650 633 3719 quod
652 3657 831 3711 verbis
854 3662 1131 3728 pollicitus
1159 3666 1546 3734 fuerat,oculis
1575 3650 1709 3745 ipsis
1738 3650 2057 3736 intuendum

487 3745 809 3815 subjiciens,
838 3754 1257 3816 confidentiores
1284 3778 1380 3818 eos
1410 3773 1573 3835 atque
1609 3769 1906 3828 alacriores
1921 3789 2062 3844 prte-

487 3847 677 3906 staret,
711 3842 779 3897 ad
799 3860 918 3900 eam
946 3865 1066 3919 quae
1095 3853 1160 3906 ab
1194 3854 1313 3923 ipso
1337 3856 1585 3914 instituta
1609 3860 1805 3927 fuerat,
1841 3842 2061 3938 religio-

486 3946 561 3986 sae
606 3936 731 3991 vitae
776 3939 1066 4006 rationem,
1109 3946 1366 4003 on‘mibus
1422 3951 1585 4004 simul
1629 3962 1683 4008 et
1726 3936 1967 4024 Graecis,
2005 3966 2060 4014 et

484 4023 734 4084 barbaris
778 4032 1137 4088 nuntiandam
1174 4052 1186 4086 :
1251 4041 1503 4107 protinus
1554 4044 1735 4115 itaque
1779 4048 1879 4104 bos
1909 4051 2058 4119 ipsos

487 4113 785 4174 familiares
845 4136 909 4175 ac
959 4125 1195 4190 sodales,
1249 4144 1386 4198 quos
1434 4133 1551 4201 ipse
1605 4113 1708 4191 sibi
1739 4138 1806 4192 de
1838 4113 2058 4210 optimis

486 4209 659 4265 lectos
681 4211 968 4277 aseiverat,
1018 4219 1405 4291 apostolosque
1455 4239 1587 4280 suos
1640 4242 1705 4281 ac
1754 4209 2058 4301 discipulos

488 4302 885 4371 declaraverat,
918 4323 1016 4361 sua
1048 4309 1220 4379 ipsius
1264 4312 1449 4369 divina
1497 4319 1699 4374 virtute
1744 4326 2055 4394 complevit,

488 4403 546 4448 ut
569 4411 728 4465 quam
758 4396 873 4467 ipse
896 4401 1245 4458 nuntiaverat
1277 4405 1367 4461 Dei
1385 4410 1773 4478 cognitionem,
1794 4413 1871 4467 illi
1898 4431 2060 4472 omne

2161 3211 2325 3265 αὑτοῦ
2358 3213 2652 3284 γνωρίμοις
2680 3214 2771 3266 καὶ
2802 3210 3067 3282 μαθηταῖς
3099 3211 3197 3281 τῆς
3224 3211 3362 3283 μετά
3381 3212 3472 3265 τὸν
3514 3211 3743 3266 θάνατον

2161 3304 2311 3375 παρὰ
2341 3303 2459 3374 Θεῷ
2485 3304 2630 3375 ζωῆς
2653 3305 2750 3376 τὴν
2787 3303 2975 3357 ἐλπίδα
3020 3303 3096 3375 μὴ
3137 3303 3318 3371 λόγοις
3366 3303 3500 3374 μηδέ
3536 3305 3744 3375 ῥήμασι

2160 3398 2253 3451 καὶ⁵
2282 3401 2504 3467 φωναῖς,
2541 3397 2677 3451 ἁλλά
2714 3398 2893 3460 αὐτοῖς
2928 3396 3105 3467 ἔργοις
3134 3399 3510 3468 παραστήσας,
3542 3396 3745 3465 ὀφθαλ-

2164 3492 2285 3559 μοῖς
2316 3506 2375 3542 τε
2402 3489 2678 3560 παραδοὺς
2694 3489 2792 3561 τὴν
2825 3489 2915 3542 διὰ
2945 3490 3051 3543 τῶν
3074 3488 3247 3559 λόγων
3282 3490 3634 3559 ἐπαγγελίαν,
3662 3490 3745 3543 εὐ·

2161 3581 2382 3652 Θαρσεῖς
2406 3581 2602 3644 αὐτοὺς
2624 3583 2717 3635 καὶ
2745 3581 3186 3653 προθυμοτέρους
3214 3582 3607 3652 ἀπεργάσαιτο,
3651 3583 3745 3634 καὶ

2160 3672 2325 3724 πᾶσιν
2357 3670 2614 3742 Ἕλλησιν
2644 3671 2779 3742 ὁμοῦ
2808 3673 2901 3725 καὶ⁸
2939 3670 3234 3744 βαρϐάροις
3271 3672 3368 3743 τὴν
3409 3672 3543 3745 πρὸς
3573 3670 3740 3725 αὐτοῦ

2160 3762 2590 3833 καταϐληθεῖσαν
2636 3764 2833 3835 εὐσεϐῆ
2873 3763 3142 3816 πολιτείαν
3178 3764 3434 3833 κηρύξαι·
3471 3763 3669 3818 αὐτίκα
3697 3764 3742 3817 δ’

2158 3851 2251 3907 οὖν
2280 3856 2477 3918 αὐτοὺς
2495 3854 2558 3927 δὴ
2588 3855 2810 3918 τούτους
2840 3857 2965 3919 τοὺς
2988 3855 3298 3927 γνωρίμους
3328 3856 3421 3908 καὶ
3448 3854 3741 3920 θιασώτας,

2159 3946 2250 4011 οὒς
2275 3947 2435 4010 αὐτὸς
2467 3947 2616 4018 αὐτῷ
2661 3949 2971 4020 ἀριστίνδην
3012 3950 3298 4020 ἐπικρίνας
3325 3949 3654 4010 ἀποστόλους
3682 3965 3742 4000 τε

2158 4039 2320 4094 αὐτοῦ
2352 4040 2447 4094 καὶ
2501 4040 2749 4112 μαθητὰς
2795 4042 3101 4108 ἀνελὲξατο,
3148 4043 3247 4109 τῆς
3287 4040 3347 4105 ἐξ
3387 4039 3550 4094 αὐτοῦ
3596 4039 3742 4106 θείας

2158 4133 2439 4202 δυνάμεως
2475 4132 2770 4203 ἐμπλῆσαι,
2807 4135 2913 4187 πᾶν
2940 4133 3093 4201 γένος
3135 4131 3436 4202 ἀνθρώπων
3468 4126 3742 4200 ἐκδιδάξαι

2157 4225 2256 4295 τὴν
2315 4223 2450 4296 πρὸς
2491 4224 2655 4278 αὐτοῦ
2704 4224 3163 4293 καταγγελθεῖσαν
3209 4223 3575 4292 θεογνιυσίαν,
3645 4226 3743 4282 ἕνα

2157 4320 2269 4380 τοῖς
2302 4318 2466 4370 πᾶσιν
2501 4317 2726 4387 Ἕλλησί
2764 4335 2822 4370 τε
2852 4318 2946 4371 καὶ
2979 4317 3274 4388 βαρϐάροις
3304 4320 3584 4384 εὐσεϐείας
3606 4321 3733 4375 {mo-

2160 4408 2383 4478 θέμενος
2410 4408 2628 4480 τρόπον,
2660 4408 2925 4479 δαιμόνων
2950 4407 3294 4482 ἀναχώρησίν
3333 4428 3389 4464 τε
3418 4413 3513 4465 καὶ
3543 4415 3739 4486 φυγὴν,

487 4486 768 4543 hominum
788 4506 960 4561 genus
987 4495 1266 4561 docerent,
1305 4516 1469 4554 unam
1507 4502 1724 4558 interim
1777 4509 2053 4579 omnibus,

2164 4501 2255 4551 καὶ
2293 4499 2392 4569 τῆς
2434 4497 2697 4553 πολυθέου
2747 4500 2955 4573 πλάνης
2990 4503 3295 4567 ἀνάνευσιν,
3334 4505 3451 4568 ἐνὸς
3489 4505 3546 4559 δὲ
3580 4507 3740 4577 μόνου

486 4590 595 4635 tam
626 4581 833 4639 Graecis
856 4602 1016 4658 quam
1050 4590 1320 4658 barbaris,
1352 4595 1633 4664 religionis
1654 4597 1950 4658 instituens
1974 4618 2060 4656 ra-

485 4678 686 4735 tionem
714 4700 727 4737 :
756 4696 817 4737 ea
840 4698 1001 4753 porro
1024 4694 1159 4752 erat,
1181 4697 1239 4741 ut
1267 4704 1297 4743 a
1323 4690 1660 4747 daemonibus
1685 4697 1874 4764 procul
1901 4712 2054 4752 rece-

483 4771 694 4835 derent,
730 4789 934 4846 eosque
982 4777 1252 4849 fugerent,
1313 4782 1648 4854 deorumque
1683 4788 2053 4844 multitudinis

486 4862 754 4919 fallaciam
781 4865 1136 4935 declinarent,
1169 4880 1331 4941 atque
1345 4889 1510 4927 unum
1541 4877 1714 4929 solum
1739 4893 2053 4947 supremum

484 4953 652 5012 Deum
669 4972 796 5011 vere
823 4970 1217 5029 cognoscerent
1248 4979 1259 5016 :
1295 4970 1557 5031 praeterea
1590 4964 1962 5020 liberationem
1989 4965 2057 5020 ab

2159 4588 2292 4641 Θεοῦ
2326 4587 2417 4641 τοῦ
2448 4590 2539 4641 ἐπὶ
2564 4590 2780 4644 πάντων
2820 4592 3022 4661 γνῶσιν
3063 4592 3236 4665 ἁληθῆ
3272 4596 3738 4666 προκηρύττοντα,

2156 4681 2250 4734 καὶ
2273 4680 2424 4734 λύσιν
2463 4681 2560 4752 μὲν
2587 4682 2695 4736 τῶν
2728 4686 3209 4755 προηγνοημένων,
3255 4689 3303 4738 εί
3337 4687 3410 4759 μὴ
3451 4689 3525 4741 ἔτ’
3559 4692 3742 4754 αὐτοῖς

2158 4773 2485 4844 ἐπιμένοιεν,
2536 4775 2665 4844 μίαν
2700 4775 2759 4828 δὲ
2810 4779 2922 4839 τοῖς
2967 4778 3098 4832 πᾶσι
3136 4780 3410 4850 σωτηρίας
3450 4780 3643 4835 ἐλπίδα
3672 4778 3741 4835 δι’

2155 4862 2224 4938 ἦς
2274 4865 2612 4920 ὑποτέθειται
2672 4870 2948 4938 πανσόφου
2991 4870 3086 4923 καὶ
3122 4870 3422 4942 παναρέτου
3467 4872 3740 4937 πολιτείας

2161 4960 2420 5033 ὐπισχνού
2430 4978 2611 5033 μενον.

484 5053 572 5117 iis,
595 5069 718 5125 quae
750 5056 902 5125 prius
937 5058 1250 5126 ignoranter
1296 5060 1707 5125 connniserant,
1758 5062 2055 5116 dummodo
2087 5076 2154 5116 ne
2184 5060 2454 5153 iniisdem
2506 5068 2961 5163 perseverarent,
2991 5060 3530 5163 cannam-omnibus
3591 5059 3741 5163 salu-

484 5149 554 5203 tis
576 5166 746 5220 spem,
779 5167 874 5221 per
902 5152 1035 5207 illud
1082 5156 1227 5223 quod
1248 5155 1364 5225 ipse
1390 5166 1648 5225 posuerat
1688 5156 2111 5227 sapientissime,
2154 5170 2218 5211 ac
2242 5142 2387 5210 ‘cum
2432 5154 2580 5209 omni
2619 5153 2821 5209 virtute
2861 5153 3074 5209 vivendi
3136 5154 3466 5220 institutum,
3520 5152 3741 5224 pollice-

483 5247 663 5302 batur.

1203 5344 1343 5400 XIII.

2900 5340 2999 5394 Il".

487 5428 640 5495 Quod
664 5433 717 5485 in
758 5449 821 5509 ea
850 5443 1065 5500 natura,
1092 5453 1208 5506 qua!
1243 5454 1335 5491 nec
1365 5442 1478 5507 pati
1509 5480 1522 5501 ,
1560 5457 1651 5495 nec
1682 5441 1808 5495 [aldi
1857 5451 2051 5509 potest,

2164 5432 2248 5484 ll".
2304 5430 2398 5496 Ὠς
2430 5427 2687 5509 ἀπαθὴς,
2721 5431 3130 5509 καὶ-ἁϐηιαὸὴς,
3157 5432 3254 5509 καὶ
3280 5429 3591 5509 ἀσώματος
3624 5431 3739 5487 Cai-

553 5518 770 5583 qturqtte
792 5506 1095 5583 incorporea
1125 5517 1201 5561 est
1223 5506 1589 5580 permanserit,
1616 5514 1774 5566 etiam
1804 5506 1904 5583 quo
1928 5524 2055 5566 tem-

556 5587 685 5640 pore
714 5572 886 5640 factus
916 5572 992 5628 est
1022 5577 1194 5631 homo.

560 5663 696 5715 (lum
731 5663 900 5731 igitur
945 5665 1059 5721 haec
1092 5669 1165 5722 ita
1202 5685 1261 5723 se
1290 5669 1524 5731 habeant
1546 5712 1560 5737 ,
1604 5688 1715 5727 non
1762 5681 1977 5742 oportet
2006 5679 2058 5727 te

567 5774 612 5806 "
645 5775 746 5841 Isa.
779 5794 904 5846 xxv,
939 5781 1002 5847 8;
1036 5781 1158 5838 Osc.
1198 5800 1314 5849 xm,
1356 5785 1435 5840 ιιι.
1516 5787 1552 5818 ¹¹
1587 5786 1691 5842 lsa.
1725 5804 1848 5853 xxv,
1885 5790 1938 5844 8.

2341 5516 2508 5568 μεινε
2536 5500 2633 5553 καὶ
2663 5502 2789 5555 καθ’
2819 5501 2891 5554 ὃν
2919 5500 3279 5571 ἐνηνορώπει
3316 5505 3539 5570 καιρόν.

2231 5673 2386 5729 Οὒτω
2419 5674 2482 5742 δὴ
2518 5672 2724 5728 τούτων
2764 5675 3015 5747 ἐχόντων,
3055 5678 3114 5729 οὐ
3154 5677 3237 5729 δεῖ
3267 5675 3737 5749 ταράττεσθαιτὸν

2022 5789 2060 5819 ⁸³
2092 5786 2213 5844 Ose.
2256 5805 2372 5854 xm,
2420 5789 2502 5843 14.
