4126 6414
372 377 473 435 285

1290 376 1950 434 DEMONSTRATIONIS
1989 373 2449 432 EVANCELICA'I
2491 375 2621 432 LIB.
2666 374 2754 433 ιν.

3525 380 3633 431 23:3

372 497 517 562 νοῦν,
550 495 765 565 γένεσιν
793 494 885 550 καὶ¹
908 492 1084 566 σῶμα,
1113 495 1207 548 καὶ
1233 494 1402 565 πάθη,
1433 495 1528 549 καὶ
1560 494 1789 549 θάνατον
1819 496 1926 567 περ

2045 495 2227 549 animo
2240 495 2567 565 perturbari,
2592 496 2807 551 tametsi
2821 505 3089 559 etortum,
3107 505 3162 554 et
3177 513 3396 567 corpus,
3414 504 3464 550 et
3481 496 3628 550 dolo-

369 591 462 646 τδν
485 588 647 643 άΰλον
685 589 781 641 καὶ
820 585 1106 656 ἀσώματον
1134 586 1227 639 τοῦ
1258 584 1392 639 Θεοῦ
1439 586 1610 656 Λόγον
1661 586 1944 640 ἀκούοντα.

384 680 474 745 Ὠς
499 680 609 751 γὰρ
653 679 762 733 οὐδ’
805 678 1025 750 ἡλιακοῦ
1068 680 1244 749 φωτὸς
1285 678 1503 732 πάθοιέν
1547 696 1601 731 τι
1641 680 1855 743 ἀκτῖνες
1878 677 1948 731 τά

2048 601 2159 644 res.
2184 594 2240 640 et
2258 596 2508 650 mortem,
2541 587 2609 641 de
2631 586 2871 641 materia:
2886 590 3093 656 experti
3113 599 3273 659 atque
3302 589 3626 657 incorporeo

2052 675 2212 746 168
2229 674 2323 730 Dei
2342 674 2519 731 Verbo
2532 677 2708 732 audis.
2734 676 2804 729 Ut
2836 677 2980 731 enim
3004 679 3203 734 solaris
3221 678 3440 733 luminis
3462 678 3622 745 radii,

375 774 556 827 πάντα
589 771 907 843 πληροῦσαι,
935 772 1030 825 καὶ
1064 772 1329 842 σωμάτων
1362 772 1590 841 νεκρῶν,
1629 773 1723 825 καὶ
1754 773 1813 825 οὐ
1848 789 1926 825 κα-

2048 770 2176 824 licet
2198 769 2382 823 omnia
2403 771 2734 840 compleant,
2760 781 2809 824 et
2834 786 3063 841 corpora
3082 780 3293 826 mortua
3322 770 3627 827 sordentia-

382 864 565 935 θαρῶν
614 864 1015 934 ἐφαπτόμεναι·
1050 863 1182 917 πολὺ
1232 862 1392 917 πλέον
1430 866 1463 933 ἡ
1508 863 1797 933 ἀσώματος
1850 863 1944 917 τοῦ

375 954 511 1008 Θεοῦ
542 954 764 1025 δύναμις
792 954 903 1007 οὔτ’
926 954 992 1009 ἂν
1018 954 1176 1008 πάθοι
1203 953 1300 1024 τὴν
1321 953 1526 1018 οὐσίαν,
1568 952 1678 1007 οὔτ’
1714 955 1781 1008 ἂν
1820 955 1945 1025 βλα-

378 1046 515 1117 ϐείη,
556 1045 665 1098 οὔτ’
710 1046 775 1099 ἂν
818 1046 1013 1117 χείρων
1048 1046 1177 1099 ποτὲ
1212 1045 1408 1116 ἑαυτῆς
1430 1045 1655 1115 γένοιτο,
1694 1046 1943 1116 σώματος

377 1137 675 1206 ἀσωμάτως
710 1138 1064 1208 ὲπαφωμένη.
1115 1138 1182 1190 Τί
1236 1137 1378 1208 γάρ;
1419 1138 1538 1209 οὐχὶ
1579 1139 1672 1192 καὶ
1705 1140 1827 1209 δίχα
1848 1138 1941 1191 τοῦ

375 1228 491 1282 καθ’
517 1228 544 1280 ὃ
571 1227 907 1300 ἐνηνθρώπει
935 1228 1205 1300 σώματος,
1232 1230 1317 1282 ἀεὶ
1341 1231 1434 1283 καὶ
1461 1230 1547 1282 διὰ
1570 1231 1767 1294 παντὸς
1794 1232 1943 1301 ἥκων

367 1319 583 1392 δι’ὅλτςς
621 1320 722 1391 τῆς
757 1321 866 1373 τῶν
900 1322 1194 1391 στοιχείων,
1240 1322 1334 1375 καὶ
1372 1322 1549 1375 αὐτῶν
1590 1322 1654 1394 δὴ
1700 1322 1807 1375 τῶν
1839 1338 1943 1375 σωο

368 1410 552 1480 μάτων
577 1409 729 1482 ῦλης,
758 1405 847 1464 οἶά
882 1427 962 1474 τις
1003 1411 1137 1464 Θεοῦ
1171 1411 1328 1481 λόγος
1357 1411 1432 1467 ὢν
1468 1414 1814 1484 δημιουργὸς,
1839 1414 1940 1484 τῆς

363 1502 421 1569 ἐξ
454 1500 621 1554 αὐτοῦ
657 1502 847 1571 σοφίας
887 1502 945 1555 ὲν
982 1502 1120 1573 αὐτῇ
1154 1502 1281 1565 τοὺς
1324 1502 1512 1572 λόγους
1538 1503 1956 1582 ἀποσφραγίζεη

360 1608 471 1656 ται,
516 1591 596 1664 τῷ
635 1594 732 1663 μὲν
772 1592 963 1664 ἀψύχῳ
1017 1593 1180 1664 ζωὴν,
1229 1592 1306 1664 τῷ
1349 1594 1406 1647 δὲ
1435 1596 1669 1667 ἀμόρφῳ
1703 1595 1815 1647 όντι
1846 1595 1940 1648 καὶ

361 1689 532 1746 ἀειδεῖ
550 1687 648 1759 τὴν
680 1687 861 1757 φύσιν,
896 1688 1110 1760 μορφὴν
1141 1690 1666 1759 ἐναποτυπούμενος,
1696 1689 1764 1742 τά
1791 1706 1850 1741 τε
1881 1688 1939 1740 ἐν

358 1781 506 1853 αὐτῷ
530 1781 703 1852 κάλλη
743 1782 836 1834 καὶ
864 1782 964 1845 τὰς
1007 1782 1332 1853 ἀσωμάτους
1374 1783 1513 1847 ἰδέας
1547 1786 1663 1846 ταῖς
1686 1782 1794 1835 τῶν
1828 1799 1935 1834 σω-

2045 875 2151 930 que
2180 862 2470 931 attingant,
2506 861 2607 931 ipsi
2637 869 2818 915 tamen
2853 863 2988 916 nihil
3023 864 3324 932 patiuntur,
3355 863 3434 917 sic
3458 863 3621 915 etiam

2046 951 2328 1019 multoque
2378 950 2554 1020 magis
2607 949 2701 1005 Dei
2753 951 2838 1005 vis
2877 953 3203 1022 incorporea
3255 961 3464 1006 natura:
3507 967 3623 1005 sua:

2045 1041 2252 1094 nullum
2314 1056 2492 1110 neque
2543 1041 2953 1096 incommodum
3005 1059 3180 1113 neque
3229 1052 3618 1097 noeumeutum

2045 1135 2294 1203 accipiet,
2324 1150 2501 1204 neque
2533 1149 2771 1203 unquam
2805 1135 2984 1204 seipsa
3018 1135 3259 1189 deterior
3292 1135 3403 1198 ﬁet,
3424 1148 3617 1203 quam-

2042 1226 2127 1279 vis
2162 1225 2487 1295 incorporea
2543 1226 2778 1295 quadam
2829 1228 3042 1280 ratione
3106 1242 3311 1296 corpus
3359 1230 3616 1296 attingat.

2043 1314 2183 1381 Quid
2214 1317 2359 1371 enim
2385 1316 2511 1371 ?An
2543 1332 2655 1371 non
2685 1319 2890 1387 absque
2930 1333 2996 1371 eo
3024 1319 3076 1371 in
3108 1335 3218 1388 quo
3242 1320 3405 1373 homo
3437 1318 3620 1374 factus

2042 1416 2126 1461 est
2154 1421 2404 1477 corpore,
2441 1423 2655 1479 semper
2689 1417 2851 1479 atque
2880 1426 3272 1481 usquequaque
3315 1427 3413 1481 per
3446 1419 3617 1465 totam

2040 1499 2434 1553 elementorum
2460 1500 2812 1571 ipsorumque
2826 1503 2985 1573 plane
3005 1518 3298 1573 corporum
3330 1504 3616 1557 materiam

2040 1599 2353 1661 penetrans,
2377 1600 2632 1661 tanquam
2664 1594 2712 1649 is
2740 1596 2832 1663 qui
2851 1594 2942 1649 Dei
2966 1596 3038 1649 sit
3061 1595 3200 1649 ratio
3231 1595 3475 1664 qua-dam
3499 1595 3619 1663 opi-

2040 1680 2126 1736 fex
2157 1681 2441 1751 sapientiae
2470 1698 2592 1752 quae
2623 1683 2693 1736 ab
2738 1684 2858 1753 ipso
2888 1684 3282 1753 proﬁciscitur,
3313 1684 3370 1737 in
3403 1698 3466 1739 ea
3496 1683 3615 1753 ipsa

2038 1773 2279 1827 rationes
2310 1779 2367 1827 et
2386 1773 2591 1827 claudit
2638 1781 2692 1828 et
2736 1775 2951 1844 signat?
2981 1777 3109 1831 dum
3150 1777 3402 1832 videlicet
3431 1775 3617 1828 inani-

364 1874 550 1945 μάτων
586 1873 862 1944 ποιότησιν
908 1875 1433 1946 ἐναποματτόμενος,
1476 1875 1639 1929 κινῶν
1673 1875 1729 1928 δὲ
1755 1874 1822 1927 τὰ
1856 1873 1926 1944 τῷ

2038 1866 2143 1920 mis
2166 1867 2356 1932 vitam,
2386 1866 2715 1923 informibus
2746 1884 2874 1923 vero
2904 1877 2959 1923 et
2983 1871 3189 1922 nullam
3247 1878 3458 1924 natura:
3489 1886 3616 1939 spe-

356 1965 544 2036 οῐκείῳ
572 1964 714 2036 λόγῳ
760 1965 942 2037 ἄψυχα
979 1968 1073 2020 καὶ
1111 1966 1360 2037 ἀκίνητα,
1398 1966 1522 2036 γῆν,
1566 1966 1731 2038 ὕδωρ,
1772 1965 1928 2037 ἀέρα,

359 2051 490 2122 πῦρ,
538 2053 808 2122 πάνσοφόν
842 2071 961 2106 τινα
1015 2054 1107 2108 καὶ
1153 2055 1518 2126 παναρμόνιον
1562 2056 1796 2125 κίνησιν,
1840 2057 1933 2108 καὶ

355 2145 425 2197 τὰ
456 2144 631 2198 πάντα
663 2144 721 2209 ἐξ
757 2145 1028 2215 ἀκοσμίας
1062 2145 1302 2216 κοσμῶν,
1336 2144 1513 2211 αὔξων
1556 2162 1615 2197 τε
1654 2146 1748 2198 καὶ
1784 2144 1935 2197 τελε-

355 2237 641 2306 σιουργῶν,
670 2237 805 2308 αὐτῇ
841 2253 901 2289 τε
939 2236 1105 2307 ἐνθέῳ
1129 2238 1223 2290 καὶ
1256 2236 1446 2306 λογικῇ
1477 2236 1703 2306 δυνάμει
1744 2252 1934 2306 μονον-

354 2327 473 2395 ουχὶ
519 2325 687 2378 ἐπιὼν
731 2327 799 2378 τὰ
829 2326 1025 2389 πάντα,
1065 2325 1160 2378 καὶ
1188 2325 1275 2378 διὰ
1304 2326 1519 2379 πάντων
1555 2324 1747 2395 χωρῶν
1800 2325 1934 2377 πάν-

355 2431 463 2468 των
494 2433 553 2469 τε
586 2416 981 2486 ἐφαπτόμενος,
1028 2416 1140 2469 ἀλλ’
1172 2415 1290 2469 οῦτι
1330 2433 1395 2485 γε
1444 2415 1647 2486 βλάϐην
1689 2420 1753 2470 ἐκ
1787 2416 1932 2481 τινὸς

355 2507 710 2578 ἐπαγόμενος,
762 2508 881 2561 οὐδὲ
931 2507 1027 2578 τὴν
1070 2507 1230 2577 φύσιν
1293 2508 1463 2578 αὐτὴν
1530 2507 1926 2579 μολυνόμενος;

352 2598 495 2653 οὕτω
523 2600 585 2673 δὴ
617 2600 685 2653 τά
719 2600 859 2654 κατά
888 2599 1058 2652 ταῦτα
1082 2601 1176 2653 καὶ
1199 2603 1256 2653 ἐν
1290 2599 1595 2671 ἀνθρώποις
1620 2601 1925 2670 γενόμενος,

352 2687 518 2741 πάλαι
563 2689 661 2759 μὲν
702 2687 928 2759 βραχέσι
968 2690 1063 2741 καὶ
1097 2687 1313 2760 ἀριθμῷ
1350 2688 1596 2758 ληπτοῖς,
1652 2688 1833 2753 μόνοις
1871 2690 1927 2744 δὲ

347 2779 459 2840 τοῖς
489 2777 859 2848 ἀναγράπτοις
896 2778 1202 2847 προφήταις
1238 2792 1296 2827 τε
1338 2778 1430 2828 καὶ
1456 2777 1681 2840 δικαίοις
1732 2777 1929 2848 ἀνδρά-

350 2885 457 2933 σιν,
485 2867 673 2922 άλλοτε
700 2868 872 2933 ἄλλως
898 2868 1166 2937 ἐφαίνετο,
1207 2868 1299 2922 ἐπὶ
1331 2869 1473 2921 τέλει
1516 2869 1573 2922 δέ
1604 2872 1716 2934 τοῖς
1760 2871 1926 2923 πᾶσιν

348 2961 471 3031 ἤδη,
496 2960 718 3031 φαύλοις
747 2979 806 3014 τε
829 2961 923 3015 καὶ
950 2961 1221 3025 ἀσεϐέσιν,
1262 2962 1534 3032 Ἑϐραίοις
1561 2979 1619 3014 τε
1656 2960 1789 3032 ὁμοῦ
1829 2963 1924 3015 καὶ

347 3050 574 3124 Ἕλλησι
616 3053 681 3106 δι’
731 3052 1174 3123 ὑπερϐάλλουσαν
1215 3052 1310 3117 τοῦ
1353 3052 1667 3121 παναγάθου
1709 3051 1923 3124 Πατρός

343 3146 685 3218 χρηστότητα
732 3148 826 3200 καὶ
868 3145 1273 3219 φιλανθρωπίαν
1332 3147 1678 3219 εὐεργετικὸν
1731 3147 1922 3202 ἐαυτδν
1950 3187 1992 3243 C

343 3239 436 3292 ml.
468 3240 732 3310 σωτήριον
756 3237 1066 3311 παρείχετο,
1096 3237 1390 3310 διαρρήδην
1419 3237 1578 3292 τοῦτο
1610 3239 1924 3311 προκηρύτ-

340 3346 449 3385 των
471 3370 486 3386 .
527 3350 545 3381 ι
579 3330 654 3383 Οὐ
690 3330 873 3399 χρείαν
911 3328 1123 3399 ἔχουσιν
1154 3331 1201 3381 οἱ
1252 3328 1524 3399 ἰσχύοντες
1552 3330 1757 3400 ἰατροῦ,
1788 3328 1925 3383 ἀλλά

340 3423 391 3474 οἱ
420 3438 605 3485 κακως
635 3419 870 3491 ἔχοντες·
899 3422 1001 3474 οὐκ
1044 3417 1208 3491 ἦλθον
1252 3420 1474 3473 καλέσαι
1506 3419 1765 3485 δικαίους,
1807 3420 1923 3474 ἀλλ’

340 3511 697 3583 ἁμαρτωλοὺς
729 3511 809 3575 είς
838 3512 1144 3581 μετάνοιαν.
1178 3529 1196 3562 ι
1235 3511 1449 3564 Ἐκάλει
1476 3511 1611 3581 δῆτα
1651 3514 1679 3566 ὁ
1707 3512 1923 3566 πάντων

338 3602 550 3675 Σωτὴρ,
591 3622 610 3654 ι
642 3602 827 3669 Δεῦτε,
854 3602 1046 3670 λέγων,
1078 3602 1212 3673 πρὸς
1243 3602 1309 3673 μὲ
1334 3602 1532 3665 πάντες
1554 3604 1603 3654 οἱ
1628 3601 1922 3667 κοπιῶντες

340 3695 435 3748 καὶ
474 3694 919 3765 πεφορτισμένοι,
959 3691 1115 3761 κάγὼ
1155 3692 1456 3747 ἀναπαύσω
1481 3695 1643 3764 ὑμᾶς·
1686 3714 1705 3746 ι
1738 3695 1921 3749 ἐκάλει

339 3785 433 3839 καὶ
475 3786 591 3838 ἰᾶτο
632 3784 881 3853 ἀφθόνως
918 3784 983 3837 δι’
1026 3785 1279 3857 ὀργάνου,
1325 3780 1385 3838 οὗ
1420 3784 1792 3856 προύϐἐϐλητο
1823 3788 1922 3839 ἀν-

339 3879 631 3950 θρωπίνου,
666 3874 755 3931 οἷά
795 3894 878 3940 τις
921 3877 1179 3948 μουσικὸς
1214 3877 1352 3949 ἀνὴρ
1376 3877 1464 3930 διὰ
1494 3876 1595 3947 τῆς
1623 3877 1791 3948 λύρας
1822 3879 1920 3949 τὴν

340 3971 531 4041 σοφίαν
586 3968 1065 4038 ἐπιδεικνύμενος,
1132 3968 1225 4022 καὶ
1276 3966 1559 4031 νοσούσαις
1602 3985 1665 4036 γε
1720 3969 1920 4038 ψυχαῖς

336 4065 455 4128 ταῖς
476 4064 533 4116 ἐν
556 4061 821 4133 σώμασιν,
843 4055 934 4115 οἶά
957 4079 1039 4125 τις
1070 4060 1268 4133 ἰατρῶν
1295 4061 1533 4133 ἄριστος,
1558 4063 1808 4129 συγγενεῖ
1827 4062 1919 4114 καὶ

336 4154 653 4227 καταλλήλῳ
728 4152 1033 4225 βοηθήματι
1106 4153 1197 4206 τὸν
1276 4153 1562 4223 ἄνθρωπον
1630 4152 1792 4216 αὑτός
1857 4169 1916 4204 τε

336 4248 525 4301 ἑαυτὸν
552 4245 855 4315 ὑπόδειγμα
890 4243 1054 4315 σοφοῦ
1081 4245 1173 4298 καὶ
1207 4244 1507 4316 παναρέτου
1544 4244 1638 4299 καὶ
1661 4244 1916 4309 εὐσεϐοῦς

336 4341 627 4412 παρείχετο
672 4337 824 4409 βίου,
882 4337 1146 4391 διδάσκων
1199 4338 1298 4408 μὲν
1345 4338 1414 4391 τά
1452 4337 1623 4410 ἀληθῆ
1674 4338 1734 4391 οὺ
1784 4337 1914 4408 παρ’

334 4433 535 4504 ἐτέρων
596 4430 973 4503 ὴρανισμένα,
1031 4429 1090 4496 ἐξ
1148 4431 1317 4484 αὑτοῦ
1361 4431 1417 4484 δὲ
1458 4433 1553 4484 καλ⁹
1607 4430 1758 4503 παρά
1817 4430 1911 4483 τοῦ

2037 1959 2176 2014 ciem
2232 1960 2603 2025 habentibus,
2641 1961 2873 2014 formam
2915 1962 3253 2032 ﬁguramque
3310 1963 3611 2032 imprimit;

2035 2071 2285 2125 quasque
2313 2052 2368 2109 in
2398 2070 2458 2111 se
2482 2056 2647 2110 habet
2679 2056 3126 2125 pulchritudines
3149 2057 3614 2127 incorporeasque

2035 2148 2266 2216 species,
2296 2161 2584 2216 corporum
2609 2147 2965 2216 qualitatibus
3000 2148 3291 2211 immiscet,
3323 2159 3617 2221 movetque

2034 2251 2097 2291 ea
2127 2252 2249 2307 qua:
2300 2252 2401 2292 sua
2433 2238 2676 2307 ipsorum
2716 2238 2930 2293 ratione
2983 2237 3225 2291 inanima
3280 2237 3615 2310 immotaque

2035 2337 2182 2394 sunt,
2223 2336 2447 2392 terram,
2482 2345 2701 2399 aquam,
2732 2346 2936 2397 aerem,
2969 2329 3173 2399 ignem,
3207 2331 3615 2399 sapientissimo

2032 2422 2267 2491 quodam
2296 2422 2553 2491 omnique
2585 2422 2953 2476 concinnitate
2985 2420 3189 2475 referto
3222 2431 3373 2475 motu
3404 2440 3417 2488 ;
3448 2432 3614 2492 atque

2032 2512 2249 2566 ordinat
2278 2514 2462 2567 omnia
2493 2528 2832 2583 quazcunque
2880 2513 3190 2567 inordinata
3215 2520 3366 2576 sunt,
3393 2513 3615 2568 eadem-

2030 2619 2134 2671 que
2158 2611 2317 2674 auget
2346 2620 2409 2657 ac
2444 2605 2654 2674 perﬁcit
2692 2621 2705 2670 ;
2744 2620 2811 2659 ac
2842 2619 2941 2659 sua
2967 2603 3141 2674 ipsius
3164 2603 3347 2658 divina
3376 2604 3615 2659 ratione-

2029 2695 2176 2764 lique
2211 2697 2411 2750 virtute
2440 2696 2651 2751 accedit
2684 2696 2752 2750 ad
2784 2697 2967 2750 omnia
3005 2710 3068 2749 ac
3099 2711 3195 2765 per
3229 2696 3411 2750 omnia
3446 2713 3613 2765 pene-

2028 2793 2158 2847 trat,
2221 2787 2516 2856 omniaque
2566 2787 3005 2857 attingit,neque
3057 2792 3239 2841 tamen
3294 2788 3609 2842 nocumenti

2028 2878 2325 2948 quidquam
2356 2894 2421 2932 ex
2456 2893 2644 2933 earmn
2697 2894 2877 2932 rerum
2926 2878 3109 2947 aliqua
3160 2878 3370 2941 trahit,
3432 2894 3610 2948 neque

2026 2983 2180 3023 suam
2209 2969 2382 3037 ipsius
2415 2977 2665 3022 naturam
2702 2968 3056 3039 coinquinat?
3090 2968 3289 3023 Eadem
3316 2972 3496 3039 itaque
3523 2978 3609 3023 est

2025 3059 2187 3121 ratio,
2222 3059 2352 3112 dum
2383 3058 2547 3111 etiam
2576 3059 2719 3112 inter
2751 3060 3002 3113 homines
3036 3059 3205 3129 degit.
3234 3058 3359 3112 illos
3382 3057 3605 3127 quidem

2025 3153 2184 3201 antea
2220 3161 2426 3217 paucos
2458 3156 2511 3202 et
2543 3148 2936 3209 numerabiles.
2985 3148 3133 3203 solos
3170 3150 3360 3218 utique
3391 3164 3508 3212 eos,
3537 3148 3608 3203 de

2026 3240 2225 3309 quibus
2255 3239 2520 3309 scriptum
2554 3250 2657 3303 est,
2680 3240 2972 3309 prophetas
2996 3241 3287 3312 justosque
3312 3243 3485 3305 viros,
3508 3242 3605 3299 iis-

2024 3347 2131 3402 que
2160 3332 2298 3387 alias
2350 3332 2509 3386 aliter
2538 3347 2597 3387 se
2630 3332 2871 3387 ostendit
2900 3352 2915 3386 :
2973 3324 3274 3389 novissime
3306 3349 3439 3390 vero
3485 3334 3604 3404 jam

2023 3424 2279 3478 omnibus
2310 3423 2470 3477 malis
2498 3425 2790 3493 impiisque
2821 3432 2876 3478 et
2907 3423 3148 3479 Hebraeis
3176 3425 3338 3479 simul
3368 3433 3421 3479 et
3453 3425 3607 3482 Grae-

2023 3515 2125 3579 cis,
2149 3531 2215 3570 ex
2250 3515 2551 3569 abundanti
2580 3516 2773 3585 optimi
2814 3515 2994 3588 Patris
3028 3516 3273 3572 bonitate
3306 3532 3607 3588 amoreque

2022 3621 2150 3677 erga
2192 3606 2465 3669 homines,
2516 3607 2844 3662 beneﬁcium
2891 3607 3134 3677 seipsum
3192 3609 3604 3680 salutaremque

2027 3696 2285 3760 exhibet,
2337 3698 2498 3765 plane
2529 3697 2634 3752 hoc
2671 3698 2849 3767 ipsum
2878 3712 2942 3752 ac
2976 3700 3196 3781 pgilice
3241 3700 3598 3757 denuntians.

2027 3802 2047 3836 ι
2087 3784 2207 3839 Νοη
2237 3785 2500 3855 indigent,
2534 3787 2738 3855 inquit,
2790 3788 2928 3841 bene
2955 3789 3201 3843 valentes
3233 3789 3469 3853 medico,
3502 3792 3601 3845 sed

2021 3879 2162 3932 male
2193 3878 2454 3934 habentes
2489 3896 2504 3933 :
2542 3894 2653 3933 non
2684 3881 2809 3935 veni
2840 3888 2897 3935 ut
2944 3895 3196 3935 vocarem
3249 3881 3432 3949 justos
3455 3921 3470 3946 ,
3503 3883 3602 3937 sed

1972 3964 1977 3972 ’
2020 3977 2338 4040 peccatores
2367 3970 2435 4024 ad
2467 3970 2848 4039 pomitentiam
2881 3973 2947 4027 ".
2981 3992 3000 4024 ι
3033 3970 3272 4025 Vocahat
3300 3988 3432 4041 ergo
3474 3971 3601 4027 Sal-

2019 4068 2173 4113 vator
2203 4060 2444 4114 omnium
2471 4060 2662 4115 dicens
2699 4075 2714 4112 :
2748 4077 2766 4108 ι
2797 4057 2992 4114 Venite
3032 4063 3096 4113 ad
3140 4075 3247 4124 me,
3280 4074 3472 4114 omnes
3503 4061 3601 4130 qui

2019 4152 2280 4207 laboratis
2309 4161 2364 4206 et
2402 4153 2615 4207 onerati
2653 4153 2809 4220 estis,
2851 4161 2905 4206 et
2931 4167 3031 4223 ego
3057 4152 3296 4207 reﬁciam
3332 4166 3429 4207 vos
3465 4151 3529 4206 ιθ.
3572 4171 3593 4204 ι

2021 4242 2266 4298 Vocabat
2292 4258 2354 4297 ac
2385 4241 2614 4297 sanabat
2656 4243 2984 4306 liberaliter,
3011 4258 3106 4312 per
3135 4243 3266 4296 illud
3296 4243 3599 4297 humanum

2019 4336 2444 4390 instrumentum
2479 4336 2625 4405 quod
2655 4351 2769 4405 prae
2804 4351 2864 4390 se
2884 4336 3111 4398 ferebat,
3147 4334 3315 4390 veluti
3364 4335 3590 4405 quidam

2018 4429 2264 4484 musicus
2292 4429 2397 4492 vir,
2431 4429 2522 4498 qui
2554 4444 2651 4498 per
2672 4430 2844 4500 lyram
2863 4441 3026 4499 quam
3063 4429 3134 4484 sit
3161 4430 3357 4485 doctus
3402 4440 3597 4487 osten-o

335 4524 545 4596 Πατρδς
603 4523 672 4576 τὰ
734 4521 901 4576 πάλαι
954 4522 1047 4574 καὶ
1105 4523 1169 4575 ἐκ
1216 4521 1426 4593 μακροῦ
1454 4523 1545 4575 τοῦ
1580 4523 1771 4587 αἰῶνος
1801 4526 1913 4585 τοῖς

2026 4521 2114 4584 dit,
2150 4537 2253 4576 nec
2279 4539 2388 4576 non
2412 4522 2803 4593 aegrotantibus
2818 4523 3015 4580 animis
3038 4523 3126 4582 iis,
3163 4538 3285 4591 qua:
3314 4523 3369 4577 in
3399 4538 3599 4593 corpo-

334 4613 596 4668 ἀνέκαθεν
623 4612 891 4681 θεοφιλὲσι
918 4611 1013 4665 καὶ
1052 4614 1162 4674 τοῖς
1192 4612 1298 4683 πρὸ
1333 4611 1610 4675 Μωῦσέως
1644 4611 1911 4683 Ἑϐραίοις

332 4702 818 4775 νενομοθετημέναι
864 4701 1142 4772 Σωμάτων
1188 4700 1245 4754 δὲ
1287 4701 1383 4772 οὐχ
1431 4697 1594 4772 ἧττον
1641 4701 1674 4772 ἢ
1722 4701 1911 4771 ψυχῶν

331 4797 758 4869 ἐπιμελόμενος,
798 4796 891 4849 καὶ
930 4797 1213 4867 σαρκικοῖς
1249 4795 1345 4865 μὲν
1375 4794 1678 4865 ἀνθρώπων
1709 4794 1910 4863 ὀφθαλ-

335 4892 455 4959 μοῖς
473 4888 542 4942 τά
565 4887 652 4941 διὰ
676 4888 778 4957 τῆς
799 4886 1000 4958 σαρκὸς
1023 4885 1173 4956 αὐτῷ
1196 4885 1447 4957 δρώμενα
1473 4884 1906 4957 παρασκευάζων

328 4981 482 5051 όρᾷν.
511 4979 701 5041 ἀκοαῖς
738 4976 795 5029 δὲ
837 4976 995 5029 πάλιν
1040 4976 1242 5047 σαρκὸς
1276 4975 1376 5039 τὰς
1413 4974 1500 5029 διὰ
1530 4973 1777 5046 γλώττης
1812 4975 1908 5028 καὶ

331 5071 533 5142 σαρκὸς
564 5067 788 5140 ὑπηχῶν
818 5067 1185 5132 διδασκαλίας,
1220 5070 1316 5121 καὶ
1348 5068 1524 5122 πάντα
1550 5083 1613 5136 γε
1646 5067 1908 5120 ἐπιτελῶν

329 5163 396 5215 δι’
433 5154 494 5215 οὗ
522 5160 809 5231 ἀνείληφεν
839 5159 1126 5230 ἀνθρώπου
1147 5199 1163 5223 ,
1200 5163 1312 5224 τοῖς
1342 5162 1443 5214 οὐκ
1472 5160 1701 5231 άλλωςῆ
1735 5161 1911 5230 μόνως

328 5252 503 5317 οὕτως
525 5253 624 5323 τῆς
648 5251 815 5305 αὐτοῦ
845 5250 1117 5322 θειότητος
1152 5241 1532 5306 συναισθέσθαι
1564 5253 1902 5322 δυναμένοις.

330 5347 516 5401 Ταῦτα
557 5346 622 5415 δὴ
658 5340 752 5398 οὖν
795 5344 1010 5399 ἅπαντα
1056 5347 1135 5406 είς
1166 5346 1226 5397 τὸ
1259 5347 1559 5416 χρήσιμον,
1602 5350 1695 5399 και
1740 5348 1905 5399 πᾶσιν

328 5441 461 5510 ἡμῖν
486 5438 758 5509 ὠφέλιμον
779 5439 806 5490 ό
836 5437 1013 5491 πάντα
1038 5437 1416 5509 φιλάνθρωπος
1445 5439 1537 5493 τοῦ
1566 5438 1700 5492 Θεοῦ
1734 5439 1906 5507 Λόγος

329 5534 448 5596 ταῖς
483 5533 775 5603 πατρικαῖς
803 5528 1017 5600 βουλαῖς
1045 5529 1342 5601 διηκονεῖτο
1361 5571 1375 5594 ,
1410 5531 1586 5601 μένων
1618 5531 1778 5585 πάλιν
1808 5533 1905 5584 αῦ-

329 5622 421 5687 τδς
451 5621 611 5685 ἀῦλος
653 5620 747 5674 καὶ
779 5617 1069 5690 ἀσώματος
1088 5660 1105 5686 ,
1148 5616 1257 5683 οἷος
1301 5621 1395 5673 καὶ
1423 5620 1621 5693 προτοῦ
1652 5621 1803 5693 παρά
1828 5621 1907 5694 τῷ

404 5802 446 5833 ⁸⁸
480 5800 614 5856 Luc.
653 5820 703 5868 ν,
732 5802 820 5872 5i,
853 5803 940 5858 52.
1024 5803 1065 5835 ³³
1098 5801 1286 5859 Matth.
1319 5820 1394 5866 Kl,
1424 5802 1514 5857 28.

2013 4614 2167 4667 ribus
2182 4614 2450 4684 degebant
2478 4614 2646 4669 veluti
2672 4614 2914 4684 Optimus
2941 4614 3163 4683 quidam
3179 4614 3593 4679 medicus,dum

2009 4714 2237 4774 cognata
2250 4708 2681 4776 congruentique
2697 4721 2797 4776 ope
2815 4708 2991 4777 ipsum
3007 4706 3282 4761 hominem
3295 4706 3597 4775 curat,ipse

2013 4799 2256 4867 seipsum
2296 4799 2574 4867 exemplar
2596 4798 2747 4852 omni
2801 4798 3069 4867 sapientia
3099 4799 3356 4867 omnique
3389 4798 3595 4850 virtute

2011 4891 2227 4946 referta:
2242 4891 2363 4945 vitae
2381 4890 3020 4960 praebebat,docebatque
3044 4890 3260 4944 interim
3279 4888 3588 4952 veritatem,

1982 5047 1989 5053 l
2019 4980 2178 5051 169
2197 4996 2304 5034 non
2339 4995 2502 5050 quam
2534 4981 2602 5035 ab
2646 4981 2769 5036 aliis
2792 4982 3165 5050 compilasset,
3199 4979 3294 5033 sed
3320 4992 3440 5032 eam
3469 4992 3594 5046 quae

2014 5083 2069 5126 et
2100 5089 2127 5127 a
2162 5074 2346 5143 seipso
2390 5080 2447 5128 et
2475 5088 2506 5127 a
2538 5074 2717 5138 Patre,
2764 5073 2963 5143 priscis
3007 5074 3139 5136 illis,
3174 5076 3266 5142 qui
3303 5080 3409 5124 tam
3447 5072 3593 5124 mul-

2016 5168 2089 5223 tis
2145 5177 2274 5224 ante
2316 5169 2534 5224 saeculis
2589 5183 2620 5222 a
2660 5176 2851 5224 nostra
2894 5175 3051 5223 aetate
3081 5165 3273 5236 procul
3316 5165 3589 5229 vixerant,

2014 5257 2107 5314 Dei
2130 5260 2343 5323 amicis,
2371 5260 2466 5330 qui
2494 5269 2618 5314 ante
2648 5258 2851 5313 Mosem
2879 5257 3183 5311 ﬂoruerunt
3207 5254 3470 5316 Hebraeis,
3496 5270 3592 5310 ve-

2013 5346 2113 5399 luti
2157 5349 2243 5401 lex
2288 5347 2537 5417 quaedam
2574 5347 2823 5418 exposita
2870 5355 3056 5401 esset:
3102 5352 3157 5399 et
3194 5360 3424 5413 corpora
3468 5344 3587 5413 ipsa

2012 5456 2121 5493 non
2156 5441 2341 5495 minus
2378 5440 2605 5494 curabat
2649 5454 2811 5510 quam
2857 5438 3071 5493 animas
3102 5458 3115 5491 :
3146 5452 3270 5491 nam
3305 5437 3589 5505 corporeis

2012 5532 2233 5601 quidem
2272 5533 2557 5586 hominum
2604 5532 2801 5593 oculis,
2843 5545 2962 5599 qum
2988 5545 3083 5598 per
3123 5544 3324 5598 corpus
3369 5529 3438 5583 ab
3469 5528 3588 5598 ipso

2012 5623 2236 5689 ﬁebant,
2272 5621 2533 5677 intuenda
2563 5619 2936 5690 comparabat,
2966 5634 3267 5690 rursusque
3308 5624 3586 5689 corporeis
