4126 6446
493 369 599 423 287

1164 346 1435 424 EUSEBll
1476 366 1964 424 cmsamszvsrs
2000 365 2150 422 opp.
2192 364 2396 421 rans.
2438 365 2479 420 ι.
2519 396 2588 406 -
2625 364 3129 422 APOLOGETICA.

3632 368 3742 424 288

496 487 724 541 auribus
751 486 1074 551 doctrinam,
1101 500 1197 554 per
1228 500 1548 555 corpoream
1598 487 1783 541 itidem
1824 486 2062 557 linguam

2170 483 2346 555 Πατρὶ
2372 479 2462 555 ἦν,
2485 481 2611 537 οὔτε
2657 480 2977 555 μεταϐαλὼν
3013 482 3112 554 τὴν
3145 482 3366 545 οὐσίαν,
3402 467 3513 535 οὐδ’
3544 483 3742 552 ἀφανι-

495 576 807 638 insonabat,
868 590 970 629 nec
1027 590 1135 628 non
1187 576 1368 629 omnia
1434 575 1750 645 perﬁciebat
1800 592 1897 646 per
1942 592 2068 631 eum

493 682 656 735 quem
701 674 1074 734 assumpserat
1136 665 1450 732 hominem,
1505 666 1574 721 iis
1603 667 1697 736 qui
1754 681 1862 721 non
1912 666 2069 720 aliter

492 770 655 823 quam
694 755 774 808 sic
804 753 1069 807 duntaxat
1099 756 1272 824 ipsius
1302 755 1642 811 divinitatem
1673 757 1879 811 sentire
1917 764 2069 826 pote-

493 853 634 897 rant.
681 844 805 899 llaac
839 861 1077 915 namque
1106 848 1290 900 omnia
1340 846 1405 901 ad
1439 863 1613 908 _usum
1662 855 1827 918 atque
1861 849 2069 902 utilita-

491 953 598 991 tem
621 939 866 992 omnium
895 949 1166 1003 nostrum,
1194 941 1489 994 humanum
1511 956 1685 1011 genus
1706 941 1853 994 omni
1880 956 2069 1011 prose-

490 1045 665 1097 quens
692 1045 879 1085 amore
912 1029 1005 1085 Dei
1044 1030 1306 1094 Verbum,
1353 1033 1595 1102 paternis
1623 1033 1871 1087 consiliis
1894 1032 2069 1086 admi-

492 1121 784 1187 nistrabat,
827 1122 943 1190 ipse
978 1122 1193 1175 interim
1242 1138 1435 1177 rursus
1483 1132 1536 1177 et
1575 1123 1816 1177 materia:
1847 1138 2064 1191 expers,

492 1219 548 1266 et
594 1213 951 1279 incorporeus
998 1227 1247 1277 manens,
1293 1212 1602 1280 cuiusmodi
1644 1214 1808 1267 etiam
1858 1214 2065 1283 pridem

497 1302 639 1372 apud
676 1300 893 1355 Patrem
921 1307 1059 1363 erat,
1087 1317 1262 1370 neque
1294 1309 1513 1357 mutans
1541 1304 1855 1369 essentiam,
1890 1320 2067 1373 neque

497 1393 755 1464 perdens,
799 1391 947 1463 quod
985 1407 1098 1446 suae
1144 1392 1318 1462 ipsius
1355 1400 1565 1446 natura:
1598 1393 1878 1463 preprium
1924 1402 2064 1459 erat,

494 1501 674 1555 neque
708 1500 837 1539 vero
886 1492 979 1537 aut
1022 1485 1272 1553 corporis
1316 1486 1550 1540 vinculis
1603 1486 1931 1555 impeditus,
1975 1497 2069 1541 aut

493 1595 523 1630 a
563 1592 663 1632 sua
698 1577 982 1631 divinitate
1026 1576 1291 1645 dejectus,
1334 1592 1397 1631 ac
1436 1592 1504 1632 ne
1544 1576 1901 1633 domesticam
1940 1581 2067 1650 qui-

489 1674 614 1728 dem
647 1671 808 1726 Verbi
844 1680 1165 1741 potestatem
1201 1672 1478 1735 amittens,
1512 1672 1606 1728 sed
1644 1689 1821 1742 neque
1852 1675 1941 1737 iis,
1971 1675 2066 1745 qui

490 1764 605 1817 illic
631 1763 851 1833 quidem
879 1763 969 1816 ubi
999 1763 1099 1831 ipsi
1140 1762 1435 1815 humanum
1472 1777 1568 1817 vas
1605 1763 1815 1828 aderat,
1848 1763 2068 1834 degeret

2168 574 2315 639 σθεὶς
2353 575 2451 646 τῆς
2484 574 2677 629 ἑαυτοῦ
2730 573 2892 637 αὐτὸς
2931 573 3180 642 φύσεως,
3226 573 3348 626 οὐδέ
3393 589 3457 642 γε
3502 576 3614 638 τοῖς
3643 574 3741 646 τῆς

2168 666 2369 737 σαρκὸς
2395 666 2611 736 δεσμοῖς
2645 665 2900 737 πεδηθεὶς
2920 705 2935 728 ,
2963 664 3082 718 οὐδὲ
3114 663 3405 718 ἀποπεσὼν
3431 665 3530 735 τῆς
3557 664 3743 736 θεότη-

2164 774 2289 820 τος,
2325 757 2439 810 ἀλλ’
2469 757 2591 810 οὐδὲ
2628 756 2726 827 τὴν
2771 756 2979 809 οἰκείαν
3028 754 3122 808 τοῦ
3154 755 3326 823 Λόγου
3362 755 3743 827 παραπολέσας

2165 846 2393 918 δύναμιν
2413 887 2428 910 ,
2474 847 2583 900 οὐδ’
2615 841 2717 900 ὧδε
2771 848 2868 918 μὲν
2901 847 3028 900 ἔνθα
3056 842 3123 917 ἦν
3158 845 3304 916 αὐτῷ
3347 846 3407 900 τὸ
3437 846 3741 920 ἀνθρώπιον

2169 939 2362 1002 σκεῦος
2388 938 2487 1002 τὰς
2518 937 2801 1009 διατριϐὰς
2835 937 3174 1008 ποιούμενος,
3200 938 3258 989 ὲν
3287 936 3494 1007 ἑτέροις
3524 936 3579 989 δὲ
3603 932 3742 991 εἶναι

2165 1029 2259 1082 τοῦ
2293 1028 2492 1091 παντὸς
2525 1028 2919 1099 κεκωλυμένος.
2971 1027 3130 1081 Ἀλλά
3158 1028 3264 1097 γὰρ
3292 1028 3385 1080 καὶ
3420 1030 3478 1080 ὲν
3519 1027 3597 1098 τῷ
3622 1029 3743 1083 τότε

2168 1119 2270 1173 καθ
2290 1121 2302 1141 ’
2324 1120 2352 1172 ὃ
2373 1123 2429 1173 ὲν
2459 1119 2764 1193 ἀνθρώποις
2793 1121 3149 1185 ἐπολιτεύετο,
3174 1120 3244 1173 τὰ
3274 1122 3448 1174 πάντα
3481 1120 3742 1191 ἐπλήρου,

2168 1211 2260 1265 καὶ
2298 1210 2376 1281 τῷ
2409 1212 2587 1282 Πατρὶ
2630 1211 2829 1281 συνῆν,
2868 1213 2963 1265 καὶ
3007 1214 3063 1264 ἐν
3095 1211 3242 1282 αὐτῷ
3278 1229 3343 1280 γε
3373 1208 3471 1283 ἦν,
3506 1212 3602 1265 καὶ
3633 1213 3741 1265 τῶν

2166 1304 2383 1358 πάντων
2413 1304 2622 1375 ἀθρόως
2661 1305 2753 1357 καὶ
2788 1307 2846 1357 ὲν
2877 1303 2954 1374 τῷ
2980 1305 3097 1358 τότε
3129 1304 3238 1358 τῶν
3262 1322 3321 1357 τε
3359 1307 3478 1359 κατ’
3515 1306 3744 1377 οὐρανὸν

2165 1396 2260 1449 καὶ
2287 1396 2379 1448 ἐπὶ
2410 1395 2513 1465 γῆς
2541 1396 2854 1466 ἐπεμέλετο,
2873 1395 3122 1466 οὐδαμῶς
3144 1397 3241 1468 τῆς
3268 1398 3574 1468 πανταχόσε
3603 1415 3745 1469 παρα

2168 1489 2354 1552 ουσίας
2408 1488 2609 1559 ὁμοίως
2646 1490 2779 1559 ἡμῖν
2813 1489 3335 1559 ἁποκεκλεισμένος,
3381 1490 3499 1543 οὐδὲ
3531 1489 3601 1543 τά
3629 1489 3747 1543 θεῖα

2160 1575 2424 1651 ’πράττειν
2478 1580 2721 1650 συνήθως
2765 1579 3297 1652 παραποδιζόμενος’
3341 1582 3479 1636 ἀλλά
3523 1582 3594 1635 τὰ
3647 1581 3745 1653 μὲν

2166 1670 2226 1735 ἐξ
2253 1669 2416 1724 αὑτοῦ
2455 1670 2768 1741 μεταδιδοὺς
2796 1670 2874 1742 τῷ
2897 1669 3202 1742 ἀνθρώπῳ,
3232 1671 3301 1724 τὰ
3329 1671 3375 1725 δ’
3406 1674 3469 1725 ὲκ
3498 1672 3590 1725 τοῦ
3618 1672 3749 1743 θνη-

2169 1758 2263 1812 τοῦ
2293 1759 2367 1830 μὴ
2406 1759 2850 1830 άντιλαμῦάνων·
2881 1760 2971 1813 καὶ
2999 1761 3096 1830 τῆς
3130 1761 3228 1831 μὲν
3254 1760 3439 1815 ἐνθέου
3468 1762 3746 1833 δυνάμεως

491 1863 728 1919 tantum,
772 1855 824 1907 in
868 1854 991 1909 aliis
1024 1870 1154 1908 vero
1189 1855 1430 1911 universi
1478 1857 1727 1925 partibus
1770 1872 1892 1912 esse
1932 1871 2062 1925 pro-

2165 1848 2243 1920 τῷ
2271 1849 2450 1921 θνητῷ
2484 1851 2734 1920 χορηγῶν
2756 1891 2770 1916 ,
2806 1852 2903 1922 τῆς
2930 1851 2986 1903 δὲ
3017 1852 3082 1904 ἐκ
3112 1852 3205 1905 τοῦ
3235 1852 3429 1923 θνητοῦ
3460 1855 3748 1924 μετουσίας

491 1946 787 2000 biberetur.
830 1945 1038 2002 Etenim
1067 1955 1196 2003 tunc
1233 1965 1453 2019 quoque
1492 1964 1615 2003 cum
1643 1950 1786 2003 inter
1815 1949 2065 2004 homines

491 2039 831 2100 versabatur,
869 2039 1226 2094 nihilominus
1277 2040 1461 2094 omnia
1486 2041 1816 2110 cmuplebat,
1846 2041 2063 2096 interim

488 2138 692 2182 (tcum
721 2128 880 2184 Patre
903 2140 957 2186 et
987 2132 1042 2185 in
1076 2130 1235 2187 Patre
1260 2133 1400 2187 idem
1434 2142 1574 2197 erat,
1609 2143 1663 2187 et
1693 2134 1937 2187 omnium
1977 2148 2067 2188 re-

491 2236 610 2273 rum
663 2223 866 2290 pariter
918 2224 972 2278 in
1018 2224 1211 2279 eodem
1274 2235 1537 2295 tempore,
1598 2234 1709 2279 tam
1755 2225 2062 2280 eielestium

487 2328 649 2383 quam
676 2316 1022 2369 terrestrium
1060 2330 1251 2370 curam
1278 2317 1535 2387 gerebat;
1569 2332 1841 2386 nusquam
1876 2316 1944 2371 ab
1968 2317 2062 2370 illa

393 2410 406 2424 ‘
490 2405 800 2474 praesentia,
853 2421 960 2475 qua
1013 2409 1230 2461 cunctis
1266 2408 1430 2462 rebus
1473 2408 1627 2463 adest
1674 2416 1868 2462 nostro
1912 2422 2065 2464 more

485 2496 764 2555 exclusus,
795 2509 972 2564 neque
1002 2496 1210 2559 divina,
1247 2512 1316 2551 ne
1346 2507 1529 2567 ageret
1558 2513 1710 2553 more
1732 2513 1854 2561 suo,
1890 2499 2066 2568 impe-

483 2585 656 2646 ditus,
707 2584 803 2639 sed
842 2584 935 2638 illa
971 2586 1191 2655 quidem
1225 2601 1255 2640 a
1294 2588 1478 2657 seipse
1509 2589 1926 2645 communicatis
1962 2590 2063 2646 ho-

430 2744 443 2751 ο
485 2675 642 2737 mini,
679 2674 792 2729 haec
817 2690 944 2730 vero
974 2690 1004 2729 a
1044 2678 1263 2731 mortali
1296 2679 1413 2748 ipse
1449 2694 1559 2733 non
1596 2681 1891 2750 accipiens.
1926 2680 2061 2737 ltem

484 2765 703 2818 mortali
726 2765 947 2835 quidem
973 2767 1083 2820 vim
1108 2768 1349 2822 divinam
1376 2770 1755 2840 suppeditans,
1788 2787 1819 2825 a
1843 2775 2062 2828 mortali

487 2868 617 2909 vero
649 2855 765 2925 ipse
797 2872 907 2910 non
936 2865 1129 2912 contra
1163 2858 1216 2911 in
1242 2866 1449 2928 partem
1485 2868 1580 2914 aut
1608 2864 2060 2919 communitatem

485 2946 779 3003 adductus.
809 2948 993 3019 Neque
1023 2950 1191 3019 igitur
1220 2951 1273 3004 in
1301 2963 1457 3020 partu
1490 2968 1521 3007 a
1565 2969 1795 3025 corpore
1822 2956 1940 3025 ipse
1982 2957 2066 3011 ina

485 3056 787 3111 corporeus
831 3043 1244 3111 inquinahatur,
1287 3060 1464 3113 neque
1508 3046 1636 3100 item
1680 3047 1771 3116 qui
1820 3048 2061 3118 pat'tbilis

486 3142 696 3185 natura;
732 3147 928 3202 expers
967 3140 1107 3197 erat,
1151 3135 1357 3204 aliquid
1408 3151 1439 3189 a
1495 3139 1710 3192 mortali
1755 3140 2057 3194 secundum

483 3225 779 3279 essentiam
830 3225 1158 3294 patiebatur.
1209 3227 1343 3280 Nam
1401 3243 1612 3298 neque,
1660 3231 1811 3285 verbi
1862 3232 2059 3302 gratia,

484 3317 619 3370 dote.
651 3316 764 3387 lyra
818 3319 1088 3387 pulsatur,
1147 3332 1241 3375 aut
1289 3322 1442 3375 nervi
1493 3323 1896 3388 convelluntur,
1948 3327 2058 3396 pati

484 3409 780 3465 verisimile
830 3420 915 3466 est
952 3427 1074 3467 eum
1118 3414 1212 3482 qui
1262 3414 1337 3467 ita
1379 3415 1663 3484 praeludit;
1711 3432 1887 3486 neque
1931 3419 2061 3473 dum

485 3504 791 3573 cuiuspiam
823 3505 923 3559 viri
948 3507 1212 3576 sapientis
1244 3522 1444 3577 corpus
1472 3518 1777 3580 torquetur,
1802 3512 1950 3567 illius
1973 3527 2063 3567 sa-

484 3594 767 3663 pientiam,
793 3608 887 3652 aut
917 3615 1079 3668 quam
1108 3599 1160 3654 in
1194 3588 1425 3670 corpore
1446 3603 1588 3671 gerit
1621 3604 1883 3668 animam,
1922 3604 2059 3659 caedi

484 3695 579 3740 aut
610 3689 789 3757 puniri
829 3690 1236 3779 merito.dicere
1269 3707 1563 3761 possumus
1590 3714 1604 3750 :
1631 3698 1819 3750 eadem
1850 3696 2061 3752 ratione

483 3782 821 3851 neutiquam,
852 3787 1131 3855 multoque
1164 3785 1329 3840 etiam
1367 3787 1571 3851 minus,
1603 3788 1750 3857 quod
1778 3787 1937 3843 Verhi
1967 3798 2062 3844 aut

484 3879 699 3939 natura,
739 3884 832 3927 aut
858 3875 964 3938 vis,
1006 3876 1317 3931 detrimenti
1346 3879 1623 3948 quidpiam
1657 3895 1724 3935 ex
1756 3881 1914 3951 17o
1937 3897 2062 3937 cor-

484 3968 633 4035 poris
673 3967 1056 4024 all'ectionibus
1103 3971 1306 4032 trahat,
1337 3970 1606 4026 allirmare
1645 3987 1743 4041 par
1790 3984 1893 4029 est.
1923 3972 2059 4029 Nam

483 4074 647 4128 supra
690 4076 759 4115 ne
794 4061 1018 4116 luminis
1067 4062 1288 4131 quidem
1339 4064 1471 4118 illud
1514 4065 1824 4133 appositum
1869 4082 2059 4122 exem-

483 4149 655 4218 plum,
681 4151 851 4220 pollui
883 4152 1093 4207 solares
1133 4152 1336 4217 radios,
1370 4159 1501 4207 «Qun
1524 4155 1743 4210 coalitus
1776 4154 1831 4209 in
1857 4165 2056 4211 terram

481 4240 866 4306 demittuntur,
896 4250 949 4297 et
986 4244 1159 4297 lutum
1197 4260 1261 4298 ac
1292 4261 1532 4309 cmnum,
1560 4255 1727 4316 atque
1755 4248 1937 4303 omnis
1960 4264 2055 4319 ge-

481 4332 632 4386 neris
663 4333 855 4388 sordes
886 4334 1180 4405 attingunt,
1206 4338 1562 4393 concedebat.
1598 4339 1897 4393 llluminari
1935 4340 2058 4410 qni-

480 4422 602 4477 dem
631 4424 795 4477 etiam
828 4424 941 4479 haec
976 4426 1044 4479 ah
1075 4427 1248 4496 ipsius
1280 4429 1502 4485 luminis
1533 4431 1723 4494 radiis,
1758 4431 1894 4485 nihil
1923 4447 2056 4488 sane

2169 1942 2269 1994 οὐκ
2307 1943 2764 2012 ἀντεπαγόμενος.
2800 1942 2924 1996 υῦτ⁹
2963 1939 3056 1998 οῦν
3104 1945 3393 2015 ὲμολύνετο
3429 1948 3750 2016 τικτόμενος

2169 2033 2275 2086 ὑπὸ
2304 2032 2399 2086 τοῦ
2436 2033 2686 2104 σώματος
2714 2037 2743 2088 ό
2772 2036 3059 2105 ἀσώματος
3078 2078 3093 2102 ,
3126 2038 3246 2091 οὐδὲ
3272 2039 3369 2111 τὴν
3399 2039 3587 2094 οὐσίαν
3614 2040 3749 2092 ἔπα-

2168 2142 2294 2197 σχεν
2319 2128 2348 2179 ό
2375 2126 2591 2198 ἀπαθὴς
2633 2128 2736 2180 ὑπὸ
2772 2128 2863 2181 τοῦ
2911 2128 3102 2200 θνητοῦ
3128 2147 3141 2159 ·
3175 2133 3296 2184 ἐπεὶ
3352 2130 3484 2201 μηδὲ
3517 2131 3617 2201 τῆς
3649 2129 3745 2183 λύ-

2171 2231 2289 2286 ρας,
2315 2217 2364 2268 εί
2395 2214 2567 2279 οὓτως
2594 2216 2766 2287 τύχοι,
2799 2219 3160 2291 κοπτομένης,
3185 2218 3218 2291 ἢ
3249 2219 3356 2273 τῶν
3383 2219 3585 2291 χορδῶν
3626 2220 3743 2273 δια-

2169 2307 2502 2378 σπωμὲνων,
2546 2308 2778 2379 πάσχειν
2808 2311 2953 2374 εἰκὸς
2981 2311 3071 2365 τὸν
3116 2311 3550 2383 ἀνακρουόμενον
3572 2330 3585 2343 ·
3618 2313 3741 2367 οὐδὲ

2166 2415 2231 2468 γε
2281 2399 2445 2468 σοφοῦ
2484 2417 2630 2464 τινος
2678 2401 2868 2473 ἀνδρὸς
2896 2406 3306 2475 τιμωρουμένου
3336 2404 3429 2458 τοῦ
3458 2405 3706 2475 σώματος
3725 2445 3743 2470 ,

2165 2491 2265 2562 τὴν
2297 2491 2356 2544 ὲν
2392 2491 2543 2563 αὐτῷ
2572 2493 2765 2563 σοφίαν
2784 2532 2799 2557 ,
2830 2494 2863 2565 ἦ
2890 2497 2989 2567 τήν
3022 2512 3085 2565 γε
3126 2499 3186 2550 ὲν
3217 2496 3296 2568 τῷ
3326 2495 3537 2567 σώματι
3569 2497 3748 2567 ψυχὴν

2166 2582 2496 2648 κόπτεσθαι,
2539 2582 2573 2654 ἢ
2620 2584 2871 2638 καίεσθαι
2901 2585 3140 2657 φαίημεν
3173 2588 3241 2642 ἂν
3284 2590 3530 2653 εἰκότως.
3564 2589 3752 2663 Ταύτῃ

2165 2690 2247 2726 τοι
2303 2674 2438 2728 πολὺ
2511 2674 2674 2729 πλέον
2729 2676 2851 2729 οὐδὲ
2907 2677 3007 2748 τὴν
3063 2678 3159 2730 τοῦ
3214 2678 3391 2747 Λόγου
3486 2680 3649 2748 φύσιν
3714 2681 3749 2751 ἢ

2165 2765 2391 2838 δύναμιν
2452 2767 2648 2839 βλάϐος
2698 2786 2752 2822 τι
2809 2769 2875 2822 ὲκ
2924 2770 3029 2822 τῶν
3088 2772 3181 2822 τοῦ
3237 2771 3490 2841 σώματος
3557 2772 3747 2825 παθῶν

2165 2859 2561 2931 ἀποφέρεσθαι,
2592 2862 2756 2930 φάναι
2784 2858 3004 2928 εὔλογον
3024 2877 3037 2889 '
3070 2861 3154 2914 ὅτι
3185 2861 3320 2931 μηδὲ
3347 2862 3405 2914 τὸ
3439 2861 3532 2914 τοῦ
3567 2863 3746 2930 φωτὸς

2166 2954 2297 3025 ἡμῖν
2328 2954 2632 3024 ὑπόδειγμα
2678 2952 2990 3025 χραίνεσθαί
3029 2970 3082 3005 τι
3121 2953 3222 3018 τὰς
3258 2952 3487 3024 ἡλιακὰς
3519 2955 3745 3017 ἀκτῖνας

2165 3045 2257 3098 ἐπὶ
2288 3046 2389 3117 γῆς
2414 3045 2703 3116 οὐρανόθεν
2734 3044 3179 3116 ὲκπεμπομένας,
3213 3044 3383 3115 πηλοῦ
3414 3061 3474 3096 τε
3505 3045 3597 3097 καὶ
3627 3043 3747 3116 βορ-

2167 3134 2328 3207 ϐόρου
2365 3137 2457 3190 καὶ⁴
2489 3135 2730 3208 μιασμοῦ
2761 3136 2957 3199 παντὸς
3000 3137 3381 3206 ἐφαπτομένας
3425 3134 3743 3205 συνεχώρει.

2164 3228 2498 3293 Φωτίζεσθαι
2536 3228 2634 3299 μὲν
2660 3230 2753 3282 καὶ
2788 3226 2961 3280 ταῦτα
3003 3229 3067 3281 ὲκ
3096 3228 3204 3280 τῶν
3229 3226 3321 3280 τοῦ
3362 3227 3538 3296 φωτὸς
3561 3226 3742 3295 αὐγῶν

2163 3321 2314 3374 οὐδὲν
2347 3320 2411 3376 ἂν
2446 3321 2646 3375 κωλύοι
2684 3321 2893 3392 λέγειν⁸
2928 3322 2990 3374 τὸ
3030 3322 3087 3374 δέ
3117 3338 3180 3391 γε
3209 3321 3297 3375 τὸν
3328 3321 3478 3391 ἥλιον
3518 3321 3741 3391 μολύνε-

2166 3413 2289 3467 σθαι
2322 3416 2387 3467 ὲκ
2414 3414 2513 3485 τῆς
2552 3413 2661 3469 τῶν
2699 3415 2967 3485 σωμάτων
2991 3413 3271 3485 ἐπιμιξίας
3292 3456 3307 3481 ,
3343 3413 3375 3482 ἢ
3409 3413 3740 3485 πηλοῦσθαι,

2161 3505 2365 3559 οὐκέτι.
2388 3507 2498 3559 Καὶ
2532 3506 2638 3576 μὴν
2667 3506 2839 3561 ταῦτά
2865 3524 2925 3575 γε
2954 3507 3053 3578 τῆς
3080 3506 3294 3576 φύσεως
3318 3506 3417 3559 οὐκ
3442 3506 3505 3559 ἂν
3527 3504 3614 3575 εἴη
3635 3505 3743 3558 τῶν

2166 3596 2432 3667 σωμάτων
2461 3595 2736 3668 ἀλλότρια.
2775 3597 2832 3650 '0
2857 3598 2915 3650 δέ
2950 3614 3013 3666 γε
3040 3598 3199 3661 ἆῦλος
3224 3597 3318 3651 καὶ
3341 3595 3627 3668 ἀσώματος
3648 3595 3740 3649 τοῦ

2161 3686 2296 3740 Θεοῦ
2331 3687 2505 3756 Λόγος
2529 3729 2541 3751 ,
2574 3688 2823 3761 αὑτοζωὴ
2848 3689 3131 3759 τυγχάνων
3163 3690 3255 3742 καὶ
3278 3688 3526 3757 αύτοφῶς
3559 3690 3744 3759 νοερὸν

2162 3778 2257 3831 καὶ
2279 3780 2379 3831 ὅσα
2410 3779 2543 3833 ἄλλα
2574 3780 3047 3853 προκατείλεκται,
3071 3780 3274 3845 παντὸς
3297 3777 3358 3835 οῦ
3390 3781 3456 3835 ἂν
3484 3780 3744 3851 ὲφάψοιτο

2160 3870 2333 3942 ὲνθέῳ
2365 3871 2459 3924 καὶ
2487 3872 2764 3944 ἀσωμάτῳ
2790 3872 3050 3945 δυνάμει,
3082 3873 3180 3945 ζῇν
3212 3874 3370 3927 τοῦτο
3404 3874 3618 3945 ἀνάγκη
3649 3873 3743 3927 καὶ

2163 3963 2258 4015 σὺν
2284 3962 2490 4034 λογικῷ
2522 3963 2731 4033 διάγειν
2759 3967 2918 4035 φωτί.
2951 3965 3138 4035 Ταύτῃ
3169 3983 3252 4019 τοι
3288 3967 3380 4019 καὶ
3408 3966 3656 4037 σώματος
3680 3958 3741 4018 οὗ

2160 4053 2227 4107 ἂν
2255 4056 2537 4125 ἐφάψοιτο,
2562 4059 2820 4128 ἡγίασται
2852 4058 3010 4112 τοῦτο
3038 4058 3134 4112 καὶ
3158 4057 3493 4126 πεφὼτισται
3522 4057 3738 4122 αὐτίκα,

2160 4148 2308 4201 πᾶσά
2356 4165 2415 4201 τε
2462 4148 2618 4213 νόσος
2660 4150 2809 4222 αὐτῷ
2853 4150 2948 4203 καὶ
2992 4150 3275 4220 άῤῥωστία
3317 4150 3408 4202 καὶ
3444 4149 3600 4202 πάνθ’
3639 4148 3739 4201 ὅσα

2160 4235 2548 4301 ὑπεξίσταται·
2583 4239 2971 4310 ἀντιλαμϐάνει
3002 4237 3058 4290 δὲ
3088 4238 3187 4306 τῆς
3234 4237 3292 4303 ἐξ
3331 4237 3495 4291 αὐτοῦ
3530 4236 3741 4308 πληρώ-

2159 4342 2298 4389 σεως
2339 4326 2613 4397 στέρησις.
2667 4328 2823 4381 Οῦτω
2871 4328 3006 4397 δῆτα
3054 4327 3148 4379 καὶ
3183 4326 3245 4378 τὸ
3286 4325 3475 4395 νεκρὸν
3504 4326 3603 4395 τῆς
3643 4325 3738 4379 τοῦ

2158 4417 2334 4485 Λόγου
2361 4417 2643 4487 δυνάμεως
2661 4458 2676 4482 ,
2711 4418 2904 4490 μικρόν
2929 4436 2982 4471 τι
3005 4417 3171 4471 αὐτοῦ
3196 4417 3544 4487 ἐφαψάμενον
3567 4458 3582 4481 ,
3608 4417 3740 4487 ἀνη-

479 4532 582 4571 nos
634 4518 901 4575 allirmarc
951 4521 1272 4590 prohibeat;
1320 4525 1492 4580 solem
1551 4541 1681 4580 vero
1727 4525 1906 4595 ipsum
1950 4527 2050 4582 fm-

2164 4509 2369 4579 γείρετο
2401 4509 2729 4580 ζωούμενον,
2775 4511 2869 4564 καὶ
2902 4511 2930 4561 ὁ
2966 4509 3193 4571 θάνατος
3221 4510 3318 4579 τὴν
3347 4507 3491 4577 ζωὴν
3520 4506 3738 4577 ἔφευγε,

477 4607 617 4670 dari,
655 4617 749 4663 aut
778 4610 1014 4667 lutosum
1040 4614 1177 4678 fieri,
1201 4615 1329 4671 dum
1359 4617 1480 4687 ejus
1513 4617 1695 4672 lumen
1721 4620 2046 4688 corporibus

477 4699 860 4759 immiscetur:
897 4718 1259 4774 nequaquam.
1302 4708 1372 4760 At
1403 4708 1507 4761 ista
1544 4718 1724 4762 tamen
1768 4724 1877 4763 non
1918 4718 2047 4765 sunt

2154 4601 2343 4671 καὶτῷ
2363 4618 2425 4669 γε
2450 4603 2588 4670 φωτὶ
2614 4601 2675 4654 τὸ
2701 4602 2890 4665 σκότος
2909 4600 3175 4665 ἐξελύετο,
3194 4600 3252 4653 τό
3281 4616 3340 4651 τε
3374 4597 3614 4670 φθαρτὸν
3641 4599 3740 4671 τὴν

2153 4692 2459 4765 ἀφθαρσίαν
2476 4693 2860 4759 ἐνεδιδύσκετο,
2875 4696 2969 4748 καὶ
2996 4694 3056 4748 τὸ
3079 4692 3273 4763 θνητὸν
3294 4691 3389 4763 τὴν
3416 4691 3739 4747 ἀθανασίαν-

476 4810 507 4846 a
548 4804 746 4850 natura
780 4812 1070 4868 corporum
1095 4801 1294 4857 aliena.
1325 4803 1463 4858 lllud
1498 4817 1626 4858 vero
1653 4804 1835 4860 omnis
1856 4820 2051 4876 espers
2091 4808 2332 4863 materiae
2378 4809 2873 4881 incorporeumque
2930 4810 3021 4865 Dei
3053 4796 3316 4873 Verbum,
3362 4808 3509 4878 quod
3556 4809 3675 4878 ipsa

474 4885 584 4942 vita
621 4896 729 4953 est,
766 4897 820 4945 et
863 4891 1041 4963 ipsum
1073 4894 1254 4950 lumen
1290 4896 1652 4968 intelligibile,
1682 4905 1735 4953 et
1769 4899 1873 4953 alia
1900 4916 2241 4970 qutecunque
2309 4903 2464 4974 prius
2521 4915 2844 4961 enumerata
2884 4915 3035 4969 sunt,
3072 4902 3340 4974 quidquid
3374 4902 3557 4958 divina
3589 4910 3675 4955 at-

475 4996 580 5050 que
612 4984 941 5056 incorporea
1004 5004 1103 5044 sua
1136 4993 1188 5043 vi
1224 4992 1486 5062 attigerit,
1532 4992 1719 5047 vivere
1760 4993 1813 5047 id
1876 4994 2183 5065 degereque
2221 5013 2347 5054 cum
2391 4999 2598 5056 lumine
2651 5001 2928 5067 rationali,
2979 5014 3205 5054 necesse
3241 5006 3347 5053 est.
3389 4996 3503 5052 [lac
3537 5012 3670 5052 sane

474 5079 593 5148 ipsa
622 5082 861 5147 ratione,
913 5084 1280 5155 quodcunque
1326 5088 1492 5143 etiam
1536 5102 1739 5157 corpus
1780 5089 2043 5159 attigerit,
2085 5094 2487 5149 sanctiﬁcatum
2535 5097 2788 5166 protinus
2837 5095 2893 5151 id
2930 5097 3410 5164 illuminatumque
3456 5099 3562 5155 est.
3602 5092 3672 5145 ab

472 5173 770 5245 eodemque
827 5177 1094 5247 aegritudo
1148 5180 1326 5233 omnis
1377 5181 1667 5250 omnisque
1727 5180 2051 5245 inﬁrmitas,
2089 5184 2303 5255 aliaque
2323 5186 2569 5256 ejusdem
2611 5189 2827 5259 generis
2857 5189 3115 5242 universa
3150 5185 3452 5257 refugiunt.
3484 5183 3668 5237 Priva-

475 5266 550 5321 tio
575 5277 754 5325 autem
788 5271 938 5328 illius
964 5273 1362 5343 plenitudinem
1397 5274 1742 5345 adipiscitur.
1783 5273 1874 5331 Sic
1907 5292 2040 5332 sane
2079 5279 2246 5334 etiam
2292 5291 2571 5337 mortuum
2615 5283 2748 5337 illud
2781 5282 2948 5339 Verbi
2987 5299 3213 5355 corpus,
3261 5283 3354 5336 ubi
3413 5279 3671 5349 exiguum

472 5361 753 5428 quiddam,
781 5365 1037 5421 virtutem
1067 5368 1216 5422 illam
1246 5366 1410 5425 Verbi
1450 5371 1650 5441 attigit,
1687 5378 1804 5425 tum
1866 5372 2167 5427 excitatum
2230 5384 2315 5430 est
2364 5379 2511 5433 illico
2544 5393 2608 5433 ac
2645 5379 2862 5447 revixit,
2893 5388 2947 5435 et
2982 5395 3132 5435 mors
3164 5380 3334 5433 vitam
3363 5375 3569 5444 ellugit,
3608 5378 3666 5427 et

474 5450 595 5519 ipso
623 5456 831 5515 lumine
867 5461 1186 5520 obscuritas
1215 5463 1482 5520 dissoluta
1513 5475 1632 5535 est;
1694 5474 1748 5523 et
1797 5466 1945 5537 quod
1987 5472 2344 5541 corruptibile
2385 5483 2524 5542 erat,
2566 5476 2745 5531 induit
2783 5476 3287 5547 incorruptionem;
3337 5469 3485 5542 quod
3526 5482 3665 5523 mor-

474 5548 602 5616 tale,
637 5550 1120 5614 immortalitatem.
