4126 6428
552 354 649 408 ’291

1222 354 1489 411 EUSEBII
1529 353 2016 411 CJESARIENSIS
2054 354 2207 412 OPP.
2240 353 2441 409 PARS.
2485 352 2525 410 1.
2567 386 2636 395 —-
2675 350 3172 409 APOLOGETICA.

3706 356 3812 413 292

553 468 892 537 liancipsam
934 483 1154 521 causam
1201 469 1363 521 etiam
1397 478 1736 537 unguentum
1795 469 2119 526 odoratissi-

2222 469 2373 541 ρεῦσι
2406 468 2796 541 παραδοθῆναι,
2828 467 2964 521 ἀλλά
3004 469 3098 521 καὶ
3129 468 3242 532 τοῖς
3276 468 3415 538 μετὰ
3456 468 3629 522 ταῦτα
3675 487 3799 542 προ-

551 559 809 622 mum,ad
839 560 1099 627 unguenti
1138 574 1294 612 usum
1331 559 1689 628 unguentaria
1729 566 1847 612 arte
1872 556 2124 627 componi

554 653 796 714 solitum,
833 659 890 703 ut
918 666 984 704 eo
1022 661 1356 719 ungerentur
1387 655 1480 721 qui
1526 652 1913 705 communibus
1960 651 2126 705 rebus

554 744 769 811 publice
801 742 1127 810 prmiiciendi
1156 744 1423 799 fuissent:
1467 754 1521 798 et
1548 745 1755 799 Christi
1787 760 1984 799 nomen
2018 745 2128 813 pri-

526 856 527 861 η
554 849 699 885 mum
727 831 964 902 Moysem
994 834 1059 888 iis
1080 835 1173 905 qui
1191 836 1263 890 ita
1290 844 1642 907 ungerentur,
1667 837 1993 907 imposuisse
2026 856 2038 891 :
2073 836 2126 889 id

552 932 732 977 autem
784 928 1057 979 unctionis
1107 943 1325 996 genus,
1378 943 1485 983 non
1547 930 1722 984 solum
1776 929 2126 998 pontificibus

552 1013 721 1069 fuisse
755 1017 1035 1085 traditum,
1085 1020 1181 1073 sed
1232 1027 1287 1073 et
1334 1022 1615 1090 prophetis
1668 1033 1722 1075 et
1771 1020 1988 1090 regibus
2031 1021 2125 1090 qui

550 1120 736 1177 p03!ea
781 1109 1001 1174 fuerint,
1037 1114 1241 1181 quibus
1294 1115 1459 1167 etiam
1497 1115 1632 1184 ipsis
1683 1116 1817 1169 solis
1868 1116 1972 1169 hoc
2024 1131 2128 1168 un-

550 1207 750 1269 guento
779 1202 910 1271 ungi
965 1202 1047 1257 fas
1093 1214 1256 1259 esset.
1310 1205 1434 1260 llzec
1483 1208 1647 1277 igitur
1705 1208 1853 1262 dictu
1907 1207 2125 1277 quidem

553 1292 797 1345 faciliora
841 1293 1093 1357 fuissent,
1130 1297 1289 1368 longe
1318 1306 1500 1353 tamen
1542 1308 1749 1354 remota
1784 1315 1813 1352 a
1849 1300 2033 1353 divina
2073 1306 2128 1351 et

553 1384 773 1437 sublimi
815 1387 1090 1455 propheta
1121 1389 1294 1459 ipsius
1325 1391 1701 1459 intelligentia.
1737 1390 2014 1461 Siquidem
2041 1390 2131 1443 ad-

552 1475 818 1531 mirabilis
852 1477 961 1540 ille,
992 1488 1154 1547 atque
1191 1480 1382 1549 ingens
1421 1496 1609 1535 revera
1644 1495 1923 1536 sacrorum
1952 1484 2126 1537 admi-

553 1565 838 1629 nistrator,
872 1568 963 1636 qui
986 1584 1200 1623 omnem
1244 1581 1510 1624 terrenam
1543 1580 1598 1625 et
1627 1587 1945 1641 corpoream
1970 1584 2127 1628 natu-

552 1671 692 1717 ram,
729 1658 782 1710 in
818 1659 950 1713 solis
989 1668 1215 1714 noverat
1243 1663 1600 1731 qualitatibus
1622 1665 1940 1727 discretam,
1974 1667 2126 1721 nullo

553 1747 717 1800 modo
749 1750 909 1802 aliam
939 1751 1046 1804 alia
1078 1752 1286 1807 honore
1313 1763 1407 1806 aut
1436 1755 1609 1824 pretio
1640 1753 1944 1824 digniorem
1977 1756 2124 1825 judi-

2227 563 2421 631 φήταις
2447 561 2543 614 καὶ
2574 560 2904 630 βασιλεῦσιν,
2926 555 3006 624 οἷς
3036 562 3129 614 καὶ
3150 562 3335 624 αὐτοῖς
3357 560 3531 632 τούτῳ
3560 561 3806 634 χρίεσθαι

2229 652 2409 722 μόνοις
2452 652 2570 716 ἐξόν
2598 647 2667 722 ἦν
2716 650 2793 721 τῷ
2821 653 2994 723 μύρῳ.
3029 651 3214 705 Ταῦτα
3248 654 3345 722 μὲν
3374 649 3469 707 οὖν
3517 655 3805 727 προχειρό-

2224 761 2358 814 τερα
2398 744 2462 799 ἂν
2508 745 2614 815 εἴη,
2651 743 2838 814 πόρρω
2875 760 2939 811 γε
2977 742 3081 813 μὴν
3116 742 3431 796 καθεστῶτα
3481 745 3582 815 τῆς
3624 744 3805 798 ἐνθέου

2227 839 2320 890 καὶ
2352 836 2723 907 μεγαλοφυοῦς
2751 834 2842 887 τοῦ
2875 838 3156 906 προφήτου
3198 835 3452 900 διανοίας.
3498 839 3554 890 ’0
3588 838 3695 908 γάρ
3723 855 3803 891 τοι

2227 929 2527 999 θαυμάσιος
2555 931 2779 992 ἐκεῖνος,
2810 928 2903 980 καὶ¹
2932 927 3104 997 μέγας
3125 927 3200 991 ὡς
3223 928 3436 998 ἀληθῶς
3462 930 3802 1000 ἱεροφάντης,

2228 1022 2407 1074 πᾶσαν
2430 1019 2606 1089 γεώδη
2643 1019 2737 1070 καὶ
2762 1018 3080 1087 σωματικὴν
3113 1017 3297 1070 οὐσίαν
3333 1020 3390 1072 ἐν
3427 1018 3617 1088 μόναις
3651 1019 3807 1084 εἰδὼς

2226 1116 2345 1176 ταῖς
2369 1111 2613 1181 ποιότησι
2642 1109 3080 1178 διακεκριμένην,
3117 1111 3235 1161 κατ’
3259 1108 3447 1161 οὐδένα
3472 1109 3671 1178 τρόπον
3697 1109 3807 1162 ὲτέο

2229 1221 2327 1275 ραν
2378 1205 2476 1273 τῆς
2522 1204 2714 1273 ἐτέρας
2762 1201 3133 1272 προύτίμησεν
3184 1201 3270 1264 ἂν,
3322 1202 3392 1254 τά
3436 1202 3595 1254 πάντ’
3647 1202 3801 1266 εἰδὼς

2229 1297 2358 1366 μιᾶς
2392 1295 2521 1347 ὅντα
2548 1294 2744 1361 ἔγγονα
2779 1292 2908 1361 ὕλης
2933 1289 2992 1343 οὗ
3022 1308 3151 1343 ποτε
3184 1290 3446 1362 ἑστώσης,
3480 1292 3601 1344 οὐδέ
3632 1310 3685 1345 τι
3715 1292 3803 1363 βέ-

2227 1388 2377 1442 ϐαιον
2404 1389 2459 1439 ἐν
2501 1390 2567 1456 τῇ
2611 1386 2768 1454 φύσει
2802 1385 3051 1454 ἐχούσης,
3095 1384 3182 1435 ἀεὶ
3214 1382 3268 1434 δὲ
3306 1382 3557 1452 ῥεούσης,
3587 1386 3678 1436 καὶ
3711 1383 3803 1435 ἐπὶ

2226 1479 2325 1548 τὴν
2350 1477 2556 1530 οἰκείαν
2586 1476 2792 1547 φθοράν
2815 1474 3201 1545 ἐπειγομένης.
3230 1473 3440 1528 Οὔκουν
3482 1476 3543 1527 τὸ
3567 1474 3663 1545 ἡδὺ
3696 1474 3804 1529 τῶν

2228 1571 2493 1642 σωμάτων
2527 1570 2719 1633 εἵλετο,
2763 1569 2868 1622 οὐδ’
2910 1568 3040 1621 αὐτὸ
3077 1568 3196 1620 καθ’
3223 1568 3355 1620 αὐτὸ
3385 1567 3711 1640 προύκρινεν
3737 1566 3803 1622 ἂν

2226 1665 2287 1716 τὸ
2309 1664 2417 1716 ἀπὸ
2440 1663 2548 1717 τῶν
2572 1662 2878 1732 αἰσθήσεων
2912 1660 3182 1732 προσηνές
3202 1677 3215 1690 ⁸
3247 1663 3422 1731 χαμαὶ
3450 1662 3559 1733 γὰρ
3591 1663 3683 1715 καὶ
3712 1662 3803 1716 ἐπὶ

2228 1757 2493 1826 σωμάτων
2524 1755 2715 1826 ἡδονὴν
2750 1753 3018 1825 πεσούσης
3048 1753 3189 1807 τοῦτ’
3216 1754 3283 1808 ἂν
3308 1756 3393 1825 εἴη
3419 1756 3479 1808 τὸ
3510 1755 3679 1819 πάθος
3698 1744 3803 1825 ξαν-

554 1839 722 1907 cavit,
761 1850 945 1909 utpote
977 1858 1099 1896 cum
1130 1847 1312 1898 omnia
1342 1855 1528 1901 nosset
1552 1863 1619 1901 ex
1648 1847 1836 1902 eadem
1868 1855 1987 1902 orta
2008 1865 2120 1902 ma-

2229 1849 2347 1918 χῆς.
2384 1848 2581 1918 Μυρίοι
2616 1847 2745 1915 γοῦν
2777 1847 2884 1899 τῶν
2914 1846 2983 1899 τά
3021 1846 3247 1917 σώματα
3278 1847 3677 1918 τεθηλυμένων,
3704 1851 3802 1920 ἐμ-

554 1929 715 1992 teria,
769 1947 888 1999 quae
926 1948 1105 2002 neque
1158 1951 1398 2004 unquam
1464 1938 1647 2001 sistit,
1696 1954 1872 2007 neque
1930 1939 2126 1993 stabile

551 2022 846 2092 quidquam
891 2026 944 2079 in
988 2036 1184 2081 natura
1218 2030 1399 2092 habet,
1437 2046 1654 2100 semper
1685 2039 1865 2086 autem
1907 2030 2047 2096 ﬂuit,
2074 2042 2127 2088 et

551 2114 619 2166 ad
681 2117 955 2184 propriam
1006 2120 1408 2189 corruptionem
1463 2120 1706 2176 festinat.
1770 2121 1887 2178 Non
1963 2123 2127 2193 igitur

550 2206 695 2275 quod
720 2223 886 2262 suave
912 2219 1057 2265 esset
1086 2212 1140 2264 in
1171 2213 1494 2282 corporibus
1521 2215 1705 2284 elegit,
1741 2229 1916 2284 neque
1946 2216 2124 2284 ipsum

550 2311 650 2365 per
676 2312 734 2352 se
762 2299 905 2368 quod
943 2315 1138 2357 sensus
1173 2302 1319 2371 ipsos
1348 2304 1702 2368 demulceret,
1731 2306 1998 2376 praetulit;
2024 2306 2125 2360 hoc

550 2403 785 2459 namque
815 2391 1009 2446 animae
1031 2393 1223 2447 vitium
1252 2394 1447 2451 fuisset
1474 2412 1595 2465 quae
1633 2398 1687 2451 in
1718 2398 1944 2452 humum
1978 2404 2031 2452 et
2056 2398 2125 2452 ad

548 2495 843 2551 corporum
878 2485 1212 2554 voluptatem
1256 2487 1579 2544 declinaret.
1615 2489 1825 2545 Etenim
1875 2491 2125 2545 innume-

550 2569 755 2626 rabiles
779 2571 1092 2627 effeminata
1134 2589 1365 2645 corpora
1414 2579 1699 2643 habentes,
1723 2588 1777 2633 et
1809 2581 2013 2651 alioqui
2043 2582 2124 2634 vi-

546 2661 641 2715 tiis
670 2661 913 2728 obnoxii,
970 2675 1024 2719 et
1074 2666 1519 2737 intemperantes,
1577 2673 1670 2741 qui
1724 2681 2123 2743 unguentorum

547 2770 779 2824 operosa
820 2756 1082 2811 varietate
1116 2758 1198 2811 uti
1242 2760 1440 2824 solent,
1464 2762 1674 2817 animas
1720 2764 1938 2819 interim
1975 2768 2124 2821 omni

549 2846 794 2901 foeditate
813 2849 1178 2919 omnibusque
1206 2851 1462 2907 sordibus
1493 2854 1634 2909 ma‘le
1660 2856 1872 2910 olentes
1889 2858 2126 2912 circum-

546 2937 768 2992 ferunt:
807 2939 949 2994 sicut
983 2955 1014 2994 e
1041 2942 1319 2995 contrario
1348 2944 1442 3012 qui
1474 2942 1568 2997 Dei
1598 2946 1759 3000 amici
1783 2955 1931 3013 sunt,
1951 2949 2123 3018 ipsam

546 3029 807 3083 virtutem
861 3031 1093 3092 olentes,
1136 3040 1191 3086 et
1226 3034 1397 3089 multo
1438 3038 1875 3105 praestantiorem
1923 3054 1952 3093 a
2002 3057 2125 3095 mo-

545 3120 721 3174 destia
751 3133 916 3190 atque
955 3138 983 3176 a
1005 3123 1221 3193 justitia
1254 3135 1308 3181 et
1341 3127 1409 3180 ab
1429 3128 1577 3182 omni
1606 3130 1807 3198 pietate
1846 3132 2122 3189 balantem

548 3212 923 3282 fragrantiam,
945 3232 1109 3285 quam
1140 3217 1207 3272 de
1239 3227 1398 3273 terra;
1420 3221 1790 3278 odoramentis
1821 3225 2121 3291 trahentes,

545 3304 771 3360 odorem
834 3321 1129 3377 corporum
1190 3326 1311 3380 quae
1359 3314 1591 3367 materia
1641 3323 1917 3381 constant,
1970 3319 2124 3373 nihili

547 3410 774 3463 prorsus
800 3397 1026 3453 faciunt.
1059 3399 1186 3456 Ηαιο
1215 3403 1379 3473 igitur
1412 3419 1538 3459 eum
1565 3408 1785 3477 egregie
1825 3410 2122 3466 admodum

544 3497 801 3558 percepta
830 3498 884 3545 et
912 3493 1125 3562 cognita
1167 3486 1387 3550 haberet
1419 3497 1701 3567 propheta,
1723 3511 2122 3570 unguentorum

543 3587 708 3649 atque
747 3584 1101 3637 incensorum
1156 3586 1361 3640 nullam
1402 3589 1732 3658 praecipuam
1767 3593 1988 3661 gerebat
2025 3608 2124 3648 cu-

542 3688 658 3727 ram
682 3690 695 3727 :
715 3675 1003 3730 meliorum
1035 3692 1164 3732 vero
1194 3693 1257 3732 ac
1284 3679 1593 3735 divinarum
1625 3697 1808 3738 rerum
1831 3684 2118 3756 imagines,

540 3774 805 3836 quantum
836 3777 1049 3839 poterat
1087 3786 1185 3840 per
1213 3786 1445 3843 Corpora
1483 3775 1552 3831 iis
1593 3776 1789 3845 quisic
1830 3778 2117 3845 duntaxat,

540 3875 716 3931 neque
745 3876 975 3931 usquam
1010 3863 1167 3917 aliter
1201 3863 1416 3920 divinas
1470 3883 1560 3922 res
1611 3870 1798 3926 doceri
1847 3878 2116 3941 poterant,

538 3950 849 4006 exhibebat.
879 3950 1014 4006 Nam
1049 3953 1197 4023 quod
1236 3955 1415 4024 ipsum
1462 3957 1568 4013 hoc
1613 3960 1859 4015 divinum
1903 3979 2120 4034 quoque

538 4045 821 4097 oraculum
837 4046 1200 4113 responderit,
1216 4048 1393 4116 palam
1413 4048 1747 4123 descriptum
1767 4054 2017 4121 habetur,
2032 4056 2118 4113 his

538 4134 749 4189 verbis:
779 4152 799 4185 ι
824 4132 959 4189 Vide
983 4142 1042 4186 ut
1062 4133 1234 4190 facias
1252 4138 1436 4192 omnia
1459 4139 1525 4194 ad
1543 4144 1820 4213 exemplar
1846 4148 1990 4215 quod
2019 4148 2116 4203 tibi

539 4232 907 4278 monstratum
931 4234 1016 4280 est
1036 4227 1092 4280 in
1123 4237 1308 4283 monte
1325 4230 1390 4283 ¹⁵.
1416 4249 1435 4282 ι
1478 4231 1648 4300 Igitur
1677 4236 1906 4290 aliarum
1930 4253 2116 4294 rerum

538 4328 662 4367 cum
681 4314 967 4384 perﬁceret
982 4317 1228 4388 liaeequze
1241 4322 1570 4390 exemplaria
1592 4325 1875 4382 nominare
1891 4343 2118 4385 consue-

539 4409 790 4470 vit,illum
806 4412 1065 4480 unguenti
1083 4427 1241 4467 usum
1260 4414 1516 4483 illamque
1528 4417 1839 4473 unctionem
1860 4423 2110 4478 sancivit.

2228 1941 2418 2005 παθεῖς
2464 1941 2635 2004 ἄλλως
2682 1941 2773 1994 καὶ
2822 1940 3130 2003 ἀκόλαστοι,
3178 1939 3365 2011 μύρων
3412 1942 3503 1994 καὶ
3546 1942 3803 1996 ποικίλων

2227 2034 2568 2105 περιεργίαις
2615 2034 2907 2104 χρώμενοι.
2942 2033 3125 2103 πάσης
3153 2035 3379 2103 αἰσχρᾶς
3416 2035 3507 2087 καὶ
3542 2034 3805 2106 ρυπώσης

2225 2125 2484 2189 δυσωδίας
2510 2124 2605 2188 τὰς
2629 2125 2807 2195 ψυχὰς
2834 2124 3179 2194 ἐπιφέρονται
3203 2141 3216 2154 ⁸
3244 2125 3319 2187 ὡς
3345 2126 3577 2194 ἔμπαλιν
3607 2126 3654 2178 oi
3687 2126 3805 2178 Θεο-

2228 2218 2420 2286 φιλεῖς,
2449 2216 2649 2289 ἀρετῆς
2683 2217 3029 2287 ἐμπνέοντες,
3064 2218 3160 2288 τὴν
3195 2216 3325 2269 πολὺ
3368 2216 3649 2287 κρείττονα
3689 2216 3799 2269 τῶν

2227 2308 2336 2362 ἀπὸ
2372 2309 2474 2379 γῆς
2504 2308 2809 2380 ἀρωμάτων
2837 2309 2935 2379 τὴν
2958 2308 3065 2361 ἀπὸ
3090 2307 3454 2378 σωφροσύνης,
3487 2308 3581 2361 καὶ
3601 2308 3799 2360 δικαιο-

2229 2403 2413 2474 σύνης,
2464 2403 2557 2454 καὶ
2602 2402 2783 2471 πάσης
2824 2401 3102 2465 εὐσεόεἱας
3143 2401 3523 2472 ἀναδιδομένην
3572 2401 3799 2455 εὐωδίαν

2226 2495 2573 2564 ἐπαγόμενοι,
2609 2493 2707 2565 τὴν
2736 2492 2844 2545 τῶν
2872 2493 3071 2546 ὑλικῶν
3113 2494 3382 2564 σωμάτων
3416 2491 3582 2562 ὀδμὴν
3618 2493 3675 2544 ὲν
3713 2493 3806 2545 οὐ-

2224 2585 2335 2637 δενὶ
2363 2583 2627 2637 τέθεινται
2660 2582 2821 2654 λόγῳ.
2866 2583 3047 2636 Ταῦτα
3071 2580 3249 2637 οῦνεῦ
3290 2584 3435 2654 μάλα
3462 2566 3752 2651 διειληφὼς
3777 2585 3807 2636 ό

2226 2678 2530 2750 προφήτης,
2579 2676 2763 2748 μύρων
2809 2678 2906 2746 μὲν
2942 2676 2973 2746 ἢ
3014 2677 3107 2729 καὶ
3144 2677 3505 2746 θυμιαμάτων
3547 2676 3807 2744 οὐδεμίαν

2228 2769 2643 2843 προηγουμένην
2677 2771 2909 2821 ἐποιεῖτο
2938 2767 3190 2839 φροντίδα
3218 2785 3231 2797 ·
3263 2768 3585 2840 κρειττόνων
3620 2766 3677 2819 δὲ
3711 2768 3808 2819 καὶ

2227 2862 2388 2916 θείων
2432 2863 2663 2925 εἰκόνας,
2710 2860 2782 2923 ὡς
2811 2860 2936 2929 ἐνῆν
2982 2859 3226 2923 δυνατὸν,
3260 2859 3348 2912 διά
3391 2858 3659 2928 σωμάτων
3689 2860 3805 2920 τοῖς

2231 2955 2406 3028 μόνως
2433 2954 2625 3019 οὕτως,
2662 2955 2757 3008 καὶ
2791 2953 2899 3005 οὐδ’
2933 2951 3109 3017 ἄλλως
3142 2954 3214 3004 τά
3259 2952 3378 3005 θεῖα
3404 2950 3535 3013 οἵοις
3570 2967 3630 3003 τε
3662 2967 3803 3020 μαν-

2228 3049 2407 3104 θάνειν
2436 3046 2741 3119 παρεδίδου.
2769 3046 2892 3099 Ὅτι
2914 3043 2977 3115 δη
2999 3043 3144 3096 τοῦτ’
3171 3043 3303 3097 αὐτὸ
3338 3043 3432 3095 καὶ
3455 3043 3483 3094 ὁ
3509 3040 3649 3102 θεῖος
3681 3040 3807 3093 ἀνα-

2226 3140 2533 3211 γέγραπται
2568 3135 2805 3210 εἰρηκὼς
2838 3136 3083 3207 χρησμὸς
3108 3137 3306 3208 φήσας,
3335 3153 3353 3185 ι
3385 3136 3525 3205 Ὅρα
3570 3133 3804 3204 ποιήσῃς

2228 3233 2405 3287 πάντα
2430 3231 2572 3285 κατά
2595 3231 2686 3285 τὸν
2704 3230 2872 3284 τύπον
2898 3232 2988 3284 τὸν
3013 3229 3296 3301 δειχθέντα
3326 3244 3408 3280 σοι
3440 3230 3497 3280 ὲν
3525 3224 3601 3295 τῷ
3630 3224 3763 3295 όρει.
3779 3242 3798 3275 ι

2224 3326 2472 3397 Σύμϐολα
2501 3324 2788 3395 τοιγαροῦν
2816 3323 3037 3396 ἑτέρων,
3065 3323 3209 3392 ἆπερ
3232 3320 3433 3382 τύπους
3471 3316 3658 3370 εἴωθεν
3683 3318 3803 3369 ὀνο-

2227 3418 2437 3489 μάζειν,
2456 3413 2846 3484 ὲπιτελῶν,τὴν
2861 3413 2947 3466 διὰ
2968 3411 3062 3465 τοῦ
3084 3410 3257 3481 μύρου
3276 3409 3453 3479 χρίσιν
3472 3405 3799 3477 ἐνομοθέτει.

2225 3512 2293 3563 ’Ὀ
2311 3525 2374 3579 γε
2395 3509 2500 3581 μὴν
2520 3506 2720 3579 ὑψηλὸς
2742 3506 2836 3559 καὶ
2852 3508 2909 3559 ὲν
2924 3506 3257 3575 ἀπορρήτοις
3279 3499 3436 3570 δηλού
3446 3516 3604 3570 μενος
3625 3497 3804 3551 αὐτῶν

2220 3599 2397 3670 λόγος,
2428 3600 2502 3663 ὡς
2533 3598 2753 3652 δυνατὸν
2778 3598 2976 3659 εἰπεῖν,
3016 3594 3273 3665 τοιαύτην
3314 3594 3427 3662 εἶχε
3454 3593 3708 3656 διάνοιαν,
3742 3590 3805 3644 τὸ

2225 3695 2383 3765 μόνον
2433 3691 2636 3761 ἀγαθὸν
2680 3691 2774 3744 καὶ
2810 3689 2968 3760 μόνον
3004 3688 3080 3752 ὡς
3109 3685 3323 3758 ἀληθῶς
3374 3684 3571 3747 εὐῶδες
3601 3684 3694 3737 καὶ
3723 3683 3806 3735 τί-

2224 3804 2365 3857 μιον,
2391 3786 2484 3839 καὶ
2514 3786 2696 3855 πάσης
2730 3783 2828 3852 μὲν
2853 3781 2998 3851 ζωῆς
3025 3778 3217 3843 αἴτιον,
3249 3779 3383 3831 πᾶσι
3417 3776 3473 3829 δὲ
3496 3776 3593 3829 σὺν
3621 3774 3699 3845 τῷ
3724 3769 3803 3827 εῖ-

2219 3893 2307 3930 ναι
2348 3873 2523 3928 καὶτὸ
2549 3869 2608 3927 εὖ
2638 3869 2775 3925 εἶναι
2809 3869 3203 3941 δεδωρημένον,
3231 3868 3289 3920 ἒν
3315 3866 3460 3921 τοῦθ’
3494 3868 3523 3919 ό
3553 3867 3681 3937 παρ’
3714 3866 3805 3918 Ἐ-

2219 3958 2428 4038 6ραίοις
2462 3964 2618 4033 λόγος
2643 3963 2911 4033 ἠπίστατο
2949 3961 3163 4033 πρῶτον
3196 3959 3305 4013 τῶν
3336 3958 3471 4011 ὅλων
3489 3958 3681 4014 αἴτιον.
3710 3957 3806 4009 αὐ·-

2217 4060 2307 4114 τδν
2352 4059 2416 4130 δὴ
2459 4059 2550 4111 τὸν
2594 4056 2856 4127 ’Ὕψιστον
2897 4054 2991 4109 καὶ
3031 4051 3379 4124 παμὸασιλέα
3414 4051 3521 4103 τῶν
3550 4050 3805 4102 ἁπάντων

2216 4150 2547 4224 δημιουργὸν
2596 4149 2748 4203 Θεόν.
2797 4146 2998 4199 Τούτου
3057 4144 3121 4215 δὴ
3169 4140 3263 4197 οὖν
3298 4142 3395 4212 τὴν
3429 4138 3675 4208 παναλκῆ
3709 4139 3805 4191 καὶ

2217 4243 2531 4311 πανάγαθον
2586 4241 2682 4294 καὶ
2714 4238 2912 4301 παντὸς
2944 4233 3108 4289 καλοῦ
3134 4232 3366 4304 χορηγὸν
3401 4231 3502 4300 τῆς
3542 4229 3805 4282 ἀνωτάτω

2215 4337 2312 4390 καὶ¹
2357 4335 2648 4404 ἀγεννήτου
2703 4330 2954 4401 θεότητος
3006 4327 3231 4397 δύναμιν
3285 4325 3345 4377 τὸ
3383 4322 3523 4376 θεῖον
3577 4320 3806 4392 Πνεῦμα

2217 4422 2628 4498 προσαγορεύει.
2681 4423 2880 4493 Διόπερ
2924 4418 3156 4491 Χριστὸν
3204 4418 3296 4470 καὶ
3335 4415 3665 4487 ἠλειμμένον
3712 4415 3804 4467 τὸν

541 4504 698 4575 173
729 4502 1025 4559 Sublimior
1074 4512 1261 4560 tamen
1312 4522 1500 4561 earum
1544 4524 1750 4575 rerum,
1803 4520 1856 4567 et
1899 4530 2019 4585 quae
2047 4516 2115 4572 de

2222 4519 2383 4587 αὐτῆς
2441 4516 2665 4587 μέτοχον
2720 4510 3004 4566 ἀποκαλεῖ.
3055 4508 3272 4562 Ἔλαιον
3307 4508 3364 4561 δὲ
3395 4507 3486 4561 τὸν
3525 4502 3706 4560 οἶκτον
3746 4507 3805 4558 ὲν

536 4597 754 4651 arcanis
791 4594 1020 4665 proferri
1053 4598 1193 4654 solet
1216 4601 1377 4664 ratio,
1411 4616 1510 4670 pro
1542 4617 1660 4658 mea
1687 4604 1903 4661 dicendi
1942 4608 2114 4664 facul-
2143 4660 2157 4677 ,

535 4696 666 4753 tate,
691 4688 853 4742 talem
885 4687 1118 4744 habebat
1143 4704 1388 4757 sensum,
1420 4694 1563 4763 quod
1586 4697 1764 4750 solum
1801 4710 1886 4754 est
1909 4700 2111 4757 bonum

534 4782 822 4851 solumque
894 4795 1083 4837 revera
1140 4781 1390 4854 fragrans
1451 4796 1505 4841 et
1562 4789 1894 4859 pretiosum,
1951 4803 2114 4863 atque

531 4874 713 4928 omnis
766 4873 988 4943 quidem
1029 4873 1153 4928 vita:
1185 4875 1513 4945 principium
1553 4887 1608 4932 et
1665 4878 1807 4942 fons,
1856 4885 2112 4939 omnibus

532 4973 712 5021 autem
744 4979 850 5018 una
879 4980 1004 5019 cum
1035 4978 1099 5019 eo
1134 4975 1192 5019 ut
1226 4967 1358 5029 sint,
1388 4968 1551 5021 etiam
1592 4968 1642 5021 id
1673 5009 1688 5032 ,
1718 4980 1777 5024 ut
1810 4973 1949 5028 bene
1975 4977 2105 5038 sint,

532 5055 789 5126 largiens,
822 5072 990 5111 unum
1016 5072 1146 5111 sane
1173 5056 1305 5112 illud
1343 5057 1693 5113 Hebraeorum
1719 5061 1856 5116 ratio
1884 5076 2109 5121 noverat

531 5146 621 5212 qui
648 5145 865 5215 quidem
899 5148 1138 5201 universi
1170 5148 1379 5216 primus
1417 5159 1501 5205 est
1545 5163 1759 5219 auctor,
1792 5158 1969 5226 ipsum
2002 5157 2114 5211 uti-‘

530 5252 638 5305 que
662 5236 989 5293 altissimum
1021 5252 1085 5291 ac
1110 5238 1280 5293 totius
1315 5255 1524 5310 regem,
1546 5247 1902 5320 onmiumque
1925 5265 2107 5304 rerum

531 5329 779 5399 opificem
809 5328 997 5385 Deum.
1054 5328 1231 5400 Hujus
1281 5332 1464 5403 itaque
1521 5352 1792 5407 supremae
1827 5350 1991 5414 atque
2026 5342 2111 5396 in-

533 5423 727 5490 genitae
759 5421 958 5478 divinae
983 5423 1237 5479 essentia
1267 5426 1522 5482 virtutem
1548 5428 1721 5495 illam,
1752 5447 1874 5501 quae
1922 5434 2104 5488 omnia

531 5513 698 5577 valet,
727 5528 888 5569 omne
911 5516 1112 5570 bonum
1138 5525 1378 5585 praestat,
1396 5532 1614 5575 omnem
1646 5522 2109 5591 pulchritudinem

535 5601 932 5670 subministrat,
974 5605 1198 5663 divinus
1251 5606 1512 5680 Spiritus,
1569 5615 1793 5684 proprio
1821 5624 1876 5670 et
1911 5630 2110 5671 conve-

536 5697 705 5752 nienti
733 5701 980 5770 exemplo
1018 5701 1307 5761 conferens
1335 5715 1498 5779 atque
1533 5712 1982 5783 accommodans,
2015 5712 2107 5770 Dei

610 5815 651 5847 ⁸⁸
687 5814 857 5872 Exodi
894 5833 1043 5881 xxvi,
1085 5820 1171 5876 50.
1254 5826 1261 5833 '

2212 4609 2418 4672 τούτοις
2448 4607 2633 4669 ἄκουε,
2662 4604 2796 4676 μηδὲ
2817 4604 2916 4676 τὴν
2942 4604 3034 4656 ἐπὶ
3061 4603 3172 4664 τοῖς
3207 4599 3581 4671 δυσπραγοῦσι
3604 4602 3802 4674 λύπην,

2211 4704 2325 4758 ἀλλ’
2358 4704 2387 4755 ὅ
2421 4701 2631 4771 καρπὸς
2678 4699 2773 4753 τοῦ
2800 4698 2967 4768 φυτοῦ
3003 4696 3320 4769 παρίστησι,
3361 4697 3422 4750 τὸ
3451 4697 3632 4770 πάσης
3668 4700 3802 4770 ἀμι-

2213 4797 2305 4864 γὲς
2335 4796 2507 4866 ὑγρᾶς
2542 4792 2695 4863 ὕλης,
2733 4791 2909 4862 φωτὸς
2941 4789 3252 4860 αὐξητικὸν,
3280 4789 3458 4843 πόνων
3491 4789 3804 4862 θεραπευτι-

2214 4890 2328 4953 κδν,
2360 4888 2621 4959 καμάτων
2648 4883 3074 4946 ἀπαλλακτικδν,
3112 4881 3174 4935 τὸ
3212 4880 3317 4934 τῶν
3353 4883 3802 4955 ὲπαλειψαμένων

2216 4977 2581 5050 φαιδροποιὺν,
2612 4976 2788 5046 φωτὸς
2825 4975 2982 5044 δίκην
3014 4972 3337 5027 ἀποστίλδον
3361 4977 3481 5038 ταῖς
3513 4993 3804 5046 μαρμαρυο

2215 5073 2359 5138 γαῖς,
2403 5067 2598 5138 διαυγῆ
2648 5083 2709 5119 τε
2763 5065 2857 5119 καὶ
2890 5063 3149 5135 λαμπρὰν
3183 5063 3292 5116 τῶν
3330 5064 3478 5133 αὐτῷ
3506 5065 3805 5134 χρωμένων

2216 5160 2510 5216 ἀποτελοῦν
2539 5159 2640 5231 τὴν
2667 5157 2810 5229 ὅφιν,
2845 5159 2874 5211 ὅ
2921 5172 3085 5228 φησιν
3140 5156 3174 5226 ἡ
3212 5154 3332 5209 θεία
3374 5156 3589 5226 Γραφή·
3635 5173 3654 5204 ι
3695 5154 3803 5207 Τοῦ

2218 5251 2461 5323 ἰλαρῦναι
2494 5250 2786 5323 πρόσωπον
2832 5250 2890 5301 ὲν
2937 5245 3120 5317 ἐλαίῳ.
3167 5265 3184 5297 ι
3228 5245 3415 5316 Τούτῳ
3455 5244 3743 5315 τοιγαροῦν
3775 5246 3804 5297 ὁ

2217 5344 2392 5413 λόγος,
2423 5344 2523 5414 τὴν
2552 5342 2814 5396 ἀνωτάτω
2851 5340 2946 5394 τοῦ
2979 5339 3357 5411 πανηγεμόνος
3402 5341 3497 5392 καὶ
3526 5338 3805 5408 παμϐασι-

2213 5436 2348 5499 λὲως
2383 5434 2517 5490 Θεοῦ
2560 5434 2787 5506 δύναμιν
2828 5431 3121 5504 συμὸαλὼν
3140 5429 3218 5501 τῷ
3248 5428 3667 5502 παραδείγματι,
3709 5427 3804 5482 τὸν

2214 5526 2431 5598 πρῶτον
2460 5526 2553 5579 καὶ
2584 5526 2742 5596 μόνον
2764 5525 2871 5595 ὅλῳ
2894 5525 3068 5594 τούτῳ
3099 5522 3411 5594 χρισθέντα,
3438 5522 3531 5575 καὶ
3562 5521 3660 5593 τῆς
3694 5519 3805 5573 θεῖ-

2213 5621 2314 5691 κῆς
2353 5621 2447 5674 καὶ
2477 5621 2641 5672 πᾶσιν
2660 5619 3026 5687 ἁκοινωνήτου
3061 5614 3339 5685 πατρικῆς
3367 5614 3591 5679 εὐωδίας
3621 5630 3804 5686 μετει-

2213 5711 2443 5785 ληφότα,
2475 5711 2568 5769 καὶ
2601 5711 2762 5784 μόνον
2792 5709 2852 5774 ἐξ
2882 5708 3046 5763 αὐτοῦ
3085 5706 3414 5778 γεννηθέντα
3443 5706 3577 5761 Θεὸν
3608 5707 3803 5776 Λόγον,
