  <div class='ocr_page' id='page_1' title='image "/cluster/home/n/w/nwhite01/storage/ocr_20150623/22:no.4/coo.31924054873025/160.png"; bbox 0 0 4126 6424; ppageno 0'>
   <div class='ocr_carea' id='block_1_1' title="bbox 366 360 472 414">
    <p class='ocr_par' dir='ltr' id='par_1_1' title="bbox 366 360 472 414">
     <span class='ocr_line' id='line_1_1' title="bbox 366 360 472 414; baseline -0.038 0"><span class='ocrx_word' id='word_1_1' title='bbox 366 360 472 414; x_wconf 70' lang='lat'><strong>295</strong></span> 
     </span>
    </p>
   </div>
   <div class='ocr_carea' id='block_1_2' title="bbox 1288 349 2731 412">
    <p class='ocr_par' dir='ltr' id='par_1_2' title="bbox 1288 349 2731 412">
     <span class='ocr_line' id='line_1_2' title="bbox 1288 349 2731 412; baseline -0.002 -2"><span class='ocrx_word' id='word_1_2' title='bbox 1288 355 1949 412; x_wconf 75' lang='lat' dir='ltr'><strong>DEMONSTRATIONIS</strong></span> <span class='ocrx_word' id='word_1_3' title='bbox 1990 349 2452 409; x_wconf 69' lang='lat' dir='ltr'><strong>EVANGELICAS</strong></span> <span class='ocrx_word' id='word_1_4' title='bbox 2495 353 2603 408; x_wconf 83' lang='lat' dir='ltr'><strong>LIB</strong></span> <span class='ocrx_word' id='word_1_5' title='bbox 2643 352 2731 408; x_wconf 84' lang='lat' dir='ltr'><strong>IV.</strong></span> 
     </span>
    </p>
   </div>
   <div class='ocr_carea' id='block_1_3' title="bbox 3514 355 3624 411">
    <p class='ocr_par' dir='ltr' id='par_1_3' title="bbox 3514 355 3624 411">
     <span class='ocr_line' id='line_1_3' title="bbox 3514 355 3624 411; baseline 0.018 -2"><span class='ocrx_word' id='word_1_6' title='bbox 3514 355 3624 411; x_wconf 69' lang='grc'><strong>294</strong></span> 
     </span>
    </p>
   </div>
   <div class='ocr_carea' id='block_1_4' title="bbox 370 466 1941 544">
    <p class='ocr_par' dir='ltr' id='par_1_4' title="bbox 370 468 1941 544">
     <span class='ocr_line' id='line_1_4' title="bbox 370 468 1941 544; baseline -0.003 -19"><span class='ocrx_word' id='word_1_7' title='bbox 370 473 572 544; x_wconf 79' lang='grc' dir='ltr'><strong>μετοχῇ</strong></span> <span class='ocrx_word' id='word_1_8' title='bbox 617 487 678 525; x_wconf 86' lang='grc' dir='ltr'><strong>τε</strong></span> <span class='ocrx_word' id='word_1_9' title='bbox 718 469 811 523; x_wconf 75' lang='grc' dir='ltr'>τοῦ</span> <span class='ocrx_word' id='word_1_10' title='bbox 849 469 1208 540; x_wconf 75' lang='grc' dir='ltr'>γεννήσαντος</span> <span class='ocrx_word' id='word_1_11' title='bbox 1256 470 1553 540; x_wconf 83' lang='grc' dir='ltr'>ἀγεννήτου</span> <span class='ocrx_word' id='word_1_12' title='bbox 1593 471 1686 524; x_wconf 81' lang='grc' dir='ltr'><strong>καὶ</strong></span> <span class='ocrx_word' id='word_1_13' title='bbox 1726 468 1941 541; x_wconf 82' lang='grc' dir='ltr'>πρώτου</span> 
     </span>
    </p>
   </div>
   <div class='ocr_carea' id='block_1_5' title="bbox 2045 466 3620 544">
    <p class='ocr_par' dir='ltr' id='par_1_5' title="bbox 2045 466 3620 537">
     <span class='ocr_line' id='line_1_5' title="bbox 2045 466 3620 537; baseline 0 -16"><span class='ocrx_word' id='word_1_14' title='bbox 2045 466 2224 521; x_wconf 88' lang='lat' dir='ltr'><strong>oleum</strong></span> <span class='ocrx_word' id='word_1_15' title='bbox 2254 467 2508 537; x_wconf 77' lang='lat' dir='ltr'><strong>appellat.</strong></span> <span class='ocrx_word' id='word_1_16' title='bbox 2541 468 2721 536; x_wconf 82' lang='lat' dir='ltr'><strong>Quare</strong></span> <span class='ocrx_word' id='word_1_17' title='bbox 2751 476 2805 523; x_wconf 87' lang='lat' dir='ltr'><strong>et</strong></span> <span class='ocrx_word' id='word_1_18' title='bbox 2835 467 3112 523; x_wconf 84' lang='lat' dir='ltr'><strong>Christum</strong></span> <span class='ocrx_word' id='word_1_19' title='bbox 3138 478 3191 523; x_wconf 89' lang='lat' dir='ltr'><strong>et</strong></span> <span class='ocrx_word' id='word_1_20' title='bbox 3219 476 3440 523; x_wconf 88' lang='lat' dir='ltr'><strong>unctum</strong></span> <span class='ocrx_word' id='word_1_21' title='bbox 3472 484 3620 533; x_wconf 87' lang='lat' dir='ltr'><strong>eum,</strong></span> 
     </span>
    </p>
   </div>
   <div class='ocr_carea' id='block_1_6' title="bbox 367 561 1945 635">
    <p class='ocr_par' dir='ltr' id='par_1_6' title="bbox 367 561 1945 635">
     <span class='ocr_line' id='line_1_6' title="bbox 367 561 1945 635; baseline -0.003 -16"><span class='ocrx_word' id='word_1_22' title='bbox 367 565 462 620; x_wconf 70' lang='grc' dir='ltr'><strong>καὶ</strong></span> <span class='ocrx_word' id='word_1_23' title='bbox 491 564 736 635; x_wconf 74' lang='grc' dir='ltr'><strong>μείζονος</strong></span> <span class='ocrx_word' id='word_1_24' title='bbox 769 562 899 615; x_wconf 81' lang='grc' dir='ltr'>Θεὸν</span> <span class='ocrx_word' id='word_1_25' title='bbox 928 564 991 614; x_wconf 91' lang='grc' dir='ltr'><strong>ἐκ</strong></span> <span class='ocrx_word' id='word_1_26' title='bbox 1018 561 1151 613; x_wconf 77' lang='grc' dir='ltr'>Θεοῦ</span> <span class='ocrx_word' id='word_1_27' title='bbox 1178 562 1575 628; x_wconf 82' lang='grc' dir='ltr'>ἀποφανθέντα,</span> <span class='ocrx_word' id='word_1_28' title='bbox 1600 562 1831 633; x_wconf 81' lang='grc' dir='ltr'>Χριστὸν</span> <span class='ocrx_word' id='word_1_29' title='bbox 1851 562 1945 614; x_wconf 61' lang='grc' dir='ltr'><strong>καὶ¹</strong></span> 
     </span>
    </p>
   </div>
   <div class='ocr_carea' id='block_1_7' title="bbox 365 653 1944 728">
    <p class='ocr_par' dir='ltr' id='par_1_7' title="bbox 365 653 1944 728">
     <span class='ocr_line' id='line_1_7' title="bbox 365 653 1944 728; baseline -0.001 -21"><span class='ocrx_word' id='word_1_30' title='bbox 365 655 696 728; x_wconf 65' lang='grc' dir='ltr'>ἠλειμμένον</span> <span class='ocrx_word' id='word_1_31' title='bbox 727 653 1050 707; x_wconf 82' lang='grc' dir='ltr'>ἀπεκάλεσε.</span> <span class='ocrx_word' id='word_1_32' title='bbox 1086 653 1176 705; x_wconf 77' lang='grc' dir='ltr'><strong>Διὸ</strong></span> <span class='ocrx_word' id='word_1_33' title='bbox 1199 654 1293 706; x_wconf 74' lang='grc' dir='ltr'><strong>καὶ</strong></span> <span class='ocrx_word' id='word_1_34' title='bbox 1321 655 1377 705; x_wconf 84' lang='grc' dir='ltr'><strong>ἐν</strong></span> <span class='ocrx_word' id='word_1_35' title='bbox 1400 653 1650 724; x_wconf 85' lang='grc' dir='ltr'><strong>Ψαλμοῖς</strong></span> <span class='ocrx_word' id='word_1_36' title='bbox 1677 655 1811 724; x_wconf 84' lang='grc' dir='ltr'>πρὸς</span> <span class='ocrx_word' id='word_1_37' title='bbox 1843 654 1944 706; x_wconf 88' lang='grc' dir='ltr'>αύ-</span> 
     </span>
    </p>
   </div>
   <div class='ocr_carea' id='block_1_8' title="bbox 366 745 1942 818">
    <p class='ocr_par' dir='ltr' id='par_1_8' title="bbox 366 745 1942 818">
     <span class='ocr_line' id='line_1_8' title="bbox 366 745 1942 818; baseline -0.002 -16"><span class='ocrx_word' id='word_1_38' title='bbox 366 750 458 802; x_wconf 86' lang='grc' dir='ltr'><strong>τὸν</strong></span> <span class='ocrx_word' id='word_1_39' title='bbox 489 747 552 818; x_wconf 80' lang='grc' dir='ltr'>δὴ</span> <span class='ocrx_word' id='word_1_40' title='bbox 587 746 771 799; x_wconf 83' lang='grc' dir='ltr'>τοῦτον</span> <span class='ocrx_word' id='word_1_41' title='bbox 813 745 905 800; x_wconf 84' lang='grc' dir='ltr'><strong>τὸν</strong></span> <span class='ocrx_word' id='word_1_42' title='bbox 939 746 1044 798; x_wconf 80' lang='grc' dir='ltr'><strong>ὑπὸ</strong></span> <span class='ocrx_word' id='word_1_43' title='bbox 1067 745 1161 798; x_wconf 81' lang='grc' dir='ltr'>τοῦ</span> <span class='ocrx_word' id='word_1_44' title='bbox 1191 745 1402 817; x_wconf 67' lang='grc' dir='ltr'>[ἰατρὸς</span> <span class='ocrx_word' id='word_1_45' title='bbox 1444 746 1766 817; x_wconf 82' lang='grc' dir='ltr'>ὴλειμμένον</span> <span class='ocrx_word' id='word_1_46' title='bbox 1809 749 1942 800; x_wconf 88' lang='grc' dir='ltr'>ἀνα-</span> 
     </span>
    </p>
   </div>
   <div class='ocr_carea' id='block_1_9' title="bbox 370 829 1945 909">
    <p class='ocr_par' dir='ltr' id='par_1_9' title="bbox 370 829 1945 909">
     <span class='ocr_line' id='line_1_9' title="bbox 370 829 1945 909; baseline -0.001 -18"><span class='ocrx_word' id='word_1_47' title='bbox 370 841 536 906; x_wconf 88' lang='grc' dir='ltr'>φωνεῖ</span> <span class='ocrx_word' id='word_1_48' title='bbox 592 837 652 889; x_wconf 78' lang='grc' dir='ltr'><strong>τὸ</strong></span> <span class='ocrx_word' id='word_1_49' title='bbox 699 837 904 906; x_wconf 82' lang='grc' dir='ltr'>φάσκον</span> <span class='ocrx_word' id='word_1_50' title='bbox 948 829 1049 889; x_wconf 84' lang='grc' dir='ltr'>ὦδε</span> <span class='ocrx_word' id='word_1_51' title='bbox 1088 835 1263 905; x_wconf 87' lang='grc' dir='ltr'>λόγιον</span> <span class='ocrx_word' id='word_1_52' title='bbox 1285 854 1296 866; x_wconf 93' lang='grc'><strong>·</strong></span> <span class='ocrx_word' id='word_1_53' title='bbox 1353 856 1371 888; x_wconf 86' lang='grc'><strong><em>‹</em></strong></span> <span class='ocrx_word' id='word_1_54' title='bbox 1422 838 1478 890; x_wconf 89' lang='lat'>&#39;0</span> <span class='ocrx_word' id='word_1_55' title='bbox 1520 837 1706 909; x_wconf 83' lang='grc' dir='ltr'>θρόνος</span> <span class='ocrx_word' id='word_1_56' title='bbox 1751 855 1864 901; x_wconf 90' lang='grc' dir='ltr'>σου,</span> <span class='ocrx_word' id='word_1_57' title='bbox 1916 839 1945 889; x_wconf 88' lang='grc' dir='ltr'>ὁ</span> 
     </span>
    </p>
   </div>
   <div class='ocr_carea' id='block_1_10' title="bbox 370 929 1940 1001">
    <p class='ocr_par' dir='ltr' id='par_1_10' title="bbox 370 929 1940 1001">
     <span class='ocr_line' id='line_1_10' title="bbox 370 929 1940 1001; baseline -0.001 -16"><span class='ocrx_word' id='word_1_58' title='bbox 370 934 523 995; x_wconf 73' lang='grc' dir='ltr'>Θεὸς,</span> <span class='ocrx_word' id='word_1_59' title='bbox 550 934 629 996; x_wconf 89' lang='grc' dir='ltr'>εἰς</span> <span class='ocrx_word' id='word_1_60' title='bbox 660 931 749 984; x_wconf 82' lang='grc' dir='ltr'><strong>τὸν</strong></span> <span class='ocrx_word' id='word_1_61' title='bbox 783 931 953 985; x_wconf 86' lang='grc' dir='ltr'>αίῶνα</span> <span class='ocrx_word' id='word_1_62' title='bbox 985 930 1078 985; x_wconf 73' lang='grc' dir='ltr'>τοῦ</span> <span class='ocrx_word' id='word_1_63' title='bbox 1105 930 1322 993; x_wconf 86' lang='grc' dir='ltr'>αἰῶνος·</span> <span class='ocrx_word' id='word_1_64' title='bbox 1356 929 1548 1001; x_wconf 85' lang='grc' dir='ltr'>ῥάϐδος</span> <span class='ocrx_word' id='word_1_65' title='bbox 1584 930 1874 1001; x_wconf 71' lang='grc' dir='ltr'>εὐθύτητος</span> <span class='ocrx_word' id='word_1_66' title='bbox 1907 934 1940 1001; x_wconf 84' lang='grc' dir='ltr'><strong>ἡ</strong></span> 
     </span>
    </p>
   </div>
   <div class='ocr_carea' id='block_1_11' title="bbox 377 1022 1940 1096">
    <p class='ocr_par' dir='ltr' id='par_1_11' title="bbox 377 1022 1940 1096">
     <span class='ocr_line' id='line_1_11' title="bbox 377 1022 1940 1096; baseline -0.001 -20"><span class='ocrx_word' id='word_1_67' title='bbox 377 1024 567 1096; x_wconf 81' lang='grc' dir='ltr'>ῥάϐδος</span> <span class='ocrx_word' id='word_1_68' title='bbox 607 1023 702 1093; x_wconf 78' lang='grc' dir='ltr'>τῆς</span> <span class='ocrx_word' id='word_1_69' title='bbox 739 1022 1013 1093; x_wconf 82' lang='grc' dir='ltr'>βασιλείας</span> <span class='ocrx_word' id='word_1_70' title='bbox 1044 1038 1160 1073; x_wconf 85' lang='grc' dir='ltr'>σου.</span> <span class='ocrx_word' id='word_1_71' title='bbox 1209 1022 1528 1093; x_wconf 83' lang='grc' dir='ltr'>Ἠγάπησας</span> <span class='ocrx_word' id='word_1_72' title='bbox 1575 1022 1940 1092; x_wconf 88' lang='grc' dir='ltr'>δικαιοσύνην,</span> 
     </span>
    </p>
   </div>
   <div class='ocr_carea' id='block_1_12' title="bbox 377 1112 1945 1185">
    <p class='ocr_par' dir='ltr' id='par_1_12' title="bbox 377 1112 1945 1185">
     <span class='ocr_line' id='line_1_12' title="bbox 377 1112 1945 1185; baseline -0.002 -15"><span class='ocrx_word' id='word_1_73' title='bbox 377 1118 467 1170; x_wconf 74' lang='grc' dir='ltr'><strong>καὶ</strong></span> <span class='ocrx_word' id='word_1_74' title='bbox 512 1115 779 1185; x_wconf 75' lang='grc' dir='ltr'><strong>ἐμίσησας</strong></span> <span class='ocrx_word' id='word_1_75' title='bbox 818 1112 1061 1167; x_wconf 78' lang='grc' dir='ltr'>ἀδικίαν·</span> <span class='ocrx_word' id='word_1_76' title='bbox 1114 1112 1201 1165; x_wconf 82' lang='grc' dir='ltr'>διὰ</span> <span class='ocrx_word' id='word_1_77' title='bbox 1239 1112 1393 1165; x_wconf 81' lang='grc' dir='ltr'>τοῦτο</span> <span class='ocrx_word' id='word_1_78' title='bbox 1438 1112 1620 1185; x_wconf 81' lang='grc' dir='ltr'>ἐχρισέ</span> <span class='ocrx_word' id='word_1_79' title='bbox 1652 1130 1710 1167; x_wconf 85' lang='grc' dir='ltr'><strong>σε</strong></span> <span class='ocrx_word' id='word_1_80' title='bbox 1754 1114 1887 1177; x_wconf 82' lang='grc' dir='ltr'>Θεὸς</span> <span class='ocrx_word' id='word_1_81' title='bbox 1915 1115 1945 1168; x_wconf 80' lang='grc' dir='ltr'>ὁ</span> 
     </span>
    </p>
   </div>
   <div class='ocr_carea' id='block_1_13' title="bbox 375 1205 1941 1278">
    <p class='ocr_par' dir='ltr' id='par_1_13' title="bbox 375 1205 1941 1278">
     <span class='ocr_line' id='line_1_13' title="bbox 375 1205 1941 1278; baseline -0.003 -16"><span class='ocrx_word' id='word_1_82' title='bbox 375 1209 502 1272; x_wconf 75' lang='grc' dir='ltr'>θεὸς</span> <span class='ocrx_word' id='word_1_83' title='bbox 559 1225 653 1261; x_wconf 88' lang='grc' dir='ltr'><strong>σου</strong></span> <span class='ocrx_word' id='word_1_84' title='bbox 702 1207 879 1260; x_wconf 75' lang='grc' dir='ltr'>ἔλαιον</span> <span class='ocrx_word' id='word_1_85' title='bbox 921 1205 1292 1273; x_wconf 80' lang='grc' dir='ltr'><strong>ἀγαλλιάσεως</strong></span> <span class='ocrx_word' id='word_1_86' title='bbox 1343 1205 1495 1278; x_wconf 88' lang='grc' dir='ltr'><strong>παρά</strong></span> <span class='ocrx_word' id='word_1_87' title='bbox 1530 1208 1656 1270; x_wconf 84' lang='grc' dir='ltr'>τοὺς</span> <span class='ocrx_word' id='word_1_88' title='bbox 1687 1207 1941 1277; x_wconf 78' lang='grc' dir='ltr'>μετόχους</span> 
     </span>
    </p>
   </div>
   <div class='ocr_carea' id='block_1_14' title="bbox 375 1298 1945 1371">
    <p class='ocr_par' dir='ltr' id='par_1_14' title="bbox 375 1298 1945 1371">
     <span class='ocr_line' id='line_1_14' title="bbox 375 1298 1945 1371; baseline -0.002 -16"><span class='ocrx_word' id='word_1_89' title='bbox 375 1320 483 1355; x_wconf 92' lang='grc' dir='ltr'>σου.</span> <span class='ocrx_word' id='word_1_90' title='bbox 526 1320 544 1352; x_wconf 74' lang='grc' dir='ltr'><strong>ι</strong></span> <span class='ocrx_word' id='word_1_91' title='bbox 589 1301 746 1355; x_wconf 78' lang='grc' dir='ltr'>’Λλλά</span> <span class='ocrx_word' id='word_1_92' title='bbox 774 1301 884 1371; x_wconf 77' lang='grc' dir='ltr'>γὰρ</span> <span class='ocrx_word' id='word_1_93' title='bbox 918 1300 1016 1371; x_wconf 85' lang='grc' dir='ltr'><strong>μία</strong></span> <span class='ocrx_word' id='word_1_94' title='bbox 1042 1299 1148 1370; x_wconf 59' lang='grc' dir='ltr'>,μὲν</span> <span class='ocrx_word' id='word_1_95' title='bbox 1182 1300 1213 1370; x_wconf 77' lang='grc' dir='ltr'><strong>ἡ</strong></span> <span class='ocrx_word' id='word_1_96' title='bbox 1248 1298 1340 1351; x_wconf 78' lang='grc' dir='ltr'>τοῦ</span> <span class='ocrx_word' id='word_1_97' title='bbox 1377 1298 1555 1352; x_wconf 82' lang='grc' dir='ltr'>ἐλαίου</span> <span class='ocrx_word' id='word_1_98' title='bbox 1596 1300 1787 1368; x_wconf 84' lang='grc' dir='ltr'>φύσις·</span> <span class='ocrx_word' id='word_1_99' title='bbox 1822 1301 1855 1370; x_wconf 83' lang='grc' dir='ltr'><strong>ἡ</strong></span> <span class='ocrx_word' id='word_1_100' title='bbox 1887 1299 1945 1352; x_wconf 84' lang='grc' dir='ltr'><strong>δέ</strong></span> 
     </span>
    </p>
   </div>
   <div class='ocr_carea' id='block_1_15' title="bbox 368 1391 1945 1467">
    <p class='ocr_par' dir='ltr' id='par_1_15' title="bbox 368 1391 1945 1467">
     <span class='ocr_line' id='line_1_15' title="bbox 368 1391 1945 1467; baseline -0.003 -18"><span class='ocrx_word' id='word_1_101' title='bbox 368 1395 457 1449; x_wconf 77' lang='grc' dir='ltr'><strong>τοῦ</strong></span> <span class='ocrx_word' id='word_1_102' title='bbox 483 1394 655 1467; x_wconf 82' lang='grc' dir='ltr'>μύρου</span> <span class='ocrx_word' id='word_1_103' title='bbox 679 1393 886 1447; x_wconf 83' lang='grc' dir='ltr'>πολλῶν</span> <span class='ocrx_word' id='word_1_104' title='bbox 909 1394 1005 1445; x_wconf 77' lang='grc' dir='ltr'><strong>ἐπὶ</strong></span> <span class='ocrx_word' id='word_1_105' title='bbox 1026 1392 1088 1446; x_wconf 81' lang='grc' dir='ltr'><strong>τὸ</strong></span> <span class='ocrx_word' id='word_1_106' title='bbox 1104 1391 1235 1446; x_wconf 83' lang='grc' dir='ltr'>αὐτὸ</span> <span class='ocrx_word' id='word_1_107' title='bbox 1260 1391 1475 1445; x_wconf 80' lang='grc' dir='ltr'>σύνοδον</span> <span class='ocrx_word' id='word_1_108' title='bbox 1499 1392 1769 1464; x_wconf 90' lang='grc' dir='ltr'>σημαίνει.</span> <span class='ocrx_word' id='word_1_109' title='bbox 1807 1391 1945 1445; x_wconf 83' lang='grc' dir='ltr'><strong>Ταύ⁹</strong></span> 
     </span>
    </p>
   </div>
   <div class='ocr_carea' id='block_1_16' title="bbox 366 1486 1943 1561">
    <p class='ocr_par' dir='ltr' id='par_1_16' title="bbox 366 1486 1943 1561">
     <span class='ocr_line' id='line_1_16' title="bbox 366 1486 1943 1561; baseline -0.001 -20"><span class='ocrx_word' id='word_1_110' title='bbox 366 1506 433 1561; x_wconf 76' lang='grc' dir='ltr'>τῃ</span> <span class='ocrx_word' id='word_1_111' title='bbox 459 1506 541 1542; x_wconf 87' lang='grc' dir='ltr'><strong>τοι</strong></span> <span class='ocrx_word' id='word_1_112' title='bbox 572 1490 665 1543; x_wconf 76' lang='grc' dir='ltr'>καὶ</span> <span class='ocrx_word' id='word_1_113' title='bbox 702 1491 734 1561; x_wconf 82' lang='grc' dir='ltr'>ἡ</span> <span class='ocrx_word' id='word_1_114' title='bbox 772 1488 962 1560; x_wconf 80' lang='grc' dir='ltr'>πρώτη</span> <span class='ocrx_word' id='word_1_115' title='bbox 993 1490 1087 1542; x_wconf 78' lang='grc' dir='ltr'><strong>καὶ</strong></span> <span class='ocrx_word' id='word_1_116' title='bbox 1116 1488 1407 1558; x_wconf 88' lang='grc' dir='ltr'>ἀγέννητος</span> <span class='ocrx_word' id='word_1_117' title='bbox 1436 1486 1528 1540; x_wconf 77' lang='grc' dir='ltr'>τοῦ</span> <span class='ocrx_word' id='word_1_118' title='bbox 1556 1486 1943 1557; x_wconf 81' lang='grc' dir='ltr'>παμϐασιλέως</span> 
     </span>
    </p>
   </div>
   <div class='ocr_carea' id='block_1_17' title="bbox 365 1579 1943 1652">
    <p class='ocr_par' dir='ltr' id='par_1_17' title="bbox 365 1579 1943 1652">
     <span class='ocr_line' id='line_1_17' title="bbox 365 1579 1943 1652; baseline 0.001 -21"><span class='ocrx_word' id='word_1_119' title='bbox 365 1580 499 1634; x_wconf 76' lang='grc' dir='ltr'>Θεοῦ</span> <span class='ocrx_word' id='word_1_120' title='bbox 523 1580 769 1652; x_wconf 84' lang='grc' dir='ltr'>δύναμις,</span> <span class='ocrx_word' id='word_1_121' title='bbox 798 1581 917 1634; x_wconf 88' lang='grc' dir='ltr'>καθ’</span> <span class='ocrx_word' id='word_1_122' title='bbox 939 1581 969 1634; x_wconf 85' lang='grc' dir='ltr'>ὃ</span> <span class='ocrx_word' id='word_1_123' title='bbox 997 1582 1093 1652; x_wconf 84' lang='grc' dir='ltr'><strong>μὲν</strong></span> <span class='ocrx_word' id='word_1_124' title='bbox 1118 1580 1262 1650; x_wconf 85' lang='grc' dir='ltr'>ἀπλῆ</span> <span class='ocrx_word' id='word_1_125' title='bbox 1296 1596 1378 1643; x_wconf 91' lang='grc' dir='ltr'><strong>τις</strong></span> <span class='ocrx_word' id='word_1_126' title='bbox 1411 1581 1506 1633; x_wconf 73' lang='grc' dir='ltr'>καὶ</span> <span class='ocrx_word' id='word_1_127' title='bbox 1529 1579 1818 1637; x_wconf 81' lang='grc' dir='ltr'>ἀσύνθετος</span> <span class='ocrx_word' id='word_1_128' title='bbox 1852 1579 1943 1632; x_wconf 75' lang='grc' dir='ltr'><strong>καὶ</strong></span> 
     </span>
    </p>
   </div>
   <div class='ocr_carea' id='block_1_18' title="bbox 364 1671 1941 1745">
    <p class='ocr_par' dir='ltr' id='par_1_18' title="bbox 364 1671 1941 1745">
     <span class='ocr_line' id='line_1_18' title="bbox 364 1671 1941 1745; baseline -0.003 -17"><span class='ocrx_word' id='word_1_129' title='bbox 364 1673 529 1745; x_wconf 75' lang='grc' dir='ltr'>ἄλλης</span> <span class='ocrx_word' id='word_1_130' title='bbox 560 1674 741 1745; x_wconf 83' lang='grc' dir='ltr'>πάσης</span> <span class='ocrx_word' id='word_1_131' title='bbox 772 1676 956 1739; x_wconf 80' lang='grc' dir='ltr'>οὐσίας</span> <span class='ocrx_word' id='word_1_132' title='bbox 978 1673 1182 1745; x_wconf 83' lang='grc' dir='ltr'>ἀμιγὴς</span> <span class='ocrx_word' id='word_1_133' title='bbox 1211 1675 1526 1740; x_wconf 78' lang='grc' dir='ltr'>ἐπινοεῖται,</span> <span class='ocrx_word' id='word_1_134' title='bbox 1556 1673 1710 1743; x_wconf 83' lang='grc' dir='ltr'>ἁπλῷ</span> <span class='ocrx_word' id='word_1_135' title='bbox 1746 1671 1823 1743; x_wconf 88' lang='grc' dir='ltr'><strong>τῷ</strong></span> <span class='ocrx_word' id='word_1_136' title='bbox 1848 1671 1941 1725; x_wconf 81' lang='grc' dir='ltr'>τοῦ</span> 
     </span>
    </p>
   </div>
   <div class='ocr_carea' id='block_1_19' title="bbox 365 1765 1940 1837">
    <p class='ocr_par' dir='ltr' id='par_1_19' title="bbox 365 1765 1940 1837">
     <span class='ocr_line' id='line_1_19' title="bbox 365 1765 1940 1837; baseline 0.002 -20"><span class='ocrx_word' id='word_1_137' title='bbox 365 1765 544 1818; x_wconf 81' lang='grc' dir='ltr'>ἐλαίου</span> <span class='ocrx_word' id='word_1_138' title='bbox 579 1767 930 1837; x_wconf 75' lang='grc' dir='ltr'>προρρήματι</span> <span class='ocrx_word' id='word_1_139' title='bbox 966 1765 1403 1836; x_wconf 89' lang='grc' dir='ltr'>παραϐέϐληται·</span> <span class='ocrx_word' id='word_1_140' title='bbox 1434 1766 1569 1819; x_wconf 81' lang='grc' dir='ltr'>καθὸ</span> <span class='ocrx_word' id='word_1_141' title='bbox 1598 1765 1653 1819; x_wconf 89' lang='grc' dir='ltr'><strong>δὲ</strong></span> <span class='ocrx_word' id='word_1_142' title='bbox 1674 1765 1940 1820; x_wconf 85' lang='grc' dir='ltr'>πλείστων</span> 
     </span>
    </p>
   </div>
   <div class='ocr_carea' id='block_1_20' title="bbox 365 1855 1945 1935">
    <p class='ocr_par' dir='ltr' id='par_1_20' title="bbox 365 1855 1945 1935">
     <span class='ocr_line' id='line_1_20' title="bbox 365 1855 1945 1935; baseline -0.001 -21"><span class='ocrx_word' id='word_1_143' title='bbox 365 1861 621 1916; x_wconf 76' lang='grc' dir='ltr'>ἐπινοιῶν</span> <span class='ocrx_word' id='word_1_144' title='bbox 655 1865 712 1916; x_wconf 89' lang='grc' dir='ltr'><strong>ἐν</strong></span> <span class='ocrx_word' id='word_1_145' title='bbox 743 1863 927 1934; x_wconf 80' lang='grc' dir='ltr'>ταυτῷ</span> <span class='ocrx_word' id='word_1_146' title='bbox 959 1862 1322 1935; x_wconf 79' lang='grc' dir='ltr'>περιληπτικὴ</span> <span class='ocrx_word' id='word_1_147' title='bbox 1345 1864 1621 1933; x_wconf 83' lang='grc' dir='ltr'>τυγχάνει,</span> <span class='ocrx_word' id='word_1_148' title='bbox 1645 1855 1754 1915; x_wconf 80' lang='grc' dir='ltr'>οἷον</span> <span class='ocrx_word' id='word_1_149' title='bbox 1790 1876 1945 1931; x_wconf 81' lang='grc' dir='ltr'>ποιη-</span> 
     </span>
    </p>
   </div>
   <div class='ocr_carea' id='block_1_21' title="bbox 364 1953 1941 2028">
    <p class='ocr_par' dir='ltr' id='par_1_21' title="bbox 364 1953 1941 2028">
     <span class='ocr_line' id='line_1_21' title="bbox 364 1953 1941 2028; baseline -0.001 -20"><span class='ocrx_word' id='word_1_150' title='bbox 364 1956 521 2025; x_wconf 83' lang='grc' dir='ltr'>τικῆς</span> <span class='ocrx_word' id='word_1_151' title='bbox 546 1956 577 2025; x_wconf 82' lang='grc' dir='ltr'>ἢ</span> <span class='ocrx_word' id='word_1_152' title='bbox 602 1955 905 2027; x_wconf 83' lang='grc' dir='ltr'>βασιλικῆς,</span> <span class='ocrx_word' id='word_1_153' title='bbox 931 1956 1285 2028; x_wconf 86' lang='grc' dir='ltr'>προνοητικόν</span> <span class='ocrx_word' id='word_1_154' title='bbox 1308 1974 1367 2009; x_wconf 89' lang='grc' dir='ltr'><strong>τε</strong></span> <span class='ocrx_word' id='word_1_155' title='bbox 1401 1957 1494 2010; x_wconf 70' lang='grc' dir='ltr'>καὶ</span> <span class='ocrx_word' id='word_1_156' title='bbox 1519 1954 1784 2028; x_wconf 78' lang='grc' dir='ltr'>κριτικὸν,</span> <span class='ocrx_word' id='word_1_157' title='bbox 1820 1953 1941 2023; x_wconf 87' lang='grc' dir='ltr'>φιλ-</span> 
     </span>
    </p>
   </div>
   <div class='ocr_carea' id='block_1_22' title="bbox 374 2046 1942 2121">
    <p class='ocr_par' dir='ltr' id='par_1_22' title="bbox 374 2046 1942 2121">
     <span class='ocr_line' id='line_1_22' title="bbox 374 2046 1942 2121; baseline -0.003 -20"><span class='ocrx_word' id='word_1_158' title='bbox 374 2047 662 2119; x_wconf 84' lang='grc' dir='ltr'>ἀνθρωπόν</span> <span class='ocrx_word' id='word_1_159' title='bbox 700 2066 760 2102; x_wconf 90' lang='grc' dir='ltr'><strong>τε</strong></span> <span class='ocrx_word' id='word_1_160' title='bbox 800 2050 894 2102; x_wconf 77' lang='grc' dir='ltr'>καὶ</span> <span class='ocrx_word' id='word_1_161' title='bbox 922 2050 1210 2121; x_wconf 84' lang='grc' dir='ltr'>σωτήριον,</span> <span class='ocrx_word' id='word_1_162' title='bbox 1255 2048 1430 2117; x_wconf 75' lang='grc' dir='ltr'>ἄλλων</span> <span class='ocrx_word' id='word_1_163' title='bbox 1457 2065 1518 2100; x_wconf 87' lang='grc' dir='ltr'><strong>τε</strong></span> <span class='ocrx_word' id='word_1_164' title='bbox 1553 2049 1694 2101; x_wconf 83' lang='grc' dir='ltr'>ὅσων</span> <span class='ocrx_word' id='word_1_165' title='bbox 1731 2046 1942 2118; x_wconf 84' lang='grc' dir='ltr'>μυρίων</span> 
     </span>
    </p>
   </div>
   <div class='ocr_carea' id='block_1_23' title="bbox 364 2138 1944 2214">
    <p class='ocr_par' dir='ltr' id='par_1_23' title="bbox 364 2138 1944 2214">
     <span class='ocr_line' id='line_1_23' title="bbox 364 2138 1944 2214; baseline -0.001 -20"><span class='ocrx_word' id='word_1_166' title='bbox 364 2140 579 2214; x_wconf 76' lang='grc' dir='ltr'>ἐπινοίᾳ</span> <span class='ocrx_word' id='word_1_167' title='bbox 616 2141 1022 2213; x_wconf 83' lang='grc' dir='ltr'>θεωρουμένων,</span> <span class='ocrx_word' id='word_1_168' title='bbox 1080 2141 1306 2204; x_wconf 76' lang='grc' dir='ltr'>εἰκότως</span> <span class='ocrx_word' id='word_1_169' title='bbox 1360 2140 1517 2211; x_wconf 84' lang='grc' dir='ltr'>μύρῳ</span> <span class='ocrx_word' id='word_1_170' title='bbox 1566 2141 1727 2193; x_wconf 88' lang='grc' dir='ltr'>πάλιν</span> <span class='ocrx_word' id='word_1_171' title='bbox 1770 2141 1803 2208; x_wconf 81' lang='grc' dir='ltr'><strong>ἡ</strong></span> <span class='ocrx_word' id='word_1_172' title='bbox 1836 2138 1944 2192; x_wconf 89' lang='grc' dir='ltr'><strong>τῶν</strong></span> 
     </span>
    </p>
   </div>
   <div class='ocr_carea' id='block_1_24' title="bbox 365 2233 1941 2307">
    <p class='ocr_par' dir='ltr' id='par_1_24' title="bbox 365 2233 1941 2307">
     <span class='ocr_line' id='line_1_24' title="bbox 365 2233 1941 2307; baseline -0.003 -20"><span class='ocrx_word' id='word_1_173' title='bbox 365 2234 575 2288; x_wconf 88' lang='grc' dir='ltr'>πολλῶν</span> <span class='ocrx_word' id='word_1_174' title='bbox 592 2235 685 2289; x_wconf 73' lang='grc' dir='ltr'><strong>καὶ</strong></span> <span class='ocrx_word' id='word_1_175' title='bbox 705 2235 925 2305; x_wconf 84' lang='grc' dir='ltr'>ἀγαθῶν</span> <span class='ocrx_word' id='word_1_176' title='bbox 948 2234 1317 2307; x_wconf 82' lang='grc' dir='ltr'>περιληπτικὴ</span> <span class='ocrx_word' id='word_1_177' title='bbox 1339 2234 1568 2303; x_wconf 84' lang='grc' dir='ltr'>δύναμις</span> <span class='ocrx_word' id='word_1_178' title='bbox 1592 2233 1941 2294; x_wconf 89' lang='grc' dir='ltr'>ἀπείκασται,</span> 
     </span>
    </p>
   </div>
   <div class='ocr_carea' id='block_1_25' title="bbox 368 2319 1943 2400">
    <p class='ocr_par' dir='ltr' id='par_1_25' title="bbox 368 2319 1943 2400">
     <span class='ocr_line' id='line_1_25' title="bbox 368 2319 1943 2400; baseline -0.002 -20"><span class='ocrx_word' id='word_1_179' title='bbox 368 2319 413 2393; x_wconf 78' lang='grc' dir='ltr'>ᾧ</span> <span class='ocrx_word' id='word_1_180' title='bbox 435 2327 721 2400; x_wconf 87' lang='grc' dir='ltr'>κεχρῖσθαι</span> <span class='ocrx_word' id='word_1_181' title='bbox 762 2327 853 2382; x_wconf 79' lang='grc' dir='ltr'><strong>τὸν</strong></span> <span class='ocrx_word' id='word_1_182' title='bbox 886 2327 1063 2398; x_wconf 88' lang='grc' dir='ltr'>ἀληθῆ</span> <span class='ocrx_word' id='word_1_183' title='bbox 1092 2328 1185 2380; x_wconf 79' lang='grc' dir='ltr'><strong>καὶ</strong></span> <span class='ocrx_word' id='word_1_184' title='bbox 1216 2326 1373 2397; x_wconf 88' lang='grc' dir='ltr'>μόνον</span> <span class='ocrx_word' id='word_1_185' title='bbox 1398 2325 1659 2398; x_wconf 77' lang='grc' dir='ltr'>ἀρχιερέα</span> <span class='ocrx_word' id='word_1_186' title='bbox 1690 2324 1785 2378; x_wconf 81' lang='grc' dir='ltr'>τοῦ</span> <span class='ocrx_word' id='word_1_187' title='bbox 1809 2323 1943 2377; x_wconf 87' lang='grc' dir='ltr'><strong>Θεοῦ</strong></span> 
     </span>
    </p>
   </div>
   <div class='ocr_carea' id='block_1_26' title="bbox 367 2417 1947 2491">
    <p class='ocr_par' dir='ltr' id='par_1_26' title="bbox 367 2417 1947 2491">
     <span class='ocr_line' id='line_1_26' title="bbox 367 2417 1947 2491; baseline -0.002 -18"><span class='ocrx_word' id='word_1_188' title='bbox 367 2419 500 2473; x_wconf 90' lang='grc' dir='ltr'>θεῖοι</span> <span class='ocrx_word' id='word_1_189' title='bbox 530 2420 678 2490; x_wconf 77' lang='grc' dir='ltr'>λόγοι</span> <span class='ocrx_word' id='word_1_190' title='bbox 718 2420 1050 2474; x_wconf 84' lang='grc' dir='ltr'>παιδεύουσι.</span> <span class='ocrx_word' id='word_1_191' title='bbox 1081 2418 1304 2491; x_wconf 88' lang='grc' dir='ltr'>Πρῶτος</span> <span class='ocrx_word' id='word_1_192' title='bbox 1327 2418 1392 2487; x_wconf 89' lang='grc' dir='ltr'><strong>γέ</strong></span> <span class='ocrx_word' id='word_1_193' title='bbox 1420 2436 1501 2472; x_wconf 90' lang='grc' dir='ltr'><strong>τοι</strong></span> <span class='ocrx_word' id='word_1_194' title='bbox 1536 2417 1697 2481; x_wconf 81' lang='grc' dir='ltr'>αὐτὸς</span> <span class='ocrx_word' id='word_1_195' title='bbox 1724 2420 1753 2471; x_wconf 83' lang='grc' dir='ltr'>ὁ</span> <span class='ocrx_word' id='word_1_196' title='bbox 1782 2419 1947 2471; x_wconf 65' lang='lat' dir='ltr'><strong>Maii)-</strong></span> 
     </span>
    </p>
   </div>
   <div class='ocr_carea' id='block_1_27' title="bbox 371 2510 1943 2587">
    <p class='ocr_par' dir='ltr' id='par_1_27' title="bbox 371 2510 1943 2587">
     <span class='ocr_line' id='line_1_27' title="bbox 371 2510 1943 2587; baseline -0.001 -22"><span class='ocrx_word' id='word_1_197' title='bbox 371 2513 489 2582; x_wconf 81' lang='grc' dir='ltr'>σῆς,</span> <span class='ocrx_word' id='word_1_198' title='bbox 538 2514 596 2565; x_wconf 87' lang='grc' dir='ltr'><strong>ἐν</strong></span> <span class='ocrx_word' id='word_1_199' title='bbox 621 2514 970 2587; x_wconf 59' lang='grc' dir='ltr'>ζάπορρήτοις</span> <span class='ocrx_word' id='word_1_200' title='bbox 1006 2512 1077 2566; x_wconf 90' lang='grc' dir='ltr'><strong>τά</strong></span> <span class='ocrx_word' id='word_1_201' title='bbox 1109 2510 1228 2564; x_wconf 89' lang='grc' dir='ltr'>θεῖα</span> <span class='ocrx_word' id='word_1_202' title='bbox 1260 2510 1593 2565; x_wconf 79' lang='grc' dir='ltr'>ἐποπτεῦσαι</span> <span class='ocrx_word' id='word_1_203' title='bbox 1621 2510 1943 2582; x_wconf 75' lang='grc' dir='ltr'>ἠξιωμένος,</span> 
     </span>
    </p>
   </div>
   <div class='ocr_carea' id='block_1_28' title="bbox 367 2602 1944 2678">
    <p class='ocr_par' dir='ltr' id='par_1_28' title="bbox 367 2602 1944 2678">
     <span class='ocr_line' id='line_1_28' title="bbox 367 2602 1944 2678; baseline -0.003 -19"><span class='ocrx_word' id='word_1_204' title='bbox 367 2608 461 2659; x_wconf 74' lang='grc' dir='ltr'><strong>καὶ</strong></span> <span class='ocrx_word' id='word_1_205' title='bbox 505 2606 603 2670; x_wconf 74' lang='grc' dir='ltr'><strong>τὰς</strong></span> <span class='ocrx_word' id='word_1_206' title='bbox 650 2606 779 2678; x_wconf 74' lang='grc' dir='ltr'>περὶ</span> <span class='ocrx_word' id='word_1_207' title='bbox 816 2605 910 2659; x_wconf 79' lang='grc' dir='ltr'><strong>τοῦ</strong></span> <span class='ocrx_word' id='word_1_208' title='bbox 939 2605 1153 2677; x_wconf 84' lang='grc' dir='ltr'>πρώτου</span> <span class='ocrx_word' id='word_1_209' title='bbox 1179 2606 1273 2659; x_wconf 77' lang='grc' dir='ltr'>καὶ</span> <span class='ocrx_word' id='word_1_210' title='bbox 1300 2604 1459 2676; x_wconf 79' lang='grc' dir='ltr'>μόνου</span> <span class='ocrx_word' id='word_1_211' title='bbox 1492 2602 1822 2674; x_wconf 78' lang='grc' dir='ltr'>ἡλειμμένου</span> <span class='ocrx_word' id='word_1_212' title='bbox 1852 2602 1944 2657; x_wconf 78' lang='grc' dir='ltr'><strong>καὶ</strong></span> 
     </span>
    </p>
   </div>
   <div class='ocr_carea' id='block_1_29' title="bbox 365 2693 1946 2771">
    <p class='ocr_par' dir='ltr' id='par_1_29' title="bbox 365 2693 1946 2771">
     <span class='ocr_line' id='line_1_29' title="bbox 365 2693 1946 2771; baseline -0.004 -19"><span class='ocrx_word' id='word_1_213' title='bbox 365 2700 666 2771; x_wconf 80' lang='grc' dir='ltr'>ἀρχιερέως</span> <span class='ocrx_word' id='word_1_214' title='bbox 690 2697 784 2751; x_wconf 82' lang='grc' dir='ltr'>τοῦ</span> <span class='ocrx_word' id='word_1_215' title='bbox 806 2698 941 2751; x_wconf 83' lang='grc' dir='ltr'>Θεοῦ</span> <span class='ocrx_word' id='word_1_216' title='bbox 957 2697 1177 2761; x_wconf 80' lang='grc' dir='ltr'>τελετὰς</span> <span class='ocrx_word' id='word_1_217' title='bbox 1202 2699 1258 2750; x_wconf 89' lang='grc' dir='ltr'><strong>ἐν</strong></span> <span class='ocrx_word' id='word_1_218' title='bbox 1274 2699 1395 2761; x_wconf 90' lang='grc' dir='ltr'>ταῖς</span> <span class='ocrx_word' id='word_1_219' title='bbox 1418 2696 1581 2749; x_wconf 79' lang='grc' dir='ltr'>αὐτοῦ</span> <span class='ocrx_word' id='word_1_220' title='bbox 1606 2693 1946 2763; x_wconf 88' lang='grc' dir='ltr'>θεοφανείαις</span> 
     </span>
    </p>
   </div>
   <div class='ocr_carea' id='block_1_30' title="bbox 365 2786 1944 2862">
    <p class='ocr_par' dir='ltr' id='par_1_30' title="bbox 365 2786 1944 2862">
     <span class='ocr_line' id='line_1_30' title="bbox 365 2786 1944 2862; baseline -0.002 -21"><span class='ocrx_word' id='word_1_221' title='bbox 365 2791 503 2862; x_wconf 78' lang='grc' dir='ltr'>πρὸς</span> <span class='ocrx_word' id='word_1_222' title='bbox 528 2790 690 2845; x_wconf 80' lang='grc' dir='ltr'>αὑτοῦ</span> <span class='ocrx_word' id='word_1_223' title='bbox 720 2790 1129 2861; x_wconf 87' lang='grc' dir='ltr'>τετελεσμένας,</span> <span class='ocrx_word' id='word_1_224' title='bbox 1170 2789 1385 2852; x_wconf 85' lang='grc' dir='ltr'>είκόνας</span> <span class='ocrx_word' id='word_1_225' title='bbox 1428 2788 1821 2860; x_wconf 82' lang='grc' dir='ltr'>προστάττεται</span> <span class='ocrx_word' id='word_1_226' title='bbox 1851 2786 1944 2839; x_wconf 74' lang='grc' dir='ltr'>ἐπὶ</span> 
     </span>
    </p>
   </div>
   <div class='ocr_carea' id='block_1_31' title="bbox 365 2880 1945 2954">
    <p class='ocr_par' dir='ltr' id='par_1_31' title="bbox 365 2880 1945 2954">
     <span class='ocr_line' id='line_1_31' title="bbox 365 2880 1945 2954; baseline 0 -19"><span class='ocrx_word' id='word_1_227' title='bbox 365 2885 468 2954; x_wconf 83' lang='grc' dir='ltr'>γῆς</span> <span class='ocrx_word' id='word_1_228' title='bbox 497 2884 591 2936; x_wconf 71' lang='lat' dir='ltr'><strong>ml.</strong></span> <span class='ocrx_word' id='word_1_229' title='bbox 624 2882 867 2953; x_wconf 87' lang='grc' dir='ltr'>σύμϐολα</span> <span class='ocrx_word' id='word_1_230' title='bbox 915 2880 1359 2952; x_wconf 80' lang='grc' dir='ltr'>καταστήσασθαι</span> <span class='ocrx_word' id='word_1_231' title='bbox 1412 2881 1522 2935; x_wconf 86' lang='grc' dir='ltr'><strong>τῶν</strong></span> <span class='ocrx_word' id='word_1_232' title='bbox 1564 2883 1622 2935; x_wconf 87' lang='grc' dir='ltr'><strong>ἐν</strong></span> <span class='ocrx_word' id='word_1_233' title='bbox 1661 2884 1784 2945; x_wconf 87' lang='grc' dir='ltr'>ταῖς</span> <span class='ocrx_word' id='word_1_234' title='bbox 1829 2880 1945 2935; x_wconf 90' lang='grc' dir='ltr'>θεο-</span> 
     </span>
    </p>
   </div>
   <div class='ocr_carea' id='block_1_32' title="bbox 365 2973 1944 3047">
    <p class='ocr_par' dir='ltr' id='par_1_32' title="bbox 365 2973 1944 3047">
     <span class='ocr_line' id='line_1_32' title="bbox 365 2973 1944 3047; baseline -0.001 -20"><span class='ocrx_word' id='word_1_235' title='bbox 365 2976 577 3037; x_wconf 86' lang='grc' dir='ltr'>πτείαις</span> <span class='ocrx_word' id='word_1_236' title='bbox 605 2992 758 3044; x_wconf 89' lang='grc' dir='ltr'>νενοη</span> <span class='ocrx_word' id='word_1_237' title='bbox 768 2974 965 3046; x_wconf 88' lang='grc' dir='ltr'>μένων,</span> <span class='ocrx_word' id='word_1_238' title='bbox 995 2976 1071 3037; x_wconf 81' lang='grc' dir='ltr'>ὡς</span> <span class='ocrx_word' id='word_1_239' title='bbox 1104 2974 1170 3028; x_wconf 81' lang='grc' dir='ltr'><strong>ἂν</strong></span> <span class='ocrx_word' id='word_1_240' title='bbox 1194 2974 1365 3047; x_wconf 82' lang='grc' dir='ltr'>ἔχοιεν</span> <span class='ocrx_word' id='word_1_241' title='bbox 1390 2973 1804 3045; x_wconf 76' lang='grc' dir='ltr'>προεμμελετᾷν</span> <span class='ocrx_word' id='word_1_242' title='bbox 1830 2977 1944 3038; x_wconf 85' lang='grc' dir='ltr'>τοῖς</span> 
     </span>
    </p>
   </div>
   <div class='ocr_carea' id='block_1_33' title="bbox 365 3064 1942 3139">
    <p class='ocr_par' dir='ltr' id='par_1_33' title="bbox 365 3064 1942 3139">
     <span class='ocr_line' id='line_1_33' title="bbox 365 3064 1942 3139; baseline 0 -20"><span class='ocrx_word' id='word_1_243' title='bbox 365 3066 653 3139; x_wconf 88' lang='grc' dir='ltr'>συμϐόλοις</span> <span class='ocrx_word' id='word_1_244' title='bbox 691 3067 741 3121; x_wconf 85' lang='grc' dir='ltr'>οἱ</span> <span class='ocrx_word' id='word_1_245' title='bbox 774 3066 927 3120; x_wconf 78' lang='grc' dir='ltr'>τῶνδ’</span> <span class='ocrx_word' id='word_1_246' title='bbox 949 3066 1238 3138; x_wconf 75' lang='grc' dir='ltr'>ἠξιωμένοι</span> <span class='ocrx_word' id='word_1_247' title='bbox 1275 3066 1435 3138; x_wconf 84' lang='grc' dir='ltr'>μέχρι</span> <span class='ocrx_word' id='word_1_248' title='bbox 1464 3066 1563 3136; x_wconf 87' lang='grc' dir='ltr'>τῆς</span> <span class='ocrx_word' id='word_1_249' title='bbox 1588 3064 1698 3119; x_wconf 91' lang='grc' dir='ltr'><strong>τῶν</strong></span> <span class='ocrx_word' id='word_1_250' title='bbox 1728 3065 1942 3137; x_wconf 87' lang='grc' dir='ltr'>ἀληθῶν</span> 
     </span>
    </p>
   </div>
   <div class='ocr_carea' id='block_1_34' title="bbox 363 3157 1942 3234">
    <p class='ocr_par' dir='ltr' id='par_1_34' title="bbox 363 3157 1942 3234">
     <span class='ocr_line' id='line_1_34' title="bbox 363 3157 1942 3234; baseline -0.001 -20"><span class='ocrx_word' id='word_1_251' title='bbox 363 3161 677 3225; x_wconf 86' lang='grc' dir='ltr'>ἐποπτείας.</span> <span class='ocrx_word' id='word_1_252' title='bbox 704 3160 875 3224; x_wconf 81' lang='grc' dir='ltr'>Αὐτὸς</span> <span class='ocrx_word' id='word_1_253' title='bbox 897 3160 1032 3233; x_wconf 79' lang='grc' dir='ltr'>δῆτα</span> <span class='ocrx_word' id='word_1_254' title='bbox 1058 3161 1458 3234; x_wconf 79' lang='grc' dir='ltr'>ἀφορισάμενος</span> <span class='ocrx_word' id='word_1_255' title='bbox 1481 3160 1618 3224; x_wconf 87' lang='grc' dir='ltr'>τέως</span> <span class='ocrx_word' id='word_1_256' title='bbox 1642 3157 1736 3212; x_wconf 83' lang='grc' dir='ltr'>τοῦ</span> <span class='ocrx_word' id='word_1_257' title='bbox 1767 3158 1826 3224; x_wconf 80' lang='grc' dir='ltr'>ἐξ</span> <span class='ocrx_word' id='word_1_258' title='bbox 1845 3161 1942 3213; x_wconf 90' lang='grc' dir='ltr'>ἀν-</span> 
     </span>
    </p>
   </div>
   <div class='ocr_carea' id='block_1_35' title="bbox 2046 558 3624 630">
    <p class='ocr_par' dir='ltr' id='par_1_35' title="bbox 2046 558 3624 630">
     <span class='ocr_line' id='line_1_35' title="bbox 2046 558 3624 630; baseline 0.004 -21"><span class='ocrx_word' id='word_1_259' title='bbox 2046 558 2141 626; x_wconf 92' lang='lat' dir='ltr'><strong>qui</strong></span> <span class='ocrx_word' id='word_1_260' title='bbox 2169 559 2317 613; x_wconf 88' lang='lat' dir='ltr'><strong>illius</strong></span> <span class='ocrx_word' id='word_1_261' title='bbox 2350 561 2620 630; x_wconf 74' lang='lat' dir='ltr'><strong>particeps</strong></span> <span class='ocrx_word' id='word_1_262' title='bbox 2673 561 2763 622; x_wconf 88' lang='lat' dir='ltr'><strong>sit,</strong></span> <span class='ocrx_word' id='word_1_263' title='bbox 2823 569 3000 615; x_wconf 87' lang='lat' dir='ltr'><strong>vocat.</strong></span> <span class='ocrx_word' id='word_1_264' title='bbox 3038 559 3227 615; x_wconf 89' lang='lat' dir='ltr'><strong>Oleum</strong></span> <span class='ocrx_word' id='word_1_265' title='bbox 3268 576 3398 616; x_wconf 87' lang='lat' dir='ltr'><strong>vero</strong></span> <span class='ocrx_word' id='word_1_266' title='bbox 3432 561 3489 614; x_wconf 87' lang='lat' dir='ltr'><strong>in</strong></span> <span class='ocrx_word' id='word_1_267' title='bbox 3537 561 3624 615; x_wconf 93' lang='lat' dir='ltr'><strong>his</strong></span> 
     </span>
    </p>
   </div>
   <div class='ocr_carea' id='block_1_36' title="bbox 2045 651 3611 724">
    <p class='ocr_par' dir='ltr' id='par_1_36' title="bbox 2045 651 3611 724">
     <span class='ocr_line' id='line_1_36' title="bbox 2045 651 3611 724; baseline 0.004 -21"><span class='ocrx_word' id='word_1_268' title='bbox 2045 651 2158 704; x_wconf 92' lang='lat' dir='ltr'><strong>noli</strong></span> <span class='ocrx_word' id='word_1_269' title='bbox 2188 651 2597 708; x_wconf 75' lang='lat' dir='ltr'><strong>miserationem</strong></span> <span class='ocrx_word' id='word_1_270' title='bbox 2642 655 2909 723; x_wconf 89' lang='lat' dir='ltr'><strong>accipere,</strong></span> <span class='ocrx_word' id='word_1_271' title='bbox 2940 670 3117 724; x_wconf 87' lang='lat' dir='ltr'><strong>neque</strong></span> <span class='ocrx_word' id='word_1_272' title='bbox 3164 656 3217 708; x_wconf 94' lang='lat' dir='ltr'><strong>in</strong></span> <span class='ocrx_word' id='word_1_273' title='bbox 3244 656 3407 709; x_wconf 87' lang='lat' dir='ltr'><strong>rebus</strong></span> <span class='ocrx_word' id='word_1_274' title='bbox 3428 656 3611 710; x_wconf 87' lang='lat' dir='ltr'><strong>adver-</strong></span> 
     </span>
    </p>
   </div>
   <div class='ocr_carea' id='block_1_37' title="bbox 2046 741 3622 817">
    <p class='ocr_par' dir='ltr' id='par_1_37' title="bbox 2046 741 3622 817">
     <span class='ocr_line' id='line_1_37' title="bbox 2046 741 3622 817; baseline 0.004 -23"><span class='ocrx_word' id='word_1_275' title='bbox 2046 741 2124 795; x_wconf 91' lang='lat' dir='ltr'><strong>sis</strong></span> <span class='ocrx_word' id='word_1_276' title='bbox 2192 758 2505 808; x_wconf 69' lang='lat' dir='ltr'><strong>mmrorem,</strong></span> <span class='ocrx_word' id='word_1_277' title='bbox 2563 746 2657 801; x_wconf 82' lang='lat' dir='ltr'><strong>sed</strong></span> <span class='ocrx_word' id='word_1_278' title='bbox 2692 747 2743 800; x_wconf 92' lang='lat' dir='ltr'><strong>id</strong></span> <span class='ocrx_word' id='word_1_279' title='bbox 2775 746 2921 816; x_wconf 89' lang='lat' dir='ltr'><strong>quod</strong></span> <span class='ocrx_word' id='word_1_280' title='bbox 2966 756 3130 801; x_wconf 66' lang='lat' dir='ltr'><strong>certae</strong></span> <span class='ocrx_word' id='word_1_281' title='bbox 3164 748 3361 817; x_wconf 69' lang='lat' dir='ltr'><strong>plantae</strong></span> <span class='ocrx_word' id='word_1_282' title='bbox 3410 746 3622 801; x_wconf 81' lang='lat' dir='ltr'><strong>fructus</strong></span> 
     </span>
    </p>
   </div>
   <div class='ocr_carea' id='block_1_38' title="bbox 2038 833 3623 904">
    <p class='ocr_par' dir='ltr' id='par_1_38' title="bbox 2038 833 3623 904">
     <span class='ocr_line' id='line_1_38' title="bbox 2038 833 3623 904; baseline 0.004 -16"><span class='ocrx_word' id='word_1_283' title='bbox 2038 833 2268 899; x_wconf 85' lang='lat' dir='ltr'><strong>emittit,</strong></span> <span class='ocrx_word' id='word_1_284' title='bbox 2289 835 2515 904; x_wconf 82' lang='lat' dir='ltr'><strong>quodex</strong></span> <span class='ocrx_word' id='word_1_285' title='bbox 2536 837 2761 891; x_wconf 89' lang='lat' dir='ltr'><strong>humida</strong></span> <span class='ocrx_word' id='word_1_286' title='bbox 2803 840 3030 893; x_wconf 83' lang='lat' dir='ltr'><strong>materia</strong></span> <span class='ocrx_word' id='word_1_287' title='bbox 3068 839 3204 892; x_wconf 85' lang='lat' dir='ltr'><strong>nihil</strong></span> <span class='ocrx_word' id='word_1_288' title='bbox 3235 839 3397 893; x_wconf 82' lang='lat' dir='ltr'><strong>habet</strong></span> <span class='ocrx_word' id='word_1_289' title='bbox 3450 840 3623 895; x_wconf 83' lang='lat' dir='ltr'><strong>admi-</strong></span> 
     </span>
    </p>
   </div>
   <div class='ocr_carea' id='block_1_39' title="bbox 2046 928 3620 1001">
    <p class='ocr_par' dir='ltr' id='par_1_39' title="bbox 2046 928 3620 1001">
     <span class='ocr_line' id='line_1_39' title="bbox 2046 928 3620 1001; baseline 0.004 -23"><span class='ocrx_word' id='word_1_290' title='bbox 2046 934 2213 991; x_wconf 91' lang='lat' dir='ltr'><strong>stum,</strong></span> <span class='ocrx_word' id='word_1_291' title='bbox 2251 928 2397 996; x_wconf 90' lang='lat' dir='ltr'><strong>quod</strong></span> <span class='ocrx_word' id='word_1_292' title='bbox 2451 928 2632 982; x_wconf 84' lang='lat' dir='ltr'><strong>lumen</strong></span> <span class='ocrx_word' id='word_1_293' title='bbox 2687 937 2866 999; x_wconf 82' lang='lat' dir='ltr'><strong>auget,</strong></span> <span class='ocrx_word' id='word_1_294' title='bbox 2916 929 3061 1001; x_wconf 91' lang='lat' dir='ltr'><strong>quod</strong></span> <span class='ocrx_word' id='word_1_295' title='bbox 3123 931 3296 986; x_wconf 86' lang='lat' dir='ltr'><strong>fessos</strong></span> <span class='ocrx_word' id='word_1_296' title='bbox 3350 931 3620 994; x_wconf 80' lang='lat' dir='ltr'><strong>sublevat,</strong></span> 
     </span>
    </p>
   </div>
   <div class='ocr_carea' id='block_1_40' title="bbox 2045 1019 3622 1093">
    <p class='ocr_par' dir='ltr' id='par_1_40' title="bbox 2045 1019 3622 1093">
     <span class='ocr_line' id='line_1_40' title="bbox 2045 1019 3622 1093; baseline 0.003 -22"><span class='ocrx_word' id='word_1_297' title='bbox 2045 1019 2190 1087; x_wconf 90' lang='lat' dir='ltr'><strong>quod</strong></span> <span class='ocrx_word' id='word_1_298' title='bbox 2224 1019 2438 1074; x_wconf 85' lang='lat' dir='ltr'><strong>labores</strong></span> <span class='ocrx_word' id='word_1_299' title='bbox 2498 1020 2697 1086; x_wconf 81' lang='lat' dir='ltr'><strong>aufert,</strong></span> <span class='ocrx_word' id='word_1_300' title='bbox 2753 1022 2897 1091; x_wconf 85' lang='lat' dir='ltr'><strong>quod</strong></span> <span class='ocrx_word' id='word_1_301' title='bbox 2928 1039 3023 1078; x_wconf 89' lang='lat' dir='ltr'><strong>eos</strong></span> <span class='ocrx_word' id='word_1_302' title='bbox 3059 1024 3152 1093; x_wconf 90' lang='lat' dir='ltr'><strong>qui</strong></span> <span class='ocrx_word' id='word_1_303' title='bbox 3189 1026 3307 1093; x_wconf 88' lang='lat' dir='ltr'><strong>ipso</strong></span> <span class='ocrx_word' id='word_1_304' title='bbox 3345 1030 3622 1093; x_wconf 83' lang='lat' dir='ltr'><strong>unguntur</strong></span> 
     </span>
    </p>
   </div>
   <div class='ocr_carea' id='block_1_41' title="bbox 2046 1110 3623 1184">
    <p class='ocr_par' dir='ltr' id='par_1_41' title="bbox 2046 1110 3623 1184">
     <span class='ocr_line' id='line_1_41' title="bbox 2046 1110 3623 1184; baseline 0.003 -21"><span class='ocrx_word' id='word_1_305' title='bbox 2046 1110 2245 1165; x_wconf 89' lang='lat' dir='ltr'><strong>hilares</strong></span> <span class='ocrx_word' id='word_1_306' title='bbox 2275 1110 2428 1174; x_wconf 87' lang='lat' dir='ltr'><strong>facit,</strong></span> <span class='ocrx_word' id='word_1_307' title='bbox 2480 1112 2626 1181; x_wconf 91' lang='lat' dir='ltr'><strong>quod</strong></span> <span class='ocrx_word' id='word_1_308' title='bbox 2675 1114 2849 1166; x_wconf 83' lang='lat' dir='ltr'><strong>instar</strong></span> <span class='ocrx_word' id='word_1_309' title='bbox 2880 1115 3101 1168; x_wconf 91' lang='lat' dir='ltr'><strong>luminis</strong></span> <span class='ocrx_word' id='word_1_310' title='bbox 3125 1114 3191 1168; x_wconf 89' lang='lat' dir='ltr'><strong>de</strong></span> <span class='ocrx_word' id='word_1_311' title='bbox 3228 1117 3410 1184; x_wconf 88' lang='lat' dir='ltr'><strong>seipso</strong></span> <span class='ocrx_word' id='word_1_312' title='bbox 3443 1114 3623 1168; x_wconf 85' lang='lat' dir='ltr'><strong>vibrat</strong></span> 
     </span>
    </p>
   </div>
   <div class='ocr_carea' id='block_1_42' title="bbox 2045 1203 3621 1279">
    <p class='ocr_par' dir='ltr' id='par_1_42' title="bbox 2045 1203 3621 1279">
     <span class='ocr_line' id='line_1_42' title="bbox 2045 1203 3621 1279; baseline 0.003 -22"><span class='ocrx_word' id='word_1_313' title='bbox 2045 1203 2383 1274; x_wconf 88' lang='lat' dir='ltr'><strong>splendores,</strong></span> <span class='ocrx_word' id='word_1_314' title='bbox 2440 1206 2781 1275; x_wconf 90' lang='lat' dir='ltr'><strong>nitidumque</strong></span> <span class='ocrx_word' id='word_1_315' title='bbox 2833 1222 2896 1261; x_wconf 91' lang='lat' dir='ltr'><strong>ac</strong></span> <span class='ocrx_word' id='word_1_316' title='bbox 2953 1207 3241 1260; x_wconf 83' lang='lat' dir='ltr'><strong>micantem</strong></span> <span class='ocrx_word' id='word_1_317' title='bbox 3302 1224 3491 1261; x_wconf 89' lang='lat' dir='ltr'><strong>eorum</strong></span> <span class='ocrx_word' id='word_1_318' title='bbox 3527 1208 3621 1279; x_wconf 88' lang='lat' dir='ltr'><strong>qui</strong></span> 
     </span>
    </p>
   </div>
   <div class='ocr_carea' id='block_1_43' title="bbox 2046 1296 3620 1373">
    <p class='ocr_par' dir='ltr' id='par_1_43' title="bbox 2046 1296 3620 1373">
     <span class='ocr_line' id='line_1_43' title="bbox 2046 1296 3620 1373; baseline 0.006 -23"><span class='ocrx_word' id='word_1_319' title='bbox 2046 1300 2164 1366; x_wconf 90' lang='lat' dir='ltr'><strong>ipso</strong></span> <span class='ocrx_word' id='word_1_320' title='bbox 2191 1305 2419 1352; x_wconf 88' lang='lat' dir='ltr'><strong>utuntur</strong></span> <span class='ocrx_word' id='word_1_321' title='bbox 2455 1296 2739 1367; x_wconf 83' lang='lat' dir='ltr'><strong>comparat</strong></span> <span class='ocrx_word' id='word_1_322' title='bbox 2780 1300 3024 1367; x_wconf 90' lang='lat' dir='ltr'><strong>vultum;</strong></span> <span class='ocrx_word' id='word_1_323' title='bbox 3053 1300 3199 1371; x_wconf 89' lang='lat' dir='ltr'><strong>quod</strong></span> <span class='ocrx_word' id='word_1_324' title='bbox 3230 1302 3417 1371; x_wconf 81' lang='lat' dir='ltr'><strong>utique</strong></span> <span class='ocrx_word' id='word_1_325' title='bbox 3442 1304 3620 1373; x_wconf 87' lang='lat' dir='ltr'><strong>ipsum</strong></span> 
     </span>
    </p>
   </div>
   <div class='ocr_carea' id='block_1_44' title="bbox 2044 1391 3624 1461">
    <p class='ocr_par' dir='ltr' id='par_1_44' title="bbox 2044 1391 3624 1461">
     <span class='ocr_line' id='line_1_44' title="bbox 2044 1391 3624 1461; baseline 0.004 -17"><span class='ocrx_word' id='word_1_326' title='bbox 2044 1391 2214 1444; x_wconf 89' lang='lat' dir='ltr'><strong>etiam</strong></span> <span class='ocrx_word' id='word_1_327' title='bbox 2248 1391 2446 1445; x_wconf 66' lang='lat' dir='ltr'><strong>divina:</strong></span> <span class='ocrx_word' id='word_1_328' title='bbox 2472 1391 2665 1446; x_wconf 60' lang='lat' dir='ltr'><strong>littera</strong></span> <span class='ocrx_word' id='word_1_329' title='bbox 2705 1393 2941 1461; x_wconf 91' lang='lat' dir='ltr'><strong>produnt</strong></span> <span class='ocrx_word' id='word_1_330' title='bbox 2976 1394 3083 1448; x_wconf 89' lang='lat' dir='ltr'><strong>illis</strong></span> <span class='ocrx_word' id='word_1_331' title='bbox 3115 1394 3298 1449; x_wconf 88' lang='lat' dir='ltr'><strong>verbis</strong></span> <span class='ocrx_word' id='word_1_332' title='bbox 3326 1413 3339 1449; x_wconf 90' lang='lat'><strong>:</strong></span> <span class='ocrx_word' id='word_1_333' title='bbox 3376 1414 3394 1445; x_wconf 73' lang='grc' dir='ltr'><strong>ι</strong></span> <span class='ocrx_word' id='word_1_334' title='bbox 3424 1394 3492 1450; x_wconf 91' lang='lat' dir='ltr'><strong>Ut</strong></span> <span class='ocrx_word' id='word_1_335' title='bbox 3524 1412 3624 1451; x_wconf 75' lang='lat' dir='ltr'><strong>ex-</strong></span> 
     </span>
    </p>
   </div>
   <div class='ocr_carea' id='block_1_45' title="bbox 2043 1484 3622 1561">
    <p class='ocr_par' dir='ltr' id='par_1_45' title="bbox 2043 1484 3622 1561">
     <span class='ocr_line' id='line_1_45' title="bbox 2043 1484 3622 1561; baseline 0.003 -24"><span class='ocrx_word' id='word_1_336' title='bbox 2043 1484 2241 1538; x_wconf 89' lang='lat' dir='ltr'><strong>hilaret</strong></span> <span class='ocrx_word' id='word_1_337' title='bbox 2297 1484 2494 1539; x_wconf 84' lang='lat' dir='ltr'><strong>faciem</strong></span> <span class='ocrx_word' id='word_1_338' title='bbox 2554 1486 2611 1539; x_wconf 89' lang='lat' dir='ltr'><strong>in</strong></span> <span class='ocrx_word' id='word_1_339' title='bbox 2670 1486 2792 1541; x_wconf 89' lang='lat' dir='ltr'><strong>oleo</strong></span> <span class='ocrx_word' id='word_1_340' title='bbox 2826 1487 2935 1540; x_wconf 67' lang='grc' dir='ltr'><strong>η.»</strong></span> <span class='ocrx_word' id='word_1_341' title='bbox 2975 1485 3114 1540; x_wconf 83' lang='lat' dir='ltr'><strong>liuic</strong></span> <span class='ocrx_word' id='word_1_342' title='bbox 3140 1488 3307 1558; x_wconf 85' lang='lat' dir='ltr'><strong>igitur</strong></span> <span class='ocrx_word' id='word_1_343' title='bbox 3371 1491 3622 1561; x_wconf 82' lang='lat' dir='ltr'><strong>exemplo</strong></span> 
     </span>
    </p>
   </div>
   <div class='ocr_carea' id='block_1_46' title="bbox 2038 1576 3620 1651">
    <p class='ocr_par' dir='ltr' id='par_1_46' title="bbox 2038 1576 3620 1651">
     <span class='ocr_line' id='line_1_46' title="bbox 2038 1576 3620 1651; baseline 0.004 -21"><span class='ocrx_word' id='word_1_344' title='bbox 2038 1591 2359 1646; x_wconf 85' lang='lat' dir='ltr'><strong>supremam</strong></span> <span class='ocrx_word' id='word_1_345' title='bbox 2393 1577 2512 1645; x_wconf 84' lang='lat' dir='ltr'><strong>ejus</strong></span> <span class='ocrx_word' id='word_1_346' title='bbox 2544 1576 2659 1641; x_wconf 91' lang='lat' dir='ltr'><strong>Dei,</strong></span> <span class='ocrx_word' id='word_1_347' title='bbox 2693 1579 2784 1649; x_wconf 90' lang='lat' dir='ltr'><strong>qui</strong></span> <span class='ocrx_word' id='word_1_348' title='bbox 2814 1581 3058 1634; x_wconf 91' lang='lat' dir='ltr'><strong>omnium</strong></span> <span class='ocrx_word' id='word_1_349' title='bbox 3082 1590 3165 1636; x_wconf 78' lang='lat' dir='ltr'><strong>cst</strong></span> <span class='ocrx_word' id='word_1_350' title='bbox 3222 1582 3474 1651; x_wconf 87' lang='lat' dir='ltr'><strong>princeps</strong></span> <span class='ocrx_word' id='word_1_351' title='bbox 3497 1597 3620 1636; x_wconf 88' lang='lat' dir='ltr'><strong>om-</strong></span> 
     </span>
    </p>
   </div>
   <div class='ocr_carea' id='block_1_47' title="bbox 2043 1667 3621 1742">
    <p class='ocr_par' dir='ltr' id='par_1_47' title="bbox 2043 1667 3621 1742">
     <span class='ocr_line' id='line_1_47' title="bbox 2043 1667 3621 1742; baseline 0.004 -22"><span class='ocrx_word' id='word_1_352' title='bbox 2043 1667 2305 1737; x_wconf 87' lang='lat' dir='ltr'><strong>niumque</strong></span> <span class='ocrx_word' id='word_1_353' title='bbox 2332 1681 2448 1731; x_wconf 81' lang='lat' dir='ltr'><strong>rex,</strong></span> <span class='ocrx_word' id='word_1_354' title='bbox 2480 1667 2734 1723; x_wconf 82' lang='lat' dir='ltr'><strong>virtutem</strong></span> <span class='ocrx_word' id='word_1_355' title='bbox 2762 1684 3089 1739; x_wconf 86' lang='lat' dir='ltr'><strong>comparans</strong></span> <span class='ocrx_word' id='word_1_356' title='bbox 3124 1672 3320 1732; x_wconf 90' lang='lat' dir='ltr'><strong>oratio,</strong></span> <span class='ocrx_word' id='word_1_357' title='bbox 3349 1686 3473 1725; x_wconf 91' lang='lat' dir='ltr'><strong>eum</strong></span> <span class='ocrx_word' id='word_1_358' title='bbox 3525 1672 3621 1742; x_wconf 89' lang='lat' dir='ltr'><strong>qui</strong></span> 
     </span>
    </p>
   </div>
   <div class='ocr_carea' id='block_1_48' title="bbox 2044 1759 3620 1835">
    <p class='ocr_par' dir='ltr' id='par_1_48' title="bbox 2044 1759 3620 1835">
     <span class='ocr_line' id='line_1_48' title="bbox 2044 1759 3620 1835; baseline 0.006 -23"><span class='ocrx_word' id='word_1_359' title='bbox 2044 1760 2196 1814; x_wconf 89' lang='lat' dir='ltr'><strong>solus</strong></span> <span class='ocrx_word' id='word_1_360' title='bbox 2219 1759 2321 1815; x_wconf 90' lang='lat' dir='ltr'><strong>hoc</strong></span> <span class='ocrx_word' id='word_1_361' title='bbox 2351 1766 2467 1814; x_wconf 91' lang='lat' dir='ltr'><strong>toto</strong></span> <span class='ocrx_word' id='word_1_362' title='bbox 2488 1766 2688 1814; x_wconf 90' lang='lat' dir='ltr'><strong>unctus</strong></span> <span class='ocrx_word' id='word_1_363' title='bbox 2716 1768 2821 1823; x_wconf 86' lang='lat' dir='ltr'><strong>est,</strong></span> <span class='ocrx_word' id='word_1_364' title='bbox 2840 1763 3041 1832; x_wconf 88' lang='lat' dir='ltr'><strong>quique</strong></span> <span class='ocrx_word' id='word_1_365' title='bbox 3071 1764 3269 1819; x_wconf 66' lang='lat' dir='ltr'><strong>divina:</strong></span> <span class='ocrx_word' id='word_1_366' title='bbox 3306 1773 3471 1835; x_wconf 85' lang='lat' dir='ltr'><strong>atque</strong></span> <span class='ocrx_word' id='word_1_367' title='bbox 3499 1767 3620 1835; x_wconf 91' lang='lat' dir='ltr'><strong>ejus</strong></span> 
     </span>
    </p>
   </div>
   <div class='ocr_carea' id='block_1_49' title="bbox 2045 1853 3624 1927">
    <p class='ocr_par' dir='ltr' id='par_1_49' title="bbox 2045 1853 3624 1927">
     <span class='ocr_line' id='line_1_49' title="bbox 2045 1853 3624 1927; baseline 0.004 -20"><span class='ocrx_word' id='word_1_368' title='bbox 2045 1868 2166 1923; x_wconf 68' lang='lat' dir='ltr'><strong>qua:</strong></span> <span class='ocrx_word' id='word_1_369' title='bbox 2209 1868 2334 1907; x_wconf 91' lang='lat' dir='ltr'><strong>cum</strong></span> <span class='ocrx_word' id='word_1_370' title='bbox 2384 1853 2550 1907; x_wconf 88' lang='lat' dir='ltr'><strong>nullis</strong></span> <span class='ocrx_word' id='word_1_371' title='bbox 2581 1853 2705 1907; x_wconf 88' lang='lat' dir='ltr'><strong>aliis</strong></span> <span class='ocrx_word' id='word_1_372' title='bbox 2756 1857 3193 1910; x_wconf 90' lang='lat' dir='ltr'><strong>communicatur</strong></span> <span class='ocrx_word' id='word_1_373' title='bbox 3238 1865 3481 1927; x_wconf 64' lang='lat' dir='ltr'><strong>paterna!</strong></span> <span class='ocrx_word' id='word_1_374' title='bbox 3512 1859 3624 1913; x_wconf 86' lang='lat' dir='ltr'><strong>fra-</strong></span> 
     </span>
    </p>
   </div>
   <div class='ocr_carea' id='block_1_50' title="bbox 2043 1945 3623 2022">
    <p class='ocr_par' dir='ltr' id='par_1_50' title="bbox 2043 1945 3623 2022">
     <span class='ocr_line' id='line_1_50' title="bbox 2043 1945 3623 2022; baseline 0.005 -23"><span class='ocrx_word' id='word_1_375' title='bbox 2043 1947 2274 2017; x_wconf 66' lang='lat' dir='ltr'><strong>grantia:</strong></span> <span class='ocrx_word' id='word_1_376' title='bbox 2305 1948 2576 2016; x_wconf 84' lang='lat' dir='ltr'><strong>particeps</strong></span> <span class='ocrx_word' id='word_1_377' title='bbox 2628 1945 2826 2010; x_wconf 89' lang='lat' dir='ltr'><strong>factus,</strong></span> <span class='ocrx_word' id='word_1_378' title='bbox 2860 1955 2914 2001; x_wconf 92' lang='lat' dir='ltr'><strong>et</strong></span> <span class='ocrx_word' id='word_1_379' title='bbox 2945 1948 3036 2017; x_wconf 90' lang='lat' dir='ltr'><strong>qui</strong></span> <span class='ocrx_word' id='word_1_380' title='bbox 3079 1950 3231 2003; x_wconf 87' lang='lat' dir='ltr'><strong>solus</strong></span> <span class='ocrx_word' id='word_1_381' title='bbox 3284 1966 3348 2004; x_wconf 80' lang='lat' dir='ltr'><strong>ex</strong></span> <span class='ocrx_word' id='word_1_382' title='bbox 3402 1951 3497 2006; x_wconf 82' lang='lat' dir='ltr'><strong>illo</strong></span> <span class='ocrx_word' id='word_1_383' title='bbox 3530 1967 3623 2022; x_wconf 78' lang='lat' dir='ltr'><strong>ge-</strong></span> 
     </span>
    </p>
   </div>
   <div class='ocr_carea' id='block_1_51' title="bbox 2045 2037 3623 2110">
    <p class='ocr_par' dir='ltr' id='par_1_51' title="bbox 2045 2037 3623 2110">
     <span class='ocr_line' id='line_1_51' title="bbox 2045 2037 3623 2110; baseline 0.001 -17"><span class='ocrx_word' id='word_1_384' title='bbox 2045 2041 2195 2093; x_wconf 90' lang='lat' dir='ltr'><strong>nitus</strong></span> <span class='ocrx_word' id='word_1_385' title='bbox 2235 2038 2377 2093; x_wconf 92' lang='lat' dir='ltr'><strong>Deus</strong></span> <span class='ocrx_word' id='word_1_386' title='bbox 2407 2037 2667 2101; x_wconf 82' lang='lat' dir='ltr'><strong>Verbum,</strong></span> <span class='ocrx_word' id='word_1_387' title='bbox 2699 2039 3195 2093; x_wconf 86' lang='lat' dir='ltr'><strong>communicatione</strong></span> <span class='ocrx_word' id='word_1_388' title='bbox 3240 2041 3511 2110; x_wconf 85' lang='lat' dir='ltr'><strong>gignentis</strong></span> <span class='ocrx_word' id='word_1_389' title='bbox 3538 2043 3623 2095; x_wconf 90' lang='lat' dir='ltr'><strong>in-</strong></span> 
     </span>
    </p>
   </div>
   <div class='ocr_carea' id='block_1_52' title="bbox 2043 2129 3625 2204">
    <p class='ocr_par' dir='ltr' id='par_1_52' title="bbox 2043 2129 3625 2204">
     <span class='ocr_line' id='line_1_52' title="bbox 2043 2129 3625 2204; baseline 0.001 -16"><span class='ocrx_word' id='word_1_390' title='bbox 2043 2133 2234 2204; x_wconf 84' lang='lat' dir='ltr'><strong>geniti,</strong></span> <span class='ocrx_word' id='word_1_391' title='bbox 2264 2130 2404 2186; x_wconf 90' lang='lat' dir='ltr'><strong>Deus</strong></span> <span class='ocrx_word' id='word_1_392' title='bbox 2435 2131 2502 2185; x_wconf 86' lang='lat' dir='ltr'><strong>de</strong></span> <span class='ocrx_word' id='word_1_393' title='bbox 2529 2129 2641 2184; x_wconf 88' lang='lat' dir='ltr'><strong>Deo</strong></span> <span class='ocrx_word' id='word_1_394' title='bbox 2667 2136 2751 2183; x_wconf 90' lang='lat' dir='ltr'><strong>est</strong></span> <span class='ocrx_word' id='word_1_395' title='bbox 2777 2129 3109 2194; x_wconf 88' lang='lat' dir='ltr'><strong>declaratus,</strong></span> <span class='ocrx_word' id='word_1_396' title='bbox 3137 2131 3417 2186; x_wconf 74' lang='lat' dir='ltr'><strong>Christum</strong></span> <span class='ocrx_word' id='word_1_397' title='bbox 3462 2142 3625 2204; x_wconf 83' lang='lat' dir='ltr'><strong>atque</strong></span> 
     </span>
    </p>
   </div>
   <div class='ocr_carea' id='block_1_53' title="bbox 2045 2218 3624 2286">
    <p class='ocr_par' dir='ltr' id='par_1_53' title="bbox 2045 2218 3624 2286">
     <span class='ocr_line' id='line_1_53' title="bbox 2045 2218 3624 2286; baseline 0.003 -9"><span class='ocrx_word' id='word_1_398' title='bbox 2045 2233 2273 2278; x_wconf 91' lang='lat' dir='ltr'><strong>unctum</strong></span> <span class='ocrx_word' id='word_1_399' title='bbox 2328 2223 2565 2276; x_wconf 89' lang='lat' dir='ltr'><strong>vocavit.</strong></span> <span class='ocrx_word' id='word_1_400' title='bbox 2631 2218 2900 2286; x_wconf 84' lang='lat' dir='ltr'><strong>Quocirca</strong></span> <span class='ocrx_word' id='word_1_401' title='bbox 2956 2222 3014 2275; x_wconf 88' lang='lat' dir='ltr'><strong>in</strong></span> <span class='ocrx_word' id='word_1_402' title='bbox 3080 2222 3314 2278; x_wconf 88' lang='lat' dir='ltr'><strong>Psalmis</strong></span> <span class='ocrx_word' id='word_1_403' title='bbox 3365 2225 3433 2278; x_wconf 90' lang='lat' dir='ltr'><strong>ad</strong></span> <span class='ocrx_word' id='word_1_404' title='bbox 3476 2226 3624 2281; x_wconf 87' lang='lat' dir='ltr'><strong>hunc</strong></span> 
     </span>
    </p>
   </div>
   <div class='ocr_carea' id='block_1_54' title="bbox 2045 2313 3627 2385">
    <p class='ocr_par' dir='ltr' id='par_1_54' title="bbox 2045 2313 3627 2385">
     <span class='ocr_line' id='line_1_54' title="bbox 2045 2313 3627 2385; baseline 0.003 -17"><span class='ocrx_word' id='word_1_405' title='bbox 2045 2316 2250 2385; x_wconf 90' lang='lat' dir='ltr'><strong>ipsum,</strong></span> <span class='ocrx_word' id='word_1_406' title='bbox 2288 2317 2381 2385; x_wconf 89' lang='lat' dir='ltr'><strong>qui</strong></span> <span class='ocrx_word' id='word_1_407' title='bbox 2421 2330 2451 2368; x_wconf 90' lang='lat' dir='ltr'><strong>a</strong></span> <span class='ocrx_word' id='word_1_408' title='bbox 2485 2313 2645 2368; x_wconf 87' lang='lat' dir='ltr'><strong>Patre</strong></span> <span class='ocrx_word' id='word_1_409' title='bbox 2676 2322 2876 2369; x_wconf 89' lang='lat' dir='ltr'><strong>unctus</strong></span> <span class='ocrx_word' id='word_1_410' title='bbox 2913 2314 3019 2379; x_wconf 71' lang='lat' dir='ltr'><strong>est,</strong></span> <span class='ocrx_word' id='word_1_411' title='bbox 3072 2315 3153 2370; x_wconf 89' lang='lat' dir='ltr'><strong>sic</strong></span> <span class='ocrx_word' id='word_1_412' title='bbox 3176 2316 3450 2385; x_wconf 81' lang='lat' dir='ltr'><strong>quoddam</strong></span> <span class='ocrx_word' id='word_1_413' title='bbox 3500 2333 3627 2372; x_wconf 79' lang='lat' dir='ltr'><strong>ora-</strong></span> 
     </span>
    </p>
   </div>
   <div class='ocr_carea' id='block_1_55' title="bbox 2046 2406 3621 2475">
    <p class='ocr_par' dir='ltr' id='par_1_55' title="bbox 2046 2406 3621 2475">
     <span class='ocr_line' id='line_1_55' title="bbox 2046 2406 3621 2475; baseline 0.001 -13"><span class='ocrx_word' id='word_1_414' title='bbox 2046 2409 2229 2462; x_wconf 88' lang='lat' dir='ltr'><strong>culum</strong></span> <span class='ocrx_word' id='word_1_415' title='bbox 2271 2408 2406 2462; x_wconf 87' lang='lat' dir='ltr'><strong>dicit</strong></span> <span class='ocrx_word' id='word_1_416' title='bbox 2432 2427 2444 2463; x_wconf 90' lang='lat'><strong>:</strong></span> <span class='ocrx_word' id='word_1_417' title='bbox 2474 2427 2493 2460; x_wconf 73' lang='grc' dir='ltr'><strong>ι</strong></span> <span class='ocrx_word' id='word_1_418' title='bbox 2522 2406 2690 2464; x_wconf 81' lang='lat' dir='ltr'><strong>Sedes</strong></span> <span class='ocrx_word' id='word_1_419' title='bbox 2710 2416 2826 2472; x_wconf 86' lang='lat' dir='ltr'><strong>tua,</strong></span> <span class='ocrx_word' id='word_1_420' title='bbox 2858 2407 3023 2471; x_wconf 90' lang='lat' dir='ltr'><strong>Deus,</strong></span> <span class='ocrx_word' id='word_1_421' title='bbox 3052 2410 3106 2462; x_wconf 87' lang='lat' dir='ltr'><strong>in</strong></span> <span class='ocrx_word' id='word_1_422' title='bbox 3133 2410 3392 2465; x_wconf 77' lang='lat' dir='ltr'><strong>saeculum</strong></span> <span class='ocrx_word' id='word_1_423' title='bbox 3414 2412 3621 2475; x_wconf 81' lang='lat' dir='ltr'><strong>saeculi,</strong></span> 
     </span>
    </p>
   </div>
   <div class='ocr_carea' id='block_1_56' title="bbox 2045 2499 3626 2571">
    <p class='ocr_par' dir='ltr' id='par_1_56' title="bbox 2045 2499 3626 2571">
     <span class='ocr_line' id='line_1_56' title="bbox 2045 2499 3626 2571; baseline 0.001 -16"><span class='ocrx_word' id='word_1_424' title='bbox 2045 2501 2198 2571; x_wconf 87' lang='lat' dir='ltr'><strong>virga</strong></span> <span class='ocrx_word' id='word_1_425' title='bbox 2239 2500 2579 2565; x_wconf 86' lang='lat' dir='ltr'><strong>directionis,</strong></span> <span class='ocrx_word' id='word_1_426' title='bbox 2633 2500 2783 2569; x_wconf 89' lang='lat' dir='ltr'><strong>virga</strong></span> <span class='ocrx_word' id='word_1_427' title='bbox 2821 2499 2973 2569; x_wconf 89' lang='lat' dir='ltr'><strong>regni</strong></span> <span class='ocrx_word' id='word_1_428' title='bbox 3005 2500 3108 2554; x_wconf 92' lang='lat' dir='ltr'><strong>tui.</strong></span> <span class='ocrx_word' id='word_1_429' title='bbox 3166 2499 3415 2555; x_wconf 79' lang='lat' dir='ltr'><strong>Dilexisti</strong></span> <span class='ocrx_word' id='word_1_430' title='bbox 3460 2502 3626 2570; x_wconf 83' lang='lat' dir='ltr'><strong>justi-</strong></span> 
     </span>
    </p>
   </div>
   <div class='ocr_carea' id='block_1_57' title="bbox 2046 2590 3626 2661">
    <p class='ocr_par' dir='ltr' id='par_1_57' title="bbox 2046 2590 3626 2661">
     <span class='ocr_line' id='line_1_57' title="bbox 2046 2590 3626 2661; baseline 0.001 -15"><span class='ocrx_word' id='word_1_431' title='bbox 2046 2593 2200 2657; x_wconf 87' lang='lat' dir='ltr'><strong>tiam,</strong></span> <span class='ocrx_word' id='word_1_432' title='bbox 2252 2598 2308 2645; x_wconf 88' lang='lat' dir='ltr'><strong>et</strong></span> <span class='ocrx_word' id='word_1_433' title='bbox 2365 2590 2533 2645; x_wconf 90' lang='lat' dir='ltr'><strong>odisti</strong></span> <span class='ocrx_word' id='word_1_434' title='bbox 2591 2591 2958 2660; x_wconf 87' lang='lat' dir='ltr'><strong>iniquitatem,</strong></span> <span class='ocrx_word' id='word_1_435' title='bbox 3026 2598 3318 2661; x_wconf 88' lang='lat' dir='ltr'><strong>propterea</strong></span> <span class='ocrx_word' id='word_1_436' title='bbox 3370 2593 3529 2647; x_wconf 80' lang='lat' dir='ltr'><strong>unxit</strong></span> <span class='ocrx_word' id='word_1_437' title='bbox 3572 2600 3626 2648; x_wconf 88' lang='lat' dir='ltr'><strong>te</strong></span> 
     </span>
    </p>
   </div>
   <div class='ocr_carea' id='block_1_58' title="bbox 2046 2680 3619 2748">
    <p class='ocr_par' dir='ltr' id='par_1_58' title="bbox 2046 2680 3619 2748">
     <span class='ocr_line' id='line_1_58' title="bbox 2046 2680 3619 2748; baseline 0.001 -14"><span class='ocrx_word' id='word_1_438' title='bbox 2046 2680 2191 2737; x_wconf 81' lang='lat' dir='ltr'><strong>Deus</strong></span> <span class='ocrx_word' id='word_1_439' title='bbox 2210 2680 2352 2735; x_wconf 91' lang='lat' dir='ltr'><strong>Deus</strong></span> <span class='ocrx_word' id='word_1_440' title='bbox 2367 2689 2492 2735; x_wconf 91' lang='lat' dir='ltr'><strong>tuus</strong></span> <span class='ocrx_word' id='word_1_441' title='bbox 2514 2680 2636 2734; x_wconf 91' lang='lat' dir='ltr'><strong>oleo</strong></span> <span class='ocrx_word' id='word_1_442' title='bbox 2663 2680 2862 2734; x_wconf 71' lang='lat' dir='ltr'><strong>laetitia:</strong></span> <span class='ocrx_word' id='word_1_443' title='bbox 2887 2694 2997 2748; x_wconf 82' lang='lat' dir='ltr'><strong>prae</strong></span> <span class='ocrx_word' id='word_1_444' title='bbox 3021 2682 3371 2737; x_wconf 84' lang='lat' dir='ltr'><strong>consortibus</strong></span> <span class='ocrx_word' id='word_1_445' title='bbox 3398 2684 3508 2737; x_wconf 92' lang='lat' dir='ltr'><strong>tuis</strong></span> <span class='ocrx_word' id='word_1_446' title='bbox 3523 2684 3585 2737; x_wconf 75' lang='grc' dir='ltr'>ιτ.</span> <span class='ocrx_word' id='word_1_447' title='bbox 3600 2702 3619 2735; x_wconf 75' lang='grc' dir='ltr'><strong>ι</strong></span> 
     </span>
    </p>
   </div>
   <div class='ocr_carea' id='block_1_59' title="bbox 2046 2773 3624 2846">
    <p class='ocr_par' dir='ltr' id='par_1_59' title="bbox 2046 2773 3624 2846">
     <span class='ocr_line' id='line_1_59' title="bbox 2046 2773 3624 2846; baseline 0.001 -17"><span class='ocrx_word' id='word_1_448' title='bbox 2046 2775 2116 2829; x_wconf 81' lang='lat' dir='ltr'><strong>At</strong></span> <span class='ocrx_word' id='word_1_449' title='bbox 2148 2789 2275 2829; x_wconf 93' lang='lat' dir='ltr'><strong>vero</strong></span> <span class='ocrx_word' id='word_1_450' title='bbox 2305 2788 2412 2828; x_wconf 90' lang='lat' dir='ltr'><strong>una</strong></span> <span class='ocrx_word' id='word_1_451' title='bbox 2442 2773 2660 2839; x_wconf 87' lang='lat' dir='ltr'><strong>quidem</strong></span> <span class='ocrx_word' id='word_1_452' title='bbox 2692 2782 2777 2828; x_wconf 91' lang='lat' dir='ltr'><strong>est</strong></span> <span class='ocrx_word' id='word_1_453' title='bbox 2802 2774 2911 2829; x_wconf 89' lang='lat' dir='ltr'><strong>olei</strong></span> <span class='ocrx_word' id='word_1_454' title='bbox 2968 2784 3185 2840; x_wconf 88' lang='lat' dir='ltr'><strong>natura,</strong></span> <span class='ocrx_word' id='word_1_455' title='bbox 3223 2776 3318 2828; x_wconf 87' lang='lat' dir='ltr'><strong>sed</strong></span> <span class='ocrx_word' id='word_1_456' title='bbox 3360 2775 3624 2846; x_wconf 77' lang='lat' dir='ltr'><strong>unguenti</strong></span> 
     </span>
    </p>
   </div>
   <div class='ocr_carea' id='block_1_60' title="bbox 2045 2864 3625 2938">
    <p class='ocr_par' dir='ltr' id='par_1_60' title="bbox 2045 2864 3625 2938">
     <span class='ocr_line' id='line_1_60' title="bbox 2045 2864 3625 2938; baseline 0.001 -18"><span class='ocrx_word' id='word_1_457' title='bbox 2045 2880 2167 2936; x_wconf 71' lang='lat' dir='ltr'><strong>quae</strong></span> <span class='ocrx_word' id='word_1_458' title='bbox 2221 2872 2324 2927; x_wconf 88' lang='lat' dir='ltr'><strong>est,</strong></span> <span class='ocrx_word' id='word_1_459' title='bbox 2357 2879 2421 2919; x_wconf 90' lang='lat' dir='ltr'><strong>ea</strong></span> <span class='ocrx_word' id='word_1_460' title='bbox 2454 2864 2747 2918; x_wconf 88' lang='lat' dir='ltr'><strong>multarum</strong></span> <span class='ocrx_word' id='word_1_461' title='bbox 2780 2865 2836 2918; x_wconf 89' lang='lat' dir='ltr'><strong>in</strong></span> <span class='ocrx_word' id='word_1_462' title='bbox 2864 2864 3004 2920; x_wconf 89' lang='lat' dir='ltr'><strong>idem</strong></span> <span class='ocrx_word' id='word_1_463' title='bbox 3037 2881 3368 2922; x_wconf 87' lang='lat' dir='ltr'><strong>concursum</strong></span> <span class='ocrx_word' id='word_1_464' title='bbox 3414 2867 3625 2938; x_wconf 83' lang='lat' dir='ltr'><strong>signifi-</strong></span> 
     </span>
    </p>
   </div>
   <div class='ocr_carea' id='block_1_61' title="bbox 2046 2956 3624 3030">
    <p class='ocr_par' dir='ltr' id='par_1_61' title="bbox 2046 2956 3624 3030">
     <span class='ocr_line' id='line_1_61' title="bbox 2046 2956 3624 3030; baseline 0 -18"><span class='ocrx_word' id='word_1_465' title='bbox 2046 2965 2154 3012; x_wconf 85' lang='lat' dir='ltr'><strong>cat.</strong></span> <span class='ocrx_word' id='word_1_466' title='bbox 2184 2956 2422 3013; x_wconf 84' lang='lat' dir='ltr'><strong>Proinde</strong></span> <span class='ocrx_word' id='word_1_467' title='bbox 2451 2957 2613 3012; x_wconf 87' lang='lat' dir='ltr'><strong>etiam</strong></span> <span class='ocrx_word' id='word_1_468' title='bbox 2661 2958 2839 3029; x_wconf 90' lang='lat' dir='ltr'><strong>prima</strong></span> <span class='ocrx_word' id='word_1_469' title='bbox 2894 2958 2984 3012; x_wconf 88' lang='lat' dir='ltr'><strong>illa</strong></span> <span class='ocrx_word' id='word_1_470' title='bbox 3015 2965 3069 3013; x_wconf 89' lang='lat' dir='ltr'><strong>et</strong></span> <span class='ocrx_word' id='word_1_471' title='bbox 3100 2958 3338 3030; x_wconf 74' lang='lat' dir='ltr'><strong>ingenita</strong></span> <span class='ocrx_word' id='word_1_472' title='bbox 3376 2960 3624 3013; x_wconf 86' lang='lat' dir='ltr'><strong>omnium</strong></span> 
     </span>
    </p>
   </div>
   <div class='ocr_carea' id='block_1_62' title="bbox 2044 3050 3625 3122">
    <p class='ocr_par' dir='ltr' id='par_1_62' title="bbox 2044 3050 3625 3122">
     <span class='ocr_line' id='line_1_62' title="bbox 2044 3050 3625 3122; baseline 0 -15"><span class='ocrx_word' id='word_1_473' title='bbox 2044 3052 2191 3122; x_wconf 87' lang='lat' dir='ltr'><strong>regis</strong></span> <span class='ocrx_word' id='word_1_474' title='bbox 2222 3050 2316 3106; x_wconf 90' lang='lat' dir='ltr'><strong>Dei</strong></span> <span class='ocrx_word' id='word_1_475' title='bbox 2372 3052 2565 3119; x_wconf 88' lang='lat' dir='ltr'><strong>virtus,</strong></span> <span class='ocrx_word' id='word_1_476' title='bbox 2604 3058 2876 3120; x_wconf 87' lang='lat' dir='ltr'><strong>quatenus</strong></span> <span class='ocrx_word' id='word_1_477' title='bbox 2926 3051 3146 3121; x_wconf 89' lang='lat' dir='ltr'><strong>quidem</strong></span> <span class='ocrx_word' id='word_1_478' title='bbox 3190 3051 3418 3121; x_wconf 80' lang='lat' dir='ltr'><strong>simplex</strong></span> <span class='ocrx_word' id='word_1_479' title='bbox 3461 3058 3625 3121; x_wconf 84' lang='lat' dir='ltr'><strong>atque</strong></span> 
     </span>
    </p>
   </div>
   <div class='ocr_carea' id='block_1_63' title="bbox 2048 3142 3626 3214">
    <p class='ocr_par' dir='ltr' id='par_1_63' title="bbox 2048 3142 3626 3214">
     <span class='ocr_line' id='line_1_63' title="bbox 2048 3142 3626 3214; baseline 0 -17"><span class='ocrx_word' id='word_1_480' title='bbox 2048 3142 2410 3214; x_wconf 88' lang='lat' dir='ltr'><strong>incomposita</strong></span> <span class='ocrx_word' id='word_1_481' title='bbox 2432 3182 2447 3207; x_wconf 91' lang='lat'><strong>,</strong></span> <span class='ocrx_word' id='word_1_482' title='bbox 2491 3142 2735 3213; x_wconf 88' lang='lat' dir='ltr'><strong>nullique</strong></span> <span class='ocrx_word' id='word_1_483' title='bbox 2782 3144 2872 3198; x_wconf 86' lang='lat' dir='ltr'><strong>alii</strong></span> <span class='ocrx_word' id='word_1_484' title='bbox 2905 3155 3113 3198; x_wconf 71' lang='lat' dir='ltr'><strong>natura:</strong></span> <span class='ocrx_word' id='word_1_485' title='bbox 3147 3146 3435 3199; x_wconf 88' lang='lat' dir='ltr'><strong>commista</strong></span> <span class='ocrx_word' id='word_1_486' title='bbox 3465 3144 3626 3197; x_wconf 86' lang='lat' dir='ltr'><strong>intel-</strong></span> 
     </span>
    </p>
   </div>
   <div class='ocr_carea' id='block_1_64' title="bbox 363 3234 1941 3325">
    <p class='ocr_par' dir='ltr' id='par_1_64' title="bbox 363 3248 1941 3325">
     <span class='ocr_line' id='line_1_64' title="bbox 363 3248 1941 3325; baseline -0.001 -20"><span class='ocrx_word' id='word_1_487' title='bbox 363 3252 391 3305; x_wconf 89' lang='lat'><strong>0</strong></span> <span class='ocrx_word' id='word_1_488' title='bbox 399 3250 597 3325; x_wconf 84' lang='grc' dir='ltr'>ρώπων</span> <span class='ocrx_word' id='word_1_489' title='bbox 631 3253 723 3305; x_wconf 85' lang='grc' dir='ltr'><strong>ἐπί</strong></span> <span class='ocrx_word' id='word_1_490' title='bbox 753 3252 856 3323; x_wconf 80' lang='grc' dir='ltr'>γῆς</span> <span class='ocrx_word' id='word_1_491' title='bbox 873 3251 952 3322; x_wconf 88' lang='grc' dir='ltr'><strong>τῷ</strong></span> <span class='ocrx_word' id='word_1_492' title='bbox 983 3251 1103 3323; x_wconf 88' lang='grc' dir='ltr'><strong>Θεῷ</strong></span> <span class='ocrx_word' id='word_1_493' title='bbox 1128 3250 1503 3323; x_wconf 78' lang='grc' dir='ltr'>ίερατεύεσθαι</span> <span class='ocrx_word' id='word_1_494' title='bbox 1531 3249 1834 3323; x_wconf 85' lang='grc' dir='ltr'>ἐπιτήδειον</span> <span class='ocrx_word' id='word_1_495' title='bbox 1850 3248 1941 3304; x_wconf 81' lang='grc' dir='ltr'>ἀν-</span> 
     </span>
    </p>
   </div>
   <div class='ocr_carea' id='block_1_65' title="bbox 2045 3234 3623 3325">
    <p class='ocr_par' dir='ltr' id='par_1_65' title="bbox 2047 3234 3623 3307">
     <span class='ocr_line' id='line_1_65' title="bbox 2047 3234 3623 3307; baseline 0.001 -18"><span class='ocrx_word' id='word_1_496' title='bbox 2047 3236 2252 3307; x_wconf 88' lang='lat' dir='ltr'><strong>ligitur,</strong></span> <span class='ocrx_word' id='word_1_497' title='bbox 2281 3234 2515 3304; x_wconf 86' lang='lat' dir='ltr'><strong>simplici</strong></span> <span class='ocrx_word' id='word_1_498' title='bbox 2546 3234 2652 3289; x_wconf 89' lang='lat' dir='ltr'><strong>olei</strong></span> <span class='ocrx_word' id='word_1_499' title='bbox 2679 3235 2939 3291; x_wconf 88' lang='lat' dir='ltr'><strong>locutioni</strong></span> <span class='ocrx_word' id='word_1_500' title='bbox 2965 3237 3161 3292; x_wconf 87' lang='lat' dir='ltr'><strong>collata</strong></span> <span class='ocrx_word' id='word_1_501' title='bbox 3196 3244 3315 3302; x_wconf 88' lang='lat' dir='ltr'><strong>est;</strong></span> <span class='ocrx_word' id='word_1_502' title='bbox 3351 3244 3623 3306; x_wconf 86' lang='lat' dir='ltr'><strong>quatenus</strong></span> 
     </span>
    </p>
   </div>
   <div class='ocr_carea' id='block_1_66' title="bbox 361 3341 1939 3418">
    <p class='ocr_par' dir='ltr' id='par_1_66' title="bbox 361 3341 1939 3418">
     <span class='ocr_line' id='line_1_66' title="bbox 361 3341 1939 3418; baseline -0.004 -19"><span class='ocrx_word' id='word_1_503' title='bbox 361 3345 484 3418; x_wconf 87' lang='grc' dir='ltr'>δρα,</span> <span class='ocrx_word' id='word_1_504' title='bbox 520 3344 736 3417; x_wconf 88' lang='grc' dir='ltr'>πρῶτος</span> <span class='ocrx_word' id='word_1_505' title='bbox 779 3343 965 3398; x_wconf 86' lang='grc' dir='ltr'>τοῦτον</span> <span class='ocrx_word' id='word_1_506' title='bbox 999 3343 1232 3415; x_wconf 81' lang='grc' dir='ltr'>Χριστὸν</span> <span class='ocrx_word' id='word_1_507' title='bbox 1264 3342 1605 3413; x_wconf 86' lang='grc' dir='ltr'>ἐπωνόμασε,</span> <span class='ocrx_word' id='word_1_508' title='bbox 1653 3341 1772 3394; x_wconf 88' lang='grc' dir='ltr'>κατ’</span> <span class='ocrx_word' id='word_1_509' title='bbox 1805 3342 1939 3395; x_wconf 85' lang='grc' dir='ltr'>ἀνα-</span> 
     </span>
    </p>
   </div>
   <div class='ocr_carea' id='block_1_67' title="bbox 362 3431 1939 3513">
    <p class='ocr_par' dir='ltr' id='par_1_67' title="bbox 362 3431 1939 3513">
     <span class='ocr_line' id='line_1_67' title="bbox 362 3431 1939 3513; baseline -0.006 -19"><span class='ocrx_word' id='word_1_510' title='bbox 362 3439 535 3513; x_wconf 78' lang='grc' dir='ltr'>φοράν</span> <span class='ocrx_word' id='word_1_511' title='bbox 580 3439 683 3509; x_wconf 78' lang='grc' dir='ltr'>τῆς</span> <span class='ocrx_word' id='word_1_512' title='bbox 724 3441 781 3493; x_wconf 87' lang='grc' dir='ltr'><strong>ἐν</strong></span> <span class='ocrx_word' id='word_1_513' title='bbox 811 3440 925 3501; x_wconf 89' lang='grc' dir='ltr'>τοῖς</span> <span class='ocrx_word' id='word_1_514' title='bbox 946 3438 1153 3507; x_wconf 84' lang='grc' dir='ltr'>νοητοῖς</span> <span class='ocrx_word' id='word_1_515' title='bbox 1191 3433 1441 3506; x_wconf 88' lang='grc' dir='ltr'>θεωρίας,</span> <span class='ocrx_word' id='word_1_516' title='bbox 1484 3434 1578 3487; x_wconf 76' lang='grc' dir='ltr'>καὶ</span> <span class='ocrx_word' id='word_1_517' title='bbox 1609 3432 1820 3498; x_wconf 80' lang='grc' dir='ltr'>τοῦτον,</span> <span class='ocrx_word' id='word_1_518' title='bbox 1852 3431 1939 3485; x_wconf 83' lang='grc' dir='ltr'><strong>διά</strong></span> 
     </span>
    </p>
   </div>
   <div class='ocr_carea' id='block_1_68' title="bbox 360 3523 1941 3603">
    <p class='ocr_par' dir='ltr' id='par_1_68' title="bbox 360 3523 1941 3603">
     <span class='ocr_line' id='line_1_68' title="bbox 360 3523 1941 3603; baseline -0.004 -17"><span class='ocrx_word' id='word_1_519' title='bbox 360 3549 504 3595; x_wconf 84' lang='grc' dir='ltr'>τινος</span> <span class='ocrx_word' id='word_1_520' title='bbox 536 3531 766 3603; x_wconf 87' lang='grc' dir='ltr'>ἀλοιφῆς</span> <span class='ocrx_word' id='word_1_521' title='bbox 790 3529 1022 3593; x_wconf 84' lang='grc' dir='ltr'>εὐώδους</span> <span class='ocrx_word' id='word_1_522' title='bbox 1047 3528 1330 3601; x_wconf 85' lang='grc' dir='ltr'>κρείττονα</span> <span class='ocrx_word' id='word_1_523' title='bbox 1360 3527 1471 3581; x_wconf 87' lang='grc' dir='ltr'><strong>τῶν</strong></span> <span class='ocrx_word' id='word_1_524' title='bbox 1499 3526 1705 3580; x_wconf 90' lang='grc' dir='ltr'>λοιπῶν</span> <span class='ocrx_word' id='word_1_525' title='bbox 1732 3523 1941 3598; x_wconf 85' lang='grc' dir='ltr'>ἀνθρώ-</span> 
     </span>
    </p>
   </div>
   <div class='ocr_carea' id='block_1_69' title="bbox 363 3620 1935 3696">
    <p class='ocr_par' dir='ltr' id='par_1_69' title="bbox 363 3620 1935 3696">
     <span class='ocr_line' id='line_1_69' title="bbox 363 3620 1935 3696; baseline -0.005 -16"><span class='ocrx_word' id='word_1_526' title='bbox 363 3644 479 3680; x_wconf 91' lang='grc' dir='ltr'><strong>πων</strong></span> <span class='ocrx_word' id='word_1_527' title='bbox 501 3627 807 3696; x_wconf 79' lang='grc' dir='ltr'>ἀποφήνας,</span> <span class='ocrx_word' id='word_1_528' title='bbox 841 3625 1098 3695; x_wconf 77' lang='grc' dir='ltr'>ἄντικρυς</span> <span class='ocrx_word' id='word_1_529' title='bbox 1133 3622 1227 3676; x_wconf 75' lang='grc' dir='ltr'>καὶ</span> <span class='ocrx_word' id='word_1_530' title='bbox 1256 3620 1550 3694; x_wconf 78' lang='grc' dir='ltr'>διαρρήδην</span> <span class='ocrx_word' id='word_1_531' title='bbox 1584 3620 1935 3692; x_wconf 81' lang='grc' dir='ltr'>ἀνεκήρυξεν,</span> 
     </span>
    </p>
   </div>
   <div class='ocr_carea' id='block_1_70' title="bbox 362 3709 1940 3787">
    <p class='ocr_par' dir='ltr' id='par_1_70' title="bbox 362 3709 1940 3787">
     <span class='ocr_line' id='line_1_70' title="bbox 362 3709 1940 3787; baseline -0.005 -18"><span class='ocrx_word' id='word_1_532' title='bbox 362 3716 445 3769; x_wconf 82' lang='grc' dir='ltr'>ὅτι</span> <span class='ocrx_word' id='word_1_533' title='bbox 475 3716 539 3787; x_wconf 80' lang='grc' dir='ltr'><strong>δὴ</strong></span> <span class='ocrx_word' id='word_1_534' title='bbox 570 3717 689 3768; x_wconf 91' lang='grc' dir='ltr'>κατ’</span> <span class='ocrx_word' id='word_1_535' title='bbox 719 3715 888 3786; x_wconf 83' lang='grc' dir='ltr'>αὐτὴν</span> <span class='ocrx_word' id='word_1_536' title='bbox 920 3716 952 3784; x_wconf 80' lang='grc' dir='ltr'><strong>ἠ</strong></span> <span class='ocrx_word' id='word_1_537' title='bbox 980 3712 1074 3766; x_wconf 82' lang='grc' dir='ltr'>τοῦ</span> <span class='ocrx_word' id='word_1_538' title='bbox 1116 3710 1372 3783; x_wconf 88' lang='grc' dir='ltr'>γεννητοῦ</span> <span class='ocrx_word' id='word_1_539' title='bbox 1413 3710 1574 3779; x_wconf 83' lang='grc' dir='ltr'>φύσις</span> <span class='ocrx_word' id='word_1_540' title='bbox 1607 3709 1813 3774; x_wconf 73' lang='grc' dir='ltr'>ἅπασα,</span> <span class='ocrx_word' id='word_1_541' title='bbox 1846 3710 1940 3762; x_wconf 70' lang='grc' dir='ltr'>καὶ</span> 
     </span>
    </p>
   </div>
   <div class='ocr_carea' id='block_1_71' title="bbox 364 3802 1939 3879">
    <p class='ocr_par' dir='ltr' id='par_1_71' title="bbox 364 3802 1939 3879">
     <span class='ocr_line' id='line_1_71' title="bbox 364 3802 1939 3879; baseline -0.005 -17"><span class='ocrx_word' id='word_1_542' title='bbox 364 3808 498 3862; x_wconf 81' lang='grc' dir='ltr'>πολὺ</span> <span class='ocrx_word' id='word_1_543' title='bbox 538 3807 698 3862; x_wconf 83' lang='grc' dir='ltr'>πλέον</span> <span class='ocrx_word' id='word_1_544' title='bbox 739 3809 772 3879; x_wconf 78' lang='grc' dir='ltr'>ἡ</span> <span class='ocrx_word' id='word_1_545' title='bbox 818 3806 1134 3878; x_wconf 86' lang='grc' dir='ltr'>ἀνθρωπεία</span> <span class='ocrx_word' id='word_1_546' title='bbox 1180 3806 1279 3875; x_wconf 84' lang='grc' dir='ltr'>τῆς</span> <span class='ocrx_word' id='word_1_547' title='bbox 1312 3804 1609 3873; x_wconf 79' lang='grc' dir='ltr'>ἀγεννήτου</span> <span class='ocrx_word' id='word_1_548' title='bbox 1657 3802 1939 3872; x_wconf 88' lang='grc' dir='ltr'>δυνάμεως</span> 
     </span>
    </p>
   </div>
   <div class='ocr_carea' id='block_1_72' title="bbox 360 3895 1940 3972">
    <p class='ocr_par' dir='ltr' id='par_1_72' title="bbox 360 3895 1940 3972">
     <span class='ocr_line' id='line_1_72' title="bbox 360 3895 1940 3972; baseline -0.006 -16"><span class='ocrx_word' id='word_1_549' title='bbox 360 3901 787 3972; x_wconf 75' lang='grc' dir='ltr'>ἀπολειπομένη,</span> <span class='ocrx_word' id='word_1_550' title='bbox 821 3901 989 3954; x_wconf 87' lang='grc' dir='ltr'>δεῖται</span> <span class='ocrx_word' id='word_1_551' title='bbox 1039 3901 1138 3970; x_wconf 81' lang='grc' dir='ltr'><strong>τῆς</strong></span> <span class='ocrx_word' id='word_1_552' title='bbox 1190 3897 1298 3951; x_wconf 76' lang='grc' dir='ltr'>ἀπὸ</span> <span class='ocrx_word' id='word_1_553' title='bbox 1342 3895 1437 3948; x_wconf 78' lang='grc' dir='ltr'>τοῦ</span> <span class='ocrx_word' id='word_1_554' title='bbox 1470 3895 1775 3967; x_wconf 88' lang='grc' dir='ltr'>κρείττονος</span> <span class='ocrx_word' id='word_1_555' title='bbox 1805 3895 1940 3947; x_wconf 80' lang='grc' dir='ltr'>εὐω-</span> 
     </span>
    </p>
   </div>
   <div class='ocr_carea' id='block_1_73' title="bbox 359 3984 1940 4062">
    <p class='ocr_par' dir='ltr' id='par_1_73' title="bbox 359 3984 1940 4062">
     <span class='ocr_line' id='line_1_73' title="bbox 359 3984 1940 4062; baseline -0.006 -14"><span class='ocrx_word' id='word_1_556' title='bbox 359 3996 497 4058; x_wconf 86' lang='grc' dir='ltr'>δίας.</span> <span class='ocrx_word' id='word_1_557' title='bbox 536 3992 698 4047; x_wconf 81' lang='grc' dir='ltr'>Ἀλλά</span> <span class='ocrx_word' id='word_1_558' title='bbox 724 3990 818 4045; x_wconf 79' lang='grc' dir='ltr'>τοῦ</span> <span class='ocrx_word' id='word_1_559' title='bbox 850 3990 947 4062; x_wconf 79' lang='grc' dir='ltr'>μὲν</span> <span class='ocrx_word' id='word_1_560' title='bbox 968 3989 1242 4043; x_wconf 90' lang='grc' dir='ltr'>ἀνωτάτου</span> <span class='ocrx_word' id='word_1_561' title='bbox 1268 3988 1362 4041; x_wconf 72' lang='grc' dir='ltr'>καὶ</span> <span class='ocrx_word' id='word_1_562' title='bbox 1392 3986 1609 4059; x_wconf 82' lang='grc' dir='ltr'>πρώτου</span> <span class='ocrx_word' id='word_1_563' title='bbox 1635 3984 1694 4039; x_wconf 78' lang='grc' dir='ltr'><strong>οὗ</strong></span> <span class='ocrx_word' id='word_1_564' title='bbox 1728 4003 1834 4040; x_wconf 91' lang='grc' dir='ltr'>τινι</span> <span class='ocrx_word' id='word_1_565' title='bbox 1862 3985 1940 4039; x_wconf 85' lang='grc' dir='ltr'>θε-</span> 
     </span>
    </p>
   </div>
   <div class='ocr_carea' id='block_1_74' title="bbox 365 4077 1937 4160">
    <p class='ocr_par' dir='ltr' id='par_1_74' title="bbox 365 4077 1937 4160">
     <span class='ocr_line' id='line_1_74' title="bbox 365 4077 1937 4160; baseline -0.007 -19"><span class='ocrx_word' id='word_1_566' title='bbox 365 4087 516 4160; x_wconf 81' lang='grc' dir='ltr'>μιτὸν</span> <span class='ocrx_word' id='word_1_567' title='bbox 569 4083 878 4156; x_wconf 75' lang='grc' dir='ltr'>ἐφικέσθαι.</span> <span class='ocrx_word' id='word_1_568' title='bbox 925 4083 1036 4136; x_wconf 79' lang='grc' dir='ltr'>Ἑνὶ</span> <span class='ocrx_word' id='word_1_569' title='bbox 1072 4081 1182 4153; x_wconf 83' lang='grc' dir='ltr'><strong>γὰρ</strong></span> <span class='ocrx_word' id='word_1_570' title='bbox 1224 4082 1370 4152; x_wconf 83' lang='grc' dir='ltr'>μόνῳ</span> <span class='ocrx_word' id='word_1_571' title='bbox 1412 4078 1488 4150; x_wconf 85' lang='grc' dir='ltr'><strong>τῷ</strong></span> <span class='ocrx_word' id='word_1_572' title='bbox 1512 4080 1809 4147; x_wconf 85' lang='grc' dir='ltr'>Μονογενεῖ</span> <span class='ocrx_word' id='word_1_573' title='bbox 1842 4077 1937 4131; x_wconf 68' lang='grc' dir='ltr'><strong>καὶ</strong></span> 
     </span>
    </p>
   </div>
   <div class='ocr_carea' id='block_1_75' title="bbox 361 4172 1940 4253">
    <p class='ocr_par' dir='ltr' id='par_1_75' title="bbox 361 4172 1940 4253">
     <span class='ocr_line' id='line_1_75' title="bbox 361 4172 1940 4253; baseline -0.008 -18"><span class='ocrx_word' id='word_1_574' title='bbox 361 4179 697 4253; x_wconf 86' lang='grc' dir='ltr'>Πρωτοτόκῳ</span> <span class='ocrx_word' id='word_1_575' title='bbox 722 4177 866 4231; x_wconf 79' lang='grc' dir='ltr'>τοῦτ’</span> <span class='ocrx_word' id='word_1_576' title='bbox 892 4176 1141 4230; x_wconf 83' lang='grc' dir='ltr'>ἀνέκειτο</span> <span class='ocrx_word' id='word_1_577' title='bbox 1167 4175 1227 4228; x_wconf 83' lang='grc' dir='ltr'>τὸ</span> <span class='ocrx_word' id='word_1_578' title='bbox 1254 4174 1423 4246; x_wconf 81' lang='grc' dir='ltr'>γέρας</span> <span class='ocrx_word' id='word_1_579' title='bbox 1440 4191 1453 4203; x_wconf 90' lang='grc'>·</span> <span class='ocrx_word' id='word_1_580' title='bbox 1476 4176 1590 4237; x_wconf 87' lang='grc' dir='ltr'>τοῖς</span> <span class='ocrx_word' id='word_1_581' title='bbox 1615 4172 1672 4226; x_wconf 83' lang='grc' dir='ltr'><strong>δὲ</strong></span> <span class='ocrx_word' id='word_1_582' title='bbox 1698 4174 1814 4244; x_wconf 91' lang='grc' dir='ltr'>μετ’</span> <span class='ocrx_word' id='word_1_583' title='bbox 1842 4173 1940 4227; x_wconf 83' lang='grc' dir='ltr'>αὐ-</span> 
     </span>
    </p>
   </div>
   <div class='ocr_carea' id='block_1_76' title="bbox 358 4265 1940 4341">
    <p class='ocr_par' dir='ltr' id='par_1_76' title="bbox 358 4265 1940 4341">
     <span class='ocr_line' id='line_1_76' title="bbox 358 4265 1940 4341; baseline -0.006 -13"><span class='ocrx_word' id='word_1_584' title='bbox 358 4276 450 4329; x_wconf 80' lang='grc' dir='ltr'>τὸν</span> <span class='ocrx_word' id='word_1_585' title='bbox 475 4275 574 4327; x_wconf 85' lang='grc' dir='ltr'>οὐκ</span> <span class='ocrx_word' id='word_1_586' title='bbox 603 4272 776 4336; x_wconf 80' lang='grc' dir='ltr'>ἄλλως</span> <span class='ocrx_word' id='word_1_587' title='bbox 817 4271 850 4341; x_wconf 82' lang='grc' dir='ltr'>ἢ</span> <span class='ocrx_word' id='word_1_588' title='bbox 889 4269 977 4323; x_wconf 84' lang='grc' dir='ltr'>διὰ</span> <span class='ocrx_word' id='word_1_589' title='bbox 1011 4269 1177 4341; x_wconf 85' lang='grc' dir='ltr'>μόνης</span> <span class='ocrx_word' id='word_1_590' title='bbox 1205 4268 1304 4340; x_wconf 83' lang='grc' dir='ltr'><strong>τῆς</strong></span> <span class='ocrx_word' id='word_1_591' title='bbox 1338 4265 1429 4320; x_wconf 77' lang='grc' dir='ltr'><strong>τοῦ</strong></span> <span class='ocrx_word' id='word_1_592' title='bbox 1463 4265 1715 4337; x_wconf 87' lang='grc' dir='ltr'>δευτέρου</span> <span class='ocrx_word' id='word_1_593' title='bbox 1748 4282 1940 4336; x_wconf 89' lang='grc' dir='ltr'>μετου-</span> 
     </span>
    </p>
   </div>
   <div class='ocr_carea' id='block_1_77' title="bbox 362 4358 1939 4434">
    <p class='ocr_par' dir='ltr' id='par_1_77' title="bbox 362 4358 1939 4434">
     <span class='ocr_line' id='line_1_77' title="bbox 362 4358 1939 4434; baseline -0.006 -12"><span class='ocrx_word' id='word_1_594' title='bbox 362 4369 483 4431; x_wconf 87' lang='grc' dir='ltr'>σίας</span> <span class='ocrx_word' id='word_1_595' title='bbox 512 4367 620 4419; x_wconf 87' lang='grc' dir='ltr'><strong>τῶν</strong></span> <span class='ocrx_word' id='word_1_596' title='bbox 646 4363 865 4434; x_wconf 90' lang='grc' dir='ltr'>ἀγαθῶν</span> <span class='ocrx_word' id='word_1_597' title='bbox 897 4358 1008 4417; x_wconf 73' lang='grc' dir='ltr'>οἷόν</span> <span class='ocrx_word' id='word_1_598' title='bbox 1037 4380 1097 4415; x_wconf 90' lang='grc' dir='ltr'><strong>τε</strong></span> <span class='ocrx_word' id='word_1_599' title='bbox 1136 4358 1204 4434; x_wconf 79' lang='grc' dir='ltr'>ἦν</span> <span class='ocrx_word' id='word_1_600' title='bbox 1229 4358 1591 4431; x_wconf 87' lang='grc' dir='ltr'>ἐπαύρασθαι.</span> <span class='ocrx_word' id='word_1_601' title='bbox 1624 4358 1939 4431; x_wconf 88' lang='grc' dir='ltr'>Πνεύματος</span> 
     </span>
    </p>
   </div>
   <div class='ocr_carea' id='block_1_78' title="bbox 361 4449 1939 4533">
    <p class='ocr_par' dir='ltr' id='par_1_78' title="bbox 361 4449 1939 4533">
     <span class='ocr_line' id='line_1_78' title="bbox 361 4449 1939 4533; baseline -0.007 -18"><span class='ocrx_word' id='word_1_602' title='bbox 361 4462 468 4533; x_wconf 83' lang='grc' dir='ltr'>ἄρα</span> <span class='ocrx_word' id='word_1_603' title='bbox 485 4459 665 4514; x_wconf 82' lang='grc' dir='ltr'>ἐνθέου</span> <span class='ocrx_word' id='word_1_604' title='bbox 681 4459 741 4513; x_wconf 81' lang='grc' dir='ltr'><strong>τὸ</strong></span> <span class='ocrx_word' id='word_1_605' title='bbox 762 4458 914 4529; x_wconf 86' lang='grc' dir='ltr'><strong>παρά</strong></span> <span class='ocrx_word' id='word_1_606' title='bbox 935 4457 1159 4510; x_wconf 85' lang='grc' dir='ltr'>Μωῡσεῖ</span> <span class='ocrx_word' id='word_1_607' title='bbox 1181 4453 1446 4525; x_wconf 89' lang='grc' dir='ltr'>σύμϐολον</span> <span class='ocrx_word' id='word_1_608' title='bbox 1463 4449 1548 4524; x_wconf 82' lang='grc' dir='ltr'><strong>ἦν.</strong></span> <span class='ocrx_word' id='word_1_609' title='bbox 1569 4453 1869 4525; x_wconf 87' lang='grc' dir='ltr'>Διαιρέσεις</span> <span class='ocrx_word' id='word_1_610' title='bbox 1883 4451 1939 4505; x_wconf 86' lang='grc' dir='ltr'><strong>δέ</strong></span> 
     </span>
    </p>
   </div>
   <div class='ocr_carea' id='block_1_79' title="bbox 361 4542 1938 4627">
    <p class='ocr_par' dir='ltr' id='par_1_79' title="bbox 361 4542 1938 4627">
     <span class='ocr_line' id='line_1_79' title="bbox 361 4542 1938 4627; baseline -0.006 -18"><span class='ocrx_word' id='word_1_611' title='bbox 361 4554 713 4627; x_wconf 79' lang='grc' dir='ltr'>χαρισμάτων</span> <span class='ocrx_word' id='word_1_612' title='bbox 730 4552 857 4615; x_wconf 76' lang='lat' dir='ltr'><strong>eici,</strong></span> <span class='ocrx_word' id='word_1_613' title='bbox 876 4550 938 4604; x_wconf 86' lang='grc' dir='ltr'><strong>τὸ</strong></span> <span class='ocrx_word' id='word_1_614' title='bbox 961 4549 1004 4603; x_wconf 86' lang='grc' dir='ltr'>δ’</span> <span class='ocrx_word' id='word_1_615' title='bbox 1028 4548 1158 4603; x_wconf 79' lang='grc' dir='ltr'>αὐτὸ</span> <span class='ocrx_word' id='word_1_616' title='bbox 1186 4546 1421 4618; x_wconf 80' lang='grc' dir='ltr'>πνεῦμα,</span> <span class='ocrx_word' id='word_1_617' title='bbox 1447 4542 1507 4602; x_wconf 74' lang='grc' dir='ltr'>οὗ</span> <span class='ocrx_word' id='word_1_618' title='bbox 1538 4547 1772 4618; x_wconf 87' lang='grc' dir='ltr'>μάλιστα</span> <span class='ocrx_word' id='word_1_619' title='bbox 1809 4564 1938 4618; x_wconf 88' lang='grc' dir='ltr'>μετ-</span> 
     </span>
    </p>
   </div>
   <div class='ocr_carea' id='block_1_80' title="bbox 2049 3326 3626 3399">
    <p class='ocr_par' dir='ltr' id='par_1_80' title="bbox 2049 3326 3626 3399">
     <span class='ocr_line' id='line_1_80' title="bbox 2049 3326 3626 3399; baseline 0.001 -17"><span class='ocrx_word' id='word_1_620' title='bbox 2049 3338 2229 3382; x_wconf 88' lang='lat' dir='ltr'><strong>autem</strong></span> <span class='ocrx_word' id='word_1_621' title='bbox 2262 3327 2526 3399; x_wconf 87' lang='lat' dir='ltr'><strong>plurimas</strong></span> <span class='ocrx_word' id='word_1_622' title='bbox 2558 3327 2612 3381; x_wconf 93' lang='lat' dir='ltr'><strong>in</strong></span> <span class='ocrx_word' id='word_1_623' title='bbox 2634 3326 2825 3382; x_wconf 90' lang='lat' dir='ltr'><strong>eodem</strong></span> <span class='ocrx_word' id='word_1_624' title='bbox 2864 3328 3338 3384; x_wconf 88' lang='lat' dir='ltr'><strong>considerationes</strong></span> <span class='ocrx_word' id='word_1_625' title='bbox 3374 3343 3626 3399; x_wconf 89' lang='lat' dir='ltr'><strong>compre-</strong></span> 
     </span>
    </p>
   </div>
   <div class='ocr_carea' id='block_1_81' title="bbox 2050 3418 3622 3491">
    <p class='ocr_par' dir='ltr' id='par_1_81' title="bbox 2050 3418 3622 3491">
     <span class='ocr_line' id='line_1_81' title="bbox 2050 3418 3622 3491; baseline 0.001 -18"><span class='ocrx_word' id='word_1_626' title='bbox 2050 3419 2320 3475; x_wconf 86' lang='lat' dir='ltr'><strong>hendendi</strong></span> <span class='ocrx_word' id='word_1_627' title='bbox 2353 3420 2461 3473; x_wconf 88' lang='lat' dir='ltr'><strong>vim</strong></span> <span class='ocrx_word' id='word_1_628' title='bbox 2493 3418 2673 3485; x_wconf 88' lang='lat' dir='ltr'><strong>habet,</strong></span> <span class='ocrx_word' id='word_1_629' title='bbox 2717 3427 2778 3474; x_wconf 86' lang='lat' dir='ltr'><strong>ut</strong></span> <span class='ocrx_word' id='word_1_630' title='bbox 2820 3422 2964 3489; x_wconf 88' lang='lat' dir='ltr'><strong>quod</strong></span> <span class='ocrx_word' id='word_1_631' title='bbox 3019 3420 3197 3476; x_wconf 89' lang='lat' dir='ltr'><strong>facere</strong></span> <span class='ocrx_word' id='word_1_632' title='bbox 3243 3430 3443 3491; x_wconf 89' lang='lat' dir='ltr'><strong>potest,</strong></span> <span class='ocrx_word' id='word_1_633' title='bbox 3476 3421 3622 3491; x_wconf 91' lang='lat' dir='ltr'><strong>quod</strong></span> 
     </span>
    </p>
   </div>
   <div class='ocr_carea' id='block_1_82' title="bbox 2047 3509 3625 3583">
    <p class='ocr_par' dir='ltr' id='par_1_82' title="bbox 2047 3509 3625 3583">
     <span class='ocr_line' id='line_1_82' title="bbox 2047 3509 3625 3583; baseline 0 -17"><span class='ocrx_word' id='word_1_634' title='bbox 2047 3526 2297 3582; x_wconf 86' lang='lat' dir='ltr'><strong>regnare,</strong></span> <span class='ocrx_word' id='word_1_635' title='bbox 2328 3510 2472 3581; x_wconf 89' lang='lat' dir='ltr'><strong>quod</strong></span> <span class='ocrx_word' id='word_1_636' title='bbox 2499 3510 2800 3579; x_wconf 87' lang='lat' dir='ltr'><strong>providere,</strong></span> <span class='ocrx_word' id='word_1_637' title='bbox 2823 3510 2969 3580; x_wconf 88' lang='lat' dir='ltr'><strong>quod</strong></span> <span class='ocrx_word' id='word_1_638' title='bbox 2984 3510 3253 3581; x_wconf 80' lang='lat' dir='ltr'><strong>judicare,</strong></span> <span class='ocrx_word' id='word_1_639' title='bbox 3289 3509 3449 3583; x_wconf 69' lang='grc'><strong>174</strong></span> <span class='ocrx_word' id='word_1_640' title='bbox 3479 3512 3625 3581; x_wconf 89' lang='lat' dir='ltr'><strong>quod</strong></span> 
     </span>
    </p>
   </div>
   <div class='ocr_carea' id='block_1_83' title="bbox 2047 3590 3623 3673">
    <p class='ocr_par' dir='ltr' id='par_1_83' title="bbox 2047 3590 3623 3673">
     <span class='ocr_line' id='line_1_83' title="bbox 2047 3590 3623 3673; baseline 0 -16"><span class='ocrx_word' id='word_1_641' title='bbox 2047 3619 2235 3658; x_wconf 84' lang='lat' dir='ltr'><strong>amore</strong></span> <span class='ocrx_word' id='word_1_642' title='bbox 2280 3603 2538 3673; x_wconf 90' lang='lat' dir='ltr'><strong>prosequi</strong></span> <span class='ocrx_word' id='word_1_643' title='bbox 2595 3602 2881 3666; x_wconf 85' lang='lat' dir='ltr'><strong>homines,</strong></span> <span class='ocrx_word' id='word_1_644' title='bbox 2918 3603 3062 3673; x_wconf 87' lang='lat' dir='ltr'><strong>quod</strong></span> <span class='ocrx_word' id='word_1_645' title='bbox 3118 3590 3367 3658; x_wconf 55' lang='lat' dir='ltr'><strong>salutem‘</strong></span> <span class='ocrx_word' id='word_1_646' title='bbox 3408 3603 3623 3670; x_wconf 74' lang='lat' dir='ltr'><strong>afferre,</strong></span> 
     </span>
    </p>
   </div>
   <div class='ocr_carea' id='block_1_84' title="bbox 2049 3693 3628 3765">
    <p class='ocr_par' dir='ltr' id='par_1_84' title="bbox 2049 3693 3628 3765">
     <span class='ocr_line' id='line_1_84' title="bbox 2049 3693 3628 3765; baseline -0.001 -16"><span class='ocrx_word' id='word_1_647' title='bbox 2049 3696 2262 3765; x_wconf 88' lang='lat' dir='ltr'><strong>aliaque</strong></span> <span class='ocrx_word' id='word_1_648' title='bbox 2314 3694 2732 3748; x_wconf 85' lang='lat' dir='ltr'><strong>innumerabilia</strong></span> <span class='ocrx_word' id='word_1_649' title='bbox 2800 3710 2921 3763; x_wconf 68' lang='lat' dir='ltr'><strong>quae</strong></span> <span class='ocrx_word' id='word_1_650' title='bbox 2972 3694 3325 3764; x_wconf 78' lang='lat' dir='ltr'><strong>intelligentia</strong></span> <span class='ocrx_word' id='word_1_651' title='bbox 3370 3693 3628 3748; x_wconf 89' lang='lat' dir='ltr'><strong>conside-</strong></span> 
     </span>
    </p>
   </div>
   <div class='ocr_carea' id='block_1_85' title="bbox 2047 3785 3626 3855">
    <p class='ocr_par' dir='ltr' id='par_1_85' title="bbox 2047 3785 3626 3855">
     <span class='ocr_line' id='line_1_85' title="bbox 2047 3785 3626 3855; baseline -0.003 -14"><span class='ocrx_word' id='word_1_652' title='bbox 2047 3795 2244 3841; x_wconf 87' lang='lat' dir='ltr'><strong>rantur</strong></span> <span class='ocrx_word' id='word_1_653' title='bbox 2271 3801 2285 3837; x_wconf 90' lang='lat'><strong>:</strong></span> <span class='ocrx_word' id='word_1_654' title='bbox 2317 3791 2596 3855; x_wconf 89' lang='lat' dir='ltr'><strong>unguento</strong></span> <span class='ocrx_word' id='word_1_655' title='bbox 2625 3799 2820 3839; x_wconf 88' lang='lat' dir='ltr'><strong>rursus</strong></span> <span class='ocrx_word' id='word_1_656' title='bbox 2845 3785 2958 3838; x_wconf 69' lang='lat' dir='ltr'><strong>haec</strong></span> <span class='ocrx_word' id='word_1_657' title='bbox 2990 3785 3107 3853; x_wconf 90' lang='lat' dir='ltr'><strong>ipsa</strong></span> <span class='ocrx_word' id='word_1_658' title='bbox 3133 3797 3256 3853; x_wconf 73' lang='lat' dir='ltr'><strong>quae</strong></span> <span class='ocrx_word' id='word_1_659' title='bbox 3284 3790 3338 3837; x_wconf 91' lang='lat' dir='ltr'><strong>et</strong></span> <span class='ocrx_word' id='word_1_660' title='bbox 3368 3785 3539 3837; x_wconf 90' lang='lat' dir='ltr'><strong>multa</strong></span> <span class='ocrx_word' id='word_1_661' title='bbox 3570 3791 3626 3837; x_wconf 91' lang='lat' dir='ltr'><strong>et</strong></span> 
     </span>
    </p>
   </div>
   <div class='ocr_carea' id='block_1_86' title="bbox 2048 3876 3625 3950">
    <p class='ocr_par' dir='ltr' id='par_1_86' title="bbox 2048 3876 3625 3950">
     <span class='ocr_line' id='line_1_86' title="bbox 2048 3876 3625 3950; baseline -0.003 -13"><span class='ocrx_word' id='word_1_662' title='bbox 2048 3881 2192 3937; x_wconf 90' lang='lat' dir='ltr'><strong>bona</strong></span> <span class='ocrx_word' id='word_1_663' title='bbox 2222 3879 2684 3950; x_wconf 87' lang='lat' dir='ltr'><strong>comprehendere</strong></span> <span class='ocrx_word' id='word_1_664' title='bbox 2732 3886 2909 3947; x_wconf 87' lang='lat' dir='ltr'><strong>potest</strong></span> <span class='ocrx_word' id='word_1_665' title='bbox 2940 3876 3047 3942; x_wconf 85' lang='lat' dir='ltr'><strong>vis,</strong></span> <span class='ocrx_word' id='word_1_666' title='bbox 3079 3876 3277 3931; x_wconf 90' lang='lat' dir='ltr'><strong>merito</strong></span> <span class='ocrx_word' id='word_1_667' title='bbox 3307 3887 3625 3946; x_wconf 87' lang='lat' dir='ltr'><strong>comparata</strong></span> 
     </span>
    </p>
   </div>
   <div class='ocr_carea' id='block_1_87' title="bbox 2047 3969 3627 4043">
    <p class='ocr_par' dir='ltr' id='par_1_87' title="bbox 2047 3969 3627 4043">
     <span class='ocr_line' id='line_1_87' title="bbox 2047 3969 3627 4043; baseline -0.001 -16"><span class='ocrx_word' id='word_1_668' title='bbox 2047 3981 2152 4037; x_wconf 87' lang='lat' dir='ltr'><strong>est,</strong></span> <span class='ocrx_word' id='word_1_669' title='bbox 2184 3988 2293 4042; x_wconf 92' lang='lat' dir='ltr'><strong>quo</strong></span> <span class='ocrx_word' id='word_1_670' title='bbox 2324 3978 2603 4043; x_wconf 87' lang='lat' dir='ltr'><strong>unguento</strong></span> <span class='ocrx_word' id='word_1_671' title='bbox 2631 3986 2752 4025; x_wconf 90' lang='lat' dir='ltr'><strong>eum</strong></span> <span class='ocrx_word' id='word_1_672' title='bbox 2774 3970 2867 4039; x_wconf 87' lang='lat' dir='ltr'><strong>qui</strong></span> <span class='ocrx_word' id='word_1_673' title='bbox 2895 3969 2988 4024; x_wconf 87' lang='lat' dir='ltr'><strong>Dei</strong></span> <span class='ocrx_word' id='word_1_674' title='bbox 3007 3976 3061 4023; x_wconf 89' lang='lat' dir='ltr'><strong>et</strong></span> <span class='ocrx_word' id='word_1_675' title='bbox 3093 3983 3255 4023; x_wconf 90' lang='lat' dir='ltr'><strong>verus</strong></span> <span class='ocrx_word' id='word_1_676' title='bbox 3289 3978 3341 4022; x_wconf 91' lang='lat' dir='ltr'><strong>et</strong></span> <span class='ocrx_word' id='word_1_677' title='bbox 3363 3969 3516 4023; x_wconf 87' lang='lat' dir='ltr'><strong>solus</strong></span> <span class='ocrx_word' id='word_1_678' title='bbox 3541 3976 3627 4024; x_wconf 81' lang='lat' dir='ltr'><strong>est</strong></span> 
     </span>
    </p>
   </div>
   <div class='ocr_carea' id='block_1_88' title="bbox 2046 4062 3623 4138">
    <p class='ocr_par' dir='ltr' id='par_1_88' title="bbox 2046 4062 3623 4138">
     <span class='ocr_line' id='line_1_88' title="bbox 2046 4062 3623 4138; baseline -0.004 -16"><span class='ocrx_word' id='word_1_679' title='bbox 2046 4066 2313 4138; x_wconf 81' lang='lat' dir='ltr'><strong>pontifex,</strong></span> <span class='ocrx_word' id='word_1_680' title='bbox 2351 4072 2574 4119; x_wconf 90' lang='lat' dir='ltr'><strong>unctum</strong></span> <span class='ocrx_word' id='word_1_681' title='bbox 2602 4079 2725 4119; x_wconf 87' lang='lat' dir='ltr'><strong>esse</strong></span> <span class='ocrx_word' id='word_1_682' title='bbox 2744 4063 2927 4117; x_wconf 89' lang='lat' dir='ltr'><strong>divina</strong></span> <span class='ocrx_word' id='word_1_683' title='bbox 2974 4076 3074 4117; x_wconf 89' lang='lat' dir='ltr'><strong>nos</strong></span> <span class='ocrx_word' id='word_1_684' title='bbox 3120 4062 3319 4116; x_wconf 88' lang='lat' dir='ltr'><strong>docent</strong></span> <span class='ocrx_word' id='word_1_685' title='bbox 3376 4062 3623 4116; x_wconf 89' lang='lat' dir='ltr'><strong>oracula.</strong></span> 
     </span>
    </p>
   </div>
   <div class='ocr_carea' id='block_1_89' title="bbox 2048 4155 3627 4231">
    <p class='ocr_par' dir='ltr' id='par_1_89' title="bbox 2048 4155 3627 4231">
     <span class='ocr_line' id='line_1_89' title="bbox 2048 4155 3627 4231; baseline -0.005 -16"><span class='ocrx_word' id='word_1_686' title='bbox 2048 4165 2114 4215; x_wconf 76' lang='lat' dir='ltr'><strong>Et</strong></span> <span class='ocrx_word' id='word_1_687' title='bbox 2144 4162 2354 4231; x_wconf 90' lang='lat' dir='ltr'><strong>primus</strong></span> <span class='ocrx_word' id='word_1_688' title='bbox 2388 4157 2606 4229; x_wconf 89' lang='lat' dir='ltr'><strong>quidem</strong></span> <span class='ocrx_word' id='word_1_689' title='bbox 2646 4159 2763 4227; x_wconf 87' lang='lat' dir='ltr'><strong>ipse</strong></span> <span class='ocrx_word' id='word_1_690' title='bbox 2802 4155 3037 4227; x_wconf 83' lang='lat' dir='ltr'><strong>Moyses,</strong></span> <span class='ocrx_word' id='word_1_691' title='bbox 3067 4172 3160 4225; x_wconf 77' lang='lat' dir='ltr'><strong>qui</strong></span> <span class='ocrx_word' id='word_1_692' title='bbox 3208 4155 3261 4208; x_wconf 90' lang='lat' dir='ltr'><strong>in</strong></span> <span class='ocrx_word' id='word_1_693' title='bbox 3295 4156 3511 4211; x_wconf 89' lang='lat' dir='ltr'><strong>arcanis</strong></span> <span class='ocrx_word' id='word_1_694' title='bbox 3541 4155 3627 4210; x_wconf 88' lang='lat' dir='ltr'><strong>di-</strong></span> 
     </span>
    </p>
   </div>
   <div class='ocr_carea' id='block_1_90' title="bbox 2048 4249 3626 4320">
    <p class='ocr_par' dir='ltr' id='par_1_90' title="bbox 2048 4249 3626 4320">
     <span class='ocr_line' id='line_1_90' title="bbox 2048 4249 3626 4320; baseline -0.002 -13"><span class='ocrx_word' id='word_1_695' title='bbox 2048 4256 2297 4309; x_wconf 84' lang='lat' dir='ltr'><strong>vinarum</strong></span> <span class='ocrx_word' id='word_1_696' title='bbox 2337 4265 2518 4307; x_wconf 90' lang='lat' dir='ltr'><strong>rerum</strong></span> <span class='ocrx_word' id='word_1_697' title='bbox 2554 4249 2897 4319; x_wconf 89' lang='lat' dir='ltr'><strong>inspectione</strong></span> <span class='ocrx_word' id='word_1_698' title='bbox 2944 4264 3009 4303; x_wconf 90' lang='lat' dir='ltr'><strong>ac</strong></span> <span class='ocrx_word' id='word_1_699' title='bbox 3052 4249 3458 4320; x_wconf 87' lang='lat' dir='ltr'><strong>mysteriorum,</strong></span> <span class='ocrx_word' id='word_1_700' title='bbox 3503 4264 3626 4318; x_wconf 73' lang='lat' dir='ltr'><strong>quae</strong></span> 
     </span>
    </p>
   </div>
   <div class='ocr_carea' id='block_1_91' title="bbox 2048 4339 3625 4417">
    <p class='ocr_par' dir='ltr' id='par_1_91' title="bbox 2048 4339 3625 4417">
     <span class='ocr_line' id='line_1_91' title="bbox 2048 4339 3625 4417; baseline -0.004 -16"><span class='ocrx_word' id='word_1_701' title='bbox 2048 4346 2117 4401; x_wconf 88' lang='lat' dir='ltr'><strong>ab</strong></span> <span class='ocrx_word' id='word_1_702' title='bbox 2150 4348 2268 4417; x_wconf 89' lang='lat' dir='ltr'><strong>ipso</strong></span> <span class='ocrx_word' id='word_1_703' title='bbox 2315 4345 2371 4399; x_wconf 90' lang='lat' dir='ltr'><strong>in</strong></span> <span class='ocrx_word' id='word_1_704' title='bbox 2412 4343 2480 4398; x_wconf 90' lang='lat' dir='ltr'><strong>iis</strong></span> <span class='ocrx_word' id='word_1_705' title='bbox 2524 4342 2831 4411; x_wconf 74' lang='lat' dir='ltr'><strong>visionibus</strong></span> <span class='ocrx_word' id='word_1_706' title='bbox 2855 4341 3056 4412; x_wconf 88' lang='lat' dir='ltr'><strong>quibus</strong></span> <span class='ocrx_word' id='word_1_707' title='bbox 3083 4339 3249 4395; x_wconf 93' lang='lat' dir='ltr'><strong>Deum</strong></span> <span class='ocrx_word' id='word_1_708' title='bbox 3301 4348 3625 4410; x_wconf 48' lang='lat' dir='ltr'><strong>praesentem</strong></span> 
     </span>
    </p>
   </div>
   <div class='ocr_carea' id='block_1_92' title="bbox 2049 4431 3627 4510">
    <p class='ocr_par' dir='ltr' id='par_1_92' title="bbox 2049 4431 3627 4510">
     <span class='ocr_line' id='line_1_92' title="bbox 2049 4431 3627 4510; baseline -0.005 -16"><span class='ocrx_word' id='word_1_709' title='bbox 2049 4439 2423 4510; x_wconf 80' lang='lat' dir='ltr'><strong>agnoscebat,</strong></span> <span class='ocrx_word' id='word_1_710' title='bbox 2460 4435 2527 4490; x_wconf 89' lang='lat' dir='ltr'><strong>de</strong></span> <span class='ocrx_word' id='word_1_711' title='bbox 2556 4436 2734 4506; x_wconf 87' lang='lat' dir='ltr'><strong>primo</strong></span> <span class='ocrx_word' id='word_1_712' title='bbox 2764 4441 2817 4489; x_wconf 84' lang='lat' dir='ltr'><strong>et</strong></span> <span class='ocrx_word' id='word_1_713' title='bbox 2866 4434 2985 4491; x_wconf 89' lang='lat' dir='ltr'><strong>solo</strong></span> <span class='ocrx_word' id='word_1_714' title='bbox 3048 4440 3236 4496; x_wconf 92' lang='lat' dir='ltr'><strong>uncto,</strong></span> <span class='ocrx_word' id='word_1_715' title='bbox 3283 4439 3337 4486; x_wconf 90' lang='lat' dir='ltr'><strong>et</strong></span> <span class='ocrx_word' id='word_1_716' title='bbox 3371 4431 3627 4501; x_wconf 85' lang='lat' dir='ltr'><strong>pontifice</strong></span> 
     </span>
    </p>
   </div>
   <div class='ocr_carea' id='block_1_93' title="bbox 2050 4525 3625 4602">
    <p class='ocr_par' dir='ltr' id='par_1_93' title="bbox 2050 4525 3625 4602">
     <span class='ocr_line' id='line_1_93' title="bbox 2050 4525 3625 4602; baseline -0.004 -17"><span class='ocrx_word' id='word_1_717' title='bbox 2050 4531 2143 4587; x_wconf 89' lang='lat' dir='ltr'><strong>Dei</strong></span> <span class='ocrx_word' id='word_1_718' title='bbox 2171 4532 2411 4602; x_wconf 72' lang='lat' dir='ltr'><strong>perlecta</strong></span> <span class='ocrx_word' id='word_1_719' title='bbox 2451 4539 2603 4592; x_wconf 88' lang='lat' dir='ltr'><strong>sunt,</strong></span> <span class='ocrx_word' id='word_1_720' title='bbox 2664 4528 2862 4599; x_wconf 86' lang='lat' dir='ltr'><strong>dignus</strong></span> <span class='ocrx_word' id='word_1_721' title='bbox 2917 4526 3137 4582; x_wconf 89' lang='lat' dir='ltr'><strong>habitus</strong></span> <span class='ocrx_word' id='word_1_722' title='bbox 3196 4533 3299 4592; x_wconf 90' lang='lat' dir='ltr'><strong>est,</strong></span> <span class='ocrx_word' id='word_1_723' title='bbox 3361 4525 3625 4593; x_wconf 66' lang='lat' dir='ltr'><strong>imagines</strong></span> 
     </span>
    </p>
   </div>
   <div class='ocr_carea' id='block_1_94' title="bbox 361 4621 1941 4720">
    <p class='ocr_par' dir='ltr' id='par_1_94' title="bbox 361 4621 1939 4720">
     <span class='ocr_line' id='line_1_94' title="bbox 361 4621 1939 4720; baseline -0.006 -18"><span class='ocrx_word' id='word_1_724' title='bbox 361 4621 506 4720; x_wconf 43' lang='lat' dir='ltr'><strong>{‘XE‘W</strong></span> <span class='ocrx_word' id='word_1_725' title='bbox 531 4621 541 4625; x_wconf 28' lang='grc'>⁷</span> <span class='ocrx_word' id='word_1_726' title='bbox 564 4644 961 4718; x_wconf 86' lang='grc' dir='ltr'>φιλοτιμεῖσθαι</span> <span class='ocrx_word' id='word_1_727' title='bbox 999 4646 1181 4714; x_wconf 79' lang='grc' dir='ltr'>ἱερέας</span> <span class='ocrx_word' id='word_1_728' title='bbox 1214 4642 1307 4697; x_wconf 76' lang='grc' dir='ltr'>καὶ</span> <span class='ocrx_word' id='word_1_729' title='bbox 1338 4643 1622 4711; x_wconf 82' lang='grc' dir='ltr'>προφήτας</span> <span class='ocrx_word' id='word_1_730' title='bbox 1658 4642 1752 4695; x_wconf 67' lang='grc' dir='ltr'><strong>καὶ</strong></span> <span class='ocrx_word' id='word_1_731' title='bbox 1785 4640 1939 4711; x_wconf 85' lang='grc' dir='ltr'>βασι-</span> 
     </span>
    </p>
   </div>
   <div class='ocr_carea' id='block_1_95' title="bbox 2045 4621 3623 4720">
    <p class='ocr_par' dir='ltr' id='par_1_95' title="bbox 2045 4621 3623 4696">
     <span class='ocr_line' id='line_1_95' title="bbox 2045 4621 3623 4696; baseline -0.004 -16"><span class='ocrx_word' id='word_1_732' title='bbox 2045 4625 2262 4696; x_wconf 86' lang='lat' dir='ltr'><strong>jubetur</strong></span> <span class='ocrx_word' id='word_1_733' title='bbox 2292 4624 2346 4677; x_wconf 92' lang='lat' dir='ltr'><strong>in</strong></span> <span class='ocrx_word' id='word_1_734' title='bbox 2374 4634 2519 4678; x_wconf 91' lang='lat' dir='ltr'><strong>terra</strong></span> <span class='ocrx_word' id='word_1_735' title='bbox 2552 4629 2605 4676; x_wconf 78' lang='lat' dir='ltr'><strong>et</strong></span> <span class='ocrx_word' id='word_1_736' title='bbox 2657 4631 2815 4677; x_wconf 88' lang='lat' dir='ltr'><strong>notas</strong></span> <span class='ocrx_word' id='word_1_737' title='bbox 2866 4621 3135 4677; x_wconf 86' lang='lat' dir='ltr'><strong>conficere</strong></span> <span class='ocrx_word' id='word_1_738' title='bbox 3187 4634 3377 4674; x_wconf 87' lang='lat' dir='ltr'><strong>eorum</strong></span> <span class='ocrx_word' id='word_1_739' title='bbox 3418 4634 3538 4687; x_wconf 77' lang='lat' dir='ltr'><strong>quae</strong></span> <span class='ocrx_word' id='word_1_740' title='bbox 3567 4621 3623 4673; x_wconf 91' lang='lat' dir='ltr'><strong>in</strong></span> 
     </span>
    </p>
   </div>
   <div class='ocr_carea' id='block_1_96' title="bbox 361 4730 1937 4810">
    <p class='ocr_par' dir='ltr' id='par_1_96' title="bbox 361 4730 1937 4810">
     <span class='ocr_line' id='line_1_96' title="bbox 361 4730 1937 4810; baseline -0.006 -16"><span class='ocrx_word' id='word_1_741' title='bbox 361 4740 488 4805; x_wconf 81' lang='grc' dir='ltr'>λέας</span> <span class='ocrx_word' id='word_1_742' title='bbox 507 4739 644 4810; x_wconf 74' lang='grc' dir='ltr'>ᾤετο</span> <span class='ocrx_word' id='word_1_743' title='bbox 673 4739 805 4802; x_wconf 85' lang='grc' dir='ltr'>δεῖν,</span> <span class='ocrx_word' id='word_1_744' title='bbox 832 4737 908 4801; x_wconf 83' lang='grc' dir='ltr'>ὡς</span> <span class='ocrx_word' id='word_1_745' title='bbox 935 4735 1002 4790; x_wconf 83' lang='grc' dir='ltr'>ἂν</span> <span class='ocrx_word' id='word_1_746' title='bbox 1033 4737 1132 4805; x_wconf 75' lang='grc' dir='ltr'><strong>οὐχ</strong></span> <span class='ocrx_word' id='word_1_747' title='bbox 1154 4733 1296 4805; x_wconf 80' lang='grc' dir='ltr'>ὑπὲρ</span> <span class='ocrx_word' id='word_1_748' title='bbox 1335 4732 1541 4787; x_wconf 88' lang='grc' dir='ltr'>ἐαυτῶν</span> <span class='ocrx_word' id='word_1_749' title='bbox 1567 4733 1747 4803; x_wconf 89' lang='grc' dir='ltr'>μόνον,</span> <span class='ocrx_word' id='word_1_750' title='bbox 1801 4730 1937 4786; x_wconf 86' lang='grc' dir='ltr'><strong>ἀλλά</strong></span> 
     </span>
    </p>
   </div>
   <div class='ocr_carea' id='block_1_97' title="bbox 363 4825 1939 4900">
    <p class='ocr_par' dir='ltr' id='par_1_97' title="bbox 363 4825 1939 4900">
     <span class='ocr_line' id='line_1_97' title="bbox 363 4825 1939 4900; baseline -0.007 -11"><span class='ocrx_word' id='word_1_751' title='bbox 363 4834 564 4897; x_wconf 79' lang='grc' dir='ltr'>παντὸς</span> <span class='ocrx_word' id='word_1_752' title='bbox 608 4832 702 4886; x_wconf 84' lang='grc' dir='ltr'>τοῦ</span> <span class='ocrx_word' id='word_1_753' title='bbox 742 4831 928 4894; x_wconf 77' lang='grc' dir='ltr'>ἔθνους</span> <span class='ocrx_word' id='word_1_754' title='bbox 965 4828 1043 4900; x_wconf 86' lang='grc' dir='ltr'><strong>τῷ</strong></span> <span class='ocrx_word' id='word_1_755' title='bbox 1076 4827 1195 4899; x_wconf 88' lang='grc' dir='ltr'><strong>Θεῷ</strong></span> <span class='ocrx_word' id='word_1_756' title='bbox 1232 4826 1706 4897; x_wconf 86' lang='grc' dir='ltr'>καθωσιωμένους.</span> <span class='ocrx_word' id='word_1_757' title='bbox 1734 4826 1855 4879; x_wconf 87' lang='grc' dir='ltr'><strong>Ὅτι</strong></span> <span class='ocrx_word' id='word_1_758' title='bbox 1882 4825 1939 4879; x_wconf 85' lang='grc' dir='ltr'><strong>δέ</strong></span> 
     </span>
    </p>
   </div>
   <div class='ocr_carea' id='block_1_98' title="bbox 362 4918 1939 5001">
    <p class='ocr_par' dir='ltr' id='par_1_98' title="bbox 362 4918 1939 5001">
     <span class='ocr_line' id='line_1_98' title="bbox 362 4918 1939 5001; baseline -0.008 -19"><span class='ocrx_word' id='word_1_759' title='bbox 362 4929 425 5001; x_wconf 71' lang='grc' dir='ltr'>δὴ</span> <span class='ocrx_word' id='word_1_760' title='bbox 447 4927 733 5000; x_wconf 84' lang='grc' dir='ltr'>θειοτέρων</span> <span class='ocrx_word' id='word_1_761' title='bbox 748 4921 817 4997; x_wconf 79' lang='grc' dir='ltr'>ἦν</span> <span class='ocrx_word' id='word_1_762' title='bbox 837 4924 907 4977; x_wconf 83' lang='grc' dir='ltr'><strong>τά</strong></span> <span class='ocrx_word' id='word_1_763' title='bbox 932 4922 1084 4995; x_wconf 85' lang='grc' dir='ltr'><strong>παρά</strong></span> <span class='ocrx_word' id='word_1_764' title='bbox 1103 4923 1328 4976; x_wconf 84' lang='grc' dir='ltr'>Μωῦσεῖ</span> <span class='ocrx_word' id='word_1_765' title='bbox 1349 4918 1613 4991; x_wconf 88' lang='grc' dir='ltr'>σύμϐολα,</span> <span class='ocrx_word' id='word_1_766' title='bbox 1632 4918 1724 4972; x_wconf 75' lang='grc' dir='ltr'><strong>καὶ</strong></span> <span class='ocrx_word' id='word_1_767' title='bbox 1752 4918 1827 4982; x_wconf 84' lang='grc' dir='ltr'>ὡς</span> <span class='ocrx_word' id='word_1_768' title='bbox 1845 4918 1939 4972; x_wconf 89' lang='grc' dir='ltr'>δυ-</span> 
     </span>
    </p>
   </div>
   <div class='ocr_carea' id='block_1_99' title="bbox 365 5010 1938 5091">
    <p class='ocr_par' dir='ltr' id='par_1_99' title="bbox 365 5010 1938 5091">
     <span class='ocr_line' id='line_1_99' title="bbox 365 5010 1938 5091; baseline -0.008 -16"><span class='ocrx_word' id='word_1_769' title='bbox 365 5022 516 5076; x_wconf 75' lang='grc' dir='ltr'>νατὸν</span> <span class='ocrx_word' id='word_1_770' title='bbox 569 5017 638 5091; x_wconf 80' lang='grc' dir='ltr'>ἦν</span> <span class='ocrx_word' id='word_1_771' title='bbox 692 5019 786 5070; x_wconf 77' lang='grc' dir='ltr'>καὶ</span> <span class='ocrx_word' id='word_1_772' title='bbox 831 5018 960 5071; x_wconf 80' lang='grc' dir='ltr'>ἄνευ</span> <span class='ocrx_word' id='word_1_773' title='bbox 1010 5013 1243 5084; x_wconf 86' lang='grc' dir='ltr'>γεώδους</span> <span class='ocrx_word' id='word_1_774' title='bbox 1291 5011 1464 5084; x_wconf 86' lang='grc' dir='ltr'>μύρου</span> <span class='ocrx_word' id='word_1_775' title='bbox 1518 5012 1643 5075; x_wconf 85' lang='grc' dir='ltr'>τοὺς</span> <span class='ocrx_word' id='word_1_776' title='bbox 1686 5011 1764 5082; x_wconf 89' lang='grc' dir='ltr'>τῷ</span> <span class='ocrx_word' id='word_1_777' title='bbox 1809 5010 1938 5082; x_wconf 87' lang='grc' dir='ltr'>θείῳ</span> 
     </span>
    </p>
   </div>
   <div class='ocr_carea' id='block_1_100' title="bbox 366 5103 1939 5184">
    <p class='ocr_par' dir='ltr' id='par_1_100' title="bbox 366 5103 1939 5184">
     <span class='ocr_line' id='line_1_100' title="bbox 366 5103 1939 5184; baseline -0.008 -17"><span class='ocrx_word' id='word_1_778' title='bbox 366 5114 640 5184; x_wconf 83' lang='grc' dir='ltr'>Πνεύματι</span> <span class='ocrx_word' id='word_1_779' title='bbox 686 5109 944 5177; x_wconf 89' lang='grc' dir='ltr'>κατόχους</span> <span class='ocrx_word' id='word_1_780' title='bbox 981 5108 1234 5178; x_wconf 68' lang='grc' dir='ltr'>χριστοὺς</span> <span class='ocrx_word' id='word_1_781' title='bbox 1279 5103 1662 5175; x_wconf 75' lang='grc' dir='ltr'>ὀνομάζεσθαι,</span> <span class='ocrx_word' id='word_1_782' title='bbox 1710 5104 1843 5175; x_wconf 85' lang='grc' dir='ltr'>φέρε</span> <span class='ocrx_word' id='word_1_783' title='bbox 1886 5121 1939 5156; x_wconf 92' lang='grc' dir='ltr'><strong>τι</strong></span> 
     </span>
    </p>
   </div>
   <div class='ocr_carea' id='block_1_101' title="bbox 366 5195 1938 5277">
    <p class='ocr_par' dir='ltr' id='par_1_101' title="bbox 366 5195 1938 5277">
     <span class='ocr_line' id='line_1_101' title="bbox 366 5195 1938 5277; baseline -0.008 -17"><span class='ocrx_word' id='word_1_784' title='bbox 366 5206 565 5277; x_wconf 81' lang='grc' dir='ltr'>μᾶλλον</span> <span class='ocrx_word' id='word_1_785' title='bbox 612 5202 1004 5274; x_wconf 84' lang='grc' dir='ltr'>ἀκριϐέστερον</span> <span class='ocrx_word' id='word_1_786' title='bbox 1053 5198 1495 5270; x_wconf 79' lang='grc' dir='ltr'>διασκεψώμεθα.</span> <span class='ocrx_word' id='word_1_787' title='bbox 1553 5196 1718 5250; x_wconf 80' lang='grc' dir='ltr'>Δαϐὶδ</span> <span class='ocrx_word' id='word_1_788' title='bbox 1754 5197 1813 5249; x_wconf 85' lang='grc' dir='ltr'><strong>ἐν</strong></span> <span class='ocrx_word' id='word_1_789' title='bbox 1866 5195 1938 5266; x_wconf 87' lang='grc' dir='ltr'>ρδ’</span> 
     </span>
    </p>
   </div>
   <div class='ocr_carea' id='block_1_102' title="bbox 361 5285 1944 5368">
    <p class='ocr_par' dir='ltr' id='par_1_102' title="bbox 361 5285 1944 5368">
     <span class='ocr_line' id='line_1_102' title="bbox 361 5285 1944 5368; baseline -0.008 -17"><span class='ocrx_word' id='word_1_790' title='bbox 361 5297 582 5368; x_wconf 80' lang='grc' dir='ltr'>ψαλμῷ,</span> <span class='ocrx_word' id='word_1_791' title='bbox 622 5295 722 5358; x_wconf 81' lang='grc' dir='ltr'>τὰς</span> <span class='ocrx_word' id='word_1_792' title='bbox 756 5293 883 5363; x_wconf 77' lang='grc' dir='ltr'>περὶ</span> <span class='ocrx_word' id='word_1_793' title='bbox 912 5292 1003 5345; x_wconf 77' lang='grc' dir='ltr'><strong>τὸν</strong></span> <span class='ocrx_word' id='word_1_794' title='bbox 1047 5291 1316 5361; x_wconf 83' lang='grc' dir='ltr'>Ἀϐραὰμ,</span> <span class='ocrx_word' id='word_1_795' title='bbox 1361 5288 1574 5344; x_wconf 76' lang='grc' dir='ltr'>καὶτὸν</span> <span class='ocrx_word' id='word_1_796' title='bbox 1617 5285 1822 5351; x_wconf 83' lang='grc' dir='ltr'>Ἰσαάκ,</span> <span class='ocrx_word' id='word_1_797' title='bbox 1850 5288 1944 5341; x_wconf 65' lang='grc' dir='ltr'><strong>καὶ</strong></span> 
     </span>
    </p>
   </div>
   <div class='ocr_carea' id='block_1_103' title="bbox 361 5370 1938 5453">
    <p class='ocr_par' dir='ltr' id='par_1_103' title="bbox 361 5370 1938 5453">
     <span class='ocr_line' id='line_1_103' title="bbox 361 5370 1938 5453; baseline -0.008 -9"><span class='ocrx_word' id='word_1_798' title='bbox 361 5391 452 5444; x_wconf 76' lang='grc' dir='ltr'><strong>τδν</strong></span> <span class='ocrx_word' id='word_1_799' title='bbox 490 5370 685 5442; x_wconf 73' lang='grc' dir='ltr'>’Ϊακὼϐ</span> <span class='ocrx_word' id='word_1_800' title='bbox 705 5383 987 5441; x_wconf 85' lang='grc' dir='ltr'>ἀναλαϐὼν</span> <span class='ocrx_word' id='word_1_801' title='bbox 1020 5383 1281 5453; x_wconf 85' lang='grc' dir='ltr'>ἱστορίας,</span> <span class='ocrx_word' id='word_1_802' title='bbox 1312 5382 1509 5445; x_wconf 77' lang='grc' dir='ltr'>αὐτοὺς</span> <span class='ocrx_word' id='word_1_803' title='bbox 1539 5381 1783 5442; x_wconf 88' lang='grc' dir='ltr'>ἐκείνους</span> <span class='ocrx_word' id='word_1_804' title='bbox 1813 5380 1938 5442; x_wconf 80' lang='grc' dir='ltr'>τοὺς</span> 
     </span>
    </p>
   </div>
   <div class='ocr_carea' id='block_1_104' title="bbox 362 5469 1939 5550">
    <p class='ocr_par' dir='ltr' id='par_1_104' title="bbox 362 5469 1939 5550">
     <span class='ocr_line' id='line_1_104' title="bbox 362 5469 1939 5550; baseline -0.008 -16"><span class='ocrx_word' id='word_1_805' title='bbox 362 5479 628 5550; x_wconf 80' lang='grc' dir='ltr'>θεοφιλεῖς</span> <span class='ocrx_word' id='word_1_806' title='bbox 647 5476 1020 5549; x_wconf 86' lang='grc' dir='ltr'>προπάτορας,</span> <span class='ocrx_word' id='word_1_807' title='bbox 1045 5472 1139 5527; x_wconf 62' lang='grc' dir='ltr'><strong>καὶ¹</strong></span> <span class='ocrx_word' id='word_1_808' title='bbox 1160 5473 1267 5544; x_wconf 85' lang='grc' dir='ltr'><strong>πρὸ</strong></span> <span class='ocrx_word' id='word_1_809' title='bbox 1284 5472 1397 5525; x_wconf 89' lang='grc' dir='ltr'><strong>τῶν</strong></span> <span class='ocrx_word' id='word_1_810' title='bbox 1418 5470 1697 5533; x_wconf 85' lang='grc' dir='ltr'>Μωῦσέως</span> <span class='ocrx_word' id='word_1_811' title='bbox 1732 5469 1939 5542; x_wconf 86' lang='grc' dir='ltr'>χρόνων</span> 
     </span>
    </p>
   </div>
   <div class='ocr_carea' id='block_1_105' title="bbox 361 5555 1940 5642">
    <p class='ocr_par' dir='ltr' id='par_1_105' title="bbox 361 5555 1940 5642">
     <span class='ocr_line' id='line_1_105' title="bbox 361 5555 1940 5642; baseline -0.009 -18"><span class='ocrx_word' id='word_1_812' title='bbox 361 5569 706 5642; x_wconf 74' lang='grc' dir='ltr'>γενομένους,</span> <span class='ocrx_word' id='word_1_813' title='bbox 760 5565 1016 5638; x_wconf 79' lang='grc' dir='ltr'>χριστοὺς</span> <span class='ocrx_word' id='word_1_814' title='bbox 1059 5561 1346 5626; x_wconf 80' lang='grc' dir='ltr'>ἀποκαλεῖ,</span> <span class='ocrx_word' id='word_1_815' title='bbox 1398 5560 1460 5612; x_wconf 85' lang='grc' dir='ltr'><strong>ού</strong></span> <span class='ocrx_word' id='word_1_816' title='bbox 1508 5558 1576 5612; x_wconf 84' lang='grc' dir='ltr'>δι’</span> <span class='ocrx_word' id='word_1_817' title='bbox 1602 5558 1730 5612; x_wconf 84' lang='grc' dir='ltr'>ἄλλο</span> <span class='ocrx_word' id='word_1_818' title='bbox 1773 5558 1808 5627; x_wconf 79' lang='grc' dir='ltr'><strong>ἢ</strong></span> <span class='ocrx_word' id='word_1_819' title='bbox 1851 5555 1940 5613; x_wconf 84' lang='grc' dir='ltr'><strong>διά</strong></span> 
     </span>
    </p>
   </div>
   <div class='ocr_carea' id='block_1_106' title="bbox 360 5646 1935 5734">
    <p class='ocr_par' dir='ltr' id='par_1_106' title="bbox 360 5646 1935 5734">
     <span class='ocr_line' id='line_1_106' title="bbox 360 5646 1935 5734; baseline -0.012 -17"><span class='ocrx_word' id='word_1_820' title='bbox 360 5662 459 5734; x_wconf 71' lang='grc' dir='ltr'>τὴν</span> <span class='ocrx_word' id='word_1_821' title='bbox 510 5660 605 5715; x_wconf 82' lang='grc' dir='ltr'><strong>τοῦ</strong></span> <span class='ocrx_word' id='word_1_822' title='bbox 657 5658 799 5712; x_wconf 89' lang='grc' dir='ltr'>θείου</span> <span class='ocrx_word' id='word_1_823' title='bbox 851 5655 1189 5727; x_wconf 85' lang='grc' dir='ltr'>Πνεύματος,</span> <span class='ocrx_word' id='word_1_824' title='bbox 1229 5646 1291 5706; x_wconf 75' lang='grc' dir='ltr'><strong>οὗ</strong></span> <span class='ocrx_word' id='word_1_825' title='bbox 1338 5652 1604 5721; x_wconf 60' lang='grc' dir='ltr'>μετεῖχον,</span> <span class='ocrx_word' id='word_1_826' title='bbox 1656 5648 1935 5719; x_wconf 77' lang='grc' dir='ltr'>ἐπιρροήν.</span> 
     </span>
    </p>
   </div>
   <div class='ocr_carea' id='block_1_107' title="bbox 373 5736 1937 5826">
    <p class='ocr_par' dir='ltr' id='par_1_107' title="bbox 373 5736 1937 5826">
     <span class='ocr_line' id='line_1_107' title="bbox 373 5736 1937 5826; baseline -0.013 -17"><span class='ocrx_word' id='word_1_827' title='bbox 373 5754 684 5826; x_wconf 78' lang='grc' dir='ltr'>Ἰττορήσας</span> <span class='ocrx_word' id='word_1_828' title='bbox 704 5750 833 5821; x_wconf 71' lang='grc' dir='ltr'>γοῦν</span> <span class='ocrx_word' id='word_1_829' title='bbox 855 5752 1005 5813; x_wconf 73' lang='grc' dir='ltr'>ὅπως</span> <span class='ocrx_word' id='word_1_830' title='bbox 1029 5742 1439 5813; x_wconf 79' lang='grc' dir='ltr'>ἐπεξενώθησαν</span> <span class='ocrx_word' id='word_1_831' title='bbox 1461 5744 1572 5804; x_wconf 89' lang='grc' dir='ltr'>τοῖς</span> <span class='ocrx_word' id='word_1_832' title='bbox 1600 5736 1937 5807; x_wconf 70' lang='grc' dir='ltr'>ἀλλοφύλοις,</span> 
     </span>
    </p>
   </div>
   <div class='ocr_carea' id='block_1_108' title="bbox 433 5861 1556 5936">
    <p class='ocr_par' dir='ltr' id='par_1_108' title="bbox 433 5861 1556 5936">
     <span class='ocr_line' id='line_1_108' title="bbox 433 5861 1556 5936; baseline -0.009 -8"><span class='ocrx_word' id='word_1_833' title='bbox 433 5876 477 5906; x_wconf 84' lang='grc'>¹⁸</span> <span class='ocrx_word' id='word_1_834' title='bbox 510 5871 652 5929; x_wconf 81' lang='lat' dir='ltr'><strong>Psal.</strong></span> <span class='ocrx_word' id='word_1_835' title='bbox 690 5887 807 5936; x_wconf 82' lang='lat' dir='ltr'><strong>cm,</strong></span> <span class='ocrx_word' id='word_1_836' title='bbox 845 5869 925 5925; x_wconf 76' lang='lat'><strong>15.</strong></span> <span class='ocrx_word' id='word_1_837' title='bbox 1007 5870 1048 5901; x_wconf 76' lang='grc'><strong>’⁷</strong></span> <span class='ocrx_word' id='word_1_838' title='bbox 1078 5865 1224 5923; x_wconf 79' lang='lat' dir='ltr'><strong>Psal.</strong></span> <span class='ocrx_word' id='word_1_839' title='bbox 1268 5878 1412 5925; x_wconf 64' lang='grc' dir='ltr'>κων,</span> <span class='ocrx_word' id='word_1_840' title='bbox 1444 5861 1556 5918; x_wconf 72' lang='grc' dir='ltr'><strong>7ο8.</strong></span> 
     </span>
    </p>
   </div>
   <div class='ocr_carea' id='block_1_109' title="bbox 2045 4711 3625 4783">
    <p class='ocr_par' dir='ltr' id='par_1_109' title="bbox 2045 4711 3625 4783">
     <span class='ocr_line' id='line_1_109' title="bbox 2045 4711 3625 4783; baseline -0.005 -10"><span class='ocrx_word' id='word_1_841' title='bbox 2045 4717 2154 4773; x_wconf 87' lang='lat' dir='ltr'><strong>illis</strong></span> <span class='ocrx_word' id='word_1_842' title='bbox 2187 4718 2277 4772; x_wconf 82' lang='lat' dir='ltr'><strong>Dei</strong></span> <span class='ocrx_word' id='word_1_843' title='bbox 2313 4716 2617 4772; x_wconf 86' lang='lat' dir='ltr'><strong>visionibus</strong></span> <span class='ocrx_word' id='word_1_844' title='bbox 2639 4716 3001 4777; x_wconf 75' lang='lat' dir='ltr'><strong>intellexerat,</strong></span> <span class='ocrx_word' id='word_1_845' title='bbox 3029 4721 3087 4767; x_wconf 91' lang='lat' dir='ltr'><strong>ut</strong></span> <span class='ocrx_word' id='word_1_846' title='bbox 3129 4719 3223 4783; x_wconf 87' lang='lat' dir='ltr'><strong>qui</strong></span> <span class='ocrx_word' id='word_1_847' title='bbox 3258 4714 3459 4767; x_wconf 87' lang='lat' dir='ltr'><strong>talibus</strong></span> <span class='ocrx_word' id='word_1_848' title='bbox 3482 4711 3625 4765; x_wconf 85' lang='lat' dir='ltr'><strong>notis</strong></span> 
     </span>
    </p>
   </div>
   <div class='ocr_carea' id='block_1_110' title="bbox 2047 4803 3628 4881">
    <p class='ocr_par' dir='ltr' id='par_1_110' title="bbox 2047 4803 3628 4881">
     <span class='ocr_line' id='line_1_110' title="bbox 2047 4803 3628 4881; baseline -0.009 -12"><span class='ocrx_word' id='word_1_849' title='bbox 2047 4828 2112 4868; x_wconf 89' lang='lat' dir='ltr'><strong>ac</strong></span> <span class='ocrx_word' id='word_1_850' title='bbox 2151 4809 2324 4881; x_wconf 81' lang='lat' dir='ltr'><strong>signis</strong></span> <span class='ocrx_word' id='word_1_851' title='bbox 2365 4806 2515 4878; x_wconf 90' lang='lat' dir='ltr'><strong>digni</strong></span> <span class='ocrx_word' id='word_1_852' title='bbox 2565 4807 2734 4861; x_wconf 86' lang='lat' dir='ltr'><strong>habiti</strong></span> <span class='ocrx_word' id='word_1_853' title='bbox 2765 4817 2939 4873; x_wconf 86' lang='lat' dir='ltr'><strong>erant,</strong></span> <span class='ocrx_word' id='word_1_854' title='bbox 2967 4821 3031 4860; x_wconf 90' lang='lat' dir='ltr'><strong>ea</strong></span> <span class='ocrx_word' id='word_1_855' title='bbox 3087 4811 3309 4874; x_wconf 86' lang='lat' dir='ltr'><strong>possent</strong></span> <span class='ocrx_word' id='word_1_856' title='bbox 3362 4803 3628 4871; x_wconf 88' lang='lat' dir='ltr'><strong>tantisper</strong></span> 
     </span>
    </p>
   </div>
   <div class='ocr_carea' id='block_1_111' title="bbox 2048 4882 3628 4969">
    <p class='ocr_par' dir='ltr' id='par_1_111' title="bbox 2048 4882 3628 4969">
     <span class='ocr_line' id='line_1_111' title="bbox 2048 4882 3628 4969; baseline -0.008 -10"><span class='ocrx_word' id='word_1_857' title='bbox 2048 4903 2299 4959; x_wconf 88' lang='lat' dir='ltr'><strong>meditari</strong></span> <span class='ocrx_word' id='word_1_858' title='bbox 2332 4901 2509 4969; x_wconf 89' lang='lat' dir='ltr'><strong>iisque</strong></span> <span class='ocrx_word' id='word_1_859' title='bbox 2532 4915 2591 4954; x_wconf 90' lang='lat' dir='ltr'><strong>se</strong></span> <span class='ocrx_word' id='word_1_860' title='bbox 2622 4914 2900 4961; x_wconf 81' lang='lat' dir='ltr'><strong>exercere,</strong></span> <span class='ocrx_word' id='word_1_861' title='bbox 2960 4899 3087 4952; x_wconf 92' lang='lat' dir='ltr'><strong>dum</strong></span> <span class='ocrx_word' id='word_1_862' title='bbox 3114 4912 3235 4967; x_wconf 73' lang='lat' dir='ltr'><strong>qua:</strong></span> <span class='ocrx_word' id='word_1_863' title='bbox 3269 4882 3395 4950; x_wconf 83' lang='lat' dir='ltr'><strong>vera</strong></span> <span class='ocrx_word' id='word_1_864' title='bbox 3441 4901 3628 4949; x_wconf 87' lang='lat' dir='ltr'><strong>essent</strong></span> 
     </span>
    </p>
   </div>
   <div class='ocr_carea' id='block_1_112' title="bbox 2046 4988 3625 5068">
    <p class='ocr_par' dir='ltr' id='par_1_112' title="bbox 2046 4988 3625 5068">
     <span class='ocr_line' id='line_1_112' title="bbox 2046 4988 3625 5068; baseline -0.006 -17"><span class='ocrx_word' id='word_1_865' title='bbox 2046 4997 2319 5068; x_wconf 89' lang='lat' dir='ltr'><strong>inspicere</strong></span> <span class='ocrx_word' id='word_1_866' title='bbox 2348 5011 2459 5049; x_wconf 91' lang='lat' dir='ltr'><strong>non</strong></span> <span class='ocrx_word' id='word_1_867' title='bbox 2491 4994 2745 5049; x_wconf 88' lang='lat' dir='ltr'><strong>dabatur.</strong></span> <span class='ocrx_word' id='word_1_868' title='bbox 2792 4991 2843 5047; x_wconf 78' lang='lat' dir='ltr'><strong>Is</strong></span> <span class='ocrx_word' id='word_1_869' title='bbox 2873 4992 3038 5062; x_wconf 85' lang='lat' dir='ltr'><strong>igitur</strong></span> <span class='ocrx_word' id='word_1_870' title='bbox 3088 4992 3350 5045; x_wconf 89' lang='lat' dir='ltr'><strong>selectum</strong></span> <span class='ocrx_word' id='word_1_871' title='bbox 3405 4988 3625 5041; x_wconf 90' lang='lat' dir='ltr'><strong>interim</strong></span> 
     </span>
    </p>
   </div>
   <div class='ocr_carea' id='block_1_113' title="bbox 2044 5078 3626 5157">
    <p class='ocr_par' dir='ltr' id='par_1_113' title="bbox 2044 5078 3626 5157">
     <span class='ocr_line' id='line_1_113' title="bbox 2044 5078 3626 5157; baseline -0.009 -10"><span class='ocrx_word' id='word_1_872' title='bbox 2044 5107 2112 5147; x_wconf 76' lang='lat' dir='ltr'><strong>ex</strong></span> <span class='ocrx_word' id='word_1_873' title='bbox 2134 5092 2220 5147; x_wconf 89' lang='lat' dir='ltr'><strong>his</strong></span> <span class='ocrx_word' id='word_1_874' title='bbox 2255 5088 2589 5152; x_wconf 88' lang='lat' dir='ltr'><strong>hominibus,</strong></span> <span class='ocrx_word' id='word_1_875' title='bbox 2622 5087 2717 5157; x_wconf 89' lang='lat' dir='ltr'><strong>qui</strong></span> <span class='ocrx_word' id='word_1_876' title='bbox 2761 5087 2815 5140; x_wconf 90' lang='lat' dir='ltr'><strong>in</strong></span> <span class='ocrx_word' id='word_1_877' title='bbox 2847 5096 2991 5141; x_wconf 91' lang='lat' dir='ltr'><strong>terra</strong></span> <span class='ocrx_word' id='word_1_878' title='bbox 3018 5091 3324 5147; x_wconf 86' lang='lat' dir='ltr'><strong>versantur,</strong></span> <span class='ocrx_word' id='word_1_879' title='bbox 3348 5081 3524 5133; x_wconf 87' lang='lat' dir='ltr'><strong>virmn</strong></span> <span class='ocrx_word' id='word_1_880' title='bbox 3558 5078 3626 5132; x_wconf 89' lang='lat' dir='ltr'><strong>ad</strong></span> 
     </span>
    </p>
   </div>
   <div class='ocr_carea' id='block_1_114' title="bbox 2046 5170 3626 5245">
    <p class='ocr_par' dir='ltr' id='par_1_114' title="bbox 2046 5170 3626 5245">
     <span class='ocr_line' id='line_1_114' title="bbox 2046 5170 3626 5245; baseline -0.008 -7"><span class='ocrx_word' id='word_1_881' title='bbox 2046 5197 2203 5239; x_wconf 87' lang='lat' dir='ltr'><strong>sacra</strong></span> <span class='ocrx_word' id='word_1_882' title='bbox 2255 5180 2365 5237; x_wconf 88' lang='lat' dir='ltr'><strong>Deo</strong></span> <span class='ocrx_word' id='word_1_883' title='bbox 2424 5179 2674 5235; x_wconf 73' lang='lat' dir='ltr'><strong>facienda</strong></span> <span class='ocrx_word' id='word_1_884' title='bbox 2724 5178 3004 5237; x_wconf 90' lang='lat' dir='ltr'><strong>idoneum,</strong></span> <span class='ocrx_word' id='word_1_885' title='bbox 3065 5173 3277 5245; x_wconf 90' lang='lat' dir='ltr'><strong>primus</strong></span> <span class='ocrx_word' id='word_1_886' title='bbox 3346 5170 3626 5226; x_wconf 85' lang='lat' dir='ltr'><strong>Christum</strong></span> 
     </span>
    </p>
   </div>
   <div class='ocr_carea' id='block_1_115' title="bbox 2048 5262 3626 5344">
    <p class='ocr_par' dir='ltr' id='par_1_115' title="bbox 2048 5262 3626 5344">
     <span class='ocr_line' id='line_1_115' title="bbox 2048 5262 3626 5344; baseline -0.009 -14"><span class='ocrx_word' id='word_1_887' title='bbox 2048 5276 2370 5335; x_wconf 87' lang='lat' dir='ltr'><strong>nominavit,</strong></span> <span class='ocrx_word' id='word_1_888' title='bbox 2410 5272 2828 5344; x_wconf 88' lang='lat' dir='ltr'><strong>appellationem</strong></span> <span class='ocrx_word' id='word_1_889' title='bbox 2861 5268 2926 5323; x_wconf 91' lang='lat' dir='ltr'><strong>ad</strong></span> <span class='ocrx_word' id='word_1_890' title='bbox 2965 5283 3029 5322; x_wconf 88' lang='lat' dir='ltr'><strong>ea</strong></span> <span class='ocrx_word' id='word_1_891' title='bbox 3077 5265 3323 5321; x_wconf 85' lang='lat' dir='ltr'><strong>referens</strong></span> <span class='ocrx_word' id='word_1_892' title='bbox 3356 5278 3475 5334; x_wconf 69' lang='lat' dir='ltr'><strong>qua:</strong></span> <span class='ocrx_word' id='word_1_893' title='bbox 3511 5262 3626 5317; x_wconf 85' lang='lat' dir='ltr'><strong>sola</strong></span> 
     </span>
    </p>
   </div>
   <div class='ocr_carea' id='block_1_116' title="bbox 2044 5354 3629 5436">
    <p class='ocr_par' dir='ltr' id='par_1_116' title="bbox 2044 5354 3629 5436">
     <span class='ocr_line' id='line_1_116' title="bbox 2044 5354 3629 5436; baseline -0.009 -18"><span class='ocrx_word' id='word_1_894' title='bbox 2044 5364 2398 5436; x_wconf 84' lang='lat' dir='ltr'><strong>intelligentia</strong></span> <span class='ocrx_word' id='word_1_895' title='bbox 2423 5363 2878 5424; x_wconf 87' lang='lat' dir='ltr'><strong>considerantur;</strong></span> <span class='ocrx_word' id='word_1_896' title='bbox 2905 5358 2999 5429; x_wconf 89' lang='lat' dir='ltr'><strong>qui</strong></span> <span class='ocrx_word' id='word_1_897' title='bbox 3024 5373 3155 5412; x_wconf 89' lang='lat' dir='ltr'><strong>sane</strong></span> <span class='ocrx_word' id='word_1_898' title='bbox 3172 5370 3295 5409; x_wconf 91' lang='lat' dir='ltr'><strong>cum</strong></span> <span class='ocrx_word' id='word_1_899' title='bbox 3320 5354 3467 5408; x_wconf 87' lang='lat' dir='ltr'><strong>hunc</strong></span> <span class='ocrx_word' id='word_1_900' title='bbox 3492 5368 3629 5423; x_wconf 86' lang='lat' dir='ltr'><strong>qua-</strong></span> 
     </span>
    </p>
   </div>
   <div class='ocr_carea' id='block_1_117' title="bbox 2045 5443 3627 5529">
    <p class='ocr_par' dir='ltr' id='par_1_117' title="bbox 2045 5443 3627 5529">
     <span class='ocr_line' id='line_1_117' title="bbox 2045 5443 3627 5529; baseline -0.01 -16"><span class='ocrx_word' id='word_1_901' title='bbox 2045 5456 2169 5513; x_wconf 87' lang='lat' dir='ltr'><strong>dam</strong></span> <span class='ocrx_word' id='word_1_902' title='bbox 2190 5454 2455 5529; x_wconf 83' lang='lat' dir='ltr'><strong>fragranti</strong></span> <span class='ocrx_word' id='word_1_903' title='bbox 2483 5455 2742 5509; x_wconf 87' lang='lat' dir='ltr'><strong>unctione</strong></span> <span class='ocrx_word' id='word_1_904' title='bbox 2792 5447 3228 5521; x_wconf 69' lang='lat' dir='ltr'><strong>praestantiorem</strong></span> <span class='ocrx_word' id='word_1_905' title='bbox 3261 5444 3475 5500; x_wconf 65' lang='lat' dir='ltr'><strong>caeteris</strong></span> <span class='ocrx_word' id='word_1_906' title='bbox 3526 5443 3627 5498; x_wconf 82' lang='lat' dir='ltr'><strong>ho-</strong></span> 
     </span>
    </p>
   </div>
   <div class='ocr_carea' id='block_1_118' title="bbox 2045 5535 3620 5612">
    <p class='ocr_par' dir='ltr' id='par_1_118' title="bbox 2045 5535 3620 5612">
     <span class='ocr_line' id='line_1_118' title="bbox 2045 5535 3620 5612; baseline -0.008 -9"><span class='ocrx_word' id='word_1_907' title='bbox 2045 5550 2289 5605; x_wconf 88' lang='lat' dir='ltr'><strong>minibus</strong></span> <span class='ocrx_word' id='word_1_908' title='bbox 2336 5548 2692 5612; x_wconf 83' lang='lat' dir='ltr'><strong>declarasset,</strong></span> <span class='ocrx_word' id='word_1_909' title='bbox 2723 5542 3011 5598; x_wconf 84' lang='lat' dir='ltr'><strong>verissime</strong></span> <span class='ocrx_word' id='word_1_910' title='bbox 3056 5551 3110 5595; x_wconf 85' lang='lat' dir='ltr'><strong>et</strong></span> <span class='ocrx_word' id='word_1_911' title='bbox 3153 5538 3473 5611; x_wconf 87' lang='lat' dir='ltr'><strong>planissime</strong></span> <span class='ocrx_word' id='word_1_912' title='bbox 3525 5535 3620 5591; x_wconf 83' lang='lat' dir='ltr'><strong>de-</strong></span> 
     </span>
    </p>
   </div>
   <div class='ocr_carea' id='block_1_119' title="bbox 2046 5628 3629 5705">
    <p class='ocr_par' dir='ltr' id='par_1_119' title="bbox 2046 5628 3629 5705">
     <span class='ocr_line' id='line_1_119' title="bbox 2046 5628 3629 5705; baseline -0.011 -8"><span class='ocrx_word' id='word_1_913' title='bbox 2046 5642 2341 5705; x_wconf 88' lang='lat' dir='ltr'><strong>nuntiavit,</strong></span> <span class='ocrx_word' id='word_1_914' title='bbox 2397 5652 2614 5694; x_wconf 90' lang='lat' dir='ltr'><strong>omnem</strong></span> <span class='ocrx_word' id='word_1_915' title='bbox 2667 5641 2922 5689; x_wconf 76' lang='lat' dir='ltr'><strong>naturam</strong></span> <span class='ocrx_word' id='word_1_916' title='bbox 2958 5646 3081 5702; x_wconf 75' lang='lat' dir='ltr'><strong>quae</strong></span> <span class='ocrx_word' id='word_1_917' title='bbox 3142 5635 3326 5686; x_wconf 83' lang='lat' dir='ltr'><strong>creata</strong></span> <span class='ocrx_word' id='word_1_918' title='bbox 3355 5635 3459 5693; x_wconf 89' lang='lat' dir='ltr'><strong>est,</strong></span> <span class='ocrx_word' id='word_1_919' title='bbox 3492 5628 3629 5681; x_wconf 84' lang='lat' dir='ltr'><strong>mul-</strong></span> 
     </span>
    </p>
   </div>
   <div class='ocr_carea' id='block_1_120' title="bbox 2049 5721 3626 5808">
    <p class='ocr_par' dir='ltr' id='par_1_120' title="bbox 2049 5721 3626 5808">
     <span class='ocr_line' id='line_1_120' title="bbox 2049 5721 3626 5808; baseline -0.011 -19"><span class='ocrx_word' id='word_1_920' title='bbox 2049 5742 2214 5808; x_wconf 87' lang='lat' dir='ltr'><strong>toque</strong></span> <span class='ocrx_word' id='word_1_921' title='bbox 2230 5734 2393 5787; x_wconf 86' lang='lat' dir='ltr'><strong>etiam</strong></span> <span class='ocrx_word' id='word_1_922' title='bbox 2424 5728 2599 5803; x_wconf 79' lang='lat' dir='ltr'><strong>magis</strong></span> <span class='ocrx_word' id='word_1_923' title='bbox 2626 5727 2922 5782; x_wconf 87' lang='lat' dir='ltr'><strong>humanam</strong></span> <span class='ocrx_word' id='word_1_924' title='bbox 2967 5734 3063 5796; x_wconf 77' lang='lat' dir='ltr'><strong>per</strong></span> <span class='ocrx_word' id='word_1_925' title='bbox 3092 5740 3172 5790; x_wconf 84' lang='lat' dir='ltr'><strong>se,</strong></span> <span class='ocrx_word' id='word_1_926' title='bbox 3212 5723 3342 5779; x_wconf 86' lang='lat' dir='ltr'><strong>dum</strong></span> <span class='ocrx_word' id='word_1_927' title='bbox 3369 5736 3400 5776; x_wconf 88' lang='lat' dir='ltr'><strong>a</strong></span> <span class='ocrx_word' id='word_1_928' title='bbox 3423 5721 3626 5775; x_wconf 75' lang='lat' dir='ltr'><strong>virtute</strong></span> 
     </span>
    </p>
   </div>
  </div>
