4126 6422
535 331 646 383 99?)

1212 328 1478 383 EL‘SEBII
1513 328 1998 383 armamaxas
2037 328 2186 383 ore.
2233 316 2515 385 eansgt.
2559 322 2639 373 —-:‘
2667 284 3167 392 arouocmtca.

3680 343 3787 402 296

538 446 781 498 increata
841 445 1181 512 relinquitur,
1211 445 1604 514 praestantioris
1659 444 1963 513 cujuspiam
2001 444 2086 497 ira

2211 446 2304 498 καὶ
2334 446 2410 509 ὡς
2443 445 2912 513 ἐπιϐουλευθέντες
2962 444 3203 522 σωτῆρος
3251 452 3439 523 ἔτυχον
3481 455 3574 509 τοῦ
3625 455 3783 522 Θεοῦ,

534 535 764 602 grantiaz
793 534 1056 604 indigere,
1090 535 1184 587 sed
1240 551 1360 603 qua:
1387 534 1577 591 Patris“
1607 538 1826 606 quidem
1876 536 2020 590 illius
2051 545 2105 590 et

537 625 762 693 ingeniti
792 633 897 689 est,
929 640 1043 677 eam
1070 626 1336 693 attingere
1365 626 1568 679 nemini
1591 625 1673 680 fas
1695 635 1798 682 est.
1835 626 1935 681 Uni
1960 629 2102 682 enim

534 715 797 768 duntaxat
835 715 996 767 unico
1028 714 1313 784 primoque
1370 717 1573 785 genito,
1627 717 1730 771 hoc
1766 729 2103 773 reservatqu

532 819 617 861 est
648 806 871 859 donum.
906 806 1006 871 Qui
1038 815 1216 860 autem
1261 816 1383 877 post
1428 809 1577 860 illum
1608 809 1901 873 exsistunt,
1936 809 1969 862 ii
1995 825 2101 864 non

533 900 691 951 aliter
713 914 873 968 quam
927 914 1022 969 per
1060 899 1304 967 ejusdem
1348 898 1620 969 Unigeniti
1652 902 2103 956 communicatio-

532 1007 676 1055 nem,
736 993 998 1045 honorum
1040 999 1318 1060 compotes
1374 992 1487 1045 fieri
1536 1002 1826 1061 poterant:
1865 995 2101 1063 Spiritus

530 1099 659 1153 ergo
686 1083 854 1136 divini
892 1084 942 1137 id
975 1084 1117 1152 quod
1151 1084 1290 1152 apud
1318 1082 1552 1154 Moysen:
1580 1086 1769 1146 fertur,
1798 1096 1923 1140 nota
1955 1101 2101 1156 qua:-

531 1174 656 1227 dam
710 1184 849 1230 erat.
910 1174 1216 1229 Divisiones
1270 1191 1433 1244 porro
1497 1177 1764 1230 donorum
1798 1183 1947 1238 sunt,
2004 1176 2099 1231 sed

532 1269 673 1321 idem
704 1275 786 1321 est
815 1266 1071 1336 Spiritus,
1122 1270 1279 1337 cujus
1316 1268 1547 1323 maxime
1581 1278 1639 1321 ut
1666 1268 1778 1322 heri
1808 1270 2099 1339 participes

532 1364 833 1421 studerent,
865 1370 918 1414 et
945 1361 1256 1414 sacerdotes
1277 1369 1329 1413 et
1360 1361 1632 1430 prophetae
1662 1367 1715 1413 et
1754 1376 1939 1430 reges,
1961 1376 2099 1423 opus

528 1468 651 1506 esse
674 1453 1059 1515 arbitrabatur,
1094 1462 1277 1521 utpote
1306 1454 1396 1521 qui
1422 1468 1529 1505 non
1562 1468 1657 1520 pro
1674 1451 1870 1520 seipsis
1898 1452 2095 1515 solum,

530 1561 719 1599 verum
780 1546 942 1597 etiam
1005 1560 1102 1614 pro
1154 1553 1264 1597 tota
1300 1552 1457 1613 gente
1503 1544 1608 1597 Deo
1664 1543 1862 1597 sat-rati
1893 1554 2095 1601 essent.

529 1636 684 1703 Quod
717 1644 897 1689 autem
947 1650 1126 1688 rerum
1173 1636 1344 1703 magis
1370 1635 1674 1688 divinarum
1727 1633 1961 1688 Mosaica
2006 1636 2096 1690 illa

530 1737 670 1780 nota:
692 1726 935 1795 quaedam
969 1735 1171 1787 essent,
1198 1734 1253 1779 et
1279 1725 1421 1793 quod
1459 1724 1572 1776 ﬁeri
1619 1732 1802 1793 possvt
1842 1733 1900 1777 ut
1931 1725 2093 1778 etiam

529 1821 647 1874 sine
677 1818 919 1872 terrestri
944 1826 1216 1887 unguento
1244 1816 1429 1869 divino
1463 1814 1669 1883 Spiritu
1695 1815 1854 1868 alllati
1886 1824 2091 1880 essent,

528 1910 718 1964 Cill‘is‘li
746 1909 1176 1972 nominarentur,
1207 1907 1434 1977 agedum
1470 1909 1750 1976 aliquanto
1781 1906 2094 1977 diligentius

526 2002 936 2055 consideremus
970 2000 1082 2067 jam
1118 2014 1284 2054 nunc.
1337 1997 1501 2051 David
1555 1999 1720 2067 igitur
1763 1998 1820 2051 in
1885 1998 2095 2066 psalmo

523 2108 613 2147 Civ
646 2093 705 2155 ¹⁸,
735 2093 862 2146 dum
890 2105 1008 2159 quae
1037 2090 1104 2144 ad
1133 2089 1425 2152 Abraham,
1446 2096 1498 2143 et
1519 2089 1687 2152 Isaae,
1711 2098 1763 2143 et
1786 2087 1957 2143 Jaeob
1983 2105 2097 2158 per-

525 2186 716 2247 tinent,
769 2185 1026 2240 historias
1074 2186 1284 2252 repetit,
1346 2183 1494 2252 ipsos
1534 2182 1690 2250 plane
1714 2181 1834 2236 illos
1882 2191 2092 2235 veteres

522 2275 732 2340 Patres,
761 2284 814 2330 et
841 2277 933 2345 qui
965 2285 1088 2329 ante
1124 2274 1324 2344 Moysis
1352 2280 1564 2327 aetatem
1587 2272 1825 2336 fuerunt,
1855 2272 2091 2327 christos

525 2378 701 2431 vocat,
740 2369 942 2423 nullam
982 2370 1054 2422 ob
1085 2367 1245 2420 aliam
1277 2380 1497 2419 causam
1540 2381 1700 2434 quam
1747 2372 1968 2435 propter
2008 2363 2093 2418 di-

520 2462 631 2515 vini
668 2459 929 2529 Spiritus,
977 2460 1138 2528 cujus
1182 2459 1475 2528 participes
1517 2466 1698 2517 erant,
1731 2455 2087 2511 inlluentiam.

524 2552 681 2621 175
714 2551 768 2604 lu
806 2550 1144 2619 expositione
1192 2550 1354 2619 igitur
1401 2549 1773 2613 historiarum,
1821 2545 2091 2617 queniad-

522 2643 741 2697 modum
775 2642 1012 2710 hospitio
1042 2641 1109 2693 ab
1160 2640 1404 2695 externis
1427 2639 1687 2708 suscepti.
1735 2646 1791 2692 et
1827 2638 2089 2708 quemad-

521 2735 744 2788 modum
771 2734 984 2787 insidiis
1006 2732 1386 2793 circumventi,
1420 2731 1649 2786 salutem
1681 2744 1711 2783 a
1745 2730 1853 2784 Deo
1892 2744 2089 2784 conse-

521 2826 630 2879 cuti
663 2832 813 2885 sunt,
845 2825 990 2881 sicut
1031 2823 1267 2878 Mosaica
1315 2823 1630 2876 narratione
1675 2820 1947 2890 proditum
1979 2828 2085 2883 est,

521 2918 813 2988 prophetas
853 2918 977 2972 illos
1007 2916 1169 2972 simul
1203 2926 1256 2970 et
1288 2914 1527 2968 ehristos
1572 2912 1837 2977 nominat,
1871 2912 2086 2967 tametsi

518 3012 762 3065 nondum
801 3008 1017 3081 Moyses
1045 3009 1098 3062 in
1143 3007 1452 3061 hominibus
1476 3004 1726 3075 degebat,
1764 3018 1940 3074 neque
1984 3020 2086 3058 un-

2206 536 2346 589 κατὰ
2371 536 2438 590 τὰ
2480 538 2631 607 παρὰ
2658 532 2881 592 Μωῦσεῖ
2910 540 3233 611 δηλούμενα,
3269 547 3552 621 προφήτας
3585 549 3782 613 αὐτοὺς

2204 629 2337 698 ὁμοῦ
2366 631 2458 683 καὶ
2501 632 2752 701 χριστοὺς
2784 632 3059 702 ὀνομάζει,
3091 632 3240 686 οὔπω
3267 636 3386 688 τότε
3416 639 3694 704 Μωῦσέως
3724 643 3783 693 ὲν

2204 718 2527 789 ἀνθρώποις,
2562 721 2681 773 οὐδὲ
2728 721 2820 774 τοῦ
2868 725 2989 776 κατ’
3034 724 3198 776 αὑτὸν
3248 728 3548 781 σκευαστοῦ
3603 730 3776 801 μύρου

2188 811 2712 883 νενομοθετημένα).
2768 814 2963 866 Ἀκουε
3008 814 3066 867 δὲ
3111 810 3201 867 οἷά
3251 833 3413 887 φησιν
3456 821 3485 871 6
3528 820 3773 890 ψαλμός·

2209 921 2227 954 ι
2266 904 2549 975 Μνήσθητι
2594 904 2701 957 τῶν
2749 904 3067 976 θαυμασίων
3100 908 3285 970 αὑτοῦ,
3310 904 3384 963 ὧν
3426 911 3673 983 ἐποίησε·
3707 914 3775 968 τὰ

2202 995 2402 1066 τέρατα
2448 996 2610 1049 αὑτοῦ
2652 997 2744 1051 καὶ
2776 998 2843 1051 τὰ
2878 998 3121 1069 κρίματα
3150 999 3242 1051 τοῦ
3291 1001 3555 1071 στόματος
3583 1005 3770 1059 αὑτοῦ.

2203 1087 2430 1157 Σπέρμα
2498 1086 2774 1158 Ἀϐραὰμ,
2824 1087 2999 1140 δοῦλοι
3049 1089 3250 1141 αὐτοῦ·
3308 1092 3355 1142 οἱ
3412 1092 3517 1143 υἱοὶ
3578 1092 3773 1148 Ἰακὼϐ

2201 1178 2445 1231 ἐκλεκτοὶ
2476 1179 2659 1232 αὐτοῦ.
2689 1179 2858 1243 Αὐτὸς
2888 1180 3089 1251 Κύριος
3121 1182 3149 1233 6
3181 1180 3310 1244 Θεὸς
3335 1182 3512 1251 ἡμῶν,
3540 1186 3599 1236 ἐν
3623 1186 3770 1257 πάσῃ

2198 1270 2264 1337 τῇ
2295 1271 2365 1338 γῇ
2404 1267 2469 1321 τὰ
2510 1270 2751 1340 κρίματα
2783 1270 2966 1322 αὐτοῦ.
3026 1270 3298 1342 Ἐμνήσθη
3344 1274 3424 1335 εις
3469 1273 3561 1327 τὸν
3600 1276 3772 1330 αἰῶνα

2199 1358 2471 1430 Διαθήκης
2510 1359 2695 1424 αὑτοῦ,
2727 1360 2882 1427 λόγου
2917 1356 2977 1413 οὗ
3012 1361 3311 1414 ἐνετείλατο
3339 1364 3418 1426 εἰς
3461 1363 3638 1432 χιλίας
3675 1382 3769 1433 γε-

2199 1451 2345 1513 νεὰς,
2376 1452 2433 1505 ὃν
2466 1451 2671 1505 διέθετο
2699 1452 2775 1522 τῷ
2826 1452 3093 1522 Ἀϐραὰμ,
3139 1452 3233 1506 καὶ
3271 1454 3367 1506 τοῦ
3396 1456 3562 1525 ὅρκου
3603 1457 3766 1510 αὑτοῦ

2196 1543 2274 1613 τῷ
2312 1544 2524 1597 Ἰσαάκ·
2563 1544 2655 1596 καὶ¹
2676 1543 2898 1613 ἔστησεν
2934 1545 3100 1615 αὐτὴν
3131 1544 3209 1613 τῷ
3253 1545 3445 1599 Ἰακὼϐ
3485 1551 3567 1610 εἰς
3594 1550 3765 1620 πρόσ-

2198 1652 2403 1706 ταγμα,
2447 1635 2541 1686 καὶ
2572 1633 2651 1704 τῷ
2710 1634 2925 1705 Ἰσραὴλ
2965 1637 3042 1697 εἰς
3083 1634 3359 1708 Διαθήκην
3402 1638 3642 1703 αἰώνιον,
3682 1641 3768 1694 λέ-

2198 1748 2309 1798 γων
2327 1746 2339 1758 ·
2378 1730 2467 1781 Σοὶ
2492 1728 2646 1781 δώσω
2669 1728 2767 1799 τὴν
2799 1729 2902 1797 γῆν
2933 1711 3166 1799 Χαναὰμ
3199 1730 3484 1802 σχοίνισμα
3513 1738 3771 1806 κληρονο-

2150 1784 2170 1834 δ
2199 1784 2325 1891 ita;
2354 1819 2526 1889 ὑμῶν.
2563 1821 2672 1871 Kal.
2711 1784 2920 1888 διῆλθον
2952 1820 3010 1884 ἐξ
3041 1784 3347 1895 ἔθνουςῦεξς
3375 1784 3676 1890 €6.04};
3692 1784 3766 1884 ’ἐκ

2196 1911 2467 1981 βασιλείας
2514 1912 2594 1974 εἰς
2640 1910 2765 1964 λαὸν
2819 1912 3020 1983 ἕτερον.
3056 1914 3168 1967 Ούκ
3219 1918 3428 1987 ἀφῆκεν
3480 1920 3762 1991 ἄνθρωπον

2193 2003 2444 2072 ἀδικῆσαι
2466 2003 2681 2068 αὐτοὺς,
2716 2004 2832 2089 καὶ.
2851 2004 3072 2073 ἤλεγξεν
3105 2006 3240 2077 ὑπὲρ
3275 2009 3452 2062 αὐτῶν
3485 2011 3720 2080 βασιλεῖς
3742 2030 3759 2047 ·

2195 2097 2271 2166 μὴ
2314 2096 2548 2149 ἅπτεσθε
2577 2096 2684 2148 τῶν
2707 2095 2941 2167 χριστῶν
2968 2114 3090 2167 μου,
3130 2101 3222 2151 καὶ
3244 2101 3301 2153 ἐν
3325 2105 3434 2164 τοῖς
3456 2106 3759 2173 προφήταις

2196 2206 2295 2258 μου
2346 2188 2421 2257 μὴ
2466 2186 2850 2258 πονηρεύεσθε.
2893 2206 2911 2239 ι
2963 2188 3147 2243 Ταῦτα
3197 2191 3293 2260 μὲν
3332 2192 3361 2243 6
3400 2192 3588 2244 Aa6i6'
3636 2195 3663 2245 6
3700 2194 3758 2246 δὲ

2190 2281 2393 2349 Μωσῆς
2438 2281 2531 2332 καὶ
2576 2280 2720 2342 οἴους
2774 2278 3007 2348 βασιλεῖς
3038 2280 3255 2351 ἤλεγξεν
3298 2282 3500 2353 ἱστορεῖ
3542 2282 3754 2351 λέγων’

2195 2392 2216 2425 ε
2244 2373 2349 2425 Kal.
2365 2373 2530 2442 ἡτασε
2548 2372 2750 2442 Κύριος
2761 2370 2849 2423 τὸν
2871 2371 3067 2443 Φαραὼ
3090 2374 3339 2443 ὲτασμοίς
3368 2374 3641 2444 μεγάλοις.
3665 2375 3759 2428 καὶ

2189 2464 2279 2518 τὸν
2299 2460 2444 2517 οἶκον
2473 2463 2633 2517 αὐτοῦ
2652 2480 2719 2515 πε
2729 2465 2779 2533 pl.
2801 2464 3015 2535 Σάρρας
3040 2465 3138 2532 τῆς
3158 2466 3416 2532 γυναικὸς
3444 2465 3714 2537 Ἀϐραάμ.
3739 2485 3757 2517 ι

2189 2554 2298 2608 Καὶ
2351 2554 2509 2607 πάλιν
2566 2552 2693 2623 περὶ
2744 2552 2837 2606 τοῦ
2896 2554 3160 2622 βασιλέως
3214 2555 3472 2625 Γεράρων
3520 2557 3760 2627 γράφεν

2196 2660 2215 2692 ι
2254 2642 2362 2694 Καὶ
2402 2636 2564 2712 ἦλθεν
2592 2642 2619 2694 6
2648 2639 2778 2702 Θεὸς
2826 2641 2960 2712 πρὸς
3020 2642 3306 2712 Ἀϐιμέλεχ
3356 2646 3413 2695 ἐν
3464 2643 3618 2714 ὕπνῳ
3665 2646 3761 2716 τὴν

2187 2730 2378 2793 νύκτα,
2424 2733 2514 2783 καὶ
2554 2728 2703 2785 εἶπεν
2730 2747 2744 2762 ν
2790 2731 2919 2783 Ἰδοὺ
2966 2732 3028 2784 σὺ
3076 2732 3438 2802 ἀποθνήσκεις
3488 2736 3617 2803 περὶ
3660 2737 3762 2806 τῆς

2188 2824 2461 2892 γυναικὸς,
2489 2818 2556 2894 ἧς
2586 2823 2801 2885 ἔλαϐες·
2847 2841 2866 2874 ι
2902 2821 3057 2893 (αὕτη
3106 2822 3163 2874 δὲ
3204 2818 3271 2892 ἦν
3302 2822 3396 2875 τοῦ
3445 2824 3755 2898 Ἀδραάμ

2187 2913 2322 2984 Περὶ
2362 2909 2422 2966 οὗ
2470 2914 2593 2983 ἑξῆς
2640 2910 2840 2980 προϊών
2889 2928 3021 2982 φησι
3047 2927 3061 2943 ·
3116 2930 3134 2963 ι
3174 2912 3288 2966 Νῦν
3333 2911 3390 2965 δὲ
3432 2914 3627 2979 ἀπόδος
3656 2916 3757 2985 τὴν

2185 3006 2417 3071 γυναῖκα
2439 3003 2515 3074 τῷ
2544 3001 2830 3075 ἀνθρώπῳ,
2864 3003 2944 3055 ὅτι
2976 3004 3260 3074 προφήτης
3285 3004 3422 3066 ἐστὶ,
3459 3007 3552 3058 καὶ
3581 3023 3756 3078 προσ-

515 3114 774 3174 guentum
801 3118 865 3156 ex
904 3103 1017 3171 lege
1049 3099 1293 3170 ejusdem
1336 3105 1708 3168 comparatum
1746 3095 1923 3151 adlmc
1963 3095 2084 3150 fue-

2187 3094 2399 3159 εύξεται
2449 3095 2576 3165 περὶ
2618 3093 2730 3147 σοῦ.
2793 3095 2951 3165 Ὀρᾷς
2978 3095 3125 3159 ὅπως
3155 3094 3242 3148 διὰ
3276 3096 3477 3149 τούτων
3502 3099 3623 3162 τοὺς
3655 3100 3758 3153 πά-

519 3202 622 3249 rat.
671 3194 813 3249 Audi
859 3194 1024 3264 igitur
1068 3193 1197 3262 quid
1240 3192 1387 3246 dicat
1423 3191 1669 3261 psalmus
1704 3207 1717 3243 :
1753 3206 1772 3239 ι
1808 3189 2083 3243 Memento

519 3284 849 3337 mirabiliqu
882 3285 1002 3352 ejus
1034 3299 1154 3353 quae
1179 3282 1338 3337 fecit:
1368 3281 1615 3351 prodigia
1647 3277 2084 3350 ejus,etjudicia

514 3375 629 3430 oris
661 3375 800 3444 ejus.
836 3374 1030 3429 Semen
1065 3376 1361 3436 Abraham,
1395 3373 1537 3428 servi
1589 3371 1727 3441 ejus,
1792 3370 1888 3424 ﬁlii
1914 3369 2084 3425 Jacob

513 3463 671 3516 electi
703 3462 840 3530 ejus.
874 3461 992 3532 lpse
1038 3462 1301 3517 Dominus
1328 3461 1469 3516 Deus
1500 3469 1707 3527 noster,
1742 3460 1796 3515 in
1828 3460 2083 3515 universa

512 3561 661 3610 terra
698 3553 902 3623 judicia
953 3554 1092 3624 ejus.
1139 3554 1343 3609 Memor
1388 3552 1491 3607 fuit
1538 3552 1591 3606 in
1628 3554 1886 3607 saeculum
1916 3561 2083 3607 testa-—

515 3646 681 3700 menti
712 3646 818 3709 sui,
854 3648 1001 3701 verbi
1042 3646 1186 3716 quod
1229 3646 1505 3701 mandavit
1529 3646 1584 3700 in
1609 3647 1756 3701 mille
1778 3646 2084 3717 generatio-

512 3751 630 3803 nes,
665 3738 808 3807 quod
835 3739 1107 3808 disposuit
1136 3738 1205 3792 ad
1235 3739 1508 3792 Abraham
1547 3756 1560 3794 :
1594 3747 1647 3792 et
1675 3737 1972 3809 juramenti
1997 3736 2081 3793 sui

510 3828 578 3882 ad
612 3829 778 3895 Isaac,
812 3838 865 3884 et
894 3832 1082 3885 statuit
1110 3830 1240 3885 illud
1269 3829 1336 3884 ad
1362 3828 1534 3885 Jacob
1569 3830 1621 3883 in
1656 3842 2004 3899 praeceptum,
2030 3838 2083 3883 et

511 3922 576 3975 ad
608 3920 772 3977 Israel
819 3922 873 3976 in
915 3930 1303 3977 testamentum
1346 3930 1643 3985 internum,
1691 3922 1923 3975 dicens:
1960 3920 2081 3975 Tibi

510 4011 651 4067 dabo
687 4020 889 4067 terram
929 4014 1210 4077 Chanaan,
1280 4011 1583 4066 funiculum
1620 4012 1956 4066 haereditatis
1991 4028 2082 4066 ve-

512 4114 637 4157 strae
662 4121 675 4154 :
707 4114 759 4159 et
782 4106 1121 4159 transierunt
1139 4104 1206 4159 de
1233 4111 1392 4174 gente
1410 4104 1462 4157 in
1483 4114 1720 4174 gentem,
1740 4113 1793 4157 et
1818 4103 1885 4159 de
1914 4120 2081 4175 regno

511 4196 578 4247 ad
613 4196 866 4263 populum
916 4195 1188 4250 alterum:
1223 4209 1333 4248 non
1384 4195 1633 4264 permisit
1679 4195 1951 4250 hominem
1982 4212 2081 4252 no-

510 4298 635 4336 cere
666 4284 766 4345 eis,
798 4289 852 4336 et
889 4283 1154 4352 corripuit
1185 4298 1285 4352 pro
1325 4285 1404 4337 eis
1435 4298 1628 4354 rcges:
1659 4284 1825 4337 nolite
1860 4290 2079 4354 tangere

509 4375 746 4433 christos
788 4391 971 4443 meos,
1020 4385 1074 4431 et
1123 4380 1178 4431 in
1222 4378 1501 4447 prephetis
1540 4378 1675 4433 meis
1714 4378 1878 4432 nolite
1924 4380 2078 4433 mali-

2184 3186 2270 3239 λαι
2304 3185 2569 3255 θεοφιλεῖς
2601 3187 2692 3238 καὶ
2728 3188 3009 3257 προφήτας
3059 3188 3311 3257 χριστοὺς
3344 3188 3371 3239 6
3401 3187 3582 3254 Δαόὶδ,
3619 3189 3754 3259 μᾶλ-

2184 3277 2273 3330 λον
2322 3277 2379 3330 δὲ
2412 3277 2472 3329 τὸ
2522 3276 2662 3329 θεῖον
2702 3276 2769 3329 δι’
2817 3277 2980 3330 αὑτοῦ
3013 3280 3276 3348 προσεῖπε
3307 3277 3551 3349 Πνεῦμα,
3583 3281 3641 3332 οὐ
3678 3280 3755 3350 τῷ

2183 3366 2372 3437 γεώδει
2434 3367 2589 3438 μύρῳ
2648 3367 3076 3439 κεχρισμένους;
3128 3366 3242 3431 πῶς
3298 3368 3427 3439 γὰρ,
3480 3370 3755 3435 Μωῦσέως

2184 3460 2427 3531 ὑστέροις
2458 3460 2667 3532 χρόνοις
2701 3458 2842 3513 οὕτω
2882 3458 3303 3531 διαταξαμένου;
3341 3461 3537 3515 ’Ἄκουε
3576 3462 3633 3515 δὲ
3661 3464 3755 3516 καὶ

2193 3551 2414 3605 Ἡσαΐου
2447 3551 2587 3605 οὕτω
2635 3551 2944 3619 σαφέστατα
2988 3553 3117 3624 περὶ
3156 3552 3249 3605 τοῦ
3298 3553 3534 3623 Χριστοῦ
3571 3554 3757 3607 θεσπί-

2184 3644 2385 3709 ζοντος,
2426 3643 2501 3707 ὡς
2532 3643 3039 3713 ἀποσταλησομένου
3076 3642 3180 3695 ὑπὸ
3223 3643 3317 3696 τοῦ
3352 3643 3486 3697 Θεοῦ
3520 3648 3632 3708 τοῖς
3663 3646 3755 3697 ἀν-

2183 3737 2420 3808 θρώποις
2464 3735 2733 3808 λυτρωτοῦ
2772 3737 2865 3789 καὶ
2892 3735 3155 3805 σωτῆρος,
3186 3733 3406 3805 ἥξοντος
3426 3752 3486 3787 τε
3519 3735 3754 3806 κηρύξαι

2180 3828 2292 3888 τοῖς
2336 3824 2433 3888 τὰς
2478 3824 2655 3894 ψυχὰς
2697 3822 3061 3894 αἰχμαλώτοις
3109 3822 3323 3892 ἄφεσιν,
3360 3825 3452 3877 καὶ
3493 3829 3604 3888 τοῖς
3654 3826 3753 3890 τὰς

2180 3916 2419 3978 διανοίας
2444 3916 2661 3985 τυφλοῖς
2684 3915 2992 3984 ἀνάϐλεψιν.
3016 3915 3215 3967 Τοῦτον
3238 3914 3348 3987 γὰρ
3382 3916 3543 3969 πάλιν
3572 3919 3599 3970 6
3628 3934 3755 3987 τιρο-

2183 4009 2354 4080 φήτης
2401 4008 2461 4060 ού
2508 4005 2789 4076 σκευαστῷ
2834 4006 3007 4077 μύρῳ,
3044 4005 3179 4058 ἀλλὰ
3222 4006 3299 4074 τῷ
3342 4007 3442 4076 τῆς
3472 4008 3753 4078 Πατρικῆς

2180 4097 2431 4167 θεότητος
2474 4095 2650 4166 νοητῷ
2696 4100 2789 4149 καὶ
2840 4094 3129 4165 θεοπρεπεῖ
3163 4095 3393 4163 Χριστὸν
3426 4096 3748 4164 γεγενῆσθαι

2179 4189 2439 4251 διδάσκει,
2470 4189 2567 4259 οὐχ
2619 4188 2710 4240 ὑπ’
2757 4184 3078 4258 ἀνθρώπων,
3115 4185 3247 4237 ἀλλὰ
3292 4186 3355 4238 ἐκ
3393 4185 3486 4238 τοῦ
3537 4186 3747 4254 Πατρδς

2180 4283 2555 4353 κεχρισμένον.
2614 4281 2777 4348 Λέγει
2832 4279 2877 4331 δ’
2930 4274 3021 4332 οὖν
3081 4277 3139 4343 ὲξ
3198 4277 3361 4330 αὑτοῦ
3416 4278 3742 4348 προσώπου·

2186 4393 2204 4425 ι
2263 4374 2487 4444 Πνεῦμα
2527 4372 2731 4443 Κυρίου
2779 4372 2864 4424 ἐπ’
2916 4369 3036 4440 ἐμὲ,
3082 4361 3142 4421 οὗ
3195 4369 3402 4422 εἵνεκεν
3436 4370 3620 4443 ἐχρισέ
3656 4389 3742 4440 με,

507 4467 742 4536 gnari".
783 4488 801 4520 ι
840 4467 1115 4524 Hactenus
1154 4470 1372 4539 quidem
1404 4468 1596 4523 David.
1663 4467 1877 4539 Moyses
1923 4485 2073 4533 vero,

2187 4462 2648 4533 Εὑαγγελίσασθαι
2705 4465 2939 4533 πτωχοῖς
2990 4462 3296 4515 ἀπέσταλκε
3363 4480 3467 4531 με,
3515 4463 3747 4535 κηρύξαι

507 4560 668 4612 etiam
700 4575 839 4629 quos
870 4576 1023 4629 reges
1053 4563 1400 4630 corripuerit,
1443 4569 1650 4624 narrat,
1687 4560 1876 4615 dicens
1910 4580 1921 4613 :
1955 4578 1972 4610 ι
2012 4560 2077 4613 Et

506 4652 792 4722 castigavit
831 4651 1092 4707 Dominus
1131 4650 1473 4706 Pharaonem
1508 4652 1681 4722 plagis
1721 4653 1993 4714 maximis,
2022 4661 2076 4706 et

506 4744 725 4799 domum
754 4746 919 4807 illius,
944 4756 1164 4817 propter
1189 4746 1379 4799 Saram
1413 4760 1636 4799 uxorem
1675 4745 1949 4800 Abraham
1965 4746 2066 4799 ".r

506 4837 572 4892 Et
596 4854 785 4891 rursus
813 4840 879 4892 de
904 4853 969 4891 eo
996 4854 1118 4908 rege
1152 4839 1242 4907 qui
1277 4838 1537 4907 regnabat
1566 4838 1619 4892 in
1655 4835 1898 4901 Geraris,
1934 4841 2074 4894 scri-

506 4930 628 4984 bit:
668 4948 688 4982 ι
725 4929 786 4983 Et
814 4931 960 4984 venit
994 4929 1133 4985 Deus
1179 4931 1244 4984 ad
1283 4931 1593 4985 Abimelech
1646 4930 1702 4985 in
1740 4928 1947 4986 so’mnis
1978 4948 2078 4986 no—

505 5030 619 5086 ctu,
656 5032 709 5077 et
741 5023 877 5076 dixit
912 5039 923 5072 :
964 5023 1040 5076 En
1092 5021 1345 5076 morieris
1395 5030 1476 5085 tu,
1522 5030 1744 5091 prepter
1786 5024 2066 5077 mulierem

506 5129 663 5180 quam
700 5115 928 5168 tulisti“
970 5133 987 5165 ι
1029 5115 1165 5183 (haec
1210 5120 1389 5168 autem
1434 5121 1552 5167 erat
1577 5129 1712 5166 uxor
1743 5114 2066 5180 Abraham).

506 5203 678 5258 Porro
718 5206 1002 5275 deinceps,
1046 5219 1299 5260 sermone
1363 5219 1714 5273 progressus,
1764 5203 1832 5257 de
1882 5203 2072 5258 eodem

506 5298 582 5351 ait
607 5317 619 5353 :
648 5317 666 5348 ι
698 5297 852 5353 Nunc
870 5308 1048 5355 autem
1075 5298 1240 5353 redde
1265 5297 1383 5351 viro
1409 5313 1509 5352 suo
1537 5312 1785 5359 uxorem,
1810 5294 2069 5366 quoniam

506 5392 766 5459 prepheta
796 5400 901 5453 est,
934 5396 987 5445 et
1014 5390 1191 5445 orabit
1221 5406 1318 5460 pro
1341 5396 1393 5444 te
1409 5391 1474 5443 ".
1505 5408 1525 5442 ι
1557 5387 1722 5443 Vides
1746 5397 1800 5442 ut
1828 5387 1929 5440 hoc
1951 5386 2070 5438 loco

507 5487 714 5545 veteres
743 5482 837 5536 Dei
870 5483 1077 5539 amicos
1108 5491 1163 5537 et
1215 5483 1511 5553 prophetas
1550 5480 1743 5545 David,
1777 5493 1841 5533 ac
1886 5477 2067 5547 potius

507 5566 611 5644 per
651 5575 804 5629 illum
850 5575 1068 5630 divinus
1120 5574 1380 5646 Spiritus,
1437 5574 1673 5629 christos
1716 5568 2066 5641 appellaverit

2178 4555 2540 4627 αἰχμαλώτοις
2566 4554 2776 4623 ἄφεσιν,
2811 4555 2905 4607 καὶ
2931 4554 3147 4622 τυφλοῖς
3171 4554 3482 4624 ἀνάϐλεψιν.
3525 4574 3543 4606 ι
3580 4555 3751 4611 Τοῦτο

2180 4648 2277 4719 μὲν
2328 4641 2419 4698 οὖν
2473 4643 2688 4714 πρῶτον
2745 4642 3079 4715 τετηρήσθω,
3134 4642 3209 4706 ὼς
3257 4645 3349 4696 καὶ
3408 4644 3632 4707 Ἡσαΐας
3670 4644 3750 4716 τῷ

2180 4737 2343 4793 Δαῦὶδ
2374 4735 2770 4807 παραπλησίως
2801 4736 2858 4789 ὃν
2892 4735 3041 4803 ἥξειν
3075 4735 3272 4805 ἔφησεν
3305 4738 3383 4799 εἰς
3408 4735 3745 4807 ἀνθρώπους,

2181 4833 2272 4885 καὶ
2315 4829 2546 4901 κηρύξαι
2594 4826 2960 4899 αἰχμαλώτοις
3004 4827 3196 4895 ἄφεσιν
3244 4832 3335 4882 καὶ
3367 4829 3583 4896 τυφλοῖς
3614 4828 3748 4880 ἀνά-

2178 4924 2382 4997 ϐλεψιν,
2414 4923 2475 4976 οὐ
2507 4920 2787 4991 σκευαστῷ
2836 4921 3011 4992 μύρῳ,
3048 4918 3181 4973 ἀλλὰ
3211 4920 3286 4991 τῷ
3314 4920 3411 4990 τῆς
3452 4918 3746 4990 ἁγεννήτου

2176 5017 2457 5091 Πατρικῆς
2485 5031 2543 5068 τε
2576 5014 2671 5067 καὶ
2720 5011 3030 5079 ωναγαθου
3075 5011 3353 5081 δυνάμεως
3399 5009 3629 5079 Χριστὸν
3657 5024 3750 5076 γε-

2177 5111 2388 5181 γονέναι
2426 5101 2690 5166 θεσπίζει.
2733 5102 2891 5155 Κατά
2928 5117 3053 5153 τινα
3083 5100 3139 5153 δὲ
3167 5098 3452 5169 συνήθειαν
3483 5113 3748 5168 προφητι-

2177 5203 2298 5272 κὴν,
2320 5199 2381 5252 τὸ
2416 5196 2603 5268 μέλλον
2629 5196 2658 5246 ὁ
2689 5194 2973 5265 προφήτης
3000 5190 3076 5254 ὼς
3106 5190 3431 5261 παρῳχηκὸς
3457 5191 3744 5255 ὰναφωνεῖ,

2178 5294 2272 5348 καὶ
2302 5291 2377 5351 ὡς
2408 5288 2535 5360 περὶ
2568 5284 2760 5339 ἑαυτοῦ
2802 5282 2897 5337 τοῦ
2927 5282 3358 5353 προφητεύοντος
3401 5279 3566 5351 δηλοῖ.
3598 5279 3747 5342 Τέως

2181 5382 2280 5453 μὲν
2308 5377 2400 5433 οὖν
2427 5378 2530 5431 ὑπὸ
2553 5376 2709 5439 Θεοῦ,
2735 5374 2850 5428 ἀλλ’
2875 5374 2973 5444 οὐχ
2999 5374 3090 5426 ὑπ’
3112 5372 3435 5445 ἀνθρώπων,
3464 5369 3558 5424 καὶ
3586 5367 3745 5421 Ilvati-

2178 5489 2303 5544 ματι
2326 5470 2475 5541 θείῳ,
2508 5469 2620 5523 ἀλλ’
2653 5470 2713 5522 οὐ
2747 5466 3033 5536 σκευαστῷ
3065 5465 3230 5535 ἐλαίῳ
3252 5464 3593 5537 χριομένους,
3617 5462 3746 5524 τοὺς

2175 5563 2317 5619 κατὰ
2375 5563 2465 5614 τὸν
2533 5560 2706 5631 ἀληθῆ
2765 5560 2923 5629 λόγον
3003 5556 3257 5628 χριστοὺς
3317 5553 3746 5626 ὀνομαζομένους

580 5735 620 5765 ¹⁸
653 5731 806 5794 Vors.
845 5734 931 5789 {5.
976 5732 1020 5764 "
1051 5729 1195 5787 Psal.
1230 5746 1337 5800 cur,
1372 5729 1519 5786 EH5.
1597 5729 1641 5761 ¹⁰
1675 5725 1810 5782 Gen.
1846 5738 1945 5791 xu,
1976 5720 2061 5777 17.
2108 5721 2178 5795 _“
2210 5716 2343 5775 Gen.
2375 5732 2469 5783 nt,
2499 5716 2553 5771 5.
2598 5716 2678 5791 ’,ι’
2710 5714 2842 5789 i’hid.
2870 5715 2927 5767 7.
