4126 6444
489 357 599 412 299

1168 353 1436 409 EUSEBII
1474 351 1957 407 CESARIENSIS
2001 351 2150 406 OPP.
2187 349 2389 407 PARS.
2423 352 2571 406 ll.--—
2611 352 3113 410 APOLOGETICA.

3652 329 3762 417 σοι)

500 473 660 545 177
690 473 975 540 Quomodo
1009 473 1153 526 enim
1193 470 1510 525 testimonio
1552 468 1836 539 propheta:
1886 484 2061 523 sacer-

2170 461 2215 537 ᾧ
2263 469 2647 542 περισσότερον
2706 470 3028 541 βουλόμενος
3059 471 3091 524 ό
3128 470 3260 535 Θεὸς
3319 473 3585 539 ἐπιδεῖξαι
3642 480 3758 541 τοῖς

494 561 598 621 dos
630 580 751 620 esse
784 563 1080 626 diceretur,
1112 562 1219 615 nisi
1254 561 1395 615 idem
1436 562 1592 632 prius
1624 560 1882 616 Christus
1903 562 2071 616 exsti-

494 656 695 713 tisset?
728 654 834 710 Sed
864 655 1026 710 etiam
1054 653 1109 706 in
1137 662 1402 707 aeternum
1452 652 1711 708 sacerdos
1759 667 1885 708 esse
1931 651 2069 707 dici-

495 757 608 806 tur.
636 749 806 804 Porro
838 748 944 802 hoc
972 746 1208 817 amplius
1230 754 1442 800 natura;
1476 746 1728 799 humanae
1761 759 2070 799 accommo-

494 841 613 897 dari
657 854 767 894 non
808 843 990 908 potest
1039 855 1053 891 :
1113 852 1292 905 neque
1334 836 1479 890 enim
1526 835 1764 891 hominis
1804 841 2067 889 attentum

494 932 717 996 durare,
748 930 1008 1000 quoniam
1042 928 1274 983 mortale
1302 936 1357 982 et
1401 926 1594 997 fragile
1629 927 1791 997 plane
1819 933 2068 981 nostrum

492 1033 577 1080 est
607 1039 801 1095 genus.
838 1021 1206 1076 Excellentior
1236 1035 1371 1090 ergo
1396 1019 1668 1089 quispiam
1701 1033 1866 1087 quam
1897 1024 1958 1071 ut
1992 1017 2070 1071 in-

489 1124 579 1169 tra
612 1113 851 1169 hominis
884 1121 1136 1166 naturam
1169 1112 1441 1166 consistat
1470 1110 1539 1174 is,
1564 1109 1657 1179 qui
1684 1109 1738 1162 in
1769 1108 1854 1164 his
1883 1107 2068 1163 verbis

492 1208 859 1278 signiﬁcatur,
913 1205 1006 1259 Dei
1059 1203 1321 1260 sacerdos
1366 1205 1492 1266 erit,
1533 1203 1628 1273 qui
1662 1215 1787 1254 cum
1838 1201 2069 1270 jurisju-

492 1301 650 1356 randi
680 1299 1063 1360 afﬁrmatione,
1106 1304 1372 1367 perpetuo
1400 1295 1725 1349 duraturum
1756 1303 1918 1363 atque
1945 1294 2069 1347 inti-

491 1391 666 1445 nitum
686 1387 1046 1443 sacerdotium
1067 1400 1097 1439 a
1123 1385 1230 1439 Deo
1252 1384 1539 1453 acceperit.
1566 1402 1583 1434 ‹
1613 1383 1824 1439 Juravit
1855 1404 1869 1435 ι
1896 1383 2063 1446 enim,

492 1482 692 1553 inquit,
718 1500 736 1532 ι
766 1480 1050 1543 Dominus,
1084 1487 1140 1533 et
1173 1492 1281 1531 non
1314 1477 1597 1547 pmnitebit
1620 1493 1743 1533 eum
1764 1494 1779 1529 ι
1802 1484 1857 1530 ιιι
1890 1492 1950 1531 es
1978 1492 2067 1532 sa.

492 1575 690 1631 cerdos
721 1575 775 1628 in
827 1580 1089 1628 asternum
1134 1570 1434 1625 secundum
1489 1570 1735 1625 ordinem
1781 1570 2067 1625 Melchise-

490 1667 643 1723 dec.:
669 1685 701 1719 ·›
738 1665 999 1736 quoniam
1032 1664 1175 1718 enim
1210 1660 1571 1718 Melchisedec
1599 1663 1780 1719 Moses
1809 1661 2065 1719 sacerdo-

489 1769 598 1813 tem
641 1756 736 1813 Dei
778 1757 1030 1811 altissimi
1079 1755 1247 1812 fuisse
1280 1755 1583 1812 conscribit
1607 1756 1676 1820 ’³,
1712 1756 1863 1810 nullo
1895 1753 2067 1810 artiti-

2172 562 2526 635 κληρονόμοις
2556 563 2618 617 τὸ
2642 564 2974 634 ἀμετάθετον
3007 564 3105 635 τῆς
3136 563 3328 636 βουλῆς
3348 566 3537 632 αὑτοῦ,
3569 569 3756 639 ἐμεσί-

2171 671 2360 707 τευσεν
2384 655 2551 726 ὅρκῳ,
2574 655 2661 708 ἵνα
2691 655 2779 709 διά
2797 655 2891 709 δύο
2923 656 3265 728 πραγμάτων
3292 657 3664 726 ἀμεταθέτων,
3691 660 3752 713 έν

2169 741 2251 812 οἷς
2286 747 2542 801 ἀδύνατον
2592 747 2895 817 ψεύσασθαι
2933 748 3097 813 Θεὸν,
3148 747 3370 820 ἰσχυρὰν
3406 750 3751 821 παράκλησιν

2170 841 2414 912 ἔχωμεν·
2460 861 2478 894 ι
2514 843 2608 895 καὶ
2646 843 2805 897 πάλιν
2828 861 2842 873 ·
2874 862 2892 894 ι
2917 844 2979 897 Οἱ
3031 844 3130 914 μὲν
3180 844 3348 914 χωρὶς
3405 843 3752 915 ὁρκωμοσίας

2170 935 2307 988 εἰσὶν
2342 936 2510 1007 ίερεῖς
2550 935 2867 1004 γεγονότες,
2899 936 2928 988 ὁ
2973 935 3030 988 δὲ
3064 935 3158 988 καὶ
3194 935 3333 1005 μετὰ
3364 936 3746 1007 ὁρκωμοσίας,

2169 1027 2259 1081 διὰ
2319 1027 2414 1081 τοῦ
2456 1027 2706 1095 λέγοντος
2744 1028 2880 1099 πρὸς
2922 1027 3118 1081 αὐτόν·
3150 1028 3351 1097 Ὠμοσε
3399 1026 3624 1099 Κύριος,
3655 1028 3751 1082 xui.

2168 1118 2228 1170 ού
2266 1116 2796 1189 μεταμεληθήσεται,
2837 1118 2910 1172 Σὺ
2951 1118 3129 1187 ἱερεὺς
3160 1119 3240 1181 εἰς
3270 1118 3363 1170 τὸν
3403 1118 3573 1170 αἰῶνα
3608 1117 3751 1170 κατά

2167 1209 2265 1282 τὴν
2289 1209 2441 1275 τάξιν
2475 1212 2831 1282 Μελχισεδέκ.
2859 1213 2971 1265 Καὶ
3009 1213 3059 1265 οἱ
3093 1210 3193 1282 μὲν
3224 1210 3466 1273 πλείονές
3510 1212 3618 1263 εἱσι
3651 1226 3748 1279 γε-

2168 1302 2384 1371 γονότες
2433 1306 2596 1375 ἱερεῖς
2632 1303 2720 1357 διὰ
2772 1304 2835 1357 τὸ
2883 1302 3097 1374 θανάτῳ
3144 1300 3448 1355 κωλύεσθαι
3493 1302 3746 1373 παραμέ-

2168 1411 2307 1448 νειν·
2334 1396 2363 1448 ό
2393 1394 2471 1458 δὲ,
2507 1395 2596 1448 διὰ
2627 1395 2689 1448 τὸ
2729 1396 2909 1466 μένειν
2943 1394 3104 1450 αὐτὸν
3147 1396 3226 1458 εἰς
3265 1394 3357 1446 τὸν
3390 1393 3582 1458 αἰῶνα,
3609 1394 3752 1447 ἀπα-

2170 1486 2401 1557 ράϐατον
2426 1486 2539 1557 ἔχει
2571 1487 2670 1559 τὴν
2710 1486 3006 1559 ἱερωσύνην
3024 1503 3038 1515 ·
3070 1485 3193 1541 ὅθεν
3223 1486 3317 1539 καὶ
3347 1484 3541 1549 σώζειν
3583 1486 3662 1548 εἰς
3687 1484 3750 1539 τὸ

2168 1577 2428 1642 παντελὲς
2459 1577 2680 1632 δύναται
2707 1579 2833 1643 τοὺς
2880 1579 3351 1652 προσερχομένους
3383 1578 3449 1634 δι’
3479 1578 3643 1632 αὐτοῦ
3670 1578 3749 1650 τῷ

2167 1667 2305 1738 Θεῷ,
2337 1669 2566 1722 πάντοτε
2606 1666 2713 1734 ζῶν
2746 1673 2826 1735 εἰς
2863 1670 2922 1723 τὸ
2951 1671 3297 1741 ἐντυγχάνειν
3333 1671 3472 1744 ὑπὲρ
3498 1671 3699 1726 αὐτῶν.
3723 1689 3743 1724 ι

2166 1759 2266 1812 Διὰ
2296 1758 2499 1814 τούτων
2532 1762 2759 1834 συνέστη
2798 1762 2895 1833 μὲν
2923 1757 3061 1815 οὖσά
3103 1779 3187 1826 τις
3226 1765 3285 1816 ἐν
3328 1766 3440 1827 τοῖς
3465 1761 3607 1829 οὖσι,
3655 1762 3751 1819 καὶ

488 1851 644 1907 cioso
684 1858 962 1921 unguento
1004 1850 1311 1912 inunctum,
1357 1858 1411 1905 et
1440 1848 1608 1903 multo
1644 1855 1772 1902 ante
1815 1849 1961 1919 leges
1996 1847 2061 1901 ab

2166 1852 2455 1919 ὑφεστῶσα
2483 1854 2541 1907 ὲν
2592 1858 2804 1925 νοητοῖς
2849 1854 2968 1908 θεία
3004 1855 3265 1926 δύναμις,
3301 1858 3335 1926 ἡ
3383 1856 3461 1928 τῷ
3488 1856 3609 1928 Θεῷ
3640 1857 3749 1913 τῶν

489 1943 611 2013 ipso
650 1943 886 2012 scriptas
909 1957 974 1996 eo
1006 1956 1233 1996 munere
1266 1940 1539 2003 functum,
1577 1954 1642 1995 ac
1668 1939 1871 1995 virtute
1904 1940 2062 2010 longe

486 2036 926 2107 praestantiorem
983 2034 1079 2088 illo
1130 2041 1241 2088 tam
1295 2033 1588 2089 decantato
1635 2032 1911 2087 Abraham
1959 2032 2063 2101 (sic

487 2130 630 2182 enim
663 2127 757 2187 ait,
788 2146 807 2179 ι
843 2135 898 2183 et
922 2125 1283 2182 Melchisedec
1314 2142 1409 2182 rex
1442 2124 1645 2190 Salem,
1678 2126 1937 2181 sacerdos
1969 2125 2061 2182 Dei

487 2220 741 2275 altissimi
790 2219 1071 2276 benedixit
1100 2217 1376 2272 Abraham
1423 2218 1519 2273 ":
1568 2236 1595 2269 ιι
1642 2217 1911 2288 planeque
1944 2217 2063 2273 sine

484 2312 634 2367 omni
667 2314 1067 2377 controversia,
1097 2312 1398 2383 Apostolus
1427 2311 1503 2365 ait
1535 2312 1601 2376 ”,
1645 2310 1789 2381 quod
1831 2310 2062 2367 inferius

486 2405 559 2462 sit
588 2420 618 2458 a
646 2405 933 2476 superiore
962 2404 1235 2477 benedici)
1268 2423 1282 2459 :
1321 2404 1578 2475 quoniam
1610 2403 1778 2473 igitur
1805 2402 1897 2459 hic
1938 2403 2065 2459 Mel-

485 2496 760 2559 chisedec,
791 2496 1108 2567 quicunque
1136 2496 1231 2551 ille
1265 2494 1450 2559 fuerit,
1477 2495 1550 2549 ita
1587 2495 1846 2550 inductus
1867 2502 1970 2557 est,
2002 2502 2062 2549 ut

484 2590 639 2645 nullo
679 2588 980 2644 artiﬁcioso
1007 2595 1288 2659 unguento
1329 2595 1530 2643 unctus
1569 2587 1930 2658 intelligatur,
1964 2588 2059 2644 sed

486 2682 759 2737 altissimo
785 2680 897 2737 Deo
922 2688 1304 2743 consecratus,
1329 2681 1528 2735 merito
1556 2680 1722 2734 etiam
1754 2680 1800 2733 is
1847 2678 1914 2734 de
1953 2693 2062 2749 quo

482 2775 819 2832 vaticinatur
847 2772 1038 2835 David,
1076 2790 1095 2823 ι
1130 2771 1434 2827 secundum
1478 2770 1729 2825 ordinem
1774 2769 2061 2825 Melchise-

483 2867 604 2929 dec,
643 2886 663 2919 ι
701 2881 932 2937 magnus
961 2863 1183 2935 quidam
1212 2878 1357 2927 esse,
1386 2871 1441 2919 et
1471 2871 1666 2917 natura
1691 2862 1950 2917 omnibus
1976 2878 2062 2916 su-

483 2963 669 3032 perior
696 2960 921 3022 dicitur,
947 2965 1133 3029 utpote
1176 2958 1270 3028 qui
1308 2965 1363 3012 et
1412 2956 1653 3027 supremi
1687 2955 1781 3010 Dei
1804 2955 2060 3012 sacerdos

482 3053 741 3107 increata:
779 3050 1071 3121 potestatis
1096 3064 1412 3112 consessor,
1464 3056 1521 3104 et
1566 3049 1742 3119 ipsius
1784 3049 2061 3120 propheta

482 3158 549 3199 ac
584 3145 729 3215 regis
757 3141 1024 3198 Dominus
1057 3148 1111 3197 et
1150 3141 1428 3205 sacerdos,
1454 3155 1562 3194 non
1593 3140 1936 3211 simpliciter,
1962 3141 2056 3197 sed

483 3238 546 3294 in
575 3244 842 3291 aeternum
876 3235 948 3290 sit
968 3233 1170 3289 Patris.
1199 3233 1341 3288 Dicit
1370 3240 1551 3287 autem
1599 3231 1818 3288 divinus
1841 3248 2058 3305 quoque

485 3330 791 3401 apostolus,
842 3328 1135 3398 explorans
1168 3342 1229 3382 ea
1276 3342 1397 3397 quae
1443 3327 1510 3382 ad
1554 3326 1656 3382 hos
1698 3327 1850 3383 locos
1891 3328 2058 3399 perti-

488 3427 641 3477 nent.
665 3439 683 3471 ¢
707 3420 765 3473 In
795 3434 926 3489 quo,
950 3418 1149 3489 inquit,
1180 3417 1551 3474 abundantius
1585 3418 1775 3474 volens
1797 3417 1941 3475 Deus
1963 3434 2056 3475 os-

480 3513 705 3569 tendere
729 3510 1041 3567 haeredibus
1082 3511 1517 3566 immobilitatem
1567 3511 1785 3567 consilii
1827 3511 1935 3577 sui,
1973 3511 2057 3565 in-

477 3606 747 3677 terposuit
773 3605 1180 3677 jusjurandum,
1217 3614 1279 3659 ut
1312 3620 1407 3675 per
1432 3604 1570 3660 duas
1602 3621 1689 3660 res
1725 3604 2053 3669 immobiles,

481 3700 683 3769 quibus
718 3697 1059 3770 impossibile
1089 3711 1174 3753 est
1206 3698 1428 3754 mentiri
1459 3697 1652 3763 Deum,
1694 3697 2055 3753 fortissimum

479 3789 733 3844 solatium
764 3789 1063 3845 habeamus
1087 3788 1133 3821 "
1151 3807 1166 3854 ;
1185 3796 1239 3845 et
1261 3804 1491 3846 rursus:
1518 3807 1536 3840 ι
1567 3789 1673 3843 Alii
1697 3789 1914 3860 quidem
1938 3788 2055 3845 sine

473 3880 835 3951 jurejurando
869 3879 1184 3936 sacerdotes
1234 3880 1361 3936 facti
1390 3889 1540 3945 sunt,
1580 3881 1669 3935 hic
1717 3889 1897 3936 autem
1928 3896 2053 3935 cum

471 3972 855 4042 jurejurando,
887 3987 985 4042 per
1032 3987 1158 4027 eum
1190 3973 1285 4043 qui
1315 3972 1452 4028 dixit
1493 3971 1560 4027 ad
1614 3972 1767 4026 illum
1800 3992 1812 4027 :
1840 3970 2054 4027 Iuravit

475 4066 740 4121 Dominus
768 4073 823 4122 et
856 4079 967 4119 non
1009 4066 1298 4136 paenitebit
1329 4081 1474 4126 eum,
1509 4073 1569 4118 tu
1612 4081 1673 4121 es
1707 4066 1967 4121 sacerdos
1998 4067 2052 4120 in

473 4168 760 4223 aeternum,
791 4157 1093 4215 secundum
1124 4156 1372 4211 ordinem
1423 4154 1819 4221 Melchisedec;
1872 4166 1927 4211 ct
1960 4156 2052 4210 alii

2163 1942 2297 1996 ὅλων
2348 1944 2641 2017 ἱερωμένη,
2674 1945 2816 1999 κατά
2844 1947 2913 2000 τὰ
2952 1946 3216 2019 Ἐϐραίων
3253 1948 3430 2018 λόγια,
3463 1951 3523 2004 ού
3557 1951 3751 2020 γεώδει

2164 2036 2257 2089 καί
2287 2036 2614 2109 ἀνθρωπίνῳ
2655 2038 2841 2110 μύρῳ,
2876 2037 3172 2110 θεοπρεπεί
3202 2040 3260 2093 δέ
3308 2058 3414 2095 τινι
3453 2042 3550 2096 καὶ
3580 2042 3749 2113 ὲνθέῳ

2163 2129 2333 2200 ἀρετῇ
2363 2146 2421 2182 τε
2466 2130 2561 2183 καί
2591 2130 2819 2201 δυνάμει
2855 2130 3104 2204 ἱερᾶσθαι
3133 2131 3507 2204 καθεσταμένη
3542 2133 3622 2204 τῷ
3651 2134 3746 2187 ἐπὶ

2164 2221 2378 2275 πάντων
2411 2221 2548 2293 Θεῷ.
2604 2222 2661 2276 '0
2704 2221 2835 2291 γοῦν
2867 2223 2955 2276 διὰ
3001 2223 3099 2276 τοῦ
3142 2222 3355 2295 ψαλμοῦ
3405 2225 3745 2296 προφητευό-

2167 2330 2327 2383 μενος
2356 2314 2602 2386 παρέστη
2651 2314 2910 2387 ἀντικρυς
2947 2316 3124 2388 ἰερεύς
3148 2333 3231 2380 τις
3269 2314 3345 2370 ὢν
3385 2314 3600 2380 αἰώνιος
3648 2315 3745 2370 καί.

2163 2406 2277 2469 υίὸς
2310 2406 2533 2477 ὑψίστου
2577 2405 2748 2473 Θεοῦ,
2783 2408 2859 2472 ὡς
2905 2408 2972 2461 ἂν
3017 2408 3110 2461 ὑπ’
3156 2407 3320 2461 αὐτοῦ
3367 2408 3463 2461 τοῦ
3518 2408 3745 2477 ὑψίστου

2162 2496 2296 2551 Θεοῦ
2331 2498 2716 2570 γεγενημένος,
2750 2500 2846 2553 καὶ⁴
2881 2499 3167 2574 σύνθρονος
3201 2501 3301 2572 τῆς
3344 2499 3623 2572 βασιλείας
3649 2500 3750 2554 αὖ·

2160 2586 2278 2639 τοῦ.
2303 2587 2580 2643 Δέδεικται
2610 2588 2668 2641 δὲ
2695 2589 2791 2642 καί
2822 2589 2852 2642 ὀ
2882 2588 2970 2643 διὰ
3001 2589 3096 2643 τοῦ
3128 2590 3354 2643 Ἡσαΐου
3385 2590 3621 2663 Χριστὸς
3651 2590 3752 2662 οὐχ

2163 2679 2254 2732 ὑπ’
2288 2678 2589 2750 ἀνθρώπων
2631 2679 2889 2749 γεγονὼς,
2914 2679 3030 2733 ἀλλ’
3073 2681 3167 2733 ὑπ’
3196 2680 3361 2733 αὐτοῦ
3400 2680 3618 2753 Πατρὸς
3655 2681 3753 2737 καὶ

2161 2771 2251 2827 διὰ
2282 2771 2375 2825 τοῦ
2405 2771 2590 2825 ἐνθέου
2624 2770 2942 2841 Πνεύματος
2964 2772 3346 2843 κεχρισμένος,
3378 2771 3660 2844 λυτρωτής
3684 2789 3749 2826 τε

2161 2863 2573 2935 ἀπεσταλμένος
2597 2863 2695 2933 τῆς
2721 2861 2829 2916 τῶν
2849 2861 3152 2934 ἀνθρώπων
3181 2863 3574 2934 αἰχμαλωσίας.
3610 2864 3747 2919 Τοῦ-

2160 2974 2252 3011 τον
2299 2957 2362 3028 δὴ
2410 2952 2503 3010 οὖν
2542 2955 2813 3027 πνεύματι
2882 2952 3014 3025 θείῳ
3062 2955 3393 3027 τεθεαμένος
3440 2957 3469 3009 ὁ
3515 2958 3741 3029 Μωσῆς,

2160 3049 2375 3113 εἰκόνας
2418 3050 2513 3102 καὶ
2553 3045 2794 3118 σύμὸολα
2840 3045 2917 3110 ὡς
2957 3047 3015 3099 ὲν
3063 3045 3371 3119 ἀνθρώποις
3405 3047 3573 3101 αὐτοῦ
3606 3048 3743 3102 καθ-

2158 3141 2308 3214 ίστη,
2342 3139 2625 3211 σκευαστῷ
2654 3139 2810 3212 μύρῳ
2841 3137 2979 3202 τέως
3002 3138 3124 3192 ἀντὶ
3143 3136 3237 3191 τοῦ
3261 3137 3405 3192 θείου
3430 3138 3747 3209 Πνεύματος

2086 3199 2132 3260 C
2161 3234 2251 3288 τὸν
2274 3199 2337 3287 έν
2370 3199 2677 3304 ἀνθρώποις
2721 3199 3068 3304 προηγμένον
3126 3230 3276 3303 ἱερέα
3322 3230 3491 3303 χρίων
3536 3199 3597 3284 τε
3648 3199 3744 3285 καί

2160 3325 2417 3395 ἀλείφων,
2452 3323 2687 3396 Χριστόν
2711 3340 2770 3376 τε
2800 3323 2962 3377 αὐτὸν
3002 3323 3097 3378 καί
3131 3322 3461 3396 ὴλειμμένον
3491 3327 3571 3389 εἰς
3609 3326 3742 3379 ἀνα-

2160 3419 2331 3490 φορὰν
2359 3417 2453 3471 τοῦ
2493 3416 2730 3489 ἀληθοῦς
2761 3416 3071 3471 ἀποκαλῶν.
3108 3419 3232 3472 Ὅτι
3272 3419 3329 3472 δὲ
3358 3418 3532 3473 ταῦτα
3570 3417 3744 3481 οὕτως

2156 3510 2304 3580 ἔχει,
2344 3509 2429 3573 τίς
2464 3510 2531 3563 ἂν
2558 3509 2770 3578 γένοιτο
2805 3509 3014 3581 μάρτυς
3041 3509 3210 3564 αὐτοῦ
3267 3510 3510 3575 Μωσέως
3542 3509 3742 3582 μᾶλλον

2158 3599 2487 3672 ἀξιόχρεως;
2534 3602 2621 3654 Ἐν
2650 3599 2760 3673 γὰρ
2787 3604 2855 3672 τῇ
2907 3601 3073 3655 αὐτοῦ
3120 3605 3305 3673 γραφῇ
3337 3602 3427 3656 τὸν
3476 3602 3745 3675 χρηματί-

2158 3692 2318 3757 ζοντα
2347 3691 2496 3763 αὐτῷ
2526 3692 2660 3746 Θεὸν
2698 3694 2794 3748 καὶ
2826 3691 3028 3764 Κύριον
3068 3692 3365 3766 διαρρήδην
3396 3693 3741 3766 παρακελεύ-

2159 3782 2353 3836 σασθαι
2384 3782 2532 3853 αὐτῷ
2553 3782 2816 3849 διδάσκει,
2848 3782 2989 3837 κατά
3021 3783 3120 3855 τὴν
3152 3783 3561 3855 ύποδειχθεῖσαν
3591 3783 3743 3857 αὐτῷ

2157 3875 2354 3946 νοητὴν
2406 3876 2501 3929 καὶ
2556 3875 2807 3947 οὐράνιον
2854 3875 3021 3930 αὐτοῦ
3074 3875 3231 3941 θέαν,
3278 3878 3743 3950 σωματικωτέραν

2157 3967 2254 4021 ἐπί
2290 3967 2396 4037 γῆς
2439 3967 2813 4039 συστήσασθαι
2856 3966 3132 4040 λατρείαν,
3168 3968 3353 4022 εἰκόνα
3394 3968 3501 4022 τῶν
3534 3969 3741 4041 νοητῶν

2157 4060 2252 4115 καί
2284 4059 2591 4131 ἀσωμάτων
2623 4060 3001 4133 περιέχουσαν.
3021 4059 3255 4126 Λέγεται
3281 4057 3411 4127 γοῦν
3439 4057 3547 4111 τῶν
3575 4060 3633 4111 ὲν
3660 4058 3740 4129 τῷ

2155 4146 2372 4219 οὐρανῷ
2402 4147 2648 4216 ἀγγέλων
2673 4147 2769 4200 καί.
2799 4147 2958 4201 θείων
2977 4147 3259 4218 δυνάμεων
3278 4146 3538 4213 διάταξιν,
3566 4147 3736 4200 τύπον

2154 4239 2276 4293 τινὰ
2314 4237 2748 4310 σκιογραφῆσαι,
2805 4239 3074 4309 φήσαντος
3121 4235 3269 4307 αὐτῷ
3312 4237 3407 4289 τοῦ
3446 4237 3730 4309 χρησμοῦ·

472 4248 695 4319 quidem
725 4250 911 4320 plures
946 4248 1073 4303 facti
1107 4255 1237 4303 sunt
1265 4246 1599 4312 sacerdotes,
1652 4245 1857 4301 idcirco
1900 4246 2051 4316 quod

2160 4352 2179 4385 ι
2203 4334 2456 4403 Ποιήσεις
2489 4332 2666 4385 πάντα
2699 4329 2841 4383 κατά
2874 4329 2963 4383 τὸν
3000 4327 3170 4382 τύπον
3202 4330 3293 4381 τὸν
3324 4329 3602 4400 δειχθέντα
3651 4349 3735 4385 σοι

472 4347 649 4395 morte
703 4339 1127 4409 prohiberentur
1184 4349 1504 4406 permanere
1551 4351 1564 4387 :
1612 4333 1701 4387 hic
1763 4344 1944 4389 autem
1985 4348 2052 4389 eo

472 4429 620 4500 quod
665 4438 880 4485 maneat
911 4429 967 4484 in
1022 4437 1308 4491 aeternum,
1340 4426 1734 4497 sempiternum
1766 4424 1929 4481 habet
1960 4441 2052 4482 sa.

2161 4428 2212 4479 ὲν
2244 4424 2320 4494 τῷ
2357 4422 2490 4494 δρει.
2526 4439 2544 4473 ι
2579 4422 2722 4491 Ἀρα
2753 4415 2846 4473 οὖν
2889 4420 2964 4483 ὡς
2994 4418 3065 4473 τὰ
3094 4419 3230 4473 ἄλλα
3254 4460 3269 4485 ,
3313 4420 3457 4474 οὕτω
3506 4423 3599 4475 καί.
3641 4424 3736 4477 τὸν

471 4521 776 4579 cerdotium
811 4543 822 4576 :
856 4522 1002 4577 unde
1047 4529 1100 4577 et
1151 4522 1366 4577 salvare
1400 4522 1455 4575 in
1490 4528 1814 4590 perpetuum
1866 4526 2049 4590 potest

2161 4512 2415 4588 ἀρχιερέα
2465 4512 2718 4583 παρῆγε,
2756 4511 2913 4583 μύρῳ
2945 4509 3134 4579 γεώδει
3179 4512 3349 4581 χρίων
3397 4513 3591 4578 αὑτὸν,
3641 4514 3735 4568 καί

469 4616 794 4671 accedentes
824 4630 921 4685 per
952 4615 1128 4684 ipsum
1177 4613 1244 4667 ad
1288 4612 1479 4673 Deum.
1512 4627 1727 4675 semper
1757 4611 1945 4667 vivens
1978 4610 2047 4666 ad

2161 4625 2270 4665 τινα
2301 4604 2513 4674 σκιώδη
2545 4604 2641 4657 καὶ
2670 4604 2959 4667 εἰκονικὸν,
3000 4602 3114 4656 ἀλλ’
3145 4603 3245 4656 ούκ
3284 4602 3459 4674 ἀληθῆ
3501 4604 3736 4676 Χριστὸν

468 4706 924 4776 interpellandum
952 4720 1049 4776 pro
1073 4706 1230 4761 nobis
1260 4704 1342 4769 ";
1386 4723 1404 4756 ι
1446 4717 1579 4758 sane
1616 4718 1710 4773 per
1750 4701 1865 4757 hate
1894 4716 2050 4756 com-

2161 4695 2431 4770 ὶρχιερέα,
2479 4693 2573 4747 τοῦ
2609 4695 2731 4746 κατ’
2767 4693 2995 4765 οὐρανὸν
3034 4691 3270 4764 Χριστοῦ
3305 4710 3363 4746 τε
3409 4693 3503 4747 καί
3546 4696 3725 4766 ἀρχιε-

467 4798 757 4854 mendatur
784 4799 1031 4869 quaedam
1058 4813 1180 4868 quae
1202 4796 1366 4851 estin
1390 4796 1478 4860 iis,
1504 4811 1625 4865 qua:
1663 4801 1811 4858 sunt,
1843 4801 1898 4849 et
1928 4808 2049 4864 quae

2161 4790 2287 4862 ρέως
2314 4786 2604 4857 ἀντίμιμον
2629 4785 3093 4856 ἀπεργαζόμενος.

465 4895 724 4951 consistit
772 4896 827 4950 in
875 4895 943 4949 iis
988 4909 1110 4965 qua:
1157 4894 1272 4950 sola
1321 4892 1678 4962 intelligentia
1718 4890 2033 4961 capiuntur,
2081 4886 2244 4958 178
2269 4884 2453 4940 divina
2507 4882 2711 4947 virtus,
2743 4897 2867 4952 quae
2909 4879 3020 4936 Deo
3047 4880 3312 4947 universi,
3363 4889 3423 4936 ut
3453 4881 3509 4935 in
3540 4895 3732 4935 oracu—

466 4987 536 5041 lis
560 4985 912 5043 Hebraeorum
962 4987 1217 5058 legimus,
1253 4990 1575 5041 consecrata
1600 4991 1724 5037 est:
1756 4995 1933 5050 neque
1974 4994 2105 5034 vero
2136 4986 2358 5033 terreno
2391 4982 2556 5045 atque
2597 4972 2840 5028 humano
2891 4980 3191 5042 unguento,
3235 4972 3333 5029 sed
3379 4972 3605 5027 alterius
3637 4986 3732 5042 ge-~

464 5082 615 5136 neris
672 5080 817 5151 quod
872 5078 1040 5133 Deum
1080 5078 1292 5141 deceat,
1351 5074 1647 5143 divinaque
1698 5074 1903 5127 virtute
1956 5086 2022 5125 ao
2086 5075 2355 5140 potestate
2408 5064 2477 5121 ad
2531 5080 2733 5119 munus
2783 5064 3085 5120 sacerdotis
3130 5064 3466 5128 obeundum,
3513 5062 3733 5134 Deoque

459 5171 609 5228 Patri
631 5171 1022 5243 praastandum,
1044 5170 1365 5224 conﬁrmata
1397 5165 1672 5221 consistit.
1704 5163 1840 5218 Eum
1885 5162 2053 5234 igitur
2091 5162 2160 5216 de
2191 5175 2303 5230 quo
2356 5157 2608 5214 Psalmns
2675 5156 3029 5218 vaticinatur,
3075 5163 3301 5226 apparet
3355 5168 3580 5225 prorsus
3640 5166 3731 5207 sa-

460 5268 740 5323 cerdotem
772 5265 1064 5336 quemdam
1093 5278 1217 5320 esse
1246 5262 1637 5331 sempiternum
1677 5259 2042 5328 altissimique
2078 5256 2173 5311 Dei
2232 5253 2453 5317 Filium,
2517 5261 2777 5323 tanquam
2835 5252 2904 5307 ab
2938 5251 3059 5321 ipso
3088 5250 3360 5306 altissimo
3413 5248 3524 5303 Deo
3576 5247 3729 5318 geni-

459 5367 598 5425 tum,
626 5368 680 5414 et
710 5359 857 5413 illius
907 5357 1061 5428 regni
1122 5354 1501 5409 consessorem
1537 5371 1551 5406 :
1586 5359 1670 5408 est
1714 5351 1879 5406 etiam
1936 5357 2242 5411 ostensum,
2297 5353 2357 5399 ut
2403 5345 2498 5415 qui
2539 5359 2638 5414 per
2689 5341 2883 5399 Isaiam
2931 5340 3274 5411 signiﬁcatur
3310 5339 3587 5402 Christus,
3614 5352 3727 5393 non

461 5454 532 5507 ab
584 5452 898 5507 hominibus
952 5450 1130 5504 factus
1187 5446 1279 5510 sit,
1330 5444 1428 5501 sed
1474 5443 1546 5499 ab
1590 5443 1711 5515 ipso
1742 5441 1905 5497 Patre
1963 5456 2061 5510 per
2130 5438 2394 5509 Spiritum
2456 5437 2701 5493 divinum
2739 5436 2811 5491 sit
2845 5443 3066 5498 unctus,
3117 5440 3171 5487 et
3218 5432 3287 5485 ad
3339 5431 3588 5485 homines
3631 5429 3725 5500 qui

461 5548 661 5617 captivi
691 5554 1005 5600 tenerentur
1028 5542 1392 5607 redimendos,
1427 5541 1649 5596 missus.
1680 5538 1835 5593 Hunc
1876 5539 2041 5609 igitur
2074 5536 2263 5591 divino
2294 5534 2503 5604 Spiritu
2548 5534 2780 5588 intuitus
2810 5532 3012 5595 Moses,
3074 5530 3203 5584 dum
3252 5530 3518 5601 imagines
3542 5542 3605 5583 ac
3625 5541 3729 5583 no-

532 5790 576 5821 ”
607 5786 742 5842 Gen.
810 5801 924 5853 xw,
963 5784 1083 5843 18.:
1158 5785 1215 5855 ’⁸.
1251 5783 1383 5837 ibid.
1420 5782 1505 5837 i9.
1604 5781 1646 5812 ’τ
1684 5776 1849 5833 llebr.
1881 5792 1979 5843 vn,
2013 5775 2061 5828 7.

2175 5775 2219 5806 ³⁸
2254 5772 2416 5829 llcbr.
2454 5786 2527 5838 vt,
2564 5770 2651 5838 i7,
2693 5770 2779 5823 18.
2876 5770 2919 5800 ’θ
2950 5766 3119 5842 Hebr.
3147 5782 3243 5833 vn,
3282 5768 3471 5826 20-25.
