4126 6478
359 420 468 479 501

1273 410 1944 471 DEMONST-RATIONIS
1971 408 2429 467 EVANGELICIE
2459 409 2588 467 LIB.
2604 408 2703 489 ‘IV.

3512 409 3624 465 502

372 542 463 591 tas
528 533 727 605 ipsius,
759 539 820 587 ut
849 530 906 586 in
935 528 1273 589 hominibus,
1341 527 1664 585 constituit:
1700 528 2012 595 comparato
2071 529 2349 594 unguento
2393 522 2613 578 interim
2649 520 2818 577 divini
2878 519 3114 591 Spiritus
3163 520 3304 586 loco,
3358 537 3520 593 quem
3570 531 3628 579 in

372 624 693 681 hominibus
749 624 1060 697 praetulerat
1105 620 1443 678 sacerdotem
1496 621 1731 682 inunxit,
1798 617 2187 687 Christumque
2255 632 2379 671 eum
2438 623 2493 672 et
2548 624 2791 679 unctum,
2843 614 3106 670 relatione
3138 615 3207 671 ad
3236 631 3361 672 eum
3396 618 3487 687 qui
3535 634 3627 673 νεα

370 734 472 776 rus
520 728 628 785 est,
678 717 987 790 appellavit.
1039 715 1197 783 Quod
1246 724 1426 771 autem
1492 714 1608 769 haec
1662 713 1738 767 ita
1793 727 1854 767 se
1912 710 2182 775 habeant,
2235 709 2380 780 quis,
2423 710 2510 765 cui
2565 708 2698 764 ﬁdes
2744 708 3032 773 habeatur,
3082 710 3239 766 testis
3295 710 3415 782 ipso
3476 711 3628 768 Mose

371 816 631 889 dignior?
688 815 746 869 ln
782 814 852 871 iis
889 813 1036 871 enim
1066 827 1188 884 qua:
1215 812 1286 867 ab
1336 811 1456 882 ipso
1486 810 1693 877 scripta
1759 815 1888 864 sunt
1950 805 2371 876 respondentem
2432 804 2537 860 sibi
2593 804 2762 860 Deum
2813 819 2878 860 ac
2921 803 3237 873 Dominum,
3290 808 3469 877 palam
3523 807 3631 864 sibi

378 908 682 980 imperasse
732 908 912 972 docet,
967 915 1028 962 ut
1078 905 1383 962 secundum
1433 903 1735 960 exhibitam
1803 899 1911 955 sibi
1974 897 2372 967 intelligibilein
2405 911 2469 952 ac
2521 896 2799 952 cmlestem
2844 895 2991 952 illius
3049 897 3336 964 visionem,
3373 914 3634 969 corporea

384 1001 567 1071 specie
625 998 1000 1055 adorationem
1066 998 1122 1052 in
1166 1003 1315 1051 terra
1359 996 1739 1055 constitueret,
1803 1005 1926 1063 quae
1967 1004 2150 1044 rerum
2183 988 2609 1060 intelligibilium
2661 994 2826 1059 atque
2870 988 3315 1061 incorporearum
3344 993 3635 1065 imaginem

384 1094 857 1164 ‘complecteretur.
928 1093 1118 1162 Itaque
1178 1091 1485 1147 caelestium
1560 1087 1879 1159 angelorum
1948 1082 2371 1153 divinarumque
2419 1088 2750 1152 potestatum
2801 1080 3047 1147 ordines,
3101 1083 3518 1143 adumbratione
3568 1103 3637 1145 ac

386 1188 557 1258 ﬁgura
611 1183 848 1254 quadam
909 1184 1112 1239 dicitur
1163 1183 1550 1253 descripsisse,
1607 1195 1733 1236 cum
1792 1177 1903 1249 ipsi
1949 1176 2143 1246 utique
2200 1175 2484 1230 oraculum
2525 1174 2754 1230 dixisset
2791 1192 2804 1227 :
2848 1192 2867 1225 ι
2907 1172 3098 1232 Facies
3125 1179 3308 1233 omnia
3353 1179 3420 1234 ad
3451 1195 3637 1237 exem-

386 1282 506 1352 plar
550 1278 696 1349 quod
742 1278 844 1333 tibi
889 1277 1326 1333 demonstratum
1385 1283 1469 1333 est
1516 1277 1575 1331 in
1610 1281 1795 1330 monte
1828 1271 1874 1303 '°
1910 1292 1925 1326 :
1968 1289 1987 1322 ι
2030 1269 2174 1340 Ergo
2227 1268 2685 1340 quemadmodum
2737 1266 2970 1338 reliqua,
2999 1268 3074 1323 ita
3108 1277 3162 1325 et
3201 1269 3517 1327 Pontiﬁcem
3551 1274 3636 1329 in-

370 1374 561 1438 .duxit,
615 1389 776 1445 quem
827 1373 1069 1429 terrestri
1124 1381 1402 1444 unguento
1470 1375 1700 1443 ungeret
1740 1388 1753 1424 :
1802 1367 1989 1437 itaque
2057 1364 2402 1449 umbratilem
2444 1363 2740 1435 quemdam
2791 1377 2857 1417 ac
2905 1362 3247 1433 simulatum,
3292 1384 3405 1424 non
3455 1378 3639 1429 autem

380 1486 572 1528 verum
599 1469 875 1526 Christum
899 1478 955 1526 et
976 1469 1313 1542 pontiﬁcem,
1338 1471 1488 1526 illius
1509 1482 1693 1526 tamen
1716 1466 1957 1524 caelestis
1991 1464 2197 1520 Christi
2230 1472 2286 1521 et
2307 1466 2583 1537 pontiﬁcis
2611 1466 2787 1522 instar
2818 1462 3110 1536 expressit.

465 1561 603 1615 Ἀλλ’
629 1563 708 1616 ὅτι
740 1562 839 1634 μὲν
869 1565 898 1617 6
923 1562 1128 1635 κυρίως
1161 1564 1397 1637 Χριστὸς
1427 1566 1527 1619 οὐκ
1563 1564 1847 1636 ἄνθρωπος
1867 1557 1956 1634 ἦν,

2133 1559 2426 1625 Caeterum,
2452 1567 2513 1613 ut
2547 1561 2768 1630 proprie
2791 1558 3012 1631 quidem
3047 1558 3303 1615 Christus
3334 1574 3448 1615 non
3474 1560 3642 1618 homo

380 1655 497 1720 υίὸς
528 1655 584 1707 δέ
614 1673 698 1719 τις
726 1655 882 1721 Θεοῦ,
909 1655 1102 1721 δεξιοῖς
1129 1656 1229 1727 τῆς
1250 1658 1522 1731 πατρικῆς
1548 1656 1800 1728 Θεότητος
1826 1673 1965 1710 τετι-

2068 1650 2253 1715 fuerit,
2280 1667 2471 1706 verum
2506 1651 2600 1708 Dei
2630 1652 2825 1716 Filius,
2875 1653 2968 1722 qui
3015 1650 3208 1708 dextra
3232 1658 3477 1724 paternae
3509 1654 3646 1712 divi-

387 1746 631 1817 μημένος
654 1784 671 1811 ,
716 1748 809 1801 καὶ
858 1747 990 1802 πολὺ
1036 1748 1298 1820 κρείττων
1329 1750 1390 1803 οὐ
1436 1751 1592 1822 μόνον
1637 1750 1737 1821 τῆς
1767 1748 1967 1820 θνητῆς

2088 1741 2262 1797 iitatis
2284 1742 2357 1798 sit
2392 1742 2709 1810 decoratus,
2745 1751 2799 1799 et
2824 1745 2998 1799 multo
3024 1744 3396 1816 praestantior,
3427 1760 3539 1800 non
3559 1761 3647 1805 so-

384 1839 482 1893 καὶ
524 1838 872 1910 ἀνθρωπείας
905 1839 1155 1910 φύσεως,
1209 1840 1346 1894 ἀλλά
1398 1841 1493 1895 καὶ
1535 1841 1717 1913 πάσης
1759 1841 1858 1911 τῆς
1908 1841 1966 1894 ὲν

383 1933 631 2002 γενητοῖς
660 1932 854 2002 νοερᾶς
882 1931 1091 1996 οὐσίας,
1124 1931 1312 2002 σαφῶς
1342 1930 1492 2005 οἶμαι
1527 1933 1929 2004 ἀποδεδειχέναι
1949 1949 1963 1963 ·

383 2023 528 2093 πλὴν
560 2023 675 2077 ἀλλ’
717 2024 797 2077 ὅτι
831 2022 973 2078 κατά
1009 2023 1077 2078 τὰ
1115 2024 1379 2096 πρότερον
1410 2025 1676 2097 εἰρημένα
1724 2028 1753 2079 6
1807 2023 1970 2087 αὐτὸς

387 2114 552 2168 Δαὸὶδ
598 2116 656 2169 ὲν
714 2115 796 2187 μδ¹
864 2115 1066 2188 ψαλμῷ
1134 2121 1428 2190 προγραφῇ
1505 2118 1850 2191 χρησάμενος
1899 2119 1968 2188 τῇ

392 2223 414 2258 ι
446 2206 617 2279 Ὑπὲρ
655 2207 751 2261 τοῦ
783 2208 1069 2280 ἀγαπητοῦ
1102 2211 1197 2265 καὶ
1239 2210 1348 2264 τῶν
1380 2210 1915 2283 ἀλλοιωθησομένων,
1947 2229 1965 2261 ι

388 2297 523 2369 ὁμοῦ
561 2298 694 2352 Θεὸν
724 2301 819 2354 καὶ
868 2300 1092 2371 βασιλέα
1147 2301 1244 2355 καὶ
1288 2302 1526 2373 Χριστὸν
1571 2302 1667 2357 ἕνα
1707 2301 1828 2356 τινὰ
1877 2302 1973 2355 καὶ

391 2388 481 2442 τὸν
526 2390 690 2443 αὐτὸν
712 2390 1058 2462 ἀναγορεύει,
1099 2391 1328 2463 γράφων
1392 2390 1597 2456 οὕτως’
1646 2410 1665 2443 ι
1714 2390 1971 2464 Ἐξηρεύ-

391 2477 520 2543 ξατο
563 2482 600 2551 ἡ
653 2482 851 2554 καρδία
905 2499 1004 2552 μου
1053 2482 1211 2552 λόγον
1261 2483 1487 2552 ἀγαθὸν,
1526 2484 1669 2553 λέγω
1738 2484 1849 2552 ἐγὼ
1904 2484 1975 2538 τὰ

393 2570 531 2642 ἔργα
580 2589 683 2643 μου
736 2571 815 2644 τῷ
873 2573 1100 2644 βασιλεῖ.
1147 2576 1211 2628 Ἡ
1272 2574 1493 2645 γλῶσσά
1564 2594 1665 2647 μου
1728 2576 1975 2647 κάλαμος

402 2665 764 2736 γραμματέως
808 2664 1137 2737 ὁξυγράφου·
1164 2667 1362 2739 ὡραῖος
1414 2668 1600 2721 κάλλει
1652 2667 1805 2739 παρὰ
1848 2668 1976 2732 τοὺς

394 2756 542 2819 υἱοὺς
574 2753 682 2807 τῶν
707 2755 1038 2828 ἀνθρώπων’
1080 2775 1099 2808 ι
1135 2751 1215 2820 οἷς
1249 2756 1376 2827 ἑξῆς
1409 2755 1674 2824 ἐπιλέγει·
1707 2776 1725 2807 ί
1768 2756 1826 2808 '0
1854 2755 1975 2827 θρό-

390 2864 482 2911 νος
531 2864 644 2913 σου,
682 2850 710 2901 6
746 2846 900 2912 Θεὸς,
934 2850 1015 2912 είς
1046 2850 1138 2903 τὸν
1169 2849 1344 2903 αἰῶνα
1380 2848 1476 2903 τοῦ
1511 2848 1705 2912 αἰῶνος
1727 2866 1741 2879 ο
1780 2847 1973 2920 ῥάϐδος

2069 1836 2181 1891 lum
2212 1835 2430 1891 mortali
2477 1836 2826 1906 humanaque
2872 1846 3088 1902 natura,
3140 1838 3235 1894 sed
3277 1838 3443 1893 etiam
3488 1838 3641 1895 omni

2068 1928 2398 1999 intelligibili
2450 1928 2508 1984 in
2561 1929 2728 1984 rebus
2763 1931 2960 1985 creatis
3008 1930 3249 1986 essentia
3287 1931 3645 2002 intelligatur,

2070 2021 2230 2090 plane
2259 2035 2345 2076 me
2375 2021 2616 2076 arbitror
2648 2021 3082 2085 demonstrasse,
3123 2029 3320 2092 praeter
3353 2039 3539 2080 .unum
3579 2025 3646 2077 il-

2071 2111 2188 2177 iud,
2210 2110 2358 2181 quod
2390 2111 2459 2166 ad
2486 2127 2550 2166 ea
2572 2126 2694 2182 quae
2720 2112 2954 2167 antehac
2979 2111 3123 2168 dicta
3158 2121 3309 2179 sunt,
3341 2114 3651 2172 addendum

2070 2219 2195 2259 esse
2243 2204 2504 2269 arbitror,
2562 2206 2632 2262 ab
2685 2204 2878 2260 eodem
2930 2206 3117 2276 utique
3170 2205 3341 2263 David
3394 2206 3456 2263 in
3516 2223 3653 2277 qua-

2072 2296 2384 2367 dragesimo
2434 2304 2632 2367 quarto
2680 2298 2893 2366 psalmo
2939 2297 3297 2368 inscriptione
3337 2300 3650 2369 praeposita,

2074 2385 2166 2441 illa
2184 2403 2303 2458 qua:
2319 2395 2424 2453 est,
2457 2405 2476 2439 ι
2507 2403 2608 2458 pro
2629 2389 2829 2443 dilecto
2844 2396 2899 2445 et
2923 2389 2990 2444 iis
3013 2389 3105 2460 qui
3130 2390 3590 2456 immutabuntur,
3623 2412 3643 2444 ι

2073 2476 2244 2534 Deum
2273 2479 2436 2534 simul
2461 2486 2515 2534 et
2540 2495 2721 2551 regem
2741 2491 2795 2533 ct
2811 2479 3087 2536 Christum
3119 2496 3287 2535 unum
3311 2491 3361 2537 et
3403 2483 3652 2541 eumdem

2075 2570 2364 2640 quemdam
2382 2571 2661 2641 appellari,
2680 2571 2766 2626 his
2796 2572 3015 2641 quidem
3032 2573 3212 2630 verbis
3239 2591 3254 2628 :
3285 2574 3445 2645 179
3465 2593 3483 2625 ι
3510 2573 3627 2632 Ern
3641 2607 3656 2615 -

2075 2661 2243 2716 ctavit
2257 2677 2354 2717 cor
2370 2678 2548 2717 meum
2567 2663 2792 2718 verbum
2818 2663 3045 2731 bonum,
3062 2664 3186 2721 dico
3208 2681 3308 2736 ego
3341 2681 3507 2736 opera
3538 2681 3657 2723 mea

2075 2754 2189 2825 regi
2227 2773 2241 2808 :
2275 2753 2456 2825 lingua
2477 2769 2599 2809 mea
2621 2755 2866 2813 calamus
2910 2756 3105 2812 scriba:
3133 2758 3394 2814 velociter
3421 2758 3660 2815 scriben-

2075 2847 2147 2903 tis
2180 2866 2193 2901 :
2231 2848 2513 2917 speciosus
2539 2846 2711 2904 forma
2742 2866 2854 2922 prte
2890 2849 3015 2907 ﬁliis
3048 2850 3326 2906 hominum
3366 2851 3430 2904 δι.
3472 2871 3491 2904 ι
3526 2850 3661 2917 Qui-

396 2907 750 3011 εὒίῦύτητὸςή
803 2907 1133 3013 τῆς
1175 2939 1451 3011 βασιλείας
1497 2958 1590 2994 σου
1616 2958 1629 2971 σ
1675 2907 1971 3012 ῆγάπησας

2084 2942 2183 2998 bus
2208 2907 2464 3014 deinceps
2496 2907 2764 3013 adjungiti
2800 2962 2818 2995 ι
2849 2942 3015 3000 Sedes
3044 2949 3158 3006 tua,
3184 2942 3358 3007 Deus,
3391 2942 3447 2998 in
3482 2958 3663 2999 sacu-

390 3028 757 3100 δικαιοσύνην,
786 3032 881 3085 καὶ
906 3030 1175 3104 ἐμίσησας
1207 3032 1422 3087 ἀδικίαν
1443 3048 1456 3061 ·
1492 3032 1580 3086 διὰ
1611 3031 1770 3086 τοῦτο
1788 3032 1973 3105 ἔχρισέ

392 3135 458 3175 σε
487 3120 518 3173 ὀ
547 3120 680 3184 Θεὸς
711 3123 740 3175 6
770 3121 902 3187 Θεός
936 3141 1030 3177 σου
1061 3123 1238 3179 ἔλαιον
1268 3123 1644 3194 ἀγαλλιάσεως
1672 3124 1826 3197 παρὰ
1847 3126 1974 3189 τοὺς

400 3212 659 3284 μετόχους
688 3230 803 3268 σου.
844 3233 864 3266 ι
900 3215 1099 3270 Σκόπει
1130 3217 1172 3270 δ’
1216 3213 1311 3271 οὖν
1349 3216 1791 3291 ἐπιμελέστερον,
1827 3220 1976 3282 ὅπως

386 3304 540 3359 κατὰ
573 3304 671 3377 τὴν
701 3304 794 3358 τοῦ
826 3305 1043 3378 ψαλμοῦ
1078 3310 1405 3381 προγραφὴν
1446 3310 1588 3381 ὑπὲρ
1625 3309 1721 3364 τοῦ
1754 3310 1975 3381 ἀγαπη-

382 3398 493 3454 τοῦ
525 3399 617 3454 τὸν
641 3400 796 3469 λόγον
829 3397 967 3455 εἶναι
999 3405 1439 3477 προοιμιάζεται,
1474 3406 1611 3477 μετὰ
1645 3405 1740 3460 τοῦ
1771 3406 1865 3461 καὶ
1896 3405 1977 3468 εἰς

386 3490 617 3546 -σύνεσιν
642 3493 751 3546 τῶν
776 3492 1191 3567 λεχθησομένων
1222 3497 1314 3551 τὸν
1346 3497 1621 3570 ἀκροατὴν
1662 3503 1973 3573 παρορμᾷν·

400 3585 823 3655 ἐπισημαίνεται
861 3587 919 3640 δὲ
965 3588 1061 3641 καὶ
1090 3588 1153 3642 τὸ
1191 3589 1363 3643 αἴτιον
1393 3590 1496 3661 τῆς
1537 3592 1850 3664 οἰκονομίας
1880 3594 1977 3648 τοῦ

400 3676 582 3746 λόγου,
615 3678 858 3747 φάσκων
905 3697 924 3729 ι
973 3681 1065 3744 Εἰς
1090 3680 1150 3734 τὸ
1180 3681 1333 3746 τέλος
1373 3683 1513 3754 ὑπὲρ
1545 3684 1652 3737 τῶν
1686 3684 1980 3756 ἀλλοιωθη-

405 3769 644 3840 σομένων
672 3770 753 3833 είς
781 3768 994 3823 σύνεσιν
1020 3772 1164 3843 ὑπὲρ
1190 3771 1285 3826 τοῦ
1329 3773 1640 3845 ἀγαπητοῦ.
1676 3794 1694 3826 ›
1726 3775 1890 3838 Τίνας
1922 3775 1979 3828 δὲ

404 3859 597 3924 ἅῗλους
621 3860 797 3926 εἴποις
831 3858 971 3918 εἶναι
998 3866 1125 3930 τοὺς
1163 3864 1699 3938 ἀλλοιωθησομένους
1733 3869 1873 3939 ὑπὲρ
1905 3861 1981 3922 ὧν

403 3953 435 4006 6
473 3952 687 4026 ψαλμὸς
728 3954 963 4027 εἴρηται,
998 3956 1032 4028 ἢ
1063 3959 1189 4022 τοὺς
1228 3956 1523 4029 μέλλοντας
1559 3960 1981 4029 μεταϐαλεῖσθαι

406 4047 471 4099 ὲκ
501 4045 764 4118 προτέρου
804 4045 918 4117 βίου
940 4047 1034 4101 καὶ
1054 4049 1280 4121 τρόπου,
1307 4050 1770 4125 μετατεθήσεσθαί
1799 4069 1859 4109 τε
1890 4053 1985 4106 καὶ

403 4135 866 4209 ἀλλοιωθήσεσθαι
909 4138 998 4192 διὰ
1037 4138 1130 4194 τοῦ
1182 4142 1694 4214 προφητευομένου;
1727 4138 1895 4209 Οὗτος
1926 4145 1983 4198 δὲ

2079 3033 2191 3089 lum
2237 3035 2422 3090 saeculi
2453 3055 2466 3090 :
2500 3035 2654 3107 virga
2691 3034 3015 3091 directionis
3056 3035 3207 3107 virga
3238 3035 3397 3107 regni
3430 3035 3508 3089 tui
3535 3054 3548 3089 :
3575 3035 3660 3089 di-

2081 3127 2262 3184 lexisti
2289 3127 2582 3199 justitiam,
2636 3135 2692 3184 et
2734 3128 2898 3184 odisti
2936 3128 3273 3200 iniquitatem
3323 3149 3335 3183 :
3372 3136 3661 3200 propterea

2090 3221 2248 3276 unxit
2310 3231 2363 3277 te
2393 3221 2540 3278 Deus
2589 3220 2734 3279 Deus
2767 3230 2896 3278 tuus
2930 3223 3051 3279 oleo
3094 3223 3497 3288 exsultationis,
3550 3239 3663 3295 pra:

2086 3319 2443 3389 participibus
2501 3320 2611 3375 tuis
2653 3320 2720 3373 δ’.
2772 3339 2791 3373 ι
2832 3319 3135 3375 Considera
3183 3334 3314 3390 ergo
3348 3319 3663 3391 diligentius

2084 3411 2544 3481 quemadmodum
2604 3412 2902 3467 secundum
2956 3411 3153 3482 psalmi
3211 3412 3661 3481 inscriptionem.

2085 3506 2200 3553 tum
2234 3515 2335 3570 pro
2360 3500 2561 3555 dilecto
2591 3516 2651 3556 se
2673 3501 2840 3555 verba
2875 3500 3055 3556 facere
3084 3500 3242 3555 initio
3267 3503 3449 3555 statim
3478 3509 3668 3559 esten-

2086 3591 2200 3655 dat,
2237 3599 2351 3646 tum
2387 3593 2552 3648 etiam
2594 3602 2655 3647 ut
2677 3593 2743 3648 ad
2772 3593 3182 3664 intelligentiam
3209 3608 3399 3648 eorum
3424 3609 3546 3663 quae
3581 3592 3667 3648 diu

2087 3684 2260 3737 cenda
2287 3683 2417 3746 sint,
2441 3683 2745 3739 auditorem
2786 3694 3157 3749 commoveat,
3212 3684 3484 3755 signiﬁcat
3529 3701 3668 3755 prae-

2089 3782 2235 3828 terea
2274 3789 2521 3843 qumnam
2556 3775 2626 3829 sit
2677 3775 2842 3843 hujus
2886 3774 3149 3829 orationis
3196 3775 3270 3829 ita
3315 3776 3667 3845 disponendae

2089 3881 2276 3931 causa,
2309 3882 2433 3921 cum
2466 3867 2541 3919 ait
2576 3886 2589 3920 :
2633 3885 2652 3917 ι
2692 3866 2747 3919 in
2781 3865 2939 3920 ﬁnem
2992 3881 3091 3935 pro
3141 3866 3209 3921 iis
3265 3866 3356 3935 qui
3411 3866 3670 3922 immuta-

2089 3961 2315 4027 buntur,
2340 3959 2410 4013 ad
2458 3958 2893 4032 intelligentiam,
2921 3972 3020 4029 pro
3053 3957 3256 4013 dilecto
3299 3957 3383 4012 "z
3430 3977 3449 4010 ι
3502 3973 3669 4028 porro

2089 4067 2357 4123 quosnam
2387 4051 2523 4107 alios
2548 4049 2755 4107 dixeris
2804 4049 3192 4116 immutandos,
3224 4065 3323 4121 pro
3352 4051 3551 4121 quibus
3577 4052 3668 4109 hic

2090 4146 2335 4217 psalmus
2360 4143 2434 4201 sit
2452 4142 2780 4209 dictus,nisi
2795 4156 2889 4199 eos
2912 4142 3003 4214 qui
3032 4142 3280 4197 mutandi
3303 4142 3413 4198 sint
3433 4158 3463 4196 a
3485 4143 3669 4211 priore

404 4222 474 4283 ἦν
513 4231 555 4297 ό,
581 4229 865 4302 ἀγαπητὸς
905 4229 998 4291 τοῦ
1030 4229 1188 4296 Θεοῦ,
1234 4233 1376 4305 ὑπὲρ
1415 4227 1476 4289 οὗ
1509 4235 1601 4287 ἐπὶ
1633 4236 1732 4306 τῆς
1767 4254 1980 4309 προφη-

2096 4239 2204 4293 vita
2222 4254 2285 4294 ac
2312 4237 2558 4295 moribus
2579 4235 3075 4306 transferendique,
3096 4242 3149 4291 et
3161 4250 3226 4291 ex
3240 4237 3363 4290 aliis
3387 4237 3477 4290 alii
3499 4235 3669 4292 futuri

405 4320 557 4385 τείας
586 4322 854 4387 συνέσεως
884 4323 993 4383 δεῖν
1013 4326 1041 4379 6
1068 4324 1428 4399 ψαλμὸςήμῖν
1454 4328 1895 4400 προοιμιάζεται.
1921 4333 1985 4385 Ei

352 4428 359 4431 ‘
407 4413 455 4468 δ’
484 4410 579 4469 οὖν
620 4417 998 4487 ὲπαπορήσας,
1033 4418 1117 4482 τίς
1156 4420 1264 4491 ἄρα
1301 4415 1369 4492 ἦν
1410 4423 1438 4475 6
1479 4422 1764 4493 ἀγαπητὸς
1811 4419 1985 4489 οὗτος,

410 4507 539 4578 περὶ
588 4501 649 4560 οὗ
696 4508 754 4561 ὲν
792 4507 870 4580 τῷ
900 4509 1101 4583 ψαλμῷ
1133 4511 1554 4584 προεφητεύετο,
1588 4513 1740 4585 παρά
1766 4514 1930 4578 πόδας
1960 4518 1989 4568 6

409 4597 567 4668 λόγος
580 4601 919 4671 παραστήσει
935 4602 1232 4674 ἀρχόμενος
1254 4603 1416 4666 εὐθὺς
1436 4605 1532 4658 καὶ
1552 4604 1747 4674 λέγων⁸
1782 4626 1801 4657 ι
1843 4607 1991 4677 Ἐξη-

416 4689 642 4762 ρεύξατο
667 4694 700 4763 ἡ
728 4694 925 4765 καρδία
983 4712 1087 4765 μου
1121 4694 1277 4764 λόγον
1315 4696 1539 4764 ἀγαθόν.
1580 4718 1599 4750 ι
1634 4697 1793 4752 Εἴποι
1837 4699 1896 4752 δὲ
1923 4700 1988 4753 ἄν

411 4797 494 4843 τις
521 4781 682 4838 αὑτὸν
712 4783 919 4837 ἐκεῖνον
953 4785 1332 4855 σημαίνεσθαι,
1373 4787 1465 4841 τὸν
1487 4791 1543 4841 ὲν
1563 4788 1703 4861 ἀρχῇ
1730 4790 1865 4860 πρὸς
1898 4791 1990 4844 τὸν

410 4871 544 4927 Θεὸν
566 4874 757 4942 Λόγον,
779 4875 837 4928 ὃν
874 4875 1138 4947 θεολογῶν
1159 4880 1187 4931 6
1206 4878 1377 4949 μέγας
1393 4880 1782 4953 εὐαγγελιστὴς
1817 4882 1993 4936 Ἰωάν-

411 4979 509 5034 νης
537 4965 775 5038 παρίστη
803 4967 995 5036 λέγων’
1034 4988 1053 5021 ‹
1100 4971 1188 5024 Ἐν
1221 4972 1362 5043 ἀρχῇ
1382 4967 1448 5043 ἦν
1471 4973 1706 5041 ὁΛόγος,
1724 4977 1818 5029 καὶ
1836 4976 1990 5031 6.A6-

412 5073 507 5126 γος
530 5054 598 5129 ἦν
627 5058 764 5130 πρὸς
791 5060 883 5113 τὸν
910 5062 1063 5127 Θεὸν,
1096 5066 1189 5118 καὶ
1220 5064 1352 5129 Θεὸς
1382 5062 1450 5137 ἦν
1476 5067 1505 5120 6
1534 5066 1726 5135 Λόγος.
1773 5087 1791 5118 ι
1825 5067 1899 5120 Τὸ
1922 5068 1988 5131 δ’,

419 5171 439 5204 ι
485 5154 848 5228 Ἐξηρεύξατο
877 5160 911 5228 ἠ
944 5159 1142 5228 καρδία
1190 5179 1290 5232 μου
1315 5161 1473 5232 λόγον
1505 5162 1730 5231 ἀγαθὸν,
1776 5182 1794 5214 ι
1833 5162 1992 5235 εἴπερ

411 5251 479 5303 ὲκ
506 5246 799 5322 προσώπου
828 5250 921 5303 τοῦ
947 5252 1156 5323 Πατρὸς
1176 5254 1271 5306 καὶ
1289 5253 1425 5307 Θεοῦ
1457 5252 1566 5307 τῶν
1593 5253 1729 5307 ὅλων
1757 5254 1991 5323 λέγοιτο,

412 5340 504 5395 τὸν
547 5343 808 5413 μονογενῆ
851 5342 944 5396 τοῦ
994 5343 1131 5397 Θεοῦ
1161 5345 1330 5414 Λόγον
1363 5345 1651 5415 ὑποφαίνοι
1692 5346 1778 5411 ἂν,
1822 5347 1898 5411 ὼς
1927 5346 1994 5400 ἃν

416 5432 543 5486 Υἱὸν
580 5437 646 5489 ὲκ
684 5435 777 5488 τοῦ
824 5436 1035 5507 Πατρὸς
1081 5437 1397 5505 ὑφεστῶτα*
1444 5437 1557 5491 ἁλλ’
1591 5440 1653 5493 οὐ
1684 5438 1826 5492 κατὰ
1860 5457 1995 5510 προ-

417 5524 651 5596 ϐολὴν,ἢ
685 5528 824 5582 κατὰ
853 5529 1195 5601 διαίρεσιν,ἢ
1224 5528 1416 5601 τομὴν,
1447 5530 1479 5600 ἦ
1516 5531 1761 5601 μείωσιν,
1789 5530 1822 5601 ἦ
1856 5533 1997 5585 κατά

2090 4348 2188 4405 per
2211 4346 2336 4387 eum
2367 4330 2436 4386 de
2461 4346 2571 4402 quo
2601 4330 2742 4385 idem
2773 4328 3024 4385 Psalmus
3044 4328 3417 4387 vaticinatur?
3450 4328 3548 4385 Hic
3571 4344 3664 4383 au—

2088 4433 2199 4480 tem
2221 4432 2307 4479 est
2340 4424 2574 4479 dilectus
2597 4421 2712 4485 Dei,
2740 4437 2841 4492 pro
2875 4436 2985 4493 quo
3014 4422 3070 4476 in
3119 4421 3236 4491 ipsa
3267 4421 3554 4492 prophetia
3582 4422 3668 4478 in-

2092 4516 2388 4588 telligentia
2416 4531 2539 4571 esse
2564 4529 2704 4584 opus
2726 4515 2972 4584 psalmus
3002 4513 3120 4584 ipse
3148 4514 3305 4573 initio
3335 4515 3497 4571 nobis
3527 4531 3669 4586 prm-

2092 4610 2302 4666 scribit.
2330 4607 2485 4674 Quod
2509 4608 2555 4663 si
2582 4607 2801 4663 dubites
2821 4608 2945 4677 quis
2970 4608 3056 4662 hic
3079 4607 3295 4662 tandem
3331 4608 3403 4662 sit
3433 4607 3669 4663 dilectus

2090 4702 2159 4757 de
2184 4717 2293 4771 quo
2338 4702 2393 4755 in
2427 4700 2533 4756 hoc
2564 4699 2773 4770 psalmo
2813 4699 2923 4753 tale
2950 4699 3217 4757 habeatur
3255 4699 3605 4760 vaticinium,
3639 4713 3671 4753 e

2092 4792 2320 4860 vestigio
2344 4789 2443 4844 tibi
2465 4788 2585 4858 ipsa
2614 4789 2789 4843 oratio
2818 4788 3140 4854 declarabit,
3164 4803 3285 4858 quae
3305 4788 3461 4843 initio
3484 4787 3671 4843 statim

2094 4884 2167 4938 ita
2199 4884 2275 4938 ait
2299 4903 2312 4937 :
2352 4902 2371 4935 ‹
2400 4881 2679 4937 Eructavit
2703 4896 2798 4936 cor
2822 4896 3001 4936 meum
3027 4881 3254 4936 verbum
3275 4880 3502 4934 bonum.
3527 4898 3545 4931 ›
3577 4877 3672 4933 Di—

2094 4976 2238 5033 xerit
2259 4984 2440 5031 autem
2461 4977 2734 5047 quispiam
2755 4976 2933 5046 ipsum
2956 4974 3090 5031 illud
3108 4974 3406 5046 signiﬁcari
3431 4976 3486 5028 in
3516 4976 3671 5045 prin-

2095 5070 2239 5140 cipio
2272 5068 2415 5139 apud
2451 5068 2620 5124 Deum
2651 5067 2910 5134 Verbum,
2943 5069 3011 5122 de
3047 5082 3158 5138 quo
3198 5066 3498 5136 theologice
3534 5069 3672 5122 scri-

2094 5162 2230 5218 bens
2272 5176 2504 5232 magnus
2549 5161 2881 5230 evangelista
2918 5159 3191 5222 Joannes,
3243 5159 3324 5213 sic
3381 5159 3666 5228 loquitur:

2101 5273 2119 5304 ι
2151 5252 2210 5308 ιη
2238 5253 2509 5324 principio
2542 5260 2661 5307 erat
2691 5250 2928 5308 Verbum
2948 5294 2962 5310 .
3012 5258 3065 5311 et
3101 5249 3338 5305 Verbum
3369 5257 3489 5305 erat
3528 5250 3672 5319 apud

2096 5347 2299 5413 Deum,
2358 5354 2412 5403 et
2471 5345 2614 5402 Deus
2657 5355 2774 5402 erat
2807 5345 3045 5409 Verbum
3098 5343 3174 5409 “;
3224 5363 3243 5395 ι
3300 5344 3432 5397 illud
3489 5359 3667 5399 vero:

2103 5460 2121 5491 ι
2166 5440 2445 5494 Eructavit
2496 5455 2594 5493 cor
2637 5455 2816 5494 meum
2848 5439 3072 5493 verbum
3118 5437 3344 5497 bonum,
3391 5456 3409 5487 ›
3454 5436 3500 5492 si
3550 5437 3675 5507 qui-

2098 5533 2220 5588 dem
2250 5549 2314 5588 ex
2346 5546 2582 5602 persona
2621 5530 2800 5586 Patris
2824 5540 2878 5585 et
2910 5529 3003 5583 Dei
3034 5529 3274 5584 universi
3301 5529 3676 5593 dicatur,uni~

414 5631 467 5669 τι
492 5617 601 5670 τῶν
625 5621 682 5672 ἐν
707 5619 952 5692 σώμασιν
984 5622 1211 5675 ὑπονοου
1223 5622 1419 5693 μένωψ
1459 5623 1629 5694 ἀσεϐῆ
1656 5624 1766 5694 γάρ
1795 5623 1980 5678 ταῦτα⁴

2100 5641 2225 5680 cum
2256 5627 2496 5695 genitum
2520 5623 2616 5678 Dei
2656 5622 2891 5678 Verbum
2933 5622 3319 5692 signiﬁcaverit
3344 5664 3358 5688 ,
3413 5631 3674 5693 tanquam

418 5709 510 5763 mi.
539 5711 771 5782 πάμπαν
796 5715 1157 5788 ἀπῳκισμένα
1178 5715 1279 5786 τῆς
1297 5715 1537 5789 ἀρρήτου
1562 5717 1989 5789 γενεσιουργίας.

2101 5717 2296 5777 Filium
2345 5717 2436 5786 qui
2491 5716 2558 5771 de
2613 5714 2776 5769 Patre
2829 5713 3133 5779 exstiterit,
3190 5731 3299 5771 non
3341 5714 3677 5787 projectionc

524 5885 569 5949 '7’
605 5885 776 5947 Exod.
809 5906 934 5957 xxv,
965 5891 1053 5948 40.
1101 5892 1141 5925 ”
1176 5889 1320 5948 Psal.
1368 5908 1511 5958 xuv,
1546 5892 1602 5960 Ξ,
1637 5893 1691 5947 5.
1770 5893 1810 5924 ³²
1841 5893 1977 5947 ibid.
2019 5893 2068 5961 7,
2102 5891 2153 5947 8.
2222 5893 2277 5975 ‘3’
2305 5889 2442 5946 ibid.
2476 5889 2526 5942 i.
2609 5890 2653 5921 3‘
2690 5889 2845 5947 Joan.
2878 5904 2919 5950 l,
2956 5891 3003 5946 l.
