4126 6436
565 417 672 473 503

1236 418 1502 473 EUSEBH
1542 416 2025 473 CASSARIENSIS
2059 416 2209 474 OPP.
2256 417 2457 473 PARS.
2502 420 2565 475 ll.
2590 453 2658 460 —
2686 421 3203 481 APOLOCETICA.‘

3719 433 3823 490 504

568 539 783 605 aliqua,
833 545 927 590 ant
957 536 1252 597 divisione,
1299 542 1391 589 aut
1455 535 1715 601 sectione,
1776 545 1869 589 aut
1901 535 2097 590 dimint

2200 568 2209 598 ι
2242 539 2399 593 Κατά
2434 540 2489 593 δέ
2528 539 2594 592 τά
2628 541 2861 613 πρόσθεν
2895 544 3024 614 ἡμῖν
3063 542 3362 616 νενοημένα
3405 553 3497 602 καὶ
3539 549 3669 605 τάδε
3712 556 3818 627 χρὴ

567 634 733 694 tione,
766 639 861 685 aut
899 632 1002 683 alia
1037 629 1289 700 quapiam
1329 628 1599 697 ejusmodi
1648 629 1892 691 ratione,
1944 630 2135 698 cujus-

562 725 706 779 modi
745 726 796 779 in
831 723 1154 793 corporibus
1189 737 1487 792 agnoscere
1524 722 1927 777 consuevimus.
1963 720 2135 791 Impia

518 818 523 823 ’
559 820 702 872 enim
734 817 821 871 illa
854 826 906 870 et
934 815 1155 870 omnino
1187 815 1376 885 procul
1419 814 1654 869 abducta
1679 854 1694 878 ,
1754 815 2017 885 longeque
2047 832 2136 872 se-

558 921 702 967 mota
735 910 804 965 ab
850 909 940 963 illa
974 907 1324 980 generatione
1357 904 1634 961 ineffabili.
1690 905 1957 960 Caeterum
1979 947 1993 970 ,
2046 922 2133 963 se-

554 1001 792 1057 cundum
850 1017 915 1055 ea
960 1015 1078 1069 quae
1119 999 1273 1069 prius
1324 1013 1353 1050 a
1410 998 1570 1052 nobis
1600 998 1905 1068 excogitata
1956 1007 2128 1065 sunt,

555 1099 717 1153 etiam
750 1096 863 1150 hzec
904 1102 1119 1165 oportet
1148 1106 1445 1153 assumere,
1479 1091 1624 1161 quod
1672 1089 2126 1157 quemadmodum

553 1190 795 1262 quidem,
823 1188 915 1242 ubi
946 1188 1013 1243 de
1036 1196 1191 1242 utero
1221 1185 1312 1240 Dei
1342 1193 1397 1241 et
1431 1192 1555 1238 ante
1577 1182 1883 1238 Luciferum
1911 1185 2127 1255 genitus

551 1284 777 1341 dicitur,
812 1280 1040 1350 figurate
1078 1294 1180 1333 nos
1210 1278 1336 1331 talia
1369 1277 1668 1347 intelligere
1697 1285 1931 1345 oportet,
1957 1287 2010 1332 et
2036 1294 2126 1333 se-

550 1375 789 1431 cundum
817 1371 1308 1428 Considerationem
1348 1370 1493 1424 illam
1528 1369 1792 1423 duntaxat
1816 1384 1936 1438 quae
1963 1369 2029 1425 de
2058 1372 2125 1426 iis

549 1466 715 1522 rebus
752 1466 1002 1526 habetur,
1034 1478 1154 1533 quae
1183 1462 1298 1517 sola
1326 1460 1683 1531 intelligentia
1714 1460 2027 1530 capiuntur,
2053 1462 2122 1515 ita

548 1559 712 1613 etiam
773 1554 906 1610 illud
974 1553 1220 1621 accipere
1281 1551 1580 1607 debemus:
1633 1569 1652 1603 ι
1704 1551 1983 1607 Eructavit
2027 1568 2125 1607 eor

547 1666 727 1704 meum
768 1649 994 1704 verbum
1034 1646 1281 1702 bonum:
1321 1665 1340 1698 ι
1401 1646 1561 1716 180
1606 1646 1753 1716 quod
1787 1647 2007 1717 quidem
2040 1647 2125 1702 di-

543 1743 707 1798 vinus
720 1742 962 1813 Spiritus
992 1740 1291 1796 secundum
1326 1740 1498 1795 solam
1528 1739 1937 1811 intelligentiam
1966 1754 2123 1795 enar-

543 1843 650 1890 rat.
674 1835 883 1901 Quibus
917 1848 1048 1889 sane
1090 1848 1191 1888 nos
1238 1831 1461 1887 verbum
1510 1830 1643 1886 illud
1666 1871 1681 1898 ,
1743 1847 1845 1901 pro
1873 1832 2117 1889 clausula

542 1927 743 1987 addere
795 1940 1085 1997 possumus
1115 1926 1250 1982 satis
1297 1922 1601 1990 commode,
1630 1923 1778 1995 quod
1810 1933 1865 1980 et
1889 1940 2123 1983 consue-

538 2022 718 2077 vimus
745 2020 798 2074 in
829 2018 1084 2074 omnibus
1123 2017 1304 2072 dicere
1329 2031 1450 2087 qua:
1472 2014 1539 2071 de
1582 2016 1676 2071 illo
1706 2016 2010 2088 tbeologice
2036 2019 2113 2075 fe-

538 2124 754 2180 runtur,
788 2123 842 2169 et
878 2113 1026 2169 omni
1068 2112 1265 2183 pietate
1304 2111 1565 2167 refertum
1591 2119 1693 2168 est.
1736 2130 1757 2164 ι
1793 2111 2106 2169 Generatio-

535 2223 659 2263 nem
698 2207 817 2277 ejus
850 2207 974 2278 quis
1004 2205 1281 2261 enarrahit
1320 2205 1406 2258 "‘l
1439 2226 1457 2258 ι
1493 2205 1754 2272 Quamvis
1784 2207 2110 2263 mortalibus

534 2298 899 2368 humanisque
925 2297 1150 2351 vocibus
1185 2298 1570 2352 consueverint
1610 2298 1767 2353 nobis
1802 2298 1993 2353 littera:
2027 2299 2103 2353 di-

531 2394 670 2447 vinae
696 2392 858 2448 etiam
903 2391 1048 2446 illius
1072 2398 1249 2446 ortum
1294 2403 1587 2459 erponere,
1614 2396 1668 2444 et
1697 2390 1835 2444 uteri
1871 2391 2109 2446 vocabu-

531 2484 643 2539 lum
678 2485 734 2539 in
773 2498 838 2539 eo
868 2497 1139 2553 usurpare
1165 2500 1179 2535 :
1224 2482 1338 2536 haec
1364 2481 1509 2536 enim
1540 2482 1656 2536 sola
1685 2484 2105 2554 contemplatio-

528 2592 599 2632 ne
624 2575 927 2632 secundum
953 2574 1363 2644 intelligentiam
1405 2574 1736 2644 capiuntur,
1792 2590 1893 2630 nec
1949 2576 2108 2631 aliter

527 2667 745 2739 quidem
777 2680 938 2735 quam
966 2664 1012 2721 si
1044 2663 1252 2734 legibus
1287 2664 1577 2733 allegoriae,
1613 2678 1733 2734 qua:
1775 2665 2106 2733 permutatio

526 2761 748 2825 dicitur,
775 2759 1017 2829 subjecta
1050 2757 1289 2823 fuerint;
1320 2772 1427 2828 qua
1458 2757 1678 2828 quidem
1706 2758 1918 2814 ratione
1940 2759 2103 2813 etiam

524 2855 656 2911 illud
688 2874 699 2908 :
748 2872 766 2904 ι
799 2851 1079 2905 Eructavit
1117 2864 1213 2904 cor
1244 2864 1423 2903 meum
1453 2849 1679 2904 verbum
1714 2849 1941 2913 bonum,
1985 2868 2004 2902 ι
2037 2848 2105 2904 de

524 2948 682 3019 primi
716 2944 877 3000 Verbi
900 2942 1291 2998 constitutione
1319 2942 1575 3011 illiusque
1601 2942 1993 3012 propagatione
2020 2941 2104 2996 di-

522 3046 670 3094 ctum
699 3053 855 3103 esse,
894 3034 1166 3106 quispiam
1197 3032 1567 3098 afﬁrmaverit,
1597 3033 1820 3104 quando
1859 3048 1968 3087 non
1999 3033 2101 3087 ali-

519 3138 604 3183 ter
633 3145 748 3190 cor,
782 3125 1079 3182 secundum
1131 3124 1262 3178 illud
1319 3140 1415 3179 cor
1463 3124 1728 3180 duntaxat
1777 3125 1925 3194 quod
1956 3126 2101 3194 apud

2243 631 2701 702 μεταλαμϐάνειν,
2757 632 2946 706 ὥσπερ
2983 651 3046 703 γε
3090 635 3199 688 ἀπὸ
3247 640 3486 711 γαστρὸς
3515 643 3611 696 τοῦ
3657 644 3816 709 Θεοῦ,

2238 723 2329 774 καὶ
2371 724 2476 794 πρὸ
2522 723 2831 797 Ἑωσφόρου
2864 727 3082 796 ἐλέγετο
3114 730 3470 802 γεγεννῆσθαι
3491 773 3506 797 ,
3541 737 3819 806 τροπικῶς

2235 818 2542 871 ἀκουόντων
2575 821 2607 888 ἡ
2617 819 2731 889 μῶν
2758 820 2826 873 τά
2850 820 3096 884 τοιαῦτα,
3138 823 3232 876 καὶ
3260 824 3398 877 κατά
3430 827 3599 897 μόνην
3628 828 3727 899 τὴν
3755 832 3813 886 ἐν

2234 913 2444 980 νοητοῖς
2489 909 2727 983 θεωρίαν
2759 910 2820 964 τὸ
2854 912 3240 984 παραπλήσιον
3283 915 3642 987 ἀποδέχεσθαι
3687 923 3812 993 χρὴ.

2232 1002 2340 1055 Καὶ
2367 1006 2423 1055 ἐν
2453 1002 2550 1073 τῷ,
2586 1022 2605 1054 ‹
2653 1002 3009 1075 Ἐξηρεύξατο
3052 1006 3085 1075 ἡ
3133 1007 3327 1077 καρδία
3359 1025 3460 1079 μου
3484 1008 3643 1077 λόγον
3674 1013 3815 1081 ἀγα-

2232 1093 2343 1158 θὸν,
2370 1113 2390 1146 ι
2424 1094 2565 1148 κατά
2599 1097 2767 1166 μόνην
2796 1095 3037 1149 διάνοιαν
3068 1097 3162 1151 τοῦ
3196 1097 3340 1153 θείου
3372 1100 3691 1174 Πνεῦματος
3713 1105 3810 1161 καὶ

2228 1185 2400 1238 ταῦτα
2428 1184 2735 1251 διεξιόντος,
2769 1187 2853 1256 ἐφ’
2899 1181 2983 1251 οἷς
3010 1188 3102 1240 καὶ
3131 1188 3227 1241 νῦν
3263 1192 3393 1260 ἡμῖν
3426 1191 3605 1260 λέγειν
3637 1211 3809 1266 προσ-

2229 1277 2351 1348 ήκει
2378 1277 2442 1330 τὸ
2481 1277 2707 1350 σύνηθες
2738 1280 2823 1348 ἐφ’
2854 1279 3084 1333 ἑκάστου
3114 1280 3223 1334 τῶν
3263 1283 3393 1354 περὶ
3426 1284 3592 1338 αὐτοῦ
3624 1285 3806 1341 θεολο-

2225 1369 2530 1440 γουμένων,
2577 1372 2671 1425 καὶ
2706 1371 2926 1435 εὐσεϐὲς
2965 1375 3141 1426 ἐκεῖνο
3176 1373 3360 1446 ῥῆμα·
3409 1394 3428 1427 ι
3473 1376 3584 1449 Τὴν
3612 1379 3803 1446 γενεάν

2225 1460 2391 1514 αὐτοῦ
2428 1461 2509 1525 τίς
2545 1463 2899 1533 διηγήσεταις
2936 1483 2956 1516 ι
3002 1464 3107 1519 κάν
3148 1465 3371 1536 θνηταῖς
3398 1470 3493 1522 καὶ
3525 1469 3803 1540 ἀνθρωπί-

2225 1568 2344 1615 ναις
2391 1554 2598 1621 φωναῖς
2634 1554 2877 1625 συνήθως
2923 1556 3053 1625 ἡμῖν
3098 1558 3155 1607 αἰ
3189 1555 3329 1609 θεῖαι
3362 1557 3578 1629 Γραφαὶ
3618 1559 3803 1612 καὶτὸ

2222 1642 2510 1712 γεννᾶσθαι
2545 1643 2859 1712 ἐπιλέγωσι,
2902 1645 2997 1698 καὶ
3046 1648 3107 1698 τὸ
3135 1646 3374 1717 γαστρὸς
3405 1647 3576 1719 ὄνομα
3626 1666 3803 1719 παρα-

2220 1733 2559 1805 λαμϐάνωσι.
2605 1736 2791 1791 Ταῦτα
2818 1738 2927 1811 γάρ
2977 1738 3145 1809 μόνης
3172 1738 3356 1809 ἔχεται
3390 1741 3488 1812 τῆς
3518 1741 3658 1795 κατά
3685 1742 3800 1797 διά-

2220 1845 2370 1881 νοιαν
2406 1828 2660 1900 θεωρίας,
2685 1829 2793 1882 οὐδ’
2818 1829 2992 1893 άλλως
3024 1832 3057 1901 ἢ
3088 1831 3273 1903 νόμοις
3302 1832 3631 1906 ἀλληγορίας
3663 1836 3796 1888 ὑπο-

2156 1909 2196 1963 Β
2226 1919 2566 1991 ϐεϐλημένα·
2601 1921 2886 1994 ώσπεροῦν
2915 1924 3009 1976 καὶ
3032 1923 3120 1976 τό·
3155 1942 3174 1974 ι
3216 1924 3578 1998 Ἐξηρεύξατο
3599 1930 3632 1996 ἡ
3663 1945 3798 2001 καρ-

2212 2011 2302 2069 δία
2326 2028 2426 2082 μου
2452 2010 2610 2081 λόγον
2648 2012 2875 2081 ἀγαθὸν,
2918 2033 2937 2065 ι
2967 2014 3094 2086 περὶ
3127 2015 3226 2086 τῆς
3251 2016 3344 2070 τοῦ
3377 2017 3594 2090 πρώτου
3620 2021 3793 2089 Λόγου

2217 2102 2525 2167 συστάσεώς
2556 2122 2614 2157 τε
2646 2106 2740 2158 καὶ
2772 2104 3079 2171 οὑσιώσεως
3108 2106 3174 2161 ἂν
3203 2108 3334 2179 ’.ραίη
3359 2127 3444 2173 τις
3475 2111 3787 2182 εἰρημένονο

2217 2193 2339 2246 ἐπεὶ
2368 2192 2491 2263 μηδ’
2527 2192 2701 2256 ἄλλως
2732 2194 2959 2267 καρδίαν
2984 2196 3080 2249 καὶ
3104 2196 3199 2268 τὴν
3231 2200 3361 2268 παρ’
3396 2200 3530 2269 ἡμῖν
3563 2202 3789 2271 νοουμέ-

2214 2302 2330 2353 νην,
2355 2285 2449 2339 κα¹ι
2471 2285 2564 2338 ἐπὶ
2592 2285 2686 2339 τοῦ
2716 2285 2824 2343 τῶν
2843 2287 2980 2342 ὅλων
3000 2289 3135 2342 Θεοῦ
3158 2288 3373 2359 θεμιτὸν
3399 2290 3783 2362 ἐκλαμϐάνειν.

2225 2376 2384 2430 Ἀλλά
2411 2378 2519 2449 γὰρ
2554 2379 2583 2430 6
2625 2378 2724 2449 μέν
2759 2397 2844 2444 τις
2871 2382 3060 2435 τοῦτον
3086 2379 3221 2436 εἶναι
3257 2383 3346 2436 τὸν
3378 2386 3436 2438 ἐν
3473 2385 3616 2457 ἀρχῇ
3649 2386 3785 2457 πρὸς

2210 2470 2299 2523 τὸν
2319 2470 2450 2523 Θεὸν
2475 2471 2645 2539 Λόγον
2672 2473 2843 2542 φήσαι
2874 2473 2942 2527 ἂν
2966 2475 3058 2528 τὸν
3083 2474 3282 2550 ψαλμῷ
3306 2476 3655 2549 δηλούμενον,
3687 2479 3790 2532 A6-

2209 2580 2304 2630 γον
2349 2563 2573 2626 εἰκότως
2612 2563 2999 2636 ὠνομασμένον
3043 2569 3268 2637 ἀγαθὸν,
3294 2568 3372 2632 ὠς
3414 2569 3480 2624 ἂν
3505 2569 3599 2624 τοῦ
3656 2587 3790 2625 παν-

2208 2651 2415 2720 αγάθου
2436 2654 2647 2725 [ἰατρὸς
2672 2654 2802 2711 ὄντα
2828 2657 3071 2727 γέννημα
3088 2676 3100 2689 ·
3128 2661 3290 2730 ἡμεῖς
3305 2659 3395 2725 δὲ,⁵
3415 2661 3597 2731 μικρῷ
3627 2663 3685 2715 ἐν
3711 2662 3790 2732 τῷ

2206 2740 2407 2812 ψαλμῷ
2450 2746 2825 2816 προελθόντες,
2854 2749 2946 2801 τὸν
2979 2754 3480 2821 προφητευόμενον,
3516 2752 3681 2805 αὑτὸν
3720 2753 3786 2825 δὴ

2206 2834 2391 2887 τοῦτον
2420 2835 2510 2889 τὸν
2543 2838 2825 2909 ἀγαπητὸν
2854 2839 2948 2892 τοῦ
2981 2839 3138 2903 Θεοῦ,
3170 2839 3459 2913 κεχρίσθαι
3488 2841 3651 2895 πάλιν
3679 2844 3783 2916 οὐχ

2206 2919 2307 2979 ὧδε
2346 2926 2533 2998 ὥσπερ
2568 2931 2673 2983 ὑπὸ
2713 2932 2973 2999 Μωσέως,
3008 2931 3117 2985 οὐδ’
3149 2931 3223 2996 ὡς
3263 2932 3367 2985 ὑπό
3398 2949 3543 2998 τινος
3582 2934 3691 2988 τῶν
3720 2938 3781 2990 ἐν

2204 3018 2531 3091 ἀνθρώποις,
2581 3023 2697 3077 ἀλλ’
2745 3025 2836 3077 ὑπ’
2886 3022 3050 3079 αὐτοῦ
3095 3024 3190 3078 τοῦ
3226 3025 3501 3080 ἀνωτάτου
3550 3027 3644 3081 καὶ
3687 3028 3782 3082 ἐπὶ

2204 3112 2421 3165 πάντων
2449 3113 2585 3168 Θεοῦ
2623 3132 2683 3169 τε
2713 3116 2806 3169 καὶ
2832 3116 3045 3188 Πατρὸς
3072 3116 3239 3171 αὐτοῦ
3264 3119 3588 3190 εὑρήσομεν.
3614 3119 3778 3188 Λέγει

525 3241 625 3280 nos
663 3222 1002 3292 intelligitur,
1037 3220 1088 3273 in
1115 3218 1224 3273 Deo
1255 3217 1413 3273 Patre
1445 3218 1695 3287 accipere
1739 3217 1820 3272 fas
1854 3224 1938 3272 est
1973 3236 1985 3271 :
2030 3216 2092 3271 Et

2202 3203 2248 3257 δ’
2272 3202 2365 3259 οὖν
2394 3204 2522 3277 ἐξῆς
2560 3207 2792 3279 προϊών·
2830 3227 2848 3261 ι
2884 3209 2985 3263 Διά
3015 3208 3174 3263 τοῦτο
3217 3208 3402 3282 ἐχρισέ
3435 3227 3497 3264 σε
3537 3212 3566 3264 6
3593 3210 3723 3274 Θεὸς
3747 3211 3781 3263 6

519 3318 599 3373 sie
635 3281 863 3386 quidem
904 3281 1043 3366 alius
1088 3310 1397 3381 quispiam:
1439 3329 1457 3361 ‹
1501 3281 1738 3364 verbum
1786 3310 1931 3379 quod
1977 3320 2095 3365 erat

2200 3298 2329 3363 Θεός
2380 3315 2473 3351 σου
2525 3299 2702 3353 ἔλαιον
2745 3300 3116 3371 ἀγαλλιάσεως
3155 3302 3306 3374 παρά
3345 3303 3473 3365 τοὺς
3515 3303 3775 3374 μετόχους

519 3410 574 3465 in
599 3408 865 3480 principio
899 3405 1040 3477 apud
1064 3404 1253 3468 Deum,
1280 3422 1299 3455 ›
1345 3403 1397 3457 id
1436 3402 1637 3458 dixerit
1666 3402 1977 3457 habendum
2026 3401 2094 3455 de

2202 3407 2316 3445 σου.
2333 3410 2351 3443 ι
2372 3392 2482 3445 Καὶ
2501 3392 2564 3463 δὴ
2578 3389 2675 3448 οὖν
2688 3393 2965 3447 κάνταῦθα
2983 3394 3073 3447 ὑπ’
3099 3394 3263 3448 αὑτοῦ
3284 3395 3376 3447 ἐπὶ
3395 3394 3614 3448 πάντων
3633 3393 3769 3448 Θεοῦ

516 3517 624 3572 quo
664 3500 905 3569 psalmus
937 3498 1197 3568 loquitur,
1230 3495 1374 3565 quod
1403 3495 1567 3549 etiam
1598 3494 1743 3549 bono
1773 3493 1971 3549 merito
2009 3492 2095 3546 di-

2200 3486 2475 3556 κεχρίσθαι
2524 3487 3041 3560 μεμαρτυρημένον,
3074 3489 3191 3554 πῶς
3222 3489 3288 3543 ἀν
3318 3489 3494 3553 ἄλλως
3537 3508 3623 3554 τις
3657 3492 3777 3545 ὀνο-

514 3602 663 3649 ctum
694 3596 784 3658 sit,
818 3603 1077 3662 tanquam
1113 3593 1179 3645 de
1211 3587 1373 3643 Patre
1404 3588 1612 3657 optimo
1657 3588 1899 3659 genitum
1934 3606 1947 3641 :
1990 3602 2091 3641 nos

2200 3583 2419 3651 μάσειεν
2445 3583 2478 3654 ἢ
2526 3584 2795 3654 Χριστόν;
2843 3586 3079 3655 Ἕχομεν
3114 3585 3403 3657 τοιγαροῦν
3432 3586 3532 3658 ἢδη
3562 3587 3656 3639 καὶ
3685 3586 3774 3640 διά

513 3695 695 3741 autem
733 3687 787 3740 in
820 3686 1030 3755 psalmo
1079 3683 1125 3738 si
1176 3682 1392 3751 longius
1439 3680 1602 3751 paulo
1653 3680 2087 3751 progrediemur,

510 3780 656 3835 hunc
685 3780 752 3835 de
778 3794 888 3850 quo
922 3778 1028 3833 tale
1057 3776 1376 3831 vaticinium
1412 3774 1607 3836 fertur,
1647 3774 1813 3835 hunc,
1840 3774 2085 3843 inquam,

509 3872 687 3941 ipsum
720 3871 977 3926 dilectum
1020 3867 1147 3932 Dei,
1208 3874 1432 3921 unctum
1479 3865 1647 3920 fuisse
1686 3880 1883 3920 rursus
1911 3904 1927 3928 ,
1976 3879 2085 3919 non

507 3966 670 4022 sicuti
702 3980 733 4019 a
767 3963 916 4018 Mose
946 3971 1038 4015 aut
1062 3962 1129 4015 ab
1154 3961 1260 4015 alio
1289 3959 1546 4031 quopiam
1597 3957 1818 4013 homine
1841 3998 1856 4021 ,
1892 3958 1987 4013 sed
2017 3957 2085 4012 ab

507 4061 626 4129 ipso
651 4058 891 4127 ingenito
921 4065 968 4111 et
1001 4053 1182 4108 omnia
1210 4051 1351 4105 intra
1379 4051 1620 4121 seipsum
1662 4049 1895 4104 habente
1939 4048 2078 4112 Deo,

505 4159 668 4216 atque
698 4146 817 4215 ejus
866 4144 1038 4213 ipsius
1084 4140 1281 4205 Patre,
1336 4140 1694 4196 inveniemus.
1751 4137 2081 4209 Progressus

504 4243 670 4312 igitur
698 4239 956 4305 deinceps
991 4236 1070 4290 sic
1100 4235 1176 4289 ait
1206 4250 1217 4285 :
1250 4251 1268 4283 ι
1324 4232 1614 4302 Propterea
1648 4232 1806 4285 unxit
1852 4240 1907 4286 te
1938 4230 2080 4288 Deus

504 4330 648 4386 Deus
713 4337 841 4384 tuus
914 4328 1033 4381 oleo
1110 4325 1490 4381 exsultationis
1555 4340 1666 4395 pne
1721 4327 2079 4396 participibus

501 4425 610 4478 tuis
636 4422 682 4454 ⁸⁸
711 4440 725 4476 :
777 4441 795 4473 ι
827 4435 949 4475 eum
1000 4420 1167 4489 igitur
1198 4418 1288 4489 qui
1325 4417 1487 4487 hujus
1522 4432 1741 4487 quoque
1770 4419 1962 4488 psalmi
2000 4430 2078 4474 te-

501 4510 758 4566 stimonio
786 4519 984 4563 unctus
1008 4524 1129 4563 esse
1157 4507 1391 4572 dicitur,
1433 4523 1672 4578 quonam
1700 4510 1807 4563 alio
1857 4510 2077 4565 nomine

2191 3675 2398 3729 τούτων
2425 3674 2519 3728 δύο
2549 3676 2642 3729 τοῦ
2676 3674 3070 3747 θεσπιζομένου
3106 3678 3501 3750 προσηγορίας,
3532 3679 3770 3752 Χριστοῦ

2191 3769 2285 3820 καὶ
2322 3767 2628 3840 ἀγαπητοῦ,
2659 3769 2779 3832 ἐνὸς
2815 3770 2908 3823 καὶ
2940 3769 3034 3823 τοῦ
3071 3770 3239 3824 αὑτοῦ
3279 3769 3641 3842 κεκλημένου,
3672 3770 3768 3825 τοῦ

2188 3860 2286 3930 τῆς
2327 3861 2561 3931 χρίσεως
2591 3860 2785 3915 αἰτίου.
2815 3860 2907 3915 Διὸ
2933 3861 3149 3931 λέγεται
3189 3861 3477 3934 κεκρίσθαι
3508 3866 3537 3917 6
3575 3862 3771 3935 δηλού-

2191 3969 2349 4022 μενος
2373 3952 2450 4024 τῷ
2475 3953 2574 4023 τῆς
2598 3953 2971 4023 ἀγαλλιάσεως
3004 3956 3190 4028 ἐλαίῳ,
3217 3956 3315 4029 τὴν
3345 3957 3526 4010 αἰτίαν
3553 3956 3768 4011 ἐκδιδά-

2187 4063 2329 4111 σκει,
2377 4048 2499 4118 ἥτις
2536 4049 2900 4121 ἀναδραμόντι
2940 4069 3023 4105 σοι
3068 4053 3282 4124 μικρὸν,
3329 4052 3530 4124 μᾶλλον
3574 4053 3630 4107 δὲ
3667 4052 3767 4123 τὴν

2187 4140 2366 4193 πᾶσαν
2424 4139 2663 4194 διάνοιαν
2711 4141 2810 4212 τῆς
2871 4142 3072 4209 λέξεως
3114 4144 3570 4215 ἐπιθεωρήσαντι,
3622 4146 3759 4216 δήλη

2184 4232 2355 4286 ἔσται.
2385 4234 2521 4304 Φησὶ
2541 4233 2719 4288 τοίνυν
2743 4236 2772 4287 6
2807 4234 3021 4307 ψαλμὸς
3049 4236 3198 4307 αὐτῷ
3223 4236 3286 4308 δὴ
3313 4236 3392 4307 τῷ
3416 4253 3753 4308 προφητευσ-

2185 4323 2330 4392 μένῳ
2354 4322 2573 4394 Χριστῷ
2615 4324 2707 4377 καὶ
2735 4325 3004 4396 ἀγαπητῷ
3027 4325 3121 4379 τοῦ
3140 4326 3299 4389 Θεοῦ,
3318 4327 3656 4398 προσφωνῶν
3685 4329 3760 4384 τὰ

2184 4413 2363 4484 μικρῷ
2391 4414 2625 4484 πρόσθεν
2645 4415 3016 4487 ὲκτεθειμένα,
3040 4418 3097 4470 ἐν
3124 4412 3205 4481 οἷς
3222 4418 3425 4490 εἷρητο’
3456 4438 3474 4470 ι
3499 4419 3558 4471 '0
3570 4418 3759 4489 θρόνος

2181 4524 2296 4567 σου,
2320 4510 2349 4559 6
2375 4506 2525 4570 Θεὸς,
2551 4509 2628 4571 εἰς
2642 4508 2734 4560 τὸν
2762 4508 2931 4562 αἰῶνα
2952 4509 3047 4562 τοῦ
3066 4509 3280 4574 αἰῶνος·
3310 4510 3504 4583 ῥάϐδος
3524 4512 3757 4583 εὐθύτηκ

498 4601 622 4673 quis
652 4599 1001 4671 appellaverit
1027 4614 1189 4669 quam
1241 4598 1551 4653 Christum?
1581 4598 1857 4655 Habemus
1907 4600 2074 4671 igitur

2200 4616 2267 4661 ro;
2288 4601 2319 4669 ή
2338 4598 2531 4669 ῥάϐδος
2543 4601 2640 4671 τῆς
2653 4599 2929 4670 βασιλείας
2946 4619 3060 4655 σου·
3081 4604 3373 4674 ἠγάπησας
3386 4604 3757 4677 δικαιοσύνην,

492 4695 605 4765 jam
643 4710 787 4748 nunc
820 4694 874 4745 in
900 4693 982 4747 his
1028 4692 1231 4755 verbis,
1267 4690 1406 4745 duas
1435 4692 1600 4761 hujus
1623 4733 1637 4755 ,
1679 4695 1771 4763 qui
1807 4694 1901 4748 tali
1934 4696 2073 4749 vati-

494 4788 640 4843 cinio
668 4785 1013 4857 przedicatur,
1047 4783 1545 4851 denominationes,
1583 4785 1788 4840 Christi
1830 4795 1884 4841 et
1936 4787 2072 4841 dile-

494 4881 588 4946 cti,
614 4894 737 4935 cum
774 4880 890 4949 ipse
920 4878 1198 4933 unctionis
1237 4886 1429 4931 auctor
1458 4893 1603 4933 unus
1630 4886 1686 4933 et
1715 4878 1856 4933 idem
1880 4878 1952 4933 sit
1979 4878 2068 4933 di-

491 4982 614 5026 ctus
640 4989 653 5025 :
684 4970 944 5039 quocirca
973 4976 1172 5024 unctus
1190 4984 1312 5024 esse
1337 4969 1538 5023 dicitur
1560 4970 1630 5033 is,
1653 4970 1722 5025 de
1751 4986 1860 5041 quo
1889 4985 2069 5025 sermo

488 5074 594 5129 est,
618 5066 738 5119 oleo
770 5062 1176 5126 exsultationis,
1209 5073 1266 5116 ut
1292 5078 1354 5117 ea
1383 5076 1548 5117 causa
1572 5064 1927 5134 intelligatur,
1948 5079 2070 5134 quae

489 5159 829 5229 percurrenti
857 5156 953 5211 tibi
986 5171 1180 5227 pauca,
1206 5155 1289 5212 vel
1333 5155 1548 5224 potius,
1599 5171 1816 5212 onmem
1873 5157 2063 5210 talium

487 5254 778 5311 verborum
819 5267 1040 5310 sensum
1094 5248 1439 5320 dispicienti,
1504 5249 1799 5304 constabit.
1853 5247 2068 5305 Profert

485 5345 651 5415 igitur
682 5345 926 5414 psalmus
960 5344 1136 5411 ipsum
1185 5338 1344 5409 plane
1384 5338 1452 5393 de
1490 5354 1598 5409 quo
1626 5339 1845 5395 interim
1875 5338 2066 5393 vatici-

486 5446 670 5502 natur,
702 5440 902 5509 ipsnm,
944 5437 1189 5507 inquam,
1226 5436 1321 5491 Dei
1355 5435 1635 5499 dilectum,
1673 5433 1979 5502 alloquens.
2001 5445 2064 5484 ea

481 5529 649 5582 verba
678 5545 800 5597 qua:
826 5528 985 5598 paulo
1008 5536 1134 5583 ante
1169 5527 1418 5597 exposita
1458 5533 1608 5590 sunt,
1636 5526 1692 5579 in
1721 5523 1924 5593 quibus
1948 5521 2065 5575 dic-

486 5628 601 5673 tum
633 5631 751 5674 est:
786 5640 804 5671 ‹
840 5619 1012 5675 Sedes
1041 5627 1133 5673 tua
1158 5660 1174 5682 ,
1218 5618 1393 5683 Deus,
1440 5619 1494 5673 in
1544 5617 1803 5673 saeculum
1856 5613 2061 5676 saeculi,

481 5714 631 5781 virga
670 5711 1012 5774 directionis,
1042 5713 1191 5782 virga
1249 5712 1401 5782 regni
1455 5712 1571 5777 tui;
1628 5708 1866 5764 dilexisti
1893 5707 2061 5777 justi-

554 5894 593 5925 ³⁸
623 5894 723 5947 lsa.
758 5907 876 5959 xm,
905 5891 959 5945 8.
1036 5890 1081 5922 "
1117 5890 1257 5944 Psal.
1297 5905 1441 5956 χειν,
1472 5891 1524 5945 8.

2176 4694 2267 4746 καὶ
2295 4694 2560 4765 ἐμίσησας
2594 4693 2838 4749 ἀδικίαν·
2878 4696 2965 4750 διά
3003 4701 3163 4752 τοῦτο
3187 4699 3371 4772 ἔχρισέ
3404 4718 3464 4754 σε
3505 4704 3535 4757 6
3567 4701 3702 4767 Θεὸς
3728 4706 3759 4757 6

2173 4784 2307 4848 Θεός
2323 4802 2416 4837 σου
2433 4785 2607 4839 ἔλαιον
2619 4786 2995 4855 ἀγαλλιάσεως
3017 4790 3169 4862 παρά
3188 4792 3313 4855 τοὺς
3331 4792 3588 4863 μετόχους
3601 4808 3715 4849 σου.
3728 4811 3750 4847 ν

2173 4879 2377 4950 Σκέψαι
2424 4881 2731 4953 τοιγαροῦν,
2772 4885 2821 4937 εἰ
2855 4882 2929 4955 μὴ
2974 4883 3093 4955 Θεῷ
3124 4884 3298 4938 ταῦτα
3349 4889 3756 4958 προσφωνεὴαι

2171 4971 2450 5042 ἄντικρυς·
2493 4992 2511 5024 ι
2552 4973 2623 5026 Σὺ
2667 4993 2686 5025 ι
2724 4974 2855 5047 γάρ,
2891 4975 3075 5046 φησὶν,
3113 4995 3131 5027 ‹
3168 4977 3197 5029 6
3231 4976 3390 5043 Θεὸς,
3431 4997 3451 5029 ι
3484 4978 3603 5033 ἀντὶ
3631 4977 3752 5044 τοῦ,

2170 5056 2214 5116 ὦ
2244 5063 2366 5129 Θεὲ,
2389 5065 2417 5117 ὁ
2448 5063 2635 5136 θρόνος
2665 5081 2758 5119 σου
2793 5069 2873 5131 εἰς
2900 5066 2993 5120 τὸν
3021 5066 3193 5120 αἰῶνα
3225 5067 3319 5121 τοῦ
3348 5068 3543 5133 αἰῶνος
3568 5069 3751 5141 ὑπάρ-

2170 5169 2274 5222 χει,
2309 5153 2404 5206 καὶ
2445 5153 2639 5224 ῥάϐδος
2690 5154 2985 5227 εὐθύτητος
3031 5157 3065 5226 ἡ
3118 5155 3312 5228 ῥάϐδος
3345 5157 3443 5228 τῆς
3475 5156 3751 5227 βασιλείας

2173 5262 2287 5299 σου.
2325 5248 2435 5300 Καὶ
2466 5248 2590 5300 ἐπεὶ
2627 5248 2690 5301 σὺ
2721 5249 2882 5313 αὐτὸς
2910 5251 2939 5302 6
2979 5249 3113 5313 Θεὸς
3150 5250 3442 5319 ἠγάπησας
3473 5248 3750 5304 δικαιοσύ-

2169 5355 2287 5407 νην,
2333 5339 2427 5391 καὶ
2459 5338 2728 5409 ἐμίσησας
2777 5338 3011 5403 ἀδικίαν,
3054 5338 3142 5392 διά
3189 5338 3348 5393 τοῦτο
3395 5339 3577 5410 ἔχρισε
3619 5355 3680 5393 σε
3714 5342 3750 5395 6

2167 5429 2300 5492 Θεὸς
2337 5432 2365 5481 6
2394 5430 2525 5493 Θεός
2559 5447 2674 5496 σου,
2714 5431 2810 5484 καὶ
2844 5431 3077 5502 Χριστόν
3110 5447 3168 5484 σε
3209 5435 3363 5501 παρά
3395 5432 3600 5493 πάντας
3639 5447 3745 5484 κα-

2165 5522 2481 5591 τεστήσατο.
2529 5542 2547 5572 ι
2579 5524 2913 5595 Λευκότερον
2944 5522 3003 5575 δέ
3033 5524 3238 5577 τούτων
3268 5524 3302 5593 ὴ
3341 5522 3604 5593 Ἑϐραίων
3637 5540 3745 5576 πα-

2171 5609 2384 5679 ρίστησι
2432 5612 2641 5682 γραφὴ,
2696 5614 2763 5683 ἢν
2820 5612 2957 5682 πρὸς
3015 5612 3303 5682 ἀκρίϐειαν
3358 5612 3671 5683 ἑρμηνεύων
3709 5613 3744 5668 6

2179 5700 2427 5765 Ἀκύλας,
2456 5694 2558 5769 ᾧδέ
2589 5719 2705 5765 πως
2727 5701 2985 5767 ἐξέδωκεν
3012 5700 3208 5757 εἰπών·
3247 5722 3266 5754 ί
3315 5702 3374 5756 Ὀ
3400 5703 3586 5775 θρόνος
3618 5718 3740 5776 σου,
