4126 6456
443 387 558 443 505
1364 379 2019 440 DEMONSTRATIONIS
2053 379 2510 440 EVANGELICIE
2550 377 2685 436 LIB.
2726 380 2815 434 IV.
3594 388 3701 445 εοσ

440 503 564 565 εὶς-ὲ,
599 502 680 563 εἰς
729 500 900 554 αἰῶνα
935 499 1029 553 καὶ
1075 498 1182 552 ἔτι*
1222 500 1499 569 σκῆπτρον
1550 499 1839 568 εὐθύτητος
1887 502 1994 570 σκῆ

2124 502 2274 566 tiam,
2309 508 2364 556 et
2395 499 2568 557 odisti
2598 499 2973 569 iniquitatem:
3000 506 3286 570 propterea
3303 501 3459 555 unxit
3479 510 3532 555 te.
3554 502 3700 560 Deus

441 611 613 667 πτρον
646 593 920 665 βασιλείας
948 609 1062 646 σου.
1103 593 1417 663 Ἦγάπησας
1449 592 1676 648 δίκαιον.
1707 592 1801 646 καὶ
1828 595 1996 666 ὲμίση

2124 594 2264 650 Deus
2286 602 2415 650 tuus
2448 593 2573 649 oleo
2596 593 2978 648 exsultationis
2999 608 3109 663 prae
3130 594 3486 664 participibus
3509 596 3637 651 tuis.
3670 615 3693 650 ι

440 704 541 752 σας
592 686 869 758 ἀσέϐημα·
912 686 1007 738 ἐπὶ
1062 683 1234 755 τούτῳ
1285 685 1474 756 ἤλειφε
1535 703 1594 739 σε
1628 684 1764 758 6(1)
1803 686 1931 751 Θεὸς
1988 689 2016 739 6

436 780 571 844 Θεός
612 796 705 834 σου
759 779 936 832 ἔλαιον
981 779 1157 851 χαρᾶς
1205 778 1313 831 ἀπὸ
1355 779 1584 850 ἑταίρων
1636 795 1748 831 σου.
1800 797 1818 830 ι
1874 779 2016 832 Ἀντί

438 871 570 942 γοῦν
598 871 693 925 τοῦ
729 891 747 923 ι
781 872 810 923 6
834 870 964 933 Θεὸς
995 872 1023 924 ὁ
1054 870 1188 934 Θεὸς
1219 887 1333 935 σου,
1362 889 1379 920 ι
1410 870 1549 941 αὐτὴ
1581 874 1614 941 ἡ
1637 870 1898 942 Ἐὅραῖκὴ
1926 870 2014 924 λέ-

442 965 541 1030 ξις,
579 982 598 1016 ι
640 963 764 1026 Θεὲ,
808 964 836 1016 6
867 962 999 1025 Θεός
1030 980 1145 1025 σου,
1202 983 1220 1013 ι
1260 962 1525 1034 περιέχει,
1561 964 1650 1017 ἵνα
1760 965 1819 1017 τὸ
1862 964 2009 1018 ὅλον*

455 1056 789 1128 Ἡγάπησας,
817 1049 862 1110 ὧ
890 1055 1009 1117 Θεὲ,
1035 1054 1094 1107 τὸ
1118 1054 1343 1117 δίκαιον,
1372 1055 1468 1107 καὶ
1496 1054 1767 1127 ἐμίσησας
1792 1055 1852 1108 τὸ
1886 1056 2014 1108 ἀσέ-

442 1148 620 1220 ϐημαο
652 1149 840 1220 διόπερ
871 1150 964 1202 ἐπὶ
1004 1148 1178 1217 τούτῳ
1227 1145 1412 1218 ἔχρισε
1454 1164 1533 1209 σε,
1570 1141 1615 1199 ὦ
1657 1148 1778 1210 Θεὲ,
1812 1149 1841 1200 6
1870 1148 2011 1200 ἀνω-

439 1240 583 1294 τάτω
609 1240 704 1293 καὶ
737 1239 935 1311 μείζων
964 1240 1127 1302 αὐτὸς
1153 1241 1181 1291 6
1214 1238 1310 1291 καὶ
1344 1237 1438 1291 σοῦ
1468 1239 1618 1303 Θεὸς,
1643 1239 1719 1302 ὡς
1745 1234 1885 1291 εἶναι
1919 1241 2013 1292 καὶ

434 1329 523 1384 τὸν
553 1330 837 1402 χριόμενον
868 1330 960 1383 καὶ
992 1330 1080 1384 τὸν
1114 1330 1334 1401 χρίοντα
1368 1329 1501 1382 πολὺ
1545 1329 1807 1400 πρότερον
1828 1368 1843 1392 ,
1878 1329 2013 1382 πάν-

430 1440 538 1477 των
575 1423 671 1494 μὲν
714 1422 845 1476 ὄντα
882 1422 1045 1487 Θεὸν,
1087 1423 1181 1475 καὶ
1222 1421 1386 1482 αὑτοῦ
1419 1420 1474 1474 δὲ
1518 1421 1879 1492 διαφερόντως
1915 1419 2008 1474 τοῦ

429 1511 741 1584 χρωμένου.
766 1511 934 1566 Τοῦτο
951 1512 1006 1565 δὲ
1026 1512 1121 1565 καὶ
1144 1512 1280 1583 αὐτῇ
1304 1512 1659 1583 ἐπιστήσαντι
1679 1515 1744 1582 τῇ
1781 1512 2009 1583 Ἐὅραίᾳ

428 1600 643 1674 γλώττῃ
675 1603 905 1674 φανερὸν
940 1602 1006 1656 ἂν
1044 1602 1276 1671 γένοιτο.
1327 1601 1451 1655 Ἐπὶ
1494 1602 1602 1675 γὰρ
1642 1602 1742 1673 τῆς
1786 1601 2008 1674 πρώτης

428 1694 761 1765 ἐπωνυμίας,
795 1694 916 1748 καθ’
946 1695 1011 1766 ἣν
1040 1697 1069 1748 6
1109 1694 1359 1760 Ἀκύλας,
1400 1714 1418 1746 ι
1456 1694 1641 1765 θρόνος
1670 1711 1786 1759 σου,
1819 1694 1938 1759 Θεὲ,
1984 1714 2000 1745 ι

428 1785 741 1856 ἡρμήνευσε
783 1785 970 1853 σαφῶς
1016 1787 1137 1840 ἀντὶ
1172 1787 1264 1841 τοῦ
1300 1789 1333 1840 ὁ
1370 1785 1513 1851 Θεὸς
1557 1784 1664 1839 Θεὲ
1716 1784 1906 1850 εἰπὼν,
1942 1784 2004 1836 τὸ

2124 685 2280 756 181
2346 684 2566 756 inspice
2614 684 2782 755 igitur
2828 684 3069 741 Deumne
3140 686 3196 740 in
3248 687 3332 742 his
3387 688 3696 758 alloquatur

2120 776 2454 847 planissime,
2482 791 2553 830 an
2582 792 2691 831 non
2719 797 2730 831 :
2762 793 2957 848 nempe
2983 796 3000 828 ι
3032 787 3111 846 ιιι,
3138 797 3157 830 ι
3186 779 3395 849 inquit,
3424 798 3442 831 ι
3474 778 3641 843 Deus,
3666 799 3690 832 ι

2118 882 2218 938 pro
2246 882 2314 922 eo
2344 868 2490 938 quod
2520 877 2643 931 est,
2675 886 2694 919 ι
2724 883 2757 922 o
2779 866 2923 924 Deus
2942 909 2957 933 ,
2987 872 3147 927 sedes
3192 879 3284 926 tua
3330 872 3384 925 in
3426 871 3692 926 saeculum

2116 959 2304 1015 saeculi
2347 967 2565 1023 exstat,
2617 966 2673 1013 et
2726 960 2876 1030 virga
2930 961 3282 1028 directionis,
3338 963 3493 1033 virga
3535 963 3687 1036 regni

2115 1052 2236 1107 tui:
2274 1060 2329 1108 et
2361 1054 2616 1123 quoniam
2649 1060 2707 1106 tu
2730 1054 2866 1122 ipse,
2913 1052 3083 1123 Deus,
3124 1056 3361 1112 dilexisti
3382 1056 3682 1127 justitiam,

2113 1154 2169 1201 et
2223 1145 2390 1201 odisti
2446 1145 2824 1218 iniquitatem,
2879 1155 3168 1218 propterea
3221 1150 3379 1203 unxit
3436 1156 3488 1203 te
3542 1147 3687 1203 Deus

2113 1239 2257 1295 Deus
2303 1246 2468 1303 tuus,
2510 1248 2564 1296 et
2612 1239 2894 1296 Christum
2940 1250 2993 1297 te
3034 1256 3147 1310 prae
3189 1241 3446 1296 omnibus
3475 1240 3687 1295 consti-

2113 1333 2235 1385 tuit.
2272 1351 2289 1382 ι
2322 1330 2426 1386 Sed
2472 1332 2630 1403 longe
2661 1332 2748 1389 his
2781 1333 2985 1388 clarius
3020 1331 3302 1403 Scriptura
3332 1331 3683 1387 Hebraeorum

2112 1422 2253 1477 idem
2284 1424 2657 1487 demonstrat,
2704 1438 2868 1494 quam
2900 1424 3095 1494 Aquila
3141 1425 3550 1479 accuratissime
3596 1424 3681 1477 in-

2112 1521 2419 1583 terpretans
2439 1557 2452 1579 ,
2484 1513 2567 1568 his
2597 1515 2777 1569 verbis
2804 1514 2976 1570 edidit
3001 1533 3013 1567 :
3044 1532 3063 1565 ι
3091 1512 3259 1568 Sedes
3290 1522 3381 1568 tua
3402 1555 3416 1578 ,
3448 1530 3480 1568 θ
3512 1514 3677 1577 Deus,

2111 1604 2165 1657 in
2200 1606 2462 1659 saeculum
2536 1614 2591 1661 et
2623 1608 2805 1661 ultra:
2842 1619 3119 1676 sceptrum
3161 1606 3511 1669 directionis,
3558 1619 3677 1662 sce—

2110 1704 2295 1764 ptrum
2333 1695 2484 1764 regni
2505 1683 2599 1749 tui
2630 1715 2643 1751 :
2679 1697 2915 1752 dilexisti
2933 1698 3076 1768 quod
3102 1699 3310 1768 justum
3343 1706 3446 1759 est,
3477 1705 3531 1752 et
3557 1698 3678 1752 odi-

2109 1788 2177 1842 sti
2229 1788 2606 1857 impietatem;
2656 1804 2821 1859 super
2874 1791 3010 1855 hoc,
3066 1792 3222 1846 unxit
3272 1800 3358 1855 te,
3404 1807 3440 1848 o
3486 1791 3673 1857 Deus,

440 1852 725 1950 Ἕόρ-αϊκὸν
783 1879 991 1948 Ἑλωῒμ
1046 1881 1310 1952 περιέχει.
1363 1878 1654 1933 Κάνταῦθα
1698 1878 1755 1931 δὲ
1801 1878 1996 1949 ὁμοίως

2109 1877 2251 1934 Deus
2280 1886 2408 1935 tuus
2437 1880 2560 1935 oleo
2590 1880 2789 1935 hetitiae
2819 1882 2888 1935 ab
2923 1884 3114 1938 amicis
3142 1889 3272 1939 tuis.
3303 1904 3321 1937 ι
3351 1883 3456 1938 Pro
3484 1899 3549 1938 eo
3572 1882 3676 1954 igi-

424 1971 516 2023 ἐπὶ
538 1969 654 2036 τοῦ,
686 1989 705 2022 ι
737 1970 836 2024 Διὰ
861 1972 1019 2025 τοῦτο
1044 1972 1228 2045 ἔχρισέ
1258 1991 1341 2037 σε,
1373 1972 1493 2034 Θεὲ,
1532 1991 1549 2023 ι
1580 1972 1641 2024 τὸ
1672 1969 1873 2041 Ἐλωῒμ
1899 1988 2004 2023 πα-

425 2061 729 2133 ρείληπται.
758 2064 894 2135 ὅπερ
915 2064 1033 2136 τὴν,
1053 2061 1100 2119 ὦ
1122 2066 1248 2131 Θεὲ,
1274 2064 1534 2136 κλητικὴν
1561 2064 1748 2135 ἐδήλου
1774 2063 1998 2115 πτῶσινο

420 2151 539 2205 ἀντὶ
568 2151 623 2204 δὲ
657 2151 757 2223 τῆς
784 2153 949 2225 ὀρθῆς
981 2155 1076 2208 καὶ
1108 2154 1322 2217 εὐθείας
1359 2153 1455 2206 τοῦ
1497 2153 1776 2222 ὀνόματος,
1810 2152 1931 2205 καθ’
1973 2152 2002 2202 ὃ

417 2241 661 2314 εἴρηται⁸
696 2263 714 2295 ι
752 2245 850 2299 Διὰ
879 2244 1036 2299 τοῦτο
1073 2244 1257 2317 ἔχρισέ
1292 2262 1373 2310 σε,
1402 2245 1430 2296 6
1456 2244 1589 2306 Θεὸς
1625 2246 1654 2297 6
1694 2242 1845 2307 Θεὸς,
1890 2262 1908 2294 ι
1942 2243 2002 2296 τὸ

427 2328 713 2403 Ἐϐραῖκὸν
761 2334 982 2401 Ὲλωὰχ
1037 2334 1304 2404 περιέχει,
1354 2332 1561 2404 σφόδρα
1602 2332 1999 2403 ἀπηκριὸωμέ-

417 2438 556 2485 νωςο
600 2423 664 2475 ἵν’
778 2425 838 2477 τὸ
882 2425 980 2495 μὲν
1032 2424 1256 2496 Ἐλωῖμ,
1298 2424 1438 2477 κατὰ
1483 2424 1743 2494 κλητικὴν
1795 2424 2000 2478 πτῶσιν

418 2515 853 2589 ὲξενηνεγμὲνον,
890 2517 1086 2590 δηλοῦν
1130 2521 1212 2584 τὸ,
1251 2514 1297 2573 ὦ
1338 2518 1464 2583 ess,
1494 2519 1556 2572 τὸ
1600 2519 1659 2572 δὲ
1707 2520 1932 2591 Ἐλωὰχ,
1966 2524 1999 2574 ό

419 2606 562 2671 Θεός
607 2622 744 2672 σου,
790 2607 930 2662 κατὰ
962 2608 1060 2680 τὴν
1098 2608 1348 2661 εὐθεῖαν·
1397 2608 1537 2662 ὥστε
1567 2609 1809 2681 ἀκριϐῶς
1853 2610 1997 2680 ἔχειν

412 2695 511 2767 τὴν
552 2697 803 2766 φήσασαν
846 2699 1176 2770 ἑρμηνείαν·
1209 2719 1227 2750 ι
1283 2698 1384 2753 Διὰ
1417 2699 1574 2753 τοῦτο
1619 2701 1801 2772 ἔχρισε
1840 2720 1917 2766 σε,
1968 2706 1997 2757 6

409 2786 539 2850 Θεὸς
565 2789 593 2840 6
618 2787 749 2852 Θεός
782 2806 897 2843 σου.
940 2808 960 2840 ι
998 2789 1315 2844 Λευκότατα
1345 2790 1476 2859 γοῦν
1511 2793 1540 2845 6
1565 2792 1722 2860 λόγος
1748 2792 1836 2845 διὰ
1872 2793 1996 2846 τού-

407 2896 515 2937 των
559 2879 678 2954 Θεῷ
728 2884 1087 2955 προσφωνῶν,
1143 2886 1308 2956 φησιν
1357 2886 1521 2940 αὐτὸν
1562 2886 1848 2959 κεκρίσθαι
1890 2890 1994 2942 ὑπὸ

408 2971 500 3026 τοῦ
528 2972 663 3027 Θεοῦ
697 2973 863 3045 ἐλαίῳ
893 2976 1266 3046 ἀγαλλιάσεως
1301 2978 1454 3050 παρὰ
1483 2978 1691 3043 πάντας
1722 2980 1848 3043 τοὺς
1877 2980 1991 3034 πώ-

408 3080 537 3118 ποτε
586 3066 683 3137 τῆς
738 3068 909 3139 αὐτῆς
956 3068 1106 3140 αὐτῷ
1157 3064 1562 3143 μετεσχηκότας
1596 3074 1988 3144 προσηγορίας.

2107 1980 2195 2026 tnr
2246 1973 2391 2041 quod
2440 1981 2568 2038 est,
2626 1974 2770 2030 Deus
2824 1974 2968 2031 Deus
2998 1984 3156 2041 tuus,
3209 1976 3510 2033 Hebraicus
3556 1978 3675 2048 ipse

2105 2071 2394 2117 contextus
2428 2064 2619 2128 habet,
2652 2082 2670 2114 ι
2709 2078 2741 2117 o
2772 2062 2946 2129 Deus,
2987 2064 3129 2120 Deus
3166 2074 3292 2121 tuus
3317 2109 3330 2130 ,
3363 2086 3380 2118 ι
3410 2073 3467 2120 ut
3496 2073 3670 2120 totum

2105 2155 2177 2208 sit
2204 2173 2216 2208 :
2253 2153 2502 2209 Dilexisti
2526 2195 2540 2220 ,
2578 2170 2610 2209 ο
2642 2154 2782 2209 Dens
2804 2195 2818 2218 ,
2850 2156 2993 2224 quod
3024 2156 3234 2224 justum
3265 2165 3381 2221 est,
3416 2165 3470 2211 et
3504 2156 3670 2211 odisti

2104 2247 2479 2316 impietatem:
2530 2257 2815 2317 propterea
2859 2248 2930 2302 ob
2987 2250 3127 2302 hanc
3183 2263 3356 2318 ipsam
3405 2263 3665 2310 causam,

2103 2340 2260 2393 unx-it
2289 2350 2342 2395 te
2361 2380 2375 2404 ,
2408 2355 2442 2394 ο
2471 2340 2615 2397 Deus
2634 2381 2648 2405 ,
2689 2342 2779 2395 ille
2798 2381 2812 2402 ,
2846 2342 2953 2411 quit
2973 2349 3100 2396 tuus
3129 2356 3348 2410 quoque
3377 2348 3460 2396 est
3493 2340 3664 2403 Deus,

2102 2439 2162 2485 ut
2194 2432 2266 2486 sit
2292 2439 2347 2486 et
2382 2431 2475 2501 qui
2509 2434 2732 2503 ungitur
2763 2431 2939 2496 Deus,
2974 2440 3028 2486 et
3057 2432 3151 2501 qui
3185 2431 3371 2500 ungit,
3409 2430 3503 2499 qui
3548 2431 3670 2498 qui-

2100 2521 2222 2577 dem
2266 2523 2339 2578 sit
2367 2525 2610 2579 omnium
2643 2522 2806 2577 Deus.
2857 2520 2973 2576 Hoc
3017 2529 3200 2575 autem
3232 2520 3282 2575 ei
3313 2518 3407 2589 qui
3440 2518 3669 2573 Hebrai-

2099 2630 2218 2670 cam
2265 2615 2505 2687 linguam
2551 2614 2866 2685 diligentius
2906 2611 3236 2675 attenderit,
3283 2610 3441 2680 plane
3480 2609 3669 2664 admo.

2098 2707 2228 2761 dttm
2259 2708 2558 2763 constabit.
2594 2707 2729 2761 Nam
2762 2706 2815 2759 in
2848 2705 3025 2775 prima
3058 2703 3537 2765 denominatione,
3570 2700 3666 2755 ubi

2097 2799 2327 2869 Aquila,
2358 2818 2375 2850 ι
2409 2799 2569 2855 sedes
2600 2807 2691 2852 tua
2715 2839 2730 2863 ,
2772 2814 2804 2853 o
2847 2798 3024 2861 Deus,
3061 2816 3078 2848 ι
3109 2796 3500 2865 interpretatus
3538 2801 3663 2861 est;

2095 2892 2192 2964 qui
2225 2892 2384 2962 plane
2414 2906 2514 2961 pro
2543 2905 2608 2944 eo
2633 2888 2779 2959 quod
2813 2897 2897 2943 est
2931 2887 3070 2941 Deus
3093 2927 3107 2950 ,
3144 2906 3173 2940 ο
3205 2886 3381 2948 Deus,
3413 2882 3665 2939 enuntia-

2095 2986 2202 3049 vit,
2238 2985 2416 3053 ipsum
2450 2981 2776 3038 llehraicunt
2807 2981 2971 3035 habet
3000 2978 3198 3033 Eioim.
3242 2977 3417 3031 Porro
3448 2976 3538 3030 hic
3570 2975 3662 3029 iti-

2095 3080 2217 3136 dem
2250 3079 2304 3133 in
2339 3078 2463 3141 illo,
2494 3094 2512 3126 ι
2546 3084 2833 3146 propterea
2861 3074 3018 3129 unxit
3046 3080 3128 3137 te,
3157 3088 3190 3127 ο
3218 3071 3360 3126 Deus
3384 3110 3398 3136 ,
3432 3089 3451 3123 ι
3484 3070 3662 3140 ipsum

410 3160 594 3231 Ἔχεις
633 3162 923 3233 τοιγαροῦν
965 3163 1024 3216 ὲν
1058 3161 1271 3227 τούτοις
1313 3163 1499 3232 σαφῶς
1542 3163 1676 3216 Θεὸν
1705 3165 1989 3236 χριόμενον

2098 3170 2271 3225 Eloim
2302 3169 2648 3239 intelligitur,
2682 3169 2824 3238 quod
2856 3166 3166 3221 vocativum
3193 3160 3379 3218 casuni
3400 3203 3414 3228 ,
3442 3179 3471 3215 ο
3494 3162 3659 3224 Deus,

407 3252 500 3305 καὶ
528 3254 763 3324 Χριστὸν
792 3254 1097 3326 γινόμενον,
1137 3257 1197 3307 οὐ
1231 3255 1387 3327 μύρῳ
1415 3256 1721 3327 σκευαστῷ,
1763 3257 1871 3309 οὐδ’
1896 3258 1987 3310 ὑπ’

403 3343 706 3416 ἀνθρώπων
732 3346 814 3410 είς
838 3346 996 3401 τοῦτο
1024 3348 1307 3420 παριόντα,
1339 3348 1454 3402 ἁλλ’
1496 3350 1617 3403 οὐδὲ
1651 3351 1762 3412 τοῖς
1787 3349 1991 3413 λοιποῖς

403 3435 713 3508 ἀνθρώποις
748 3436 1147 3510 παραπλήσιον.
1202 3440 1261 3491 '0
1302 3439 1359 3492 δὲ
1399 3440 1562 3503 αὐτὸς
1609 3433 1763 3503 οὗτος
1797 3435 1866 3510 ἧν
1898 3442 1992 3494 καὶ

403 3529 686 3600 ἀγαπητὸς
718 3529 811 3584 τοῦ
848 3529 1004 3594 Θεοῦ,
1040 3530 1134 3583 καὶ
1162 3531 1406 3602 γέννημα
1453 3530 1618 3585 αὐτοῦ
1664 3531 1759 3585 καὶ
1811 3533 1991 3603 ἱερεὺς

411 3619 629 3685 αἰώνιος
661 3623 777 3677 καὶ,
808 3621 1095 3694 σύνθρονος
1140 3625 1577 3696 ἀνηγορευμένος
1618 3623 1711 3677 τοῦ
1756 3626 1987 3697 Πατρός.

403 3713 498 3778 Τίς
525 3714 570 3767 δ’
602 3713 669 3768 ἂν
696 3709 848 3779 οὗτος
880 3716 965 3787 εἴη
995 3716 1028 3789 ἢ
1065 3715 1093 3767 ὁ
1123 3716 1467 3789 πρωτότοκος
1495 3715 1590 3768 τοῦ
1631 3715 1767 3769 Θεοῦ
1796 3716 1988 3785 Λόγος,

398 3807 429 3860 6
459 3808 516 3860 ὲν
551 3807 694 3879 ἀρχῇ
728 3808 863 3880 πρὸς
894 3808 986 3862 τὸν
1019 3808 1150 3862 Θεὸν
1188 3808 1322 3873 Θεὸς
1353 3808 1450 3872 ὢν,
1492 3811 1520 3862 ὁ
1551 3807 1641 3861 διὰ
1681 3808 1863 3878 πάσης
1890 3810 1990 3879 τῆς

399 3897 580 3952 ἐνθέου
631 3900 669 3952 Γ
677 3900 852 3971 percpi};
897 3900 1350 3970 θεολογοόμενος;
1389 3901 1464 3963 ὡς
1497 3900 1591 3953 καὶ
1621 3901 1678 3954 ἐν
1721 3904 1831 3963 τοῖς
1863 3900 1988 3971 ἑξῆς

398 3991 484 4047 διὰ
507 3993 766 4047 πλειόνων
795 3994 823 4045 6
855 3992 1009 4062 λόγος
1046 3992 1249 4065 προῖὼν
1283 3991 1557 4056 ἐπιδείξει.
1595 3992 1814 4046 Τούτων
1851 3993 1986 4063 δῆτα

399 4084 935 4157 προτεθεωρημὲνων
963 4087 1094 4158 ἡμῖν
1133 4086 1259 4157 περὶ
1285 4086 1383 4157 τῆς
1408 4083 1502 4138 τοῦ
1532 4084 1768 4155 Χριστοῦ
1794 4084 1986 4138 οὐσιώ-

399 4174 536 4240 σεώς
565 4193 625 4229 τε
656 4177 751 4230 καὶ
781 4177 1169 4248 προσηγορίας,
1208 4176 1340 4248 φέρε
1382 4175 1586 4239 λοιπὸν,
1623 4176 1983 4241 ἀναλαϐόντες

396 4267 494 4339 τὴν
549 4268 910 4340 προταθεῖσαν
970 4268 1247 4332 ὑπόθεσιν,
1312 4268 1379 4321 δι’
1436 4267 1577 4320 ὅσων
1630 4267 1983 4340 προφητικῶν

397 4363 754 4434 προρρήσεων
815 4364 844 4416 6
898 4362 1133 4433 Χριστὸς
1190 4363 1453 4431 ὀνομαστὶ
1507 4362 1979 4432 ποοεκηρόττετο,

396 4450 740 4524 θεασώμεθα.
1500 4448 1509 4449 ί

2094 3263 2387 3335 signiﬁcat.
2429 3261 2535 3317 Pro
2582 3270 2731 3316 recto
2770 3276 2898 3315 vero
2942 3258 3181 3313 nominis
3224 3271 3390 3318 casu,
3434 3254 3529 3310 ubi
3578 3253 3662 3307 di-

2092 3366 2239 3411 ctum
2271 3362 2354 3410 est
2384 3373 2399 3410 :
2431 3373 2450 3406 ι
2483 3362 2771 3424 prepterca
2822 3354 2978 3406 unxit
3012 3359 3063 3405 te
3100 3349 3242 3404 Deus
3270 3347 3414 3404 Deus
3441 3355 3602 3411 tuus,
3635 3365 3657 3398 ι

2090 3448 2270 3517 ipsum
2304 3445 2632 3500 Hebraicum
2675 3444 2837 3498 habet
2876 3441 3113 3505 Eloach,
3158 3440 3447 3495 admodum
3496 3453 3661 3493 accu-

2091 3551 2207 3595 rate
2234 3550 2393 3608 atque
2420 3537 2692 3608 exquisite
2717 3555 2730 3591 :
2763 3543 2822 3589 ut
2849 3535 2952 3600 sit,
2986 3535 3163 3604 ipsum
3193 3532 3412 3602 quidem
3443 3529 3616 3585 Eloim
3638 3568 3654 3593 ,

2092 3629 2340 3681 vocativo
2389 3642 2561 3687 casu,
2611 3625 2963 3695 significans,
3007 3642 3036 3678 ο
3082 3624 3262 3686 Deus;
3303 3623 3480 3692 ipsum
3528 3634 3658 3675 vero

2090 3719 2291 3773 Eloach
2312 3759 2326 3783 ,
2358 3719 2500 3772 Deus
2535 3726 2689 3777 tuus,
2728 3724 2879 3771 recto
2907 3731 3039 3770 casu
3070 3734 3083 3769 :
3127 3723 3187 3768 ut
3221 3715 3337 3768 haec
3364 3714 3435 3769 sit
3463 3714 3659 3783 exqui-

2090 3807 2354 3862 sitissima
2408 3807 2825 3876 interpretatio,
2882 3819 3004 3875 quae
3059 3804 3269 3859 habet:
3309 3821 3328 3853 ι
3363 3811 3655 3873 propterea

2091 3900 2246 3953 unxit
2275 3906 2328 3954 te
2349 3938 2364 3963 ,
2424 3913 2458 3953 o
2505 3897 2679 3960 Deus,
2728 3895 2872 3953 Deus
2906 3903 3056 3951 tuus.
3093 3914 3110 3943 ι
3139 3895 3457 3949 Clarissime
3489 3894 3657 3965 igitur

2089 3993 2145 4047 in
2187 3993 2273 4047 his
2311 3991 2482 4047 Deum
2524 3991 2809 4061 alloquens
2835 4029 2850 4054 ,
2887 3988 3176 4044 oraculum
3218 3989 3293 4041 ait
3331 3987 3512 4057 ipsum
3548 4002 3653 4041 un-

2086 4092 2234 4138 ctum
2266 4099 2389 4140 esse
2422 4098 2452 4137 a
2487 4081 2627 4147 Deo,
2661 4083 2781 4137 oleo
2822 4080 3206 4138 exsultationis
3251 4094 3361 4150 prae
3398 4078 3654 4133 omnibus

2086 4177 2179 4248 qui
2218 4192 2459 4247 unquam
2499 4176 2745 4245 ejusdem
2779 4189 2904 4228 cum
2946 4174 3066 4243 ipso
3106 4173 3401 4244 participes
3442 4170 3650 4226 fuerint

2050 4256 2053 4257 ⁷
2085 4268 2487 4339 appellationis.
2516 4266 2692 4321 Habes
2720 4266 2885 4337 igitur
2909 4265 2962 4319 in
2993 4264 3077 4319 his
3106 4264 3444 4335 planissime,
3477 4263 3650 4319 Deum

2084 4362 2175 4428 qui
2226 4361 2472 4429 ungitur,
2523 4365 2578 4412 et
2621 4358 2877 4413 Christus
2922 4356 3174 4420 eﬂicitnr,
3218 4372 3327 4411 non
3378 4366 3653 4428 unguento

2083 4453 2423 4523 composito,
2466 4464 2645 4520 neque
2682 4450 2751 4502 ab
2787 4449 3103 4503 hominibus
3150 4448 3216 4503 ad
3266 4448 3323 4502 id
3370 4448 3652 4516 dignitatis

394 4558 710 4618 provectum
731 4591 746 4615 ,
779 4564 842 4603 ac
873 4565 941 4605 ne
972 4550 1158 4605 eadem
1192 4549 1410 4620 quidem
1445 4566 1569 4605 cum
1605 4550 1819 4606 caeteris
1850 4549 2159 4604 hominibus
2194 4548 2422 4601 ratione.
2456 4544 2627 4598 Porro
2662 4543 2749 4597 hic
2783 4542 2922 4595 idem
2959 4551 3043 4597 est
3074 4549 3128 4596 et
3165 4540 3400 4595 dilectus
3438 4538 3564 4605 Dei,
3596 4543 3651 4589 et

391 4640 635 4711 ejusdem
666 4641 873 4709 proles,
904 4650 958 4696 et
988 4640 1244 4696 sacerdos
1275 4653 1545 4707 aeternus,
1576 4653 1630 4698 et
1656 4657 1946 4698 consessor
1980 4639 2149 4711 patris
2176 4638 2378 4693 dictus.
2429 4636 2537 4692 Sed
2567 4639 2692 4707 quis
2721 4637 2809 4690 hic
2836 4637 3052 4691 tandem
3088 4635 3230 4697 erit,
3267 4632 3373 4687 nisi
3407 4632 3649 4700 primum

392 4735 634 4806 genitum
676 4736 768 4792 Dei
805 4735 1076 4803 Verbum,
1121 4737 1214 4809 qui
1250 4738 1305 4795 in
1335 4739 1604 4808 principio
1635 4739 1775 4808 apud
1810 4737 2009 4797 Deum,
2045 4735 2187 4790 Deus
2215 4733 2375 4788 erat?
2406 4732 2565 4802 182
2596 4731 2687 4801 qui
2722 4746 2818 4801 per
2849 4738 3018 4785 tutam
3040 4730 3279 4783 divinam
3312 4725 3650 4794 Scripturam

395 4829 721 4899 praedicatur
749 4835 809 4882 ut
858 4827 1037 4895 Deus,
1086 4828 1542 4900 quemadmodum
1575 4830 1833 4900 deinceps
1865 4829 2113 4883 oratione
2142 4825 2361 4895 longius
2408 4839 2766 4895 progressus,
2815 4824 3063 4894 pluribus
3114 4821 3292 4877 verbis
3342 4815 3648 4874 ostendam.

394 4917 532 4975 Cum
565 4920 680 4976 haec
712 4919 876 4991 igitur
908 4937 936 4973 a
968 4919 1129 4975 nobis
1158 4918 1423 4975 hactenus
1451 4918 1796 4974 considerata
1839 4918 1949 4973 sint
1988 4918 2055 4971 de
2081 4915 2286 4971 Christi
2316 4914 2739 4984 propagatione,
2768 4913 2943 4983 deque
2972 4912 3218 4982 ejusdem
3251 4906 3634 4979 appellatione,

392 5017 643 5088 agedum,
676 5016 1016 5087 propositum
1044 5021 1423 5085 argumentum
1459 5021 1789 5083 repetamus,
1824 5021 1878 5069 et
1908 5028 2070 5083 quam
2101 5011 2287 5067 multis
2313 5010 2647 5081 propheticis
2684 5008 3127 5081 praedictionibus
3166 5006 3416 5060 Christus
3455 5005 3639 5059 nomi-

394 5108 560 5165 natim
590 5108 663 5164 sit
695 5116 855 5163 antea
894 5105 1178 5161 nuntiatus
1198 5146 1212 5170 ,
1239 5105 1694 5176 contemplemur.

1127 5227 1243 5293 ις’.
2005 5225 2054 5282 t)

406 5338 541 5394 Ἀπὸ
595 5338 704 5393 τοῦ
752 5337 999 5407 ψαλμοῦ
1052 5337 1132 5390 B’.
1164 5368 1235 5379 -—
1269 5338 1350 5393 Δι’
1418 5337 1581 5393 ὅσων
1636 5341 1669 5394 ὀ
1717 5339 1967 5407 Χριστὸς

465 5408 751 5479 ὀνομαστὶ
808 5408 926 5479 ὑπό
983 5407 1293 5479 ,Βασιλέων
1348 5408 1448 5463 καὶ
1498 5410 1808 5479 ἀρχόντων
1869 5411 1963 5463 καί

463 5477 652 5535 ἐθνῶν
676 5479 772 5532 καὶ
805 5477 973 5534 λαῶν
998 5477 1660 5546 ἐπιϐουλευόμενος⁷ίέξ
1688 5481 1873 5533 αὑτοῦ
1908 5496 1971 5533 τε

463 5549 571 5604 τοῦ
638 5549 784 5604 Θεοῦ
848 5547 1248 5618 γεννώμενος,
1312 5550 1411 5602 καὶ
1458 5548 1591 5615 Υἱός
1654 5549 1968 5618 ἀνθρώπου

2796 5216 2938 5272 XVI.

2074 5339 2117 5392 Α
2161 5336 2367 5406 psalmo
2424 5352 2484 5390 tt.
2525 5365 2594 5375 --
2633 5333 2806 5406 Quam
2862 5330 3059 5406 multis
3083 5328 3362 5406 scripturis
3400 5327 3646 5406 Christus

2149 5398 2485 5469 agminatim,
2508 5408 2596 5475 qui
2615 5398 2870 5475 avregibus
2897 5412 2944 5455 et
2976 5399 3297 5475 principibus
3333 5410 3380 5475 et
3405 5398 3646 5475 gentibus

2147 5488 2195 5532 et
2261 5468 2481 5547 popuijs
2519 5468 2943 5547 'circunt'uenilur,
2980 5480 3036 5547 et
3070 5469 3135 5521 ab
3175 5469 3289 5536 ipso
3332 5468 3437 5547 Deo
3476 5468 3647 5538 gigni-

2149 5540 2270 5612 tur,
2296 5540 2346 5601 et
2385 5544 2559 5600 Filius
2598 5544 2826 5599 hominis
2864 5541 3184 5609 appellatur,
3226 5540 3562 5609 gentiumque
3594 5552 3644 5592 et

2070 5750 2483 5818 interpretatur,
2513 5756 2564 5800 et
2592 5744 2671 5799 sic
2704 5740 2968 5811 majorem
2999 5750 3052 5797 et
3080 5738 3346 5796 minorem
3378 5737 3644 5794 Dcitstem

470 5744 545 5831 (l)
582 5744 681 5816 llic
715 5756 776 5831 ut
818 5748 1264 5831 saepe_Eusebius
1300 5749 1586 5831 ariani_za_t.
1631 5747 1776 5831 Nam.
1809 5751 1957 5805 hunc
2070 5750 2231 5831 inter!

2068 5829 2281 5876 statuit.

398 5817 577 5872 locum
610 5832 715 5872 non
746 5816 812 5875 de
846 5816 1062 5876 hemine
1092 5827 1373 5891 assumpto
1399 5820 1493 5876 sed
1526 5818 1634 5875 Deo
1662 5820 1960 5877 exsistente
