  <div class='ocr_page' id='page_1' title='image "/cluster/home/n/w/nwhite01/storage/ocr_20150623/22:no.4/coo.31924054873025/167.png"; bbox 0 0 4126 6432; ppageno 0'>
   <div class='ocr_carea' id='block_1_1' title="bbox 492 338 611 399">
    <p class='ocr_par' dir='ltr' id='par_1_1' title="bbox 492 338 611 399">
     <span class='ocr_line' id='line_1_1' title="bbox 492 338 611 399; baseline 0.017 -2"><span class='ocrx_word' id='word_1_1' title='bbox 492 338 611 399; x_wconf 73' lang='grc'><strong>307</strong></span> 
     </span>
    </p>
   </div>
   <div class='ocr_carea' id='block_1_2' title="bbox 1134 348 3112 417">
    <p class='ocr_par' dir='ltr' id='par_1_2' title="bbox 1134 348 3112 417">
     <span class='ocr_line' id='line_1_2' title="bbox 1134 348 3112 417; baseline 0.006 -15"><span class='ocrx_word' id='word_1_2' title='bbox 1134 348 1405 404; x_wconf 80' lang='lat' dir='ltr'><strong>EUSEBH</strong></span> <span class='ocrx_word' id='word_1_3' title='bbox 1438 349 1923 412; x_wconf 67' lang='lat' dir='ltr'><strong>CESARIENSIS</strong></span> <span class='ocrx_word' id='word_1_4' title='bbox 1961 357 2113 417; x_wconf 84' lang='lat' dir='ltr'><strong>OPP.</strong></span> <span class='ocrx_word' id='word_1_5' title='bbox 2158 357 2363 414; x_wconf 82' lang='lat' dir='ltr'><strong>PARS.</strong></span> <span class='ocrx_word' id='word_1_6' title='bbox 2404 352 2471 413; x_wconf 81' lang='grc' dir='ltr'>Π.</span> <span class='ocrx_word' id='word_1_7' title='bbox 2514 386 2583 397; x_wconf 75' lang='grc' dir='ltr'><strong>-ο</strong></span> <span class='ocrx_word' id='word_1_8' title='bbox 2609 356 3112 416; x_wconf 75' lang='lat' dir='ltr'><strong>APOLOGETICA.</strong></span> 
     </span>
    </p>
   </div>
   <div class='ocr_carea' id='block_1_3' title="bbox 3654 362 3760 420">
    <p class='ocr_par' dir='ltr' id='par_1_3' title="bbox 3654 362 3760 420">
     <span class='ocr_line' id='line_1_3' title="bbox 3654 362 3760 420; baseline -0.009 0"><span class='ocrx_word' id='word_1_9' title='bbox 3654 362 3760 420; x_wconf 79' lang='lat'><strong>308</strong></span> 
     </span>
    </p>
   </div>
   <div class='ocr_carea' id='block_1_4' title="bbox 561 465 2051 551">
    <p class='ocr_par' dir='ltr' id='par_1_4' title="bbox 561 465 2046 551">
     <span class='ocr_line' id='line_1_4' title="bbox 561 465 2046 551; baseline 0.004 -28"><span class='ocrx_word' id='word_1_10' title='bbox 561 465 748 551; x_wconf 60' lang='lat' dir='ltr'><strong>finiunt</strong></span> <span class='ocrx_word' id='word_1_11' title='bbox 800 481 955 524; x_wconf 52' lang='lat' dir='ltr'><strong>tetra:</strong></span> <span class='ocrx_word' id='word_1_12' title='bbox 1000 482 1191 526; x_wconf 81' lang='lat' dir='ltr'><strong>sortem</strong></span> <span class='ocrx_word' id='word_1_13' title='bbox 1240 473 1427 541; x_wconf 81' lang='lat' dir='ltr'><strong>accipit</strong></span> <span class='ocrx_word' id='word_1_14' title='bbox 1476 492 1509 528; x_wconf 88' lang='lat' dir='ltr'><strong>a</strong></span> <span class='ocrx_word' id='word_1_15' title='bbox 1562 472 1764 541; x_wconf 81' lang='lat' dir='ltr'><strong>Patre,</strong></span> <span class='ocrx_word' id='word_1_16' title='bbox 1809 485 1965 529; x_wconf 82' lang='lat' dir='ltr'><strong>antea</strong></span> <span class='ocrx_word' id='word_1_17' title='bbox 2001 478 2046 530; x_wconf 80' lang='lat' dir='ltr'><strong>si</strong></span> 
     </span>
    </p>
   </div>
   <div class='ocr_carea' id='block_1_5' title="bbox 2156 465 3761 551">
    <p class='ocr_par' dir='ltr' id='par_1_5' title="bbox 2244 477 3761 551">
     <span class='ocr_line' id='line_1_5' title="bbox 2244 477 3761 551; baseline 0.002 -19"><span class='ocrx_word' id='word_1_18' title='bbox 2244 477 2786 551; x_wconf 60' lang='grc' dir='ltr'>ἀναγορευόμενος,</span> <span class='ocrx_word' id='word_1_19' title='bbox 2821 477 3030 551; x_wconf 55' lang='grc' dir='ltr'><strong>ἐθνῶν·Δ</strong></span> <span class='ocrx_word' id='word_1_20' title='bbox 3064 495 3127 531; x_wconf 83' lang='grc' dir='ltr'><strong>τε</strong></span> <span class='ocrx_word' id='word_1_21' title='bbox 3154 477 3274 551; x_wconf 64' lang='grc' dir='ltr'><strong>Δκαί</strong></span> <span class='ocrx_word' id='word_1_22' title='bbox 3329 480 3600 548; x_wconf 76' lang='grc' dir='ltr'><strong>περάτων</strong></span> <span class='ocrx_word' id='word_1_23' title='bbox 3644 481 3761 551; x_wconf 78' lang='grc' dir='ltr'><strong>τῆς</strong></span> 
     </span>
    </p>
   </div>
   <div class='ocr_carea' id='block_1_6' title="bbox 563 543 896 597">
    <p class='ocr_par' dir='ltr' id='par_1_6' title="bbox 563 543 896 597">
     <span class='ocr_line' id='line_1_6' title="bbox 563 543 896 597; baseline 0.012 -4"><span class='ocrx_word' id='word_1_24' title='bbox 563 543 896 597; x_wconf 72' lang='lat' dir='ltr'><strong>enuntiatus.</strong></span> 
     </span>
    </p>
   </div>
   <div class='ocr_carea' id='block_1_7' title="bbox 566 691 2067 770">
    <p class='ocr_par' dir='ltr' id='par_1_7' title="bbox 566 691 2067 770">
     <span class='ocr_line' id='line_1_7' title="bbox 566 691 2067 770; baseline 0.009 -28"><span class='ocrx_word' id='word_1_25' title='bbox 566 709 585 742; x_wconf 77' lang='grc' dir='ltr'><strong>ι</strong></span> <span class='ocrx_word' id='word_1_26' title='bbox 612 694 791 757; x_wconf 75' lang='lat' dir='ltr'><strong>Quare</strong></span> <span class='ocrx_word' id='word_1_27' title='bbox 834 691 1176 749; x_wconf 80' lang='lat' dir='ltr'><strong>fremuerunt</strong></span> <span class='ocrx_word' id='word_1_28' title='bbox 1220 703 1448 766; x_wconf 83' lang='lat' dir='ltr'><strong>gentes,</strong></span> <span class='ocrx_word' id='word_1_29' title='bbox 1496 706 1551 752; x_wconf 89' lang='lat' dir='ltr'><strong>et</strong></span> <span class='ocrx_word' id='word_1_30' title='bbox 1604 700 1789 770; x_wconf 80' lang='lat' dir='ltr'><strong>populi</strong></span> <span class='ocrx_word' id='word_1_31' title='bbox 1822 700 2067 755; x_wconf 73' lang='lat' dir='ltr'><strong>meditati</strong></span> 
     </span>
    </p>
   </div>
   <div class='ocr_carea' id='block_1_8' title="bbox 489 783 2068 863">
    <p class='ocr_par' dir='ltr' id='par_1_8' title="bbox 489 783 2068 863">
     <span class='ocr_line' id='line_1_8' title="bbox 489 783 2068 863; baseline 0.008 -28"><span class='ocrx_word' id='word_1_32' title='bbox 489 789 618 836; x_wconf 87' lang='lat' dir='ltr'><strong>sunt</strong></span> <span class='ocrx_word' id='word_1_33' title='bbox 647 783 876 838; x_wconf 75' lang='lat' dir='ltr'><strong>inania?</strong></span> <span class='ocrx_word' id='word_1_34' title='bbox 905 784 1213 841; x_wconf 85' lang='lat' dir='ltr'><strong>Astiterunt</strong></span> <span class='ocrx_word' id='word_1_35' title='bbox 1251 804 1408 859; x_wconf 86' lang='lat' dir='ltr'><strong>reges</strong></span> <span class='ocrx_word' id='word_1_36' title='bbox 1450 798 1613 846; x_wconf 80' lang='lat' dir='ltr'><strong>terrae</strong></span> <span class='ocrx_word' id='word_1_37' title='bbox 1634 831 1650 856; x_wconf 94' lang='lat'><strong>,</strong></span> <span class='ocrx_word' id='word_1_38' title='bbox 1695 799 1750 847; x_wconf 89' lang='lat' dir='ltr'><strong>et</strong></span> <span class='ocrx_word' id='word_1_39' title='bbox 1790 792 2068 863; x_wconf 85' lang='lat' dir='ltr'><strong>principes</strong></span> 
     </span>
    </p>
   </div>
   <div class='ocr_carea' id='block_1_9' title="bbox 488 874 2067 946">
    <p class='ocr_par' dir='ltr' id='par_1_9' title="bbox 488 874 2067 946">
     <span class='ocr_line' id='line_1_9' title="bbox 488 874 2067 946; baseline 0.006 -20"><span class='ocrx_word' id='word_1_40' title='bbox 488 882 864 928; x_wconf 85' lang='lat' dir='ltr'><strong>convenerunt</strong></span> <span class='ocrx_word' id='word_1_41' title='bbox 885 874 941 930; x_wconf 91' lang='lat' dir='ltr'><strong>in</strong></span> <span class='ocrx_word' id='word_1_42' title='bbox 964 892 1133 931; x_wconf 91' lang='lat' dir='ltr'><strong>unum</strong></span> <span class='ocrx_word' id='word_1_43' title='bbox 1161 879 1430 936; x_wconf 89' lang='lat' dir='ltr'><strong>adversus</strong></span> <span class='ocrx_word' id='word_1_44' title='bbox 1450 879 1737 935; x_wconf 89' lang='lat' dir='ltr'><strong>Dominum</strong></span> <span class='ocrx_word' id='word_1_45' title='bbox 1754 922 1769 946; x_wconf 91' lang='lat'><strong>,</strong></span> <span class='ocrx_word' id='word_1_46' title='bbox 1799 890 1852 937; x_wconf 90' lang='lat' dir='ltr'><strong>et</strong></span> <span class='ocrx_word' id='word_1_47' title='bbox 1875 883 2067 938; x_wconf 87' lang='lat' dir='ltr'><strong>adver-</strong></span> 
     </span>
    </p>
   </div>
   <div class='ocr_carea' id='block_1_10' title="bbox 486 961 2062 1044">
    <p class='ocr_par' dir='ltr' id='par_1_10' title="bbox 486 961 2062 1044">
     <span class='ocr_line' id='line_1_10' title="bbox 486 961 2062 1044; baseline 0.007 -27"><span class='ocrx_word' id='word_1_48' title='bbox 486 977 581 1018; x_wconf 89' lang='lat' dir='ltr'><strong>sus</strong></span> <span class='ocrx_word' id='word_1_49' title='bbox 609 961 890 1018; x_wconf 75' lang='lat' dir='ltr'><strong>Christum</strong></span> <span class='ocrx_word' id='word_1_50' title='bbox 922 966 1044 1036; x_wconf 87' lang='lat' dir='ltr'><strong>ejus</strong></span> <span class='ocrx_word' id='word_1_51' title='bbox 1076 967 1117 997; x_wconf 91' lang='grc'><strong>³⁷</strong></span> <span class='ocrx_word' id='word_1_52' title='bbox 1150 987 1162 1022; x_wconf 94' lang='lat'>:</span> <span class='ocrx_word' id='word_1_53' title='bbox 1198 988 1216 1020; x_wconf 80' lang='grc' dir='ltr'><strong>ι</strong></span> <span class='ocrx_word' id='word_1_54' title='bbox 1244 969 1447 1039; x_wconf 84' lang='lat' dir='ltr'><strong>quibus</strong></span> <span class='ocrx_word' id='word_1_55' title='bbox 1475 970 1735 1041; x_wconf 75' lang='lat' dir='ltr'><strong>deinceps</strong></span> <span class='ocrx_word' id='word_1_56' title='bbox 1777 970 2062 1044; x_wconf 86' lang='lat' dir='ltr'><strong>adjungit:</strong></span> 
     </span>
    </p>
   </div>
   <div class='ocr_carea' id='block_1_11' title="bbox 492 1053 2066 1134">
    <p class='ocr_par' dir='ltr' id='par_1_11' title="bbox 492 1053 2066 1134">
     <span class='ocr_line' id='line_1_11' title="bbox 492 1053 2066 1134; baseline 0.008 -27"><span class='ocrx_word' id='word_1_57' title='bbox 492 1073 512 1107; x_wconf 76' lang='grc' dir='ltr'><strong>ι</strong></span> <span class='ocrx_word' id='word_1_58' title='bbox 546 1053 661 1126; x_wconf 85' lang='lat' dir='ltr'><strong>Ego</strong></span> <span class='ocrx_word' id='word_1_59' title='bbox 688 1065 872 1112; x_wconf 89' lang='lat' dir='ltr'><strong>autem</strong></span> <span class='ocrx_word' id='word_1_60' title='bbox 905 1059 1242 1117; x_wconf 84' lang='lat' dir='ltr'><strong>constitutus</strong></span> <span class='ocrx_word' id='word_1_61' title='bbox 1267 1077 1389 1117; x_wconf 90' lang='lat' dir='ltr'><strong>sum</strong></span> <span class='ocrx_word' id='word_1_62' title='bbox 1424 1078 1517 1118; x_wconf 82' lang='lat' dir='ltr'><strong>rex</strong></span> <span class='ocrx_word' id='word_1_63' title='bbox 1547 1064 1615 1119; x_wconf 92' lang='lat' dir='ltr'><strong>ah</strong></span> <span class='ocrx_word' id='word_1_64' title='bbox 1641 1079 1707 1119; x_wconf 91' lang='lat' dir='ltr'><strong>eo</strong></span> <span class='ocrx_word' id='word_1_65' title='bbox 1735 1080 1902 1134; x_wconf 82' lang='lat' dir='ltr'><strong>super</strong></span> <span class='ocrx_word' id='word_1_66' title='bbox 1934 1064 2066 1119; x_wconf 88' lang='lat' dir='ltr'><strong>Sion</strong></span> 
     </span>
    </p>
   </div>
   <div class='ocr_carea' id='block_1_12' title="bbox 485 1151 2062 1225">
    <p class='ocr_par' dir='ltr' id='par_1_12' title="bbox 485 1151 2062 1225">
     <span class='ocr_line' id='line_1_12' title="bbox 485 1151 2062 1225; baseline 0.005 -24"><span class='ocrx_word' id='word_1_67' title='bbox 485 1155 674 1203; x_wconf 87' lang='lat' dir='ltr'><strong>monte</strong></span> <span class='ocrx_word' id='word_1_68' title='bbox 712 1156 907 1205; x_wconf 81' lang='lat' dir='ltr'><strong>sancto</strong></span> <span class='ocrx_word' id='word_1_69' title='bbox 933 1151 1085 1219; x_wconf 85' lang='lat' dir='ltr'><strong>ejus,</strong></span> <span class='ocrx_word' id='word_1_70' title='bbox 1127 1153 1392 1209; x_wconf 87' lang='lat' dir='ltr'><strong>nuntians</strong></span> <span class='ocrx_word' id='word_1_71' title='bbox 1432 1163 1765 1225; x_wconf 70' lang='lat' dir='ltr'><strong>praaceptum</strong></span> <span class='ocrx_word' id='word_1_72' title='bbox 1800 1154 2017 1210; x_wconf 85' lang='lat' dir='ltr'><strong>Domini</strong></span> <span class='ocrx_word' id='word_1_73' title='bbox 2051 1176 2062 1209; x_wconf 93' lang='lat'><strong>:</strong></span> 
     </span>
    </p>
   </div>
   <div class='ocr_carea' id='block_1_13' title="bbox 487 1239 2065 1317">
    <p class='ocr_par' dir='ltr' id='par_1_13' title="bbox 487 1239 2065 1317">
     <span class='ocr_line' id='line_1_13' title="bbox 487 1239 2065 1317; baseline 0.004 -23"><span class='ocrx_word' id='word_1_74' title='bbox 487 1239 757 1298; x_wconf 84' lang='lat' dir='ltr'><strong>Dominus</strong></span> <span class='ocrx_word' id='word_1_75' title='bbox 811 1242 949 1298; x_wconf 81' lang='lat' dir='ltr'><strong>dixit</strong></span> <span class='ocrx_word' id='word_1_76' title='bbox 993 1245 1061 1298; x_wconf 93' lang='lat' dir='ltr'><strong>ad</strong></span> <span class='ocrx_word' id='word_1_77' title='bbox 1115 1260 1202 1300; x_wconf 90' lang='lat' dir='ltr'><strong>me</strong></span> <span class='ocrx_word' id='word_1_78' title='bbox 1246 1244 1468 1301; x_wconf 85' lang='lat' dir='ltr'><strong>:Filius</strong></span> <span class='ocrx_word' id='word_1_79' title='bbox 1515 1261 1671 1301; x_wconf 90' lang='lat' dir='ltr'><strong>meus</strong></span> <span class='ocrx_word' id='word_1_80' title='bbox 1717 1262 1778 1302; x_wconf 91' lang='lat' dir='ltr'><strong>es</strong></span> <span class='ocrx_word' id='word_1_81' title='bbox 1823 1254 1916 1311; x_wconf 87' lang='lat' dir='ltr'><strong>tu,</strong></span> <span class='ocrx_word' id='word_1_82' title='bbox 1964 1261 2065 1317; x_wconf 82' lang='lat' dir='ltr'><strong>ego</strong></span> 
     </span>
    </p>
   </div>
   <div class='ocr_carea' id='block_1_14' title="bbox 486 1331 2065 1409">
    <p class='ocr_par' dir='ltr' id='par_1_14' title="bbox 486 1331 2065 1409">
     <span class='ocr_line' id='line_1_14' title="bbox 486 1331 2065 1409; baseline 0.004 -22"><span class='ocrx_word' id='word_1_83' title='bbox 486 1331 651 1388; x_wconf 81' lang='lat' dir='ltr'><strong>hodie</strong></span> <span class='ocrx_word' id='word_1_84' title='bbox 679 1335 843 1404; x_wconf 90' lang='lat' dir='ltr'><strong>genui</strong></span> <span class='ocrx_word' id='word_1_85' title='bbox 875 1343 965 1389; x_wconf 90' lang='lat' dir='ltr'><strong>te:</strong></span> <span class='ocrx_word' id='word_1_86' title='bbox 1000 1337 1216 1406; x_wconf 89' lang='lat' dir='ltr'><strong>postula</strong></span> <span class='ocrx_word' id='word_1_87' title='bbox 1257 1351 1287 1389; x_wconf 91' lang='lat' dir='ltr'><strong>a</strong></span> <span class='ocrx_word' id='word_1_88' title='bbox 1334 1352 1450 1401; x_wconf 90' lang='lat' dir='ltr'><strong>me,</strong></span> <span class='ocrx_word' id='word_1_89' title='bbox 1482 1344 1536 1391; x_wconf 91' lang='lat' dir='ltr'><strong>et</strong></span> <span class='ocrx_word' id='word_1_90' title='bbox 1566 1337 1707 1392; x_wconf 87' lang='lat' dir='ltr'><strong>dabo</strong></span> <span class='ocrx_word' id='word_1_91' title='bbox 1743 1337 1840 1393; x_wconf 87' lang='lat' dir='ltr'><strong>tibi</strong></span> <span class='ocrx_word' id='word_1_92' title='bbox 1877 1347 2065 1409; x_wconf 81' lang='lat' dir='ltr'><strong>gentes</strong></span> 
     </span>
    </p>
   </div>
   <div class='ocr_carea' id='block_1_15' title="bbox 482 1424 2065 1498">
    <p class='ocr_par' dir='ltr' id='par_1_15' title="bbox 482 1424 2065 1498">
     <span class='ocr_line' id='line_1_15' title="bbox 482 1424 2065 1498; baseline 0.004 -17"><span class='ocrx_word' id='word_1_93' title='bbox 482 1424 856 1486; x_wconf 69' lang='lat' dir='ltr'><strong>haeredit-atem</strong></span> <span class='ocrx_word' id='word_1_94' title='bbox 889 1435 1070 1494; x_wconf 83' lang='lat' dir='ltr'><strong>tuam,</strong></span> <span class='ocrx_word' id='word_1_95' title='bbox 1100 1436 1154 1484; x_wconf 88' lang='lat' dir='ltr'><strong>et</strong></span> <span class='ocrx_word' id='word_1_96' title='bbox 1184 1431 1588 1498; x_wconf 84' lang='lat' dir='ltr'><strong>possessionem</strong></span> <span class='ocrx_word' id='word_1_97' title='bbox 1620 1439 1769 1484; x_wconf 87' lang='lat' dir='ltr'><strong>tuam</strong></span> <span class='ocrx_word' id='word_1_98' title='bbox 1801 1431 2065 1487; x_wconf 89' lang='lat' dir='ltr'><strong>terminos</strong></span> 
     </span>
    </p>
   </div>
   <div class='ocr_carea' id='block_1_16' title="bbox 481 1519 2065 1592">
    <p class='ocr_par' dir='ltr' id='par_1_16' title="bbox 481 1519 2065 1592">
     <span class='ocr_line' id='line_1_16' title="bbox 481 1519 2065 1592; baseline 0.001 -19"><span class='ocrx_word' id='word_1_99' title='bbox 481 1525 645 1574; x_wconf 65' lang='lat' dir='ltr'><strong>terra:</strong></span> <span class='ocrx_word' id='word_1_100' title='bbox 674 1519 719 1551; x_wconf 80' lang='grc'><strong>³⁸</strong></span> <span class='ocrx_word' id='word_1_101' title='bbox 749 1539 767 1573; x_wconf 68' lang='grc' dir='ltr'><strong>ι</strong></span> <span class='ocrx_word' id='word_1_102' title='bbox 797 1540 816 1571; x_wconf 69' lang='grc' dir='ltr'><strong>ι</strong></span> <span class='ocrx_word' id='word_1_103' title='bbox 850 1520 1173 1590; x_wconf 75' lang='lat' dir='ltr'><strong>planissime</strong></span> <span class='ocrx_word' id='word_1_104' title='bbox 1204 1521 1369 1577; x_wconf 89' lang='lat' dir='ltr'><strong>etiam</strong></span> <span class='ocrx_word' id='word_1_105' title='bbox 1417 1522 1473 1576; x_wconf 90' lang='lat' dir='ltr'><strong>in</strong></span> <span class='ocrx_word' id='word_1_106' title='bbox 1522 1521 1606 1577; x_wconf 90' lang='lat' dir='ltr'><strong>his</strong></span> <span class='ocrx_word' id='word_1_107' title='bbox 1640 1521 1860 1577; x_wconf 90' lang='lat' dir='ltr'><strong>divinus</strong></span> <span class='ocrx_word' id='word_1_108' title='bbox 1891 1520 2065 1592; x_wconf 91' lang='lat' dir='ltr'><strong>Spiri-</strong></span> 
     </span>
    </p>
   </div>
   <div class='ocr_carea' id='block_1_17' title="bbox 484 1610 2062 1683">
    <p class='ocr_par' dir='ltr' id='par_1_17' title="bbox 484 1610 2062 1683">
     <span class='ocr_line' id='line_1_17' title="bbox 484 1610 2062 1683; baseline 0.003 -19"><span class='ocrx_word' id='word_1_109' title='bbox 484 1619 573 1666; x_wconf 90' lang='lat' dir='ltr'><strong>tus</strong></span> <span class='ocrx_word' id='word_1_110' title='bbox 624 1610 907 1668; x_wconf 78' lang='lat' dir='ltr'><strong>Christum</strong></span> <span class='ocrx_word' id='word_1_111' title='bbox 967 1612 1234 1683; x_wconf 78' lang='lat' dir='ltr'><strong>appellat,</strong></span> <span class='ocrx_word' id='word_1_112' title='bbox 1291 1612 1495 1683; x_wconf 88' lang='lat' dir='ltr'><strong>Deique</strong></span> <span class='ocrx_word' id='word_1_113' title='bbox 1552 1614 1805 1675; x_wconf 87' lang='lat' dir='ltr'><strong>eumdem</strong></span> <span class='ocrx_word' id='word_1_114' title='bbox 1864 1614 2062 1669; x_wconf 86' lang='lat' dir='ltr'><strong>Filium</strong></span> 
     </span>
    </p>
   </div>
   <div class='ocr_carea' id='block_1_18' title="bbox 481 1701 2062 1775">
    <p class='ocr_par' dir='ltr' id='par_1_18' title="bbox 481 1701 2062 1775">
     <span class='ocr_line' id='line_1_18' title="bbox 481 1701 2062 1775; baseline 0.003 -21"><span class='ocrx_word' id='word_1_115' title='bbox 481 1709 643 1756; x_wconf 86' lang='lat' dir='ltr'><strong>vocat</strong></span> <span class='ocrx_word' id='word_1_116' title='bbox 666 1742 680 1767; x_wconf 82' lang='lat'><strong>,</strong></span> <span class='ocrx_word' id='word_1_117' title='bbox 712 1702 858 1757; x_wconf 81' lang='lat' dir='ltr'><strong>sicut</strong></span> <span class='ocrx_word' id='word_1_118' title='bbox 888 1716 990 1758; x_wconf 92' lang='lat' dir='ltr'><strong>nos</strong></span> <span class='ocrx_word' id='word_1_119' title='bbox 1021 1701 1328 1758; x_wconf 89' lang='lat' dir='ltr'><strong>docuerunt</strong></span> <span class='ocrx_word' id='word_1_120' title='bbox 1362 1718 1426 1757; x_wconf 88' lang='lat' dir='ltr'><strong>ea</strong></span> <span class='ocrx_word' id='word_1_121' title='bbox 1462 1719 1583 1773; x_wconf 64' lang='lat' dir='ltr'><strong>quae</strong></span> <span class='ocrx_word' id='word_1_122' title='bbox 1615 1705 1871 1775; x_wconf 83' lang='lat' dir='ltr'><strong>superius</strong></span> <span class='ocrx_word' id='word_1_123' title='bbox 1915 1705 2062 1760; x_wconf 89' lang='lat' dir='ltr'><strong>dicta</strong></span> 
     </span>
    </p>
   </div>
   <div class='ocr_carea' id='block_1_19' title="bbox 483 1794 2060 1867">
    <p class='ocr_par' dir='ltr' id='par_1_19' title="bbox 483 1794 2060 1867">
     <span class='ocr_line' id='line_1_19' title="bbox 483 1794 2060 1867; baseline 0.001 -18"><span class='ocrx_word' id='word_1_124' title='bbox 483 1801 653 1857; x_wconf 89' lang='lat' dir='ltr'><strong>sunt,</strong></span> <span class='ocrx_word' id='word_1_125' title='bbox 690 1794 967 1865; x_wconf 79' lang='lat' dir='ltr'><strong>simulque</strong></span> <span class='ocrx_word' id='word_1_126' title='bbox 999 1806 1051 1849; x_wconf 78' lang='lat' dir='ltr'><strong>et</strong></span> <span class='ocrx_word' id='word_1_127' title='bbox 1079 1795 1606 1851; x_wconf 88' lang='lat' dir='ltr'><strong>circumventionem</strong></span> <span class='ocrx_word' id='word_1_128' title='bbox 1642 1796 1938 1867; x_wconf 83' lang='lat' dir='ltr'><strong>quamdam</strong></span> <span class='ocrx_word' id='word_1_129' title='bbox 1976 1796 2060 1851; x_wconf 86' lang='lat' dir='ltr'><strong>fu-</strong></span> 
     </span>
    </p>
   </div>
   <div class='ocr_carea' id='block_1_20' title="bbox 482 1886 2060 1961">
    <p class='ocr_par' dir='ltr' id='par_1_20' title="bbox 482 1886 2060 1961">
     <span class='ocr_line' id='line_1_20' title="bbox 482 1886 2060 1961; baseline 0.002 -21"><span class='ocrx_word' id='word_1_130' title='bbox 482 1893 667 1941; x_wconf 80' lang='lat' dir='ltr'><strong>turam</strong></span> <span class='ocrx_word' id='word_1_131' title='bbox 724 1894 917 1941; x_wconf 88' lang='lat' dir='ltr'><strong>contra</strong></span> <span class='ocrx_word' id='word_1_132' title='bbox 974 1886 1127 1941; x_wconf 88' lang='lat' dir='ltr'><strong>illum</strong></span> <span class='ocrx_word' id='word_1_133' title='bbox 1184 1888 1494 1959; x_wconf 78' lang='lat' dir='ltr'><strong>signiﬁcat,</strong></span> <span class='ocrx_word' id='word_1_134' title='bbox 1551 1900 1606 1945; x_wconf 85' lang='lat' dir='ltr'><strong>et</strong></span> <span class='ocrx_word' id='word_1_135' title='bbox 1658 1889 1906 1961; x_wconf 87' lang='lat' dir='ltr'><strong>gentium</strong></span> <span class='ocrx_word' id='word_1_136' title='bbox 1962 1904 2060 1959; x_wconf 90' lang='lat' dir='ltr'><strong>per</strong></span> 
     </span>
    </p>
   </div>
   <div class='ocr_carea' id='block_1_21' title="bbox 479 1976 2059 2052">
    <p class='ocr_par' dir='ltr' id='par_1_21' title="bbox 479 1976 2059 2052">
     <span class='ocr_line' id='line_1_21' title="bbox 479 1976 2059 2052; baseline 0.004 -21"><span class='ocrx_word' id='word_1_137' title='bbox 479 1976 733 2032; x_wconf 87' lang='lat' dir='ltr'><strong>eumdem</strong></span> <span class='ocrx_word' id='word_1_138' title='bbox 765 1976 1006 2032; x_wconf 86' lang='lat' dir='ltr'><strong>futuram</strong></span> <span class='ocrx_word' id='word_1_139' title='bbox 1041 1979 1388 2035; x_wconf 87' lang='lat' dir='ltr'><strong>vocationem</strong></span> <span class='ocrx_word' id='word_1_140' title='bbox 1419 1989 1546 2035; x_wconf 84' lang='lat' dir='ltr'><strong>ante</strong></span> <span class='ocrx_word' id='word_1_141' title='bbox 1577 1976 1902 2046; x_wconf 61' lang='lat' dir='ltr'><strong>denuntiat;</strong></span> <span class='ocrx_word' id='word_1_142' title='bbox 1936 1997 2059 2052; x_wconf 72' lang='lat' dir='ltr'><strong>quae</strong></span> 
     </span>
    </p>
   </div>
   <div class='ocr_carea' id='block_1_22' title="bbox 478 2067 2057 2141">
    <p class='ocr_par' dir='ltr' id='par_1_22' title="bbox 478 2067 2057 2141">
     <span class='ocr_line' id='line_1_22' title="bbox 478 2067 2057 2141; baseline 0.004 -18"><span class='ocrx_word' id='word_1_143' title='bbox 478 2067 702 2138; x_wconf 84' lang='lat' dir='ltr'><strong>quidem</strong></span> <span class='ocrx_word' id='word_1_144' title='bbox 750 2084 811 2124; x_wconf 86' lang='lat' dir='ltr'><strong>re</strong></span> <span class='ocrx_word' id='word_1_145' title='bbox 859 2069 977 2141; x_wconf 89' lang='lat' dir='ltr'><strong>ipsa</strong></span> <span class='ocrx_word' id='word_1_146' title='bbox 1027 2071 1208 2141; x_wconf 83' lang='lat' dir='ltr'><strong>palam</strong></span> <span class='ocrx_word' id='word_1_147' title='bbox 1258 2072 1315 2127; x_wconf 80' lang='lat' dir='ltr'><strong>in</strong></span> <span class='ocrx_word' id='word_1_148' title='bbox 1364 2071 1647 2128; x_wconf 84' lang='lat' dir='ltr'><strong>Salvatore</strong></span> <span class='ocrx_word' id='word_1_149' title='bbox 1687 2082 1879 2129; x_wconf 90' lang='lat' dir='ltr'><strong>nostro</strong></span> <span class='ocrx_word' id='word_1_150' title='bbox 1924 2073 2057 2130; x_wconf 82' lang='lat' dir='ltr'><strong>Jesu</strong></span> 
     </span>
    </p>
   </div>
   <div class='ocr_carea' id='block_1_23' title="bbox 480 2157 2055 2229">
    <p class='ocr_par' dir='ltr' id='par_1_23' title="bbox 480 2157 2055 2229">
     <span class='ocr_line' id='line_1_23' title="bbox 480 2157 2055 2229; baseline 0.005 -17"><span class='ocrx_word' id='word_1_151' title='bbox 480 2157 707 2213; x_wconf 78' lang='lat' dir='ltr'><strong>Christo</strong></span> <span class='ocrx_word' id='word_1_152' title='bbox 742 2158 860 2229; x_wconf 91' lang='lat' dir='ltr'><strong>ipse</strong></span> <span class='ocrx_word' id='word_1_153' title='bbox 906 2175 1092 2216; x_wconf 87' lang='lat' dir='ltr'><strong>rerum</strong></span> <span class='ocrx_word' id='word_1_154' title='bbox 1138 2171 1367 2219; x_wconf 87' lang='lat' dir='ltr'><strong>eventus</strong></span> <span class='ocrx_word' id='word_1_155' title='bbox 1408 2164 1724 2220; x_wconf 82' lang='lat' dir='ltr'><strong>declaravit.</strong></span> <span class='ocrx_word' id='word_1_156' title='bbox 1771 2162 1881 2219; x_wconf 84' lang='lat' dir='ltr'><strong>Nec</strong></span> <span class='ocrx_word' id='word_1_157' title='bbox 1925 2166 2055 2220; x_wconf 91' lang='lat' dir='ltr'><strong>dum</strong></span> 
     </span>
    </p>
   </div>
   <div class='ocr_carea' id='block_1_24' title="bbox 475 2249 2056 2328">
    <p class='ocr_par' dir='ltr' id='par_1_24' title="bbox 475 2249 2056 2328">
     <span class='ocr_line' id='line_1_24' title="bbox 475 2249 2056 2328; baseline 0.006 -24"><span class='ocrx_word' id='word_1_158' title='bbox 475 2249 645 2322; x_wconf 78' lang='lat' dir='ltr'><strong>igitur</strong></span> <span class='ocrx_word' id='word_1_159' title='bbox 671 2259 863 2323; x_wconf 76' lang='lat' dir='ltr'><strong>gentes</strong></span> <span class='ocrx_word' id='word_1_160' title='bbox 884 2292 899 2318; x_wconf 94' lang='lat'><strong>,</strong></span> <span class='ocrx_word' id='word_1_161' title='bbox 926 2260 980 2308; x_wconf 85' lang='lat' dir='ltr'><strong>et</strong></span> <span class='ocrx_word' id='word_1_162' title='bbox 1006 2255 1229 2325; x_wconf 91' lang='lat' dir='ltr'><strong>populi,</strong></span> <span class='ocrx_word' id='word_1_163' title='bbox 1261 2264 1315 2312; x_wconf 86' lang='lat' dir='ltr'><strong>et</strong></span> <span class='ocrx_word' id='word_1_164' title='bbox 1344 2272 1500 2328; x_wconf 81' lang='lat' dir='ltr'><strong>reges</strong></span> <span class='ocrx_word' id='word_1_165' title='bbox 1543 2265 1598 2314; x_wconf 85' lang='lat' dir='ltr'><strong>et</strong></span> <span class='ocrx_word' id='word_1_166' title='bbox 1653 2257 1929 2328; x_wconf 87' lang='lat' dir='ltr'><strong>principes</strong></span> <span class='ocrx_word' id='word_1_167' title='bbox 1958 2258 2056 2314; x_wconf 88' lang='lat' dir='ltr'><strong>dc-</strong></span> 
     </span>
    </p>
   </div>
   <div class='ocr_carea' id='block_1_25' title="bbox 475 2347 2054 2426">
    <p class='ocr_par' dir='ltr' id='par_1_25' title="bbox 475 2347 2054 2426">
     <span class='ocr_line' id='line_1_25' title="bbox 475 2347 2054 2426; baseline 0.008 -26"><span class='ocrx_word' id='word_1_168' title='bbox 475 2348 710 2411; x_wconf 85' lang='lat' dir='ltr'><strong>sistunt,</strong></span> <span class='ocrx_word' id='word_1_169' title='bbox 741 2355 855 2401; x_wconf 87' lang='lat' dir='ltr'><strong>tum</strong></span> <span class='ocrx_word' id='word_1_170' title='bbox 886 2347 1150 2404; x_wconf 89' lang='lat' dir='ltr'><strong>adversus</strong></span> <span class='ocrx_word' id='word_1_171' title='bbox 1185 2349 1336 2404; x_wconf 91' lang='lat' dir='ltr'><strong>illum</strong></span> <span class='ocrx_word' id='word_1_172' title='bbox 1370 2358 1483 2405; x_wconf 91' lang='lat' dir='ltr'><strong>tum</strong></span> <span class='ocrx_word' id='word_1_173' title='bbox 1517 2352 1779 2411; x_wconf 88' lang='lat' dir='ltr'><strong>adversus</strong></span> <span class='ocrx_word' id='word_1_174' title='bbox 1808 2356 2054 2426; x_wconf 89' lang='lat' dir='ltr'><strong>ejusdem</strong></span> 
     </span>
    </p>
   </div>
   <div class='ocr_carea' id='block_1_26' title="bbox 473 2434 2055 2508">
    <p class='ocr_par' dir='ltr' id='par_1_26' title="bbox 473 2434 2055 2508">
     <span class='ocr_line' id='line_1_26' title="bbox 473 2434 2055 2508; baseline 0.008 -18"><span class='ocrx_word' id='word_1_175' title='bbox 473 2434 777 2491; x_wconf 65' lang='lat' dir='ltr'><strong>doctrinam</strong></span> <span class='ocrx_word' id='word_1_176' title='bbox 804 2440 1117 2498; x_wconf 76' lang='lat' dir='ltr'><strong>convenire.</strong></span> <span class='ocrx_word' id='word_1_177' title='bbox 1138 2440 1294 2508; x_wconf 85' lang='lat' dir='ltr'><strong>Quod</strong></span> <span class='ocrx_word' id='word_1_178' title='bbox 1317 2443 1363 2499; x_wconf 90' lang='lat' dir='ltr'><strong>si</strong></span> <span class='ocrx_word' id='word_1_179' title='bbox 1386 2443 1501 2499; x_wconf 56' lang='lat' dir='ltr'><strong>haec</strong></span> <span class='ocrx_word' id='word_1_180' title='bbox 1519 2443 1692 2501; x_wconf 64' lang='lat' dir='ltr'><strong>Judaei</strong></span> <span class='ocrx_word' id='word_1_181' title='bbox 1715 2447 1783 2501; x_wconf 90' lang='lat' dir='ltr'><strong>ad</strong></span> <span class='ocrx_word' id='word_1_182' title='bbox 1809 2446 2055 2503; x_wconf 87' lang='lat' dir='ltr'><strong>futurum</strong></span> 
     </span>
    </p>
   </div>
   <div class='ocr_carea' id='block_1_27' title="bbox 475 2527 2052 2608">
    <p class='ocr_par' dir='ltr' id='par_1_27' title="bbox 475 2527 2052 2608">
     <span class='ocr_line' id='line_1_27' title="bbox 475 2527 2052 2608; baseline 0.009 -26"><span class='ocrx_word' id='word_1_183' title='bbox 475 2527 719 2584; x_wconf 79' lang='lat' dir='ltr'><strong>referant</strong></span> <span class='ocrx_word' id='word_1_184' title='bbox 750 2538 1004 2601; x_wconf 79' lang='lat' dir='ltr'><strong>tempus,</strong></span> <span class='ocrx_word' id='word_1_185' title='bbox 1056 2533 1170 2603; x_wconf 82' lang='lat' dir='ltr'><strong>jam</strong></span> <span class='ocrx_word' id='word_1_186' title='bbox 1225 2534 1349 2590; x_wconf 87' lang='lat' dir='ltr'><strong>illos</strong></span> <span class='ocrx_word' id='word_1_187' title='bbox 1397 2534 1556 2591; x_wconf 82' lang='lat' dir='ltr'><strong>fateri</strong></span> <span class='ocrx_word' id='word_1_188' title='bbox 1597 2547 1876 2608; x_wconf 86' lang='lat' dir='ltr'><strong>oporteat,</strong></span> <span class='ocrx_word' id='word_1_189' title='bbox 1929 2556 2052 2596; x_wconf 86' lang='lat' dir='ltr'><strong>eum</strong></span> 
     </span>
    </p>
   </div>
   <div class='ocr_carea' id='block_1_28' title="bbox 471 2620 2056 2693">
    <p class='ocr_par' dir='ltr' id='par_1_28' title="bbox 471 2620 2056 2693">
     <span class='ocr_line' id='line_1_28' title="bbox 471 2620 2056 2693; baseline 0.009 -19"><span class='ocrx_word' id='word_1_190' title='bbox 471 2634 633 2690; x_wconf 83' lang='lat' dir='ltr'><strong>quem</strong></span> <span class='ocrx_word' id='word_1_191' title='bbox 681 2620 787 2691; x_wconf 91' lang='lat' dir='ltr'><strong>ipsi</strong></span> <span class='ocrx_word' id='word_1_192' title='bbox 816 2632 1136 2693; x_wconf 79' lang='lat' dir='ltr'><strong>exspectant</strong></span> <span class='ocrx_word' id='word_1_193' title='bbox 1167 2623 1471 2691; x_wconf 86' lang='lat' dir='ltr'><strong>Christum,</strong></span> <span class='ocrx_word' id='word_1_194' title='bbox 1529 2644 1723 2685; x_wconf 90' lang='lat' dir='ltr'><strong>rursus</strong></span> <span class='ocrx_word' id='word_1_195' title='bbox 1753 2630 2056 2689; x_wconf 88' lang='lat' dir='ltr'><strong>circumve-</strong></span> 
     </span>
    </p>
   </div>
   <div class='ocr_carea' id='block_1_29' title="bbox 484 2710 2049 2792">
    <p class='ocr_par' dir='ltr' id='par_1_29' title="bbox 484 2710 2049 2792">
     <span class='ocr_line' id='line_1_29' title="bbox 484 2710 2049 2792; baseline 0.006 -26"><span class='ocrx_word' id='word_1_196' title='bbox 484 2710 750 2767; x_wconf 83' lang='lat' dir='ltr'><strong>niendum</strong></span> <span class='ocrx_word' id='word_1_197' title='bbox 772 2752 787 2776; x_wconf 96' lang='lat'><strong>,</strong></span> <span class='ocrx_word' id='word_1_198' title='bbox 813 2714 954 2769; x_wconf 91' lang='lat' dir='ltr'><strong>sicut</strong></span> <span class='ocrx_word' id='word_1_199' title='bbox 974 2731 1216 2786; x_wconf 62' lang='lat' dir='ltr'><strong>praesens</strong></span> <span class='ocrx_word' id='word_1_200' title='bbox 1244 2717 1406 2774; x_wconf 86' lang='lat' dir='ltr'><strong>habet</strong></span> <span class='ocrx_word' id='word_1_201' title='bbox 1427 2721 1709 2775; x_wconf 83' lang='lat' dir='ltr'><strong>oraculum</strong></span> <span class='ocrx_word' id='word_1_202' title='bbox 1728 2762 1743 2786; x_wconf 92' lang='lat'><strong>,</strong></span> <span class='ocrx_word' id='word_1_203' title='bbox 1772 2724 1917 2792; x_wconf 85' lang='lat' dir='ltr'><strong>quod</strong></span> <span class='ocrx_word' id='word_1_204' title='bbox 1940 2724 2049 2777; x_wconf 83' lang='lat' dir='ltr'><strong>ait:</strong></span> 
     </span>
    </p>
   </div>
   <div class='ocr_carea' id='block_1_30' title="bbox 480 2797 2055 2884">
    <p class='ocr_par' dir='ltr' id='par_1_30' title="bbox 480 2797 2055 2884">
     <span class='ocr_line' id='line_1_30' title="bbox 480 2797 2055 2884; baseline 0.01 -31"><span class='ocrx_word' id='word_1_205' title='bbox 480 2797 642 2874; x_wconf 71' lang='lat'><strong>183</strong></span> <span class='ocrx_word' id='word_1_206' title='bbox 671 2822 689 2855; x_wconf 80' lang='grc' dir='ltr'><strong>ι</strong></span> <span class='ocrx_word' id='word_1_207' title='bbox 728 2802 1035 2861; x_wconf 84' lang='lat' dir='ltr'><strong>Astiterunt</strong></span> <span class='ocrx_word' id='word_1_208' title='bbox 1063 2823 1218 2878; x_wconf 88' lang='lat' dir='ltr'><strong>reges</strong></span> <span class='ocrx_word' id='word_1_209' title='bbox 1247 2816 1425 2875; x_wconf 66' lang='lat' dir='ltr'><strong>terrae,</strong></span> <span class='ocrx_word' id='word_1_210' title='bbox 1457 2818 1510 2865; x_wconf 90' lang='lat' dir='ltr'><strong>et</strong></span> <span class='ocrx_word' id='word_1_211' title='bbox 1538 2812 1813 2884; x_wconf 89' lang='lat' dir='ltr'><strong>principes</strong></span> <span class='ocrx_word' id='word_1_212' title='bbox 1853 2829 2055 2869; x_wconf 88' lang='lat' dir='ltr'><strong>conve-</strong></span> 
     </span>
    </p>
   </div>
   <div class='ocr_carea' id='block_1_31' title="bbox 472 2896 2053 2970">
    <p class='ocr_par' dir='ltr' id='par_1_31' title="bbox 472 2896 2053 2970">
     <span class='ocr_line' id='line_1_31' title="bbox 472 2896 2053 2970; baseline 0.009 -21"><span class='ocrx_word' id='word_1_213' title='bbox 472 2902 676 2951; x_wconf 84' lang='lat' dir='ltr'><strong>nerunt</strong></span> <span class='ocrx_word' id='word_1_214' title='bbox 715 2896 773 2951; x_wconf 91' lang='lat' dir='ltr'><strong>in</strong></span> <span class='ocrx_word' id='word_1_215' title='bbox 823 2914 990 2953; x_wconf 89' lang='lat' dir='ltr'><strong>unum</strong></span> <span class='ocrx_word' id='word_1_216' title='bbox 1052 2901 1315 2958; x_wconf 86' lang='lat' dir='ltr'><strong>adversus</strong></span> <span class='ocrx_word' id='word_1_217' title='bbox 1370 2901 1683 2970; x_wconf 87' lang='lat' dir='ltr'><strong>Dominum,</strong></span> <span class='ocrx_word' id='word_1_218' title='bbox 1707 2913 1762 2961; x_wconf 91' lang='lat' dir='ltr'><strong>et</strong></span> <span class='ocrx_word' id='word_1_219' title='bbox 1789 2907 2053 2964; x_wconf 85' lang='lat' dir='ltr'><strong>adversus</strong></span> 
     </span>
    </p>
   </div>
   <div class='ocr_carea' id='block_1_32' title="bbox 472 2983 2049 3069">
    <p class='ocr_par' dir='ltr' id='par_1_32' title="bbox 472 2983 2049 3069">
     <span class='ocr_line' id='line_1_32' title="bbox 472 2983 2049 3069; baseline 0.011 -31"><span class='ocrx_word' id='word_1_220' title='bbox 472 2983 751 3043; x_wconf 83' lang='lat' dir='ltr'><strong>Christum</strong></span> <span class='ocrx_word' id='word_1_221' title='bbox 783 2988 905 3058; x_wconf 84' lang='lat' dir='ltr'><strong>ejus</strong></span> <span class='ocrx_word' id='word_1_222' title='bbox 941 3010 953 3045; x_wconf 92' lang='lat'>:</span> <span class='ocrx_word' id='word_1_223' title='bbox 998 3011 1016 3043; x_wconf 77' lang='grc' dir='ltr'><strong>ι</strong></span> <span class='ocrx_word' id='word_1_224' title='bbox 1058 2992 1204 3062; x_wconf 90' lang='lat' dir='ltr'><strong>quod</strong></span> <span class='ocrx_word' id='word_1_225' title='bbox 1244 3009 1376 3050; x_wconf 88' lang='lat' dir='ltr'><strong>sane</strong></span> <span class='ocrx_word' id='word_1_226' title='bbox 1404 2994 1584 3050; x_wconf 87' lang='lat' dir='ltr'><strong>daturi</strong></span> <span class='ocrx_word' id='word_1_227' title='bbox 1612 3013 1884 3069; x_wconf 90' lang='lat' dir='ltr'><strong>nusquam</strong></span> <span class='ocrx_word' id='word_1_228' title='bbox 1918 3000 2049 3067; x_wconf 88' lang='lat' dir='ltr'><strong>sint,</strong></span> 
     </span>
    </p>
   </div>
   <div class='ocr_carea' id='block_1_33' title="bbox 470 3079 2051 3165">
    <p class='ocr_par' dir='ltr' id='par_1_33' title="bbox 470 3079 2051 3165">
     <span class='ocr_line' id='line_1_33' title="bbox 470 3079 2051 3165; baseline 0.01 -34"><span class='ocrx_word' id='word_1_229' title='bbox 470 3079 673 3151; x_wconf 81' lang='lat' dir='ltr'><strong>quippe</strong></span> <span class='ocrx_word' id='word_1_230' title='bbox 706 3080 802 3151; x_wconf 89' lang='lat' dir='ltr'><strong>qui</strong></span> <span class='ocrx_word' id='word_1_231' title='bbox 844 3097 1102 3153; x_wconf 79' lang='lat' dir='ltr'><strong>magnum</strong></span> <span class='ocrx_word' id='word_1_232' title='bbox 1138 3086 1429 3155; x_wconf 85' lang='lat' dir='ltr'><strong>quemdam</strong></span> <span class='ocrx_word' id='word_1_233' title='bbox 1475 3089 1800 3161; x_wconf 88' lang='lat' dir='ltr'><strong>principem,</strong></span> <span class='ocrx_word' id='word_1_234' title='bbox 1838 3108 2051 3165; x_wconf 81' lang='lat' dir='ltr'><strong>regem-</strong></span> 
     </span>
    </p>
   </div>
   <div class='ocr_carea' id='block_1_34' title="bbox 2243 548 3756 636">
    <p class='ocr_par' dir='ltr' id='par_1_34' title="bbox 2243 548 3756 636">
     <span class='ocr_line' id='line_1_34' title="bbox 2243 548 3756 636; baseline 0.001 -33"><span class='ocrx_word' id='word_1_235' title='bbox 2243 549 2478 636; x_wconf 55' lang='grc' dir='ltr'>κνίῆρον</span> <span class='ocrx_word' id='word_1_236' title='bbox 2519 549 2844 619; x_wconf 73' lang='grc' dir='ltr'>λαμϐάνων</span> <span class='ocrx_word' id='word_1_237' title='bbox 2884 548 3045 617; x_wconf 77' lang='grc' dir='ltr'>παρὰ</span> <span class='ocrx_word' id='word_1_238' title='bbox 3075 548 3182 604; x_wconf 86' lang='grc' dir='ltr'><strong>τοῦ</strong></span> <span class='ocrx_word' id='word_1_239' title='bbox 3230 552 3462 619; x_wconf 74' lang='grc' dir='ltr'>Πατρός</span> <span class='ocrx_word' id='word_1_240' title='bbox 3498 548 3756 622; x_wconf 56' lang='grc' dir='ltr'>προεκηὲ</span> 
     </span>
    </p>
   </div>
   <div class='ocr_carea' id='block_1_35' title="bbox 2234 637 2503 687">
    <p class='ocr_par' dir='ltr' id='par_1_35' title="bbox 2234 637 2503 687">
     <span class='ocr_line' id='line_1_35' title="bbox 2234 637 2503 687; baseline 0 -15"><span class='ocrx_word' id='word_1_241' title='bbox 2234 637 2503 687; x_wconf 74' lang='lat' dir='ltr'><strong>portem.</strong></span> 
     </span>
    </p>
   </div>
   <div class='ocr_carea' id='block_1_36' title="bbox 2247 709 3754 787">
    <p class='ocr_par' dir='ltr' id='par_1_36' title="bbox 2247 709 3754 787">
     <span class='ocr_line' id='line_1_36' title="bbox 2247 709 3754 787; baseline 0.004 -24"><span class='ocrx_word' id='word_1_242' title='bbox 2247 731 2266 763; x_wconf 76' lang='grc' dir='ltr'><strong>ι</strong></span> <span class='ocrx_word' id='word_1_243' title='bbox 2310 712 2427 765; x_wconf 84' lang='grc' dir='ltr'>Ἵνα</span> <span class='ocrx_word' id='word_1_244' title='bbox 2471 711 2526 764; x_wconf 84' lang='grc' dir='ltr'><strong>τί</strong></span> <span class='ocrx_word' id='word_1_245' title='bbox 2577 709 2852 781; x_wconf 74' lang='grc' dir='ltr'><strong>ἐφρύαξαν</strong></span> <span class='ocrx_word' id='word_1_246' title='bbox 2904 711 3052 783; x_wconf 85' lang='grc' dir='ltr'>ἔθνη,</span> <span class='ocrx_word' id='word_1_247' title='bbox 3097 711 3192 765; x_wconf 72' lang='grc' dir='ltr'><strong>καὶ</strong></span> <span class='ocrx_word' id='word_1_248' title='bbox 3242 711 3363 767; x_wconf 78' lang='grc' dir='ltr'>λαοὶ</span> <span class='ocrx_word' id='word_1_249' title='bbox 3415 714 3754 787; x_wconf 82' lang='grc' dir='ltr'>ἐμελέτησαν</span> 
     </span>
    </p>
   </div>
   <div class='ocr_carea' id='block_1_37' title="bbox 2170 802 3755 879">
    <p class='ocr_par' dir='ltr' id='par_1_37' title="bbox 2170 802 3755 879">
     <span class='ocr_line' id='line_1_37' title="bbox 2170 802 3755 879; baseline 0.002 -21"><span class='ocrx_word' id='word_1_250' title='bbox 2170 803 2334 869; x_wconf 73' lang='grc' dir='ltr'>κενάς</span> <span class='ocrx_word' id='word_1_251' title='bbox 2365 803 2727 874; x_wconf 82' lang='grc' dir='ltr'>Παρέστησαν</span> <span class='ocrx_word' id='word_1_252' title='bbox 2759 803 2809 854; x_wconf 84' lang='grc' dir='ltr'>οἱ</span> <span class='ocrx_word' id='word_1_253' title='bbox 2855 802 3097 872; x_wconf 73' lang='grc' dir='ltr'><strong>βασιλεῖς</strong></span> <span class='ocrx_word' id='word_1_254' title='bbox 3135 803 3234 874; x_wconf 77' lang='grc' dir='ltr'>τῆς</span> <span class='ocrx_word' id='word_1_255' title='bbox 3273 804 3399 875; x_wconf 80' lang='grc' dir='ltr'>γῆς,</span> <span class='ocrx_word' id='word_1_256' title='bbox 3441 807 3537 859; x_wconf 81' lang='grc' dir='ltr'>καὶ</span> <span class='ocrx_word' id='word_1_257' title='bbox 3570 808 3620 859; x_wconf 83' lang='grc' dir='ltr'><strong>οί</strong></span> <span class='ocrx_word' id='word_1_258' title='bbox 3661 807 3755 879; x_wconf 81' lang='grc' dir='ltr'><strong>ἅρ-</strong></span> 
     </span>
    </p>
   </div>
   <div class='ocr_carea' id='block_1_38' title="bbox 2168 893 3752 970">
    <p class='ocr_par' dir='ltr' id='par_1_38' title="bbox 2168 893 3752 970">
     <span class='ocr_line' id='line_1_38' title="bbox 2168 893 3752 970; baseline 0.002 -22"><span class='ocrx_word' id='word_1_259' title='bbox 2168 912 2355 966; x_wconf 88' lang='grc' dir='ltr'>χοντες</span> <span class='ocrx_word' id='word_1_260' title='bbox 2412 893 2758 966; x_wconf 80' lang='grc' dir='ltr'><strong>συνήχθησαν</strong></span> <span class='ocrx_word' id='word_1_261' title='bbox 2805 896 2898 948; x_wconf 82' lang='grc' dir='ltr'>ἐπὶ</span> <span class='ocrx_word' id='word_1_262' title='bbox 2940 895 3002 948; x_wconf 82' lang='grc' dir='ltr'>τὸ</span> <span class='ocrx_word' id='word_1_263' title='bbox 3033 895 3163 949; x_wconf 81' lang='grc' dir='ltr'>αὐτὸ</span> <span class='ocrx_word' id='word_1_264' title='bbox 3207 897 3347 951; x_wconf 86' lang='grc' dir='ltr'><strong>κατά</strong></span> <span class='ocrx_word' id='word_1_265' title='bbox 3387 896 3481 951; x_wconf 90' lang='grc' dir='ltr'><strong>τοῦ</strong></span> <span class='ocrx_word' id='word_1_266' title='bbox 3518 898 3752 970; x_wconf 79' lang='grc' dir='ltr'><strong>Κυρίου,</strong></span> 
     </span>
    </p>
   </div>
   <div class='ocr_carea' id='block_1_39' title="bbox 2169 983 3745 1060">
    <p class='ocr_par' dir='ltr' id='par_1_39' title="bbox 2169 983 3745 1060">
     <span class='ocr_line' id='line_1_39' title="bbox 2169 983 3745 1060; baseline 0.001 -18"><span class='ocrx_word' id='word_1_267' title='bbox 2169 989 2261 1042; x_wconf 79' lang='grc' dir='ltr'><strong>καὶ</strong></span> <span class='ocrx_word' id='word_1_268' title='bbox 2288 989 2428 1042; x_wconf 83' lang='grc' dir='ltr'><strong>κατά</strong></span> <span class='ocrx_word' id='word_1_269' title='bbox 2467 988 2563 1041; x_wconf 88' lang='grc' dir='ltr'><strong>τοῦ</strong></span> <span class='ocrx_word' id='word_1_270' title='bbox 2608 986 2845 1060; x_wconf 80' lang='grc' dir='ltr'>Χριστοῦ</span> <span class='ocrx_word' id='word_1_271' title='bbox 2882 987 3081 1042; x_wconf 80' lang='grc' dir='ltr'>αὐτοῦ’</span> <span class='ocrx_word' id='word_1_272' title='bbox 3122 1007 3140 1041; x_wconf 76' lang='grc' dir='ltr'><strong>ι</strong></span> <span class='ocrx_word' id='word_1_273' title='bbox 3178 983 3259 1053; x_wconf 73' lang='grc' dir='ltr'><strong>οἷς</strong></span> <span class='ocrx_word' id='word_1_274' title='bbox 3297 989 3423 1060; x_wconf 78' lang='grc' dir='ltr'>ἐξῆς</span> <span class='ocrx_word' id='word_1_275' title='bbox 3468 989 3745 1059; x_wconf 85' lang='grc' dir='ltr'>ἐπιλέγει·</span> 
     </span>
    </p>
   </div>
   <div class='ocr_carea' id='block_1_40' title="bbox 2173 1079 3750 1151">
    <p class='ocr_par' dir='ltr' id='par_1_40' title="bbox 2173 1079 3750 1151">
     <span class='ocr_line' id='line_1_40' title="bbox 2173 1079 3750 1151; baseline 0.002 -18"><span class='ocrx_word' id='word_1_276' title='bbox 2173 1101 2192 1132; x_wconf 73' lang='grc' dir='ltr'><strong>ι</strong></span> <span class='ocrx_word' id='word_1_277' title='bbox 2262 1082 2404 1150; x_wconf 87' lang='grc' dir='ltr'>Ἐγὼ</span> <span class='ocrx_word' id='word_1_278' title='bbox 2473 1081 2532 1134; x_wconf 86' lang='grc' dir='ltr'>δὲ</span> <span class='ocrx_word' id='word_1_279' title='bbox 2601 1079 2943 1151; x_wconf 80' lang='grc' dir='ltr'>κατεστάθην</span> <span class='ocrx_word' id='word_1_280' title='bbox 3004 1080 3257 1151; x_wconf 80' lang='grc' dir='ltr'>βασιλεὺς</span> <span class='ocrx_word' id='word_1_281' title='bbox 3311 1082 3402 1134; x_wconf 84' lang='grc' dir='ltr'><strong>ὑπ’</strong></span> <span class='ocrx_word' id='word_1_282' title='bbox 3452 1081 3618 1135; x_wconf 76' lang='grc' dir='ltr'>αὐτοῦ</span> <span class='ocrx_word' id='word_1_283' title='bbox 3654 1084 3750 1137; x_wconf 72' lang='grc' dir='ltr'>ἐπὶ</span> 
     </span>
    </p>
   </div>
   <div class='ocr_carea' id='block_1_41' title="bbox 2167 1172 3751 1248">
    <p class='ocr_par' dir='ltr' id='par_1_41' title="bbox 2167 1172 3751 1248">
     <span class='ocr_line' id='line_1_41' title="bbox 2167 1172 3751 1248; baseline 0.003 -22"><span class='ocrx_word' id='word_1_284' title='bbox 2167 1172 2305 1227; x_wconf 87' lang='grc' dir='ltr'>Σιὼν</span> <span class='ocrx_word' id='word_1_285' title='bbox 2350 1173 2476 1245; x_wconf 71' lang='grc' dir='ltr'>ὅρος</span> <span class='ocrx_word' id='word_1_286' title='bbox 2528 1173 2590 1226; x_wconf 79' lang='grc' dir='ltr'><strong>τὺ</strong></span> <span class='ocrx_word' id='word_1_287' title='bbox 2642 1174 2796 1242; x_wconf 85' lang='grc' dir='ltr'>ἆγιον</span> <span class='ocrx_word' id='word_1_288' title='bbox 2854 1172 3053 1227; x_wconf 82' lang='grc' dir='ltr'>αὐτοῦ.</span> <span class='ocrx_word' id='word_1_289' title='bbox 3114 1172 3446 1243; x_wconf 77' lang='grc' dir='ltr'><strong>διαγγέλλων</strong></span> <span class='ocrx_word' id='word_1_290' title='bbox 3492 1175 3554 1228; x_wconf 84' lang='grc' dir='ltr'>τὸ</span> <span class='ocrx_word' id='word_1_291' title='bbox 3588 1177 3751 1248; x_wconf 83' lang='grc' dir='ltr'>πρόσ-</span> 
     </span>
    </p>
   </div>
   <div class='ocr_carea' id='block_1_42' title="bbox 2165 1264 3753 1340">
    <p class='ocr_par' dir='ltr' id='par_1_42' title="bbox 2165 1264 3753 1340">
     <span class='ocr_line' id='line_1_42' title="bbox 2165 1264 3753 1340; baseline 0.002 -21"><span class='ocrx_word' id='word_1_292' title='bbox 2165 1283 2351 1337; x_wconf 86' lang='grc' dir='ltr'>ταγμα</span> <span class='ocrx_word' id='word_1_293' title='bbox 2392 1266 2616 1338; x_wconf 81' lang='grc' dir='ltr'>Κυρίου.</span> <span class='ocrx_word' id='word_1_294' title='bbox 2651 1265 2855 1337; x_wconf 79' lang='grc' dir='ltr'>Κύριος</span> <span class='ocrx_word' id='word_1_295' title='bbox 2901 1264 3019 1319; x_wconf 79' lang='grc' dir='ltr'>εἷπε</span> <span class='ocrx_word' id='word_1_296' title='bbox 3062 1283 3200 1338; x_wconf 86' lang='grc' dir='ltr'>προς</span> <span class='ocrx_word' id='word_1_297' title='bbox 3241 1265 3308 1338; x_wconf 84' lang='grc' dir='ltr'><strong>μέ</strong></span> <span class='ocrx_word' id='word_1_298' title='bbox 3333 1283 3346 1298; x_wconf 68' lang='grc'><strong><em>⁸</em></strong></span> <span class='ocrx_word' id='word_1_299' title='bbox 3378 1267 3507 1331; x_wconf 89' lang='grc' dir='ltr'>Υἱός</span> <span class='ocrx_word' id='word_1_300' title='bbox 3556 1286 3657 1340; x_wconf 82' lang='grc' dir='ltr'><strong>μου</strong></span> <span class='ocrx_word' id='word_1_301' title='bbox 3699 1265 3753 1322; x_wconf 72' lang='grc' dir='ltr'>εἴ</span> 
     </span>
    </p>
   </div>
   <div class='ocr_carea' id='block_1_43' title="bbox 2168 1357 3747 1433">
    <p class='ocr_par' dir='ltr' id='par_1_43' title="bbox 2168 1357 3747 1433">
     <span class='ocr_line' id='line_1_43' title="bbox 2168 1357 3747 1433; baseline 0.003 -23"><span class='ocrx_word' id='word_1_302' title='bbox 2168 1360 2254 1423; x_wconf 77' lang='grc' dir='ltr'>σὺ,</span> <span class='ocrx_word' id='word_1_303' title='bbox 2290 1358 2401 1428; x_wconf 84' lang='grc' dir='ltr'>ἐγὼ</span> <span class='ocrx_word' id='word_1_304' title='bbox 2437 1360 2675 1429; x_wconf 79' lang='grc' dir='ltr'><strong>σήμερον</strong></span> <span class='ocrx_word' id='word_1_305' title='bbox 2715 1357 3021 1427; x_wconf 79' lang='grc' dir='ltr'><strong>γεγέννηκά</strong></span> <span class='ocrx_word' id='word_1_306' title='bbox 3051 1375 3131 1411; x_wconf 89' lang='grc' dir='ltr'><strong>σε.</strong></span> <span class='ocrx_word' id='word_1_307' title='bbox 3165 1357 3394 1430; x_wconf 77' lang='grc' dir='ltr'>Αἴτησαι</span> <span class='ocrx_word' id='word_1_308' title='bbox 3425 1361 3551 1432; x_wconf 85' lang='grc' dir='ltr'>παρ’</span> <span class='ocrx_word' id='word_1_309' title='bbox 3590 1360 3747 1433; x_wconf 85' lang='grc' dir='ltr'>ἐμοῦ,</span> 
     </span>
    </p>
   </div>
   <div class='ocr_carea' id='block_1_44' title="bbox 2166 1446 3746 1523">
    <p class='ocr_par' dir='ltr' id='par_1_44' title="bbox 2166 1446 3746 1523">
     <span class='ocr_line' id='line_1_44' title="bbox 2166 1446 3746 1523; baseline 0.003 -21"><span class='ocrx_word' id='word_1_310' title='bbox 2166 1450 2260 1502; x_wconf 65' lang='grc' dir='ltr'><strong>καλ⁵</strong></span> <span class='ocrx_word' id='word_1_311' title='bbox 2296 1447 2452 1502; x_wconf 85' lang='grc' dir='ltr'>δώσω</span> <span class='ocrx_word' id='word_1_312' title='bbox 2486 1465 2567 1501; x_wconf 89' lang='grc' dir='ltr'><strong>σοι</strong></span> <span class='ocrx_word' id='word_1_313' title='bbox 2616 1447 2743 1520; x_wconf 86' lang='grc' dir='ltr'>ἔθνη</span> <span class='ocrx_word' id='word_1_314' title='bbox 2785 1446 2882 1518; x_wconf 80' lang='grc' dir='ltr'>τὴν</span> <span class='ocrx_word' id='word_1_315' title='bbox 2927 1448 3289 1519; x_wconf 76' lang='grc' dir='ltr'>κληρονομίαν</span> <span class='ocrx_word' id='word_1_316' title='bbox 3324 1466 3454 1515; x_wconf 91' lang='grc' dir='ltr'>σου,</span> <span class='ocrx_word' id='word_1_317' title='bbox 3503 1451 3598 1505; x_wconf 77' lang='grc' dir='ltr'><strong>καὶ</strong></span> <span class='ocrx_word' id='word_1_318' title='bbox 3646 1451 3746 1523; x_wconf 78' lang='grc' dir='ltr'>τὴν</span> 
     </span>
    </p>
   </div>
   <div class='ocr_carea' id='block_1_45' title="bbox 2165 1538 3747 1613">
    <p class='ocr_par' dir='ltr' id='par_1_45' title="bbox 2165 1538 3747 1613">
     <span class='ocr_line' id='line_1_45' title="bbox 2165 1538 3747 1613; baseline 0.001 -20"><span class='ocrx_word' id='word_1_319' title='bbox 2165 1540 2490 1611; x_wconf 85' lang='grc' dir='ltr'>κατάσχεσίν</span> <span class='ocrx_word' id='word_1_320' title='bbox 2522 1556 2614 1593; x_wconf 86' lang='grc' dir='ltr'><strong>σου</strong></span> <span class='ocrx_word' id='word_1_321' title='bbox 2642 1538 2710 1593; x_wconf 83' lang='grc' dir='ltr'>τὰ</span> <span class='ocrx_word' id='word_1_322' title='bbox 2736 1539 2946 1613; x_wconf 88' lang='grc' dir='ltr'>πέρατα</span> <span class='ocrx_word' id='word_1_323' title='bbox 2976 1540 3073 1612; x_wconf 82' lang='grc' dir='ltr'>τῆς</span> <span class='ocrx_word' id='word_1_324' title='bbox 3093 1540 3217 1610; x_wconf 73' lang='grc' dir='ltr'>γῆς.</span> <span class='ocrx_word' id='word_1_325' title='bbox 3252 1558 3271 1591; x_wconf 74' lang='grc' dir='ltr'><strong>ι</strong></span> <span class='ocrx_word' id='word_1_326' title='bbox 3302 1540 3622 1610; x_wconf 74' lang='grc' dir='ltr'>Σαφέστατα</span> <span class='ocrx_word' id='word_1_327' title='bbox 3653 1543 3747 1596; x_wconf 75' lang='grc' dir='ltr'>καὶ</span> 
     </span>
    </p>
   </div>
   <div class='ocr_carea' id='block_1_46' title="bbox 2163 1631 3743 1704">
    <p class='ocr_par' dir='ltr' id='par_1_46' title="bbox 2163 1631 3743 1704">
     <span class='ocr_line' id='line_1_46' title="bbox 2163 1631 3743 1704; baseline 0.001 -19"><span class='ocrx_word' id='word_1_328' title='bbox 2163 1632 2253 1685; x_wconf 78' lang='grc' dir='ltr'><strong>διὰ</strong></span> <span class='ocrx_word' id='word_1_329' title='bbox 2287 1632 2493 1686; x_wconf 78' lang='grc' dir='ltr'>τούτων</span> <span class='ocrx_word' id='word_1_330' title='bbox 2533 1631 2595 1685; x_wconf 84' lang='grc' dir='ltr'>τὸ</span> <span class='ocrx_word' id='word_1_331' title='bbox 2637 1631 2778 1685; x_wconf 84' lang='grc' dir='ltr'>θεῖον</span> <span class='ocrx_word' id='word_1_332' title='bbox 2809 1631 3032 1702; x_wconf 87' lang='grc' dir='ltr'>Πνεῦμα</span> <span class='ocrx_word' id='word_1_333' title='bbox 3061 1631 3151 1685; x_wconf 80' lang='grc' dir='ltr'>τὸν</span> <span class='ocrx_word' id='word_1_334' title='bbox 3183 1632 3418 1702; x_wconf 84' lang='grc' dir='ltr'>Χριστὸν</span> <span class='ocrx_word' id='word_1_335' title='bbox 3451 1634 3743 1704; x_wconf 78' lang='grc' dir='ltr'>ἀναφωνετ,</span> 
     </span>
    </p>
   </div>
   <div class='ocr_carea' id='block_1_47' title="bbox 2166 1719 3749 1797">
    <p class='ocr_par' dir='ltr' id='par_1_47' title="bbox 2166 1719 3749 1797">
     <span class='ocr_line' id='line_1_47' title="bbox 2166 1719 3749 1797; baseline 0.001 -20"><span class='ocrx_word' id='word_1_336' title='bbox 2166 1724 2293 1777; x_wconf 84' lang='grc' dir='ltr'>Υίόν</span> <span class='ocrx_word' id='word_1_337' title='bbox 2331 1741 2391 1777; x_wconf 85' lang='grc' dir='ltr'><strong>τε</strong></span> <span class='ocrx_word' id='word_1_338' title='bbox 2428 1723 2587 1777; x_wconf 76' lang='grc' dir='ltr'>αὑτὸν</span> <span class='ocrx_word' id='word_1_339' title='bbox 2607 1723 2873 1777; x_wconf 83' lang='grc' dir='ltr'><strong>ἀποκαλεῖ</strong></span> <span class='ocrx_word' id='word_1_340' title='bbox 2910 1719 3005 1775; x_wconf 87' lang='grc' dir='ltr'><strong>τοῦ</strong></span> <span class='ocrx_word' id='word_1_341' title='bbox 3042 1722 3177 1776; x_wconf 83' lang='grc' dir='ltr'>Θεοῦ</span> <span class='ocrx_word' id='word_1_342' title='bbox 3218 1720 3360 1777; x_wconf 84' lang='grc' dir='ltr'><strong>κατά</strong></span> <span class='ocrx_word' id='word_1_343' title='bbox 3399 1724 3468 1777; x_wconf 74' lang='grc' dir='ltr'><strong>τά</strong></span> <span class='ocrx_word' id='word_1_344' title='bbox 3515 1741 3749 1797; x_wconf 87' lang='grc' dir='ltr'>προηγο-</span> 
     </span>
    </p>
   </div>
   <div class='ocr_carea' id='block_1_48' title="bbox 2164 1813 3745 1886">
    <p class='ocr_par' dir='ltr' id='par_1_48' title="bbox 2164 1813 3745 1886">
     <span class='ocr_line' id='line_1_48' title="bbox 2164 1813 3745 1886; baseline 0.001 -18"><span class='ocrx_word' id='word_1_345' title='bbox 2164 1815 2425 1886; x_wconf 83' lang='grc' dir='ltr'>ρευμένα,</span> <span class='ocrx_word' id='word_1_346' title='bbox 2460 1814 2594 1886; x_wconf 86' lang='grc' dir='ltr'>ὁμοῦ</span> <span class='ocrx_word' id='word_1_347' title='bbox 2626 1815 2721 1867; x_wconf 72' lang='grc' dir='ltr'>καὶ</span> <span class='ocrx_word' id='word_1_348' title='bbox 2755 1813 3047 1884; x_wconf 75' lang='grc' dir='ltr'>ἐπιϐουλήν</span> <span class='ocrx_word' id='word_1_349' title='bbox 3090 1830 3213 1866; x_wconf 87' lang='grc' dir='ltr'>τινα</span> <span class='ocrx_word' id='word_1_350' title='bbox 3246 1813 3464 1869; x_wconf 82' lang='grc' dir='ltr'>ἔσεσθαι</span> <span class='ocrx_word' id='word_1_351' title='bbox 3500 1815 3621 1869; x_wconf 83' lang='grc' dir='ltr'>κατ’</span> <span class='ocrx_word' id='word_1_352' title='bbox 3650 1816 3745 1869; x_wconf 78' lang='grc' dir='ltr'><strong>αὑ-</strong></span> 
     </span>
    </p>
   </div>
   <div class='ocr_carea' id='block_1_49' title="bbox 2162 1904 3747 1979">
    <p class='ocr_par' dir='ltr' id='par_1_49' title="bbox 2162 1904 3747 1979">
     <span class='ocr_line' id='line_1_49' title="bbox 2162 1904 3747 1979; baseline -0.001 -16"><span class='ocrx_word' id='word_1_353' title='bbox 2162 1907 2255 1963; x_wconf 89' lang='grc' dir='ltr'><strong>τοῦ</strong></span> <span class='ocrx_word' id='word_1_354' title='bbox 2300 1908 2577 1979; x_wconf 83' lang='grc' dir='ltr'>σημαίνει,</span> <span class='ocrx_word' id='word_1_355' title='bbox 2621 1907 2715 1960; x_wconf 61' lang='grc' dir='ltr'><strong>καλ⁵</strong></span> <span class='ocrx_word' id='word_1_356' title='bbox 2741 1905 2850 1959; x_wconf 88' lang='grc' dir='ltr'><strong>τῶν</strong></span> <span class='ocrx_word' id='word_1_357' title='bbox 2890 1904 3059 1959; x_wconf 87' lang='grc' dir='ltr'>ἐθνῶν</span> <span class='ocrx_word' id='word_1_358' title='bbox 3099 1905 3196 1976; x_wconf 80' lang='grc' dir='ltr'>τὴν</span> <span class='ocrx_word' id='word_1_359' title='bbox 3227 1906 3296 1959; x_wconf 86' lang='grc' dir='ltr'>δι’</span> <span class='ocrx_word' id='word_1_360' title='bbox 3330 1905 3494 1959; x_wconf 77' lang='grc' dir='ltr'>αὐτοῦ</span> <span class='ocrx_word' id='word_1_361' title='bbox 3527 1907 3747 1979; x_wconf 69' lang='grc' dir='ltr'>γενομέα</span> 
     </span>
    </p>
   </div>
   <div class='ocr_carea' id='block_1_50' title="bbox 2162 1994 3750 2071">
    <p class='ocr_par' dir='ltr' id='par_1_50' title="bbox 2162 1994 3750 2071">
     <span class='ocr_line' id='line_1_50' title="bbox 2162 1994 3750 2071; baseline -0.002 -17"><span class='ocrx_word' id='word_1_362' title='bbox 2162 2017 2259 2071; x_wconf 88' lang='grc' dir='ltr'><strong>νην</strong></span> <span class='ocrx_word' id='word_1_363' title='bbox 2300 1999 2491 2071; x_wconf 78' lang='grc' dir='ltr'>κλῆσιν</span> <span class='ocrx_word' id='word_1_364' title='bbox 2551 1997 2956 2070; x_wconf 83' lang='grc' dir='ltr'>προκηρύττει·</span> <span class='ocrx_word' id='word_1_365' title='bbox 3011 1997 3154 2069; x_wconf 83' lang='grc' dir='ltr'>ἆπερ</span> <span class='ocrx_word' id='word_1_366' title='bbox 3206 1994 3504 2069; x_wconf 64' lang='grc' dir='ltr'>διαρρήδην</span> <span class='ocrx_word' id='word_1_367' title='bbox 3563 1999 3750 2063; x_wconf 80' lang='grc' dir='ltr'>αὐτοῖς·</span> 
     </span>
    </p>
   </div>
   <div class='ocr_carea' id='block_1_51' title="bbox 2160 2087 3739 2164">
    <p class='ocr_par' dir='ltr' id='par_1_51' title="bbox 2160 2087 3739 2164">
     <span class='ocr_line' id='line_1_51' title="bbox 2160 2087 3739 2164; baseline -0.001 -20"><span class='ocrx_word' id='word_1_368' title='bbox 2160 2091 2343 2164; x_wconf 83' lang='grc' dir='ltr'>ἔργοις</span> <span class='ocrx_word' id='word_1_369' title='bbox 2375 2092 2467 2145; x_wconf 75' lang='grc' dir='ltr'>ἐπὶ</span> <span class='ocrx_word' id='word_1_370' title='bbox 2494 2089 2588 2143; x_wconf 88' lang='grc' dir='ltr'><strong>τοῦ</strong></span> <span class='ocrx_word' id='word_1_371' title='bbox 2616 2090 2871 2161; x_wconf 83' lang='grc' dir='ltr'><strong>Σωτῆρος</strong></span> <span class='ocrx_word' id='word_1_372' title='bbox 2903 2090 3060 2160; x_wconf 84' lang='grc' dir='ltr'>ἡμῶν</span> <span class='ocrx_word' id='word_1_373' title='bbox 3103 2087 3275 2160; x_wconf 81' lang='grc' dir='ltr'>Ἰησοῦ</span> <span class='ocrx_word' id='word_1_374' title='bbox 3299 2088 3534 2159; x_wconf 81' lang='grc' dir='ltr'>Χριστοῦ</span> <span class='ocrx_word' id='word_1_375' title='bbox 3563 2092 3596 2160; x_wconf 86' lang='grc' dir='ltr'><strong>ή</strong></span> <span class='ocrx_word' id='word_1_376' title='bbox 3631 2090 3739 2143; x_wconf 87' lang='grc' dir='ltr'><strong>τῶν</strong></span> 
     </span>
    </p>
   </div>
   <div class='ocr_carea' id='block_1_52' title="bbox 2161 2179 3733 2257">
    <p class='ocr_par' dir='ltr' id='par_1_52' title="bbox 2161 2179 3733 2257">
     <span class='ocr_line' id='line_1_52' title="bbox 2161 2179 3733 2257; baseline -0.001 -20"><span class='ocrx_word' id='word_1_377' title='bbox 2161 2186 2503 2257; x_wconf 82' lang='grc' dir='ltr'>πραγμάτων</span> <span class='ocrx_word' id='word_1_378' title='bbox 2534 2181 2808 2247; x_wconf 76' lang='grc' dir='ltr'>ἐπέδειξεν</span> <span class='ocrx_word' id='word_1_379' title='bbox 2840 2180 3087 2246; x_wconf 75' lang='grc' dir='ltr'>ἔκϐασις.</span> <span class='ocrx_word' id='word_1_380' title='bbox 3123 2179 3300 2235; x_wconf 80' lang='grc' dir='ltr'>Είσέτι</span> <span class='ocrx_word' id='word_1_381' title='bbox 3332 2180 3441 2249; x_wconf 77' lang='grc' dir='ltr'>γὰρ</span> <span class='ocrx_word' id='word_1_382' title='bbox 3481 2181 3573 2234; x_wconf 86' lang='grc' dir='ltr'><strong>νῦν</strong></span> <span class='ocrx_word' id='word_1_383' title='bbox 3608 2181 3733 2253; x_wconf 82' lang='grc' dir='ltr'>ἔθνη</span> 
     </span>
    </p>
   </div>
   <div class='ocr_carea' id='block_1_53' title="bbox 2160 2269 3737 2344">
    <p class='ocr_par' dir='ltr' id='par_1_53' title="bbox 2160 2269 3737 2344">
     <span class='ocr_line' id='line_1_53' title="bbox 2160 2269 3737 2344; baseline -0.001 -16"><span class='ocrx_word' id='word_1_384' title='bbox 2160 2275 2254 2328; x_wconf 72' lang='grc' dir='ltr'>καὶ</span> <span class='ocrx_word' id='word_1_385' title='bbox 2272 2273 2656 2344; x_wconf 75' lang='grc' dir='ltr'>λαοὶ,βασιλεῖς</span> <span class='ocrx_word' id='word_1_386' title='bbox 2666 2290 2726 2325; x_wconf 90' lang='grc' dir='ltr'><strong>τε</strong></span> <span class='ocrx_word' id='word_1_387' title='bbox 2744 2273 2837 2327; x_wconf 74' lang='grc' dir='ltr'>καὶ</span> <span class='ocrx_word' id='word_1_388' title='bbox 2852 2272 3191 2344; x_wconf 80' lang='grc' dir='ltr'>ἄρχοντες,οὐ</span> <span class='ocrx_word' id='word_1_389' title='bbox 3205 2269 3464 2323; x_wconf 77' lang='grc' dir='ltr'>παύονται</span> <span class='ocrx_word' id='word_1_390' title='bbox 3483 2271 3579 2342; x_wconf 84' lang='grc' dir='ltr'>τῆς</span> <span class='ocrx_word' id='word_1_391' title='bbox 3595 2272 3737 2326; x_wconf 84' lang='grc' dir='ltr'>κατά</span> 
     </span>
    </p>
   </div>
   <div class='ocr_carea' id='block_1_54' title="bbox 2158 2361 3737 2435">
    <p class='ocr_par' dir='ltr' id='par_1_54' title="bbox 2158 2361 3737 2435">
     <span class='ocr_line' id='line_1_54' title="bbox 2158 2361 3737 2435; baseline -0.003 -15"><span class='ocrx_word' id='word_1_392' title='bbox 2158 2384 2217 2420; x_wconf 83' lang='grc' dir='ltr'><strong>τε</strong></span> <span class='ocrx_word' id='word_1_393' title='bbox 2236 2364 2400 2419; x_wconf 75' lang='grc' dir='ltr'>αὑτοῦ</span> <span class='ocrx_word' id='word_1_394' title='bbox 2419 2365 2625 2435; x_wconf 77' lang='grc' dir='ltr'>καὶτῆς</span> <span class='ocrx_word' id='word_1_395' title='bbox 2639 2362 2991 2427; x_wconf 77' lang='grc' dir='ltr'>διδασκαλίας</span> <span class='ocrx_word' id='word_1_396' title='bbox 3009 2362 3172 2417; x_wconf 74' lang='grc' dir='ltr'>αὑτοῦ</span> <span class='ocrx_word' id='word_1_397' title='bbox 3190 2361 3479 2432; x_wconf 78' lang='grc' dir='ltr'>συσκευῆς.</span> <span class='ocrx_word' id='word_1_398' title='bbox 3498 2362 3561 2415; x_wconf 81' lang='lat' dir='ltr'><strong>Ei</strong></span> <span class='ocrx_word' id='word_1_399' title='bbox 3577 2363 3620 2416; x_wconf 80' lang='grc' dir='ltr'>δ’</span> <span class='ocrx_word' id='word_1_400' title='bbox 3644 2364 3737 2416; x_wconf 80' lang='grc' dir='ltr'>ἐπὶ</span> 
     </span>
    </p>
   </div>
   <div class='ocr_carea' id='block_1_55' title="bbox 2161 2452 3738 2527">
    <p class='ocr_par' dir='ltr' id='par_1_55' title="bbox 2161 2452 3738 2527">
     <span class='ocr_line' id='line_1_55' title="bbox 2161 2452 3738 2527; baseline -0.001 -21"><span class='ocrx_word' id='word_1_401' title='bbox 2161 2455 2422 2527; x_wconf 80' lang='grc' dir='ltr'>μέλλοντα</span> <span class='ocrx_word' id='word_1_402' title='bbox 2450 2454 2638 2526; x_wconf 87' lang='grc' dir='ltr'>χρόνον</span> <span class='ocrx_word' id='word_1_403' title='bbox 2674 2452 2998 2525; x_wconf 76' lang='grc' dir='ltr'>ἁναφέροιεν</span> <span class='ocrx_word' id='word_1_404' title='bbox 3028 2453 3201 2506; x_wconf 85' lang='grc' dir='ltr'>ταῦτα</span> <span class='ocrx_word' id='word_1_405' title='bbox 3227 2454 3276 2505; x_wconf 77' lang='grc' dir='ltr'>οἱ</span> <span class='ocrx_word' id='word_1_406' title='bbox 3315 2454 3379 2505; x_wconf 63' lang='grc' dir='ltr'><strong>ἐκ</strong></span> <span class='ocrx_word' id='word_1_407' title='bbox 3411 2454 3738 2524; x_wconf 83' lang='grc' dir='ltr'>περιτομῆς,</span> 
     </span>
    </p>
   </div>
   <div class='ocr_carea' id='block_1_56' title="bbox 2156 2544 3743 2621">
    <p class='ocr_par' dir='ltr' id='par_1_56' title="bbox 2156 2544 3743 2621">
     <span class='ocr_line' id='line_1_56' title="bbox 2156 2544 3743 2621; baseline -0.003 -19"><span class='ocrx_word' id='word_1_408' title='bbox 2156 2548 2274 2621; x_wconf 79' lang='grc' dir='ltr'>ὥρα</span> <span class='ocrx_word' id='word_1_409' title='bbox 2298 2548 2388 2600; x_wconf 82' lang='grc' dir='ltr'>τὸν</span> <span class='ocrx_word' id='word_1_410' title='bbox 2413 2545 2862 2618; x_wconf 81' lang='grc' dir='ltr'>προσδοκώμενον</span> <span class='ocrx_word' id='word_1_411' title='bbox 2889 2546 3073 2610; x_wconf 84' lang='grc' dir='ltr'>αὐτοῖς</span> <span class='ocrx_word' id='word_1_412' title='bbox 3094 2545 3329 2617; x_wconf 81' lang='grc' dir='ltr'>Χριστὸν</span> <span class='ocrx_word' id='word_1_413' title='bbox 3354 2544 3743 2618; x_wconf 75' lang='grc' dir='ltr'>ἐπιδουλευθή-</span> 
     </span>
    </p>
   </div>
   <div class='ocr_carea' id='block_1_57' title="bbox 2159 2634 3739 2710">
    <p class='ocr_par' dir='ltr' id='par_1_57' title="bbox 2159 2634 3739 2710">
     <span class='ocr_line' id='line_1_57' title="bbox 2159 2634 3739 2710; baseline -0.001 -19"><span class='ocrx_word' id='word_1_414' title='bbox 2159 2638 2346 2692; x_wconf 85' lang='grc' dir='ltr'>σεσθαι</span> <span class='ocrx_word' id='word_1_415' title='bbox 2363 2634 2518 2702; x_wconf 81' lang='grc' dir='ltr'>αὖθις</span> <span class='ocrx_word' id='word_1_416' title='bbox 2533 2637 2837 2710; x_wconf 82' lang='grc' dir='ltr'>ὁμολογεῖν,</span> <span class='ocrx_word' id='word_1_417' title='bbox 2858 2638 3000 2692; x_wconf 86' lang='grc' dir='ltr'><strong>κατά</strong></span> <span class='ocrx_word' id='word_1_418' title='bbox 3014 2636 3074 2692; x_wconf 79' lang='grc' dir='ltr'>τὸ</span> <span class='ocrx_word' id='word_1_419' title='bbox 3090 2636 3263 2708; x_wconf 81' lang='grc' dir='ltr'>παρὸν</span> <span class='ocrx_word' id='word_1_420' title='bbox 3280 2634 3481 2705; x_wconf 88' lang='grc' dir='ltr'>λόγιον,</span> <span class='ocrx_word' id='word_1_421' title='bbox 3509 2636 3739 2705; x_wconf 73' lang='grc' dir='ltr'>φάσκοψ</span> 
     </span>
    </p>
   </div>
   <div class='ocr_carea' id='block_1_58' title="bbox 2162 2729 3741 2804">
    <p class='ocr_par' dir='ltr' id='par_1_58' title="bbox 2162 2729 3741 2804">
     <span class='ocr_line' id='line_1_58' title="bbox 2162 2729 3741 2804; baseline -0.003 -19"><span class='ocrx_word' id='word_1_422' title='bbox 2162 2752 2180 2784; x_wconf 80' lang='grc' dir='ltr'><strong>ι</strong></span> <span class='ocrx_word' id='word_1_423' title='bbox 2210 2733 2565 2804; x_wconf 88' lang='grc' dir='ltr'>Παρέστησαν</span> <span class='ocrx_word' id='word_1_424' title='bbox 2595 2734 2645 2784; x_wconf 85' lang='grc' dir='ltr'><strong>οί</strong></span> <span class='ocrx_word' id='word_1_425' title='bbox 2678 2731 2917 2802; x_wconf 78' lang='grc' dir='ltr'>βασιλεῖς</span> <span class='ocrx_word' id='word_1_426' title='bbox 2958 2729 3060 2801; x_wconf 80' lang='grc' dir='ltr'>τῆς</span> <span class='ocrx_word' id='word_1_427' title='bbox 3108 2729 3234 2799; x_wconf 82' lang='grc' dir='ltr'>γῆς,</span> <span class='ocrx_word' id='word_1_428' title='bbox 3261 2730 3355 2781; x_wconf 78' lang='grc' dir='ltr'><strong>καὶ</strong></span> <span class='ocrx_word' id='word_1_429' title='bbox 3388 2730 3437 2780; x_wconf 86' lang='grc' dir='ltr'><strong>οί</strong></span> <span class='ocrx_word' id='word_1_430' title='bbox 3479 2729 3741 2800; x_wconf 76' lang='grc' dir='ltr'>ἄρχοντες</span> 
     </span>
    </p>
   </div>
   <div class='ocr_carea' id='block_1_59' title="bbox 2158 2820 3740 2898">
    <p class='ocr_par' dir='ltr' id='par_1_59' title="bbox 2158 2820 3740 2898">
     <span class='ocr_line' id='line_1_59' title="bbox 2158 2820 3740 2898; baseline -0.003 -19"><span class='ocrx_word' id='word_1_431' title='bbox 2158 2822 2502 2898; x_wconf 81' lang='grc' dir='ltr'>συνήχθησαν</span> <span class='ocrx_word' id='word_1_432' title='bbox 2534 2825 2626 2878; x_wconf 75' lang='grc' dir='ltr'>ἐπὶ</span> <span class='ocrx_word' id='word_1_433' title='bbox 2659 2824 2721 2878; x_wconf 81' lang='grc' dir='ltr'>τὸ</span> <span class='ocrx_word' id='word_1_434' title='bbox 2765 2825 2895 2877; x_wconf 74' lang='grc' dir='ltr'>αὐτὸ</span> <span class='ocrx_word' id='word_1_435' title='bbox 2926 2821 3067 2877; x_wconf 84' lang='grc' dir='ltr'><strong>κατά</strong></span> <span class='ocrx_word' id='word_1_436' title='bbox 3099 2821 3194 2875; x_wconf 88' lang='grc' dir='ltr'><strong>τοῦ</strong></span> <span class='ocrx_word' id='word_1_437' title='bbox 3223 2820 3427 2893; x_wconf 81' lang='grc' dir='ltr'>Κυρίου</span> <span class='ocrx_word' id='word_1_438' title='bbox 3473 2821 3566 2875; x_wconf 75' lang='grc' dir='ltr'><strong>καὶ</strong></span> <span class='ocrx_word' id='word_1_439' title='bbox 3596 2820 3740 2875; x_wconf 83' lang='grc' dir='ltr'>κατὰ</span> 
     </span>
    </p>
   </div>
   <div class='ocr_carea' id='block_1_60' title="bbox 2165 2913 3739 2989">
    <p class='ocr_par' dir='ltr' id='par_1_60' title="bbox 2165 2913 3739 2989">
     <span class='ocr_line' id='line_1_60' title="bbox 2165 2913 3739 2989; baseline -0.002 -18"><span class='ocrx_word' id='word_1_440' title='bbox 2165 2917 2261 2971; x_wconf 84' lang='grc' dir='ltr'><strong>τοῦ</strong></span> <span class='ocrx_word' id='word_1_441' title='bbox 2299 2917 2537 2989; x_wconf 83' lang='grc' dir='ltr'>Χριστοῦ</span> <span class='ocrx_word' id='word_1_442' title='bbox 2569 2916 2733 2971; x_wconf 79' lang='grc' dir='ltr'>αὑτοῦ</span> <span class='ocrx_word' id='word_1_443' title='bbox 2770 2934 2782 2946; x_wconf 89' lang='grc'><strong>·</strong></span> <span class='ocrx_word' id='word_1_444' title='bbox 2822 2935 2839 2968; x_wconf 74' lang='grc' dir='ltr'><strong>ι</strong></span> <span class='ocrx_word' id='word_1_445' title='bbox 2871 2916 3007 2989; x_wconf 81' lang='grc' dir='ltr'>ὅπερ</span> <span class='ocrx_word' id='word_1_446' title='bbox 3039 2914 3139 2970; x_wconf 76' lang='grc' dir='ltr'>οὐκ</span> <span class='ocrx_word' id='word_1_447' title='bbox 3183 2914 3249 2969; x_wconf 79' lang='grc' dir='ltr'>ἂν</span> <span class='ocrx_word' id='word_1_448' title='bbox 3281 2915 3442 2983; x_wconf 82' lang='grc' dir='ltr'>δοῖεν,</span> <span class='ocrx_word' id='word_1_449' title='bbox 3469 2913 3739 2988; x_wconf 80' lang='grc' dir='ltr'>δυνάστην</span> 
     </span>
    </p>
   </div>
   <div class='ocr_carea' id='block_1_61' title="bbox 2155 3008 3736 3083">
    <p class='ocr_par' dir='ltr' id='par_1_61' title="bbox 2155 3008 3736 3083">
     <span class='ocr_line' id='line_1_61' title="bbox 2155 3008 3736 3083; baseline -0.003 -17"><span class='ocrx_word' id='word_1_450' title='bbox 2155 3012 2278 3066; x_wconf 85' lang='grc' dir='ltr'>τινὰ</span> <span class='ocrx_word' id='word_1_451' title='bbox 2315 3012 2489 3083; x_wconf 84' lang='grc' dir='ltr'>μέγαν</span> <span class='ocrx_word' id='word_1_452' title='bbox 2531 3011 2627 3064; x_wconf 62' lang='grc' dir='ltr'><strong>καὶ¹</strong></span> <span class='ocrx_word' id='word_1_453' title='bbox 2657 3010 2882 3081; x_wconf 81' lang='grc' dir='ltr'>βασιλέα</span> <span class='ocrx_word' id='word_1_454' title='bbox 2914 3008 3130 3064; x_wconf 71' lang='grc' dir='ltr'>αἰώνιον</span> <span class='ocrx_word' id='word_1_455' title='bbox 3164 3009 3260 3063; x_wconf 72' lang='grc' dir='ltr'>καὶ</span> <span class='ocrx_word' id='word_1_456' title='bbox 3292 3009 3572 3081; x_wconf 81' lang='grc' dir='ltr'>λυτρωτὴν</span> <span class='ocrx_word' id='word_1_457' title='bbox 3606 3011 3736 3063; x_wconf 86' lang='grc' dir='ltr'>ἐαυ-</span> 
     </span>
    </p>
   </div>
   <div class='ocr_carea' id='block_1_62' title="bbox 2154 3099 3737 3173">
    <p class='ocr_par' dir='ltr' id='par_1_62' title="bbox 2154 3099 3737 3173">
     <span class='ocr_line' id='line_1_62' title="bbox 2154 3099 3737 3173; baseline -0.003 -16"><span class='ocrx_word' id='word_1_458' title='bbox 2154 3104 2263 3157; x_wconf 87' lang='grc' dir='ltr'><strong>τῶν</strong></span> <span class='ocrx_word' id='word_1_459' title='bbox 2313 3103 2533 3158; x_wconf 85' lang='grc' dir='ltr'>ἔσεσθαι</span> <span class='ocrx_word' id='word_1_460' title='bbox 2578 3103 2667 3157; x_wconf 85' lang='grc' dir='ltr'>τὸν</span> <span class='ocrx_word' id='word_1_461' title='bbox 2721 3102 2919 3173; x_wconf 70' lang='grc' dir='ltr'>ἥξοντα</span> <span class='ocrx_word' id='word_1_462' title='bbox 2956 3099 3188 3173; x_wconf 71' lang='grc' dir='ltr'>Χριστὸν</span> <span class='ocrx_word' id='word_1_463' title='bbox 3221 3099 3643 3172; x_wconf 84' lang='grc' dir='ltr'>προσδοκῶντες.</span> <span class='ocrx_word' id='word_1_464' title='bbox 3674 3100 3737 3152; x_wconf 68' lang='lat' dir='ltr'><strong>Et</strong></span> 
     </span>
    </p>
   </div>
   <div class='ocr_carea' id='block_1_63' title="bbox 470 3173 2051 3269">
    <p class='ocr_par' dir='ltr' id='par_1_63' title="bbox 470 3173 2047 3255">
     <span class='ocr_line' id='line_1_63' title="bbox 470 3173 2047 3255; baseline 0.011 -32"><span class='ocrx_word' id='word_1_465' title='bbox 470 3185 580 3240; x_wconf 90' lang='lat' dir='ltr'><strong>que</strong></span> <span class='ocrx_word' id='word_1_466' title='bbox 625 3179 914 3240; x_wconf 67' lang='lat' dir='ltr'><strong>aeternum,</strong></span> <span class='ocrx_word' id='word_1_467' title='bbox 966 3173 1493 3251; x_wconf 79' lang='lat' dir='ltr'><strong>Redemptoremque</strong></span> <span class='ocrx_word' id='word_1_468' title='bbox 1553 3197 1716 3238; x_wconf 92' lang='lat' dir='ltr'><strong>suum</strong></span> <span class='ocrx_word' id='word_1_469' title='bbox 1756 3184 1873 3241; x_wconf 90' lang='lat' dir='ltr'><strong>fore</strong></span> <span class='ocrx_word' id='word_1_470' title='bbox 1900 3202 2047 3255; x_wconf 88' lang='lat' dir='ltr'><strong>eum,</strong></span> 
     </span>
    </p>
   </div>
   <div class='ocr_carea' id='block_1_64' title="bbox 2156 3173 3759 3269">
    <p class='ocr_par' dir='ltr' id='par_1_64' title="bbox 2156 3189 3759 3269">
     <span class='ocr_line' id='line_1_64' title="bbox 2156 3189 3759 3269; baseline -0.004 -19"><span class='ocrx_word' id='word_1_471' title='bbox 2156 3196 2263 3268; x_wconf 81' lang='grc' dir='ltr'>γὰρ</span> <span class='ocrx_word' id='word_1_472' title='bbox 2291 3196 2355 3269; x_wconf 83' lang='grc' dir='ltr'>δὴ</span> <span class='ocrx_word' id='word_1_473' title='bbox 2386 3199 2636 3257; x_wconf 82' lang='grc' dir='ltr'>κάκεῖνος</span> <span class='ocrx_word' id='word_1_474' title='bbox 2668 3194 2836 3249; x_wconf 84' lang='grc' dir='ltr'>ἐλθὼν</span> <span class='ocrx_word' id='word_1_475' title='bbox 2864 3195 2932 3248; x_wconf 79' lang='grc' dir='ltr'>τὰ</span> <span class='ocrx_word' id='word_1_476' title='bbox 2961 3195 3120 3265; x_wconf 82' lang='grc' dir='ltr'>ὅμοια</span> <span class='ocrx_word' id='word_1_477' title='bbox 3154 3191 3314 3247; x_wconf 80' lang='grc' dir='ltr'>πάθοι</span> <span class='ocrx_word' id='word_1_478' title='bbox 3334 3191 3413 3263; x_wconf 83' lang='grc' dir='ltr'><strong>τῷ</strong></span> <span class='ocrx_word' id='word_1_479' title='bbox 3439 3189 3759 3263; x_wconf 85' lang='grc' dir='ltr'>ἐληλυθότι,“</span> 
     </span>
    </p>
   </div>
   <div class='ocr_carea' id='block_1_65' title="bbox 469 3262 2051 3361">
    <p class='ocr_par' dir='ltr' id='par_1_65' title="bbox 469 3262 2051 3344">
     <span class='ocr_line' id='line_1_65' title="bbox 469 3262 2051 3344; baseline 0.011 -29"><span class='ocrx_word' id='word_1_480' title='bbox 469 3262 566 3332; x_wconf 78' lang='lat' dir='ltr'><strong>qui</strong></span> <span class='ocrx_word' id='word_1_481' title='bbox 611 3272 879 3322; x_wconf 81' lang='lat' dir='ltr'><strong>venturus</strong></span> <span class='ocrx_word' id='word_1_482' title='bbox 909 3268 1001 3333; x_wconf 88' lang='lat' dir='ltr'><strong>sit,</strong></span> <span class='ocrx_word' id='word_1_483' title='bbox 1033 3268 1311 3327; x_wconf 87' lang='lat' dir='ltr'><strong>Christum</strong></span> <span class='ocrx_word' id='word_1_484' title='bbox 1340 3283 1656 3344; x_wconf 82' lang='lat' dir='ltr'><strong>exspectent</strong></span> <span class='ocrx_word' id='word_1_485' title='bbox 1689 3296 1703 3331; x_wconf 91' lang='lat'><strong>:</strong></span> <span class='ocrx_word' id='word_1_486' title='bbox 1737 3292 1864 3332; x_wconf 84' lang='lat' dir='ltr'><strong>nam</strong></span> <span class='ocrx_word' id='word_1_487' title='bbox 1913 3279 1961 3333; x_wconf 89' lang='lat' dir='ltr'><strong>si</strong></span> <span class='ocrx_word' id='word_1_488' title='bbox 1998 3287 2051 3335; x_wconf 88' lang='lat' dir='ltr'><strong>et</strong></span> 
     </span>
    </p>
   </div>
   <div class='ocr_carea' id='block_1_66' title="bbox 2156 3262 3740 3361">
    <p class='ocr_par' dir='ltr' id='par_1_66' title="bbox 2158 3262 3740 3361">
     <span class='ocr_line' id='line_1_66' title="bbox 2158 3262 3740 3361; baseline -0.005 -18"><span class='ocrx_word' id='word_1_489' title='bbox 2158 3262 2253 3346; x_wconf 58' lang='lat' dir='ltr'><strong>acui.</strong></span> <span class='ocrx_word' id='word_1_490' title='bbox 2280 3262 2444 3361; x_wconf 38' lang='lat' dir='ltr'><strong>“cf-pi]</strong></span> <span class='ocrx_word' id='word_1_491' title='bbox 2478 3288 2677 3360; x_wconf 79' lang='grc' dir='ltr'>μᾶλλον</span> <span class='ocrx_word' id='word_1_492' title='bbox 2707 3287 2902 3358; x_wconf 83' lang='grc' dir='ltr'>ἐκείνῳ</span> <span class='ocrx_word' id='word_1_493' title='bbox 2931 3288 2965 3358; x_wconf 84' lang='grc' dir='ltr'>ἢ</span> <span class='ocrx_word' id='word_1_494' title='bbox 2996 3262 3175 3357; x_wconf 69' lang='grc' dir='ltr'>τούτῳ</span> <span class='ocrx_word' id='word_1_495' title='bbox 3208 3262 3529 3339; x_wconf 82' lang='grc' dir='ltr'>πιστευτέον</span> <span class='ocrx_word' id='word_1_496' title='bbox 3550 3283 3585 3354; x_wconf 76' lang='grc' dir='ltr'>ἦ</span> <span class='ocrx_word' id='word_1_497' title='bbox 3614 3284 3740 3336; x_wconf 87' lang='grc' dir='ltr'>ἀπι-</span> 
     </span>
    </p>
   </div>
   <div class='ocr_carea' id='block_1_67' title="bbox 469 3355 2051 3451">
    <p class='ocr_par' dir='ltr' id='par_1_67' title="bbox 469 3355 2051 3443">
     <span class='ocr_line' id='line_1_67' title="bbox 469 3355 2051 3443; baseline 0.014 -34"><span class='ocrx_word' id='word_1_498' title='bbox 469 3355 564 3411; x_wconf 78' lang='lat' dir='ltr'><strong>ille</strong></span> <span class='ocrx_word' id='word_1_499' title='bbox 602 3371 729 3411; x_wconf 81' lang='lat' dir='ltr'><strong>eum</strong></span> <span class='ocrx_word' id='word_1_500' title='bbox 757 3360 968 3415; x_wconf 79' lang='lat' dir='ltr'><strong>venerit</strong></span> <span class='ocrx_word' id='word_1_501' title='bbox 1011 3362 1200 3419; x_wconf 88' lang='lat' dir='ltr'><strong>eadem</strong></span> <span class='ocrx_word' id='word_1_502' title='bbox 1245 3366 1487 3436; x_wconf 88' lang='lat' dir='ltr'><strong>patiatur</strong></span> <span class='ocrx_word' id='word_1_503' title='bbox 1530 3385 1653 3440; x_wconf 68' lang='lat' dir='ltr'><strong>qua:</strong></span> <span class='ocrx_word' id='word_1_504' title='bbox 1693 3370 1808 3441; x_wconf 88' lang='lat' dir='ltr'><strong>jam</strong></span> <span class='ocrx_word' id='word_1_505' title='bbox 1854 3387 2051 3443; x_wconf 86' lang='lat' dir='ltr'><strong>passus</strong></span> 
     </span>
    </p>
   </div>
   <div class='ocr_carea' id='block_1_68' title="bbox 2156 3355 3737 3451">
    <p class='ocr_par' dir='ltr' id='par_1_68' title="bbox 2158 3355 3737 3451">
     <span class='ocr_line' id='line_1_68' title="bbox 2158 3355 3737 3451; baseline -0.004 -17"><span class='ocrx_word' id='word_1_506' title='bbox 2158 3355 2514 3451; x_wconf 43' lang='grc' dir='ltr'>πητέοιίίὲίί</span> <span class='ocrx_word' id='word_1_507' title='bbox 2564 3378 2644 3445; x_wconf 81' lang='grc' dir='ltr'><strong>δέ,</strong></span> <span class='ocrx_word' id='word_1_508' title='bbox 2689 3355 2963 3432; x_wconf 27' lang='grc' dir='ltr'>ἐντεῦθεν*</span> <span class='ocrx_word' id='word_1_509' title='bbox 2990 3355 3458 3440; x_wconf 62' lang='grc' dir='ltr'>ἀτωκλεισθέντες,</span> <span class='ocrx_word' id='word_1_510' title='bbox 3508 3377 3599 3429; x_wconf 73' lang='grc' dir='ltr'>ἐπὶ</span> <span class='ocrx_word' id='word_1_511' title='bbox 3645 3374 3737 3428; x_wconf 81' lang='grc' dir='ltr'>τὸν</span> 
     </span>
    </p>
   </div>
   <div class='ocr_carea' id='block_1_69' title="bbox 466 3451 2051 3544">
    <p class='ocr_par' dir='ltr' id='par_1_69' title="bbox 466 3451 2050 3537">
     <span class='ocr_line' id='line_1_69' title="bbox 466 3451 2050 3537; baseline 0.012 -34"><span class='ocrx_word' id='word_1_512' title='bbox 466 3456 555 3505; x_wconf 84' lang='lat' dir='ltr'><strong>est</strong></span> <span class='ocrx_word' id='word_1_513' title='bbox 589 3451 683 3521; x_wconf 91' lang='lat' dir='ltr'><strong>qui</strong></span> <span class='ocrx_word' id='word_1_514' title='bbox 726 3452 894 3520; x_wconf 90' lang='lat' dir='ltr'><strong>venit,</strong></span> <span class='ocrx_word' id='word_1_515' title='bbox 924 3454 1055 3524; x_wconf 90' lang='lat' dir='ltr'><strong>quid</strong></span> <span class='ocrx_word' id='word_1_516' title='bbox 1105 3471 1287 3512; x_wconf 62' lang='lat' dir='ltr'><strong>causae</strong></span> <span class='ocrx_word' id='word_1_517' title='bbox 1319 3459 1392 3514; x_wconf 89' lang='lat' dir='ltr'><strong>sit</strong></span> <span class='ocrx_word' id='word_1_518' title='bbox 1423 3477 1524 3516; x_wconf 86' lang='lat' dir='ltr'><strong>cur</strong></span> <span class='ocrx_word' id='word_1_519' title='bbox 1566 3463 1644 3517; x_wconf 90' lang='lat' dir='ltr'><strong>illi</strong></span> <span class='ocrx_word' id='word_1_520' title='bbox 1680 3464 1863 3533; x_wconf 89' lang='lat' dir='ltr'><strong>potius</strong></span> <span class='ocrx_word' id='word_1_521' title='bbox 1886 3481 2050 3537; x_wconf 89' lang='lat' dir='ltr'><strong>quam</strong></span> 
     </span>
    </p>
   </div>
   <div class='ocr_carea' id='block_1_70' title="bbox 2156 3451 3734 3544">
    <p class='ocr_par' dir='ltr' id='par_1_70' title="bbox 2156 3464 3734 3544">
     <span class='ocr_line' id='line_1_70' title="bbox 2156 3464 3734 3544; baseline -0.004 -19"><span class='ocrx_word' id='word_1_522' title='bbox 2156 3472 2316 3527; x_wconf 78' lang='grc' dir='ltr'>Δαϐὶδ</span> <span class='ocrx_word' id='word_1_523' title='bbox 2346 3472 2382 3544; x_wconf 76' lang='grc' dir='ltr'>ἦ</span> <span class='ocrx_word' id='word_1_524' title='bbox 2422 3489 2542 3526; x_wconf 79' lang='grc' dir='ltr'>τινα</span> <span class='ocrx_word' id='word_1_525' title='bbox 2568 3470 2676 3524; x_wconf 85' lang='grc' dir='ltr'><strong>τῶν</strong></span> <span class='ocrx_word' id='word_1_526' title='bbox 2709 3470 2768 3535; x_wconf 85' lang='grc' dir='ltr'>ἐξ</span> <span class='ocrx_word' id='word_1_527' title='bbox 2794 3468 2956 3523; x_wconf 78' lang='grc' dir='ltr'>αὐτοῦ</span> <span class='ocrx_word' id='word_1_528' title='bbox 2985 3469 3292 3541; x_wconf 81' lang='grc' dir='ltr'>γενομένων</span> <span class='ocrx_word' id='word_1_529' title='bbox 3335 3467 3597 3535; x_wconf 83' lang='grc' dir='ltr'>βασιλέων</span> <span class='ocrx_word' id='word_1_530' title='bbox 3638 3464 3734 3519; x_wconf 86' lang='grc' dir='ltr'><strong>τοῦ</strong></span> 
     </span>
    </p>
   </div>
   <div class='ocr_carea' id='block_1_71' title="bbox 466 3541 2052 3623">
    <p class='ocr_par' dir='ltr' id='par_1_71' title="bbox 466 3541 2052 3623">
     <span class='ocr_line' id='line_1_71' title="bbox 466 3541 2052 3623; baseline 0.011 -27"><span class='ocrx_word' id='word_1_531' title='bbox 466 3541 598 3597; x_wconf 77' lang='lat' dir='ltr'><strong>huic</strong></span> <span class='ocrx_word' id='word_1_532' title='bbox 635 3543 966 3600; x_wconf 85' lang='lat' dir='ltr'><strong>credendum</strong></span> <span class='ocrx_word' id='word_1_533' title='bbox 992 3558 1088 3603; x_wconf 89' lang='lat' dir='ltr'><strong>aut</strong></span> <span class='ocrx_word' id='word_1_534' title='bbox 1116 3564 1228 3604; x_wconf 90' lang='lat' dir='ltr'><strong>non</strong></span> <span class='ocrx_word' id='word_1_535' title='bbox 1258 3550 1625 3609; x_wconf 87' lang='lat' dir='ltr'><strong>credendum?</strong></span> <span class='ocrx_word' id='word_1_536' title='bbox 1652 3555 1809 3623; x_wconf 86' lang='lat' dir='ltr'><strong>Quod</strong></span> <span class='ocrx_word' id='word_1_537' title='bbox 1839 3557 1886 3614; x_wconf 91' lang='lat' dir='ltr'><strong>si</strong></span> <span class='ocrx_word' id='word_1_538' title='bbox 1925 3558 2052 3614; x_wconf 90' lang='lat' dir='ltr'><strong>inde</strong></span> 
     </span>
    </p>
   </div>
   <div class='ocr_carea' id='block_1_72' title="bbox 465 3636 2053 3723">
    <p class='ocr_par' dir='ltr' id='par_1_72' title="bbox 465 3636 2053 3723">
     <span class='ocr_line' id='line_1_72' title="bbox 465 3636 2053 3723; baseline 0.011 -33"><span class='ocrx_word' id='word_1_539' title='bbox 465 3636 697 3703; x_wconf 74' lang='lat' dir='ltr'><strong>exclusi,</strong></span> <span class='ocrx_word' id='word_1_540' title='bbox 729 3637 798 3692; x_wconf 89' lang='lat' dir='ltr'><strong>ad</strong></span> <span class='ocrx_word' id='word_1_541' title='bbox 825 3637 1015 3705; x_wconf 85' lang='lat' dir='ltr'><strong>David,</strong></span> <span class='ocrx_word' id='word_1_542' title='bbox 1040 3641 1156 3698; x_wconf 89' lang='lat' dir='ltr'><strong>sive</strong></span> <span class='ocrx_word' id='word_1_543' title='bbox 1177 3643 1244 3698; x_wconf 92' lang='lat' dir='ltr'><strong>ad</strong></span> <span class='ocrx_word' id='word_1_544' title='bbox 1276 3647 1584 3719; x_wconf 87' lang='lat' dir='ltr'><strong>quempiam</strong></span> <span class='ocrx_word' id='word_1_545' title='bbox 1617 3664 1684 3704; x_wconf 83' lang='lat' dir='ltr'><strong>ex</strong></span> <span class='ocrx_word' id='word_1_546' title='bbox 1710 3649 1860 3706; x_wconf 91' lang='lat' dir='ltr'><strong>illius</strong></span> <span class='ocrx_word' id='word_1_547' title='bbox 1882 3666 2053 3723; x_wconf 78' lang='lat' dir='ltr'><strong>nepo-</strong></span> 
     </span>
    </p>
   </div>
   <div class='ocr_carea' id='block_1_73' title="bbox 465 3724 2049 3812">
    <p class='ocr_par' dir='ltr' id='par_1_73' title="bbox 465 3724 2049 3812">
     <span class='ocr_line' id='line_1_73' title="bbox 465 3724 2049 3812; baseline 0.011 -33"><span class='ocrx_word' id='word_1_548' title='bbox 465 3724 880 3784; x_wconf 59' lang='lat' dir='ltr'><strong>tibusuludaicaa</strong></span> <span class='ocrx_word' id='word_1_549' title='bbox 907 3732 1083 3801; x_wconf 88' lang='lat' dir='ltr'><strong>gentis</strong></span> <span class='ocrx_word' id='word_1_550' title='bbox 1110 3747 1315 3805; x_wconf 90' lang='lat' dir='ltr'><strong>regem,</strong></span> <span class='ocrx_word' id='word_1_551' title='bbox 1335 3737 1621 3792; x_wconf 88' lang='lat' dir='ltr'><strong>oraculum</strong></span> <span class='ocrx_word' id='word_1_552' title='bbox 1653 3738 1916 3806; x_wconf 84' lang='lat' dir='ltr'><strong>referant,</strong></span> <span class='ocrx_word' id='word_1_553' title='bbox 1935 3741 2049 3812; x_wconf 88' lang='lat' dir='ltr'><strong>jam</strong></span> 
     </span>
    </p>
   </div>
   <div class='ocr_carea' id='block_1_74' title="bbox 464 3819 2049 3905">
    <p class='ocr_par' dir='ltr' id='par_1_74' title="bbox 464 3819 2049 3905">
     <span class='ocr_line' id='line_1_74' title="bbox 464 3819 2049 3905; baseline 0.011 -30"><span class='ocrx_word' id='word_1_554' title='bbox 464 3819 571 3875; x_wconf 86' lang='lat' dir='ltr'><strong>erit</strong></span> <span class='ocrx_word' id='word_1_555' title='bbox 594 3819 1080 3880; x_wconf 87' lang='lat' dir='ltr'><strong>demonstrandum</strong></span> <span class='ocrx_word' id='word_1_556' title='bbox 1104 3827 1249 3897; x_wconf 91' lang='lat' dir='ltr'><strong>quod</strong></span> <span class='ocrx_word' id='word_1_557' title='bbox 1276 3843 1454 3900; x_wconf 87' lang='lat' dir='ltr'><strong>neque</strong></span> <span class='ocrx_word' id='word_1_558' title='bbox 1478 3828 1670 3897; x_wconf 85' lang='lat' dir='ltr'><strong>David,</strong></span> <span class='ocrx_word' id='word_1_559' title='bbox 1704 3849 1881 3905; x_wconf 85' lang='lat' dir='ltr'><strong>neque</strong></span> <span class='ocrx_word' id='word_1_560' title='bbox 1907 3835 2049 3892; x_wconf 88' lang='lat' dir='ltr'><strong>alius</strong></span> 
     </span>
    </p>
   </div>
   <div class='ocr_carea' id='block_1_75' title="bbox 463 3912 2049 3993">
    <p class='ocr_par' dir='ltr' id='par_1_75' title="bbox 463 3912 2049 3993">
     <span class='ocr_line' id='line_1_75' title="bbox 463 3912 2049 3993; baseline 0.009 -26"><span class='ocrx_word' id='word_1_561' title='bbox 463 3912 736 3983; x_wconf 84' lang='lat' dir='ltr'><strong>quispiam</strong></span> <span class='ocrx_word' id='word_1_562' title='bbox 787 3931 979 3972; x_wconf 88' lang='lat' dir='ltr'><strong>eorum</strong></span> <span class='ocrx_word' id='word_1_563' title='bbox 1034 3919 1128 3988; x_wconf 89' lang='lat' dir='ltr'><strong>qui</strong></span> <span class='ocrx_word' id='word_1_564' title='bbox 1178 3935 1421 3992; x_wconf 82' lang='lat' dir='ltr'><strong>unquam</strong></span> <span class='ocrx_word' id='word_1_565' title='bbox 1456 3924 1599 3993; x_wconf 89' lang='lat' dir='ltr'><strong>apud</strong></span> <span class='ocrx_word' id='word_1_566' title='bbox 1630 3922 1891 3982; x_wconf 76' lang='lat' dir='ltr'><strong>Hebraeos</strong></span> <span class='ocrx_word' id='word_1_567' title='bbox 1923 3926 2049 3982; x_wconf 93' lang='lat' dir='ltr'><strong>illu-</strong></span> 
     </span>
    </p>
   </div>
   <div class='ocr_carea' id='block_1_76' title="bbox 463 4003 2048 4081">
    <p class='ocr_par' dir='ltr' id='par_1_76' title="bbox 463 4003 2048 4081">
     <span class='ocr_line' id='line_1_76' title="bbox 463 4003 2048 4081; baseline 0.009 -22"><span class='ocrx_word' id='word_1_568' title='bbox 463 4011 611 4060; x_wconf 81' lang='lat' dir='ltr'><strong>stres</strong></span> <span class='ocrx_word' id='word_1_569' title='bbox 660 4003 883 4073; x_wconf 86' lang='lat' dir='ltr'><strong>fuerint,</strong></span> <span class='ocrx_word' id='word_1_570' title='bbox 931 4018 1287 4075; x_wconf 87' lang='lat' dir='ltr'><strong>memoratur,</strong></span> <span class='ocrx_word' id='word_1_571' title='bbox 1318 4012 1412 4081; x_wconf 89' lang='lat' dir='ltr'><strong>qui</strong></span> <span class='ocrx_word' id='word_1_572' title='bbox 1464 4022 1560 4068; x_wconf 89' lang='lat' dir='ltr'><strong>aut</strong></span> <span class='ocrx_word' id='word_1_573' title='bbox 1614 4014 1787 4073; x_wconf 85' lang='lat' dir='ltr'><strong>Filius</strong></span> <span class='ocrx_word' id='word_1_574' title='bbox 1829 4017 1926 4073; x_wconf 88' lang='lat' dir='ltr'><strong>Dei</strong></span> <span class='ocrx_word' id='word_1_575' title='bbox 1976 4020 2048 4074; x_wconf 90' lang='lat' dir='ltr'><strong>sit</strong></span> 
     </span>
    </p>
   </div>
   <div class='ocr_carea' id='block_1_77' title="bbox 464 4095 2046 4179">
    <p class='ocr_par' dir='ltr' id='par_1_77' title="bbox 464 4095 2046 4179">
     <span class='ocr_line' id='line_1_77' title="bbox 464 4095 2046 4179; baseline 0.012 -32"><span class='ocrx_word' id='word_1_576' title='bbox 464 4095 649 4165; x_wconf 84' lang='lat' dir='ltr'><strong>aliquo</strong></span> <span class='ocrx_word' id='word_1_577' title='bbox 683 4098 906 4155; x_wconf 89' lang='lat' dir='ltr'><strong>oraculo</strong></span> <span class='ocrx_word' id='word_1_578' title='bbox 929 4099 1136 4166; x_wconf 89' lang='lat' dir='ltr'><strong>dictus,</strong></span> <span class='ocrx_word' id='word_1_579' title='bbox 1160 4112 1254 4156; x_wconf 90' lang='lat' dir='ltr'><strong>aut</strong></span> <span class='ocrx_word' id='word_1_580' title='bbox 1279 4104 1350 4159; x_wconf 86' lang='lat' dir='ltr'><strong>ab</strong></span> <span class='ocrx_word' id='word_1_581' title='bbox 1371 4105 1489 4175; x_wconf 89' lang='lat' dir='ltr'><strong>ipso</strong></span> <span class='ocrx_word' id='word_1_582' title='bbox 1513 4105 1623 4162; x_wconf 88' lang='lat' dir='ltr'><strong>Deo</strong></span> <span class='ocrx_word' id='word_1_583' title='bbox 1645 4110 1882 4179; x_wconf 86' lang='lat' dir='ltr'><strong>genitus,</strong></span> <span class='ocrx_word' id='word_1_584' title='bbox 1903 4111 2046 4166; x_wconf 90' lang='lat' dir='ltr'><strong>sicut</strong></span> 
     </span>
    </p>
   </div>
   <div class='ocr_carea' id='block_1_78' title="bbox 462 4185 2044 4275">
    <p class='ocr_par' dir='ltr' id='par_1_78' title="bbox 462 4185 2044 4275">
     <span class='ocr_line' id='line_1_78' title="bbox 462 4185 2044 4275; baseline 0.013 -35"><span class='ocrx_word' id='word_1_585' title='bbox 462 4185 556 4242; x_wconf 78' lang='lat' dir='ltr'><strong>ille</strong></span> <span class='ocrx_word' id='word_1_586' title='bbox 600 4187 669 4243; x_wconf 91' lang='lat' dir='ltr'><strong>de</strong></span> <span class='ocrx_word' id='word_1_587' title='bbox 701 4204 811 4259; x_wconf 93' lang='lat' dir='ltr'><strong>quo</strong></span> <span class='ocrx_word' id='word_1_588' title='bbox 851 4190 1105 4248; x_wconf 88' lang='lat' dir='ltr'><strong>Psalmus</strong></span> <span class='ocrx_word' id='word_1_589' title='bbox 1155 4195 1484 4253; x_wconf 88' lang='lat' dir='ltr'><strong>vaticinatur</strong></span> <span class='ocrx_word' id='word_1_590' title='bbox 1535 4216 1714 4271; x_wconf 90' lang='lat' dir='ltr'><strong>neque</strong></span> <span class='ocrx_word' id='word_1_591' title='bbox 1768 4204 2044 4275; x_wconf 89' lang='lat' dir='ltr'><strong>imperans</strong></span> 
     </span>
    </p>
   </div>
   <div class='ocr_carea' id='block_1_79' title="bbox 462 4275 2046 4367">
    <p class='ocr_par' dir='ltr' id='par_1_79' title="bbox 462 4275 2046 4367">
     <span class='ocr_line' id='line_1_79' title="bbox 462 4275 2046 4367; baseline 0.013 -36"><span class='ocrx_word' id='word_1_592' title='bbox 462 4275 679 4333; x_wconf 86' lang='lat' dir='ltr'><strong>cunctis</strong></span> <span class='ocrx_word' id='word_1_593' title='bbox 709 4281 984 4349; x_wconf 76' lang='lat' dir='ltr'><strong>gentibus,</strong></span> <span class='ocrx_word' id='word_1_594' title='bbox 1017 4290 1071 4337; x_wconf 88' lang='lat' dir='ltr'><strong>et</strong></span> <span class='ocrx_word' id='word_1_595' title='bbox 1115 4284 1339 4356; x_wconf 80' lang='lat' dir='ltr'><strong>regibus</strong></span> <span class='ocrx_word' id='word_1_596' title='bbox 1378 4296 1432 4343; x_wconf 89' lang='lat' dir='ltr'><strong>et</strong></span> <span class='ocrx_word' id='word_1_597' title='bbox 1464 4290 1833 4362; x_wconf 88' lang='lat' dir='ltr'><strong>principibus,</strong></span> <span class='ocrx_word' id='word_1_598' title='bbox 1864 4304 1920 4351; x_wconf 87' lang='lat' dir='ltr'><strong>et</strong></span> <span class='ocrx_word' id='word_1_599' title='bbox 1949 4312 2046 4367; x_wconf 91' lang='lat' dir='ltr'><strong>po-</strong></span> 
     </span>
    </p>
   </div>
   <div class='ocr_carea' id='block_1_80' title="bbox 462 4369 2042 4444">
    <p class='ocr_par' dir='ltr' id='par_1_80' title="bbox 462 4369 2042 4444">
     <span class='ocr_line' id='line_1_80' title="bbox 462 4369 2042 4444; baseline 0.015 -23"><span class='ocrx_word' id='word_1_600' title='bbox 462 4369 630 4440; x_wconf 79' lang='lat' dir='ltr'><strong>pulis,</strong></span> <span class='ocrx_word' id='word_1_601' title='bbox 651 4371 745 4442; x_wconf 91' lang='lat' dir='ltr'><strong>qui</strong></span> <span class='ocrx_word' id='word_1_602' title='bbox 778 4373 852 4429; x_wconf 83' lang='lat' dir='ltr'><strong>sit</strong></span> <span class='ocrx_word' id='word_1_603' title='bbox 877 4374 1093 4431; x_wconf 86' lang='lat' dir='ltr'><strong>insidiis</strong></span> <span class='ocrx_word' id='word_1_604' title='bbox 1119 4377 1550 4438; x_wconf 88' lang='lat' dir='ltr'><strong>circumventus.</strong></span> <span class='ocrx_word' id='word_1_605' title='bbox 1584 4384 1680 4440; x_wconf 83' lang='lat' dir='ltr'><strong>Sin</strong></span> <span class='ocrx_word' id='word_1_606' title='bbox 1711 4396 1893 4444; x_wconf 86' lang='lat' dir='ltr'><strong>autem</strong></span> <span class='ocrx_word' id='word_1_607' title='bbox 1918 4389 2042 4444; x_wconf 88' lang='lat' dir='ltr'><strong>illo-</strong></span> 
     </span>
    </p>
   </div>
   <div class='ocr_carea' id='block_1_81' title="bbox 462 4464 2041 4546">
    <p class='ocr_par' dir='ltr' id='par_1_81' title="bbox 462 4464 2041 4546">
     <span class='ocr_line' id='line_1_81' title="bbox 462 4464 2041 4546; baseline 0.016 -33"><span class='ocrx_word' id='word_1_608' title='bbox 462 4475 585 4514; x_wconf 82' lang='lat' dir='ltr'><strong>rum</strong></span> <span class='ocrx_word' id='word_1_609' title='bbox 620 4464 804 4522; x_wconf 80' lang='lat' dir='ltr'><strong>nullus</strong></span> <span class='ocrx_word' id='word_1_610' title='bbox 833 4468 958 4523; x_wconf 89' lang='lat' dir='ltr'><strong>talis</strong></span> <span class='ocrx_word' id='word_1_611' title='bbox 986 4471 1317 4538; x_wconf 87' lang='lat' dir='ltr'><strong>ostenditur,</strong></span> <span class='ocrx_word' id='word_1_612' title='bbox 1347 4481 1401 4529; x_wconf 88' lang='lat' dir='ltr'><strong>et</strong></span> <span class='ocrx_word' id='word_1_613' title='bbox 1447 4491 1509 4532; x_wconf 89' lang='lat' dir='ltr'><strong>re</strong></span> <span class='ocrx_word' id='word_1_614' title='bbox 1544 4476 1661 4546; x_wconf 90' lang='lat' dir='ltr'><strong>ipsa</strong></span> <span class='ocrx_word' id='word_1_615' title='bbox 1694 4489 1892 4535; x_wconf 84' lang='lat' dir='ltr'><strong>cuncta</strong></span> <span class='ocrx_word' id='word_1_616' title='bbox 1924 4481 2041 4538; x_wconf 65' lang='lat' dir='ltr'><strong>haec</strong></span> 
     </span>
    </p>
   </div>
   <div class='ocr_carea' id='block_1_82' title="bbox 2166 3557 3737 3635">
    <p class='ocr_par' dir='ltr' id='par_1_82' title="bbox 2166 3557 3737 3635">
     <span class='ocr_line' id='line_1_82' title="bbox 2166 3557 3737 3635; baseline -0.006 -16"><span class='ocrx_word' id='word_1_617' title='bbox 2166 3564 2435 3619; x_wconf 77' lang='grc' dir='ltr'>Ἰουδαίων</span> <span class='ocrx_word' id='word_1_618' title='bbox 2478 3563 2665 3627; x_wconf 89' lang='grc' dir='ltr'>ἔθνους</span> <span class='ocrx_word' id='word_1_619' title='bbox 2703 3563 3026 3635; x_wconf 81' lang='grc' dir='ltr'>ἀναφέροιεν</span> <span class='ocrx_word' id='word_1_620' title='bbox 3060 3562 3153 3616; x_wconf 84' lang='grc' dir='ltr'>τὸν</span> <span class='ocrx_word' id='word_1_621' title='bbox 3173 3560 3418 3634; x_wconf 81' lang='grc' dir='ltr'>χρησμὸν</span> <span class='ocrx_word' id='word_1_622' title='bbox 3444 3600 3458 3625; x_wconf 94' lang='grc'><strong>,</strong></span> <span class='ocrx_word' id='word_1_623' title='bbox 3482 3561 3576 3614; x_wconf 75' lang='grc' dir='ltr'><strong>καὶ</strong></span> <span class='ocrx_word' id='word_1_624' title='bbox 3595 3557 3737 3612; x_wconf 79' lang='grc' dir='ltr'>οὕτω</span> 
     </span>
    </p>
   </div>
   <div class='ocr_carea' id='block_1_83' title="bbox 2150 3651 3733 3726">
    <p class='ocr_par' dir='ltr' id='par_1_83' title="bbox 2150 3651 3733 3726">
     <span class='ocr_line' id='line_1_83' title="bbox 2150 3651 3733 3726; baseline -0.004 -17"><span class='ocrx_word' id='word_1_625' title='bbox 2150 3656 2407 3721; x_wconf 85' lang='grc' dir='ltr'>δεικτέον,</span> <span class='ocrx_word' id='word_1_626' title='bbox 2436 3655 2510 3719; x_wconf 86' lang='grc' dir='ltr'>ὼς</span> <span class='ocrx_word' id='word_1_627' title='bbox 2538 3653 2662 3708; x_wconf 78' lang='grc' dir='ltr'>οῦτε</span> <span class='ocrx_word' id='word_1_628' title='bbox 2695 3654 2881 3718; x_wconf 73' lang='grc' dir='ltr'>Δαδὶδ,</span> <span class='ocrx_word' id='word_1_629' title='bbox 2915 3651 3026 3707; x_wconf 73' lang='grc' dir='ltr'>οὗθ’</span> <span class='ocrx_word' id='word_1_630' title='bbox 3058 3652 3243 3726; x_wconf 83' lang='grc' dir='ltr'>ἔτερός</span> <span class='ocrx_word' id='word_1_631' title='bbox 3266 3670 3352 3716; x_wconf 80' lang='grc' dir='ltr'><strong>τις</strong></span> <span class='ocrx_word' id='word_1_632' title='bbox 3381 3652 3489 3706; x_wconf 86' lang='grc' dir='ltr'><strong>τῶν</strong></span> <span class='ocrx_word' id='word_1_633' title='bbox 3517 3651 3733 3704; x_wconf 85' lang='grc' dir='ltr'>πώποτε</span> 
     </span>
    </p>
   </div>
   <div class='ocr_carea' id='block_1_84' title="bbox 2151 3744 3735 3821">
    <p class='ocr_par' dir='ltr' id='par_1_84' title="bbox 2151 3744 3735 3821">
     <span class='ocr_line' id='line_1_84' title="bbox 2151 3744 3735 3821; baseline -0.003 -20"><span class='ocrx_word' id='word_1_634' title='bbox 2151 3750 2280 3820; x_wconf 88' lang='grc' dir='ltr'>παρ’</span> <span class='ocrx_word' id='word_1_635' title='bbox 2316 3747 2585 3821; x_wconf 76' lang='grc' dir='ltr'>Ἑϐραίοις</span> <span class='ocrx_word' id='word_1_636' title='bbox 2612 3746 2888 3817; x_wconf 77' lang='grc' dir='ltr'>διαφανῶν</span> <span class='ocrx_word' id='word_1_637' title='bbox 2924 3746 3200 3818; x_wconf 76' lang='grc' dir='ltr'>ἱστόρηται</span> <span class='ocrx_word' id='word_1_638' title='bbox 3227 3744 3340 3799; x_wconf 74' lang='grc' dir='ltr'>οὗθ’</span> <span class='ocrx_word' id='word_1_639' title='bbox 3364 3746 3490 3809; x_wconf 81' lang='grc' dir='ltr'><strong>Υἱὸς</strong></span> <span class='ocrx_word' id='word_1_640' title='bbox 3522 3761 3735 3816; x_wconf 87' lang='grc' dir='ltr'>χρημα-</span> 
     </span>
    </p>
   </div>
   <div class='ocr_carea' id='block_1_85' title="bbox 2150 3837 3733 3909">
    <p class='ocr_par' dir='ltr' id='par_1_85' title="bbox 2150 3837 3733 3909">
     <span class='ocr_line' id='line_1_85' title="bbox 2150 3837 3733 3909; baseline -0.002 -16"><span class='ocrx_word' id='word_1_641' title='bbox 2150 3840 2307 3904; x_wconf 85' lang='grc' dir='ltr'>τίσας</span> <span class='ocrx_word' id='word_1_642' title='bbox 2344 3839 2438 3893; x_wconf 90' lang='grc' dir='ltr'><strong>τοῦ</strong></span> <span class='ocrx_word' id='word_1_643' title='bbox 2462 3837 2620 3905; x_wconf 87' lang='grc' dir='ltr'>Θεοῦ,</span> <span class='ocrx_word' id='word_1_644' title='bbox 2649 3837 2763 3892; x_wconf 72' lang='grc' dir='ltr'>οὔθ’</span> <span class='ocrx_word' id='word_1_645' title='bbox 2798 3839 2904 3893; x_wconf 81' lang='grc' dir='ltr'><strong>ὑπὸ</strong></span> <span class='ocrx_word' id='word_1_646' title='bbox 2935 3837 3027 3893; x_wconf 88' lang='grc' dir='ltr'><strong>τοῦ</strong></span> <span class='ocrx_word' id='word_1_647' title='bbox 3057 3837 3192 3893; x_wconf 86' lang='grc' dir='ltr'>Θεοῦ</span> <span class='ocrx_word' id='word_1_648' title='bbox 3226 3838 3609 3909; x_wconf 81' lang='grc' dir='ltr'>γεγενημένος,</span> <span class='ocrx_word' id='word_1_649' title='bbox 3635 3854 3733 3890; x_wconf 88' lang='grc' dir='ltr'>κα-</span> 
     </span>
    </p>
   </div>
   <div class='ocr_carea' id='block_1_86' title="bbox 2147 3929 3733 4003">
    <p class='ocr_par' dir='ltr' id='par_1_86' title="bbox 2147 3929 3733 4003">
     <span class='ocr_line' id='line_1_86' title="bbox 2147 3929 3733 4003; baseline -0.003 -17"><span class='ocrx_word' id='word_1_650' title='bbox 2147 3932 2216 3986; x_wconf 82' lang='grc' dir='ltr'><strong>τὰ</strong></span> <span class='ocrx_word' id='word_1_651' title='bbox 2246 3934 2339 3985; x_wconf 89' lang='grc' dir='ltr'>τὸν</span> <span class='ocrx_word' id='word_1_652' title='bbox 2364 3934 2423 3985; x_wconf 91' lang='grc' dir='ltr'><strong>ἐν</strong></span> <span class='ocrx_word' id='word_1_653' title='bbox 2443 3929 2522 4003; x_wconf 78' lang='grc' dir='ltr'>τῷ</span> <span class='ocrx_word' id='word_1_654' title='bbox 2541 3930 2742 4003; x_wconf 69' lang='grc' dir='ltr'>ψαλμῷ</span> <span class='ocrx_word' id='word_1_655' title='bbox 2770 3929 3182 4003; x_wconf 78' lang='grc' dir='ltr'>θεσπιζόμενον,</span> <span class='ocrx_word' id='word_1_656' title='bbox 3205 3930 3314 3985; x_wconf 84' lang='grc' dir='ltr'>οὐδ’</span> <span class='ocrx_word' id='word_1_657' title='bbox 3340 3931 3451 4003; x_wconf 78' lang='grc' dir='ltr'>ἄρα</span> <span class='ocrx_word' id='word_1_658' title='bbox 3470 3930 3573 3983; x_wconf 84' lang='grc' dir='ltr'><strong>ὑπὸ</strong></span> <span class='ocrx_word' id='word_1_659' title='bbox 3597 3930 3733 3983; x_wconf 82' lang='grc' dir='ltr'>πάν-</span> 
     </span>
    </p>
   </div>
   <div class='ocr_carea' id='block_1_87' title="bbox 2146 4022 3734 4096">
    <p class='ocr_par' dir='ltr' id='par_1_87' title="bbox 2146 4022 3734 4096">
     <span class='ocr_line' id='line_1_87' title="bbox 2146 4022 3734 4096; baseline -0.001 -19"><span class='ocrx_word' id='word_1_660' title='bbox 2146 4043 2255 4079; x_wconf 89' lang='grc' dir='ltr'><strong>των</strong></span> <span class='ocrx_word' id='word_1_661' title='bbox 2283 4024 2392 4079; x_wconf 88' lang='grc' dir='ltr'><strong>τῶν</strong></span> <span class='ocrx_word' id='word_1_662' title='bbox 2426 4024 2596 4079; x_wconf 80' lang='grc' dir='ltr'>ἐθνῶν</span> <span class='ocrx_word' id='word_1_663' title='bbox 2628 4026 2722 4080; x_wconf 77' lang='grc' dir='ltr'><strong>καὶ</strong></span> <span class='ocrx_word' id='word_1_664' title='bbox 2754 4024 3040 4095; x_wconf 78' lang='grc' dir='ltr'>βασιλέων,</span> <span class='ocrx_word' id='word_1_665' title='bbox 3069 4023 3347 4096; x_wconf 85' lang='grc' dir='ltr'>ἀρχόντων</span> <span class='ocrx_word' id='word_1_666' title='bbox 3372 4032 3431 4076; x_wconf 77' lang='grc' dir='ltr'><strong>τε</strong></span> <span class='ocrx_word' id='word_1_667' title='bbox 3467 4023 3559 4076; x_wconf 75' lang='grc' dir='ltr'>καὶ</span> <span class='ocrx_word' id='word_1_668' title='bbox 3590 4022 3734 4076; x_wconf 88' lang='grc' dir='ltr'>λαῶν</span> 
     </span>
    </p>
   </div>
   <div class='ocr_carea' id='block_1_88' title="bbox 2147 4112 3726 4189">
    <p class='ocr_par' dir='ltr' id='par_1_88' title="bbox 2147 4112 3726 4189">
     <span class='ocr_line' id='line_1_88' title="bbox 2147 4112 3726 4189; baseline -0.002 -20"><span class='ocrx_word' id='word_1_669' title='bbox 2147 4116 2686 4189; x_wconf 77' lang='grc' dir='ltr'>ἐπιϐεϐουλευμένος.</span> <span class='ocrx_word' id='word_1_670' title='bbox 2738 4119 2802 4171; x_wconf 83' lang='grc' dir='ltr'><strong>Εἰ</strong></span> <span class='ocrx_word' id='word_1_671' title='bbox 2854 4119 2898 4172; x_wconf 85' lang='grc' dir='ltr'>δ’</span> <span class='ocrx_word' id='word_1_672' title='bbox 2937 4116 3111 4179; x_wconf 65' lang='grc' dir='ltr'>οὐδεὶς</span> <span class='ocrx_word' id='word_1_673' title='bbox 3163 4115 3387 4168; x_wconf 78' lang='grc' dir='ltr'>ἐκείνων</span> <span class='ocrx_word' id='word_1_674' title='bbox 3434 4112 3726 4177; x_wconf 79' lang='grc' dir='ltr'>δείκνυται,</span> 
     </span>
    </p>
   </div>
   <div class='ocr_carea' id='block_1_89' title="bbox 2148 4202 3723 4281">
    <p class='ocr_par' dir='ltr' id='par_1_89' title="bbox 2148 4202 3723 4281">
     <span class='ocr_line' id='line_1_89' title="bbox 2148 4202 3723 4281; baseline -0.004 -21"><span class='ocrx_word' id='word_1_675' title='bbox 2148 4208 2330 4271; x_wconf 80' lang='grc' dir='ltr'>αὐτοῖς</span> <span class='ocrx_word' id='word_1_676' title='bbox 2374 4208 2417 4261; x_wconf 79' lang='grc' dir='ltr'>δ’</span> <span class='ocrx_word' id='word_1_677' title='bbox 2448 4209 2632 4281; x_wconf 82' lang='grc' dir='ltr'>ἔργοις</span> <span class='ocrx_word' id='word_1_678' title='bbox 2660 4210 2979 4263; x_wconf 87' lang='grc' dir='ltr'>συνίσταται</span> <span class='ocrx_word' id='word_1_679' title='bbox 3004 4206 3176 4261; x_wconf 85' lang='grc' dir='ltr'>ταῦτα</span> <span class='ocrx_word' id='word_1_680' title='bbox 3204 4204 3399 4267; x_wconf 83' lang='grc' dir='ltr'>πάντα,</span> <span class='ocrx_word' id='word_1_681' title='bbox 3435 4203 3528 4255; x_wconf 78' lang='grc' dir='ltr'>καὶ</span> <span class='ocrx_word' id='word_1_682' title='bbox 3554 4202 3723 4256; x_wconf 85' lang='grc' dir='ltr'>πάλαι</span> 
     </span>
    </p>
   </div>
   <div class='ocr_carea' id='block_1_90' title="bbox 2150 4293 3732 4372">
    <p class='ocr_par' dir='ltr' id='par_1_90' title="bbox 2150 4293 3732 4372">
     <span class='ocr_line' id='line_1_90' title="bbox 2150 4293 3732 4372; baseline -0.004 -19"><span class='ocrx_word' id='word_1_683' title='bbox 2150 4301 2249 4371; x_wconf 87' lang='grc' dir='ltr'>μὲν</span> <span class='ocrx_word' id='word_1_684' title='bbox 2298 4301 2616 4372; x_wconf 81' lang='grc' dir='ltr'>ὑπομείνας,</span> <span class='ocrx_word' id='word_1_685' title='bbox 2653 4301 2745 4354; x_wconf 82' lang='grc' dir='ltr'>καὶ</span> <span class='ocrx_word' id='word_1_686' title='bbox 2776 4298 2873 4354; x_wconf 89' lang='grc' dir='ltr'><strong>νῦν</strong></span> <span class='ocrx_word' id='word_1_687' title='bbox 2903 4300 2960 4352; x_wconf 84' lang='grc' dir='ltr'>δὲ</span> <span class='ocrx_word' id='word_1_688' title='bbox 2992 4298 3073 4351; x_wconf 88' lang='grc' dir='ltr'><strong>ἔτι</strong></span> <span class='ocrx_word' id='word_1_689' title='bbox 3111 4295 3204 4351; x_wconf 68' lang='grc' dir='ltr'>καὶ</span> <span class='ocrx_word' id='word_1_690' title='bbox 3238 4297 3475 4367; x_wconf 85' lang='grc' dir='ltr'>σήμερον</span> <span class='ocrx_word' id='word_1_691' title='bbox 3525 4293 3628 4347; x_wconf 80' lang='grc' dir='ltr'>ὑπό</span> <span class='ocrx_word' id='word_1_692' title='bbox 3668 4309 3732 4346; x_wconf 85' lang='grc' dir='ltr'><strong>τε</strong></span> 
     </span>
    </p>
   </div>
   <div class='ocr_carea' id='block_1_91' title="bbox 2146 4382 3734 4465">
    <p class='ocr_par' dir='ltr' id='par_1_91' title="bbox 2146 4382 3734 4465">
     <span class='ocr_line' id='line_1_91' title="bbox 2146 4382 3734 4465; baseline -0.006 -19"><span class='ocrx_word' id='word_1_693' title='bbox 2146 4393 2407 4464; x_wconf 88' lang='grc' dir='ltr'>βασιλέων</span> <span class='ocrx_word' id='word_1_694' title='bbox 2428 4394 2522 4448; x_wconf 78' lang='grc' dir='ltr'>καὶ</span> <span class='ocrx_word' id='word_1_695' title='bbox 2554 4394 2851 4465; x_wconf 84' lang='grc' dir='ltr'>ἀρχόντων,</span> <span class='ocrx_word' id='word_1_696' title='bbox 2880 4390 3048 4445; x_wconf 83' lang='grc' dir='ltr'>ἐθνῶν</span> <span class='ocrx_word' id='word_1_697' title='bbox 3070 4406 3131 4443; x_wconf 87' lang='grc' dir='ltr'><strong>τε</strong></span> <span class='ocrx_word' id='word_1_698' title='bbox 3157 4386 3253 4442; x_wconf 76' lang='grc' dir='ltr'>καὶ</span> <span class='ocrx_word' id='word_1_699' title='bbox 3274 4385 3441 4453; x_wconf 88' lang='grc' dir='ltr'>λαῶν,</span> <span class='ocrx_word' id='word_1_700' title='bbox 3470 4382 3734 4455; x_wconf 80' lang='grc' dir='ltr'>πολεμού-</span> 
     </span>
    </p>
   </div>
   <div class='ocr_carea' id='block_1_92' title="bbox 2148 4475 3734 4557">
    <p class='ocr_par' dir='ltr' id='par_1_92' title="bbox 2148 4475 3734 4557">
     <span class='ocr_line' id='line_1_92' title="bbox 2148 4475 3734 4557; baseline -0.006 -19"><span class='ocrx_word' id='word_1_701' title='bbox 2148 4501 2308 4555; x_wconf 87' lang='grc' dir='ltr'>μενος</span> <span class='ocrx_word' id='word_1_702' title='bbox 2353 4486 2381 4537; x_wconf 87' lang='grc' dir='ltr'>ὁ</span> <span class='ocrx_word' id='word_1_703' title='bbox 2424 4485 2658 4557; x_wconf 84' lang='grc' dir='ltr'>Χριστὸς</span> <span class='ocrx_word' id='word_1_704' title='bbox 2698 4484 2793 4537; x_wconf 85' lang='grc' dir='ltr'><strong>τοῦ</strong></span> <span class='ocrx_word' id='word_1_705' title='bbox 2833 4481 2991 4548; x_wconf 84' lang='grc' dir='ltr'>Θεοῦ,</span> <span class='ocrx_word' id='word_1_706' title='bbox 3031 4482 3084 4533; x_wconf 89' lang='grc' dir='ltr'><strong>τί</strong></span> <span class='ocrx_word' id='word_1_707' title='bbox 3121 4480 3181 4533; x_wconf 87' lang='grc' dir='ltr'>τὸ</span> <span class='ocrx_word' id='word_1_708' title='bbox 3208 4476 3459 4550; x_wconf 84' lang='grc' dir='ltr'>ἐμποδὼν</span> <span class='ocrx_word' id='word_1_709' title='bbox 3505 4475 3577 4548; x_wconf 85' lang='grc' dir='ltr'>μὴ</span> <span class='ocrx_word' id='word_1_710' title='bbox 3610 4475 3734 4546; x_wconf 77' lang='grc' dir='ltr'>οὐχὶ</span> 
     </span>
    </p>
   </div>
   <div class='ocr_carea' id='block_1_93' title="bbox 459 4554 2051 4647">
    <p class='ocr_par' dir='ltr' id='par_1_93' title="bbox 459 4554 2047 4643">
     <span class='ocr_line' id='line_1_93' title="bbox 459 4554 2047 4643; baseline 0.014 -36"><span class='ocrx_word' id='word_1_711' title='bbox 459 4554 878 4625; x_wconf 76' lang='lat' dir='ltr'><strong>confirmantur,</strong></span> <span class='ocrx_word' id='word_1_712' title='bbox 897 4568 1011 4616; x_wconf 90' lang='lat' dir='ltr'><strong>tum</strong></span> <span class='ocrx_word' id='word_1_713' title='bbox 1034 4564 1253 4634; x_wconf 86' lang='lat' dir='ltr'><strong>quidem</strong></span> <span class='ocrx_word' id='word_1_714' title='bbox 1284 4567 1431 4636; x_wconf 90' lang='lat' dir='ltr'><strong>quod</strong></span> <span class='ocrx_word' id='word_1_715' title='bbox 1449 4568 1578 4624; x_wconf 91' lang='lat' dir='ltr'><strong>olim</strong></span> <span class='ocrx_word' id='word_1_716' title='bbox 1594 4571 1685 4625; x_wconf 83' lang='lat' dir='ltr'><strong>illa</strong></span> <span class='ocrx_word' id='word_1_717' title='bbox 1701 4574 2047 4643; x_wconf 87' lang='lat' dir='ltr'><strong>sustinuerit,</strong></span> 
     </span>
    </p>
   </div>
   <div class='ocr_carea' id='block_1_94' title="bbox 2156 4554 3735 4647">
    <p class='ocr_par' dir='ltr' id='par_1_94' title="bbox 2156 4554 3735 4647">
     <span class='ocr_line' id='line_1_94' title="bbox 2156 4554 3735 4647; baseline -0.005 -18"><span class='ocrx_word' id='word_1_718' title='bbox 2156 4576 2317 4629; x_wconf 83' lang='grc' dir='ltr'>αὐτὸν</span> <span class='ocrx_word' id='word_1_719' title='bbox 2345 4554 2490 4629; x_wconf 77' lang='grc' dir='ltr'>εἶναι</span> <span class='ocrx_word' id='word_1_720' title='bbox 2513 4576 2605 4629; x_wconf 85' lang='grc' dir='ltr'>τὸν</span> <span class='ocrx_word' id='word_1_721' title='bbox 2632 4576 3104 4647; x_wconf 79' lang='grc' dir='ltr'>προφητευόμενον</span> <span class='ocrx_word' id='word_1_722' title='bbox 3128 4570 3216 4625; x_wconf 79' lang='grc' dir='ltr'>διὰ</span> <span class='ocrx_word' id='word_1_723' title='bbox 3238 4569 3333 4623; x_wconf 86' lang='grc' dir='ltr'><strong>τοῦ</strong></span> <span class='ocrx_word' id='word_1_724' title='bbox 3357 4570 3627 4640; x_wconf 84' lang='grc' dir='ltr'>φήσαντος</span> <span class='ocrx_word' id='word_1_725' title='bbox 3647 4566 3735 4621; x_wconf 87' lang='grc' dir='ltr'>λο-</span> 
     </span>
    </p>
   </div>
   <div class='ocr_carea' id='block_1_95' title="bbox 457 4652 2049 4739">
    <p class='ocr_par' dir='ltr' id='par_1_95' title="bbox 457 4652 2049 4739">
     <span class='ocr_line' id='line_1_95' title="bbox 457 4652 2049 4739; baseline 0.014 -39"><span class='ocrx_word' id='word_1_726' title='bbox 457 4652 579 4701; x_wconf 77' lang='lat' dir='ltr'><strong>tum</strong></span> <span class='ocrx_word' id='word_1_727' title='bbox 625 4664 756 4705; x_wconf 83' lang='lat' dir='ltr'><strong>vero</strong></span> <span class='ocrx_word' id='word_1_728' title='bbox 800 4654 945 4723; x_wconf 87' lang='lat' dir='ltr'><strong>quod</strong></span> <span class='ocrx_word' id='word_1_729' title='bbox 991 4655 1170 4712; x_wconf 84' lang='lat' dir='ltr'><strong>adhuc</strong></span> <span class='ocrx_word' id='word_1_730' title='bbox 1201 4665 1365 4730; x_wconf 84' lang='lat' dir='ltr'><strong>atque</strong></span> <span class='ocrx_word' id='word_1_731' title='bbox 1393 4661 1558 4718; x_wconf 90' lang='lat' dir='ltr'><strong>hodie</strong></span> <span class='ocrx_word' id='word_1_732' title='bbox 1584 4679 1822 4736; x_wconf 82' lang='lat' dir='ltr'><strong>quoque,</strong></span> <span class='ocrx_word' id='word_1_733' title='bbox 1847 4682 1878 4721; x_wconf 90' lang='lat' dir='ltr'><strong>a</strong></span> <span class='ocrx_word' id='word_1_734' title='bbox 1902 4670 2049 4739; x_wconf 81' lang='lat' dir='ltr'><strong>regi-</strong></span> 
     </span>
    </p>
   </div>
   <div class='ocr_carea' id='block_1_96' title="bbox 452 4740 2044 4830">
    <p class='ocr_par' dir='ltr' id='par_1_96' title="bbox 452 4740 2044 4830">
     <span class='ocr_line' id='line_1_96' title="bbox 452 4740 2044 4830; baseline 0.013 -34"><span class='ocrx_word' id='word_1_735' title='bbox 452 4740 584 4806; x_wconf 75' lang='lat' dir='ltr'><strong>bus,</strong></span> <span class='ocrx_word' id='word_1_736' title='bbox 628 4751 684 4799; x_wconf 88' lang='lat' dir='ltr'><strong>et</strong></span> <span class='ocrx_word' id='word_1_737' title='bbox 723 4745 1085 4818; x_wconf 71' lang='lat' dir='ltr'><strong>principibus,</strong></span> <span class='ocrx_word' id='word_1_738' title='bbox 1127 4761 1182 4806; x_wconf 91' lang='lat' dir='ltr'><strong>et</strong></span> <span class='ocrx_word' id='word_1_739' title='bbox 1217 4744 1493 4823; x_wconf 75' lang='lat' dir='ltr'><strong>gentibus,</strong></span> <span class='ocrx_word' id='word_1_740' title='bbox 1525 4765 1580 4811; x_wconf 90' lang='lat' dir='ltr'><strong>et</strong></span> <span class='ocrx_word' id='word_1_741' title='bbox 1630 4759 1850 4830; x_wconf 91' lang='lat' dir='ltr'><strong>populis</strong></span> <span class='ocrx_word' id='word_1_742' title='bbox 1882 4760 2044 4817; x_wconf 81' lang='lat' dir='ltr'><strong>Chri-</strong></span> 
     </span>
    </p>
   </div>
   <div class='ocr_carea' id='block_1_97' title="bbox 457 4833 2042 4922">
    <p class='ocr_par' dir='ltr' id='par_1_97' title="bbox 457 4833 2042 4922">
     <span class='ocr_line' id='line_1_97' title="bbox 457 4833 2042 4922; baseline 0.013 -35"><span class='ocrx_word' id='word_1_743' title='bbox 457 4840 585 4888; x_wconf 78' lang='lat' dir='ltr'><strong>stus</strong></span> <span class='ocrx_word' id='word_1_744' title='bbox 603 4833 697 4890; x_wconf 86' lang='lat' dir='ltr'><strong>Dei</strong></span> <span class='ocrx_word' id='word_1_745' title='bbox 733 4847 1099 4909; x_wconf 89' lang='lat' dir='ltr'><strong>oppugnetur,</strong></span> <span class='ocrx_word' id='word_1_746' title='bbox 1132 4843 1262 4912; x_wconf 89' lang='lat' dir='ltr'><strong>quid</strong></span> <span class='ocrx_word' id='word_1_747' title='bbox 1288 4845 1405 4914; x_wconf 88' lang='lat' dir='ltr'><strong>jam</strong></span> <span class='ocrx_word' id='word_1_748' title='bbox 1438 4845 1700 4917; x_wconf 89' lang='lat' dir='ltr'><strong>impediat</strong></span> <span class='ocrx_word' id='word_1_749' title='bbox 1726 4866 1796 4906; x_wconf 91' lang='lat' dir='ltr'><strong>ne</strong></span> <span class='ocrx_word' id='word_1_750' title='bbox 1824 4852 1940 4922; x_wconf 88' lang='lat' dir='ltr'><strong>ipse</strong></span> <span class='ocrx_word' id='word_1_751' title='bbox 1970 4853 2042 4909; x_wconf 85' lang='lat' dir='ltr'><strong>sit</strong></span> 
     </span>
    </p>
   </div>
   <div class='ocr_carea' id='block_1_98' title="bbox 453 4925 2040 5012">
    <p class='ocr_par' dir='ltr' id='par_1_98' title="bbox 453 4925 2040 5012">
     <span class='ocr_line' id='line_1_98' title="bbox 453 4925 2040 5012; baseline 0.014 -31"><span class='ocrx_word' id='word_1_752' title='bbox 453 4925 524 4982; x_wconf 87' lang='lat' dir='ltr'><strong>de</strong></span> <span class='ocrx_word' id='word_1_753' title='bbox 550 4943 660 4998; x_wconf 86' lang='lat' dir='ltr'><strong>quo</strong></span> <span class='ocrx_word' id='word_1_754' title='bbox 698 4933 982 4987; x_wconf 84' lang='lat' dir='ltr'><strong>oraculum</strong></span> <span class='ocrx_word' id='word_1_755' title='bbox 1005 4933 1140 4990; x_wconf 89' lang='lat' dir='ltr'><strong>illud</strong></span> <span class='ocrx_word' id='word_1_756' title='bbox 1162 4937 1494 4995; x_wconf 67' lang='lat' dir='ltr'><strong>vaticinatur:</strong></span> <span class='ocrx_word' id='word_1_757' title='bbox 1511 4943 1672 5012; x_wconf 88' lang='lat' dir='ltr'><strong>‘quod</strong></span> <span class='ocrx_word' id='word_1_758' title='bbox 1706 4945 1783 4998; x_wconf 86' lang='lat' dir='ltr'><strong>ait</strong></span> <span class='ocrx_word' id='word_1_759' title='bbox 1811 4963 1823 4999; x_wconf 92' lang='lat'><strong>:</strong></span> <span class='ocrx_word' id='word_1_760' title='bbox 1847 4963 1865 4996; x_wconf 77' lang='grc' dir='ltr'><strong>ι</strong></span> <span class='ocrx_word' id='word_1_761' title='bbox 1889 4946 2040 5002; x_wconf 84' lang='lat' dir='ltr'><strong>Asti-</strong></span> 
     </span>
    </p>
   </div>
   <div class='ocr_carea' id='block_1_99' title="bbox 452 5025 2040 5104">
    <p class='ocr_par' dir='ltr' id='par_1_99' title="bbox 452 5025 2040 5104">
     <span class='ocr_line' id='line_1_99' title="bbox 452 5025 2040 5104; baseline 0.014 -33"><span class='ocrx_word' id='word_1_762' title='bbox 452 5025 637 5075; x_wconf 88' lang='lat' dir='ltr'><strong>terunt</strong></span> <span class='ocrx_word' id='word_1_763' title='bbox 689 5038 846 5094; x_wconf 84' lang='lat' dir='ltr'><strong>reges</strong></span> <span class='ocrx_word' id='word_1_764' title='bbox 907 5034 1067 5082; x_wconf 80' lang='lat' dir='ltr'><strong>terra:</strong></span> <span class='ocrx_word' id='word_1_765' title='bbox 1124 5038 1178 5084; x_wconf 89' lang='lat' dir='ltr'><strong>et</strong></span> <span class='ocrx_word' id='word_1_766' title='bbox 1226 5029 1505 5104; x_wconf 88' lang='lat' dir='ltr'><strong>principes</strong></span> <span class='ocrx_word' id='word_1_767' title='bbox 1561 5045 1936 5093; x_wconf 88' lang='lat' dir='ltr'><strong>convenerunt</strong></span> <span class='ocrx_word' id='word_1_768' title='bbox 1985 5038 2040 5093; x_wconf 88' lang='lat' dir='ltr'><strong>in</strong></span> 
     </span>
    </p>
   </div>
   <div class='ocr_carea' id='block_1_100' title="bbox 450 5117 2039 5189">
    <p class='ocr_par' dir='ltr' id='par_1_100' title="bbox 450 5117 2039 5189">
     <span class='ocr_line' id='line_1_100' title="bbox 450 5117 2039 5189; baseline 0.014 -25"><span class='ocrx_word' id='word_1_769' title='bbox 450 5125 655 5181; x_wconf 84' lang='lat' dir='ltr'><strong>unum,</strong></span> <span class='ocrx_word' id='word_1_770' title='bbox 688 5117 952 5176; x_wconf 83' lang='lat' dir='ltr'><strong>adversus</strong></span> <span class='ocrx_word' id='word_1_771' title='bbox 988 5121 1303 5189; x_wconf 89' lang='lat' dir='ltr'><strong>Dominum,</strong></span> <span class='ocrx_word' id='word_1_772' title='bbox 1349 5134 1404 5180; x_wconf 92' lang='lat' dir='ltr'><strong>et</strong></span> <span class='ocrx_word' id='word_1_773' title='bbox 1450 5126 1715 5186; x_wconf 85' lang='lat' dir='ltr'><strong>adversus</strong></span> <span class='ocrx_word' id='word_1_774' title='bbox 1758 5129 2039 5188; x_wconf 88' lang='lat' dir='ltr'><strong>Christum</strong></span> 
     </span>
    </p>
   </div>
   <div class='ocr_carea' id='block_1_101' title="bbox 451 5200 2037 5292">
    <p class='ocr_par' dir='ltr' id='par_1_101' title="bbox 451 5200 2037 5292">
     <span class='ocr_line' id='line_1_101' title="bbox 451 5200 2037 5292; baseline 0.015 -37"><span class='ocrx_word' id='word_1_775' title='bbox 451 5200 620 5270; x_wconf 85' lang='lat' dir='ltr'><strong>ejus?</strong></span> <span class='ocrx_word' id='word_1_776' title='bbox 656 5223 675 5255; x_wconf 75' lang='grc' dir='ltr'><strong>ι</strong></span> <span class='ocrx_word' id='word_1_777' title='bbox 709 5208 803 5261; x_wconf 84' lang='grc' dir='ltr'>ιιιιὶ</span> <span class='ocrx_word' id='word_1_778' title='bbox 837 5210 1003 5266; x_wconf 87' lang='lat' dir='ltr'><strong>etiam</strong></span> <span class='ocrx_word' id='word_1_779' title='bbox 1036 5213 1214 5268; x_wconf 89' lang='lat' dir='ltr'><strong>eidem</strong></span> <span class='ocrx_word' id='word_1_780' title='bbox 1241 5230 1362 5285; x_wconf 72' lang='lat' dir='ltr'><strong>qua:</strong></span> <span class='ocrx_word' id='word_1_781' title='bbox 1389 5217 1445 5271; x_wconf 91' lang='lat' dir='ltr'><strong>in</strong></span> <span class='ocrx_word' id='word_1_782' title='bbox 1476 5217 1669 5275; x_wconf 88' lang='lat' dir='ltr'><strong>eodem</strong></span> <span class='ocrx_word' id='word_1_783' title='bbox 1703 5222 1916 5292; x_wconf 88' lang='lat' dir='ltr'><strong>psalmo</strong></span> <span class='ocrx_word' id='word_1_784' title='bbox 1947 5238 2037 5278; x_wconf 89' lang='lat' dir='ltr'><strong>se-</strong></span> 
     </span>
    </p>
   </div>
   <div class='ocr_carea' id='block_1_102' title="bbox 448 5303 2039 5376">
    <p class='ocr_par' dir='ltr' id='par_1_102' title="bbox 448 5303 2039 5376">
     <span class='ocr_line' id='line_1_102' title="bbox 448 5303 2039 5376; baseline 0.016 -30"><span class='ocrx_word' id='word_1_785' title='bbox 448 5303 697 5363; x_wconf 88' lang='lat' dir='ltr'><strong>quuntur</strong></span> <span class='ocrx_word' id='word_1_786' title='bbox 745 5303 1095 5371; x_wconf 72' lang='lat' dir='ltr'><strong>conueniant,</strong></span> <span class='ocrx_word' id='word_1_787' title='bbox 1129 5306 1185 5359; x_wconf 90' lang='lat' dir='ltr'><strong>in</strong></span> <span class='ocrx_word' id='word_1_788' title='bbox 1222 5306 1424 5376; x_wconf 88' lang='lat' dir='ltr'><strong>quibus</strong></span> <span class='ocrx_word' id='word_1_789' title='bbox 1457 5309 1664 5366; x_wconf 90' lang='lat' dir='ltr'><strong>dictum</strong></span> <span class='ocrx_word' id='word_1_790' title='bbox 1706 5322 1793 5369; x_wconf 89' lang='lat' dir='ltr'><strong>est</strong></span> <span class='ocrx_word' id='word_1_791' title='bbox 1824 5332 1841 5368; x_wconf 85' lang='lat'><strong><em>:</em></strong></span> <span class='ocrx_word' id='word_1_792' title='bbox 1877 5334 1895 5365; x_wconf 75' lang='grc' dir='ltr'><strong>ι</strong></span> <span class='ocrx_word' id='word_1_793' title='bbox 1926 5313 2039 5370; x_wconf 84' lang='lat' dir='ltr'><strong>Do-</strong></span> 
     </span>
    </p>
   </div>
   <div class='ocr_carea' id='block_1_103' title="bbox 450 5386 2039 5477">
    <p class='ocr_par' dir='ltr' id='par_1_103' title="bbox 450 5386 2039 5477">
     <span class='ocr_line' id='line_1_103' title="bbox 450 5386 2039 5477; baseline 0.015 -39"><span class='ocrx_word' id='word_1_794' title='bbox 450 5386 634 5442; x_wconf 88' lang='lat' dir='ltr'><strong>minus</strong></span> <span class='ocrx_word' id='word_1_795' title='bbox 663 5390 803 5445; x_wconf 85' lang='lat' dir='ltr'><strong>dixit</strong></span> <span class='ocrx_word' id='word_1_796' title='bbox 848 5395 914 5449; x_wconf 89' lang='lat' dir='ltr'><strong>ad</strong></span> <span class='ocrx_word' id='word_1_797' title='bbox 942 5412 1029 5451; x_wconf 88' lang='lat' dir='ltr'><strong>me</strong></span> <span class='ocrx_word' id='word_1_798' title='bbox 1061 5416 1075 5451; x_wconf 85' lang='lat'><strong>:</strong></span> <span class='ocrx_word' id='word_1_799' title='bbox 1112 5396 1285 5454; x_wconf 88' lang='lat' dir='ltr'><strong>Filius</strong></span> <span class='ocrx_word' id='word_1_800' title='bbox 1334 5416 1490 5457; x_wconf 89' lang='lat' dir='ltr'><strong>meus</strong></span> <span class='ocrx_word' id='word_1_801' title='bbox 1521 5419 1581 5459; x_wconf 90' lang='lat' dir='ltr'><strong>es</strong></span> <span class='ocrx_word' id='word_1_802' title='bbox 1611 5413 1690 5471; x_wconf 91' lang='lat' dir='ltr'><strong>tu,</strong></span> <span class='ocrx_word' id='word_1_803' title='bbox 1726 5420 1829 5477; x_wconf 90' lang='lat' dir='ltr'><strong>ego</strong></span> <span class='ocrx_word' id='word_1_804' title='bbox 1877 5406 2039 5462; x_wconf 87' lang='lat' dir='ltr'><strong>hodie</strong></span> 
     </span>
    </p>
   </div>
   <div class='ocr_carea' id='block_1_104' title="bbox 450 5476 2040 5567">
    <p class='ocr_par' dir='ltr' id='par_1_104' title="bbox 450 5476 2040 5567">
     <span class='ocr_line' id='line_1_104' title="bbox 450 5476 2040 5567; baseline 0.016 -40"><span class='ocrx_word' id='word_1_805' title='bbox 450 5476 614 5544; x_wconf 87' lang='lat' dir='ltr'><strong>genui</strong></span> <span class='ocrx_word' id='word_1_806' title='bbox 660 5487 714 5534; x_wconf 88' lang='lat' dir='ltr'><strong>te</strong></span> <span class='ocrx_word' id='word_1_807' title='bbox 740 5487 991 5552; x_wconf 82' lang='lat' dir='ltr'><strong>:postula</strong></span> <span class='ocrx_word' id='word_1_808' title='bbox 1029 5502 1061 5542; x_wconf 87' lang='lat' dir='ltr'><strong>a</strong></span> <span class='ocrx_word' id='word_1_809' title='bbox 1095 5505 1183 5544; x_wconf 91' lang='lat' dir='ltr'><strong>me</strong></span> <span class='ocrx_word' id='word_1_810' title='bbox 1207 5497 1261 5545; x_wconf 87' lang='lat' dir='ltr'><strong>et</strong></span> <span class='ocrx_word' id='word_1_811' title='bbox 1282 5489 1426 5547; x_wconf 89' lang='lat' dir='ltr'><strong>dabo</strong></span> <span class='ocrx_word' id='word_1_812' title='bbox 1457 5494 1557 5550; x_wconf 88' lang='lat' dir='ltr'><strong>tibi</strong></span> <span class='ocrx_word' id='word_1_813' title='bbox 1580 5476 1779 5567; x_wconf 13' lang='lat' dir='ltr'><strong>gentes,</strong></span> <span class='ocrx_word' id='word_1_814' title='bbox 1808 5497 2040 5555; x_wconf 57' lang='lat' dir='ltr'><strong>haeredi-</strong></span> 
     </span>
    </p>
   </div>
   <div class='ocr_carea' id='block_1_105' title="bbox 449 5570 2034 5659">
    <p class='ocr_par' dir='ltr' id='par_1_105' title="bbox 449 5570 2034 5659">
     <span class='ocr_line' id='line_1_105' title="bbox 449 5570 2034 5659; baseline 0.018 -39"><span class='ocrx_word' id='word_1_815' title='bbox 449 5570 617 5659; x_wconf 80' lang='lat' dir='ltr'><strong>tatem</strong></span> <span class='ocrx_word' id='word_1_816' title='bbox 648 5575 819 5659; x_wconf 78' lang='lat' dir='ltr'><strong>tuam,</strong></span> <span class='ocrx_word' id='word_1_817' title='bbox 834 5584 890 5631; x_wconf 90' lang='lat' dir='ltr'><strong>et</strong></span> <span class='ocrx_word' id='word_1_818' title='bbox 910 5581 1319 5647; x_wconf 80' lang='lat' dir='ltr'><strong>possessionem</strong></span> <span class='ocrx_word' id='word_1_819' title='bbox 1342 5590 1492 5640; x_wconf 88' lang='lat' dir='ltr'><strong>tuam</strong></span> <span class='ocrx_word' id='word_1_820' title='bbox 1511 5589 1778 5645; x_wconf 89' lang='lat' dir='ltr'><strong>terminos</strong></span> <span class='ocrx_word' id='word_1_821' title='bbox 1805 5597 1992 5659; x_wconf 83' lang='lat' dir='ltr'><strong>terrae;</strong></span> <span class='ocrx_word' id='word_1_822' title='bbox 2015 5610 2034 5642; x_wconf 73' lang='grc' dir='ltr'><strong>ι</strong></span> 
     </span>
    </p>
   </div>
   <div class='ocr_carea' id='block_1_106' title="bbox 447 5656 2041 5742">
    <p class='ocr_par' dir='ltr' id='par_1_106' title="bbox 447 5656 2041 5742">
     <span class='ocr_line' id='line_1_106' title="bbox 447 5656 2041 5742; baseline 0.018 -29"><span class='ocrx_word' id='word_1_823' title='bbox 447 5656 652 5713; x_wconf 88' lang='lat' dir='ltr'><strong>etenim</strong></span> <span class='ocrx_word' id='word_1_824' title='bbox 687 5658 804 5717; x_wconf 84' lang='lat' dir='ltr'><strong>haec</strong></span> <span class='ocrx_word' id='word_1_825' title='bbox 844 5682 1063 5739; x_wconf 86' lang='lat' dir='ltr'><strong>quoque</strong></span> <span class='ocrx_word' id='word_1_826' title='bbox 1117 5672 1485 5735; x_wconf 86' lang='lat' dir='ltr'><strong>indubitatum</strong></span> <span class='ocrx_word' id='word_1_827' title='bbox 1537 5682 1592 5738; x_wconf 92' lang='lat' dir='ltr'><strong>in</strong></span> <span class='ocrx_word' id='word_1_828' title='bbox 1615 5699 1723 5740; x_wconf 91' lang='lat' dir='ltr'><strong>uno</strong></span> <span class='ocrx_word' id='word_1_829' title='bbox 1754 5684 1848 5740; x_wconf 92' lang='lat' dir='ltr'><strong>illo</strong></span> <span class='ocrx_word' id='word_1_830' title='bbox 1879 5656 2041 5742; x_wconf 85' lang='lat' dir='ltr'><strong>even-</strong></span> 
     </span>
    </p>
   </div>
   <div class='ocr_carea' id='block_1_107' title="bbox 523 5808 1449 5890">
    <p class='ocr_par' dir='ltr' id='par_1_107' title="bbox 523 5808 1449 5890">
     <span class='ocr_line' id='line_1_107' title="bbox 523 5808 1449 5890; baseline 0.025 -22"><span class='ocrx_word' id='word_1_831' title='bbox 523 5808 738 5874; x_wconf 74' lang='lat' dir='ltr'><strong>&quot;Psal.</strong></span> <span class='ocrx_word' id='word_1_832' title='bbox 785 5836 846 5889; x_wconf 88' lang='grc' dir='ltr'><strong>ιι,</strong></span> <span class='ocrx_word' id='word_1_833' title='bbox 899 5824 916 5877; x_wconf 80' lang='grc' dir='ltr'><strong>Ι</strong></span> <span class='ocrx_word' id='word_1_834' title='bbox 956 5822 1009 5877; x_wconf 73' lang='lat'><strong>2.</strong></span> <span class='ocrx_word' id='word_1_835' title='bbox 1088 5829 1131 5861; x_wconf 80' lang='grc'><strong>³⁸</strong></span> <span class='ocrx_word' id='word_1_836' title='bbox 1158 5829 1291 5887; x_wconf 79' lang='lat' dir='ltr'><strong>ibid.</strong></span> <span class='ocrx_word' id='word_1_837' title='bbox 1334 5832 1449 5890; x_wconf 83' lang='lat'><strong>6-8.</strong></span> 
     </span>
    </p>
   </div>
   <div class='ocr_carea' id='block_1_108' title="bbox 2150 4659 3733 4740">
    <p class='ocr_par' dir='ltr' id='par_1_108' title="bbox 2150 4659 3733 4740">
     <span class='ocr_line' id='line_1_108' title="bbox 2150 4659 3733 4740; baseline -0.006 -18"><span class='ocrx_word' id='word_1_838' title='bbox 2150 4668 2270 4739; x_wconf 86' lang='grc' dir='ltr'>γίου</span> <span class='ocrx_word' id='word_1_839' title='bbox 2291 4686 2306 4701; x_wconf 78' lang='grc' dir='ltr'><strong>ο</strong></span> <span class='ocrx_word' id='word_1_840' title='bbox 2339 4688 2358 4720; x_wconf 74' lang='grc' dir='ltr'><strong>ι</strong></span> <span class='ocrx_word' id='word_1_841' title='bbox 2390 4668 2751 4740; x_wconf 80' lang='grc' dir='ltr'>Παρέστησαν</span> <span class='ocrx_word' id='word_1_842' title='bbox 2781 4668 2831 4722; x_wconf 80' lang='lat' dir='ltr'><strong>oi</strong></span> <span class='ocrx_word' id='word_1_843' title='bbox 2872 4665 3114 4737; x_wconf 85' lang='grc' dir='ltr'>βασιλεῖς</span> <span class='ocrx_word' id='word_1_844' title='bbox 3139 4664 3238 4735; x_wconf 80' lang='grc' dir='ltr'>τῆς</span> <span class='ocrx_word' id='word_1_845' title='bbox 3271 4662 3396 4732; x_wconf 82' lang='grc' dir='ltr'>γῆς,</span> <span class='ocrx_word' id='word_1_846' title='bbox 3428 4660 3522 4714; x_wconf 69' lang='grc' dir='ltr'>καὶ</span> <span class='ocrx_word' id='word_1_847' title='bbox 3552 4662 3601 4713; x_wconf 84' lang='grc' dir='ltr'>οἱ</span> <span class='ocrx_word' id='word_1_848' title='bbox 3633 4659 3733 4731; x_wconf 80' lang='grc' dir='ltr'>ἀρ-</span> 
     </span>
    </p>
   </div>
   <div class='ocr_carea' id='block_1_109' title="bbox 2151 4750 3736 4836">
    <p class='ocr_par' dir='ltr' id='par_1_109' title="bbox 2151 4750 3736 4836">
     <span class='ocr_line' id='line_1_109' title="bbox 2151 4750 3736 4836; baseline -0.009 -18"><span class='ocrx_word' id='word_1_849' title='bbox 2151 4780 2337 4836; x_wconf 87' lang='grc' dir='ltr'>χοντες</span> <span class='ocrx_word' id='word_1_850' title='bbox 2363 4761 2708 4834; x_wconf 80' lang='grc' dir='ltr'>συνήχθησαν</span> <span class='ocrx_word' id='word_1_851' title='bbox 2739 4761 2831 4815; x_wconf 70' lang='grc' dir='ltr'>ἐπὶ</span> <span class='ocrx_word' id='word_1_852' title='bbox 2852 4760 2912 4814; x_wconf 78' lang='grc' dir='ltr'>τὸ</span> <span class='ocrx_word' id='word_1_853' title='bbox 2943 4758 3076 4814; x_wconf 81' lang='grc' dir='ltr'>αὐτὸ</span> <span class='ocrx_word' id='word_1_854' title='bbox 3099 4756 3237 4811; x_wconf 78' lang='grc' dir='ltr'>κατὰ</span> <span class='ocrx_word' id='word_1_855' title='bbox 3271 4755 3364 4810; x_wconf 82' lang='grc' dir='ltr'><strong>τοῦ</strong></span> <span class='ocrx_word' id='word_1_856' title='bbox 3398 4754 3603 4826; x_wconf 85' lang='grc' dir='ltr'>Κυρίου</span> <span class='ocrx_word' id='word_1_857' title='bbox 3642 4750 3736 4805; x_wconf 77' lang='grc' dir='ltr'>καὶ</span> 
     </span>
    </p>
   </div>
   <div class='ocr_carea' id='block_1_110' title="bbox 2151 4845 3735 4926">
    <p class='ocr_par' dir='ltr' id='par_1_110' title="bbox 2151 4845 3735 4926">
     <span class='ocr_line' id='line_1_110' title="bbox 2151 4845 3735 4926; baseline -0.009 -16"><span class='ocrx_word' id='word_1_858' title='bbox 2151 4854 2293 4910; x_wconf 87' lang='grc' dir='ltr'>κατὰ</span> <span class='ocrx_word' id='word_1_859' title='bbox 2313 4854 2406 4909; x_wconf 91' lang='grc' dir='ltr'><strong>τοῦ</strong></span> <span class='ocrx_word' id='word_1_860' title='bbox 2428 4853 2664 4926; x_wconf 87' lang='grc' dir='ltr'>Χριστοῦ</span> <span class='ocrx_word' id='word_1_861' title='bbox 2689 4852 2887 4920; x_wconf 76' lang='grc' dir='ltr'>αὐτοῦς</span> <span class='ocrx_word' id='word_1_862' title='bbox 2919 4872 2936 4904; x_wconf 80' lang='grc' dir='ltr'><strong>ι</strong></span> <span class='ocrx_word' id='word_1_863' title='bbox 2970 4851 3134 4920; x_wconf 86' lang='grc' dir='ltr'>Μόνῳ</span> <span class='ocrx_word' id='word_1_864' title='bbox 3156 4849 3212 4903; x_wconf 89' lang='grc' dir='ltr'><strong>δέ</strong></span> <span class='ocrx_word' id='word_1_865' title='bbox 3229 4846 3377 4918; x_wconf 82' lang='grc' dir='ltr'>αὐτῷ</span> <span class='ocrx_word' id='word_1_866' title='bbox 3404 4847 3496 4901; x_wconf 59' lang='grc' dir='ltr'><strong>καὶ⁸</strong></span> <span class='ocrx_word' id='word_1_867' title='bbox 3522 4845 3593 4899; x_wconf 81' lang='grc' dir='ltr'>τὰ</span> <span class='ocrx_word' id='word_1_868' title='bbox 3618 4846 3735 4897; x_wconf 87' lang='grc' dir='ltr'>ἐπι-</span> 
     </span>
    </p>
   </div>
   <div class='ocr_carea' id='block_1_111' title="bbox 2151 4931 3729 5019">
    <p class='ocr_par' dir='ltr' id='par_1_111' title="bbox 2151 4931 3729 5019">
     <span class='ocr_line' id='line_1_111' title="bbox 2151 4931 3729 5019; baseline -0.01 -17"><span class='ocrx_word' id='word_1_869' title='bbox 2151 4948 2429 5019; x_wconf 78' lang='grc' dir='ltr'>φερόμενα</span> <span class='ocrx_word' id='word_1_870' title='bbox 2475 4945 2736 5017; x_wconf 88' lang='grc' dir='ltr'>ἀρμόττοι</span> <span class='ocrx_word' id='word_1_871' title='bbox 2769 4944 2836 4999; x_wconf 83' lang='grc' dir='ltr'>ἂν</span> <span class='ocrx_word' id='word_1_872' title='bbox 2866 4942 2961 4996; x_wconf 86' lang='grc' dir='ltr'><strong>τοῦ</strong></span> <span class='ocrx_word' id='word_1_873' title='bbox 3002 4938 3220 5013; x_wconf 77' lang='grc' dir='ltr'>ψαλμοῦ</span> <span class='ocrx_word' id='word_1_874' title='bbox 3263 4940 3331 4993; x_wconf 83' lang='grc' dir='ltr'><strong>δι’</strong></span> <span class='ocrx_word' id='word_1_875' title='bbox 3358 4931 3432 4991; x_wconf 81' lang='grc' dir='ltr'>ὧν</span> <span class='ocrx_word' id='word_1_876' title='bbox 3472 4936 3687 5007; x_wconf 76' lang='grc' dir='ltr'>εἴρηται</span> <span class='ocrx_word' id='word_1_877' title='bbox 3712 4950 3729 4965; x_wconf 77' lang='grc' dir='ltr'><strong>ο</strong></span> 
     </span>
    </p>
   </div>
   <div class='ocr_carea' id='block_1_112' title="bbox 2155 5028 3732 5111">
    <p class='ocr_par' dir='ltr' id='par_1_112' title="bbox 2155 5028 3732 5111">
     <span class='ocr_line' id='line_1_112' title="bbox 2155 5028 3732 5111; baseline -0.007 -20"><span class='ocrx_word' id='word_1_878' title='bbox 2155 5059 2173 5091; x_wconf 73' lang='grc' dir='ltr'><strong>ι</strong></span> <span class='ocrx_word' id='word_1_879' title='bbox 2202 5039 2405 5111; x_wconf 84' lang='grc' dir='ltr'>Κύριος</span> <span class='ocrx_word' id='word_1_880' title='bbox 2429 5033 2549 5092; x_wconf 81' lang='grc' dir='ltr'>εἷπε</span> <span class='ocrx_word' id='word_1_881' title='bbox 2575 5038 2714 5109; x_wconf 78' lang='grc' dir='ltr'>πρὸς</span> <span class='ocrx_word' id='word_1_882' title='bbox 2744 5038 2838 5109; x_wconf 83' lang='grc' dir='ltr'>μέ·</span> <span class='ocrx_word' id='word_1_883' title='bbox 2872 5036 3001 5100; x_wconf 77' lang='grc' dir='ltr'>Υἱός</span> <span class='ocrx_word' id='word_1_884' title='bbox 3037 5051 3136 5106; x_wconf 89' lang='grc' dir='ltr'><strong>μου</strong></span> <span class='ocrx_word' id='word_1_885' title='bbox 3166 5028 3217 5087; x_wconf 85' lang='grc' dir='ltr'>εἷ</span> <span class='ocrx_word' id='word_1_886' title='bbox 3238 5032 3323 5097; x_wconf 75' lang='grc' dir='ltr'>σὺ,</span> <span class='ocrx_word' id='word_1_887' title='bbox 3357 5029 3468 5101; x_wconf 89' lang='grc' dir='ltr'><strong>ἐγὼ</strong></span> <span class='ocrx_word' id='word_1_888' title='bbox 3497 5030 3732 5101; x_wconf 78' lang='grc' dir='ltr'>σήμερον</span> 
     </span>
    </p>
   </div>
   <div class='ocr_carea' id='block_1_113' title="bbox 2148 5121 3728 5205">
    <p class='ocr_par' dir='ltr' id='par_1_113' title="bbox 2148 5121 3728 5205">
     <span class='ocr_line' id='line_1_113' title="bbox 2148 5121 3728 5205; baseline -0.009 -17"><span class='ocrx_word' id='word_1_889' title='bbox 2148 5132 2452 5205; x_wconf 84' lang='grc' dir='ltr'>γεγέννηκά</span> <span class='ocrx_word' id='word_1_890' title='bbox 2480 5150 2561 5188; x_wconf 89' lang='grc' dir='ltr'><strong>σε.</strong></span> <span class='ocrx_word' id='word_1_891' title='bbox 2596 5131 2827 5203; x_wconf 83' lang='grc' dir='ltr'>Αίτησαι</span> <span class='ocrx_word' id='word_1_892' title='bbox 2858 5132 2987 5203; x_wconf 86' lang='grc' dir='ltr'>παρ’</span> <span class='ocrx_word' id='word_1_893' title='bbox 3014 5127 3171 5201; x_wconf 90' lang='grc' dir='ltr'>ἐμοῦ,</span> <span class='ocrx_word' id='word_1_894' title='bbox 3197 5126 3290 5180; x_wconf 76' lang='grc' dir='ltr'>καὶ</span> <span class='ocrx_word' id='word_1_895' title='bbox 3319 5125 3475 5179; x_wconf 82' lang='grc' dir='ltr'>δώσω</span> <span class='ocrx_word' id='word_1_896' title='bbox 3498 5140 3580 5177; x_wconf 86' lang='grc' dir='ltr'><strong>σοι</strong></span> <span class='ocrx_word' id='word_1_897' title='bbox 3602 5121 3728 5192; x_wconf 78' lang='grc' dir='ltr'>ἔθνη</span> 
     </span>
    </p>
   </div>
   <div class='ocr_carea' id='block_1_114' title="bbox 2147 5210 3734 5297">
    <p class='ocr_par' dir='ltr' id='par_1_114' title="bbox 2147 5210 3734 5297">
     <span class='ocr_line' id='line_1_114' title="bbox 2147 5210 3734 5297; baseline -0.008 -21"><span class='ocrx_word' id='word_1_898' title='bbox 2147 5223 2246 5295; x_wconf 85' lang='grc' dir='ltr'>τὴν</span> <span class='ocrx_word' id='word_1_899' title='bbox 2296 5223 2660 5297; x_wconf 88' lang='grc' dir='ltr'>κληρονομίαν</span> <span class='ocrx_word' id='word_1_900' title='bbox 2708 5239 2826 5285; x_wconf 92' lang='grc' dir='ltr'>σου,</span> <span class='ocrx_word' id='word_1_901' title='bbox 2862 5220 2960 5274; x_wconf 70' lang='grc' dir='ltr'>καὶ</span> <span class='ocrx_word' id='word_1_902' title='bbox 3000 5218 3099 5290; x_wconf 86' lang='grc' dir='ltr'>τὴν</span> <span class='ocrx_word' id='word_1_903' title='bbox 3149 5215 3477 5287; x_wconf 79' lang='grc' dir='ltr'>κατάσχεσιν</span> <span class='ocrx_word' id='word_1_904' title='bbox 3522 5229 3615 5266; x_wconf 92' lang='grc' dir='ltr'><strong>σου</strong></span> <span class='ocrx_word' id='word_1_905' title='bbox 3661 5210 3734 5264; x_wconf 75' lang='grc' dir='ltr'>τὰ</span> 
     </span>
    </p>
   </div>
   <div class='ocr_carea' id='block_1_115' title="bbox 2148 5304 3732 5387">
    <p class='ocr_par' dir='ltr' id='par_1_115' title="bbox 2148 5304 3732 5387">
     <span class='ocr_line' id='line_1_115' title="bbox 2148 5304 3732 5387; baseline -0.015 -8"><span class='ocrx_word' id='word_1_906' title='bbox 2148 5315 2363 5386; x_wconf 81' lang='grc' dir='ltr'>πέρατα</span> <span class='ocrx_word' id='word_1_907' title='bbox 2400 5316 2497 5387; x_wconf 81' lang='grc' dir='ltr'>τῆς</span> <span class='ocrx_word' id='word_1_908' title='bbox 2524 5315 2649 5386; x_wconf 77' lang='grc' dir='ltr'>γῆς.</span> <span class='ocrx_word' id='word_1_909' title='bbox 2681 5336 2698 5367; x_wconf 72' lang='grc' dir='ltr'><em>υ</em></span> <span class='ocrx_word' id='word_1_910' title='bbox 2735 5314 2846 5368; x_wconf 57' lang='grc' dir='ltr'><strong>Καὶ⁸</strong></span> <span class='ocrx_word' id='word_1_911' title='bbox 2870 5313 2981 5386; x_wconf 87' lang='grc' dir='ltr'><strong>γάρ</strong></span> <span class='ocrx_word' id='word_1_912' title='bbox 3007 5312 3103 5366; x_wconf 77' lang='grc' dir='ltr'>καὶ</span> <span class='ocrx_word' id='word_1_913' title='bbox 3131 5309 3301 5365; x_wconf 83' lang='grc' dir='ltr'>ταῦτα</span> <span class='ocrx_word' id='word_1_914' title='bbox 3331 5304 3732 5379; x_wconf 81' lang='grc' dir='ltr'>ἀναμῳίλεκτον</span> 
     </span>
    </p>
   </div>
   <div class='ocr_carea' id='block_1_116' title="bbox 2148 5395 3733 5480">
    <p class='ocr_par' dir='ltr' id='par_1_116' title="bbox 2148 5395 3733 5480">
     <span class='ocr_line' id='line_1_116' title="bbox 2148 5395 3733 5480; baseline 0.003 -21"><span class='ocrx_word' id='word_1_915' title='bbox 2148 5408 2242 5459; x_wconf 73' lang='grc' dir='ltr'>ἐπὶ</span> <span class='ocrx_word' id='word_1_916' title='bbox 2273 5408 2436 5478; x_wconf 87' lang='grc' dir='ltr'>μόνου</span> <span class='ocrx_word' id='word_1_917' title='bbox 2463 5407 2630 5460; x_wconf 77' lang='grc' dir='ltr'>αὑτοῦ</span> <span class='ocrx_word' id='word_1_918' title='bbox 2659 5407 2758 5480; x_wconf 79' lang='grc' dir='ltr'>τὴν</span> <span class='ocrx_word' id='word_1_919' title='bbox 2792 5406 3017 5461; x_wconf 78' lang='grc' dir='ltr'>ἔκϐασιν</span> <span class='ocrx_word' id='word_1_920' title='bbox 3037 5404 3136 5475; x_wconf 83' lang='grc' dir='ltr'>τῆς</span> <span class='ocrx_word' id='word_1_921' title='bbox 3164 5398 3498 5474; x_wconf 73' lang='grc' dir='ltr'>προφητείας</span> <span class='ocrx_word' id='word_1_922' title='bbox 3519 5395 3733 5467; x_wconf 68' lang='grc' dir='ltr'>ἀνείληκ</span> 
     </span>
    </p>
   </div>
   <div class='ocr_carea' id='block_1_117' title="bbox 2148 5487 3731 5573">
    <p class='ocr_par' dir='ltr' id='par_1_117' title="bbox 2148 5487 3731 5573">
     <span class='ocr_line' id='line_1_117' title="bbox 2148 5487 3731 5573; baseline -0.009 -20"><span class='ocrx_word' id='word_1_923' title='bbox 2148 5516 2268 5568; x_wconf 80' lang='grc' dir='ltr'>φεν,</span> <span class='ocrx_word' id='word_1_924' title='bbox 2291 5501 2381 5553; x_wconf 87' lang='grc' dir='ltr'>ὅτε</span> <span class='ocrx_word' id='word_1_925' title='bbox 2403 5499 2510 5554; x_wconf 87' lang='grc' dir='ltr'><strong>τῶν</strong></span> <span class='ocrx_word' id='word_1_926' title='bbox 2537 5500 2702 5555; x_wconf 79' lang='grc' dir='ltr'>αὐτοῦ</span> <span class='ocrx_word' id='word_1_927' title='bbox 2729 5498 2988 5573; x_wconf 90' lang='grc' dir='ltr'>μαθητῶν</span> <span class='ocrx_word' id='word_1_928' title='bbox 3008 5500 3088 5561; x_wconf 86' lang='grc' dir='ltr'><strong>εἰς</strong></span> <span class='ocrx_word' id='word_1_929' title='bbox 3113 5497 3293 5550; x_wconf 78' lang='grc' dir='ltr'>πᾶσαν</span> <span class='ocrx_word' id='word_1_930' title='bbox 3321 5492 3419 5564; x_wconf 85' lang='grc' dir='ltr'>τὴν</span> <span class='ocrx_word' id='word_1_931' title='bbox 3446 5492 3549 5561; x_wconf 82' lang='grc' dir='ltr'>γῆν</span> <span class='ocrx_word' id='word_1_932' title='bbox 3575 5487 3731 5557; x_wconf 76' lang='grc' dir='ltr'>ἐξῆλ-</span> 
     </span>
    </p>
   </div>
   <div class='ocr_carea' id='block_1_118' title="bbox 2149 5579 3732 5662">
    <p class='ocr_par' dir='ltr' id='par_1_118' title="bbox 2149 5579 3732 5662">
     <span class='ocr_line' id='line_1_118' title="bbox 2149 5579 3732 5662; baseline -0.009 -14"><span class='ocrx_word' id='word_1_933' title='bbox 2149 5593 2240 5648; x_wconf 89' lang='grc' dir='ltr'><strong>θεν</strong></span> <span class='ocrx_word' id='word_1_934' title='bbox 2271 5594 2300 5646; x_wconf 89' lang='grc' dir='ltr'>ὁ</span> <span class='ocrx_word' id='word_1_935' title='bbox 2333 5591 2588 5662; x_wconf 79' lang='grc' dir='ltr'>φθόγγος,</span> <span class='ocrx_word' id='word_1_936' title='bbox 2614 5596 2707 5648; x_wconf 75' lang='grc' dir='ltr'><strong>καὶ</strong></span> <span class='ocrx_word' id='word_1_937' title='bbox 2730 5596 2811 5657; x_wconf 77' lang='grc' dir='ltr'>εἰς</span> <span class='ocrx_word' id='word_1_938' title='bbox 2838 5593 2909 5647; x_wconf 85' lang='grc' dir='ltr'>τὰ</span> <span class='ocrx_word' id='word_1_939' title='bbox 2934 5591 3146 5662; x_wconf 86' lang='grc' dir='ltr'>πέρατα</span> <span class='ocrx_word' id='word_1_940' title='bbox 3177 5588 3277 5659; x_wconf 83' lang='grc' dir='ltr'>τῆς</span> <span class='ocrx_word' id='word_1_941' title='bbox 3302 5581 3626 5655; x_wconf 80' lang='grc' dir='ltr'>οἰκουμένης</span> <span class='ocrx_word' id='word_1_942' title='bbox 3672 5579 3732 5634; x_wconf 76' lang='grc' dir='ltr'><strong>εά</strong></span> 
     </span>
    </p>
   </div>
   <div class='ocr_carea' id='block_1_119' title="bbox 2150 5672 3735 5758">
    <p class='ocr_par' dir='ltr' id='par_1_119' title="bbox 2150 5672 3735 5758">
     <span class='ocr_line' id='line_1_119' title="bbox 2150 5672 3735 5758; baseline -0.008 -16"><span class='ocrx_word' id='word_1_943' title='bbox 2150 5687 2373 5758; x_wconf 75' lang='grc' dir='ltr'>ῥήματα</span> <span class='ocrx_word' id='word_1_944' title='bbox 2408 5686 2607 5741; x_wconf 75' lang='grc' dir='ltr'>αὐτῶν.</span> <span class='ocrx_word' id='word_1_945' title='bbox 2639 5707 2657 5739; x_wconf 72' lang='grc' dir='ltr'><strong>ι</strong></span> <span class='ocrx_word' id='word_1_946' title='bbox 2694 5685 2999 5758; x_wconf 81' lang='grc' dir='ltr'>Διαρῥήδην</span> <span class='ocrx_word' id='word_1_947' title='bbox 3044 5683 3100 5737; x_wconf 87' lang='grc' dir='ltr'><strong>δέ</strong></span> <span class='ocrx_word' id='word_1_948' title='bbox 3144 5680 3237 5735; x_wconf 77' lang='grc' dir='ltr'><strong>τὸν</strong></span> <span class='ocrx_word' id='word_1_949' title='bbox 3267 5677 3504 5753; x_wconf 76' lang='grc' dir='ltr'>Χριστὸν</span> <span class='ocrx_word' id='word_1_950' title='bbox 3537 5672 3735 5749; x_wconf 68' lang='grc' dir='ltr'>ὀνομά-</span> 
     </span>
    </p>
   </div>
  </div>
