4126 6444
444 397 553 456 309

1362 398 2016 460 DEMONSTRATIONIS
2052 402 2510 461 EVANGELICAB
2542 404 2671 462 LIB.
2707 404 2797 462 IV.

3583 409 3689 464 3H)

444 518 528 583 ζει
560 511 969 587 προαγορεύσεις
995 514 1025 566 ό
1051 512 1226 582 λόγος,
1254 514 1328 578 ώς
1353 515 1417 571 ἂν
1445 517 1505 582 ἐξ
1531 517 1694 571 αὐτοῦ
1722 518 2001 590 προσώποι

2118 527 2232 574 tum
2262 520 2558 590 prophetia:
2586 530 2746 577 nacta
2789 528 2935 585 sunt,
2967 521 3185 592 quando
3219 522 3364 578 illius
3393 523 3689 597 discipulo-

438 606 709 660 διδάσκων
757 604 915 658 αὐτὸν
965 598 1102 656 εἶναι
1153 603 1243 657 τὸν
1277 603 1404 660 Υίὸν
1441 606 1536 660 τοῦ
1573 605 1729 673 Θεοῦ,
1769 606 1856 660 διά
1896 606 2012 673 τοῦ,

444 717 464 749 ί
495 695 701 767 Κύριος
737 693 857 747 εἶπε
891 693 1025 766 πρὸς
1059 694 1127 766 μέ
1149 711 1162 725 ⁸
1197 694 1324 759 Υἱός
1359 713 1459 768 μου
1492 691 1542 749 εἴ
1569 698 1655 761 σὺ,
1691 695 1801 765 ἐγὼ
1846 698 2019 769 σήμε-

440 805 533 861 ρον
565 784 871 857 γεγέννηκά
910 803 969 839 σε
1007 802 1021 817 ο
1063 804 1082 838 ›
1131 779 1175 854 ᾧ
1219 787 1555 858 παραθήσεις
1592 788 1777 841 καὶτὸ
1806 790 1863 841 ὲν
1896 789 2012 842 Πα-

438 879 680 955 ροιμίαις
713 876 875 932 πάλιν
906 876 967 942 ἐξ
989 876 1154 933 αὐτοῦ
1190 877 1480 949 προσώπου
1505 871 1606 933 ὧδέ
1643 899 1758 945 πως
1787 881 2011 952 εἰρημέ-

439 990 528 1027 νον
546 988 559 1005 ·
604 988 625 1022 ι
654 968 768 1043 Πρὸ
792 967 885 1023 τοῦ
919 967 1019 1040 ὅρη
1054 968 1400 1041 έδρασθῆναιζ
1434 969 1540 1041 πρὸ
1567 970 1623 1023 δὲ
1644 971 1860 1025 πάντων
1889 971 2011 1042 βου-

440 1062 545 1117 νῶν
570 1062 736 1133 γεννᾷ
769 1075 857 1131 με,
886 1079 905 1113 ι
937 1059 998 1112 τό
1025 1077 1084 1112 τε
1116 1062 1173 1113 ὲν
1204 1059 1283 1132 ρθ¹
1302 1059 1500 1137 ψαλμῷ
1521 1063 1656 1133 πρὸς
1686 1061 1777 1115 τοῦ
1799 1063 2013 1134 Πατρὸς

444 1155 584 1227 αὐτῷ
615 1152 1145 1226 προσπεφωνημένον
1175 1153 1318 1207 κατά
1346 1153 1426 1221 τὸ,
1451 1172 1471 1205 (
1516 1155 1607 1208 Ἐκ
1639 1156 1872 1227 γαστρὸς
1904 1156 2011 1227 πρὸ

449 1248 754 1319 Ἑωσφόρου
776 1246 1079 1316 γεγέννηκά
1102 1262 1181 1299 σε.
1210 1266 1228 1297 ι
1249 1246 1570 1317 Ἐπίστησον
1596 1247 1672 1312 δὲ,
1699 1248 1774 1312 ὡς
1797 1249 1892 1302 ἕνα
1916 1248 2008 1302 καὶ

340 1372 347 1379 ο
436 1342 526 1396 τὸν
551 1340 713 1394 αὑτὸν
737 1340 994 1411 ὀνομαστὶ
1024 1338 1257 1410 Χριστὸν
1287 1336 1423 1408 ὁμοῦ
1470 1339 1564 1391 καὶ
1589 1339 1716 1393 Υίδν
1749 1339 1884 1392 Θεοῦ
1915 1340 2006 1392 ὑπ’

430 1431 732 1506 ἀνθρώπων
763 1430 1260 1501 ἐπιϐουλευόμενον,
1295 1428 1388 1481 καὶ
1421 1429 1621 1502 κλῆρον
1649 1430 1716 1483 τὰ
1755 1430 1883 1501 ἔθνη
1908 1430 2006 1500 λη-

429 1523 684 1596 ψόμενον,
715 1525 966 1597 περάτων
994 1540 1053 1576 τε
1076 1523 1181 1594 γῆς
1210 1523 1553 1595 κρατήσοντα
1584 1522 1926 1589 θεσπίζουσιν
1949 1526 2004 1577 αἱ

430 1616 576 1691 ἱεραὶ
629 1617 861 1689 Γραφαὶ,
898 1615 1019 1669 δυσὶ
1050 1613 1369 1686 τεκμηρίοις
1416 1613 1513 1684 τὴν
1562 1616 1640 1678 εἰς
1688 1613 2005 1686 ἀνθρώπους

426 1709 739 1780 οἰκονομίαν
781 1708 945 1763 αὐτοῦ
982 1710 1366 1780 σημαίνουσαι,
1400 1706 1490 1760 διά
1523 1724 1583 1760 τε
1612 1707 1711 1778 τῆς
1742 1706 1862 1759 κατ’
1901 1706 2001 1758 αὐ-

425 1801 521 1853 τοῦ
562 1800 831 1871 ωσκευῆς
862 1800 960 1854 καὶ
990 1799 1081 1854 διά
1106 1801 1207 1872 τῆς
1234 1800 1326 1853 ὑπ’
1350 1798 1510 1853 αὐτὸν
1542 1799 1648 1852 τῶν
1673 1796 1839 1852 ἐθνῶν
1869 1798 2002 1850 ὑπο-

425 1908 623 1961 ταγης.

2122 625 2244 663 rum
2282 628 2300 661 ί
2338 610 2395 665 in
2426 625 2640 665 onmem
2689 619 2889 666 terram
2936 610 3102 666 exivit
3150 626 3340 676 sonus,
3373 620 3427 667 et
3459 614 3515 668 in
3554 614 3689 671 ﬁnes

2119 697 2269 753 orbis
2294 704 2453 753 terrae
2478 700 2641 754 verba
2671 714 2859 755 eorum
2876 698 2943 754 ”.
2970 719 2990 752 ι
3022 698 3186 756 Plane
3204 709 3381 757 autem
3407 702 3687 759 Christum

2119 788 2364 843 nominat
2408 804 2528 859 quae
2567 791 2840 845 antecedit
2891 792 3085 855 oratio,
3120 800 3381 862 tanquam
3414 809 3482 848 ex
3514 794 3688 864 ipsius

2119 894 2351 949 persona
2405 879 2629 945 docens,
2665 882 2816 936 illum
2869 898 2991 938 esse
3038 881 3236 937 Filium
3276 882 3393 946 Dei,
3429 884 3523 939 ubi
3560 886 3682 941 ait:

2124 989 2141 1022 ι
2181 970 2441 1027 Dominus
2473 970 2611 1026 dixit
2636 972 2704 1025 ad
2741 987 2859 1027 me:
2892 971 3062 1028 Filius
3090 989 3243 1029 meus
3264 989 3325 1029 es
3354 983 3433 1039 tu,
3462 990 3559 1046 ego
3588 975 3686 1030 ho-

2117 1062 2203 1117 die
2248 1062 2408 1133 genui
2440 1070 2524 1128 te;
2570 1082 2589 1114 ι
2641 1064 2729 1118 cui
2773 1064 3037 1135 adjunges
3082 1066 3246 1121 etiam
3281 1066 3415 1121 illud
3452 1067 3597 1138 quod
3628 1069 3684 1122 in

2115 1154 2425 1211 Proverbiis
2438 1155 2483 1188 “
2513 1171 2579 1210 ex
2627 1171 2859 1226 persona
2894 1156 3138 1226 ejusdem
3193 1158 3458 1227 prolatum
3490 1169 3574 1214 est
3614 1160 3683 1214 ad

2112 1248 2261 1302 hunc
2305 1248 2526 1302 modum
2560 1263 2619 1302 se
2657 1248 2909 1303 habens:
2949 1267 2967 1299 ι
3005 1250 3307 1319 Antequam
3337 1259 3550 1307 montes
3591 1256 3684 1305 llr-

2112 1351 2410 1404 marentur,
2427 1350 2481 1396 et
2512 1350 2637 1396 ante
2669 1356 2862 1397 omnes
2890 1342 3059 1397 colles
3088 1343 3259 1414 gignit
3286 1360 3392 1411 me,
3419 1356 3517 1399 ret
3535 1344 3682 1416 quod

2113 1430 2167 1485 in
2187 1446 2274 1486 eux
2292 1430 2335 1463 δι
2381 1431 2592 1501 psalmo
2622 1445 2652 1484 a
2691 1429 2851 1486 Patre
2880 1432 2948 1485 ad
2981 1432 3134 1488 illum
3165 1434 3368 1490 dictum
3428 1442 3532 1499 est,
3580 1435 3684 1492 hoc

2113 1521 2277 1576 modo
2302 1537 2315 1573 :
2345 1540 2363 1572 ι
2391 1520 2468 1575 Ex
2502 1531 2659 1575 utero
2687 1528 2811 1576 ante
2832 1521 3144 1578 Luciferum
3172 1524 3329 1594 genui
3357 1532 3426 1580 te.
3465 1545 3484 1576 ι
3522 1522 3684 1596 184

2113 1610 2222 1668 Sed
2262 1611 2500 1679 attende,
2536 1612 2992 1683 quemadmodum
3023 1630 3191 1669 unum
3225 1625 3279 1670 et
3304 1616 3553 1671 eumdem
3584 1631 3683 1669 no-

2108 1705 2357 1758 minatim
2393 1703 2671 1760 Christum
2702 1702 2865 1759 simul
2893 1713 2947 1760 et
2975 1704 3173 1761 Filium
3210 1706 3323 1772 Dei,
3351 1707 3443 1777 qui
3481 1707 3551 1762 ab
3584 1706 3682 1759 ho-

2107 1796 2349 1851 minibus
2379 1797 2449 1851 sit
2470 1796 3071 1862 eireumveniendus,et
3093 1807 3293 1854 sortem
3317 1805 3503 1869 gentes
3527 1811 3681 1851 acce-

2094 1893 2324 1956 pturus,
2354 1892 2407 1940 et
2456 1886 2591 1941 ﬁnes
2644 1894 2804 1940 terrae
2846 1900 3227 1956 possessurus,
3280 1902 3450 1943 sacrae
3489 1887 3679 1941 litterae

428 1984 672 2040 futurum
706 1992 925 2049 canant,
954 1984 1165 2041 duobus
1197 1984 1369 2055 signis
1397 1983 1545 2040 illius
1604 1986 1747 2039 inter
1778 1981 2027 2037 homines
2090 1978 2556 2050 dispensationem
2600 1977 2989 2049 signiﬁcantes,
3049 1990 3103 2033 et
3144 1979 3546 2049 conspiratione
3583 1978 3679 2033 ad-

424 2092 619 2133 versus
678 2077 829 2133 illum
880 2075 1061 2131 futura
1086 2082 1140 2132 et
1165 2077 1406 2147 gentium
1445 2078 1548 2133 sub
1578 2077 1828 2133 eumdem
1864 2073 2222 2145 subjectione.

430 2192 680 2263 Ψαλμοῦ
713 2196 801 2249 ιθν.
826 2223 898 2265 --_
922 2193 1175 2265 Χριστὸς
1199 2196 1486 2265 ὀνομαστὶ
1512 2195 1631 2248 τῶν
1661 2195 1998 2264 αἰτημάτων

2104 2192 2140 2245 Α
2177 2191 2382 2261 psalmo
2413 2207 2525 2245 xxx.
2574 2223 2643 2265 —-_
2689 2191 2931 2265 Christus
2983 2190 3295 2265 nominatim
3352 2206 3673 2261 quwcunque

754 2263 913 2332 παρὰ
946 2264 1050 2318 τοῦ
1078 2263 1314 2333 Πατρός(
1332 2265 1664 2335 τυγχάνων.

495 2373 518 2403 ι
548 2352 839 2426 Πληρώσαι
871 2353 1076 2425 Κύριος
1108 2355 1286 2409 πάντα
1323 2355 1391 2408 τὰ
1418 2355 1695 2426 αἰτήματά
1725 2372 1817 2407 σου
1855 2372 1868 2384 ·
1904 2353 1998 2408 νῦν

420 2442 615 2511 ἔγνων,
648 2444 730 2496 ὅτι
780 2443 951 2497 ἔσωσε
986 2444 1190 2516 Κύριος
1230 2446 1321 2501 τὸν
1367 2446 1602 2518 Χριστὸν
1634 2445 1821 2518 αὑτοῦ,
1861 2448 1998 2499 ὲπα-

427 2535 681 2588 κούσεται
716 2533 881 2588 αὐτοῦ
913 2533 971 2601 ὲξ
1004 2535 1231 2607 οὐρανοῦ
1256 2537 1410 2606 ἁγίου
1442 2537 1664 2593 αὐτοῦ.»
1686 2537 1839 2590 Ἐπεὶ
1871 2536 2005 2608 πρό-

424 2644 604 2682 κειται
642 2627 738 2681 νῦν
769 2629 1121 2700 παραστῆσαι
1146 2628 1213 2682 δι’
1237 2630 1375 2684 ὅσων
1409 2629 1666 2702 ὀνομαστὶ
1699 2631 1727 2682 ὁ
1768 2629 2002 2701 Χριστὸς

421 2721 481 2774 ὲν
514 2724 631 2784 ταῖς
658 2720 1014 2793 προφητείαις
1050 2722 1430 2794 ἀνηγόρευται,
1465 2724 1689 2788 εἰκότως
1720 2724 1814 2777 καὶ
1834 2723 2003 2778 ταῦτα

419 2811 789 2883 παρατίθεμαι
813 2811 1058 2884 ἐναργῶς
1085 2814 1424 2885 κηρύττοντα
1461 2815 1554 2868 τὸν
1579 2814 2003 2887 Χριστόν.’⁷ολος

416 2904 476 2959 δὲ
508 2908 537 2959 ὁ
565 2905 781 2978 quam;
821 2908 885 2961 ἐκ
933 2906 1225 2981 προσώπου
1266 2907 1375 2962 τῶν
1402 2909 1574 2977 ἁγίων
1604 2908 1814 2981 ἀνδρῶν
1838 2910 2004 2981 εὐχὴν

419 2999 735 3071 ἀναπέμπει
758 3000 840 3063 εἰς
860 3000 921 3053 τὸ
937 2999 1030 3054 τοῦ
1055 3001 1292 3073 Χριστοῦ
1320 3002 1630 3075 πρόσωπον.
1648 3002 1867 3075 Ἐπειδὴ
1892 3004 2001 3076 γὰρ

416 3087 485 3141 δι’
509 3090 655 3160 ήμᾶς
675 3089 771 3143 καὶ¹
801 3090 941 3161 ὑπὲρ
969 3090 1128 3161 ήμῶν
1148 3092 1330 3145 πᾶσαν
1350 3092 1634 3159 ἀνεδέξατο
1666 3093 1822 3166 ὓϐριν
1847 3096 2004 3150 ὲναν-

413 3176 736 3249 θρωπήσας,
767 3178 1045 3251 εὐχομένω
1087 3180 1235 3252 αὐτῷ
1264 3182 1358 3236 καὶ
1398 3182 1638 3255 δεομένῳ
1659 3184 1759 3238 τοῦ
1789 3186 2003 3258 Πατρδς

414 3268 561 3343 ὑπὲρ
576 3270 735 3343 ήμῶν
757 3272 1117 3345 διδασκόμεθα
1144 3275 1514 3347 συνεύχεσθαι,
1537 3272 1626 3331 οἷα
1647 3278 1711 3348 δὴ
1732 3279 1859 3343 τοὺς
1880 3269 2003 3333 καθ’

419 3363 576 3435 ήμῶν
628 3364 918 3436 πολέμους,
952 3365 1063 3419 εἴτε
1118 3367 1349 3438 ὁρατοὺς
1403 3368 1513 3422 εἴτε
1558 3370 1655 3423 καὶ⁸
1711 3370 1999 3442 ἀοράτους,

415 3455 765 3528 ἀμυνομένῳ.
813 3457 902 3511 Διδ
955 3456 1050 3511 καί
1094 3475 1272 3530 φαμεν
1316 3461 1477 3531 ἡμεῖς
1512 3461 1650 3533 πρὸς
1694 3460 1855 3516 αὐτὸν
1896 3461 2004 3516 ἀπὸ

2459 2262 2687 2327 postulet
2717 2280 2752 2316 a
2791 2263 2956 2316 Patre
2992 2263 3297 2330 impetrans.

2175 2368 2194 2403 ι
2226 2351 2453 2422 Impleat
2487 2350 2753 2407 Dominus
2778 2367 2969 2407 omnes
3000 2352 3291 2422 petitiones
3322 2358 3447 2407 tuas
3481 2370 3495 2408 :
3529 2368 3679 2408 nunc

2100 2443 2330 2513 cognovi
2358 2443 2503 2514 quod
2525 2444 2735 2499 salvum
2758 2442 2886 2499 fecit
2908 2442 3170 2499 Dominus
3190 2442 3469 2499 Christum
3491 2458 3674 2507 suum,

2100 2534 2351 2590 exaudiet
2390 2535 2542 2589 illum
2596 2535 2665 2592 de
2710 2538 2852 2591 coelo
2893 2540 3085 2589 sancto
3144 2535 3320 2589 suo“.
3355 2553 3373 2586 ι
3408 2533 3679 2600 Quoniam

2101 2641 2249 2681 nunc
2294 2626 2636 2697 propositum
2667 2634 2751 2682 est
2792 2627 3172 2682 demonstrare
3198 2626 3253 2680 in
3298 2640 3460 2696 quam
3491 2625 3678 2682 multis

2101 2717 2239 2773 locis
2262 2719 2582 2774 nominatim
2606 2717 2858 2774 Christus
2879 2718 3024 2789 apud
3060 2717 3352 2789 prophetas
3379 2718 3451 2772 sit
3471 2717 3674 2783 dictus,

2102 2808 2300 2863 merito
2341 2809 2630 2881 adjungam
2653 2810 2769 2865 haec
2801 2825 3019 2881 quoque
3050 2811 3107 2864 in
3130 2810 3330 2882 quibus
3358 2809 3678 2882 planissime

2102 2896 2355 2954 Christus
2396 2899 2701 2959 nuntiatur.
2722 2898 2988 2955 Caeterum
3013 2906 3162 2956 totus
3196 2901 3437 2970 psalmus
3460 2914 3525 2955 ex
3555 2912 3678 2970 per-

2105 3005 2242 3045 sona
2284 2997 2601 3046 sanctorum
2644 2992 2891 3046 virorum
2923 3007 3112 3063 preces
3143 2994 3342 3049 emittit
3398 2993 3451 3046 in
3502 2992 3676 3064 ipsius

2103 3084 2310 3141 Christi
2369 3099 2680 3155 personam.
2736 3085 2874 3139 Cum
2917 3085 3061 3141 enim
3099 3094 3318 3157 propter
3347 3100 3447 3142 nos
3484 3092 3538 3139 et
3577 3098 3676 3154 pro

2104 3176 2263 3231 nobis
2308 3175 2487 3231 factus
2544 3176 2727 3237 homo,
2757 3189 2949 3231 omnes
2980 3175 3253 3247 acceperit
3292 3174 3674 3241 contumelias,

2106 3284 2214 3324 una
2245 3284 2369 3324 eum
2393 3269 2486 3324 illo
2506 3268 2848 3339 supplicante
2867 3276 2919 3324 et
2934 3266 3149 3322 Patrem
3173 3283 3273 3337 pro
3301 3267 3460 3323 nobis
3482 3268 3678 3337 depre-

2105 3367 2285 3427 cante,
2324 3361 2430 3431 ipsi
2479 3375 2698 3430 quoque
2730 3359 2993 3416 docemur
3031 3374 3212 3424 orare,
3256 3366 3515 3430 tanquam
3550 3374 3675 3414 eum

2105 3468 2172 3508 eo
2219 3453 2314 3524 qui
2366 3452 2507 3508 bella
2551 3452 2844 3507 adversum
2878 3466 3001 3514 nos,
3033 3451 3149 3507 sive
3177 3451 3412 3506 visibilia
3443 3450 3534 3504 illa
3565 3450 3678 3506 sint

423 3548 519 3601 τοῦ
535 3547 752 3620 ψαλμοῦ
780 3548 951 3613 οὕτως
963 3550 1173 3620 ἔχοντα·
1198 3569 1217 3602 ι
1250 3551 1580 3606 Ἐπακούσαι
1607 3570 1698 3606 σου
1726 3552 1926 3625 Κύριος
1946 3553 2001 3606 ἐν

2108 3545 2224 3601 sive
2270 3545 2434 3599 etiam
2478 3544 2798 3612 invislbilia,
2836 3545 3137 3616 propulset.
3174 3543 3354 3611 Quare
3386 3560 3417 3599 a
3464 3546 3676 3615 psalmo

418 3640 604 3712 ἡμέρᾳ
636 3639 893 3711 θλίψεως·
929 3641 1302 3713 ὑπερασπίσαι
1326 3660 1419 3696 σου
1445 3644 1505 3697 τὸ
1532 3643 1702 3716 ὄνομα
1733 3644 1825 3699 τοῦ
1858 3643 1994 3699 Θεοῦ

431 3731 652 3786 Ἰακώὅο
689 3732 1068 3800 ὲξαποστείλαι
1101 3752 1184 3789 σοι
1219 3734 1469 3807 βοήθειαν
1499 3734 1557 3801 ἐξ
1602 3735 1781 3803 ἁγίου,
1810 3736 1904 3788 καὶ
1932 3736 1996 3788 ἐκ

418 3821 556 3878 Σιὼν
577 3824 915 3879 ἀντιλάϐοιτὸ
946 3827 1106 3880 seu.)
1155 3822 1268 3879 Εἶτ’
1296 3826 1595 3898 ἐπειδήπερ
1629 3826 1776 3879 ἐστὶν
1800 3828 1995 3880 οἰκεῖον

414 3916 586 3989 αὐτῷ,
622 3917 717 3972 ἆτε
753 3917 972 3990 μεγάλῳ
1003 3919 1116 3973 ὄντι
1142 3920 1406 3991 ἀρχιερεῖ,
1439 3920 1541 3983 τὰς
1574 3923 1633 3973 ὲν
1670 3919 1995 3989 δοξολογίαις

419 4010 511 4062 καὶ
554 4008 852 4080 θεολογίαις
885 4011 1257 4082 πνευματικὰς
1291 4012 1603 4083 ἱερουργίας
1651 4011 1791 4084 ὑπὲρ
1838 4012 1995 4084 ήμῶν

409 4105 676 4169 ἐκτελεῖν,
707 4105 803 4159 καὶ
836 4106 1136 4178 ἐπειδήπερ
1166 4099 1255 4159 οἷά
1280 4123 1342 4159 τε
1377 4107 1555 4178 ἱερεὺς
1582 4106 1743 4171 αὐτός
1770 4123 1829 4159 τε
1861 4107 1992 4159 έαυ-

415 4192 509 4247 τὸν
535 4194 628 4248 καὶ
654 4194 714 4248 ὃν
742 4194 1029 4266 ἀνείληφεν
1054 4195 1161 4251 ἀπὸ
1189 4197 1292 4267 γῆς
1325 4196 1629 4268 ἄνθρωπον,
1667 4197 1804 4269 ὑπὲρ
1834 4195 1993 4268 ήμῶν

410 4282 774 4355 ὁλοκαύτωμα
807 4286 1218 4358 προσανήνεγκε
1263 4285 1343 4358 τῷ
1388 4286 1507 4357 Θεῷ
1541 4287 1635 4340 καὶ
1668 4286 1872 4359 Πατρί·
1905 4287 1992 4341 διά

415 4374 573 4431 τοῦτό
603 4392 784 4447 φαμεν
820 4375 998 4447 αὐτῷ’
1031 4396 1050 4430 ι
1085 4378 1365 4452 Μνησθείη
1416 4382 1594 4452 πάσης
1640 4379 1829 4444 θυσίας
1874 4398 1989 4447 σου,

409 4466 511 4520 καὶ
537 4467 598 4520 τὸ
628 4467 988 4540 ὁλοκαύτωμά
1030 4486 1124 4522 σου
1166 4472 1433 4526 πιανάτω.
1467 4493 1485 4524 ι
1520 4473 1631 4527 Καὶ
1659 4475 1781 4528 ἐπεὶ
1813 4473 1992 4528 πάντα

411 4558 515 4613 ὅσα
550 4559 881 4629 βουλεύεται,
918 4562 1161 4633 σωτήριά
1210 4565 1326 4617 ἐστι
1378 4566 1475 4619 καὶ
1526 4565 1779 4637 ὠφέλιμα
1823 4568 1881 4620 έν
1913 4566 1992 4637 τῷ

416 4646 627 4719 κόσμῳ,
661 4648 884 4713 εἰκότως
916 4649 1295 4722 έπιφωνοῦμεν
1340 4653 1509 4725 αὐτῷ,
1543 4674 1561 4705 ι
1588 4655 1709 4726 Δῴη
1756 4673 1838 4709 σοι
1879 4656 1991 4709 Κύ-

420 4756 531 4810 ριος
561 4739 705 4795 κατά
727 4739 825 4813 τὴν
858 4741 1087 4813 καρδίαν
1117 4760 1233 4809 σου,
1268 4764 1285 4795 ι
1323 4746 1592 4816 λέγοντες,
1634 4768 1652 4800 ι
1683 4750 1777 4803 καὶ
1811 4753 1992 4805 πᾶσαν

2096 3638 2262 3693 verba
2279 3637 2387 3691 illa
2415 3636 2744 3707 accipientes
2772 3638 2838 3693 ad
2870 3637 3023 3691 illum
3067 3636 3249 3691 dicere
3278 3636 3537 3700 solemus,
3556 3651 3677 3706 qua:

2096 3729 2177 3786 sic
2212 3729 2415 3784 habent
2450 3745 2465 3784 :
2503 3747 2522 3781 ι
2567 3726 2837 3783 Exaudiat
2873 3735 2925 3782 te
2971 3725 3232 3781 Dominus
3255 3726 3311 3780 in
3338 3724 3424 3780 die
3448 3725 3677 3779 tribula-

2096 3822 2265 3876 tionis
2297 3830 2425 3878 tuae.
2455 3820 2716 3891 Protegat
2774 3829 2827 3874 te
2869 3832 3069 3873 nomen
3122 3816 3217 3873 Dei
3258 3816 3430 3872 Iacob
3454 3835 3468 3870 :
3496 3816 3676 3871 mittat

2095 3915 2195 3971 tibi
2228 3913 2491 3969 auxilium
2524 3913 2593 3968 de
2622 3920 2835 3976 saneto,
2863 3921 2917 3967 et
2948 3911 3015 3965 de
3034 3908 3166 3964 Sion
3193 3908 3455 3978 suscipiat
3484 3914 3536 3962 te
3553 3908 3620 3960 ⁸³.
3649 3926 3668 3959 ι

2094 4004 2298 4061 Deinde
2338 4005 2597 4076 quoniam
2631 4004 2709 4059 illi
2739 4003 3022 4075 proprium
3067 4011 3173 4069 est,
3203 4010 3462 4074 tanquam
3491 4002 3541 4056 ei
3577 4003 3673 4072 qui

2094 4114 2324 4171 magnus
2351 4098 2422 4155 sit
2449 4097 2714 4169 pontifex,
2753 4097 3061 4169 spiritualia
3101 4097 3155 4151 in
3187 4095 3674 4167 gloriﬁcationibus

2095 4206 2158 4246 ac
2179 4190 2662 4262 praedicationibus
2684 4190 2752 4245 de
2780 4189 2914 4255 Deo,
2933 4189 3202 4245 sacriﬁcia
3231 4202 3331 4260 pro
3360 4189 3521 4244 nobis
3541 4202 3674 4244 con-

2093 4283 2276 4352 ﬁcere,
2304 4282 2674 4355 quoniamque
2706 4293 2764 4339 ut
2792 4282 3052 4338 sacerdos
3073 4289 3127 4337 et
3153 4282 3506 4351 semetipsum
3531 4281 3671 4352 ipse,

2092 4383 2145 4431 et
2176 4390 2338 4446 quem
2399 4375 2701 4446 assumpsit
2752 4375 2820 4431 de
2873 4381 3019 4429 terra
3051 4374 3348 4438 hominem,
3382 4389 3482 4444 pro
3511 4375 3676 4432 nobis

2093 4468 2393 4538 perfectum
2421 4476 2585 4538 atque
2618 4468 2888 4539 integrum
2932 4466 3261 4523 sacriﬁcium
3289 4465 3401 4523 Deo
3433 4474 3488 4522 et
3522 4465 3672 4522 Patri

2092 4560 2309 4629 obtulit,
2368 4561 2576 4616 idcirco
2634 4560 2703 4616 ad
2758 4561 2909 4615 illum
2971 4560 3206 4616 dicimus
3249 4579 3262 4615 :
3310 4579 3328 4612 ι
3369 4560 3573 4616 Memor
3602 4562 3674 4616 sit

2092 4652 2272 4709 omnis
2307 4652 2563 4708 sacriﬁcii
2613 4653 2716 4717 tui,
2746 4660 2799 4708 et
2845 4652 3225 4708 holocaustum
3263 4660 3417 4707 tuum
3472 4653 3673 4722 pingue

2093 4742 2339 4800 faciat“.
2389 4763 2407 4797 ι
2456 4743 2522 4799 Ει
2581 4745 2709 4815 quia
2757 4744 2941 4800 omnia
2989 4760 3328 4815 quaecunque
3383 4743 3669 4805 deliberat,

415 4830 514 4901 τὴν
550 4830 741 4904 βουλήν
774 4850 867 4886 σου
900 4832 1206 4906 πληρώσαι.
1237 4855 1254 4885 ι
1289 4832 1382 4900 Οἷς
1406 4837 1535 4909 ἑξῆς
1561 4839 1660 4908 τὴν
1692 4841 1757 4893 ὲκ
1783 4840 1991 4912 νεκρῶν

2104 4837 2356 4892 salutaria
2397 4842 2525 4891 sunt
2557 4843 2722 4906 atque
2757 4835 2913 4889 utilia
2958 4835 3182 4899 mundo,
3214 4836 3338 4904 jure
3380 4841 3435 4889 et
3476 4834 3673 4888 merito

414 4917 711 4974 ἀνάστασιν
740 4921 904 4975 αὐτοῦ
929 4922 1334 4994 ὁμολογοῦντες,
1369 4908 1547 4998 φαμέν
1566 4945 1579 4958 σ
1600 4947 1617 4980 ι
1643 4908 1987 4999 Ἀγαλλιάσὸ-

2104 4929 2177 4986 sic
2204 4928 2356 4981 illum
2405 4927 2735 4998 alloquimur
2769 4946 2781 4982 :
2818 4945 2838 4979 ι
2884 4925 3116 4983 Tribuat
3156 4928 3254 4982 tibi
3291 4926 3556 4982 Dominus
3586 4942 3672 4981 se-

420 5010 560 5083 μεθα
591 5013 650 5067 ἐν
682 5012 759 5084 τῷ
806 5015 1057 5087 σωτηρίῳ
1088 5034 1202 5071 σου.
1238 5037 1256 5069 ι
1288 5019 1558 5092 Σωτήρων
1586 5019 1693 5093 γάρ
1724 5020 1817 5074 τοῦ
1849 5023 1987 5095 Χρι-

2104 5020 2335 5075 eundum
2396 5034 2492 5074 cor
2543 5028 2720 5087 tuum,
2759 5027 2815 5075 et
2867 5035 3030 5076 omne
3051 5020 3342 5076 consilium
3386 5025 3539 5074 tuum
3568 5019 3672 5074 im-

417 5100 545 5155 στοῦ
570 5102 623 5155 τί
657 5103 723 5156 ἂν
750 5102 935 5176 ἕτερον
964 5108 1134 5160 νοοῖτο
1160 5109 1209 5161 εί
1246 5109 1319 5180 μὴ
1346 5110 1379 5179 ἡ
1415 5111 1480 5162 ἐκ
1516 5110 1724 5181 νεκρῶν
1754 5110 1991 5167 ἀνάστα-

2104 5112 2320 5184 βίων.
2365 5133 2384 5166 ι
2428 5112 2510 5167 Ad
2547 5113 2661 5168 haec
2707 5113 2971 5184 deinceps
2993 5114 3114 5183 ejus
3145 5128 3174 5167 a
3211 5118 3386 5166 morte
3435 5110 3671 5166 reditum

418 5210 502 5265 σι,ς
533 5195 722 5263 αὑτοῦ,
751 5195 818 5249 δι’
844 5192 913 5268 ἦς
958 5199 1052 5253 καὶ
1097 5198 1305 5264 πάντας
1331 5201 1458 5266 τοὺς
1482 5203 1610 5274 πρὶν
1637 5205 1988 5259 ἐκπεπτωκό-

2104 5202 2163 5257 ad
2207 5205 2375 5258 vitam
2406 5204 2751 5270 conlltentes,
2784 5204 3022 5260 dicimus
3054 5223 3067 5257 :
3105 5222 3124 5254 ‹
3161 5202 3571 5258 Exsultabimus
3614 5203 3673 5257 in

414 5299 516 5347 τας
541 5283 854 5355 ἀνίστησινς
879 5284 1042 5341 Ὅθεν
1071 5288 1247 5360 φαμέν
1267 5307 1280 5320 σ
1324 5311 1342 5342 ι
1370 5292 1481 5345 Καὶ
1525 5293 1582 5344 ὲν
1604 5293 1827 5364 ὀνόματι
1853 5294 1988 5349 Θεοῦ

2104 5302 2325 5357 salutari
2353 5311 2447 5357 tuo
2466 5301 2529 5356 ⁸⁸.
2566 5321 2585 5355 ι
2616 5300 2827 5357 Etenim
2871 5298 3079 5355 Christi
3110 5296 3350 5353 salutare
3391 5294 3671 5366 quodnam

416 5374 574 5446 ήμῶν
603 5377 1154 5451 μεγαλυνθησόμεθα·
1188 5383 1282 5436 καὶ
1310 5382 1591 5454 πληρώσαι
1621 5384 1824 5457 Κύριος
1853 5387 1989 5441 πάν-

2104 5391 2245 5446 aliud
2294 5391 2629 5465 intelligatur
2685 5392 2925 5455 tandem,
2962 5388 3068 5445 nisi
3103 5387 3251 5443 illius
3278 5403 3310 5443 a
3344 5386 3578 5443 mortuis
3603 5387 3671 5442 ad

416 5483 487 5522 τα
514 5467 581 5521 τά
609 5469 886 5540 αἰτήματά
918 5488 1032 5528 σου.
1066 5491 1084 5523 ι
1105 5473 1227 5528 Ἐπὶ
1247 5477 1377 5529 πᾶσι
1398 5476 1604 5541 τούτοις
1632 5479 1991 5551 διδασκόμεθα

2104 5482 2250 5538 vivos
2296 5483 2514 5549 reditio,
2545 5483 2703 5554 185
2733 5499 2827 5554 per
2861 5495 3026 5552 quam
3073 5495 3266 5537 omnes
3309 5479 3403 5552 qui
3464 5477 3671 5535 cecide-

419 5559 597 5631 ὶέγειν
644 5560 728 5626 τὸ,
769 5580 788 5615 ι
819 5562 933 5619 Νῦν
976 5564 1165 5635 ἔγνων,
1194 5568 1275 5621 ὅτι
1304 5568 1475 5623 ἔσωσε
1508 5570 1710 5643 Κύριος
1736 5572 1826 5625 τὸν
1856 5574 1990 5645 Χρι-

2104 5582 2223 5629 rant
2251 5575 2305 5628 in
2347 5574 2640 5645 pristinum
2690 5556 2895 5629 statum
2933 5570 3208 5627 restituit?
3234 5585 3302 5627 ex
3349 5584 3462 5643 quo
3506 5570 3670 5626 etiam

754 5764 908 5816 xw",
955 5749 1002 5804 5.
1082 5746 1445 5817 “Promvm,
1500 5749 1589 5805 25.
1655 5751 1709 5783 ’⁵³
1738 5768 1878 5810 vers.
1925 5754 1980 5809 5.
2058 5751 2485 5820 "Psal.x1x,7.
2559 5749 2605 5782 ’⁸³
2630 5747 2761 5805 ibid.
2796 5747 2929 5818 2,5.
3006 5747 3056 5782 ⁸⁴
3076 5748 3207 5805 ibid.
3243 5748 3296 5807 ι.
3375 5746 3577 5803 “ibid.
3612 5745 3666 5801 5.
