4126 6428
476 347 579 405 εει
1118 342 1385 399 EUSEBII
1417 338 1901 397 CESARIENSIS
1937 337 2088 393 OPP.
2126 336 2326 392 PARS.
2367 335 2410 392 11
2474 368 2541 377 -
2566 336 3069 398 APOLOGETICA.
3647 340 3752 395 512

479 468 615 524 illud
660 466 917 531 dicimus,
958 482 977 514 ι
1014 470 1068 517 et
1118 462 1173 515 in
1224 460 1443 515 nomine
1471 457 1567 513 Dei
1602 458 1776 513 nostri
1806 455 2046 526 magniﬁ-

2162 454 2287 507 στὸν
2319 453 2487 508 αὐτοῦ
2507 493 2521 518 ,
2552 472 2570 504 ι
2599 454 2672 525 μὴ
2696 453 2865 508 πάλαι
2887 454 3042 508 τοῦτο
3069 453 3291 519 εἰδότες,
3325 454 3374 506 εἰ
3404 454 3482 526 μὴ
3509 453 3597 508 ὅτε
3625 457 3753 528 πρό·

475 560 771 616 cabimur:
808 566 864 612 et
920 555 1142 624 impleat
1200 551 1466 606 Dominus
1519 565 1712 605 omnes
1766 549 2046 620 petitiones

2161 564 2318 618 τερον
2346 545 2407 599 τὸ
2436 547 2700 618 σωτήριον
2721 545 2886 600 αὑτοῦ
2908 547 3245 617 συνήκαμεν,
3270 546 3371 617 τῆς
3397 547 3746 612 ἀναστάσεως

475 658 602 706 tuas
618 649 684 705 ".
716 667 735 700 ι
778 645 909 701 Post
968 645 1083 698 haec
1137 642 1343 708 omnia,
1370 640 1633 697 docemur
1671 640 1804 694 illud
1837 653 2046 710 quoque

2164 636 2327 692 αὐτοῦ
2360 637 2459 708 τὴν
2495 636 2722 708 δύναμιν
2749 639 3199 708 κατανοήσαντες.

474 745 700 799 dicere:
739 758 759 792 ι
796 739 955 794 Nunc
998 738 1230 809 cognovi
1262 737 1410 807 quod
1440 737 1651 793 salvum
1694 734 1825 791 fecit
1872 732 2137 789 Dominus
2202 734 2484 789 Christum
2525 749 2683 789 suum
2738 732 2812 797 “;
2857 751 2875 785 ι
2909 733 3111 803 quippe
3175 732 3266 804 qui
3303 748 3413 788 non
3444 731 3600 803 prius
3637 731 3742 786 hoc

476 831 922 897 intellexerimus,
976 844 1140 900 quam
1190 828 1285 884 ubi
1340 827 1584 884 salutare
1650 826 1772 897 ejus
1816 826 2225 895 agnoverimus,
2291 836 2346 883 et
2402 825 2823 884 resurrectionis
2874 825 3024 881 illius
3072 825 3328 881 virtutem
3398 826 3744 896 perspexeri-

474 940 618 979 IDUS.

473 1040 518 1094 A
559 1040 765 1109 psalmo
794 1053 979 1109 δτι-ιι.
1011 1066 1081 1075 --
1112 1035 1357 1090 Christus
1409 1035 1719 1109 nominatim
1770 1033 2053 1088 Dominum

783 1107 1002 1162 Patrem
1039 1116 1089 1161 et
1130 1116 1472 1177 protectorem
1503 1107 1743 1174 adeptus.

550 1221 569 1254 ι
597 1200 865 1257 Dominus
909 1199 1257 1255 continuatio
1296 1198 1482 1269 populi
1530 1198 1638 1262 sui,
1686 1206 1741 1254 et
1779 1203 2055 1267 protector

475 1294 838 1349 salvationum
869 1290 1075 1347 Christi
1124 1290 1213 1346 sui
1256 1296 1341 1345 est
1365 1290 1431 1344 ⁸⁵⁸.
1465 1308 1485 1341 ι
1526 1288 1625 1344 Hic
1650 1303 1871 1359 quoque
1909 1286 2056 1356 psal-

474 1398 621 1451 mus,
650 1385 745 1455 qui
769 1399 916 1438 nunc
942 1391 1027 1438 est
1059 1382 1116 1437 in
1140 1381 1416 1445 manibus,
1456 1381 1524 1437 ad
1553 1380 1833 1437 Christum
1857 1379 2049 1434 referri

474 1477 640 1543 solet,
667 1477 868 1546 quippe
897 1474 989 1545 qui
1011 1488 1132 1528 eam
1164 1487 1380 1542 precem
1408 1472 1685 1528 contineat
1708 1485 1870 1541 quam
1891 1468 2049 1524 Chri-

475 1560 618 1633 stus’,
672 1583 783 1639 quo
834 1576 1079 1636 tempore
1126 1579 1393 1635 passurus
1445 1571 1586 1629 erat,
1636 1572 1892 1635 precatus
1944 1573 2046 1617 est.

473 1658 710 1715 Proinde
763 1658 923 1713 initio
972 1657 1217 1728 psalmus
1255 1657 1371 1711 haec
1409 1655 1614 1710 habet:
1647 1672 1667 1705 ί
1695 1653 1775 1708 Ad
1821 1661 1895 1717 te,
1945 1652 2053 1706 Do-

472 1753 641 1815 mine,
681 1750 912 1805 clamavi
945 1768 958 1805 :
992 1749 1132 1805 Deus
1153 1764 1328 1811 meus,
1375 1762 1443 1802 ne
1489 1747 1655 1803 sileas
1698 1759 1728 1798 a
1755 1760 1864 1808 me,
1892 1751 1946 1798 et
1977 1742 2054 1798 si—

474 1843 624 1899 milis
655 1841 776 1895 liam
807 1839 1268 1896 descendentibus
1298 1838 1355 1893 in
1380 1837 1584 1892 lacum.
1615 1856 1635 1889 ι
1676 1835 1737 1891 In
1766 1836 1873 1889 tine
1895 1847 2046 1899 vero,
2082 1863 2123 1920 Β

472 1931 622 1988 illius
650 1931 1108 1987 resurrectionem
1139 1947 1168 1985 a
1190 1930 1425 1986 mortuis
1452 1928 1621 1996 canit,
1647 1927 1837 1982 dicens
1864 1945 1876 1980 :
1907 1944 1926 1978 ι
1949 1924 2050 1980 Bc-

471 2023 723 2080 nedictus
765 2023 1051 2084 Dominus.
1103 2023 1362 2094 quoniam
1406 2022 1687 2079 exaudivit
1719 2034 1911 2087 vocem
1954 2018 2050 2073 de-

470 2114 804 2184 precationis
830 2129 982 2169 meaz.
1014 2113 1280 2169 Dominus
1321 2111 1541 2182 adjutor
1579 2126 1735 2167 meus
1775 2117 1830 2164 et
1865 2116 2048 2179 prote-

470 2214 592 2261 ctor
620 2222 806 2273 meus;
846 2206 904 2261 in
935 2207 1030 2261 illo
1060 2214 1296 2277 speravrt
1350 2220 1448 2259 cor
1491 2218 1695 2269 meum,
1739 2209 1794 2257 et
1827 2202 2049 2271 adjutus

469 2314 616 2358 sum.
653 2306 709 2353 et
753 2297 1002 2354 reﬂoruit
1042 2314 1173 2353 caro
1205 2314 1321 2353 mea
1352 2316 1365 2351 :
1398 2304 1453 2353 et
1493 2313 1559 2352 ex
1608 2295 1891 2350 voluntate
1927 2306 2048 2347 mea

467 2387 771 2446 conﬁtebor
802 2389 850 2444 ei
877 2390 946 2444 ⁵⁰.
975 2409 995 2443 ι
1048 2389 1264 2457 Quibus
1315 2389 1536 2445 divinus
1593 2394 1649 2444 ct
1692 2384 2047 2459 propheticus

468 2477 708 2549 Spiritus
746 2479 997 2552 adjungit
1028 2498 1041 2535 ;
1081 2499 1099 2532 ι
1137 2480 1402 2536 Dominus
1456 2477 1805 2535 confirmatio
1860 2475 2047 2548 populi

465 2574 576 2637 sui,
620 2580 900 2644 protector
951 2574 1318 2629 salvationum
1368 2572 1574 2629 Christi
1620 2572 1705 2626 sui
1740 2576 1846 2635 est,
1879 2589 1897 2623 ι
1952 2571 2047 2641 qui

465 2678 569 2721 nos
606 2665 830 2720 instruit
871 2664 1338 2736 quemadmodum
1370 2664 1555 2719 omnia
1591 2679 1715 2735 quae
1759 2663 1816 2720 in
1847 2661 2047 2719 divinis

465 2756 662 2813 litteris
690 2757 893 2813 habent
922 2757 1357 2819 admirationem,
1392 2763 1447 2812 et
1473 2756 1677 2811 Christi
1707 2755 1929 2812 nomine
1962 2754 2047 2809 in—

463 2850 671 2920 scripta
720 2858 872 2915 sunt,
905 2857 960 2906 et
999 2851 1066 2906 ad
1116 2850 1351 2907 salutem
1384 2849 1668 2906 hominum
1705 2856 1880 2920 gesta,
1932 2847 2048 2904 sive

464 2951 758 3014 praecepta,
802 2942 918 2998 sive
964 2942 1205 3014 negotia,
1239 2944 1354 2999 sive
1389 2942 1456 2997 ad
1501 2942 1960 2998 resurrectionem
1991 2941 2050 2995 il~

464 3035 573 3093 lius
604 3051 636 3090 a
675 3035 909 3091 mortuis
946 3035 1276 3106 pertinentia
1319 3034 1604 3107 mysteria,
1637 3034 1950 3104 cujusmodi
1980 3049 2049 3089 ea

464 3136 616 3192 sunt,
645 3128 713 3183 de
742 3128 942 3199 quibus
963 3144 1113 3184 nunc
1139 3128 1347 3200 agitur,
1373 3137 1510 3184 nutu
1543 3144 1606 3183 ac
1630 3128 1837 3184 virtute
1864 3126 2046 3184 Patris

2171 1029 2421 1098 Ψαλμοῦ
2473 1028 2573 1093 κζ’.
2601 1059 2670 1069 -—
2705 1027 2955 1096 Χριστός
2995 1028 3280 1098 ὀνομαστὶ
3325 1029 3423 1082 καὶ
3465 1032 3573 1085 τὸν
3614 1036 3710 1092 Ha

2366 1099 2505 1168 τέρα
2529 1102 2626 1153 καὶ
2649 1096 3108 1167 ὑπερασπιστὴν
3154 1099 3532 1168 κεκτημένος.

2239 1213 2257 1244 σ
2300 1192 2503 1264 Κύριος
2526 1192 2853 1265 κραταίωμα
2878 1188 2971 1243 τοῦ
3002 1188 3132 1242 λαοῦ
3166 1191 3302 1254 ἐστι,
3327 1193 3421 1244 καὶ
3440 1194 3745 1266 ὑπερασπιι

2163 1285 2294 1356 στὴς
2320 1283 2428 1338 τῶν
2459 1283 2741 1354 σωτηρίων
2772 1281 2864 1336 τοῦ
2893 1280 3128 1353 Χριστοῦ
3158 1281 3320 1335 αὑτοῦ
3344 1284 3479 1338 ἐστι.
3522 1305 3540 1338 ›
3571 1287 3680 1342 Καὶ
3706 1290 3737 1341 ό

2161 1377 2299 1448 μετά
2351 1379 2538 1448 χεῖρας
2569 1375 2779 1446 ψαλμὸς
2840 1376 2920 1437 εἰς
2963 1373 3055 1427 τὸν
3105 1376 3338 1447 Χριστὸν
3382 1376 3732 1451 ἀναφέρεται,

2157 1469 2321 1525 αὑτοῦ
2380 1470 2445 1541 δὴ
2494 1468 2586 1521 τοῦ
2644 1466 2879 1540 Χριστοῦ
2906 1538 2913 1543 ι
2939 1466 3204 1538 περιέχων
3233 1468 3419 1539 εὐχὴν,
3454 1470 3520 1541 ἣν
3583 1472 3735 1543 παρὰ

2156 1560 2246 1614 τὸν
2277 1559 2372 1613 τοῦ
2406 1558 2613 1622 πάθους
2660 1556 3007 1630 προσηύξατο
3058 1558 3268 1629 καιρόν.
3312 1559 3401 1612 Διὸ
3448 1563 3504 1612 ἐν
3537 1563 3634 1631 μὲν
3667 1567 3734 1634 τῇ

2156 1655 2399 1724 καταρχῇ
2435 1651 2527 1704 τοῦ
2550 1650 2765 1723 ψαλμοῦ
2812 1667 3027 1726 φησι-,ι
3065 1651 3208 1722 Πρὸς
3252 1652 3332 1715 σε,
3388 1653 3578 1725 Κύριε,
3613 1656 3738 1708 ὲκέ-

2157 1743 2365 1816 κραξα’
2419 1744 2448 1795 ό
2492 1742 2622 1806 Θεός
2672 1759 2796 1813 μου,
2830 1741 2905 1812 μὴ
2961 1744 3395 1814 παρασιωπήσῃς
3442 1744 3535 1797 ἀπ’
3578 1745 3734 1817 ἐμοῦ,

2157 1837 2250 1889 καί
2280 1834 2690 1906 όμοιωθήσομαι
2736 1837 2847 1898 τοῖς
2882 1832 3300 1889 καταϐαίνουσιν
3345 1839 3423 1901 εἰς
3449 1836 3667 1893 λάκκον.
3706 1858 3728 1893 ›

2152 1928 2296 1999 Πρὸς
2325 1927 2381 1981 δὲ
2408 1925 2485 1998 τῷ
2540 1926 2707 1992 τέλει,
2733 1926 2831 1997 τὴν
2878 1928 2943 1979 ὲκ
2988 1927 3197 1999 νεκρῶν
3242 1929 3537 1983 ἀνάστασιν
3572 1931 3733 1987 αὑτοῦ

2153 2018 2397 2083 θεσπίζει
2426 2018 2599 2087 λέγων
2624 2035 2637 2048 ·
2669 2036 2687 2069 ι
2729 2016 3037 2089 Εὐλογητὸς
3066 2018 3292 2091 Κύριος,
3325 2021 3406 2073 ὅτι
3446 2023 3733 2094 εἰσήκουσε

2151 2113 2247 2183 τῆς
2279 2113 2462 2183 φωνῆς
2490 2112 2589 2182 τῆς
2631 2110 2867 2184 δεήσεως
2897 2129 3020 2183 μου.
3052 2113 3257 2183 Κύριος
3283 2113 3475 2185 βοηθός
3506 2133 3608 2184 μου
3636 2117 3730 2170 καὶ

2150 2205 2567 2276 ὑπερασπιστὴς
2604 2220 2733 2275 μου·
2768 2205 2856 2257 ἐπ’
2880 2202 3029 2273 αὐτῷ
3062 2203 3336 2276 ἦλπισενή
3374 2205 3567 2276 καρδία
3601 2223 3725 2276 μου,

2149 2297 2244 2350 καὶ
2269 2294 2594 2367 ἐϐοηθήθην,
2640 2296 2735 2350 καὶ
2791 2296 3050 2351 ἀνέθαλεν
3086 2300 3119 2369 ἡ
3170 2296 3304 2369 σάρξ
3346 2315 3478 2369 μου·
3528 2300 3624 2353 κα).
3664 2300 3731 2353 ἐκ

2150 2387 2455 2460 θελήματός
2492 2405 2592 2458 μου
2641 2386 3110 2460 ὲξομολογήσομαι
3145 2387 3310 2459 αὐτῷ.
3348 2407 3365 2440 ι
3411 2389 3525 2458 Ἐφ’
3561 2384 3641 2452 οἷς
3670 2391 3732 2443 τὸ

2150 2478 2289 2533 θεῖον
2347 2479 2441 2533 καὶ
2496 2479 2832 2552 προφητικὸν
2880 2474 3107 2553 Πνεῦμα
3146 2479 3424 2550 ἐπι).έγει’
3473 2500 3491 2531 ι
3532 2480 3735 2552 Κύριος

2149 2570 2476 2643 κραταίωμα
2517 2571 2611 2624 τοῦ
2650 2570 2782 2627 λαοῦ
2813 2571 3000 2637 αὐτοῦ,
3035 2575 3129 2627 καὶ
3176 2573 3589 2646 ὑπερασπιστὴς
3630 2572 3738 2626 τῶν

2151 2664 2433 2735 σωτηρίων
2461 2662 2555 2716 τοῦ
2578 2664 2814 2736 Χριστοῦ
2843 2664 3007 2719 αὐτοῦ
3040 2667 3154 2719 ἐστι
3176 2683 3190 2696 ο
3232 2684 3251 2716 ι
3287 2664 3542 2719 παιδεῦον
3569 2665 3736 2736 ἡμᾶς,

2148 2759 2230 2812 ὅτι
2253 2756 2317 2829 δὴ
2346 2756 2523 2810 πάντα
2543 2758 2601 2811 ὲν
2640 2761 2761 2821 ταῖς
2795 2757 2965 2821 θείαις
3007 2758 3252 2829 Γραφαῑς
3283 2757 3610 2828 ἀνάγραπτοι
3639 2755 3734 2809 τοῦ

2147 2848 2384 2920 Χριστοῦ
2427 2847 2727 2918 θαυμάσια,
2757 2849 2847 2901 ἐπὶ
2865 2848 3105 2921 σωτηρίᾳ
3128 2848 3235 2900 τῶν
3257 2845 3560 2919 ἀνθρώπων
3580 2846 3735 2915 γενό-

2152 2955 2311 3009 μενα,
2342 2937 2455 2992 εἴτε
2496 2934 2588 2993 οὖν
2625 2937 2942 3011 μαθήματα,
2968 2937 3077 2991 εἴτε
3106 2938 3430 3009 γράμματα,
3455 2935 3563 2989 εἴτε
3590 2935 3731 2990 κατά

2147 3029 2247 3102 τὴν
2277 3032 2343 3083 ἐκ
2372 3030 2585 3102 νεκρῶν
2645 3030 2942 3084 ἀνάστασιν
2986 3028 3151 3082 αὑτοῦ
3188 3029 3461 3100 μυστήρια
3488 3028 3582 3081 νῦν
3611 3029 3730 3081 ὀνο-

2150 3122 2451 3194 μαζόμενα,
2472 3121 2701 3193 νεύματι
2724 3122 2819 3175 καὶ
2847 3121 3071 3192 δυνάμει
3088 3121 3376 3193 γεγένηται
3401 3120 3492 3174 τοῦ
3521 3119 3739 3190 Πατρὸς

462 3230 616 3292 gesta
643 3231 790 3286 sunt,
815 3222 908 3292 qui
936 3223 994 3277 in
1037 3222 1254 3278 cunctis
1293 3222 1708 3279 admirabilibus
1741 3237 1806 3279 ac
1837 3222 2046 3278 saluta-

2150 3212 2208 3264 ἐν
2242 3213 2412 3267 ἅπασι
2457 3215 2570 3275 τοῖς
2608 3210 2932 3283 παραδόξοις
2977 3210 3071 3262 καὶ
3124 3210 3412 3280 σωτηρίοις
3456 3210 3633 3292 λόγοις
3669 3227 3734 3264 τε

463 3314 619 3372 ribus
649 3321 703 3371 et
737 3315 923 3371 verbis
944 3324 1000 3371 et
1027 3315 1187 3372 factis
1213 3333 1376 3372 suum
1410 3315 1691 3373 Christum
1716 3316 1973 3387 protegit.

462 3426 505 3480 Α
532 3427 740 3496 psalmo
791 3444 1017 3483 LXXXIII.
1054 3428 1396 3484 —Cltristus
1454 3430 1769 3484 nominatim
1822 3439 2046 3484 tutorem

533 3498 635 3569 sibi
675 3498 839 3553 Deum
866 3500 1154 3555 ascribens.
1185 3498 1432 3569 Unusque
1463 3502 1868 3557 resurrectionis
1899 3501 2046 3555 illius

533 3568 646 3625 dies
673 3585 691 3623 :
720 3579 768 3625 et
791 3586 899 3624 una
921 3571 1111 3626 domus
1144 3570 1268 3636 Dei,
1304 3570 1539 3626 Ecclesia
1572 3573 1760 3641 ipsius.

538 3765 557 3798 ι
583 3744 867 3804 Protector
896 3756 1083 3805 noster
1118 3750 1326 3821 aspice,
1362 3750 1526 3814 Deus,
1558 3758 1611 3807 et
1642 3753 1855 3823 respice
1877 3754 1931 3808 in
1964 3753 2046 3807 fa.

459 3836 600 3894 ciem
634 3839 838 3896 Christi
894 3841 994 3897 tui.
1040 3841 1179 3908 Quia
1229 3845 1425 3898 melior
1462 3852 1547 3899 est
1585 3846 1747 3917 186
1778 3847 1897 3902 dies
1936 3861 2044 3900 una

459 3928 517 3984 in
551 3932 706 4001 atriis
736 3934 846 3989 tuis
888 3950 1055 4005 super
1078 3936 1249 3991 millia
1280 3957 1293 3990 :
1340 3938 1478 4007 elegi
1509 3939 1782 4007 abjectum
1829 3954 1952 3994 esse
1986 3939 2042 3993 in

460 4022 625 4079 domo
645 4022 738 4079 Dei
764 4026 869 4082 mei
898 4028 1094 4098 magis,
1117 4043 1280 4099 quam
1308 4028 1557 4085 habitare
1585 4045 1672 4084 me
1700 4032 1754 4084 in
1787 4031 2041 4085 taberna—

459 4118 600 4173 culis
644 4122 1123 4187 peccatorum“.i
1188 4122 1290 4187 Qui
1341 4134 1545 4178 norunt
1603 4122 1882 4180 Christum
1944 4124 2038 4179 Dei

459 4223 588 4265 esse
619 4208 882 4273 Verbum,
916 4220 972 4267 et
1022 4214 1373 4284 sapientiam,
1431 4222 1485 4270 et
1514 4215 1689 4270 lucem
1734 4232 1939 4280 veram,
1986 4225 2041 4273 et

461 4300 652 4368 vitam,
696 4301 895 4359 deinde
926 4305 1176 4360 eumdem
1216 4305 1419 4361 factum
1467 4322 1591 4364 esse
1634 4307 1910 4364 hominem
1956 4310 2041 4364 in-

459 4390 739 4460 telligunt,
776 4394 1117 4450 admirantur
1175 4397 1279 4453 hoc
1333 4399 1479 4470 quod
1509 4415 1726 4456 omnem
1761 4399 1918 4455 ﬁdem
1948 4418 2040 4458 su-

461 4491 618 4555 perat
657 4486 1022 4555 propositum,
1070 4489 1207 4545 adeo
1240 4491 1483 4561 quidem,
1533 4499 1592 4546 ut
1627 4491 1679 4547 in
1726 4492 1890 4548 verba
1944 4494 2037 4549 illa

2151 3303 2245 3356 καὶ
2278 3304 2459 3377 ἔργοις
2487 3280 2953 3375 ὑπερασπίζοντος
2986 3301 3080 3355 τοῦ
3123 3302 3253 3356 ἰδίου
3284 3302 3544 3375 Χριστοῦ.
3599 3280 3627 3322 θ

2156 3415 2412 3485 Ψαλμοῦ
2437 3423 2550 3486 πγ¹.
2576 3446 2645 3455 --
2663 3411 2920 3483 Χριστός
2949 3414 3235 3486 ὀνομαστί
3261 3414 3385 3486 -τὸν
3418 3415 3571 3486 Θεὸν
3624 3413 3729 3466 ex-

2219 3483 2412 3554 ὀπτην
2422 3483 2911 3555 ἐπιγραφόμενος,
2924 3485 3035 3553 μία
3056 3502 3119 3538 τε
3143 3486 3180 3551 ἡ
3210 3484 3320 3552 τῆς
3342 3483 3727 3549 ἀναστάσεως

2216 3557 2402 3627 αὐτοῦ
2435 3557 2646 3627 ἡμέρα,
2687 3557 2786 3610 καί
2827 3554 2916 3623 εἷς
2952 3552 3116 3620 οἶκος
3144 3555 3293 3609 Θεοῦ
3323 3557 3361 3623 ἠ
3404 3555 3732 3623 Ἐκκλησία

2220 3645 2428 3681 αυτου.

2222 3760 2241 3791 ι
2289 3740 2701 3812 ’Υπερασπιστά
2723 3739 2901 3811 ἡμῶν,
2937 3739 3033 3806 ἰδὲ,
3061 3741 3091 3793 ὁ
3120 3738 3272 3803 Θεὸς,
3305 3740 3396 3793 καὶ
3442 3738 3731 3809 ἐπίϐλεψον

2147 3831 2239 3885 ἐπὶ
2284 3833 2344 3884 τὸ
2365 3831 2654 3902 πρόσωπον
2712 3830 2808 3884 τοῦ
2853 3830 3092 3902 Χριστοῦ
3141 3846 3257 3886 σου.
3299 3830 3419 3883 ’Ότι
3462 3830 3732 3901 κρείσσων

2146 3923 2326 3995 ἡμέρα
2363 3923 2462 3993 μία
2492 3924 2550 3975 ὲν
2577 3926 2697 3987 ταῖς
2724 3924 2915 3988 ablat;
2947 3940 3040 3977 σου
3062 3923 3204 3995 ὑπὲρ
3221 3921 3486 3993 χιλιάδας.
3517 3921 3731 3988 Ἐξελε-

2146 4013 2323 4084 ξάμην
2379 4015 2882 4086 παραῤῥιπτεῖσθαι
2928 4016 2986 4067 ἐν
3026 4013 3106 4085 τῷ
3145 4012 3282 4084 οἴκῳ
3318 4012 3415 4065 τοῦ
3458 4011 3594 4064 Θεοῦ
3627 4027 3728 4081 μου

2147 4106 2367 4176 μᾶλλον,
2402 4106 2435 4178 ἢ
2477 4108 2643 4160 οἰκεῖν
2678 4123 2745 4177 με
2780 4107 2840 4160 ὲν
2881 4106 3236 4177 σκηνώμασιν
3280 4103 3642 4177 ἁμαρτωλῶν.
3701 4121 3721 4153 ι

2143 4200 2208 4251 Οἰ
2246 4200 2600 4271 ἐπιστάμενοι
2654 4198 2747 4252 τὸν
2790 4199 3024 4271 Χριστὸν
3056 4198 3150 4251 τοῦ
3198 4198 3333 4251 Θεοῦ
3363 4198 3491 4250 ὅντα
3530 4196 3724 4264 Λόγον,

2143 4289 2237 4341 καὶ
2277 4288 2502 4358 σοφίαν,
2557 4290 2653 4341 καὶ
2686 4287 2803 4357 φῶς
2853 4287 3124 4357 ἀληθινὸν,
3165 4288 3260 4341 καὶ
3302 4287 3480 4358 ζωὴν,
3535 4286 3726 4341 ἔπειτα

2139 4379 2240 4451 τὴν
2266 4379 2679 4451 ἑνανθρώπησιν
2715 4380 2881 4433 αὐτοῦ
2927 4381 3337 4451 συννοήσαντες,
3375 4378 3727 4448 κατεπλάγη-

2144 4491 2244 4527 σαν
2270 4474 2331 4527 τὸ
2353 4473 2651 4545 παράδοξον
2673 4471 2766 4525 τοῦ
2784 4471 3104 4542 θελήματος,
3132 4470 3273 4524 ὥστε
3288 4472 3546 4524 ἀνειπεῖν.
3572 4492 3589 4523 ι
3614 4471 3735 4527 Καὶ

458 4585 839 4649 prorumpam.
899 4597 919 4631 ι
950 4577 1017 4634 Et
1062 4558 1300 4638 vidimus
1353 4581 1539 4647 illum,
1592 4593 1647 4639 et
1692 4600 1802 4639 non
1849 4585 2041 4641 habuit

2148 4565 2361 4636 εἴδομεν
2393 4566 2574 4625 αὑτὸν,
2612 4565 2706 4618 καὶ
2733 4564 2835 4618 οῦκ
2864 4558 3012 4635 εἶχεν
3033 4559 3171 4628 εἶδος
3205 4563 3327 4616 οὐδὲ
3355 4563 3547 4628 κάλλος
3570 4582 3583 4596 ·
3608 4564 3725 4619 ἀλλ’

459 4669 718 4740 speciem,
761 4687 941 4743 neque
990 4674 1490 4743 pulchritudinem;
1543 4676 1636 4730 sed
1690 4675 1791 4729 fuit
1831 4677 2043 4747 species

457 4761 581 4826 ejus
611 4763 732 4820 sine
757 4763 990 4831 honore,
1032 4775 1088 4822 et
1119 4767 1385 4823 deﬁciens
1413 4783 1527 4838 pra:
1560 4767 1685 4824 ﬁliis
1715 4768 1996 4824 hominum
2023 4788 2037 4825 :

458 4854 623 4911 homo
650 4872 774 4912 cum
809 4858 863 4913 in
889 4859 1044 4931 plaga
1079 4869 1227 4917 esset
1255 4869 1311 4916 et
1333 4863 1502 4918 sciret
1529 4859 1672 4918 ferre
1698 4863 2040 4934 languorem,

456 4948 719 5016 quoniam
753 4950 951 5007 avertit
980 4948 1177 5008 faciem
1211 4967 1389 5017 suam,
1423 4961 1774 5024 contemptus
1802 4962 1885 5010 est
1908 4955 1984 5010 "z
2016 4973 2035 5005 ι

455 5041 642 5109 itaque
675 5041 869 5097 merito
910 5041 1081 5098 Deum
1124 5053 1443 5115 precantur,
1479 5053 1541 5101 ut
1570 5046 1833 5117 respiciat
1866 5048 1923 5103 in
1959 5046 2041 5102 fa-

456 5128 594 5184 ciem
644 5130 875 5197 Christi,
923 5150 1045 5205 quae
1095 5143 1315 5206 propter
1369 5150 1476 5192 nos
1526 5145 1581 5193 et
1607 5138 1937 5209 ignominias
1980 5146 2036 5195 et

456 5221 824 5278 contumelias
862 5240 1025 5295 passa
1064 5234 1168 5289 est,
1214 5234 1269 5282 et
1301 5235 1525 5298 propter
1555 5228 1705 5283 illum
1750 5231 1908 5286 nobis
1945 5230 2039 5284 ﬁat

458 5311 747 5380 propitius,
781 5318 1001 5386 quando
1051 5318 1096 5375 is
1146 5328 1368 5388 peccata
1416 5329 1605 5376 nostra
1658 5324 1801 5389 tulit,
1841 5333 1896 5380 et
1940 5339 2039 5395 pro

456 5398 616 5459 nobis
659 5405 712 5459 in
763 5406 953 5465 dolore
1003 5420 1088 5467 est
1115 5431 1126 5465 :
1156 5412 1270 5467 haec
1315 5422 1496 5470 autem
1544 5417 1821 5487 supplices
1850 5424 2043 5489 petunt

457 5496 850 5560 propemodum
899 5501 1205 5570 cupientes,
1248 5510 1414 5575 atque
1462 5506 1517 5560 in
1567 5505 1708 5562 votis
1750 5506 2035 5569 habentes,

460 5579 652 5634 Iacicm
701 5585 888 5654 gloria:
935 5588 1141 5646 Christi
1173 5593 1384 5658 videre,
1435 5603 1488 5650 et
1527 5596 1670 5651 diem
1707 5595 1846 5650 lucis
1888 5596 2034 5651 illius

456 5759 508 5825 2,
546 5762 599 5818 5.

2140 4656 2209 4730 ἦν
2243 4659 2303 4712 τὸ
2361 4655 2500 4721 εἶδος
2550 4656 2716 4711 αὐτοῦ
2747 4657 2963 4729 ἄτιμον,
2994 4656 3089 4710 καί⁵
3125 4655 3373 4710 ἐκλεῖπον
3419 4657 3575 4729 παρὰ
3599 4660 3725 4723 τοὺς

2142 4752 2290 4815 υἱοὺς
2316 4748 2425 4803 τῶν
2465 4748 2787 4821 ἀνθρώπων.
2822 4750 3149 4821 Ἀνθρωπος
3187 4750 3246 4801 ἒν
3286 4748 3466 4820 πληγῇ
3503 4749 3601 4815 ὢν,
3632 4752 3729 4805 καί.
3779 4786 3784 4792 -

2141 4841 2297 4906 εἰδὼς
2326 4843 2519 4914 φέρειν
2558 4842 2854 4914 μαλακίαν,
2891 4843 2973 4896 ὅτι
3005 4841 3317 4912 ἀπέστρεψε
3344 4842 3404 4895 τὸ
3433 4841 3727 4915 πρόσωπον

2141 4938 2327 5005 αὑτοῦ,
2366 4937 2642 5011 ητιμάσθη
2664 4955 2678 4969 ο
2721 4957 2741 4989 ι
2778 4939 3004 5001 εἰκότως
3039 4938 3414 5010 παρακαλοῦσι
3459 4940 3551 4994 τὸν
3595 4940 3737 4994 Θεὸνι

2144 5031 2432 5100 ἐπιϐλέψαι
2465 5032 2544 5094 εἰς
2571 5031 2632 5083 τὸ
2668 5031 2958 5102 πρόσωπον
2988 5028 3083 5083 τοῦ
3132 5030 3370 5100 Χριστοῦ
3398 5030 3458 5085 τὸ
3486 5031 3553 5086 δι’
3580 5033 3727 5103 ἡμᾶς

2144 5128 2490 5200 ἠτιμωμένον
2538 5129 2630 5180 καὶ
2663 5127 3116 5199 καθυϐρισμένον,
3156 5126 3286 5180 ἵλεώ
3318 5144 3377 5181 τε
3419 5127 3552 5199 ἡμῖν
3575 5126 3729 5196 γενέ-
3793 5148 3796 5153 ’

2146 5224 2268 5277 σθαι
2325 5224 2392 5278 δι’
2438 5222 2632 5276 αὐτόν·
2676 5223 2796 5275 ἐπεὶ
2824 5221 2924 5286 τὰς
2955 5220 3227 5293 ἁμαρτίας
3266 5219 3423 5292 ήμῶν
3446 5220 3722 5291 ἀνείληφε,

2146 5317 2238 5370 καὶ
2269 5316 2411 5389 ὑπὲρ
2445 5313 2600 5387 ἡμῶν
2639 5314 2913 5367 ὀδυνᾶται.
2968 5313 3153 5367 Ταῦτα
3185 5313 3228 5366 δ’
3264 5312 3584 5376 ἱκετεύουσι,
3637 5330 3728 5381 μο-

2146 5410 2358 5480 νονουχὶ
2383 5408 2676 5472 ποθοῦντες
2706 5408 2799 5460 καὶ
2826 5409 2884 5460 ὲν
2911 5407 3043 5478 εὐχῇ
3061 5405 3333 5477 τιθέμενοι
3358 5404 3727 5475 τὸπρόσωπον

2143 5502 2241 5572 τῆς
2285 5498 2442 5571 δόξης
2500 5500 2628 5554 ἰδεῖν
2659 5498 2754 5552 τοῦ
2788 5497 3052 5571 Χριστοῦ,
3097 5498 3192 5551 καί
3231 5497 3330 5568 τὴν
3380 5495 3595 5568 ἡμέραν
3628 5493 3726 5548 τοῦ

2144 5592 2319 5662 φωτὸς
2364 5592 2527 5645 αὑτοῦ
2569 5590 2885 5645 θεάσασθαι.
2932 5588 3082 5660 Αῦτη
3130 5590 3186 5643 δὲ
3221 5586 3287 5662 ἦν
3314 5591 3348 5661 ἡ
3376 5589 3478 5660 τῆς
3521 5590 3584 5641 ἐκ
3638 5603 3725 5640 νε-

546 5689 606 5779 :'
624 5693 767 5754 Ρετιὶ.
801 5717 915 5771 xu,
951 5702 1008 5770 6,
1045 5707 1093 5761 7.
1170 5707 1213 5741 ³⁸
1238 5708 1370 5766 ibid.
1405 5710 1454 5764 7.
1533 5711 1578 5742 ’δ’
1604 5708 1748 5767 Psal.
1771 5727 1942 5775 xxvu,
1979 5710 2032 5767 8.

2148 5704 2314 5762 'ibid.
2347 5705 2400 5772 6,
2437 5706 2490 5763 7.
2562 5708 2602 5740 ¹⁵¹
2632 5706 2781 5765 Psal.
2817 5721 3046 5774 uxxnt,
3091 5704 3177 5768 l0,
3216 5704 3301 5758 ll.
3379 5705 3424 5738 δ’
3462 5706 3557 5760 lsa.
3597 5717 3723 5770 ιιςι,
