4126 6428
286 5752 335 5811 ‘5'.

404 375 513 433 515

1318 369 1973 429 DEMONSTRATIONIS
2012 368 2471 429 EVANGEIJCE
2508 369 2637 426 LIB.
2667 368 2757 426 iV.

3535 371 3648 429 3H

406 485 556 561 κρῶν
595 485 944 548 ἀναστάσεως
996 480 1182 545 αὐτοῦ,
1240 482 1453 553 ἥντινα,
1517 482 1645 554 μίαν
1696 478 1861 539 οὖσαν
1885 486 1968 539 καΊ

2080 483 2437 555 contemplari
2465 502 2479 538 :
2507 496 2675 556 porro
2700 481 2792 538 hic
2825 480 2929 538 fuit
2965 496 3090 537 cum
3120 495 3151 536 a
3182 488 3357 538 morte
3382 482 3452 538 ad
3480 485 3645 541 vitam

408 578 578 654 μόνην
605 579 682 643 ὡς
707 576 919 649 ἀληθῶς
947 574 1138 648 κυρίαν
1159 569 1323 629 οὖσαν
1346 574 1437 628 καὶ
1463 576 1766 649 Κυριακὴν,
1794 577 1977 648 κρείτ⁴

405 692 536 730 τονα
562 670 698 727 εἷναί
720 689 850 743 φασι
881 670 1089 743 μυρίων
1107 670 1248 725 ὅσων
1282 668 1390 723 τῶν
1411 669 1731 741 κοινοτέρως
1752 686 1873 723 νοου
1882 669 1977 740 μέ-

405 781 515 820 νων
544 761 788 834 ἡμερῶν,
821 760 854 832 ἢ
893 760 1002 814 τῶν
1042 759 1196 832 παρά
1251 760 1441 813 Μωσεῖ
1471 758 1975 830 νενομοθετημένων

410 855 469 916 ἐν
502 854 715 923 ἑορταῖς
757 851 851 905 καὶ
901 851 1219 921 νουμηνίαις
1254 850 1349 904 καὶ
1383 849 1691 915 σαϐϐάτοις,
1722 847 1789 912 ἃς
1819 848 1975 901 σκιὰν

406 940 546 999 εἶναι
572 943 811 1016 ἡμερῶν,
844 942 958 996 ἀλλ’
982 944 1081 1013 οὐχ
1130 942 1341 1015 ἡμέρας
1360 943 1388 995 ό
1410 941 1553 1005 θεῖος
1579 940 1875 1004 ἀπόστολος
1895 941 1975 994 δι-

407 1032 613 1088 δάσκει.
657 1032 808 1102 Μόνη
842 1030 897 1085 δέ
914 1031 1051 1102 αὕτη
1083 1034 1116 1104 ἡ
1160 1032 1257 1103 μία
1307 1031 1561 1103 Κυριακὴ
1601 1030 1695 1084 τοῦ
1725 1031 1976 1102 Σωτῆρος

410 1124 560 1196 ἡμῶν
600 1123 781 1195 ἡμέρα
814 1125 912 1178 οὐκ
941 1125 1001 1178 ἐν
1049 1125 1210 1177 παντὶ
1251 1124 1403 1195 τόπῳ
1446 1120 1718 1193 φωτίζειν,
1762 1122 1875 1175 ἀλλ’
1917 1123 1975 1175 ἐν

414 1217 599 1286 μόναις
630 1217 749 1279 ταῖς
796 1215 987 1279 αὐλαῖς
1025 1214 1118 1269 τοῦ
1152 1215 1359 1287 Κυρίου
1396 1214 1662 1268 λέλεκται.
1688 1210 1811 1268 Εἶεν
1834 1214 1879 1267 δ’
1908 1213 1976 1267 ἂν

407 1300 563 1363 αὗται
606 1307 663 1361 αἱ
711 1306 854 1361 κατὰ
885 1308 1062 1361 πᾶσαν
1094 1307 1191 1379 τὴν
1237 1309 1561 1379 οἰκουμένην
1603 1307 1696 1360 τοῦ
1740 1304 1974 1378 Χριστοῦ

418 1399 752 1472 Ἐκκλησίαι,
779 1400 896 1464 ἐνὸς
922 1399 1014 1453 τοῦ
1042 1400 1176 1453 Θεοῦ
1196 1400 1556 1471 τυγχάνουσαι
1589 1401 1769 1464 αὐλαὶ,
1801 1401 1859 1452 ἐν
1888 1394 1978 1458 αἷς

405 1492 595 1562 ἀγαπᾷ
637 1490 730 1543 καὶ
779 1492 1011 1563 αἱρεῖται
1061 1492 1557 1565 παραρριπτεῖσθαι
1595 1494 1623 1545 ὁ
1656 1490 1724 1545 τὰ
1754 1490 1976 1544 τοιαῦτα

404 1580 579 1647 εἰδὼς,
603 1582 752 1654 παρά
778 1582 911 1661 πολὺ
934 1583 1218 1654 κρείττονα
1243 1584 1341 1657 τὴν
1372 1586 1429 1638 ἐν
1443 1584 1664 1646 ταύταις
1691 1583 1974 1655 διατριϐὴν

403 1673 821 1746 ἀποφηνάμενος
862 1673 963 1745 τῆς
997 1676 1055 1728 ἐν
1083 1676 1196 1739 τοῖς
1230 1674 1549 1746 σκηνώμασι
1574 1674 1682 1727 τῶν
1710 1674 1974 1746 ἁμαρτω-

400 1766 509 1820 λῶν
531 1781 546 1796 ·
580 1766 858 1837 σημαίνων
907 1765 1007 1829 τὰς
1059 1765 1168 1820 τῶν
1231 1765 1497 1820 Ἰουδαίων
1537 1767 1858 1835 συναγωγὰς
1882 1767 1974 1820 τὸν

401 1857 634 1930 Χριστὸν
658 1858 751 1912 τοῦ
785 1857 919 1912 Θεοῦ
947 1857 1304 1931 ἀρνουμένας,
1330 1858 1363 1928 ἦ
1409 1859 1504 1912 καὶ
1536 1857 1634 1922 τὰς
1665 1858 1772 1943 τῶν
1796 1858 1971 1913 ἀθέων
1999 1884 2048 1943 Β

402 1948 740 2020 ἑτεροδόξων,
767 1949 862 2003 καὶ
897 1948 1002 2002 τῶν
1027 1948 1202 2003 ἀλλων
1241 1948 1481 2002 ἀπίστων
1508 1948 1699 2013 ἐθνῶν,
1727 1942 1802 2003 ὧν
1837 1949 1971 2002 πολὺ

403 2038 641 2109 βελτίους
657 2036 793 2093 εἶναι
815 2039 913 2103 τὰς
946 2039 1265 2111 Ἐκκλησίας
1285 2038 1378 2093 τοῦ
1400 2039 1634 2110 Χριστοῦ
1657 2042 1764 2104 πᾶς
1791 2042 1820 2093 ό
1844 2040 1975 2095 ταύ-

399 2146 499 2193 τας
523 2129 845 2201 αἱρούμενος
871 2128 1248 2199 ἀποφαίνεται.

405 2320 667 2393 Ψαλμοῦ
684 2328 873 2391 πη’.-
892 2323 1148 2391 Χριστὸς
1171 2322 1460 2392 ὀνομαστὶ
1480 2323 1972 2393 ἐξουθενημένος,

468 2392 565 2464 καὶ
612 2391 684 2464 (ci
722 2392 1012 2464 αἴσχιστα
1052 2391 1437 2464 πεισόμενος,
1477 2391 1866 2464 ἀντάλλαγμα
1895 2411 1975 2464 ,τε

471 2460 658 2514 αὐτοῦ
697 2460 864 2528 labe
893 2462 1079 2516 αὐτοῦ
1107 2462 1226 2514 ὑπὸ
1264 2462 1382 2515 τῶν
1415 2462 1648 2532 ἐχθρῶν
1694 2460 1967 2523 migrara-

463 2545 671 2599 μενος.

474 2660 494 2693 ι
535 2643 608 2696 Σὺ
656 2641 715 2695 δὲ
767 2641 972 2699 ἀπώσω
1011 2643 1107 2697 καὶ
1153 2642 1529 2710 ἐξουδένωσας,
1580 2644 1841 2699 ἀνεϐάλου
1883 2646 1972 2698 τὸν

396 2734 632 2804 Χριστόν
663 2752 779 2797 σου,
825 2736 1201 2807 κατέστρεψας
1234 2735 1332 2806 τὴν
1360 2737 1636 2808 Διαθήκην
1660 2737 1753 2789 τοῦ
1784 2736 1969 2790 δούλου

396 2845 514 2882 σου.
556 2828 930 2900 Ἐὄεὸήλωσας
958 2833 1039 2894 εἰς
1059 2832 1157 2903 τὴν
1185 2831 1290 2903 γῆν
1315 2832 1377 2885 τὸ
1417 2833 1663 2903 ἀγίασμα
1701 2833 1865 2887 αὐτοῦ
1886 2874 1901 2898 ,
1945 2853 1962 2885 ι

394 2918 490 2972 καὶ
543 2918 613 2972 τὰ
665 2917 812 2989 ἐξῆς·
842 2915 924 2983 οἷς
955 2919 1216 2987 ἐπιλέγεν
1248 2938 1267 2970 ι
1296 2919 1598 2991 Μνὴσθητι,
1645 2919 1839 2991 Κύριε,
1874 2919 1969 2973 τοῦ

393 3008 697 3081 ὀνειδισμοῦ
719 3009 828 3062 τῶν
856 3009 1054 3063 δούλων
1091 3027 1207 3074 σου,
1242 3004 1303 3064 οὗ
1329 3010 1564 3082 ὑπέσχον
1595 3013 1653 3064 ἐν
1684 3010 1761 3083 τῷ
1785 3012 1970 3083 κόλπῳ

398 3118 500 3173 μου
533 3101 744 3155 πολλῶν
771 3100 958 3165 ἐθνῶν,
991 3098 1052 3157 οὗ
1085 3102 1366 3157 ὠνείδισαν
1398 3104 1448 3156 οἱ
1483 3102 1666 3175 ἐχθροί
1700 3121 1815 3170 σου,
1852 3106 1967 3158 Κύ-

2078 590 2333 632 reversus
2369 586 2473 641 est,
2504 589 2668 645 quem
2710 588 2861 641 sane,
2892 588 3017 628 eum
3048 574 3095 629 is
3129 589 3272 631 unus
3303 575 3378 629 sit
3407 581 3463 631 et
3495 577 3647 633 solus

2076 682 2266 725 revera
2292 667 2544 737 proprius
2585 680 2651 719 ac
2674 664 3010 729 Dominicus,
3028 665 3306 720 meliorem
3327 680 3449 723 esse
3470 666 3645 731 aiunt,

2077 759 2200 814 aliis
2228 756 2726 813 innumerabilibus
2766 756 2985 822 diebus,
3022 756 3138 812 sive
3161 757 3254 828 qui
3285 758 3648 812 communiter

2075 849 2469 919 intelligantur,
2504 847 2621 903 sive
2649 846 2742 917 qui
2769 862 2800 901 a
2834 847 2984 903 Mose
3010 847 3067 901 in
3103 846 3440 902 solemnibus
3464 857 3518 902 et
3547 862 3647 902 no-

2076 941 2300 998 viluniis
2341 949 2395 997 et
2433 940 2678 997 sabbatis
2718 939 2837 1011 lege
2882 939 3082 993 sanciti
3128 939 3260 1004 sint,
3294 955 3431 1010 quos
3460 940 3648 1008 utique

2076 1048 2186 1088 non
2216 1032 2355 1097 dies,
2391 1031 2488 1088 sed
2520 1031 2733 1086 dierum
2766 1030 2991 1086 umbras
3031 1046 3156 1087 esse
3180 1031 3401 1087 divinus
3426 1040 3649 1102 aposto-

2078 1125 2162 1179 lus
2213 1124 2396 1179 docet.
2437 1121 2538 1177 Hic
2586 1129 2771 1177 autem
2819 1121 2971 1177 solus
3027 1129 3082 1177 et
3127 1139 3270 1178 unus
3328 1122 3647 1178 Dominicus

2080 1214 2378 1271 Salvatoris
2405 1214 2580 1270 nostri
2612 1214 2751 1277 dies,
2777 1229 2888 1267 non
2912 1213 2968 1267 in
2996 1214 3145 1268 omni
3176 1215 3296 1269 loco
3323 1215 3522 1280 lucere,
3551 1213 3647 1268 sed

2077 1308 2133 1363 in
2172 1308 2306 1364 solis
2352 1307 2511 1364 atriis
2547 1306 2761 1362 Domini
2799 1306 2982 1362 dictus
3024 1315 3128 1362 est.
3183 1306 3306 1361 Haec
3350 1323 3477 1361 vero
3509 1308 3644 1360 atria

2076 1407 2238 1455 erunt
2266 1415 2362 1470 per
2389 1406 2565 1453 totum
2609 1399 2796 1454 orbem
2826 1406 3093 1454 terrarum
3134 1398 3338 1456 Christi
3369 1400 3644 1462 Ecclesiae,

2075 1507 2197 1562 quae
2224 1493 2390 1549 unius
2432 1491 2631 1549 domus
2680 1491 2777 1548 Dei
2825 1493 3005 1547 locum
3053 1492 3323 1547 obtinent.
3356 1493 3418 1547 ln
3450 1492 3655 1562 quibus

2074 1590 2227 1653 optat
2253 1589 2417 1652 atque
2462 1583 2617 1653 eligit
2660 1598 2721 1639 se
2751 1583 2933 1653 potius
2963 1583 3235 1653 ahjeetum
3265 1597 3408 1643 esse,
3440 1582 3535 1651 qui
3565 1591 3650 1635 ta-

2074 1673 2147 1728 lia
2191 1673 2365 1738 novit,
2400 1672 2671 1744 longeque
2722 1673 3003 1737 meliorem
3044 1673 3101 1727 in
3128 1672 3196 1726 iis
3254 1671 3642 1725 habitationem

2073 1765 2346 1828 enuntiat,
2391 1780 2556 1835 quam
2587 1765 2642 1820 in
2690 1776 3040 1835 peccatorum
3087 1764 3458 1820 tabernaculis
3491 1781 3505 1818 :
3542 1762 3649 1817 nisi

2074 1855 2214 1912 forte
2258 1855 2607 1923 Iudaeorum,
2658 1857 2753 1928 qui
2799 1857 3079 1914 Christum
3125 1857 3220 1914 Dei
3272 1864 3504 1928 negant,
3556 1864 3656 1909 aut

2074 1951 2306 2007 aliorum
2341 1950 2558 2007 diversa
2590 1952 2953 2023 opinantium,
2992 1952 3317 2022 nullumque
3352 1949 3521 2004 Deum
3554 1962 3650 2004 co-

2075 2043 2323 2108 lentium,
2355 2041 2799 2115 reliquarumque
2832 2058 2864 2098 a
2895 2042 2998 2099 ﬁde
3025 2043 3438 2098 abhorrentium
3465 2042 3649 2096 natio-

2073 2152 2202 2191 num
2230 2142 2554 2201 eonventus,
2586 2137 2759 2191 multo
2801 2136 3056 2191 meliores
3088 2149 3211 2190 esse
3241 2149 3410 2204 quam
3443 2133 3651 2189 Christi

2074 2227 2366 2293 Ecclesias,
2404 2228 2714 2300 quicunque
2739 2229 2905 2284 hasce
2944 2226 3113 2297 eligit,
3148 2226 3450 2298 profitetur.

2075 2338 2115 2391 Α
2170 2337 2378 2405 psalmo
2418 2354 2684 2395 uxxvnt.
2728 2368 2798 2378 —
2826 2337 3070 2393 Christus
3113 2338 3430 2393 nominatim
3468 2334 3651 2401 despe-

2147 2418 2284 2473 ctus,
2317 2421 2471 2479 atque
2499 2410 2677 2463 omnia
2712 2407 2906 2477 probra
2949 2424 3205 2478 passurus
3233 2424 3251 2461 :
3281 2408 3652 2479 commutatio-

2144 2492 2241 2601 Zue
2264 2478 2401 2547 ejus,
2426 2480 2657 2549 populus
2693 2479 2949 2549 ejusdem,
2985 2479 3074 2546 qui
3112 2479 3175 2532 ab
3206 2478 3433 2532 inimicis
3464 2490 3652 2541 expro-

2184 2559 2354 2601 ratur.

2184 2559 2354 2603 ratur.

2079 2662 2238 2732 187
2274 2682 2291 2714 ι
2331 2662 2414 2717 Tu
2449 2677 2581 2717 vero
2626 2660 2880 2733 repulisti
2921 2668 2976 2717 et
3002 2660 3324 2732 despexisti,
3385 2656 3655 2713 distulisti

2072 2754 2353 2809 Christum
2395 2762 2595 2809 tuum:
2633 2756 2881 2810 evertisti
2924 2760 3316 2810 testamentum
3362 2750 3505 2807 servi
3542 2747 3649 2804 sui.

2071 2842 2381 2900 Profanasti
2426 2845 2483 2899 in
2529 2853 2679 2901 terra
2722 2846 3097 2900 sanetuarium
3131 2844 3330 2914 ejus”,
3373 2861 3393 2894 ι
3435 2849 3490 2896 et
3529 2855 3655 2912 qua:

2070 2944 2396 3008 sequuntur,
2414 2938 2615 3010 quibus
2633 2939 2881 3011 adjungit
2906 2959 2920 2994 :
2948 2957 2969 2991 ι
3006 2937 3212 2994 Memor
3234 2945 3374 3003 esto,
3402 2936 3650 2997 Domine.

2072 3035 2355 3106 opprobrii
2397 3051 2681 3095 servorum
2722 3045 2967 3103 tuorum,
2994 3035 3141 3108 quod
3173 3035 3423 3091 continui
3446 3035 3501 3089 in
3525 3035 3651 3090 sinu

2072 3143 2193 3183 meo
2224 3128 2525 3184 multarum
2556 3130 2827 3200 gentium,
2862 3128 3008 3200 quod
3041 3129 3512 3199 exprobraverunt
3544 3126 3652 3180 ini-

399 3207 505 3262 ριε,
532 3183 594 3245 οῦ
621 3191 923 3257 ὠνείδισαν,
951 3192 1014 3246 τὺ
1040 3192 1394 3264 ἀντάλλαγμα
1419 3193 1513 3247 τοῦ
1536 3194 1773 3266 Χριστοῦ
1795 3213 1910 3250 σου.
1944 3214 1961 3247 ι

2074 3220 2201 3274 mici
2226 3219 2330 3284 tui,
2368 3219 2620 3286 Domine,
2652 3222 2800 3292 quod
2829 3221 3321 3293 exprobraverunt,
3349 3228 3647 3275 commuta-

393 3282 589 3352 Σαφῶς
611 3283 667 3337 δέ
698 3285 795 3340 καὶ
825 3286 881 3339 ἐν
908 3284 1117 3349 τούτοις
1143 3285 1172 3337 ό
1198 3285 1432 3357 Χριστὸς
1461 3286 1720 3358 ὀνομαστὶ
1754 3304 1963 3359 μνημοσ-

392 3375 625 3441 νεύεται,
662 3377 756 3436 καὶ
784 3378 817 3448 ἠ
858 3377 1000 3431 κατά
1035 3377 1096 3430 τὸ
1132 3376 1303 3441 πάθος
1325 3377 1489 3431 αὐτοῦ
1515 3379 1964 3452 προφητευομένη

393 3463 729 3538 περίστασις.
770 3465 893 3519 Ἐπὶ
922 3464 1115 3538 σχολῆς
1142 3466 1201 3521 δὲ
1230 3466 1321 3521 τὸν
1351 3467 1471 3522 ὅλον
1499 3468 1712 3541 ψαλμὸν
1747 3470 1968 3541 βασανί-

391 3553 573 3621 ζοντες
602 3557 1044 3628 παραστήσομεν,
1073 3559 1155 3611 ὅτι
1182 3558 1273 3611 ἐπὶ
1302 3558 1614 3633 μηδέτερον,
1666 3561 1698 3631 ἢ
1748 3562 1840 3615 ἐπὶ
1869 3562 1968 3632 μό-

390 3663 479 3703 νον
503 3646 593 3701 τὸν
623 3648 852 3721 Σωτῆρα
883 3651 978 3702 καὶ
1021 3647 1224 3722 Κύριον
1253 3650 1410 3722 ἡμῶν
1440 3653 1748 3725 ἐφαρμόσαι
1786 3653 1853 3707 ἂν
1896 3653 1965 3707 τὰ

391 3736 742 3808 προκείμενα.
785 3738 943 3793 Ἀλλά
972 3741 1067 3794 καὶ
1089 3740 1339 3814 δεύτερον
1360 3742 1595 3814 Χριστὸς
1630 3743 1964 3815 ὀνομαζόμε-

389 3845 500 3893 νος,
530 3830 652 3884 τίνα
680 3830 838 3885 ἄλλον
859 3832 892 3904 ἢ
910 3831 1000 3886 τὸν
1027 3832 1190 3887 αὐτὸν
1214 3833 1385 3904 δηλοῖ,
1409 3827 1470 3887 οὗ
1497 3834 1559 3887 τὸ
1584 3834 1958 3908 ἀντάλλαγμα,

387 3920 625 3991 δηλονότι
647 3920 747 3994 τὴν
780 3921 1125 3994 Ἐκκλησίαν,
1148 3924 1428 3979 ὠνείδισάν
1451 3942 1511 3979 τε
1545 3927 1640 3980 καὶ
1671 3926 1838 3981 εἰσέτι
1866 3927 1962 3983 νῦν

385 4010 702 4077 ὀνειδίζουσι
747 4014 798 4067 oi
841 4013 1121 4085 λεγόμενοι
1177 4013 1270 4067 τοῦ
1317 4015 1555 4086 Χριστοῦ
1606 4017 1824 4088 ἐχθροί;
1879 4016 1962 4070 Τὰ

388 4101 520 4170 γοῦν
564 4102 658 4156 τοῦ
691 4103 944 4177 Σωτῆρος
991 4102 1147 4175 ἡμῶν
1194 4103 1338 4175 πάθη
1385 4104 1421 4159 ἃ
1466 4106 1609 4177 ὑπὲρ
1668 4107 1824 4179 ἡμῶν
1862 4110 1959 4163 ἀν-

387 4195 625 4261 ιδέξατο,
666 4196 762 4250 καὶ
811 4196 1047 4267 μάλιστα
1082 4195 1173 4251 τὸν
1205 4196 1432 4251 θάνατον
1464 4200 1667 4253 καὶτὸν
1707 4202 1957 4273 σταυρὸν,

387 4288 497 4352 πᾶς
517 4290 546 4342 ὁ
570 4287 673 4358 τῆς
695 4288 930 4361 Χριστοῦ
955 4287 1303 4352 διδασκαλίας
1324 4289 1582 4361 πολέμιος
1612 4292 1959 4358 ἐπονειδίζειν

386 4381 519 4452 ἡμῖν
548 4379 759 4436 εἴωθεν.

2079 3316 2283 3372 tionem
2308 3315 2517 3372 Christi
2544 3318 2624 3371 tui
2640 3316 2706 3372 “.
2737 3336 2757 3369 ι
2789 3314 3085 3386 Perspicue
3107 3331 3240 3371 vero
3268 3315 3433 3369 etiam
3465 3315 3521 3368 in
3563 3314 3653 3369 his

2066 3406 2272 3463 Christi
2310 3407 2638 3462 nominatim
2660 3408 2864 3464 mentio
2898 3408 2977 3472 ﬁt,
3003 3415 3057 3463 et
3089 3408 3272 3463 futura
3305 3407 3361 3463 in
3392 3406 3650 3478 passione

2065 3495 2312 3566 ejusdem
2355 3496 2580 3553 afﬂictio
2624 3507 2983 3555 memoratur.
3034 3498 3139 3555 Ubi
3194 3514 3326 3556 vero
3378 3499 3504 3569 plus
3551 3498 3649 3552 otii

2064 3589 2212 3644 nacti
2252 3589 2480 3655 erimus,
2529 3597 2703 3668 totum
2734 3592 3008 3662 psalmum
3046 3593 3397 3663 explorantes
3424 3589 3640 3645 demon-

2066 3681 2384 3744 strabimus,
2420 3680 2557 3735 nulli
2589 3696 2820 3752 prorsus
2865 3681 2959 3734 alii
2988 3679 3100 3736 nisi
3147 3678 3417 3736 Salvatori
3450 3695 3513 3734 ae
3540 3679 3651 3733 Do-

2063 3773 2214 3826 mino
2234 3781 2431 3826 nostro
2455 3771 2861 3825 accommodari
2890 3785 3055 3841 posse
3084 3785 3208 3840 qua:
3250 3770 3306 3823 in
3341 3784 3407 3822 eo
3446 3783 3651 3839 propo-

2063 3863 2167 3918 sita
2190 3871 2338 3917 sunt.
2364 3842 2471 3916 Sed
2493 3860 2638 3915 enim
2660 3859 2752 3914 ubi
2790 3858 3048 3915 Christus
3082 3859 3282 3913 iterum
3309 3856 3644 3919 nominatur,

2061 3951 2187 4023 quis
2217 3950 2437 4006 tandem
2467 3950 2610 4006 alius
2645 3948 2984 4020 signiﬁcetur
3016 3949 3125 4004 nisi
3169 3948 3261 4003 ille
3309 3947 3447 4018 ipse,
3487 3945 3648 4015 cujus

2061 4042 2569 4107 commutationem,
2622 4042 2726 4096 hoc
2771 4051 2858 4098 eSt
2893 4041 3218 4106 Ecclesiam,
3266 4047 3323 4095 et
3348 4038 3645 4110 exprobras

2061 4142 2258 4191 verunt
2306 4141 2360 4190 et
2392 4133 2574 4190 adhuc
2601 4133 2959 4205 exprobrant,
3003 4133 3098 4203 qui
3147 4132 3410 4187 dicuntur
3438 4130 3648 4188 Christi

2062 4225 2308 4282 inimici?
2332 4226 2604 4298 siquidem
2633 4225 2936 4282 Salvatoris
2969 4225 3148 4280 nostri
3179 4224 3481 4290 cruciatus,
3506 4240 3647 4295 quos

2061 4319 2179 4390 ipse
2212 4332 2313 4388 pro
2363 4316 2522 4373 nobis
2565 4316 2842 4386 suscepit,
2890 4330 2955 4370 ac
2997 4314 3275 4386 praecipue
3314 4321 3548 4369 mortem
3592 4322 3648 4369 et

2060 4424 2304 4473 crucem,
2358 4407 2677 4479 quicunque
2719 4405 2927 4462 Christi
2982 4404 3291 4459 doctrinam
3342 4409 3644 4474 oppugnat,

2060 4501 2397 4572 exprobrare
2425 4498 2588 4555 nobis
2620 4498 2930 4555 consuevit.

392 4581 642 4664 Ψαλμοᾷ
667 4584 830 4664 ἅλμ’..
862 4613 930 4623 -
971 4580 1228 4664 Χριστὸς
1259 4582 1651 4664 dri-cymbis?
1691 4584 1958 4664 σπέρμα-

2069 4594 2108 4648 Α
2135 4571 2341 4664 psalmo
2369 4606 2555 4647 CXXXI.
2589 4620 2661 4632 —
2696 4591 2944 4646 Christus
2973 4590 3325 4664 _nominatim_
3342 4587 3406 4642 de
3433 4589 3646 4664 semine

452 4668 555 4718 τος
591 4651 1217 4743 Δαϐωεάνξςτξμξνος,
1237 4651 1438 4743 2κιξτικις
1466 4654 1644 4708 Δαϐὶδ
1677 4651 1957 4743 erogata-

450 4722 1202 4864 ngzzcgs'ﬁzigxg
1222 4724 1491 4848 $26.22.:

460 4925 478 4955 ι
516 4907 718 4976 Ὦμοσε
757 4904 963 4977 Κύριος
1000 4904 1078 4977 τῷ
1115 4906 1280 4960 Δαϐὶδ
1320 4907 1597 4979 ἀλήθειαν,
1635 4908 1729 4962 καὶ
1772 4909 1833 4963 οὐ
1881 4909 1956 4980 μὴ

2137 4659 2309 4733 David
2343 4678 2585 4733 surgens,
2622 4664 2713 4727 qui
2760 4659 3136 4733 cornuﬂavid
3181 4660 3509 4733 nominatur,
3554 4659 3646 4728 qui

2133 4732 2355 4789 Iudaeos
2400 4729 2645 4788 inimicos
2702 4732 2983 4802 confudit,
3027 4733 3119 4803 qui
3169 4729 3643 4800 sancti/irationem

2135 4804 2320 4860 Patris
2345 4811 2580 4859 renovat.

2127 4940 2146 4973 c
2188 4918 2402 4977 Iuravit
2432 4918 2701 4975 Dominus
2735 4917 2842 4988 ipsi
2891 4915 3064 4974 David
3097 4916 3385 4972 veritatem
3426 4920 3481 4969 et
3520 4911 3642 4966 irri-

382 4998 635 5071 ἀθετήσει
677 4999 867 5054 αὐτόν’
905 5002 971 5054 ἐκ
1014 4999 1229 5072 καρποῦ
1262 5000 1361 5071 τῆς
1407 5001 1616 5064 κοιλίας
1656 5017 1749 5054 σου
1796 4999 1959 5073 θήσο-

2069 5029 2165 5070 .am
2204 5029 2315 5071 non
2346 5011 2508 5067 faciet
2545 5027 2688 5075 eam,
2727 5010 2795 5066 de
2838 5009 3027 5065 fructu
3062 5008 3270 5065 ventris
3323 5006 3399 5060 tui
3431 5018 3635 5075 ponam

385 5109 483 5160 μαι
539 5092 631 5146 ἐπὶ
681 5091 779 5145 τοῦ
832 5090 1024 5163 θρόνου
1087 5110 1204 5149 σου.
1241 5114 1259 5146 ι
1330 5089 1441 5149 Εἶθ’
1498 5090 1705 5158 ὑποϐάς
1756 5110 1953 5165 φησιν’

386 5201 408 5236 ¢
445 5184 592 5238 Ἐκεῖ
612 5182 915 5248 ἐξανατελῶ
943 5184 1109 5258 κέρας
1136 5186 1214 5259 τῷ
1239 5188 1427 5251 Δαὸὶδ,
1457 5188 1731 5260 ἡτοίμασα
1765 5187 1957 5259 λύχνον

378 5276 457 5349 τῷ
482 5276 703 5350 Χριστῷ
740 5295 842 5350 μου
862 5296 877 5309 ο
905 5280 1030 5343 τοὺς
1061 5280 1289 5352 ἐχθροὺς
1330 5281 1734 5351 αύτοῦιένδύσω
1763 5284 1954 5355 αίσχύ-

377 5386 477 5438 νην
495 5386 508 5401 ·
544 5369 636 5426 ἐπὶ
667 5370 726 5424 δὲ
749 5370 910 5425 αὐτὸν
936 5371 1221 5444 ἐξανθήσει
1248 5374 1308 5427 τὸ
1336 5375 1585 5447 ἁγίασμά
1611 5393 1732 5446 μου.
1766 5397 1784 5429 ι
1810 5379 1955 5432 Κάν-

375 5461 548 5515 ταῦθα
577 5462 707 5535 περὶ
742 5462 835 5517 τοῦ
866 5466 929 5516 ἐκ
970 5464 1283 5537 σπέρματος
1309 5468 1473 5521 Δαϐὶδ
1511 5468 1736 5540 ὄμνυσιν
1767 5474 1795 5526 ό
1843 5472 1955 5526 Κύ-

381 5571 515 5625 ριος,
550 5556 687 5627 ὅπερ
727 5555 950 5629 σπέρμα
993 5558 1089 5614 καὶ
1122 5558 1289 5630 κέρας
1325 5559 1581 5631 ὀνομάζει
1622 5563 1820 5618 αὑτοῦ·
1860 5567 1952 5620 καὶ

377 5645 537 5698 πάλιν
586 5647 847 5719 ὀνομαστὶ
895 5648 986 5703 τὸν
1037 5651 1270 5721 Χριστὸν
1321 5652 1707 5724 ἀναγορεύων,
1760 5656 1951 5730 λύχνον

2055 5121 2222 5177 super
2246 5107 2431 5162 sedem
2453 5115 2604 5162 tuam
2618 5105 2689 5160 ⁸⁸.
2723 5125 2742 5159 ι
2771 5103 2910 5159 Tum
2942 5112 3269 5173 progressus
3293 5097 3525 5154 inferius
3558 5097 3641 5153 sic

2057 5202 2137 5257 ait
2162 5217 2175 5254 :
2205 5220 2225 5255 ι
2245 5199 2359 5277 Illic
2384 5201 2683 5273 producam
2710 5216 2885 5256 cornu
2913 5198 3020 5270 ipsi
3045 5196 3233 5260 David,
3254 5195 3439 5267 paravi
3469 5196 3640 5250 lucer—

2060 5309 2186 5348 nam
2234 5292 2459 5350 Christo
2502 5309 2658 5358 meo,
2707 5292 2964 5347 inimicos
3006 5290 3127 5360 ejus
3175 5288 3400 5343 induam
3451 5286 3640 5343 confu~

2060 5384 2450 5457 sionezsuper
2486 5386 2668 5456 ipsum
2722 5391 2905 5440 autem
2956 5380 3225 5439 eﬂlorebit
3270 5380 3637 5437 sanctiﬁcatio

2058 5477 2263 5534 mea".
2302 5497 2321 5530 ι
2361 5476 2464 5533 Hic
2501 5492 2724 5547 quoque
2765 5476 2834 5530 de
2874 5489 2940 5530 eo
2977 5474 3072 5545 qui
3111 5489 3178 5528 ex
3218 5471 3427 5528 semine
3464 5469 3635 5525 David

2056 5570 2269 5625 oriatur
2302 5570 2457 5640 jurat
2500 5567 2785 5632 Dominus,
2828 5566 2977 5638 quod
3008 5567 3228 5639 quidem
3268 5579 3457 5622 semen
3494 5564 3637 5635 ejus-

2057 5661 2202 5727 dem,
2250 5676 2422 5718 cornu
2461 5659 2761 5717 nominat:
2805 5668 2859 5715 et
2897 5675 3024 5716 cum
3066 5660 3263 5717 iterum
3308 5656 3634 5715 nominatim

446 5799 493 5831 ⁸³
520 5798 663 5855 Psal.
695 5818 956 5875 Lsxxvm,
989 5805 1078 5873 59,
1117 5806 1193 5861 i0.
1278 5807 1320 5839 ⁵⁵
1345 5808 1476 5863 ibid.
1515 5809 1709 5873 5l,52.
1786 5813 1831 5846 ⁵⁸
1858 5811 1968 5870 Psa‘

2069 5831 2214 5881 tum,
2252 5817 2338 5874 ll.
2418 5817 2465 5850 "
2486 5810 2621 5872 ibid.
2651 5815 2738 5881 l7,
2774 5817 2860 5874 l8.
