  <div class='ocr_page' id='page_1' title='image "/cluster/home/n/w/nwhite01/storage/ocr_20150623/22:no.4/coo.31924054873025/171.png"; bbox 0 0 4126 6460; ppageno 0'>
   <div class='ocr_carea' id='block_1_1' title="bbox 465 402 575 458">
    <p class='ocr_par' dir='ltr' id='par_1_1' title="bbox 465 402 575 458">
     <span class='ocr_line' id='line_1_1' title="bbox 465 402 575 458; baseline 0.018 -2"><span class='ocrx_word' id='word_1_1' title='bbox 465 402 575 458; x_wconf 74' lang='grc'><strong>515</strong></span> 
     </span>
    </p>
   </div>
   <div class='ocr_carea' id='block_1_2' title="bbox 1107 391 3089 455">
    <p class='ocr_par' dir='ltr' id='par_1_2' title="bbox 1107 391 3089 455">
     <span class='ocr_line' id='line_1_2' title="bbox 1107 391 3089 455; baseline -0.001 -5"><span class='ocrx_word' id='word_1_2' title='bbox 1107 395 1380 455; x_wconf 83' lang='lat' dir='ltr'><strong>EUSEBII</strong></span> <span class='ocrx_word' id='word_1_3' title='bbox 1419 393 1909 454; x_wconf 65' lang='lat' dir='ltr'><strong>CAESARENSIS</strong></span> <span class='ocrx_word' id='word_1_4' title='bbox 1938 396 2090 453; x_wconf 88' lang='lat' dir='ltr'><strong>OPP.</strong></span> <span class='ocrx_word' id='word_1_5' title='bbox 2134 394 2335 451; x_wconf 74' lang='lat' dir='ltr'><strong>PARS.</strong></span> <span class='ocrx_word' id='word_1_6' title='bbox 2381 392 2447 450; x_wconf 87' lang='grc'><strong>11.</strong></span> <span class='ocrx_word' id='word_1_7' title='bbox 2479 423 2551 434; x_wconf 90' lang='grc'><strong><em>-</em></strong></span> <span class='ocrx_word' id='word_1_8' title='bbox 2581 391 3089 449; x_wconf 79' lang='lat' dir='ltr'><strong>APOLOGETICA.</strong></span> 
     </span>
    </p>
   </div>
   <div class='ocr_carea' id='block_1_3' title="bbox 3634 396 3740 453">
    <p class='ocr_par' dir='ltr' id='par_1_3' title="bbox 3634 396 3740 453">
     <span class='ocr_line' id='line_1_3' title="bbox 3634 396 3740 453; baseline -0.028 0"><span class='ocrx_word' id='word_1_9' title='bbox 3634 396 3740 453; x_wconf 77' lang='lat' dir='ltr'><strong>5l6</strong></span> 
     </span>
    </p>
   </div>
   <div class='ocr_carea' id='block_1_4' title="bbox 463 510 2069 587">
    <p class='ocr_par' dir='ltr' id='par_1_4' title="bbox 463 512 2039 587">
     <span class='ocr_line' id='line_1_4' title="bbox 463 512 2039 587; baseline 0.001 -17"><span class='ocrx_word' id='word_1_10' title='bbox 463 515 749 571; x_wconf 74' lang='lat' dir='ltr'><strong>Christum</strong></span> <span class='ocrx_word' id='word_1_11' title='bbox 785 513 1017 583; x_wconf 89' lang='lat' dir='ltr'><strong>appellet</strong></span> <span class='ocrx_word' id='word_1_12' title='bbox 1054 512 1337 568; x_wconf 89' lang='lat' dir='ltr'><strong>lucernam</strong></span> <span class='ocrx_word' id='word_1_13' title='bbox 1370 512 1506 568; x_wconf 85' lang='lat' dir='ltr'><strong>dicit</strong></span> <span class='ocrx_word' id='word_1_14' title='bbox 1536 529 1597 569; x_wconf 89' lang='lat' dir='ltr'><strong>se</strong></span> <span class='ocrx_word' id='word_1_15' title='bbox 1627 515 1704 569; x_wconf 89' lang='lat' dir='ltr'><strong>illi</strong></span> <span class='ocrx_word' id='word_1_16' title='bbox 1738 515 2039 587; x_wconf 84' lang='lat' dir='ltr'><strong>paravisse,</strong></span> 
     </span>
    </p>
   </div>
   <div class='ocr_carea' id='block_1_5' title="bbox 2175 510 3732 587">
    <p class='ocr_par' dir='ltr' id='par_1_5' title="bbox 2175 510 3732 584">
     <span class='ocr_line' id='line_1_5' title="bbox 2175 510 3732 584; baseline 0.004 -23"><span class='ocrx_word' id='word_1_17' title='bbox 2175 513 2310 582; x_wconf 67' lang='lat' dir='ltr'><strong>a-qa‘tv</strong></span> <span class='ocrx_word' id='word_1_18' title='bbox 2350 512 2706 583; x_wconf 82' lang='grc' dir='ltr'>ήτοιμακέναι</span> <span class='ocrx_word' id='word_1_19' title='bbox 2740 510 2911 582; x_wconf 76' lang='grc' dir='ltr'>αὐτῷ,</span> <span class='ocrx_word' id='word_1_20' title='bbox 2940 512 3031 565; x_wconf 89' lang='grc' dir='ltr'><strong>τὸν</strong></span> <span class='ocrx_word' id='word_1_21' title='bbox 3060 511 3423 584; x_wconf 72' lang='grc' dir='ltr'><strong>προφητικὸν,</strong></span> <span class='ocrx_word' id='word_1_22' title='bbox 3457 512 3534 578; x_wconf 89' lang='grc' dir='ltr'><strong>ώς</strong></span> <span class='ocrx_word' id='word_1_23' title='bbox 3566 514 3732 579; x_wconf 81' lang='grc' dir='ltr'>εἰκὸς,</span> 
     </span>
    </p>
   </div>
   <div class='ocr_carea' id='block_1_6' title="bbox 464 606 2049 680">
    <p class='ocr_par' dir='ltr' id='par_1_6' title="bbox 464 606 2049 680">
     <span class='ocr_line' id='line_1_6' title="bbox 464 606 2049 680; baseline 0.001 -17"><span class='ocrx_word' id='word_1_24' title='bbox 464 608 846 680; x_wconf 75' lang='lat' dir='ltr'><strong>propheticum</strong></span> <span class='ocrx_word' id='word_1_25' title='bbox 875 607 1086 675; x_wconf 92' lang='lat' dir='ltr'><strong>utique,</strong></span> <span class='ocrx_word' id='word_1_26' title='bbox 1104 615 1165 659; x_wconf 92' lang='lat' dir='ltr'><strong>ut</strong></span> <span class='ocrx_word' id='word_1_27' title='bbox 1184 606 1481 663; x_wconf 79' lang='lat' dir='ltr'><strong>verisimile</strong></span> <span class='ocrx_word' id='word_1_28' title='bbox 1497 615 1603 675; x_wconf 89' lang='lat' dir='ltr'><strong>est,</strong></span> <span class='ocrx_word' id='word_1_29' title='bbox 1631 609 1882 673; x_wconf 81' lang='lat' dir='ltr'><strong>verbum,</strong></span> <span class='ocrx_word' id='word_1_30' title='bbox 1904 610 2049 680; x_wconf 90' lang='lat' dir='ltr'><strong>quod</strong></span> 
     </span>
    </p>
   </div>
   <div class='ocr_carea' id='block_1_7' title="bbox 464 697 2051 771">
    <p class='ocr_par' dir='ltr' id='par_1_7' title="bbox 464 697 2051 771">
     <span class='ocr_line' id='line_1_7' title="bbox 464 697 2051 771; baseline 0.003 -17"><span class='ocrx_word' id='word_1_31' title='bbox 464 701 647 771; x_wconf 88' lang='lat' dir='ltr'><strong>ipsum</strong></span> <span class='ocrx_word' id='word_1_32' title='bbox 677 698 954 754; x_wconf 89' lang='lat' dir='ltr'><strong>Christum</strong></span> <span class='ocrx_word' id='word_1_33' title='bbox 983 697 1302 764; x_wconf 85' lang='lat' dir='ltr'><strong>antecessit,</strong></span> <span class='ocrx_word' id='word_1_34' title='bbox 1336 698 1430 769; x_wconf 81' lang='lat' dir='ltr'><strong>qui</strong></span> <span class='ocrx_word' id='word_1_35' title='bbox 1456 700 1606 756; x_wconf 90' lang='lat' dir='ltr'><strong>solus</strong></span> <span class='ocrx_word' id='word_1_36' title='bbox 1640 702 1817 757; x_wconf 88' lang='lat' dir='ltr'><strong>instar</strong></span> <span class='ocrx_word' id='word_1_37' title='bbox 1853 702 2051 759; x_wconf 87' lang='lat' dir='ltr'><strong>solaris</strong></span> 
     </span>
    </p>
   </div>
   <div class='ocr_carea' id='block_1_8' title="bbox 465 789 2055 860">
    <p class='ocr_par' dir='ltr' id='par_1_8' title="bbox 465 789 2055 860">
     <span class='ocr_line' id='line_1_8' title="bbox 465 789 2055 860; baseline 0.003 -15"><span class='ocrx_word' id='word_1_38' title='bbox 465 790 713 857; x_wconf 89' lang='lat' dir='ltr'><strong>luminis,</strong></span> <span class='ocrx_word' id='word_1_39' title='bbox 744 789 1001 846; x_wconf 91' lang='lat' dir='ltr'><strong>omnibus</strong></span> <span class='ocrx_word' id='word_1_40' title='bbox 1026 790 1122 860; x_wconf 90' lang='lat' dir='ltr'><strong>qui</strong></span> <span class='ocrx_word' id='word_1_41' title='bbox 1162 797 1338 846; x_wconf 91' lang='lat' dir='ltr'><strong>totum</strong></span> <span class='ocrx_word' id='word_1_42' title='bbox 1376 792 1567 847; x_wconf 92' lang='lat' dir='ltr'><strong>orbem</strong></span> <span class='ocrx_word' id='word_1_43' title='bbox 1598 800 1876 849; x_wconf 89' lang='lat' dir='ltr'><strong>terrarum</strong></span> <span class='ocrx_word' id='word_1_44' title='bbox 1911 794 2055 849; x_wconf 89' lang='lat' dir='ltr'><strong>inco-</strong></span> 
     </span>
    </p>
   </div>
   <div class='ocr_carea' id='block_1_9' title="bbox 468 878 2051 954">
    <p class='ocr_par' dir='ltr' id='par_1_9' title="bbox 468 878 2051 954">
     <span class='ocr_line' id='line_1_9' title="bbox 468 878 2051 954; baseline 0.002 -20"><span class='ocrx_word' id='word_1_45' title='bbox 468 881 589 935; x_wconf 89' lang='lat' dir='ltr'><strong>lunt</strong></span> <span class='ocrx_word' id='word_1_46' title='bbox 613 880 947 944; x_wconf 87' lang='lat' dir='ltr'><strong>hominibus,</strong></span> <span class='ocrx_word' id='word_1_47' title='bbox 970 888 1195 936; x_wconf 82' lang='lat' dir='ltr'><strong>exortus</strong></span> <span class='ocrx_word' id='word_1_48' title='bbox 1215 887 1319 937; x_wconf 89' lang='lat' dir='ltr'><strong>est.</strong></span> <span class='ocrx_word' id='word_1_49' title='bbox 1359 878 1452 935; x_wconf 88' lang='lat' dir='ltr'><strong>Sic</strong></span> <span class='ocrx_word' id='word_1_50' title='bbox 1475 881 1591 952; x_wconf 90' lang='lat' dir='ltr'><strong>ipse</strong></span> <span class='ocrx_word' id='word_1_51' title='bbox 1620 898 1839 954; x_wconf 90' lang='lat' dir='ltr'><strong>quoque</strong></span> <span class='ocrx_word' id='word_1_52' title='bbox 1857 881 2051 948; x_wconf 80' lang='lat' dir='ltr'><strong>David,</strong></span> 
     </span>
    </p>
   </div>
   <div class='ocr_carea' id='block_1_10' title="bbox 466 971 2057 1046">
    <p class='ocr_par' dir='ltr' id='par_1_10' title="bbox 466 971 2057 1046">
     <span class='ocr_line' id='line_1_10' title="bbox 466 971 2057 1046; baseline 0.001 -19"><span class='ocrx_word' id='word_1_53' title='bbox 466 982 531 1027; x_wconf 90' lang='lat' dir='ltr'><strong>ut</strong></span> <span class='ocrx_word' id='word_1_54' title='bbox 568 971 772 1027; x_wconf 87' lang='lat' dir='ltr'><strong>Christi</strong></span> <span class='ocrx_word' id='word_1_55' title='bbox 824 973 1051 1027; x_wconf 87' lang='lat' dir='ltr'><strong>lucerna</strong></span> <span class='ocrx_word' id='word_1_56' title='bbox 1090 980 1316 1044; x_wconf 90' lang='lat' dir='ltr'><strong>paratus</strong></span> <span class='ocrx_word' id='word_1_57' title='bbox 1355 982 1483 1029; x_wconf 84' lang='lat' dir='ltr'><strong>ante</strong></span> <span class='ocrx_word' id='word_1_58' title='bbox 1519 975 1672 1029; x_wconf 91' lang='lat' dir='ltr'><strong>illum</strong></span> <span class='ocrx_word' id='word_1_59' title='bbox 1708 975 1836 1041; x_wconf 86' lang='lat' dir='ltr'><strong>fuit,</strong></span> <span class='ocrx_word' id='word_1_60' title='bbox 1868 981 2057 1046; x_wconf 89' lang='lat' dir='ltr'><strong>utpote</strong></span> 
     </span>
    </p>
   </div>
   <div class='ocr_carea' id='block_1_11' title="bbox 469 1063 2057 1136">
    <p class='ocr_par' dir='ltr' id='par_1_11' title="bbox 469 1063 2057 1136">
     <span class='ocr_line' id='line_1_11' title="bbox 469 1063 2057 1136; baseline 0.003 -18"><span class='ocrx_word' id='word_1_61' title='bbox 469 1065 562 1135; x_wconf 86' lang='lat' dir='ltr'><strong>qui</strong></span> <span class='ocrx_word' id='word_1_62' title='bbox 596 1064 699 1121; x_wconf 90' lang='lat' dir='ltr'><strong>soli</strong></span> <span class='ocrx_word' id='word_1_63' title='bbox 745 1063 1097 1135; x_wconf 81' lang='lat' dir='ltr'><strong>perfectoque</strong></span> <span class='ocrx_word' id='word_1_64' title='bbox 1146 1065 1342 1119; x_wconf 90' lang='lat' dir='ltr'><strong>lumini</strong></span> <span class='ocrx_word' id='word_1_65' title='bbox 1386 1073 1775 1136; x_wconf 82' lang='lat' dir='ltr'><strong>comparatus,</strong></span> <span class='ocrx_word' id='word_1_66' title='bbox 1820 1066 2057 1122; x_wconf 74' lang='lat' dir='ltr'><strong>lucerna:</strong></span> 
     </span>
    </p>
   </div>
   <div class='ocr_carea' id='block_1_12' title="bbox 468 1154 2059 1230">
    <p class='ocr_par' dir='ltr' id='par_1_12' title="bbox 468 1154 2059 1230">
     <span class='ocr_line' id='line_1_12' title="bbox 468 1154 2059 1230; baseline 0.003 -21"><span class='ocrx_word' id='word_1_67' title='bbox 468 1154 652 1209; x_wconf 90' lang='lat' dir='ltr'><strong>locum</strong></span> <span class='ocrx_word' id='word_1_68' title='bbox 708 1155 976 1210; x_wconf 88' lang='lat' dir='ltr'><strong>obtineat.</strong></span> <span class='ocrx_word' id='word_1_69' title='bbox 1024 1174 1043 1207; x_wconf 79' lang='grc' dir='ltr'><strong>ι</strong></span> <span class='ocrx_word' id='word_1_70' title='bbox 1095 1155 1214 1210; x_wconf 91' lang='lat' dir='ltr'><strong>lllie</strong></span> <span class='ocrx_word' id='word_1_71' title='bbox 1272 1172 1438 1223; x_wconf 90' lang='lat' dir='ltr'><strong>vero,</strong></span> <span class='ocrx_word' id='word_1_72' title='bbox 1495 1158 1708 1229; x_wconf 88' lang='lat' dir='ltr'><strong>inquit,</strong></span> <span class='ocrx_word' id='word_1_73' title='bbox 1754 1160 2059 1230; x_wconf 82' lang='lat' dir='ltr'><strong>producam</strong></span> 
     </span>
    </p>
   </div>
   <div class='ocr_carea' id='block_1_13' title="bbox 472 1246 2060 1322">
    <p class='ocr_par' dir='ltr' id='par_1_13' title="bbox 472 1246 2060 1322">
     <span class='ocr_line' id='line_1_13' title="bbox 472 1246 2060 1322; baseline 0.003 -21"><span class='ocrx_word' id='word_1_74' title='bbox 472 1262 669 1308; x_wconf 86' lang='lat' dir='ltr'><strong>cornu,</strong></span> <span class='ocrx_word' id='word_1_75' title='bbox 718 1265 736 1299; x_wconf 76' lang='grc' dir='ltr'><strong>ι</strong></span> <span class='ocrx_word' id='word_1_76' title='bbox 783 1250 964 1303; x_wconf 90' lang='lat' dir='ltr'><strong>locum</strong></span> <span class='ocrx_word' id='word_1_77' title='bbox 1012 1246 1268 1303; x_wconf 74' lang='lat' dir='ltr'><strong>videlicet</strong></span> <span class='ocrx_word' id='word_1_78' title='bbox 1315 1248 1589 1312; x_wconf 89' lang='lat' dir='ltr'><strong>indicans,</strong></span> <span class='ocrx_word' id='word_1_79' title='bbox 1647 1250 1737 1305; x_wconf 91' lang='lat' dir='ltr'><strong>ubi</strong></span> <span class='ocrx_word' id='word_1_80' title='bbox 1788 1250 2060 1322; x_wconf 81' lang='lat' dir='ltr'><strong>signiﬁcat</strong></span> 
     </span>
    </p>
   </div>
   <div class='ocr_carea' id='block_1_14' title="bbox 464 1335 2057 1409">
    <p class='ocr_par' dir='ltr' id='par_1_14' title="bbox 464 1335 2057 1409">
     <span class='ocr_line' id='line_1_14' title="bbox 464 1335 2057 1409; baseline -0.001 -15"><span class='ocrx_word' id='word_1_81' title='bbox 464 1335 754 1394; x_wconf 84' lang='lat' dir='ltr'><strong>Christum</strong></span> <span class='ocrx_word' id='word_1_82' title='bbox 777 1338 1072 1393; x_wconf 87' lang='lat' dir='ltr'><strong>oriturum.</strong></span> <span class='ocrx_word' id='word_1_83' title='bbox 1106 1337 1244 1393; x_wconf 92' lang='lat' dir='ltr'><strong>Cum</strong></span> <span class='ocrx_word' id='word_1_84' title='bbox 1276 1340 1422 1394; x_wconf 89' lang='lat' dir='ltr'><strong>enim</strong></span> <span class='ocrx_word' id='word_1_85' title='bbox 1460 1349 1718 1409; x_wconf 84' lang='lat' dir='ltr'><strong>precatus</strong></span> <span class='ocrx_word' id='word_1_86' title='bbox 1762 1348 1910 1396; x_wconf 87' lang='lat' dir='ltr'><strong>esset</strong></span> <span class='ocrx_word' id='word_1_87' title='bbox 1956 1339 2057 1394; x_wconf 88' lang='lat' dir='ltr'><strong>Da-</strong></span> 
     </span>
    </p>
   </div>
   <div class='ocr_carea' id='block_1_15' title="bbox 471 1430 2059 1504">
    <p class='ocr_par' dir='ltr' id='par_1_15' title="bbox 471 1430 2059 1504">
     <span class='ocr_line' id='line_1_15' title="bbox 471 1430 2059 1504; baseline 0.001 -20"><span class='ocrx_word' id='word_1_88' title='bbox 471 1430 588 1493; x_wconf 83' lang='lat' dir='ltr'><strong>vid,</strong></span> <span class='ocrx_word' id='word_1_89' title='bbox 621 1437 681 1484; x_wconf 91' lang='lat' dir='ltr'><strong>ut</strong></span> <span class='ocrx_word' id='word_1_90' title='bbox 719 1431 822 1485; x_wconf 86' lang='lat' dir='ltr'><strong>sibi</strong></span> <span class='ocrx_word' id='word_1_91' title='bbox 862 1431 1058 1501; x_wconf 88' lang='lat' dir='ltr'><strong>spiritu</strong></span> <span class='ocrx_word' id='word_1_92' title='bbox 1097 1431 1260 1502; x_wconf 75' lang='lat'><strong>188</strong></span> <span class='ocrx_word' id='word_1_93' title='bbox 1294 1432 1484 1487; x_wconf 89' lang='lat' dir='ltr'><strong>liceret</strong></span> <span class='ocrx_word' id='word_1_94' title='bbox 1526 1442 1653 1488; x_wconf 86' lang='lat' dir='ltr'><strong>ante</strong></span> <span class='ocrx_word' id='word_1_95' title='bbox 1697 1433 2059 1504; x_wconf 83' lang='lat' dir='ltr'><strong>contemplari</strong></span> 
     </span>
    </p>
   </div>
   <div class='ocr_carea' id='block_1_16' title="bbox 476 1521 2061 1596">
    <p class='ocr_par' dir='ltr' id='par_1_16' title="bbox 476 1521 2061 1596">
     <span class='ocr_line' id='line_1_16' title="bbox 476 1521 2061 1596; baseline 0.003 -20"><span class='ocrx_word' id='word_1_96' title='bbox 476 1521 629 1577; x_wconf 89' lang='lat' dir='ltr'><strong>illius</strong></span> <span class='ocrx_word' id='word_1_97' title='bbox 669 1522 906 1577; x_wconf 84' lang='lat' dir='ltr'><strong>natalem</strong></span> <span class='ocrx_word' id='word_1_98' title='bbox 945 1524 1151 1588; x_wconf 85' lang='lat' dir='ltr'><strong>locum,</strong></span> <span class='ocrx_word' id='word_1_99' title='bbox 1193 1523 1541 1596; x_wconf 77' lang='lat' dir='ltr'><strong>dixissetque</strong></span> <span class='ocrx_word' id='word_1_100' title='bbox 1574 1526 1743 1581; x_wconf 84' lang='lat' dir='ltr'><strong>verba</strong></span> <span class='ocrx_word' id='word_1_101' title='bbox 1776 1524 1911 1580; x_wconf 89' lang='lat' dir='ltr'><strong>illa:</strong></span> <span class='ocrx_word' id='word_1_102' title='bbox 1944 1545 1961 1575; x_wconf 81' lang='grc' dir='ltr'><strong>ι</strong></span> <span class='ocrx_word' id='word_1_103' title='bbox 2001 1526 2061 1580; x_wconf 89' lang='lat' dir='ltr'><strong>Si</strong></span> 
     </span>
    </p>
   </div>
   <div class='ocr_carea' id='block_1_17' title="bbox 480 1613 2053 1682">
    <p class='ocr_par' dir='ltr' id='par_1_17' title="bbox 480 1613 2053 1682">
     <span class='ocr_line' id='line_1_17' title="bbox 480 1613 2053 1682; baseline 0.003 -14"><span class='ocrx_word' id='word_1_104' title='bbox 480 1613 749 1669; x_wconf 87' lang='lat' dir='ltr'><strong>introiero</strong></span> <span class='ocrx_word' id='word_1_105' title='bbox 801 1615 855 1669; x_wconf 88' lang='lat' dir='ltr'><strong>in</strong></span> <span class='ocrx_word' id='word_1_106' title='bbox 898 1616 1316 1670; x_wconf 89' lang='lat' dir='ltr'><strong>tabernaculum</strong></span> <span class='ocrx_word' id='word_1_107' title='bbox 1359 1617 1559 1672; x_wconf 85' lang='lat' dir='ltr'><strong>domus</strong></span> <span class='ocrx_word' id='word_1_108' title='bbox 1600 1632 1754 1682; x_wconf 77' lang='lat' dir='ltr'><strong>meae,</strong></span> <span class='ocrx_word' id='word_1_109' title='bbox 1791 1618 1837 1673; x_wconf 88' lang='lat' dir='ltr'><strong>si</strong></span> <span class='ocrx_word' id='word_1_110' title='bbox 1868 1632 2053 1673; x_wconf 87' lang='lat' dir='ltr'><strong>ascen-</strong></span> 
     </span>
    </p>
   </div>
   <div class='ocr_carea' id='block_1_18' title="bbox 477 1707 2064 1773">
    <p class='ocr_par' dir='ltr' id='par_1_18' title="bbox 477 1707 2064 1773">
     <span class='ocr_line' id='line_1_18' title="bbox 477 1707 2064 1773; baseline 0.001 -10"><span class='ocrx_word' id='word_1_111' title='bbox 477 1709 612 1763; x_wconf 88' lang='lat' dir='ltr'><strong>dero</strong></span> <span class='ocrx_word' id='word_1_112' title='bbox 638 1708 695 1761; x_wconf 90' lang='lat' dir='ltr'><strong>in</strong></span> <span class='ocrx_word' id='word_1_113' title='bbox 731 1708 932 1763; x_wconf 90' lang='lat' dir='ltr'><strong>lectum</strong></span> <span class='ocrx_word' id='word_1_114' title='bbox 962 1709 1121 1762; x_wconf 87' lang='lat' dir='ltr'><strong>strati</strong></span> <span class='ocrx_word' id='word_1_115' title='bbox 1152 1709 1281 1773; x_wconf 90' lang='lat' dir='ltr'><strong>mei,</strong></span> <span class='ocrx_word' id='word_1_116' title='bbox 1310 1707 1357 1763; x_wconf 62' lang='lat' dir='ltr'><strong>‘si</strong></span> <span class='ocrx_word' id='word_1_117' title='bbox 1397 1709 1601 1765; x_wconf 83' lang='lat' dir='ltr'><strong>dedero</strong></span> <span class='ocrx_word' id='word_1_118' title='bbox 1636 1726 1892 1765; x_wconf 89' lang='lat' dir='ltr'><strong>somnum</strong></span> <span class='ocrx_word' id='word_1_119' title='bbox 1928 1725 2064 1765; x_wconf 92' lang='lat' dir='ltr'><strong>ocu-</strong></span> 
     </span>
    </p>
   </div>
   <div class='ocr_carea' id='block_1_19' title="bbox 476 1799 2063 1870">
    <p class='ocr_par' dir='ltr' id='par_1_19' title="bbox 476 1799 2063 1870">
     <span class='ocr_line' id='line_1_19' title="bbox 476 1799 2063 1870; baseline 0.001 -15"><span class='ocrx_word' id='word_1_120' title='bbox 476 1801 548 1855; x_wconf 90' lang='lat' dir='ltr'><strong>lis</strong></span> <span class='ocrx_word' id='word_1_121' title='bbox 580 1801 738 1863; x_wconf 85' lang='lat' dir='ltr'><strong>meis,</strong></span> <span class='ocrx_word' id='word_1_122' title='bbox 772 1806 826 1855; x_wconf 87' lang='lat' dir='ltr'><strong>et</strong></span> <span class='ocrx_word' id='word_1_123' title='bbox 861 1799 1138 1870; x_wconf 84' lang='lat' dir='ltr'><strong>palpebris</strong></span> <span class='ocrx_word' id='word_1_124' title='bbox 1188 1800 1325 1854; x_wconf 86' lang='lat' dir='ltr'><strong>meis</strong></span> <span class='ocrx_word' id='word_1_125' title='bbox 1359 1799 1807 1856; x_wconf 85' lang='lat' dir='ltr'><strong>dormitationcm</strong></span> <span class='ocrx_word' id='word_1_126' title='bbox 1829 1842 1844 1866; x_wconf 93' lang='lat'><strong>,</strong></span> <span class='ocrx_word' id='word_1_127' title='bbox 1884 1811 1937 1856; x_wconf 92' lang='lat' dir='ltr'><strong>et</strong></span> <span class='ocrx_word' id='word_1_128' title='bbox 1975 1817 2063 1857; x_wconf 87' lang='lat' dir='ltr'><strong>re-</strong></span> 
     </span>
    </p>
   </div>
   <div class='ocr_carea' id='block_1_20' title="bbox 2156 601 3739 675">
    <p class='ocr_par' dir='ltr' id='par_1_20' title="bbox 2156 601 3739 675">
     <span class='ocr_line' id='line_1_20' title="bbox 2156 601 3739 675; baseline -0.001 -16"><span class='ocrx_word' id='word_1_129' title='bbox 2156 604 2334 674; x_wconf 84' lang='grc' dir='ltr'>λόγον,</span> <span class='ocrx_word' id='word_1_130' title='bbox 2363 604 2455 657; x_wconf 92' lang='grc' dir='ltr'><strong>τὸν</strong></span> <span class='ocrx_word' id='word_1_131' title='bbox 2486 602 2870 675; x_wconf 85' lang='grc' dir='ltr'>προωδευκὸτα</span> <span class='ocrx_word' id='word_1_132' title='bbox 2898 601 2993 657; x_wconf 88' lang='grc' dir='ltr'><strong>τοῦ</strong></span> <span class='ocrx_word' id='word_1_133' title='bbox 3019 601 3279 673; x_wconf 77' lang='grc' dir='ltr'><strong>Χριστοῦ,</strong></span> <span class='ocrx_word' id='word_1_134' title='bbox 3307 603 3367 666; x_wconf 80' lang='grc' dir='ltr'>ὃς</span> <span class='ocrx_word' id='word_1_135' title='bbox 3396 602 3556 674; x_wconf 85' lang='grc' dir='ltr'><strong>μόνος</strong></span> <span class='ocrx_word' id='word_1_136' title='bbox 3583 604 3739 674; x_wconf 82' lang='grc' dir='ltr'>ἡλια-</span> 
     </span>
    </p>
   </div>
   <div class='ocr_carea' id='block_1_21' title="bbox 2159 693 3741 768">
    <p class='ocr_par' dir='ltr' id='par_1_21' title="bbox 2159 693 3741 768">
     <span class='ocr_line' id='line_1_21' title="bbox 2159 693 3741 768; baseline -0.001 -18"><span class='ocrx_word' id='word_1_137' title='bbox 2159 696 2256 751; x_wconf 88' lang='grc' dir='ltr'><strong>κοῦ</strong></span> <span class='ocrx_word' id='word_1_138' title='bbox 2288 697 2464 766; x_wconf 82' lang='grc' dir='ltr'>φωτὸς</span> <span class='ocrx_word' id='word_1_139' title='bbox 2492 693 2647 765; x_wconf 84' lang='grc' dir='ltr'>δίκην</span> <span class='ocrx_word' id='word_1_140' title='bbox 2678 696 2790 759; x_wconf 80' lang='grc' dir='ltr'>τοῖς</span> <span class='ocrx_word' id='word_1_141' title='bbox 2814 696 2948 748; x_wconf 84' lang='grc' dir='ltr'>πᾶσι</span> <span class='ocrx_word' id='word_1_142' title='bbox 2973 693 3094 747; x_wconf 86' lang='grc' dir='ltr'>καθ’</span> <span class='ocrx_word' id='word_1_143' title='bbox 3126 693 3253 763; x_wconf 82' lang='grc' dir='ltr'><strong>ὅλης</strong></span> <span class='ocrx_word' id='word_1_144' title='bbox 3283 694 3383 766; x_wconf 91' lang='grc' dir='ltr'><strong>τῆς</strong></span> <span class='ocrx_word' id='word_1_145' title='bbox 3413 695 3741 768; x_wconf 80' lang='grc' dir='ltr'><strong>οἰκουμένης</strong></span> 
     </span>
    </p>
   </div>
   <div class='ocr_carea' id='block_1_22' title="bbox 2159 783 3744 859">
    <p class='ocr_par' dir='ltr' id='par_1_22' title="bbox 2159 783 3744 859">
     <span class='ocr_line' id='line_1_22' title="bbox 2159 783 3744 859; baseline -0.004 -16"><span class='ocrx_word' id='word_1_146' title='bbox 2159 786 2469 859; x_wconf 85' lang='grc' dir='ltr'>ἀνθρώποις</span> <span class='ocrx_word' id='word_1_147' title='bbox 2498 785 2851 840; x_wconf 84' lang='grc' dir='ltr'>άνατέταλκε.</span> <span class='ocrx_word' id='word_1_148' title='bbox 2886 785 2998 839; x_wconf 73' lang='grc' dir='ltr'><strong>Καὶ</strong></span> <span class='ocrx_word' id='word_1_149' title='bbox 3028 784 3189 848; x_wconf 74' lang='grc' dir='ltr'>αὐτὸς</span> <span class='ocrx_word' id='word_1_150' title='bbox 3217 784 3273 838; x_wconf 86' lang='grc' dir='ltr'>δὲ</span> <span class='ocrx_word' id='word_1_151' title='bbox 3304 786 3332 837; x_wconf 86' lang='grc' dir='ltr'>ὁ</span> <span class='ocrx_word' id='word_1_152' title='bbox 3359 783 3523 838; x_wconf 71' lang='grc' dir='ltr'>Δασιδ</span> <span class='ocrx_word' id='word_1_153' title='bbox 3554 783 3744 854; x_wconf 80' lang='grc' dir='ltr'>λύχνος</span> 
     </span>
    </p>
   </div>
   <div class='ocr_carea' id='block_1_23' title="bbox 2159 875 3744 953">
    <p class='ocr_par' dir='ltr' id='par_1_23' title="bbox 2159 875 3744 953">
     <span class='ocr_line' id='line_1_23' title="bbox 2159 875 3744 953; baseline -0.004 -18"><span class='ocrx_word' id='word_1_154' title='bbox 2159 880 2238 953; x_wconf 88' lang='grc' dir='ltr'><strong>τῷ</strong></span> <span class='ocrx_word' id='word_1_155' title='bbox 2275 878 2495 952; x_wconf 82' lang='grc' dir='ltr'>Χριστῷ</span> <span class='ocrx_word' id='word_1_156' title='bbox 2538 877 2964 950; x_wconf 78' lang='grc' dir='ltr'>προητοίμαστο,</span> <span class='ocrx_word' id='word_1_157' title='bbox 2997 877 3074 941; x_wconf 86' lang='grc' dir='ltr'>ὡς</span> <span class='ocrx_word' id='word_1_158' title='bbox 3109 875 3408 948; x_wconf 83' lang='grc' dir='ltr'>παραθέσει</span> <span class='ocrx_word' id='word_1_159' title='bbox 3441 875 3614 947; x_wconf 81' lang='grc' dir='ltr'>ἡλίου,</span> <span class='ocrx_word' id='word_1_160' title='bbox 3650 876 3744 929; x_wconf 70' lang='grc' dir='ltr'>καὶ</span> 
     </span>
    </p>
   </div>
   <div class='ocr_carea' id='block_1_24' title="bbox 2160 970 3739 1043">
    <p class='ocr_par' dir='ltr' id='par_1_24' title="bbox 2160 970 3739 1043">
     <span class='ocr_line' id='line_1_24' title="bbox 2160 970 3739 1043; baseline -0.004 -15"><span class='ocrx_word' id='word_1_161' title='bbox 2160 974 2367 1029; x_wconf 82' lang='grc' dir='ltr'>τελείου</span> <span class='ocrx_word' id='word_1_162' title='bbox 2414 972 2613 1043; x_wconf 85' lang='grc' dir='ltr'>φωτὸς,</span> <span class='ocrx_word' id='word_1_163' title='bbox 2680 971 2874 1041; x_wconf 83' lang='grc' dir='ltr'>λύχνου</span> <span class='ocrx_word' id='word_1_164' title='bbox 2921 970 3077 1038; x_wconf 76' lang='grc' dir='ltr'>τάξιν</span> <span class='ocrx_word' id='word_1_165' title='bbox 3122 970 3352 1040; x_wconf 83' lang='grc' dir='ltr'>ἐπέχων.</span> <span class='ocrx_word' id='word_1_166' title='bbox 3396 989 3414 1021; x_wconf 82' lang='grc' dir='ltr'><strong>ι</strong></span> <span class='ocrx_word' id='word_1_167' title='bbox 3460 970 3607 1023; x_wconf 75' lang='grc' dir='ltr'>Ἐκεῖ</span> <span class='ocrx_word' id='word_1_168' title='bbox 3662 970 3739 1035; x_wconf 85' lang='grc' dir='ltr'><strong>δέ,</strong></span> 
     </span>
    </p>
   </div>
   <div class='ocr_carea' id='block_1_25' title="bbox 2165 1060 3746 1139">
    <p class='ocr_par' dir='ltr' id='par_1_25' title="bbox 2165 1060 3746 1139">
     <span class='ocr_line' id='line_1_25' title="bbox 2165 1060 3746 1139; baseline -0.004 -18"><span class='ocrx_word' id='word_1_169' title='bbox 2165 1070 2350 1139; x_wconf 78' lang='grc' dir='ltr'>φησὶν,</span> <span class='ocrx_word' id='word_1_170' title='bbox 2415 1063 2722 1131; x_wconf 81' lang='grc' dir='ltr'>ἐξανατελῷ</span> <span class='ocrx_word' id='word_1_171' title='bbox 2762 1064 2951 1136; x_wconf 80' lang='grc' dir='ltr'>κέρας,</span> <span class='ocrx_word' id='word_1_172' title='bbox 2983 1080 3003 1114; x_wconf 71' lang='grc' dir='ltr'><strong>ι</strong></span> <span class='ocrx_word' id='word_1_173' title='bbox 3041 1062 3132 1116; x_wconf 88' lang='grc' dir='ltr'><strong>τὸν</strong></span> <span class='ocrx_word' id='word_1_174' title='bbox 3175 1062 3336 1115; x_wconf 80' lang='grc' dir='ltr'>τόπον</span> <span class='ocrx_word' id='word_1_175' title='bbox 3379 1060 3576 1133; x_wconf 88' lang='grc' dir='ltr'>δηλῶν,</span> <span class='ocrx_word' id='word_1_176' title='bbox 3617 1060 3746 1115; x_wconf 80' lang='grc' dir='ltr'>ἔνθα</span> 
     </span>
    </p>
   </div>
   <div class='ocr_carea' id='block_1_26' title="bbox 2167 1154 3748 1231">
    <p class='ocr_par' dir='ltr' id='par_1_26' title="bbox 2167 1154 3748 1231">
     <span class='ocr_line' id='line_1_26' title="bbox 2167 1154 3748 1231; baseline -0.004 -18"><span class='ocrx_word' id='word_1_177' title='bbox 2167 1160 2421 1231; x_wconf 73' lang='grc' dir='ltr'><strong>σημαίνει</strong></span> <span class='ocrx_word' id='word_1_178' title='bbox 2449 1160 2539 1213; x_wconf 87' lang='grc' dir='ltr'><strong>τὸν</strong></span> <span class='ocrx_word' id='word_1_179' title='bbox 2572 1157 2808 1230; x_wconf 84' lang='grc' dir='ltr'>Χριστὸν</span> <span class='ocrx_word' id='word_1_180' title='bbox 2841 1155 3291 1229; x_wconf 85' lang='grc' dir='ltr'>γεννηθήσεσθαι.</span> <span class='ocrx_word' id='word_1_181' title='bbox 3320 1154 3615 1226; x_wconf 82' lang='grc' dir='ltr'>Εὑξαμένῳ</span> <span class='ocrx_word' id='word_1_182' title='bbox 3640 1155 3748 1227; x_wconf 80' lang='grc' dir='ltr'><strong>γάρ</strong></span> 
     </span>
    </p>
   </div>
   <div class='ocr_carea' id='block_1_27' title="bbox 2164 1247 3749 1323">
    <p class='ocr_par' dir='ltr' id='par_1_27' title="bbox 2164 1247 3749 1323">
     <span class='ocr_line' id='line_1_27' title="bbox 2164 1247 3749 1323; baseline -0.004 -17"><span class='ocrx_word' id='word_1_183' title='bbox 2164 1252 2243 1323; x_wconf 88' lang='grc' dir='ltr'><strong>τῷ</strong></span> <span class='ocrx_word' id='word_1_184' title='bbox 2276 1251 2441 1306; x_wconf 75' lang='grc' dir='ltr'>Δαόὶδ</span> <span class='ocrx_word' id='word_1_185' title='bbox 2472 1251 2565 1304; x_wconf 88' lang='grc' dir='ltr'><strong>τὸν</strong></span> <span class='ocrx_word' id='word_1_186' title='bbox 2605 1250 2769 1303; x_wconf 81' lang='grc' dir='ltr'>τόπον</span> <span class='ocrx_word' id='word_1_187' title='bbox 2796 1247 2875 1320; x_wconf 87' lang='grc' dir='ltr'><strong>τῷ</strong></span> <span class='ocrx_word' id='word_1_188' title='bbox 2915 1247 3190 1318; x_wconf 86' lang='grc' dir='ltr'>πνεύματι</span> <span class='ocrx_word' id='word_1_189' title='bbox 3237 1247 3617 1319; x_wconf 86' lang='grc' dir='ltr'>προθεωρῆσαι</span> <span class='ocrx_word' id='word_1_190' title='bbox 3648 1249 3749 1320; x_wconf 83' lang='grc' dir='ltr'><strong>τῆς</strong></span> 
     </span>
    </p>
   </div>
   <div class='ocr_carea' id='block_1_28' title="bbox 2165 1340 3749 1418">
    <p class='ocr_par' dir='ltr' id='par_1_28' title="bbox 2165 1340 3749 1418">
     <span class='ocr_line' id='line_1_28' title="bbox 2165 1340 3749 1418; baseline -0.004 -17"><span class='ocrx_word' id='word_1_191' title='bbox 2165 1347 2432 1418; x_wconf 77' lang='grc' dir='ltr'>γενέσεως</span> <span class='ocrx_word' id='word_1_192' title='bbox 2463 1343 2557 1399; x_wconf 88' lang='grc' dir='ltr'><strong>τοῦ</strong></span> <span class='ocrx_word' id='word_1_193' title='bbox 2596 1341 2858 1415; x_wconf 80' lang='grc' dir='ltr'>Χριστοῦ,</span> <span class='ocrx_word' id='word_1_194' title='bbox 2895 1341 3130 1414; x_wconf 72' lang='grc' dir='ltr'>φήσαντι</span> <span class='ocrx_word' id='word_1_195' title='bbox 3172 1359 3255 1403; x_wconf 89' lang='grc' dir='ltr'><strong>τε,</strong></span> <span class='ocrx_word' id='word_1_196' title='bbox 3293 1361 3310 1393; x_wconf 72' lang='grc' dir='ltr'>ε</span> <span class='ocrx_word' id='word_1_197' title='bbox 3349 1342 3412 1394; x_wconf 85' lang='grc' dir='ltr'>Εἰ</span> <span class='ocrx_word' id='word_1_198' title='bbox 3449 1340 3749 1395; x_wconf 76' lang='grc' dir='ltr'>εἰσελεύσο-</span> 
     </span>
    </p>
   </div>
   <div class='ocr_carea' id='block_1_29' title="bbox 2171 1432 3751 1513">
    <p class='ocr_par' dir='ltr' id='par_1_29' title="bbox 2171 1432 3751 1513">
     <span class='ocr_line' id='line_1_29' title="bbox 2171 1432 3751 1513; baseline -0.004 -19"><span class='ocrx_word' id='word_1_199' title='bbox 2171 1458 2268 1513; x_wconf 86' lang='grc' dir='ltr'><strong>μαι</strong></span> <span class='ocrx_word' id='word_1_200' title='bbox 2301 1441 2394 1492; x_wconf 78' lang='grc' dir='ltr'><strong>ἐπὶ</strong></span> <span class='ocrx_word' id='word_1_201' title='bbox 2438 1438 2625 1508; x_wconf 81' lang='grc' dir='ltr'>κλίνης</span> <span class='ocrx_word' id='word_1_202' title='bbox 2661 1435 2951 1507; x_wconf 84' lang='grc' dir='ltr'>στρωμνῆς</span> <span class='ocrx_word' id='word_1_203' title='bbox 2995 1452 3117 1506; x_wconf 88' lang='grc' dir='ltr'>μου,</span> <span class='ocrx_word' id='word_1_204' title='bbox 3154 1435 3202 1488; x_wconf 88' lang='grc' dir='ltr'>εἰ</span> <span class='ocrx_word' id='word_1_205' title='bbox 3246 1433 3404 1488; x_wconf 92' lang='grc' dir='ltr'>δώσω</span> <span class='ocrx_word' id='word_1_206' title='bbox 3427 1432 3594 1488; x_wconf 87' lang='grc' dir='ltr'>ῦπνον</span> <span class='ocrx_word' id='word_1_207' title='bbox 3635 1434 3751 1499; x_wconf 78' lang='grc' dir='ltr'>τοῖς</span> 
     </span>
    </p>
   </div>
   <div class='ocr_carea' id='block_1_30' title="bbox 2167 1526 3750 1605">
    <p class='ocr_par' dir='ltr' id='par_1_30' title="bbox 2167 1526 3750 1605">
     <span class='ocr_line' id='line_1_30' title="bbox 2167 1526 3750 1605; baseline -0.004 -17"><span class='ocrx_word' id='word_1_208' title='bbox 2167 1534 2464 1605; x_wconf 80' lang='grc' dir='ltr'>ὀφθαλμοῖς</span> <span class='ocrx_word' id='word_1_209' title='bbox 2498 1548 2622 1602; x_wconf 88' lang='grc' dir='ltr'>μου,</span> <span class='ocrx_word' id='word_1_210' title='bbox 2670 1530 2763 1583; x_wconf 70' lang='grc' dir='ltr'><strong>καὶ</strong></span> <span class='ocrx_word' id='word_1_211' title='bbox 2791 1530 2903 1593; x_wconf 78' lang='grc' dir='ltr'>τοῖς</span> <span class='ocrx_word' id='word_1_212' title='bbox 2950 1527 3239 1601; x_wconf 80' lang='grc' dir='ltr'>βλεφάροις</span> <span class='ocrx_word' id='word_1_213' title='bbox 3276 1546 3379 1599; x_wconf 89' lang='grc' dir='ltr'><strong>μου</strong></span> <span class='ocrx_word' id='word_1_214' title='bbox 3419 1526 3750 1600; x_wconf 87' lang='grc' dir='ltr'>νυσταγμὸν,</span> 
     </span>
    </p>
   </div>
   <div class='ocr_carea' id='block_1_31' title="bbox 2169 1613 3754 1693">
    <p class='ocr_par' dir='ltr' id='par_1_31' title="bbox 2169 1613 3754 1693">
     <span class='ocr_line' id='line_1_31' title="bbox 2169 1613 3754 1693; baseline -0.003 -14"><span class='ocrx_word' id='word_1_215' title='bbox 2169 1628 2263 1681; x_wconf 83' lang='grc' dir='ltr'><strong>καί</strong></span> <span class='ocrx_word' id='word_1_216' title='bbox 2299 1625 2606 1679; x_wconf 84' lang='grc' dir='ltr'>ἀνάπαυσιν</span> <span class='ocrx_word' id='word_1_217' title='bbox 2633 1624 2747 1685; x_wconf 83' lang='grc' dir='ltr'>τοῖς</span> <span class='ocrx_word' id='word_1_218' title='bbox 2779 1620 3071 1693; x_wconf 79' lang='grc' dir='ltr'>κροτάφοις</span> <span class='ocrx_word' id='word_1_219' title='bbox 3100 1639 3224 1693; x_wconf 89' lang='grc' dir='ltr'>μου,</span> <span class='ocrx_word' id='word_1_220' title='bbox 3263 1620 3368 1685; x_wconf 78' lang='grc' dir='ltr'>ἓως</span> <span class='ocrx_word' id='word_1_221' title='bbox 3396 1613 3458 1674; x_wconf 75' lang='grc' dir='ltr'><strong>οὗ</strong></span> <span class='ocrx_word' id='word_1_222' title='bbox 3488 1620 3634 1693; x_wconf 76' lang='grc' dir='ltr'>εὕρω</span> <span class='ocrx_word' id='word_1_223' title='bbox 3664 1621 3754 1676; x_wconf 85' lang='grc' dir='ltr'>τό-</span> 
     </span>
    </p>
   </div>
   <div class='ocr_carea' id='block_1_32' title="bbox 2170 1706 3753 1787">
    <p class='ocr_par' dir='ltr' id='par_1_32' title="bbox 2170 1706 3753 1787">
     <span class='ocr_line' id='line_1_32' title="bbox 2170 1706 3753 1787; baseline -0.004 -16"><span class='ocrx_word' id='word_1_224' title='bbox 2170 1736 2270 1771; x_wconf 90' lang='grc' dir='ltr'><strong>πον</strong></span> <span class='ocrx_word' id='word_1_225' title='bbox 2304 1715 2378 1787; x_wconf 81' lang='grc' dir='ltr'><strong>τῷ</strong></span> <span class='ocrx_word' id='word_1_226' title='bbox 2416 1714 2627 1787; x_wconf 79' lang='grc' dir='ltr'>Κυρίῳ,</span> <span class='ocrx_word' id='word_1_227' title='bbox 2669 1713 2933 1784; x_wconf 76' lang='grc' dir='ltr'>σκήνωμα</span> <span class='ocrx_word' id='word_1_228' title='bbox 2959 1710 3037 1782; x_wconf 87' lang='grc' dir='ltr'><strong>τῷ</strong></span> <span class='ocrx_word' id='word_1_229' title='bbox 3062 1710 3181 1783; x_wconf 89' lang='grc' dir='ltr'><strong>Θεῷ</strong></span> <span class='ocrx_word' id='word_1_230' title='bbox 3217 1706 3409 1765; x_wconf 80' lang='grc' dir='ltr'>Ἰακὼϐ</span> <span class='ocrx_word' id='word_1_231' title='bbox 3434 1751 3450 1776; x_wconf 92' lang='grc'><strong>,</strong></span> <span class='ocrx_word' id='word_1_232' title='bbox 3487 1730 3506 1763; x_wconf 75' lang='grc' dir='ltr'><strong>ι</strong></span> <span class='ocrx_word' id='word_1_233' title='bbox 3541 1713 3753 1765; x_wconf 76' lang='grc' dir='ltr'>ἀποκα-</span> 
     </span>
    </p>
   </div>
   <div class='ocr_carea' id='block_1_33' title="bbox 2169 1802 3753 1875">
    <p class='ocr_par' dir='ltr' id='par_1_33' title="bbox 2169 1802 3753 1875">
     <span class='ocr_line' id='line_1_33' title="bbox 2169 1802 3753 1875; baseline -0.003 -12"><span class='ocrx_word' id='word_1_234' title='bbox 2169 1810 2361 1863; x_wconf 82' lang='grc' dir='ltr'>λύπτει</span> <span class='ocrx_word' id='word_1_235' title='bbox 2403 1808 2464 1861; x_wconf 93' lang='grc' dir='ltr'><strong>τὸ</strong></span> <span class='ocrx_word' id='word_1_236' title='bbox 2503 1806 2645 1861; x_wconf 62' lang='grc' dir='ltr'>θεῖον</span> <span class='ocrx_word' id='word_1_237' title='bbox 2694 1804 2922 1875; x_wconf 77' lang='grc' dir='ltr'>Πνεῦμα</span> <span class='ocrx_word' id='word_1_238' title='bbox 2949 1804 3040 1858; x_wconf 89' lang='grc' dir='ltr'><strong>τὸν</strong></span> <span class='ocrx_word' id='word_1_239' title='bbox 3069 1806 3127 1858; x_wconf 90' lang='grc' dir='ltr'><strong>ἐν</strong></span> <span class='ocrx_word' id='word_1_240' title='bbox 3167 1802 3415 1875; x_wconf 84' lang='grc' dir='ltr'>Βηθλεέμ</span> <span class='ocrx_word' id='word_1_241' title='bbox 3442 1805 3625 1858; x_wconf 87' lang='grc' dir='ltr'>τόπον.</span> <span class='ocrx_word' id='word_1_242' title='bbox 3662 1805 3753 1858; x_wconf 88' lang='grc' dir='ltr'>Διὸ</span> 
     </span>
    </p>
   </div>
   <div class='ocr_carea' id='block_1_34' title="bbox 478 1888 2069 1974">
    <p class='ocr_par' dir='ltr' id='par_1_34' title="bbox 478 1891 2065 1963">
     <span class='ocr_line' id='line_1_34' title="bbox 478 1891 2065 1963; baseline -0.001 -16"><span class='ocrx_word' id='word_1_243' title='bbox 478 1894 663 1963; x_wconf 92' lang='lat' dir='ltr'><strong>quiem</strong></span> <span class='ocrx_word' id='word_1_244' title='bbox 715 1893 1060 1962; x_wconf 86' lang='lat' dir='ltr'><strong>temporibus</strong></span> <span class='ocrx_word' id='word_1_245' title='bbox 1112 1891 1285 1955; x_wconf 85' lang='lat' dir='ltr'><strong>meis,</strong></span> <span class='ocrx_word' id='word_1_246' title='bbox 1338 1891 1516 1946; x_wconf 88' lang='lat' dir='ltr'><strong>donec</strong></span> <span class='ocrx_word' id='word_1_247' title='bbox 1567 1892 1841 1948; x_wconf 80' lang='lat' dir='ltr'><strong>inveniam</strong></span> <span class='ocrx_word' id='word_1_248' title='bbox 1886 1893 2065 1947; x_wconf 91' lang='lat' dir='ltr'><strong>locum</strong></span> 
     </span>
    </p>
   </div>
   <div class='ocr_carea' id='block_1_35' title="bbox 2175 1888 3755 1974">
    <p class='ocr_par' dir='ltr' id='par_1_35' title="bbox 2175 1896 3755 1974">
     <span class='ocr_line' id='line_1_35' title="bbox 2175 1896 3755 1974; baseline -0.003 -19"><span class='ocrx_word' id='word_1_249' title='bbox 2175 1902 2417 1974; x_wconf 75' lang='grc' dir='ltr'>ἐπιφέρει</span> <span class='ocrx_word' id='word_1_250' title='bbox 2477 1898 2693 1970; x_wconf 79' lang='grc' dir='ltr'>λέγων’</span> <span class='ocrx_word' id='word_1_251' title='bbox 2770 1915 2791 1951; x_wconf 77' lang='grc' dir='ltr'><strong>ι</strong></span> <span class='ocrx_word' id='word_1_252' title='bbox 2860 1897 2993 1951; x_wconf 82' lang='grc' dir='ltr'>Ἰδοὺ</span> <span class='ocrx_word' id='word_1_253' title='bbox 3067 1896 3384 1968; x_wconf 74' lang='grc' dir='ltr'>ἠκούσαμεν</span> <span class='ocrx_word' id='word_1_254' title='bbox 3456 1897 3624 1969; x_wconf 76' lang='grc' dir='ltr'>αὐτὴν</span> <span class='ocrx_word' id='word_1_255' title='bbox 3698 1899 3755 1951; x_wconf 83' lang='grc' dir='ltr'>ὲν</span> 
     </span>
    </p>
   </div>
   <div class='ocr_carea' id='block_1_36' title="bbox 478 1983 2070 2057">
    <p class='ocr_par' dir='ltr' id='par_1_36' title="bbox 478 1983 2070 2057">
     <span class='ocr_line' id='line_1_36' title="bbox 478 1983 2070 2057; baseline 0 -18"><span class='ocrx_word' id='word_1_256' title='bbox 478 1986 731 2049; x_wconf 90' lang='lat' dir='ltr'><strong>Domino,</strong></span> <span class='ocrx_word' id='word_1_257' title='bbox 759 1986 1182 2040; x_wconf 85' lang='lat' dir='ltr'><strong>tabernaculum</strong></span> <span class='ocrx_word' id='word_1_258' title='bbox 1212 1985 1322 2041; x_wconf 92' lang='lat' dir='ltr'><strong>Deo</strong></span> <span class='ocrx_word' id='word_1_259' title='bbox 1349 1983 1521 2055; x_wconf 77' lang='lat' dir='ltr'><strong>Jacob</strong></span> <span class='ocrx_word' id='word_1_260' title='bbox 1542 1985 1610 2051; x_wconf 86' lang='lat'><strong>&quot;&#39;,</strong></span> <span class='ocrx_word' id='word_1_261' title='bbox 1652 2004 1670 2037; x_wconf 73' lang='grc' dir='ltr'><strong>ι</strong></span> <span class='ocrx_word' id='word_1_262' title='bbox 1707 1985 1932 2041; x_wconf 82' lang='lat' dir='ltr'><strong>divinus</strong></span> <span class='ocrx_word' id='word_1_263' title='bbox 1956 1986 2070 2057; x_wconf 80' lang='lat' dir='ltr'><strong>spi-</strong></span> 
     </span>
    </p>
   </div>
   <div class='ocr_carea' id='block_1_37' title="bbox 480 2078 2068 2149">
    <p class='ocr_par' dir='ltr' id='par_1_37' title="bbox 480 2078 2068 2149">
     <span class='ocr_line' id='line_1_37' title="bbox 480 2078 2068 2149; baseline 0.001 -15"><span class='ocrx_word' id='word_1_264' title='bbox 480 2080 622 2134; x_wconf 88' lang='lat' dir='ltr'><strong>ritus</strong></span> <span class='ocrx_word' id='word_1_265' title='bbox 656 2079 706 2135; x_wconf 91' lang='lat' dir='ltr'><strong>ei</strong></span> <span class='ocrx_word' id='word_1_266' title='bbox 741 2079 943 2141; x_wconf 90' lang='lat' dir='ltr'><strong>locum,</strong></span> <span class='ocrx_word' id='word_1_267' title='bbox 969 2078 1063 2149; x_wconf 90' lang='lat' dir='ltr'><strong>qui</strong></span> <span class='ocrx_word' id='word_1_268' title='bbox 1091 2085 1179 2134; x_wconf 91' lang='lat' dir='ltr'><strong>cst</strong></span> <span class='ocrx_word' id='word_1_269' title='bbox 1211 2079 1267 2134; x_wconf 92' lang='lat' dir='ltr'><strong>in</strong></span> <span class='ocrx_word' id='word_1_270' title='bbox 1305 2078 1619 2135; x_wconf 86' lang='lat' dir='ltr'><strong>Bethlehem</strong></span> <span class='ocrx_word' id='word_1_271' title='bbox 1654 2079 1933 2134; x_wconf 89' lang='lat' dir='ltr'><strong>occultum</strong></span> <span class='ocrx_word' id='word_1_272' title='bbox 1973 2078 2068 2135; x_wconf 80' lang='lat' dir='ltr'><strong>de-</strong></span> 
     </span>
    </p>
   </div>
   <div class='ocr_carea' id='block_1_38' title="bbox 479 2171 2070 2244">
    <p class='ocr_par' dir='ltr' id='par_1_38' title="bbox 479 2171 2070 2244">
     <span class='ocr_line' id='line_1_38' title="bbox 479 2171 2070 2244; baseline 0 -17"><span class='ocrx_word' id='word_1_273' title='bbox 479 2174 637 2244; x_wconf 74' lang='lat' dir='ltr'><strong>tegit.</strong></span> <span class='ocrx_word' id='word_1_274' title='bbox 680 2174 867 2242; x_wconf 89' lang='lat' dir='ltr'><strong>Itaque</strong></span> <span class='ocrx_word' id='word_1_275' title='bbox 898 2173 1202 2243; x_wconf 76' lang='lat' dir='ltr'><strong>subiungit,</strong></span> <span class='ocrx_word' id='word_1_276' title='bbox 1251 2172 1443 2229; x_wconf 88' lang='lat' dir='ltr'><strong>dicens</strong></span> <span class='ocrx_word' id='word_1_277' title='bbox 1479 2192 1491 2228; x_wconf 94' lang='lat'>:</span> <span class='ocrx_word' id='word_1_278' title='bbox 1523 2190 1541 2223; x_wconf 78' lang='grc' dir='ltr'><strong>ι</strong></span> <span class='ocrx_word' id='word_1_279' title='bbox 1578 2171 1720 2227; x_wconf 88' lang='lat' dir='ltr'><strong>Ecce</strong></span> <span class='ocrx_word' id='word_1_280' title='bbox 1759 2171 2070 2227; x_wconf 84' lang='lat' dir='ltr'><strong>audivimus</strong></span> 
     </span>
    </p>
   </div>
   <div class='ocr_carea' id='block_1_39' title="bbox 480 2262 2068 2337">
    <p class='ocr_par' dir='ltr' id='par_1_39' title="bbox 480 2262 2068 2337">
     <span class='ocr_line' id='line_1_39' title="bbox 480 2262 2068 2337; baseline -0.003 -17"><span class='ocrx_word' id='word_1_281' title='bbox 480 2282 601 2321; x_wconf 83' lang='lat' dir='ltr'><strong>eam</strong></span> <span class='ocrx_word' id='word_1_282' title='bbox 639 2266 693 2320; x_wconf 89' lang='lat' dir='ltr'><strong>in</strong></span> <span class='ocrx_word' id='word_1_283' title='bbox 718 2265 989 2335; x_wconf 88' lang='lat' dir='ltr'><strong>Ephrata;</strong></span> <span class='ocrx_word' id='word_1_284' title='bbox 1017 2284 1036 2315; x_wconf 74' lang='grc' dir='ltr'><strong>ι</strong></span> <span class='ocrx_word' id='word_1_285' title='bbox 1065 2264 1254 2337; x_wconf 82' lang='lat' dir='ltr'><strong>(porro</strong></span> <span class='ocrx_word' id='word_1_286' title='bbox 1275 2264 1389 2319; x_wconf 73' lang='lat' dir='ltr'><strong>haec</strong></span> <span class='ocrx_word' id='word_1_287' title='bbox 1442 2272 1527 2320; x_wconf 91' lang='lat' dir='ltr'><strong>est</strong></span> <span class='ocrx_word' id='word_1_288' title='bbox 1570 2265 1691 2335; x_wconf 90' lang='lat' dir='ltr'><strong>ipsa</strong></span> <span class='ocrx_word' id='word_1_289' title='bbox 1729 2262 2068 2333; x_wconf 85' lang='lat' dir='ltr'><strong>Bethlehem)</strong></span> 
     </span>
    </p>
   </div>
   <div class='ocr_carea' id='block_1_40' title="bbox 487 2355 2067 2427">
    <p class='ocr_par' dir='ltr' id='par_1_40' title="bbox 487 2355 2067 2427">
     <span class='ocr_line' id='line_1_40' title="bbox 487 2355 2067 2427; baseline -0.001 -18"><span class='ocrx_word' id='word_1_290' title='bbox 487 2377 507 2409; x_wconf 74' lang='grc' dir='ltr'><strong>ι</strong></span> <span class='ocrx_word' id='word_1_291' title='bbox 541 2357 849 2413; x_wconf 91' lang='lat' dir='ltr'><strong>invenimus</strong></span> <span class='ocrx_word' id='word_1_292' title='bbox 900 2371 1021 2413; x_wconf 89' lang='lat' dir='ltr'><strong>eam</strong></span> <span class='ocrx_word' id='word_1_293' title='bbox 1065 2357 1119 2412; x_wconf 92' lang='lat' dir='ltr'><strong>in</strong></span> <span class='ocrx_word' id='word_1_294' title='bbox 1161 2357 1372 2427; x_wconf 86' lang='lat' dir='ltr'><strong>campis</strong></span> <span class='ocrx_word' id='word_1_295' title='bbox 1410 2357 1582 2421; x_wconf 68' lang='lat' dir='ltr'><strong>silvae,</strong></span> <span class='ocrx_word' id='word_1_296' title='bbox 1623 2355 1975 2411; x_wconf 90' lang='lat' dir='ltr'><strong>introibimus</strong></span> <span class='ocrx_word' id='word_1_297' title='bbox 2012 2355 2067 2408; x_wconf 92' lang='lat' dir='ltr'><strong>in</strong></span> 
     </span>
    </p>
   </div>
   <div class='ocr_carea' id='block_1_41' title="bbox 480 2447 2068 2519">
    <p class='ocr_par' dir='ltr' id='par_1_41' title="bbox 480 2447 2068 2519">
     <span class='ocr_line' id='line_1_41' title="bbox 480 2447 2068 2519; baseline -0.003 -15"><span class='ocrx_word' id='word_1_298' title='bbox 480 2449 898 2505; x_wconf 89' lang='lat' dir='ltr'><strong>tabernaculum</strong></span> <span class='ocrx_word' id='word_1_299' title='bbox 938 2447 1081 2519; x_wconf 86' lang='lat' dir='ltr'><strong>ejus,</strong></span> <span class='ocrx_word' id='word_1_300' title='bbox 1134 2449 1489 2505; x_wconf 84' lang='lat' dir='ltr'><strong>adorabimus</strong></span> <span class='ocrx_word' id='word_1_301' title='bbox 1526 2450 1582 2503; x_wconf 90' lang='lat' dir='ltr'><strong>in</strong></span> <span class='ocrx_word' id='word_1_302' title='bbox 1614 2449 1739 2503; x_wconf 87' lang='lat' dir='ltr'><strong>loco</strong></span> <span class='ocrx_word' id='word_1_303' title='bbox 1779 2448 1873 2503; x_wconf 87' lang='lat' dir='ltr'><strong>ubi</strong></span> <span class='ocrx_word' id='word_1_304' title='bbox 1901 2453 2068 2503; x_wconf 83' lang='lat' dir='ltr'><strong>stete-</strong></span> 
     </span>
    </p>
   </div>
   <div class='ocr_carea' id='block_1_42' title="bbox 481 2543 2070 2616">
    <p class='ocr_par' dir='ltr' id='par_1_42' title="bbox 481 2543 2070 2616">
     <span class='ocr_line' id='line_1_42' title="bbox 481 2543 2070 2616; baseline -0.002 -17"><span class='ocrx_word' id='word_1_305' title='bbox 481 2554 610 2600; x_wconf 87' lang='lat' dir='ltr'><strong>runt</strong></span> <span class='ocrx_word' id='word_1_306' title='bbox 635 2544 800 2616; x_wconf 87' lang='lat' dir='ltr'><strong>pedes</strong></span> <span class='ocrx_word' id='word_1_307' title='bbox 841 2546 964 2615; x_wconf 87' lang='lat' dir='ltr'><strong>ejus</strong></span> <span class='ocrx_word' id='word_1_308' title='bbox 994 2545 1060 2599; x_wconf 79' lang='grc'>⁵⁸.</span> <span class='ocrx_word' id='word_1_309' title='bbox 1098 2564 1117 2596; x_wconf 71' lang='grc' dir='ltr'><strong>ι</strong></span> <span class='ocrx_word' id='word_1_310' title='bbox 1158 2543 1340 2611; x_wconf 84' lang='lat' dir='ltr'><strong>Quare</strong></span> <span class='ocrx_word' id='word_1_311' title='bbox 1379 2545 1578 2600; x_wconf 83' lang='lat' dir='ltr'><strong>merito</strong></span> <span class='ocrx_word' id='word_1_312' title='bbox 1620 2553 1911 2615; x_wconf 87' lang='lat' dir='ltr'><strong>postquam</strong></span> <span class='ocrx_word' id='word_1_313' title='bbox 1952 2543 2070 2597; x_wconf 65' lang='lat' dir='ltr'><strong>haec</strong></span> 
     </span>
    </p>
   </div>
   <div class='ocr_carea' id='block_1_43' title="bbox 483 2635 2066 2708">
    <p class='ocr_par' dir='ltr' id='par_1_43' title="bbox 483 2635 2066 2708">
     <span class='ocr_line' id='line_1_43' title="bbox 483 2635 2066 2708; baseline -0.001 -18"><span class='ocrx_word' id='word_1_314' title='bbox 483 2637 698 2706; x_wconf 89' lang='lat' dir='ltr'><strong>aperuit</strong></span> <span class='ocrx_word' id='word_1_315' title='bbox 722 2644 886 2708; x_wconf 87' lang='lat' dir='ltr'><strong>atque</strong></span> <span class='ocrx_word' id='word_1_316' title='bbox 918 2636 1200 2700; x_wconf 78' lang='lat' dir='ltr'><strong>indicavit,</strong></span> <span class='ocrx_word' id='word_1_317' title='bbox 1226 2636 1477 2707; x_wconf 84' lang='lat' dir='ltr'><strong>adjungit</strong></span> <span class='ocrx_word' id='word_1_318' title='bbox 1513 2652 1526 2687; x_wconf 92' lang='lat'>:</span> <span class='ocrx_word' id='word_1_319' title='bbox 1561 2654 1580 2688; x_wconf 81' lang='grc' dir='ltr'><strong>ι</strong></span> <span class='ocrx_word' id='word_1_320' title='bbox 1618 2635 1735 2692; x_wconf 92' lang='lat' dir='ltr'><strong>Illic</strong></span> <span class='ocrx_word' id='word_1_321' title='bbox 1766 2636 2066 2707; x_wconf 83' lang='lat' dir='ltr'><strong>producam</strong></span> 
     </span>
    </p>
   </div>
   <div class='ocr_carea' id='block_1_44' title="bbox 483 2727 2061 2799">
    <p class='ocr_par' dir='ltr' id='par_1_44' title="bbox 483 2727 2061 2799">
     <span class='ocr_line' id='line_1_44' title="bbox 483 2727 2061 2799; baseline -0.001 -16"><span class='ocrx_word' id='word_1_322' title='bbox 483 2743 657 2783; x_wconf 88' lang='lat' dir='ltr'><strong>cornu</strong></span> <span class='ocrx_word' id='word_1_323' title='bbox 693 2728 798 2799; x_wconf 89' lang='lat' dir='ltr'><strong>ipsi</strong></span> <span class='ocrx_word' id='word_1_324' title='bbox 843 2727 1033 2794; x_wconf 87' lang='lat' dir='ltr'><strong>David,</strong></span> <span class='ocrx_word' id='word_1_325' title='bbox 1066 2730 1257 2799; x_wconf 87' lang='lat' dir='ltr'><strong>paravi</strong></span> <span class='ocrx_word' id='word_1_326' title='bbox 1295 2730 1580 2784; x_wconf 87' lang='lat' dir='ltr'><strong>lucernam</strong></span> <span class='ocrx_word' id='word_1_327' title='bbox 1612 2728 1832 2784; x_wconf 87' lang='lat' dir='ltr'><strong>Christo</strong></span> <span class='ocrx_word' id='word_1_328' title='bbox 1858 2743 2004 2785; x_wconf 88' lang='lat' dir='ltr'><strong>meo.</strong></span> <span class='ocrx_word' id='word_1_329' title='bbox 2041 2748 2061 2781; x_wconf 71' lang='grc' dir='ltr'><strong>ι</strong></span> 
     </span>
    </p>
   </div>
   <div class='ocr_carea' id='block_1_45' title="bbox 483 2816 2069 2893">
    <p class='ocr_par' dir='ltr' id='par_1_45' title="bbox 483 2816 2069 2893">
     <span class='ocr_line' id='line_1_45' title="bbox 483 2816 2069 2893; baseline 0.003 -20"><span class='ocrx_word' id='word_1_330' title='bbox 483 2816 742 2875; x_wconf 84' lang='lat' dir='ltr'><strong>Fortasse</strong></span> <span class='ocrx_word' id='word_1_331' title='bbox 788 2822 952 2876; x_wconf 88' lang='lat' dir='ltr'><strong>etiam</strong></span> <span class='ocrx_word' id='word_1_332' title='bbox 994 2820 1175 2893; x_wconf 85' lang='lat' dir='ltr'><strong>ipsum</strong></span> <span class='ocrx_word' id='word_1_333' title='bbox 1224 2822 1282 2876; x_wconf 93' lang='lat' dir='ltr'><strong>in</strong></span> <span class='ocrx_word' id='word_1_334' title='bbox 1321 2820 1639 2877; x_wconf 89' lang='lat' dir='ltr'><strong>Bethlehem</strong></span> <span class='ocrx_word' id='word_1_335' title='bbox 1669 2836 1699 2874; x_wconf 87' lang='lat' dir='ltr'><strong>a</strong></span> <span class='ocrx_word' id='word_1_336' title='bbox 1726 2820 1948 2877; x_wconf 86' lang='lat' dir='ltr'><strong>Christo</strong></span> <span class='ocrx_word' id='word_1_337' title='bbox 1977 2836 2069 2877; x_wconf 86' lang='lat' dir='ltr'><strong>as-</strong></span> 
     </span>
    </p>
   </div>
   <div class='ocr_carea' id='block_1_46' title="bbox 485 2910 2069 2983">
    <p class='ocr_par' dir='ltr' id='par_1_46' title="bbox 485 2910 2069 2983">
     <span class='ocr_line' id='line_1_46' title="bbox 485 2910 2069 2983; baseline 0 -17"><span class='ocrx_word' id='word_1_338' title='bbox 485 2917 767 2980; x_wconf 78' lang='lat' dir='ltr'><strong>sumptum</strong></span> <span class='ocrx_word' id='word_1_339' title='bbox 812 2925 1037 2982; x_wconf 88' lang='lat' dir='ltr'><strong>corpus,</strong></span> <span class='ocrx_word' id='word_1_340' title='bbox 1068 2911 1177 2967; x_wconf 86' lang='lat' dir='ltr'><strong>alio</strong></span> <span class='ocrx_word' id='word_1_341' title='bbox 1198 2911 1434 2983; x_wconf 90' lang='lat' dir='ltr'><strong>quodam</strong></span> <span class='ocrx_word' id='word_1_342' title='bbox 1471 2911 1748 2966; x_wconf 87' lang='lat' dir='ltr'><strong>intellectu</strong></span> <span class='ocrx_word' id='word_1_343' title='bbox 1770 2910 1856 2966; x_wconf 86' lang='lat' dir='ltr'><strong>his</strong></span> <span class='ocrx_word' id='word_1_344' title='bbox 1887 2910 2069 2966; x_wconf 83' lang='lat' dir='ltr'><strong>verbis</strong></span> 
     </span>
    </p>
   </div>
   <div class='ocr_carea' id='block_1_47' title="bbox 487 3003 2071 3075">
    <p class='ocr_par' dir='ltr' id='par_1_47' title="bbox 487 3003 2071 3075">
     <span class='ocr_line' id='line_1_47' title="bbox 487 3003 2071 3075; baseline -0.003 -16"><span class='ocrx_word' id='word_1_345' title='bbox 487 3004 803 3075; x_wconf 79' lang='lat' dir='ltr'><strong>signiﬁcans</strong></span> <span class='ocrx_word' id='word_1_346' title='bbox 828 3022 841 3059; x_wconf 91' lang='lat'><strong>:</strong></span> <span class='ocrx_word' id='word_1_347' title='bbox 872 3003 1092 3074; x_wconf 86' lang='lat' dir='ltr'><strong>quando</strong></span> <span class='ocrx_word' id='word_1_348' title='bbox 1126 3019 1224 3074; x_wconf 89' lang='lat' dir='ltr'><strong>per</strong></span> <span class='ocrx_word' id='word_1_349' title='bbox 1255 3018 1457 3073; x_wconf 89' lang='lat' dir='ltr'><strong>corpus</strong></span> <span class='ocrx_word' id='word_1_350' title='bbox 1488 3011 1748 3073; x_wconf 89' lang='lat' dir='ltr'><strong>tanquam</strong></span> <span class='ocrx_word' id='word_1_351' title='bbox 1782 3019 1879 3073; x_wconf 90' lang='lat' dir='ltr'><strong>per</strong></span> <span class='ocrx_word' id='word_1_352' title='bbox 1900 3009 2071 3059; x_wconf 81' lang='lat' dir='ltr'><strong>testa-</strong></span> 
     </span>
    </p>
   </div>
   <div class='ocr_carea' id='block_1_48' title="bbox 2175 1988 3757 2065">
    <p class='ocr_par' dir='ltr' id='par_1_48' title="bbox 2175 1988 3757 2065">
     <span class='ocr_line' id='line_1_48' title="bbox 2175 1988 3757 2065; baseline -0.004 -16"><span class='ocrx_word' id='word_1_353' title='bbox 2175 1993 2442 2065; x_wconf 80' lang='grc' dir='ltr'>Ἐφραθά’</span> <span class='ocrx_word' id='word_1_354' title='bbox 2479 2012 2497 2044; x_wconf 72' lang='grc' dir='ltr'><strong>ι</strong></span> <span class='ocrx_word' id='word_1_355' title='bbox 2533 1991 2693 2064; x_wconf 85' lang='grc' dir='ltr'>(αῦτη</span> <span class='ocrx_word' id='word_1_356' title='bbox 2717 1991 2776 2045; x_wconf 78' lang='grc' dir='ltr'>δέ</span> <span class='ocrx_word' id='word_1_357' title='bbox 2806 1992 2952 2044; x_wconf 84' lang='grc' dir='ltr'>ἐστιν</span> <span class='ocrx_word' id='word_1_358' title='bbox 2981 1990 3015 2060; x_wconf 86' lang='grc' dir='ltr'>ὴ</span> <span class='ocrx_word' id='word_1_359' title='bbox 3050 1989 3321 2062; x_wconf 80' lang='grc' dir='ltr'>Βηθλεέμ)</span> <span class='ocrx_word' id='word_1_360' title='bbox 3356 2008 3374 2041; x_wconf 77' lang='grc' dir='ltr'><strong>ι</strong></span> <span class='ocrx_word' id='word_1_361' title='bbox 3399 1988 3635 2061; x_wconf 73' lang='grc' dir='ltr'>εὕρομεν</span> <span class='ocrx_word' id='word_1_362' title='bbox 3660 1991 3757 2043; x_wconf 81' lang='grc' dir='ltr'>αύ-</span> 
     </span>
    </p>
   </div>
   <div class='ocr_carea' id='block_1_49' title="bbox 2164 2081 3757 2161">
    <p class='ocr_par' dir='ltr' id='par_1_49' title="bbox 2164 2081 3757 2161">
     <span class='ocr_line' id='line_1_49' title="bbox 2164 2081 3757 2161; baseline -0.005 -18"><span class='ocrx_word' id='word_1_363' title='bbox 2164 2089 2262 2161; x_wconf 73' lang='grc' dir='ltr'><strong>τὴν</strong></span> <span class='ocrx_word' id='word_1_364' title='bbox 2297 2090 2353 2141; x_wconf 91' lang='grc' dir='ltr'><strong>ἐν</strong></span> <span class='ocrx_word' id='word_1_365' title='bbox 2397 2089 2510 2150; x_wconf 83' lang='grc' dir='ltr'>τοῖς</span> <span class='ocrx_word' id='word_1_366' title='bbox 2542 2085 2747 2149; x_wconf 78' lang='grc' dir='ltr'>πεδίοις</span> <span class='ocrx_word' id='word_1_367' title='bbox 2793 2082 2886 2137; x_wconf 88' lang='grc' dir='ltr'><strong>τοῦ</strong></span> <span class='ocrx_word' id='word_1_368' title='bbox 2932 2082 3159 2155; x_wconf 86' lang='grc' dir='ltr'>δρυμοῦ.</span> <span class='ocrx_word' id='word_1_369' title='bbox 3200 2081 3634 2151; x_wconf 83' lang='grc' dir='ltr'>Εἰσελευσὸμεθα</span> <span class='ocrx_word' id='word_1_370' title='bbox 3676 2085 3757 2144; x_wconf 83' lang='grc' dir='ltr'>εἰς</span> 
     </span>
    </p>
   </div>
   <div class='ocr_carea' id='block_1_50' title="bbox 2164 2174 3750 2252">
    <p class='ocr_par' dir='ltr' id='par_1_50' title="bbox 2164 2174 3750 2252">
     <span class='ocr_line' id='line_1_50' title="bbox 2164 2174 3750 2252; baseline -0.006 -17"><span class='ocrx_word' id='word_1_371' title='bbox 2164 2182 2235 2235; x_wconf 82' lang='grc' dir='ltr'>τὰ</span> <span class='ocrx_word' id='word_1_372' title='bbox 2269 2178 2603 2252; x_wconf 81' lang='grc' dir='ltr'>σκηνώματα</span> <span class='ocrx_word' id='word_1_373' title='bbox 2634 2174 2823 2241; x_wconf 80' lang='grc' dir='ltr'>αὑτοῦ,</span> <span class='ocrx_word' id='word_1_374' title='bbox 2855 2177 3303 2249; x_wconf 82' lang='grc' dir='ltr'>προσκυνήσομεν</span> <span class='ocrx_word' id='word_1_375' title='bbox 3334 2176 3413 2238; x_wconf 82' lang='grc' dir='ltr'><strong>είς</strong></span> <span class='ocrx_word' id='word_1_376' title='bbox 3449 2174 3540 2227; x_wconf 85' lang='grc' dir='ltr'><strong>τὸν</strong></span> <span class='ocrx_word' id='word_1_377' title='bbox 3566 2175 3750 2235; x_wconf 84' lang='grc' dir='ltr'>τόπον,</span> 
     </span>
    </p>
   </div>
   <div class='ocr_carea' id='block_1_51' title="bbox 2168 2262 3753 2345">
    <p class='ocr_par' dir='ltr' id='par_1_51' title="bbox 2168 2262 3753 2345">
     <span class='ocr_line' id='line_1_51' title="bbox 2168 2262 3753 2345; baseline -0.006 -17"><span class='ocrx_word' id='word_1_378' title='bbox 2168 2268 2229 2329; x_wconf 74' lang='grc' dir='ltr'>οὗ</span> <span class='ocrx_word' id='word_1_379' title='bbox 2257 2272 2496 2345; x_wconf 82' lang='grc' dir='ltr'>ἔστησαν</span> <span class='ocrx_word' id='word_1_380' title='bbox 2524 2273 2575 2324; x_wconf 86' lang='grc' dir='ltr'>οἱ</span> <span class='ocrx_word' id='word_1_381' title='bbox 2605 2271 2764 2335; x_wconf 80' lang='grc' dir='ltr'>πόδες</span> <span class='ocrx_word' id='word_1_382' title='bbox 2805 2267 2994 2323; x_wconf 76' lang='grc' dir='ltr'>αὐτοῦ.</span> <span class='ocrx_word' id='word_1_383' title='bbox 3030 2288 3049 2321; x_wconf 75' lang='grc' dir='ltr'><strong>ι</strong></span> <span class='ocrx_word' id='word_1_384' title='bbox 3083 2267 3322 2332; x_wconf 78' lang='grc' dir='ltr'>Εἰκότως</span> <span class='ocrx_word' id='word_1_385' title='bbox 3351 2262 3442 2321; x_wconf 84' lang='grc' dir='ltr'><strong>οῦν</strong></span> <span class='ocrx_word' id='word_1_386' title='bbox 3478 2266 3614 2338; x_wconf 87' lang='grc' dir='ltr'><strong>μετά</strong></span> <span class='ocrx_word' id='word_1_387' title='bbox 3656 2264 3753 2336; x_wconf 84' lang='grc' dir='ltr'><strong>τὴν</strong></span> 
     </span>
    </p>
   </div>
   <div class='ocr_carea' id='block_1_52' title="bbox 2168 2356 3755 2436">
    <p class='ocr_par' dir='ltr' id='par_1_52' title="bbox 2168 2356 3755 2436">
     <span class='ocr_line' id='line_1_52' title="bbox 2168 2356 3755 2436; baseline -0.006 -17"><span class='ocrx_word' id='word_1_388' title='bbox 2168 2365 2371 2419; x_wconf 85' lang='grc' dir='ltr'>τούτων</span> <span class='ocrx_word' id='word_1_389' title='bbox 2404 2364 2714 2436; x_wconf 80' lang='grc' dir='ltr'>φανέρωσιν</span> <span class='ocrx_word' id='word_1_390' title='bbox 2759 2362 3002 2430; x_wconf 78' lang='grc' dir='ltr'>ἐπιλέγει</span> <span class='ocrx_word' id='word_1_391' title='bbox 3025 2379 3038 2391; x_wconf 88' lang='grc'><strong>·</strong></span> <span class='ocrx_word' id='word_1_392' title='bbox 3077 2381 3095 2412; x_wconf 76' lang='grc' dir='ltr'><strong>ι</strong></span> <span class='ocrx_word' id='word_1_393' title='bbox 3149 2361 3294 2414; x_wconf 79' lang='grc' dir='ltr'>Ἐκεῖ</span> <span class='ocrx_word' id='word_1_394' title='bbox 3333 2356 3634 2424; x_wconf 78' lang='grc' dir='ltr'>ἐξανατελῶ</span> <span class='ocrx_word' id='word_1_395' title='bbox 3659 2357 3755 2410; x_wconf 83' lang='grc' dir='ltr'><strong>κέ-</strong></span> 
     </span>
    </p>
   </div>
   <div class='ocr_carea' id='block_1_53' title="bbox 2172 2451 3754 2530">
    <p class='ocr_par' dir='ltr' id='par_1_53' title="bbox 2172 2451 3754 2530">
     <span class='ocr_line' id='line_1_53' title="bbox 2172 2451 3754 2530; baseline -0.007 -18"><span class='ocrx_word' id='word_1_396' title='bbox 2172 2475 2270 2530; x_wconf 85' lang='grc' dir='ltr'><strong>ρας</strong></span> <span class='ocrx_word' id='word_1_397' title='bbox 2304 2457 2379 2528; x_wconf 83' lang='grc' dir='ltr'><strong>τῷ</strong></span> <span class='ocrx_word' id='word_1_398' title='bbox 2412 2457 2609 2511; x_wconf 74' lang='grc' dir='ltr'>Δαϐίδο</span> <span class='ocrx_word' id='word_1_399' title='bbox 2650 2455 2921 2528; x_wconf 80' lang='grc' dir='ltr'>ήτοίμασα</span> <span class='ocrx_word' id='word_1_400' title='bbox 2964 2455 3154 2526; x_wconf 85' lang='grc' dir='ltr'>λύχνον</span> <span class='ocrx_word' id='word_1_401' title='bbox 3199 2453 3278 2524; x_wconf 89' lang='grc' dir='ltr'><strong>τῷ</strong></span> <span class='ocrx_word' id='word_1_402' title='bbox 3322 2451 3543 2524; x_wconf 81' lang='grc' dir='ltr'>Χριστῷ</span> <span class='ocrx_word' id='word_1_403' title='bbox 3574 2468 3694 2522; x_wconf 90' lang='grc' dir='ltr'>μου.</span> <span class='ocrx_word' id='word_1_404' title='bbox 3733 2468 3754 2500; x_wconf 72' lang='grc' dir='ltr'><strong>ι</strong></span> 
     </span>
    </p>
   </div>
   <div class='ocr_carea' id='block_1_54' title="bbox 2167 2541 3763 2620">
    <p class='ocr_par' dir='ltr' id='par_1_54' title="bbox 2167 2541 3763 2620">
     <span class='ocr_line' id='line_1_54' title="bbox 2167 2541 3763 2620; baseline -0.006 -17"><span class='ocrx_word' id='word_1_405' title='bbox 2167 2551 2320 2620; x_wconf 89' lang='grc' dir='ltr'>Τάχα</span> <span class='ocrx_word' id='word_1_406' title='bbox 2355 2549 2486 2613; x_wconf 76' lang='grc' dir='ltr'>ἴσως</span> <span class='ocrx_word' id='word_1_407' title='bbox 2532 2549 2628 2603; x_wconf 77' lang='grc' dir='ltr'><strong>καὶ</strong></span> <span class='ocrx_word' id='word_1_408' title='bbox 2669 2549 2731 2601; x_wconf 84' lang='grc' dir='ltr'><strong>τὸ</strong></span> <span class='ocrx_word' id='word_1_409' title='bbox 2779 2548 2873 2602; x_wconf 76' lang='grc' dir='ltr'><strong>ἐπὶ</strong></span> <span class='ocrx_word' id='word_1_410' title='bbox 2915 2548 3015 2619; x_wconf 81' lang='grc' dir='ltr'><strong>τῆς</strong></span> <span class='ocrx_word' id='word_1_411' title='bbox 3056 2546 3305 2618; x_wconf 83' lang='grc' dir='ltr'>Βηθλεὲμ</span> <span class='ocrx_word' id='word_1_412' title='bbox 3351 2543 3659 2616; x_wconf 79' lang='grc' dir='ltr'>ἀναληφθὲν</span> <span class='ocrx_word' id='word_1_413' title='bbox 3686 2541 3763 2611; x_wconf 87' lang='grc' dir='ltr'><strong>τῷ</strong></span> 
     </span>
    </p>
   </div>
   <div class='ocr_carea' id='block_1_55' title="bbox 2167 2635 3763 2713">
    <p class='ocr_par' dir='ltr' id='par_1_55' title="bbox 2167 2635 3763 2713">
     <span class='ocr_line' id='line_1_55' title="bbox 2167 2635 3763 2713; baseline -0.005 -18"><span class='ocrx_word' id='word_1_414' title='bbox 2167 2642 2390 2713; x_wconf 81' lang='grc' dir='ltr'>Χριστῷ</span> <span class='ocrx_word' id='word_1_415' title='bbox 2414 2642 2574 2712; x_wconf 84' lang='grc' dir='ltr'>σῶμα</span> <span class='ocrx_word' id='word_1_416' title='bbox 2597 2640 2718 2696; x_wconf 88' lang='grc' dir='ltr'>καθ’</span> <span class='ocrx_word' id='word_1_417' title='bbox 2743 2640 2935 2713; x_wconf 78' lang='grc' dir='ltr'>ἑτέραν</span> <span class='ocrx_word' id='word_1_418' title='bbox 2956 2640 3213 2694; x_wconf 83' lang='grc' dir='ltr'>ὑπόνοιαν</span> <span class='ocrx_word' id='word_1_419' title='bbox 3235 2638 3517 2710; x_wconf 83' lang='grc' dir='ltr'>σημαίνων</span> <span class='ocrx_word' id='word_1_420' title='bbox 3541 2654 3555 2667; x_wconf 70' lang='grc'><strong>⁸</strong></span> <span class='ocrx_word' id='word_1_421' title='bbox 3578 2635 3763 2707; x_wconf 76' lang='grc' dir='ltr'>ἐπειδὴ</span> 
     </span>
    </p>
   </div>
   <div class='ocr_carea' id='block_1_56' title="bbox 2174 2726 3765 2803">
    <p class='ocr_par' dir='ltr' id='par_1_56' title="bbox 2174 2726 3765 2803">
     <span class='ocr_line' id='line_1_56' title="bbox 2174 2726 3765 2803; baseline -0.005 -18"><span class='ocrx_word' id='word_1_422' title='bbox 2174 2732 2261 2786; x_wconf 77' lang='grc' dir='ltr'><strong>διὰ</strong></span> <span class='ocrx_word' id='word_1_423' title='bbox 2292 2730 2387 2785; x_wconf 84' lang='grc' dir='ltr'><strong>τοῦ</strong></span> <span class='ocrx_word' id='word_1_424' title='bbox 2434 2731 2689 2803; x_wconf 85' lang='grc' dir='ltr'>σώματος</span> <span class='ocrx_word' id='word_1_425' title='bbox 2721 2730 2797 2795; x_wconf 90' lang='grc' dir='ltr'><strong>ώς</strong></span> <span class='ocrx_word' id='word_1_426' title='bbox 2838 2731 2908 2783; x_wconf 86' lang='grc' dir='ltr'>δι’</span> <span class='ocrx_word' id='word_1_427' title='bbox 2933 2727 3253 2801; x_wconf 79' lang='grc' dir='ltr'>ὀστρακίνου</span> <span class='ocrx_word' id='word_1_428' title='bbox 3288 2726 3520 2789; x_wconf 86' lang='grc' dir='ltr'>σκεύους</span> <span class='ocrx_word' id='word_1_429' title='bbox 3546 2726 3728 2795; x_wconf 83' lang='grc' dir='ltr'>ἐνοική</span> <span class='ocrx_word' id='word_1_430' title='bbox 3751 2754 3765 2768; x_wconf 71' lang='grc' dir='ltr'><strong>ε</strong></span> 
     </span>
    </p>
   </div>
   <div class='ocr_carea' id='block_1_57' title="bbox 2178 2815 3762 2894">
    <p class='ocr_par' dir='ltr' id='par_1_57' title="bbox 2178 2815 3762 2894">
     <span class='ocr_line' id='line_1_57' title="bbox 2178 2815 3762 2894; baseline -0.006 -18"><span class='ocrx_word' id='word_1_431' title='bbox 2178 2839 2317 2876; x_wconf 77' lang='grc' dir='ltr'>σασα</span> <span class='ocrx_word' id='word_1_432' title='bbox 2349 2825 2405 2876; x_wconf 89' lang='grc' dir='ltr'><strong>ἐν</strong></span> <span class='ocrx_word' id='word_1_433' title='bbox 2438 2822 2586 2894; x_wconf 84' lang='grc' dir='ltr'>αὐτῷ</span> <span class='ocrx_word' id='word_1_434' title='bbox 2614 2825 2646 2894; x_wconf 82' lang='grc' dir='ltr'>ἡ</span> <span class='ocrx_word' id='word_1_435' title='bbox 2679 2821 2801 2876; x_wconf 89' lang='grc' dir='ltr'>θεία</span> <span class='ocrx_word' id='word_1_436' title='bbox 2825 2820 3073 2891; x_wconf 81' lang='grc' dir='ltr'>δύναμις,</span> <span class='ocrx_word' id='word_1_437' title='bbox 3103 2817 3179 2882; x_wconf 87' lang='grc' dir='ltr'>ὼς</span> <span class='ocrx_word' id='word_1_438' title='bbox 3205 2817 3296 2871; x_wconf 76' lang='grc' dir='ltr'><strong>διὰ</strong></span> <span class='ocrx_word' id='word_1_439' title='bbox 3321 2817 3516 2888; x_wconf 85' lang='grc' dir='ltr'>λύχνου</span> <span class='ocrx_word' id='word_1_440' title='bbox 3538 2815 3639 2878; x_wconf 74' lang='grc' dir='ltr'><strong>τὰς</strong></span> <span class='ocrx_word' id='word_1_441' title='bbox 3664 2815 3762 2868; x_wconf 84' lang='grc' dir='ltr'><strong>τοῦ</strong></span> 
     </span>
    </p>
   </div>
   <div class='ocr_carea' id='block_1_58' title="bbox 2176 2907 3761 2984">
    <p class='ocr_par' dir='ltr' id='par_1_58' title="bbox 2176 2907 3761 2984">
     <span class='ocr_line' id='line_1_58' title="bbox 2176 2907 3761 2984; baseline 0.003 -17"><span class='ocrx_word' id='word_1_442' title='bbox 2176 2912 2322 2967; x_wconf 79' lang='grc' dir='ltr'>θείου</span> <span class='ocrx_word' id='word_1_443' title='bbox 2351 2916 2447 2968; x_wconf 79' lang='grc' dir='ltr'><strong>καὶ</strong></span> <span class='ocrx_word' id='word_1_444' title='bbox 2478 2913 2696 2983; x_wconf 76' lang='grc' dir='ltr'>λογικοῦ</span> <span class='ocrx_word' id='word_1_445' title='bbox 2722 2911 2898 2984; x_wconf 83' lang='grc' dir='ltr'>φωτὸς</span> <span class='ocrx_word' id='word_1_446' title='bbox 2925 2909 3294 2983; x_wconf 71' lang='grc' dir='ltr'>μαρμαρυγὰς</span> <span class='ocrx_word' id='word_1_447' title='bbox 3315 2910 3394 2972; x_wconf 73' lang='grc' dir='ltr'>εἷς</span> <span class='ocrx_word' id='word_1_448' title='bbox 3417 2908 3625 2970; x_wconf 77' lang='grc' dir='ltr'>πάντας</span> <span class='ocrx_word' id='word_1_449' title='bbox 3674 2907 3761 2972; x_wconf 72' lang='grc' dir='ltr'><strong>ἑξ-</strong></span> 
     </span>
    </p>
   </div>
   <div class='ocr_carea' id='block_1_59' title="bbox 2177 3005 2804 3079">
    <p class='ocr_par' dir='ltr' id='par_1_59' title="bbox 2177 3005 2804 3079">
     <span class='ocr_line' id='line_1_59' title="bbox 2177 3005 2804 3079; baseline 0 -19"><span class='ocrx_word' id='word_1_450' title='bbox 2177 3005 2421 3078; x_wconf 52' lang='lat' dir='ltr'><strong>ﬂagtqu</strong></span> <span class='ocrx_word' id='word_1_451' title='bbox 2460 3006 2804 3079; x_wconf 82' lang='grc' dir='ltr'>ἀνθρώπους.</span> 
     </span>
    </p>
   </div>
   <div class='ocr_carea' id='block_1_60' title="bbox 488 3094 3763 3170">
    <p class='ocr_par' dir='ltr' id='par_1_60' title="bbox 488 3094 3763 3170">
     <span class='ocr_line' id='line_1_60' title="bbox 488 3094 3763 3170; baseline -0.002 -19"><span class='ocrx_word' id='word_1_452' title='bbox 488 3109 647 3151; x_wconf 88' lang='lat' dir='ltr'><strong>ceum</strong></span> <span class='ocrx_word' id='word_1_453' title='bbox 690 3110 810 3157; x_wconf 89' lang='lat' dir='ltr'><strong>vas,</strong></span> <span class='ocrx_word' id='word_1_454' title='bbox 850 3094 1171 3151; x_wconf 87' lang='lat' dir='ltr'><strong>inhabitans</strong></span> <span class='ocrx_word' id='word_1_455' title='bbox 1200 3095 1254 3150; x_wconf 88' lang='lat' dir='ltr'><strong>in</strong></span> <span class='ocrx_word' id='word_1_456' title='bbox 1290 3096 1385 3149; x_wconf 93' lang='lat' dir='ltr'><strong>illo</strong></span> <span class='ocrx_word' id='word_1_457' title='bbox 1428 3094 1614 3151; x_wconf 86' lang='lat' dir='ltr'><strong>divina</strong></span> <span class='ocrx_word' id='word_1_458' title='bbox 1658 3096 1856 3161; x_wconf 89' lang='lat' dir='ltr'><strong>virtus,</strong></span> <span class='ocrx_word' id='word_1_459' title='bbox 1899 3097 2059 3167; x_wconf 87' lang='lat' dir='ltr'><strong>quasi</strong></span> <span class='ocrx_word' id='word_1_460' title='bbox 2094 3113 2192 3170; x_wconf 87' lang='lat' dir='ltr'><strong>per</strong></span> <span class='ocrx_word' id='word_1_461' title='bbox 2220 3102 2523 3167; x_wconf 85' lang='lat' dir='ltr'><strong>lucernam,</strong></span> <span class='ocrx_word' id='word_1_462' title='bbox 2558 3099 2729 3156; x_wconf 89' lang='lat' dir='ltr'><strong>divini</strong></span> <span class='ocrx_word' id='word_1_463' title='bbox 2760 3099 2906 3156; x_wconf 89' lang='lat' dir='ltr'><strong>illius</strong></span> <span class='ocrx_word' id='word_1_464' title='bbox 2934 3106 2987 3156; x_wconf 92' lang='lat' dir='ltr'><strong>ct</strong></span> <span class='ocrx_word' id='word_1_465' title='bbox 3041 3098 3328 3154; x_wconf 81' lang='lat' dir='ltr'><strong>rationalis</strong></span> <span class='ocrx_word' id='word_1_466' title='bbox 3396 3095 3617 3150; x_wconf 80' lang='lat' dir='ltr'><strong>luminis</strong></span> <span class='ocrx_word' id='word_1_467' title='bbox 3672 3108 3763 3145; x_wconf 80' lang='lat' dir='ltr'><strong>ra-</strong></span> 
     </span>
    </p>
   </div>
   <div class='ocr_carea' id='block_1_61' title="bbox 489 3186 1473 3255">
    <p class='ocr_par' dir='ltr' id='par_1_61' title="bbox 489 3186 1473 3255">
     <span class='ocr_line' id='line_1_61' title="bbox 489 3186 1473 3255; baseline 0.003 -13"><span class='ocrx_word' id='word_1_468' title='bbox 489 3186 635 3255; x_wconf 87' lang='lat' dir='ltr'><strong>dios,</strong></span> <span class='ocrx_word' id='word_1_469' title='bbox 671 3187 726 3242; x_wconf 87' lang='lat' dir='ltr'><strong>in</strong></span> <span class='ocrx_word' id='word_1_470' title='bbox 759 3203 952 3245; x_wconf 91' lang='lat' dir='ltr'><strong>omnes</strong></span> <span class='ocrx_word' id='word_1_471' title='bbox 987 3188 1172 3244; x_wconf 90' lang='lat' dir='ltr'><strong>emisit</strong></span> <span class='ocrx_word' id='word_1_472' title='bbox 1201 3189 1473 3245; x_wconf 90' lang='lat' dir='ltr'><strong>homines.</strong></span> 
     </span>
    </p>
   </div>
   <div class='ocr_carea' id='block_1_62' title="bbox 490 3282 2069 3389">
    <p class='ocr_par' dir='ltr' id='par_1_62' title="bbox 490 3306 2069 3389">
     <span class='ocr_line' id='line_1_62' title="bbox 490 3306 2069 3389; baseline 0.004 -28"><span class='ocrx_word' id='word_1_473' title='bbox 490 3306 783 3389; x_wconf 36' lang='lat' dir='ltr'><strong>AbJAmos.</strong></span> <span class='ocrx_word' id='word_1_474' title='bbox 818 3340 910 3389; x_wconf 10' lang='lat'><strong>7-—_</strong></span> <span class='ocrx_word' id='word_1_475' title='bbox 953 3308 1200 3389; x_wconf 69' lang='lat' dir='ltr'><strong>Christus</strong></span> <span class='ocrx_word' id='word_1_476' title='bbox 1268 3313 1584 3389; x_wconf 69' lang='lat' dir='ltr'><strong>nominatim</strong></span> <span class='ocrx_word' id='word_1_477' title='bbox 1607 3330 1662 3389; x_wconf 90' lang='lat' dir='ltr'><strong>_a</strong></span> <span class='ocrx_word' id='word_1_478' title='bbox 1692 3311 1827 3389; x_wconf 86' lang='lat' dir='ltr'><strong>_Deo</strong></span> <span class='ocrx_word' id='word_1_479' title='bbox 1877 3313 2069 3368; x_wconf 80' lang='lat' dir='ltr'><strong>denun-</strong></span> 
     </span>
    </p>
   </div>
   <div class='ocr_carea' id='block_1_63' title="bbox 2175 3282 3768 3389">
    <p class='ocr_par' dir='ltr' id='par_1_63' title="bbox 2197 3282 3768 3389">
     <span class='ocr_line' id='line_1_63' title="bbox 2197 3282 3768 3389; baseline -0.004 -19"><span class='ocrx_word' id='word_1_480' title='bbox 2197 3313 2331 3371; x_wconf 79' lang='grc' dir='ltr'>Ἀπὸ</span> <span class='ocrx_word' id='word_1_481' title='bbox 2369 3313 2480 3389; x_wconf 66' lang='grc' dir='ltr'><strong>τοῦ</strong></span> <span class='ocrx_word' id='word_1_482' title='bbox 2524 3313 2735 3389; x_wconf 69' lang='grc' dir='ltr'>Ἀμώς.</span> <span class='ocrx_word' id='word_1_483' title='bbox 2763 3344 2833 3389; x_wconf 48' lang='grc' dir='ltr'><em>τ</em></span> <span class='ocrx_word' id='word_1_484' title='bbox 2873 3282 3466 3389; x_wconf 37' lang='grc' dir='ltr'>Χριστὸς-,ὀνομαστὶ-</span> <span class='ocrx_word' id='word_1_485' title='bbox 3488 3309 3610 3389; x_wconf 37' lang='grc' dir='ltr'>ὑεῖ-ὸ</span> <span class='ocrx_word' id='word_1_486' title='bbox 3642 3310 3768 3389; x_wconf 64' lang='grc' dir='ltr'><strong>Δτοῦ</strong></span> 
     </span>
    </p>
   </div>
   <div class='ocr_carea' id='block_1_64' title="bbox 562 3379 2075 3453">
    <p class='ocr_par' dir='ltr' id='par_1_64' title="bbox 562 3379 2075 3453">
     <span class='ocr_line' id='line_1_64' title="bbox 562 3379 2075 3453; baseline 0.006 -22"><span class='ocrx_word' id='word_1_487' title='bbox 562 3379 748 3442; x_wconf 85' lang='lat' dir='ltr'><strong>tiatur,</strong></span> <span class='ocrx_word' id='word_1_488' title='bbox 775 3388 825 3434; x_wconf 82' lang='lat' dir='ltr'><strong>et</strong></span> <span class='ocrx_word' id='word_1_489' title='bbox 859 3381 922 3433; x_wconf 88' lang='lat' dir='ltr'><strong>ab</strong></span> <span class='ocrx_word' id='word_1_490' title='bbox 947 3383 1188 3453; x_wconf 76' lang='lat' dir='ltr'><strong>omnibus</strong></span> <span class='ocrx_word' id='word_1_491' title='bbox 1233 3383 1559 3453; x_wconf 74' lang='lat' dir='ltr'><strong>agnoscitur,</strong></span> <span class='ocrx_word' id='word_1_492' title='bbox 1591 3381 1909 3439; x_wconf 77' lang='lat' dir='ltr'><strong>Judworum</strong></span> <span class='ocrx_word' id='word_1_493' title='bbox 1956 3400 2075 3440; x_wconf 78' lang='lat' dir='ltr'><strong>vero</strong></span> 
     </span>
    </p>
   </div>
   <div class='ocr_carea' id='block_1_65' title="bbox 559 3450 1059 3521">
    <p class='ocr_par' dir='ltr' id='par_1_65' title="bbox 559 3450 1059 3521">
     <span class='ocr_line' id='line_1_65' title="bbox 559 3450 1059 3521; baseline 0.008 -18"><span class='ocrx_word' id='word_1_494' title='bbox 559 3458 763 3520; x_wconf 83' lang='lat' dir='ltr'><strong>gentem</strong></span> <span class='ocrx_word' id='word_1_495' title='bbox 793 3450 1059 3521; x_wconf 81' lang='lat' dir='ltr'><strong>repudiat.</strong></span> 
     </span>
    </p>
   </div>
   <div class='ocr_carea' id='block_1_66' title="bbox 574 3644 2079 3722">
    <p class='ocr_par' dir='ltr' id='par_1_66' title="bbox 574 3644 2079 3722">
     <span class='ocr_line' id='line_1_66' title="bbox 574 3644 2079 3722; baseline 0.005 -24"><span class='ocrx_word' id='word_1_496' title='bbox 574 3665 595 3698; x_wconf 75' lang='grc' dir='ltr'><strong>ι</strong></span> <span class='ocrx_word' id='word_1_497' title='bbox 623 3644 827 3702; x_wconf 87' lang='lat' dir='ltr'><strong>Parare</strong></span> <span class='ocrx_word' id='word_1_498' title='bbox 866 3645 935 3701; x_wconf 91' lang='lat' dir='ltr'><strong>ad</strong></span> <span class='ocrx_word' id='word_1_499' title='bbox 965 3646 1334 3703; x_wconf 86' lang='lat' dir='ltr'><strong>invocandum</strong></span> <span class='ocrx_word' id='word_1_500' title='bbox 1383 3646 1555 3703; x_wconf 89' lang='lat' dir='ltr'><strong>Deum</strong></span> <span class='ocrx_word' id='word_1_501' title='bbox 1590 3647 1779 3716; x_wconf 85' lang='lat' dir='ltr'><strong>Israel,</strong></span> <span class='ocrx_word' id='word_1_502' title='bbox 1815 3650 2079 3722; x_wconf 88' lang='lat' dir='ltr'><strong>quoniam</strong></span> 
     </span>
    </p>
   </div>
   <div class='ocr_carea' id='block_1_67' title="bbox 491 3738 2074 3810">
    <p class='ocr_par' dir='ltr' id='par_1_67' title="bbox 491 3738 2074 3810">
     <span class='ocr_line' id='line_1_67' title="bbox 491 3738 2074 3810; baseline 0.001 -15"><span class='ocrx_word' id='word_1_503' title='bbox 491 3753 623 3795; x_wconf 90' lang='lat' dir='ltr'><strong>ecce</strong></span> <span class='ocrx_word' id='word_1_504' title='bbox 651 3738 1000 3795; x_wconf 86' lang='lat' dir='ltr'><strong>consolidans</strong></span> <span class='ocrx_word' id='word_1_505' title='bbox 1024 3742 1256 3805; x_wconf 88' lang='lat' dir='ltr'><strong>tonitru,</strong></span> <span class='ocrx_word' id='word_1_506' title='bbox 1278 3747 1333 3796; x_wconf 90' lang='lat' dir='ltr'><strong>et</strong></span> <span class='ocrx_word' id='word_1_507' title='bbox 1358 3756 1554 3797; x_wconf 88' lang='lat' dir='ltr'><strong>creans</strong></span> <span class='ocrx_word' id='word_1_508' title='bbox 1583 3742 1860 3810; x_wconf 87' lang='lat' dir='ltr'><strong>spiritum,</strong></span> <span class='ocrx_word' id='word_1_509' title='bbox 1893 3750 1949 3797; x_wconf 90' lang='lat' dir='ltr'><strong>et</strong></span> <span class='ocrx_word' id='word_1_510' title='bbox 1983 3743 2074 3797; x_wconf 84' lang='lat' dir='ltr'><strong>de-</strong></span> 
     </span>
    </p>
   </div>
   <div class='ocr_carea' id='block_1_68' title="bbox 494 3829 2083 3898">
    <p class='ocr_par' dir='ltr' id='par_1_68' title="bbox 494 3829 2083 3898">
     <span class='ocr_line' id='line_1_68' title="bbox 494 3829 2083 3898; baseline 0.003 -14"><span class='ocrx_word' id='word_1_511' title='bbox 494 3830 759 3886; x_wconf 89' lang='lat' dir='ltr'><strong>nuntians</strong></span> <span class='ocrx_word' id='word_1_512' title='bbox 799 3829 1117 3887; x_wconf 89' lang='lat' dir='ltr'><strong>hominibus</strong></span> <span class='ocrx_word' id='word_1_513' title='bbox 1149 3831 1430 3888; x_wconf 90' lang='lat' dir='ltr'><strong>Christum</strong></span> <span class='ocrx_word' id='word_1_514' title='bbox 1469 3848 1653 3898; x_wconf 90' lang='lat' dir='ltr'><strong>suum,</strong></span> <span class='ocrx_word' id='word_1_515' title='bbox 1688 3830 1898 3890; x_wconf 76' lang='lat' dir='ltr'><strong>faciens</strong></span> <span class='ocrx_word' id='word_1_516' title='bbox 1924 3848 2083 3889; x_wconf 87' lang='lat' dir='ltr'><strong>mane</strong></span> 
     </span>
    </p>
   </div>
   <div class='ocr_carea' id='block_1_69' title="bbox 491 3920 2084 3994">
    <p class='ocr_par' dir='ltr' id='par_1_69' title="bbox 491 3920 2084 3994">
     <span class='ocr_line' id='line_1_69' title="bbox 491 3920 2084 3994; baseline 0.003 -19"><span class='ocrx_word' id='word_1_517' title='bbox 491 3928 548 3975; x_wconf 90' lang='lat' dir='ltr'><strong>et</strong></span> <span class='ocrx_word' id='word_1_518' title='bbox 597 3920 878 3987; x_wconf 87' lang='lat' dir='ltr'><strong>nebulam,</strong></span> <span class='ocrx_word' id='word_1_519' title='bbox 923 3929 977 3977; x_wconf 88' lang='lat' dir='ltr'><strong>et</strong></span> <span class='ocrx_word' id='word_1_520' title='bbox 1025 3923 1331 3979; x_wconf 85' lang='lat' dir='ltr'><strong>ascendens</strong></span> <span class='ocrx_word' id='word_1_521' title='bbox 1363 3938 1532 3994; x_wconf 89' lang='lat' dir='ltr'><strong>supra</strong></span> <span class='ocrx_word' id='word_1_522' title='bbox 1575 3923 1723 3980; x_wconf 89' lang='lat' dir='ltr'><strong>celsa</strong></span> <span class='ocrx_word' id='word_1_523' title='bbox 1762 3933 1941 3979; x_wconf 79' lang='lat' dir='ltr'><strong>teme.</strong></span> <span class='ocrx_word' id='word_1_524' title='bbox 1978 3923 2084 3979; x_wconf 90' lang='lat' dir='ltr'><strong>Do-</strong></span> 
     </span>
    </p>
   </div>
   <div class='ocr_carea' id='block_1_70' title="bbox 491 4011 2081 4086">
    <p class='ocr_par' dir='ltr' id='par_1_70' title="bbox 491 4011 2081 4086">
     <span class='ocr_line' id='line_1_70' title="bbox 491 4011 2081 4086; baseline 0.002 -18"><span class='ocrx_word' id='word_1_525' title='bbox 491 4013 675 4069; x_wconf 87' lang='lat' dir='ltr'><strong>minus</strong></span> <span class='ocrx_word' id='word_1_526' title='bbox 711 4011 855 4070; x_wconf 89' lang='lat' dir='ltr'><strong>Deus</strong></span> <span class='ocrx_word' id='word_1_527' title='bbox 896 4013 1247 4085; x_wconf 89' lang='lat' dir='ltr'><strong>omnipotens</strong></span> <span class='ocrx_word' id='word_1_528' title='bbox 1274 4017 1488 4086; x_wconf 40' lang='lat' dir='ltr'><strong>lnomen</strong></span> <span class='ocrx_word' id='word_1_529' title='bbox 1521 4015 1571 4071; x_wconf 87' lang='lat' dir='ltr'><strong>ei</strong></span> <span class='ocrx_word' id='word_1_530' title='bbox 1597 4032 1611 4068; x_wconf 92' lang='lat'><strong>:</strong></span> <span class='ocrx_word' id='word_1_531' title='bbox 1640 4016 1826 4073; x_wconf 90' lang='lat' dir='ltr'><strong>audite</strong></span> <span class='ocrx_word' id='word_1_532' title='bbox 1855 4018 2081 4073; x_wconf 77' lang='lat' dir='ltr'><strong>verbum</strong></span> 
     </span>
    </p>
   </div>
   <div class='ocr_carea' id='block_1_71' title="bbox 495 4103 2080 4176">
    <p class='ocr_par' dir='ltr' id='par_1_71' title="bbox 495 4103 2080 4176">
     <span class='ocr_line' id='line_1_71' title="bbox 495 4103 2080 4176; baseline 0.003 -19"><span class='ocrx_word' id='word_1_533' title='bbox 495 4103 731 4172; x_wconf 82' lang='lat' dir='ltr'><strong>Domini,</strong></span> <span class='ocrx_word' id='word_1_534' title='bbox 759 4103 907 4175; x_wconf 91' lang='lat' dir='ltr'><strong>quod</strong></span> <span class='ocrx_word' id='word_1_535' title='bbox 934 4119 1035 4176; x_wconf 81' lang='lat' dir='ltr'><strong>ego</strong></span> <span class='ocrx_word' id='word_1_536' title='bbox 1058 4106 1217 4176; x_wconf 82' lang='lat' dir='ltr'><strong>capio</strong></span> <span class='ocrx_word' id='word_1_537' title='bbox 1240 4121 1406 4176; x_wconf 88' lang='lat' dir='ltr'><strong>super</strong></span> <span class='ocrx_word' id='word_1_538' title='bbox 1444 4122 1565 4174; x_wconf 85' lang='lat' dir='ltr'><strong>vos,</strong></span> <span class='ocrx_word' id='word_1_539' title='bbox 1613 4107 2080 4164; x_wconf 89' lang='lat' dir='ltr'><strong>lamentationem.</strong></span> 
     </span>
    </p>
   </div>
   <div class='ocr_carea' id='block_1_72' title="bbox 2254 3379 3769 3454">
    <p class='ocr_par' dir='ltr' id='par_1_72' title="bbox 2254 3379 3769 3454">
     <span class='ocr_line' id='line_1_72' title="bbox 2254 3379 3769 3454; baseline -0.005 -13"><span class='ocrx_word' id='word_1_540' title='bbox 2254 3385 2403 3441; x_wconf 82' lang='grc' dir='ltr'>Θεοῦ</span> <span class='ocrx_word' id='word_1_541' title='bbox 2444 3379 3031 3454; x_wconf 58' lang='grc' dir='ltr'>κατάγνελλόμεκος,</span> <span class='ocrx_word' id='word_1_542' title='bbox 3066 3382 3166 3454; x_wconf 70' lang='grc' dir='ltr'>καὶ.</span> <span class='ocrx_word' id='word_1_543' title='bbox 3204 3379 3355 3454; x_wconf 66' lang='grc' dir='ltr'>εςᾷοξι</span> <span class='ocrx_word' id='word_1_544' title='bbox 3396 3379 3519 3454; x_wconf 12' lang='grc' dir='ltr'><strong>μὲνᾼ</strong></span> <span class='ocrx_word' id='word_1_545' title='bbox 3548 3381 3769 3454; x_wconf 80' lang='grc' dir='ltr'>ἀνθρώ-</span> 
     </span>
    </p>
   </div>
   <div class='ocr_carea' id='block_1_73' title="bbox 2252 3451 3770 3526">
    <p class='ocr_par' dir='ltr' id='par_1_73' title="bbox 2252 3451 3770 3526">
     <span class='ocr_line' id='line_1_73' title="bbox 2252 3451 3770 3526; baseline -0.003 -16"><span class='ocrx_word' id='word_1_546' title='bbox 2252 3470 2387 3523; x_wconf 80' lang='grc' dir='ltr'>ποις</span> <span class='ocrx_word' id='word_1_547' title='bbox 2412 3451 2856 3526; x_wconf 69' lang='grc' dir='ltr'>γνωριζόμενος,</span> <span class='ocrx_word' id='word_1_548' title='bbox 2896 3452 3191 3510; x_wconf 80' lang='grc' dir='ltr'>Ἰουδαίων</span> <span class='ocrx_word' id='word_1_549' title='bbox 3217 3452 3270 3505; x_wconf 74' lang='grc' dir='ltr'>δ’</span> <span class='ocrx_word' id='word_1_550' title='bbox 3296 3451 3471 3518; x_wconf 82' lang='grc' dir='ltr'>ἔθνος</span> <span class='ocrx_word' id='word_1_551' title='bbox 3489 3452 3770 3522; x_wconf 55' lang='lat' dir='ltr'><strong>decoctae.</strong></span> 
     </span>
    </p>
   </div>
   <div class='ocr_carea' id='block_1_74' title="bbox 2246 3544 2452 3599">
    <p class='ocr_par' dir='ltr' id='par_1_74' title="bbox 2246 3544 2452 3599">
     <span class='ocr_line' id='line_1_74' title="bbox 2246 3544 2452 3599; baseline -0.01 -18"><span class='ocrx_word' id='word_1_552' title='bbox 2246 3544 2452 3599; x_wconf 82' lang='grc' dir='ltr'>μενος.</span> 
     </span>
    </p>
   </div>
   <div class='ocr_carea' id='block_1_75' title="bbox 2264 3633 3765 3713">
    <p class='ocr_par' dir='ltr' id='par_1_75' title="bbox 2264 3633 3765 3713">
     <span class='ocr_line' id='line_1_75' title="bbox 2264 3633 3765 3713; baseline -0.005 -17"><span class='ocrx_word' id='word_1_553' title='bbox 2264 3640 2586 3713; x_wconf 81' lang='grc' dir='ltr'>Ἐτοιμάζου</span> <span class='ocrx_word' id='word_1_554' title='bbox 2629 3639 2726 3694; x_wconf 88' lang='grc' dir='ltr'><strong>τοῦ</strong></span> <span class='ocrx_word' id='word_1_555' title='bbox 2774 3636 3151 3693; x_wconf 85' lang='grc' dir='ltr'>ἐπικαλεῖσθαι</span> <span class='ocrx_word' id='word_1_556' title='bbox 3195 3637 3288 3691; x_wconf 87' lang='grc' dir='ltr'><strong>τὸν</strong></span> <span class='ocrx_word' id='word_1_557' title='bbox 3340 3636 3472 3691; x_wconf 79' lang='grc' dir='ltr'>Θεὸν</span> <span class='ocrx_word' id='word_1_558' title='bbox 3529 3633 3765 3707; x_wconf 79' lang='grc' dir='ltr'>Ἰσραὴλ,</span> 
     </span>
    </p>
   </div>
   <div class='ocr_carea' id='block_1_76' title="bbox 2181 3728 3769 3807">
    <p class='ocr_par' dir='ltr' id='par_1_76' title="bbox 2181 3728 3769 3807">
     <span class='ocr_line' id='line_1_76' title="bbox 2181 3728 3769 3807; baseline -0.006 -17"><span class='ocrx_word' id='word_1_559' title='bbox 2181 3735 2313 3790; x_wconf 84' lang='grc' dir='ltr'>διότι</span> <span class='ocrx_word' id='word_1_560' title='bbox 2343 3735 2451 3789; x_wconf 81' lang='grc' dir='ltr'>ἰδοὺ</span> <span class='ocrx_word' id='word_1_561' title='bbox 2482 3732 2718 3807; x_wconf 83' lang='grc' dir='ltr'>στερεῶν</span> <span class='ocrx_word' id='word_1_562' title='bbox 2763 3732 2994 3805; x_wconf 85' lang='grc' dir='ltr'>βροντὴν</span> <span class='ocrx_word' id='word_1_563' title='bbox 3027 3731 3125 3784; x_wconf 75' lang='grc' dir='ltr'>καὶ</span> <span class='ocrx_word' id='word_1_564' title='bbox 3157 3730 3356 3794; x_wconf 78' lang='grc' dir='ltr'>κτίζων</span> <span class='ocrx_word' id='word_1_565' title='bbox 3398 3728 3637 3800; x_wconf 79' lang='grc' dir='ltr'>πνεῦμα,</span> <span class='ocrx_word' id='word_1_566' title='bbox 3672 3728 3769 3782; x_wconf 70' lang='grc' dir='ltr'><strong>καὶ</strong></span> 
     </span>
    </p>
   </div>
   <div class='ocr_carea' id='block_1_77' title="bbox 2183 3818 3770 3897">
    <p class='ocr_par' dir='ltr' id='par_1_77' title="bbox 2183 3818 3770 3897">
     <span class='ocr_line' id='line_1_77' title="bbox 2183 3818 3770 3897; baseline -0.007 -15"><span class='ocrx_word' id='word_1_567' title='bbox 2183 3826 2535 3897; x_wconf 73' lang='grc' dir='ltr'>ἐπαγγέλλων</span> <span class='ocrx_word' id='word_1_568' title='bbox 2555 3826 2636 3888; x_wconf 79' lang='grc' dir='ltr'>εἰς</span> <span class='ocrx_word' id='word_1_569' title='bbox 2663 3822 2986 3895; x_wconf 79' lang='grc' dir='ltr'>ἀνθρώπους</span> <span class='ocrx_word' id='word_1_570' title='bbox 3005 3822 3096 3875; x_wconf 88' lang='grc' dir='ltr'><strong>τὸν</strong></span> <span class='ocrx_word' id='word_1_571' title='bbox 3124 3819 3360 3893; x_wconf 77' lang='grc' dir='ltr'>Χριστὸν</span> <span class='ocrx_word' id='word_1_572' title='bbox 3382 3819 3569 3884; x_wconf 82' lang='grc' dir='ltr'>αὐτοῦ,</span> <span class='ocrx_word' id='word_1_573' title='bbox 3600 3818 3770 3872; x_wconf 83' lang='grc' dir='ltr'>ποιῶν</span> 
     </span>
    </p>
   </div>
   <div class='ocr_carea' id='block_1_78' title="bbox 2183 3908 3771 3995">
    <p class='ocr_par' dir='ltr' id='par_1_78' title="bbox 2183 3908 3771 3995">
     <span class='ocr_line' id='line_1_78' title="bbox 2183 3908 3771 3995; baseline -0.014 -13"><span class='ocrx_word' id='word_1_574' title='bbox 2183 3921 2379 3995; x_wconf 79' lang='grc' dir='ltr'>ὄρθρον</span> <span class='ocrx_word' id='word_1_575' title='bbox 2407 3919 2502 3973; x_wconf 73' lang='grc' dir='ltr'><strong>καὶ</strong></span> <span class='ocrx_word' id='word_1_576' title='bbox 2531 3916 2781 3989; x_wconf 84' lang='grc' dir='ltr'>ὁμίχλην,</span> <span class='ocrx_word' id='word_1_577' title='bbox 2813 3916 2905 3970; x_wconf 71' lang='grc' dir='ltr'><strong>καὶ</strong></span> <span class='ocrx_word' id='word_1_578' title='bbox 2929 3912 3223 3969; x_wconf 80' lang='grc' dir='ltr'>ἐπιὸαίνων</span> <span class='ocrx_word' id='word_1_579' title='bbox 3248 3912 3343 3966; x_wconf 72' lang='grc' dir='ltr'>ἐπὶ</span> <span class='ocrx_word' id='word_1_580' title='bbox 3366 3910 3438 3966; x_wconf 81' lang='grc' dir='ltr'>τὰ</span> <span class='ocrx_word' id='word_1_581' title='bbox 3467 3909 3646 3981; x_wconf 64' lang='grc' dir='ltr'>ὑψηλὰ</span> <span class='ocrx_word' id='word_1_582' title='bbox 3669 3908 3771 3979; x_wconf 83' lang='grc' dir='ltr'><strong>τῆς</strong></span> 
     </span>
    </p>
   </div>
   <div class='ocr_carea' id='block_1_79' title="bbox 2183 3999 3768 4085">
    <p class='ocr_par' dir='ltr' id='par_1_79' title="bbox 2183 3999 3768 4085">
     <span class='ocr_line' id='line_1_79' title="bbox 2183 3999 3768 4085; baseline -0.007 -17"><span class='ocrx_word' id='word_1_583' title='bbox 2183 4015 2309 4085; x_wconf 86' lang='grc' dir='ltr'>γῆς.</span> <span class='ocrx_word' id='word_1_584' title='bbox 2369 4011 2576 4084; x_wconf 85' lang='grc' dir='ltr'>Κύριος</span> <span class='ocrx_word' id='word_1_585' title='bbox 2629 4012 2659 4064; x_wconf 87' lang='grc' dir='ltr'>ὁ</span> <span class='ocrx_word' id='word_1_586' title='bbox 2716 4009 2871 4075; x_wconf 85' lang='grc' dir='ltr'>Θεὸς,</span> <span class='ocrx_word' id='word_1_587' title='bbox 2936 4003 3331 4076; x_wconf 82' lang='grc' dir='ltr'>παντοκράτωρ</span> <span class='ocrx_word' id='word_1_588' title='bbox 3366 4002 3540 4074; x_wconf 72' lang='grc' dir='ltr'>ονομα</span> <span class='ocrx_word' id='word_1_589' title='bbox 3599 3999 3768 4071; x_wconf 83' lang='grc' dir='ltr'>αὐτῷ.</span> 
     </span>
    </p>
   </div>
   <div class='ocr_carea' id='block_1_80' title="bbox 2197 4091 3770 4168">
    <p class='ocr_par' dir='ltr' id='par_1_80' title="bbox 2197 4091 3770 4168">
     <span class='ocr_line' id='line_1_80' title="bbox 2197 4091 3770 4168; baseline -0.008 -14"><span class='ocrx_word' id='word_1_590' title='bbox 2197 4100 2492 4154; x_wconf 82' lang='grc' dir='ltr'>’Δκούσατε</span> <span class='ocrx_word' id='word_1_591' title='bbox 2547 4099 2708 4167; x_wconf 90' lang='grc' dir='ltr'>λόγου</span> <span class='ocrx_word' id='word_1_592' title='bbox 2758 4096 2995 4168; x_wconf 79' lang='grc' dir='ltr'>Κυρίου,</span> <span class='ocrx_word' id='word_1_593' title='bbox 3047 4094 3106 4149; x_wconf 79' lang='grc' dir='ltr'>ὃν</span> <span class='ocrx_word' id='word_1_594' title='bbox 3165 4092 3278 4163; x_wconf 83' lang='grc' dir='ltr'><strong>ἐγὼ</strong></span> <span class='ocrx_word' id='word_1_595' title='bbox 3332 4091 3626 4162; x_wconf 68' lang='grc' dir='ltr'>λαμϐάνων</span> <span class='ocrx_word' id='word_1_596' title='bbox 3680 4091 3770 4158; x_wconf 80' lang='grc' dir='ltr'>ἐφ’</span> 
     </span>
    </p>
   </div>
   <div class='ocr_carea' id='block_1_81' title="bbox 495 4181 2069 4268">
    <p class='ocr_par' dir='ltr' id='par_1_81' title="bbox 495 4192 2069 4268">
     <span class='ocr_line' id='line_1_81' title="bbox 495 4192 2069 4268; baseline 0.004 -21"><span class='ocrx_word' id='word_1_597' title='bbox 495 4192 703 4249; x_wconf 81' lang='lat' dir='ltr'><strong>Domus</strong></span> <span class='ocrx_word' id='word_1_598' title='bbox 732 4192 903 4249; x_wconf 90' lang='lat' dir='ltr'><strong>lsrael</strong></span> <span class='ocrx_word' id='word_1_599' title='bbox 934 4194 1134 4249; x_wconf 89' lang='lat' dir='ltr'><strong>cecidit</strong></span> <span class='ocrx_word' id='word_1_600' title='bbox 1169 4214 1181 4247; x_wconf 90' lang='lat'><strong>:</strong></span> <span class='ocrx_word' id='word_1_601' title='bbox 1217 4211 1328 4251; x_wconf 90' lang='lat' dir='ltr'><strong>non</strong></span> <span class='ocrx_word' id='word_1_602' title='bbox 1364 4197 1503 4252; x_wconf 86' lang='lat' dir='ltr'><strong>ultra</strong></span> <span class='ocrx_word' id='word_1_603' title='bbox 1548 4198 1770 4268; x_wconf 88' lang='lat' dir='ltr'><strong>adjiciet</strong></span> <span class='ocrx_word' id='word_1_604' title='bbox 1804 4207 1865 4254; x_wconf 93' lang='lat' dir='ltr'><strong>ut</strong></span> <span class='ocrx_word' id='word_1_605' title='bbox 1891 4215 2069 4256; x_wconf 89' lang='lat' dir='ltr'><strong>resur-</strong></span> 
     </span>
    </p>
   </div>
   <div class='ocr_carea' id='block_1_82' title="bbox 2175 4181 3770 4268">
    <p class='ocr_par' dir='ltr' id='par_1_82' title="bbox 2187 4181 3770 4265">
     <span class='ocr_line' id='line_1_82' title="bbox 2187 4181 3770 4265; baseline -0.011 -17"><span class='ocrx_word' id='word_1_606' title='bbox 2187 4194 2351 4265; x_wconf 78' lang='grc' dir='ltr'>ὑμᾶς,</span> <span class='ocrx_word' id='word_1_607' title='bbox 2390 4193 2607 4265; x_wconf 88' lang='grc' dir='ltr'>θρῆνον.</span> <span class='ocrx_word' id='word_1_608' title='bbox 2655 4184 2818 4254; x_wconf 77' lang='grc' dir='ltr'>Οἶκος</span> <span class='ocrx_word' id='word_1_609' title='bbox 2859 4186 3072 4260; x_wconf 81' lang='grc' dir='ltr'>Ἰσραὴλ</span> <span class='ocrx_word' id='word_1_610' title='bbox 3107 4184 3301 4237; x_wconf 75' lang='grc' dir='ltr'>ἔπεσεν</span> <span class='ocrx_word' id='word_1_611' title='bbox 3329 4201 3340 4212; x_wconf 94' lang='grc'><strong>·</strong></span> <span class='ocrx_word' id='word_1_612' title='bbox 3399 4181 3582 4235; x_wconf 78' lang='grc' dir='ltr'>οὐκέτι</span> <span class='ocrx_word' id='word_1_613' title='bbox 3598 4195 3770 4250; x_wconf 86' lang='grc' dir='ltr'>προσ-</span> 
     </span>
    </p>
   </div>
   <div class='ocr_carea' id='block_1_83' title="bbox 494 4273 2069 4359">
    <p class='ocr_par' dir='ltr' id='par_1_83' title="bbox 494 4285 2069 4359">
     <span class='ocr_line' id='line_1_83' title="bbox 494 4285 2069 4359; baseline 0.001 -19"><span class='ocrx_word' id='word_1_614' title='bbox 494 4294 608 4359; x_wconf 78' lang='lat' dir='ltr'><strong>gat.</strong></span> <span class='ocrx_word' id='word_1_615' title='bbox 634 4285 804 4357; x_wconf 80' lang='lat' dir='ltr'><strong>Virgo</strong></span> <span class='ocrx_word' id='word_1_616' title='bbox 842 4285 1010 4341; x_wconf 89' lang='lat' dir='ltr'><strong>lsrael</strong></span> <span class='ocrx_word' id='word_1_617' title='bbox 1043 4288 1197 4358; x_wconf 89' lang='lat' dir='ltr'><strong>lapsa</strong></span> <span class='ocrx_word' id='word_1_618' title='bbox 1237 4295 1321 4343; x_wconf 90' lang='lat' dir='ltr'><strong>est</strong></span> <span class='ocrx_word' id='word_1_619' title='bbox 1366 4288 1424 4342; x_wconf 87' lang='lat' dir='ltr'><strong>in</strong></span> <span class='ocrx_word' id='word_1_620' title='bbox 1470 4296 1619 4345; x_wconf 85' lang='lat' dir='ltr'><strong>terra</strong></span> <span class='ocrx_word' id='word_1_621' title='bbox 1663 4305 1765 4345; x_wconf 88' lang='lat' dir='ltr'><strong>sua</strong></span> <span class='ocrx_word' id='word_1_622' title='bbox 1796 4306 1809 4342; x_wconf 89' lang='lat'>:</span> <span class='ocrx_word' id='word_1_623' title='bbox 1846 4305 1958 4345; x_wconf 89' lang='lat' dir='ltr'><strong>non</strong></span> <span class='ocrx_word' id='word_1_624' title='bbox 2001 4302 2069 4347; x_wconf 76' lang='grc' dir='ltr'><strong>εει</strong></span> 
     </span>
    </p>
   </div>
   <div class='ocr_carea' id='block_1_84' title="bbox 2175 4273 3772 4359">
    <p class='ocr_par' dir='ltr' id='par_1_84' title="bbox 2187 4273 3772 4358">
     <span class='ocr_line' id='line_1_84' title="bbox 2187 4273 3772 4358; baseline -0.008 -18"><span class='ocrx_word' id='word_1_625' title='bbox 2187 4285 2343 4358; x_wconf 85' lang='grc' dir='ltr'>θήσει</span> <span class='ocrx_word' id='word_1_626' title='bbox 2414 4284 2510 4338; x_wconf 86' lang='grc' dir='ltr'><strong>τοῦ</strong></span> <span class='ocrx_word' id='word_1_627' title='bbox 2577 4282 2898 4352; x_wconf 85' lang='grc' dir='ltr'>ἀναστῆναι.</span> <span class='ocrx_word' id='word_1_628' title='bbox 2951 4277 3228 4348; x_wconf 85' lang='grc' dir='ltr'>Παρθένος</span> <span class='ocrx_word' id='word_1_629' title='bbox 3278 4273 3495 4346; x_wconf 84' lang='grc' dir='ltr'>Ἰσραὴλ</span> <span class='ocrx_word' id='word_1_630' title='bbox 3539 4273 3772 4342; x_wconf 76' lang='grc' dir='ltr'>ἔσφαλεν</span> 
     </span>
    </p>
   </div>
   <div class='ocr_carea' id='block_1_85' title="bbox 494 4366 2069 4451">
    <p class='ocr_par' dir='ltr' id='par_1_85' title="bbox 494 4377 2069 4451">
     <span class='ocr_line' id='line_1_85' title="bbox 494 4377 2069 4451; baseline 0.003 -18"><span class='ocrx_word' id='word_1_631' title='bbox 494 4378 590 4450; x_wconf 91' lang='lat' dir='ltr'><strong>qui</strong></span> <span class='ocrx_word' id='word_1_632' title='bbox 613 4379 786 4450; x_wconf 82' lang='lat' dir='ltr'><strong>erigat</strong></span> <span class='ocrx_word' id='word_1_633' title='bbox 807 4378 1006 4433; x_wconf 76' lang='lat' dir='ltr'><strong>eam”.</strong></span> <span class='ocrx_word' id='word_1_634' title='bbox 1041 4398 1061 4432; x_wconf 73' lang='grc' dir='ltr'><strong>ι</strong></span> <span class='ocrx_word' id='word_1_635' title='bbox 1105 4377 1226 4434; x_wconf 83' lang='lat' dir='ltr'><strong>Jam</strong></span> <span class='ocrx_word' id='word_1_636' title='bbox 1259 4380 1492 4451; x_wconf 87' lang='lat' dir='ltr'><strong>septimo</strong></span> <span class='ocrx_word' id='word_1_637' title='bbox 1521 4382 1643 4437; x_wconf 91' lang='lat' dir='ltr'><strong>loco</strong></span> <span class='ocrx_word' id='word_1_638' title='bbox 1672 4380 1952 4438; x_wconf 85' lang='lat' dir='ltr'><strong>Christum</strong></span> <span class='ocrx_word' id='word_1_639' title='bbox 1983 4397 2069 4438; x_wconf 92' lang='lat' dir='ltr'><strong>no-</strong></span> 
     </span>
    </p>
   </div>
   <div class='ocr_carea' id='block_1_86' title="bbox 2175 4366 3768 4451">
    <p class='ocr_par' dir='ltr' id='par_1_86' title="bbox 2186 4366 3768 4449">
     <span class='ocr_line' id='line_1_86' title="bbox 2186 4366 3768 4449; baseline -0.008 -17"><span class='ocrx_word' id='word_1_640' title='bbox 2186 4379 2280 4432; x_wconf 74' lang='grc' dir='ltr'>ἐπὶ</span> <span class='ocrx_word' id='word_1_641' title='bbox 2324 4378 2425 4449; x_wconf 87' lang='grc' dir='ltr'><strong>τῆς</strong></span> <span class='ocrx_word' id='word_1_642' title='bbox 2453 4376 2560 4447; x_wconf 88' lang='grc' dir='ltr'><strong>γῆς</strong></span> <span class='ocrx_word' id='word_1_643' title='bbox 2602 4374 2804 4445; x_wconf 70' lang='grc' dir='ltr'>αὐτῆς*</span> <span class='ocrx_word' id='word_1_644' title='bbox 2840 4373 2941 4426; x_wconf 77' lang='grc' dir='ltr'><strong>οὐκ</strong></span> <span class='ocrx_word' id='word_1_645' title='bbox 2980 4370 3129 4424; x_wconf 79' lang='grc' dir='ltr'>ἔστιν</span> <span class='ocrx_word' id='word_1_646' title='bbox 3168 4369 3197 4421; x_wconf 87' lang='grc' dir='ltr'>ὁ</span> <span class='ocrx_word' id='word_1_647' title='bbox 3244 4367 3479 4423; x_wconf 86' lang='grc' dir='ltr'>ἀνιστῶν</span> <span class='ocrx_word' id='word_1_648' title='bbox 3518 4366 3712 4439; x_wconf 78' lang='grc' dir='ltr'>αὐτὴν.</span> <span class='ocrx_word' id='word_1_649' title='bbox 3748 4387 3768 4420; x_wconf 73' lang='grc' dir='ltr'><strong>ι</strong></span> 
     </span>
    </p>
   </div>
   <div class='ocr_carea' id='block_1_87' title="bbox 495 4460 2069 4541">
    <p class='ocr_par' dir='ltr' id='par_1_87' title="bbox 495 4470 2069 4541">
     <span class='ocr_line' id='line_1_87' title="bbox 495 4470 2069 4541; baseline 0.003 -15"><span class='ocrx_word' id='word_1_650' title='bbox 495 4470 745 4526; x_wconf 86' lang='lat' dir='ltr'><strong>minatim</strong></span> <span class='ocrx_word' id='word_1_651' title='bbox 783 4470 1117 4528; x_wconf 90' lang='lat' dir='ltr'><strong>denuntians</strong></span> <span class='ocrx_word' id='word_1_652' title='bbox 1170 4472 1488 4530; x_wconf 90' lang='lat' dir='ltr'><strong>hominibus</strong></span> <span class='ocrx_word' id='word_1_653' title='bbox 1527 4472 1693 4541; x_wconf 87' lang='lat' dir='ltr'><strong>Deus,</strong></span> <span class='ocrx_word' id='word_1_654' title='bbox 1736 4475 2069 4531; x_wconf 78' lang='lat' dir='ltr'><strong>consolidart</strong></span> 
     </span>
    </p>
   </div>
   <div class='ocr_carea' id='block_1_88' title="bbox 2175 4460 3778 4541">
    <p class='ocr_par' dir='ltr' id='par_1_88' title="bbox 2191 4460 3778 4539">
     <span class='ocr_line' id='line_1_88' title="bbox 2191 4460 3778 4539; baseline -0.006 -15"><span class='ocrx_word' id='word_1_655' title='bbox 2191 4469 2457 4539; x_wconf 81' lang='grc' dir='ltr'>Ἔϐδομον</span> <span class='ocrx_word' id='word_1_656' title='bbox 2506 4467 2609 4538; x_wconf 73' lang='grc' dir='ltr'>ἤδη</span> <span class='ocrx_word' id='word_1_657' title='bbox 2653 4466 2745 4520; x_wconf 87' lang='grc' dir='ltr'><strong>τὸν</strong></span> <span class='ocrx_word' id='word_1_658' title='bbox 2795 4463 3028 4536; x_wconf 88' lang='grc' dir='ltr'>Χριστὸν</span> <span class='ocrx_word' id='word_1_659' title='bbox 3076 4461 3339 4532; x_wconf 79' lang='grc' dir='ltr'>ὀνομαστὶ</span> <span class='ocrx_word' id='word_1_660' title='bbox 3387 4460 3778 4530; x_wconf 70' lang='grc' dir='ltr'>καταγγέλλων</span> 
     </span>
    </p>
   </div>
   <div class='ocr_carea' id='block_1_89' title="bbox 493 4554 2069 4638">
    <p class='ocr_par' dir='ltr' id='par_1_89' title="bbox 493 4562 2069 4638">
     <span class='ocr_line' id='line_1_89' title="bbox 493 4562 2069 4638; baseline 0.004 -22"><span class='ocrx_word' id='word_1_661' title='bbox 493 4562 727 4629; x_wconf 88' lang='lat' dir='ltr'><strong>tonitru,</strong></span> <span class='ocrx_word' id='word_1_662' title='bbox 760 4571 815 4619; x_wconf 93' lang='lat' dir='ltr'><strong>et</strong></span> <span class='ocrx_word' id='word_1_663' title='bbox 846 4578 1035 4619; x_wconf 88' lang='lat' dir='ltr'><strong>creare</strong></span> <span class='ocrx_word' id='word_1_664' title='bbox 1066 4564 1320 4636; x_wconf 89' lang='lat' dir='ltr'><strong>spiritum</strong></span> <span class='ocrx_word' id='word_1_665' title='bbox 1373 4566 1700 4636; x_wconf 78' lang='lat' dir='ltr'><strong>evangelica:</strong></span> <span class='ocrx_word' id='word_1_666' title='bbox 1740 4566 2069 4638; x_wconf 62' lang='lat' dir='ltr'><strong>praedicatio</strong></span> 
     </span>
    </p>
   </div>
   <div class='ocr_carea' id='block_1_90' title="bbox 2175 4554 3779 4638">
    <p class='ocr_par' dir='ltr' id='par_1_90' title="bbox 2188 4554 3779 4632">
     <span class='ocr_line' id='line_1_90' title="bbox 2188 4554 3779 4632; baseline -0.005 -15"><span class='ocrx_word' id='word_1_667' title='bbox 2188 4565 2268 4628; x_wconf 87' lang='grc' dir='ltr'>εἰς</span> <span class='ocrx_word' id='word_1_668' title='bbox 2314 4559 2634 4632; x_wconf 83' lang='grc' dir='ltr'>ἀνθρώπους</span> <span class='ocrx_word' id='word_1_669' title='bbox 2679 4561 2708 4614; x_wconf 86' lang='grc' dir='ltr'>ὁ</span> <span class='ocrx_word' id='word_1_670' title='bbox 2751 4558 2905 4623; x_wconf 86' lang='grc' dir='ltr'>Θεὸς,</span> <span class='ocrx_word' id='word_1_671' title='bbox 2952 4555 3205 4629; x_wconf 84' lang='grc' dir='ltr'>στερεοῦν</span> <span class='ocrx_word' id='word_1_672' title='bbox 3256 4554 3487 4627; x_wconf 86' lang='grc' dir='ltr'>βροντὴν</span> <span class='ocrx_word' id='word_1_673' title='bbox 3533 4554 3629 4609; x_wconf 72' lang='grc' dir='ltr'><strong>καὶ</strong></span> <span class='ocrx_word' id='word_1_674' title='bbox 3661 4555 3779 4609; x_wconf 81' lang='grc' dir='ltr'>κτί-</span> 
     </span>
    </p>
   </div>
   <div class='ocr_carea' id='block_1_91' title="bbox 494 4647 2069 4735">
    <p class='ocr_par' dir='ltr' id='par_1_91' title="bbox 494 4648 2069 4731">
     <span class='ocr_line' id='line_1_91' title="bbox 494 4648 2069 4731; baseline 0.003 -20"><span class='ocrx_word' id='word_1_675' title='bbox 494 4654 584 4712; x_wconf 86' lang='lat' dir='ltr'><strong>nis</strong></span> <span class='ocrx_word' id='word_1_676' title='bbox 619 4654 842 4722; x_wconf 80' lang='lat' dir='ltr'><strong>dicitur,</strong></span> <span class='ocrx_word' id='word_1_677' title='bbox 891 4672 1010 4728; x_wconf 76' lang='lat' dir='ltr'><strong>quae</strong></span> <span class='ocrx_word' id='word_1_678' title='bbox 1041 4656 1251 4712; x_wconf 90' lang='lat' dir='ltr'><strong>tonitru</strong></span> <span class='ocrx_word' id='word_1_679' title='bbox 1297 4648 1542 4724; x_wconf 82' lang='lat' dir='ltr'><strong>nomine,</strong></span> <span class='ocrx_word' id='word_1_680' title='bbox 1590 4667 1884 4731; x_wconf 87' lang='lat' dir='ltr'><strong>propterea</strong></span> <span class='ocrx_word' id='word_1_681' title='bbox 1935 4662 2069 4731; x_wconf 78' lang='lat' dir='ltr'><strong>quod</strong></span> 
     </span>
    </p>
   </div>
   <div class='ocr_carea' id='block_1_92' title="bbox 2175 4647 3774 4735">
    <p class='ocr_par' dir='ltr' id='par_1_92' title="bbox 2188 4647 3774 4725">
     <span class='ocr_line' id='line_1_92' title="bbox 2188 4647 3774 4725; baseline -0.006 -15"><span class='ocrx_word' id='word_1_682' title='bbox 2188 4656 2301 4720; x_wconf 80' lang='grc' dir='ltr'>ζειν</span> <span class='ocrx_word' id='word_1_683' title='bbox 2336 4654 2554 4725; x_wconf 88' lang='grc' dir='ltr'>πνεῦμα</span> <span class='ocrx_word' id='word_1_684' title='bbox 2597 4653 2814 4721; x_wconf 83' lang='grc' dir='ltr'>λέγεται</span> <span class='ocrx_word' id='word_1_685' title='bbox 2846 4650 2940 4704; x_wconf 87' lang='grc' dir='ltr'><strong>τοῦ</strong></span> <span class='ocrx_word' id='word_1_686' title='bbox 2984 4647 3341 4718; x_wconf 80' lang='grc' dir='ltr'>εύαγγελικοῦ</span> <span class='ocrx_word' id='word_1_687' title='bbox 3395 4648 3774 4719; x_wconf 77' lang='grc' dir='ltr'>κηρύγματος,</span> 
     </span>
    </p>
   </div>
   <div class='ocr_carea' id='block_1_93' title="bbox 492 4740 2069 4824">
    <p class='ocr_par' dir='ltr' id='par_1_93' title="bbox 492 4746 2069 4824">
     <span class='ocr_line' id='line_1_93' title="bbox 492 4746 2069 4824; baseline 0.003 -21"><span class='ocrx_word' id='word_1_688' title='bbox 492 4746 834 4804; x_wconf 71' lang='lat' dir='ltr'><strong>exaudientia</strong></span> <span class='ocrx_word' id='word_1_689' title='bbox 864 4748 936 4804; x_wconf 91' lang='lat' dir='ltr'><strong>sit</strong></span> <span class='ocrx_word' id='word_1_690' title='bbox 975 4749 1045 4803; x_wconf 90' lang='lat' dir='ltr'><strong>ab</strong></span> <span class='ocrx_word' id='word_1_691' title='bbox 1083 4750 1339 4805; x_wconf 89' lang='lat' dir='ltr'><strong>omnibus</strong></span> <span class='ocrx_word' id='word_1_692' title='bbox 1378 4751 1719 4817; x_wconf 87' lang='lat' dir='ltr'><strong>hominibus,</strong></span> <span class='ocrx_word' id='word_1_693' title='bbox 1755 4752 2069 4824; x_wconf 59' lang='lat' dir='ltr'><strong>appellatur.</strong></span> 
     </span>
    </p>
   </div>
   <div class='ocr_carea' id='block_1_94' title="bbox 2175 4740 3775 4824">
    <p class='ocr_par' dir='ltr' id='par_1_94' title="bbox 2193 4740 3775 4821">
     <span class='ocr_line' id='line_1_94' title="bbox 2193 4740 3775 4821; baseline -0.008 -19"><span class='ocrx_word' id='word_1_694' title='bbox 2193 4747 2441 4821; x_wconf 86' lang='grc' dir='ltr'>βροντῆς,</span> <span class='ocrx_word' id='word_1_695' title='bbox 2470 4745 2559 4800; x_wconf 80' lang='grc' dir='ltr'>διὰ</span> <span class='ocrx_word' id='word_1_696' title='bbox 2589 4745 2651 4798; x_wconf 90' lang='grc' dir='ltr'><strong>τὸ</strong></span> <span class='ocrx_word' id='word_1_697' title='bbox 2691 4746 2771 4808; x_wconf 90' lang='grc' dir='ltr'>εἰς</span> <span class='ocrx_word' id='word_1_698' title='bbox 2804 4742 3014 4807; x_wconf 85' lang='grc' dir='ltr'>πάντας</span> <span class='ocrx_word' id='word_1_699' title='bbox 3060 4740 3382 4814; x_wconf 79' lang='grc' dir='ltr'>ἀνθρώπους</span> <span class='ocrx_word' id='word_1_700' title='bbox 3425 4740 3775 4807; x_wconf 81' lang='grc' dir='ltr'>ἐξάκουστον,</span> 
     </span>
    </p>
   </div>
   <div class='ocr_carea' id='block_1_95' title="bbox 494 4832 2069 4916">
    <p class='ocr_par' dir='ltr' id='par_1_95' title="bbox 494 4839 2069 4916">
     <span class='ocr_line' id='line_1_95' title="bbox 494 4839 2069 4916; baseline 0.004 -22"><span class='ocrx_word' id='word_1_701' title='bbox 494 4839 635 4894; x_wconf 89' lang='lat' dir='ltr'><strong>Nam</strong></span> <span class='ocrx_word' id='word_1_702' title='bbox 664 4839 832 4896; x_wconf 89' lang='lat' dir='ltr'><strong>simili</strong></span> <span class='ocrx_word' id='word_1_703' title='bbox 863 4840 1027 4896; x_wconf 90' lang='lat' dir='ltr'><strong>modo</strong></span> <span class='ocrx_word' id='word_1_704' title='bbox 1072 4841 1238 4897; x_wconf 84' lang='lat' dir='ltr'><strong>etiam</strong></span> <span class='ocrx_word' id='word_1_705' title='bbox 1271 4843 1500 4913; x_wconf 89' lang='lat' dir='ltr'><strong>spiritus</strong></span> <span class='ocrx_word' id='word_1_706' title='bbox 1529 4858 1640 4914; x_wconf 88' lang='lat' dir='ltr'><strong>quo</strong></span> <span class='ocrx_word' id='word_1_707' title='bbox 1671 4842 1928 4901; x_wconf 90' lang='lat' dir='ltr'><strong>Christus</strong></span> <span class='ocrx_word' id='word_1_708' title='bbox 1954 4859 2069 4916; x_wconf 45' lang='lat' dir='ltr'><strong>apo‘</strong></span> 
     </span>
    </p>
   </div>
   <div class='ocr_carea' id='block_1_96' title="bbox 2175 4832 3779 4916">
    <p class='ocr_par' dir='ltr' id='par_1_96' title="bbox 2190 4832 3779 4913">
     <span class='ocr_line' id='line_1_96' title="bbox 2190 4832 3779 4913; baseline -0.007 -17"><span class='ocrx_word' id='word_1_709' title='bbox 2190 4839 2592 4913; x_wconf 79' lang='grc' dir='ltr'>ὀνομαζομένου</span> <span class='ocrx_word' id='word_1_710' title='bbox 2615 4855 2628 4869; x_wconf 90' lang='grc'><strong>·</strong></span> <span class='ocrx_word' id='word_1_711' title='bbox 2677 4838 2880 4909; x_wconf 78' lang='grc' dir='ltr'>ὁμοίως</span> <span class='ocrx_word' id='word_1_712' title='bbox 2924 4836 2982 4890; x_wconf 86' lang='grc' dir='ltr'><strong>δέ</strong></span> <span class='ocrx_word' id='word_1_713' title='bbox 3029 4835 3126 4889; x_wconf 77' lang='grc' dir='ltr'><strong>καὶ</strong></span> <span class='ocrx_word' id='word_1_714' title='bbox 3170 4834 3265 4886; x_wconf 82' lang='grc' dir='ltr'><strong>τοῦ</strong></span> <span class='ocrx_word' id='word_1_715' title='bbox 3298 4835 3412 4897; x_wconf 80' lang='grc' dir='ltr'>τοῖς</span> <span class='ocrx_word' id='word_1_716' title='bbox 3455 4832 3779 4895; x_wconf 85' lang='grc' dir='ltr'>ἀποστόλοις</span> 
     </span>
    </p>
   </div>
   <div class='ocr_carea' id='block_1_97' title="bbox 505 4932 2083 5008">
    <p class='ocr_par' dir='ltr' id='par_1_97' title="bbox 505 4932 2083 5008">
     <span class='ocr_line' id='line_1_97' title="bbox 505 4932 2083 5008; baseline 0.001 -17"><span class='ocrx_word' id='word_1_717' title='bbox 505 4935 677 4991; x_wconf 84' lang='lat' dir='ltr'><strong>stolos</strong></span> <span class='ocrx_word' id='word_1_718' title='bbox 709 4946 840 4990; x_wconf 85' lang='lat' dir='ltr'><strong>suos</strong></span> <span class='ocrx_word' id='word_1_719' title='bbox 873 4932 1096 4999; x_wconf 80' lang='lat' dir='ltr'><strong>amavit,</strong></span> <span class='ocrx_word' id='word_1_720' title='bbox 1125 4934 1499 5005; x_wconf 83' lang='lat' dir='ltr'><strong>signiﬁcatur;</strong></span> <span class='ocrx_word' id='word_1_721' title='bbox 1534 4935 1682 5007; x_wconf 93' lang='lat' dir='ltr'><strong>quod</strong></span> <span class='ocrx_word' id='word_1_722' title='bbox 1706 4937 1927 5008; x_wconf 90' lang='lat' dir='ltr'><strong>quidem</strong></span> <span class='ocrx_word' id='word_1_723' title='bbox 1958 4953 2083 5008; x_wconf 91' lang='lat' dir='ltr'><strong>per-</strong></span> 
     </span>
    </p>
   </div>
   <div class='ocr_carea' id='block_1_98' title="bbox 497 5025 2082 5100">
    <p class='ocr_par' dir='ltr' id='par_1_98' title="bbox 497 5025 2082 5100">
     <span class='ocr_line' id='line_1_98' title="bbox 497 5025 2082 5100; baseline -0.001 -16"><span class='ocrx_word' id='word_1_724' title='bbox 497 5027 685 5096; x_wconf 81' lang='lat' dir='ltr'><strong>spicue</strong></span> <span class='ocrx_word' id='word_1_725' title='bbox 705 5027 762 5082; x_wconf 91' lang='lat' dir='ltr'><strong>in</strong></span> <span class='ocrx_word' id='word_1_726' title='bbox 791 5025 1094 5083; x_wconf 86' lang='lat' dir='ltr'><strong>Salvatoris</strong></span> <span class='ocrx_word' id='word_1_727' title='bbox 1129 5027 1303 5082; x_wconf 89' lang='lat' dir='ltr'><strong>nostri</strong></span> <span class='ocrx_word' id='word_1_728' title='bbox 1343 5027 1579 5084; x_wconf 89' lang='lat' dir='ltr'><strong>adventu</strong></span> <span class='ocrx_word' id='word_1_729' title='bbox 1613 5030 1946 5100; x_wconf 89' lang='lat' dir='ltr'><strong>completum</strong></span> <span class='ocrx_word' id='word_1_730' title='bbox 1973 5037 2082 5097; x_wconf 89' lang='lat' dir='ltr'><strong>est,</strong></span> 
     </span>
    </p>
   </div>
   <div class='ocr_carea' id='block_1_99' title="bbox 496 5117 2082 5190">
    <p class='ocr_par' dir='ltr' id='par_1_99' title="bbox 496 5117 2082 5190">
     <span class='ocr_line' id='line_1_99' title="bbox 496 5117 2082 5190; baseline 0.001 -16"><span class='ocrx_word' id='word_1_731' title='bbox 496 5119 555 5174; x_wconf 87' lang='lat' dir='ltr'><strong>in</strong></span> <span class='ocrx_word' id='word_1_732' title='bbox 577 5135 685 5190; x_wconf 90' lang='lat' dir='ltr'><strong>quo</strong></span> <span class='ocrx_word' id='word_1_733' title='bbox 705 5118 954 5175; x_wconf 80' lang='lat' dir='ltr'><strong>facturus</strong></span> <span class='ocrx_word' id='word_1_734' title='bbox 970 5117 1115 5175; x_wconf 92' lang='lat' dir='ltr'><strong>Deus</strong></span> <span class='ocrx_word' id='word_1_735' title='bbox 1132 5135 1293 5175; x_wconf 90' lang='lat' dir='ltr'><strong>mane</strong></span> <span class='ocrx_word' id='word_1_736' title='bbox 1308 5120 1472 5176; x_wconf 89' lang='lat' dir='ltr'><strong>simul</strong></span> <span class='ocrx_word' id='word_1_737' title='bbox 1492 5127 1547 5176; x_wconf 87' lang='lat' dir='ltr'><strong>et</strong></span> <span class='ocrx_word' id='word_1_738' title='bbox 1568 5121 1824 5176; x_wconf 90' lang='lat' dir='ltr'><strong>nebulam</strong></span> <span class='ocrx_word' id='word_1_739' title='bbox 1843 5122 2082 5187; x_wconf 88' lang='lat' dir='ltr'><strong>canitur,</strong></span> 
     </span>
    </p>
   </div>
   <div class='ocr_carea' id='block_1_100' title="bbox 498 5209 2090 5283">
    <p class='ocr_par' dir='ltr' id='par_1_100' title="bbox 498 5209 2090 5283">
     <span class='ocr_line' id='line_1_100' title="bbox 498 5209 2090 5283; baseline 0.003 -18"><span class='ocrx_word' id='word_1_740' title='bbox 498 5209 569 5267; x_wconf 90' lang='lat' dir='ltr'><strong>iis</strong></span> <span class='ocrx_word' id='word_1_741' title='bbox 595 5210 815 5282; x_wconf 88' lang='lat' dir='ltr'><strong>quidem</strong></span> <span class='ocrx_word' id='word_1_742' title='bbox 831 5211 928 5283; x_wconf 90' lang='lat' dir='ltr'><strong>qui</strong></span> <span class='ocrx_word' id='word_1_743' title='bbox 960 5213 1204 5267; x_wconf 88' lang='lat' dir='ltr'><strong>salutare</strong></span> <span class='ocrx_word' id='word_1_744' title='bbox 1231 5213 1414 5268; x_wconf 91' lang='lat' dir='ltr'><strong>lumen</strong></span> <span class='ocrx_word' id='word_1_745' title='bbox 1446 5213 1792 5283; x_wconf 88' lang='lat' dir='ltr'><strong>susceperint</strong></span> <span class='ocrx_word' id='word_1_746' title='bbox 1818 5229 1999 5280; x_wconf 90' lang='lat' dir='ltr'><strong>mane,</strong></span> <span class='ocrx_word' id='word_1_747' title='bbox 2021 5214 2090 5270; x_wconf 80' lang='lat' dir='ltr'><strong>iis</strong></span> 
     </span>
    </p>
   </div>
   <div class='ocr_carea' id='block_1_101' title="bbox 496 5301 2088 5376">
    <p class='ocr_par' dir='ltr' id='par_1_101' title="bbox 496 5301 2088 5376">
     <span class='ocr_line' id='line_1_101' title="bbox 496 5301 2088 5376; baseline 0.001 -15"><span class='ocrx_word' id='word_1_748' title='bbox 496 5318 630 5361; x_wconf 74' lang='lat' dir='ltr'><strong>vero</strong></span> <span class='ocrx_word' id='word_1_749' title='bbox 655 5301 885 5370; x_wconf 73' lang='lat' dir='ltr'><strong>Iudaeis,</strong></span> <span class='ocrx_word' id='word_1_750' title='bbox 924 5304 1019 5376; x_wconf 89' lang='lat' dir='ltr'><strong>qui</strong></span> <span class='ocrx_word' id='word_1_751' title='bbox 1050 5306 1106 5359; x_wconf 91' lang='lat' dir='ltr'><strong>in</strong></span> <span class='ocrx_word' id='word_1_752' title='bbox 1137 5305 1318 5376; x_wconf 91' lang='lat' dir='ltr'><strong>ipsum</strong></span> <span class='ocrx_word' id='word_1_753' title='bbox 1354 5320 1466 5360; x_wconf 89' lang='lat' dir='ltr'><strong>non</strong></span> <span class='ocrx_word' id='word_1_754' title='bbox 1498 5305 1832 5361; x_wconf 90' lang='lat' dir='ltr'><strong>crediderint</strong></span> <span class='ocrx_word' id='word_1_755' title='bbox 1873 5315 2088 5363; x_wconf 82' lang='lat' dir='ltr'><strong>contra.</strong></span> 
     </span>
    </p>
   </div>
   <div class='ocr_carea' id='block_1_102' title="bbox 503 5393 2093 5470">
    <p class='ocr_par' dir='ltr' id='par_1_102' title="bbox 503 5393 2093 5470">
     <span class='ocr_line' id='line_1_102' title="bbox 503 5393 2093 5470; baseline 0.004 -22"><span class='ocrx_word' id='word_1_756' title='bbox 503 5393 669 5466; x_wconf 70' lang='lat'><strong>189</strong></span> <span class='ocrx_word' id='word_1_757' title='bbox 694 5394 827 5451; x_wconf 84' lang='lat' dir='ltr'><strong>Nam</strong></span> <span class='ocrx_word' id='word_1_758' title='bbox 863 5397 931 5450; x_wconf 89' lang='lat' dir='ltr'><strong>ad</strong></span> <span class='ocrx_word' id='word_1_759' title='bbox 965 5397 1090 5453; x_wconf 84' lang='lat' dir='ltr'><strong>illos</strong></span> <span class='ocrx_word' id='word_1_760' title='bbox 1115 5406 1417 5453; x_wconf 77' lang='lat' dir='ltr'><strong>extremam</strong></span> <span class='ocrx_word' id='word_1_761' title='bbox 1450 5415 1668 5470; x_wconf 88' lang='lat' dir='ltr'><strong>quoque</strong></span> <span class='ocrx_word' id='word_1_762' title='bbox 1721 5399 2093 5455; x_wconf 58' lang='lat' dir='ltr'><strong>denuntiatio-</strong></span> 
     </span>
    </p>
   </div>
   <div class='ocr_carea' id='block_1_103' title="bbox 501 5488 2089 5560">
    <p class='ocr_par' dir='ltr' id='par_1_103' title="bbox 501 5488 2089 5560">
     <span class='ocr_line' id='line_1_103' title="bbox 501 5488 2089 5560; baseline 0.003 -20"><span class='ocrx_word' id='word_1_763' title='bbox 501 5499 627 5540; x_wconf 86' lang='lat' dir='ltr'><strong>nem</strong></span> <span class='ocrx_word' id='word_1_764' title='bbox 654 5488 939 5544; x_wconf 87' lang='lat' dir='ltr'><strong>oraculum</strong></span> <span class='ocrx_word' id='word_1_765' title='bbox 997 5497 1273 5560; x_wconf 80' lang='lat' dir='ltr'><strong>apportat,</strong></span> <span class='ocrx_word' id='word_1_766' title='bbox 1327 5490 1457 5545; x_wconf 91' lang='lat' dir='ltr'><strong>dum</strong></span> <span class='ocrx_word' id='word_1_767' title='bbox 1513 5491 1961 5547; x_wconf 84' lang='lat' dir='ltr'><strong>lamentationem</strong></span> <span class='ocrx_word' id='word_1_768' title='bbox 1993 5489 2089 5545; x_wconf 87' lang='lat' dir='ltr'><strong>Ju-</strong></span> 
     </span>
    </p>
   </div>
   <div class='ocr_carea' id='block_1_104' title="bbox 502 5576 2087 5654">
    <p class='ocr_par' dir='ltr' id='par_1_104' title="bbox 502 5576 2087 5654">
     <span class='ocr_line' id='line_1_104' title="bbox 502 5576 2087 5654; baseline 0.005 -24"><span class='ocrx_word' id='word_1_769' title='bbox 502 5576 677 5632; x_wconf 75' lang='lat' dir='ltr'><strong>daicaa</strong></span> <span class='ocrx_word' id='word_1_770' title='bbox 701 5580 881 5650; x_wconf 76' lang='lat' dir='ltr'><strong>gentis</strong></span> <span class='ocrx_word' id='word_1_771' title='bbox 912 5581 1180 5654; x_wconf 78' lang='lat' dir='ltr'><strong>adjungit,</strong></span> <span class='ocrx_word' id='word_1_772' title='bbox 1209 5596 1330 5652; x_wconf 70' lang='lat' dir='ltr'><strong>qua:</strong></span> <span class='ocrx_word' id='word_1_773' title='bbox 1359 5582 1428 5637; x_wconf 88' lang='lat' dir='ltr'><strong>ad</strong></span> <span class='ocrx_word' id='word_1_774' title='bbox 1471 5582 1621 5653; x_wconf 89' lang='lat' dir='ltr'><strong>ipsos</strong></span> <span class='ocrx_word' id='word_1_775' title='bbox 1661 5584 1848 5641; x_wconf 88' lang='lat' dir='ltr'><strong>statim</strong></span> <span class='ocrx_word' id='word_1_776' title='bbox 1894 5599 2087 5652; x_wconf 81' lang='lat' dir='ltr'><strong>perve-</strong></span> 
     </span>
    </p>
   </div>
   <div class='ocr_carea' id='block_1_105' title="bbox 505 5668 2088 5739">
    <p class='ocr_par' dir='ltr' id='par_1_105' title="bbox 505 5668 2088 5739">
     <span class='ocr_line' id='line_1_105' title="bbox 505 5668 2088 5739; baseline 0.002 -15"><span class='ocrx_word' id='word_1_777' title='bbox 505 5668 609 5733; x_wconf 87' lang='lat' dir='ltr'><strong>nit,</strong></span> <span class='ocrx_word' id='word_1_778' title='bbox 638 5676 762 5739; x_wconf 88' lang='lat' dir='ltr'><strong>post</strong></span> <span class='ocrx_word' id='word_1_779' title='bbox 792 5670 1061 5728; x_wconf 79' lang='lat' dir='ltr'><strong>nefarium</strong></span> <span class='ocrx_word' id='word_1_780' title='bbox 1119 5674 1385 5731; x_wconf 85' lang='lat' dir='ltr'><strong>adversus</strong></span> <span class='ocrx_word' id='word_1_781' title='bbox 1440 5672 1774 5730; x_wconf 86' lang='lat' dir='ltr'><strong>Salvatorem</strong></span> <span class='ocrx_word' id='word_1_782' title='bbox 1834 5682 2088 5730; x_wconf 86' lang='lat' dir='ltr'><strong>nostrum</strong></span> 
     </span>
    </p>
   </div>
   <div class='ocr_carea' id='block_1_106' title="bbox 2191 4925 3782 5007">
    <p class='ocr_par' dir='ltr' id='par_1_106' title="bbox 2191 4925 3782 5007">
     <span class='ocr_line' id='line_1_106' title="bbox 2191 4925 3782 5007; baseline -0.009 -17"><span class='ocrx_word' id='word_1_783' title='bbox 2191 4934 2598 5007; x_wconf 80' lang='grc' dir='ltr'>ἐμπνεύσαντος</span> <span class='ocrx_word' id='word_1_784' title='bbox 2653 4929 2893 5004; x_wconf 88' lang='grc' dir='ltr'>Χριστοῦ</span> <span class='ocrx_word' id='word_1_785' title='bbox 2956 4927 3268 4998; x_wconf 86' lang='grc' dir='ltr'>πνεύματος</span> <span class='ocrx_word' id='word_1_786' title='bbox 3318 4925 3647 4998; x_wconf 80' lang='grc' dir='ltr'>δηλουμένου</span> <span class='ocrx_word' id='word_1_787' title='bbox 3683 4943 3696 4954; x_wconf 93' lang='grc'><strong>·</strong></span> <span class='ocrx_word' id='word_1_788' title='bbox 3751 4926 3782 4976; x_wconf 81' lang='grc' dir='ltr'><strong>ὃ</strong></span> 
     </span>
    </p>
   </div>
   <div class='ocr_carea' id='block_1_107' title="bbox 2190 5018 3783 5099">
    <p class='ocr_par' dir='ltr' id='par_1_107' title="bbox 2190 5018 3783 5099">
     <span class='ocr_line' id='line_1_107' title="bbox 2190 5018 3783 5099; baseline -0.01 -14"><span class='ocrx_word' id='word_1_789' title='bbox 2190 5032 2287 5085; x_wconf 80' lang='grc' dir='ltr'>καὶ</span> <span class='ocrx_word' id='word_1_790' title='bbox 2347 5028 2532 5099; x_wconf 84' lang='grc' dir='ltr'>σαφῶς</span> <span class='ocrx_word' id='word_1_791' title='bbox 2582 5026 2674 5080; x_wconf 82' lang='grc' dir='ltr'><strong>ἐπὶ</strong></span> <span class='ocrx_word' id='word_1_792' title='bbox 2725 5028 2790 5096; x_wconf 81' lang='grc' dir='ltr'>τῇ</span> <span class='ocrx_word' id='word_1_793' title='bbox 2847 5022 2943 5077; x_wconf 80' lang='grc' dir='ltr'><strong>τοῦ</strong></span> <span class='ocrx_word' id='word_1_794' title='bbox 2997 5022 3252 5094; x_wconf 77' lang='grc' dir='ltr'>Σωτῆρος</span> <span class='ocrx_word' id='word_1_795' title='bbox 3307 5019 3464 5095; x_wconf 79' lang='grc' dir='ltr'>ἡμῶν</span> <span class='ocrx_word' id='word_1_796' title='bbox 3519 5018 3783 5089; x_wconf 81' lang='grc' dir='ltr'>ἐπιδημίᾳ</span> 
     </span>
    </p>
   </div>
   <div class='ocr_carea' id='block_1_108' title="bbox 2193 5109 3779 5195">
    <p class='ocr_par' dir='ltr' id='par_1_108' title="bbox 2193 5109 3779 5195">
     <span class='ocr_line' id='line_1_108' title="bbox 2193 5109 3779 5195; baseline -0.009 -18"><span class='ocrx_word' id='word_1_797' title='bbox 2193 5122 2570 5195; x_wconf 84' lang='grc' dir='ltr'>πεπλήρωται,</span> <span class='ocrx_word' id='word_1_798' title='bbox 2625 5119 2710 5188; x_wconf 82' lang='grc' dir='ltr'>ἐφ’</span> <span class='ocrx_word' id='word_1_799' title='bbox 2840 5116 3088 5185; x_wconf 85' lang='grc' dir='ltr'>ποιήσειν</span> <span class='ocrx_word' id='word_1_800' title='bbox 3137 5116 3166 5167; x_wconf 83' lang='grc' dir='ltr'><strong>ὁ</strong></span> <span class='ocrx_word' id='word_1_801' title='bbox 3218 5111 3350 5175; x_wconf 88' lang='grc' dir='ltr'>Θεὸς</span> <span class='ocrx_word' id='word_1_802' title='bbox 3396 5111 3591 5183; x_wconf 81' lang='grc' dir='ltr'>ὄρθρον</span> <span class='ocrx_word' id='word_1_803' title='bbox 3645 5109 3779 5179; x_wconf 85' lang='grc' dir='ltr'>ὁμοῦ</span> 
     </span>
    </p>
   </div>
   <div class='ocr_carea' id='block_1_109' title="bbox 2194 5202 3783 5285">
    <p class='ocr_par' dir='ltr' id='par_1_109' title="bbox 2194 5202 3783 5285">
     <span class='ocr_line' id='line_1_109' title="bbox 2194 5202 3783 5285; baseline -0.009 -18"><span class='ocrx_word' id='word_1_804' title='bbox 2194 5215 2294 5267; x_wconf 71' lang='grc' dir='ltr'><strong>καὶ</strong></span> <span class='ocrx_word' id='word_1_805' title='bbox 2348 5212 2578 5285; x_wconf 79' lang='grc' dir='ltr'>ὁμίχλην</span> <span class='ocrx_word' id='word_1_806' title='bbox 2638 5207 2989 5270; x_wconf 80' lang='grc' dir='ltr'>θεσπίζεται·</span> <span class='ocrx_word' id='word_1_807' title='bbox 3060 5205 3174 5268; x_wconf 82' lang='grc' dir='ltr'>τοῖς</span> <span class='ocrx_word' id='word_1_808' title='bbox 3231 5203 3328 5276; x_wconf 85' lang='grc' dir='ltr'><strong>μὲν</strong></span> <span class='ocrx_word' id='word_1_809' title='bbox 3394 5202 3457 5255; x_wconf 89' lang='grc' dir='ltr'><strong>τὸ</strong></span> <span class='ocrx_word' id='word_1_810' title='bbox 3517 5202 3783 5270; x_wconf 79' lang='grc' dir='ltr'>σωτήριον</span> 
     </span>
    </p>
   </div>
   <div class='ocr_carea' id='block_1_110' title="bbox 2197 5288 3785 5375">
    <p class='ocr_par' dir='ltr' id='par_1_110' title="bbox 2197 5288 3785 5375">
     <span class='ocr_line' id='line_1_110' title="bbox 2197 5288 3785 5375; baseline -0.011 -17"><span class='ocrx_word' id='word_1_811' title='bbox 2197 5305 2314 5375; x_wconf 86' lang='grc' dir='ltr'>φῶς</span> <span class='ocrx_word' id='word_1_812' title='bbox 2364 5299 2853 5375; x_wconf 78' lang='grc' dir='ltr'>παραδεξαμένοις,</span> <span class='ocrx_word' id='word_1_813' title='bbox 2897 5296 2989 5350; x_wconf 86' lang='grc' dir='ltr'><strong>τὸν</strong></span> <span class='ocrx_word' id='word_1_814' title='bbox 3037 5294 3269 5367; x_wconf 71' lang='grc' dir='ltr'><strong>ὅρθρον⁹</strong></span> <span class='ocrx_word' id='word_1_815' title='bbox 3311 5295 3423 5355; x_wconf 85' lang='grc' dir='ltr'>τοῖς</span> <span class='ocrx_word' id='word_1_816' title='bbox 3469 5290 3526 5343; x_wconf 86' lang='grc' dir='ltr'><strong>δὲ</strong></span> <span class='ocrx_word' id='word_1_817' title='bbox 3557 5288 3785 5359; x_wconf 86' lang='grc' dir='ltr'>ἀπειθή-</span> 
     </span>
    </p>
   </div>
   <div class='ocr_carea' id='block_1_111' title="bbox 2197 5375 3787 5462">
    <p class='ocr_par' dir='ltr' id='par_1_111' title="bbox 2197 5375 3787 5462">
     <span class='ocr_line' id='line_1_111' title="bbox 2197 5375 3787 5462; baseline -0.012 -10"><span class='ocrx_word' id='word_1_818' title='bbox 2197 5416 2355 5452; x_wconf 81' lang='grc' dir='ltr'>σασιν</span> <span class='ocrx_word' id='word_1_819' title='bbox 2393 5399 2474 5460; x_wconf 80' lang='grc' dir='ltr'>εἰς</span> <span class='ocrx_word' id='word_1_820' title='bbox 2502 5394 2665 5449; x_wconf 78' lang='grc' dir='ltr'>αὑτὸν</span> <span class='ocrx_word' id='word_1_821' title='bbox 2715 5392 2824 5446; x_wconf 80' lang='grc' dir='ltr'><strong>τῶν</strong></span> <span class='ocrx_word' id='word_1_822' title='bbox 2867 5394 2933 5445; x_wconf 87' lang='grc' dir='ltr'><strong>ἐκ</strong></span> <span class='ocrx_word' id='word_1_823' title='bbox 2959 5388 3281 5462; x_wconf 84' lang='grc' dir='ltr'>περιτομῆς,</span> <span class='ocrx_word' id='word_1_824' title='bbox 3319 5381 3650 5438; x_wconf 73' lang='grc' dir='ltr'>τούναντίον.</span> <span class='ocrx_word' id='word_1_825' title='bbox 3690 5375 3787 5444; x_wconf 69' lang='grc' dir='ltr'><strong>Οἷς</strong></span> 
     </span>
    </p>
   </div>
   <div class='ocr_carea' id='block_1_112' title="bbox 2195 5473 3783 5561">
    <p class='ocr_par' dir='ltr' id='par_1_112' title="bbox 2195 5473 3783 5561">
     <span class='ocr_line' id='line_1_112' title="bbox 2195 5473 3783 5561; baseline -0.011 -17"><span class='ocrx_word' id='word_1_826' title='bbox 2195 5492 2289 5544; x_wconf 69' lang='grc' dir='ltr'>καὶ</span> <span class='ocrx_word' id='word_1_827' title='bbox 2346 5489 2445 5561; x_wconf 82' lang='grc' dir='ltr'><strong>τὴν</strong></span> <span class='ocrx_word' id='word_1_828' title='bbox 2503 5486 2736 5559; x_wconf 80' lang='grc' dir='ltr'>ἐσχάτην</span> <span class='ocrx_word' id='word_1_829' title='bbox 2781 5485 3055 5553; x_wconf 86' lang='grc' dir='ltr'>ἀπόφασιν</span> <span class='ocrx_word' id='word_1_830' title='bbox 3109 5484 3138 5534; x_wconf 81' lang='grc' dir='ltr'><strong>ό</strong></span> <span class='ocrx_word' id='word_1_831' title='bbox 3181 5480 3335 5548; x_wconf 87' lang='grc' dir='ltr'>λόγος</span> <span class='ocrx_word' id='word_1_832' title='bbox 3389 5473 3783 5549; x_wconf 75' lang='grc' dir='ltr'>προκηρύττει,</span> 
     </span>
    </p>
   </div>
   <div class='ocr_carea' id='block_1_113' title="bbox 2196 5565 3787 5654">
    <p class='ocr_par' dir='ltr' id='par_1_113' title="bbox 2196 5565 3787 5654">
     <span class='ocr_line' id='line_1_113' title="bbox 2196 5565 3787 5654; baseline -0.012 -19"><span class='ocrx_word' id='word_1_833' title='bbox 2196 5582 2392 5654; x_wconf 87' lang='grc' dir='ltr'>θρῆνον</span> <span class='ocrx_word' id='word_1_834' title='bbox 2425 5581 2690 5649; x_wconf 79' lang='grc' dir='ltr'>ἐπιλέγων</span> <span class='ocrx_word' id='word_1_835' title='bbox 2706 5576 2800 5631; x_wconf 83' lang='grc' dir='ltr'><strong>τοῦ</strong></span> <span class='ocrx_word' id='word_1_836' title='bbox 2833 5574 3103 5630; x_wconf 83' lang='grc' dir='ltr'>Ἰουδαίων</span> <span class='ocrx_word' id='word_1_837' title='bbox 3118 5574 3325 5636; x_wconf 75' lang='grc' dir='ltr'>ἔθνους,</span> <span class='ocrx_word' id='word_1_838' title='bbox 3355 5570 3447 5625; x_wconf 89' lang='grc' dir='ltr'><strong>τὸν</strong></span> <span class='ocrx_word' id='word_1_839' title='bbox 3468 5568 3561 5623; x_wconf 74' lang='grc' dir='ltr'><strong>καὶ</strong></span> <span class='ocrx_word' id='word_1_840' title='bbox 3593 5565 3787 5639; x_wconf 73' lang='grc' dir='ltr'>μετελ-</span> 
     </span>
    </p>
   </div>
   <div class='ocr_carea' id='block_1_114' title="bbox 2196 5656 3785 5740">
    <p class='ocr_par' dir='ltr' id='par_1_114' title="bbox 2196 5656 3785 5740">
     <span class='ocr_line' id='line_1_114' title="bbox 2196 5656 3785 5740; baseline -0.006 -17"><span class='ocrx_word' id='word_1_841' title='bbox 2196 5670 2356 5723; x_wconf 86' lang='grc' dir='ltr'>θόντα</span> <span class='ocrx_word' id='word_1_842' title='bbox 2400 5669 2597 5733; x_wconf 80' lang='grc' dir='ltr'>αὐτοὺς</span> <span class='ocrx_word' id='word_1_843' title='bbox 2662 5667 2974 5740; x_wconf 81' lang='grc' dir='ltr'>παραυτίκα</span> <span class='ocrx_word' id='word_1_844' title='bbox 3042 5663 3179 5737; x_wconf 80' lang='grc' dir='ltr'><strong>μετά</strong></span> <span class='ocrx_word' id='word_1_845' title='bbox 3203 5664 3303 5735; x_wconf 76' lang='grc' dir='ltr'><strong>τὴν</strong></span> <span class='ocrx_word' id='word_1_846' title='bbox 3366 5659 3511 5717; x_wconf 71' lang='grc' dir='ltr'>κατὰ</span> <span class='ocrx_word' id='word_1_847' title='bbox 3538 5657 3632 5713; x_wconf 84' lang='grc' dir='ltr'><strong>τοῦ</strong></span> <span class='ocrx_word' id='word_1_848' title='bbox 3667 5656 3785 5714; x_wconf 81' lang='grc' dir='ltr'><strong>Σω-</strong></span> 
     </span>
    </p>
   </div>
   <div class='ocr_carea' id='block_1_115' title="bbox 577 5823 2069 5897">
    <p class='ocr_par' dir='ltr' id='par_1_115' title="bbox 577 5823 2035 5897">
     <span class='ocr_line' id='line_1_115' title="bbox 577 5823 2035 5897; baseline 0.001 -16"><span class='ocrx_word' id='word_1_849' title='bbox 577 5825 624 5858; x_wconf 81' lang='lat'><em>&quot;</em></span> <span class='ocrx_word' id='word_1_850' title='bbox 654 5823 797 5883; x_wconf 87' lang='lat' dir='ltr'><strong>Psal.</strong></span> <span class='ocrx_word' id='word_1_851' title='bbox 822 5840 1003 5897; x_wconf 70' lang='lat' dir='ltr'><strong>cxxxi,</strong></span> <span class='ocrx_word' id='word_1_852' title='bbox 1039 5829 1153 5885; x_wconf 77' lang='lat'><strong>5-5.</strong></span> <span class='ocrx_word' id='word_1_853' title='bbox 1233 5832 1277 5863; x_wconf 73' lang='grc'><strong>⁸⁸</strong></span> <span class='ocrx_word' id='word_1_854' title='bbox 1309 5832 1441 5888; x_wconf 86' lang='lat' dir='ltr'><strong>ibid.</strong></span> <span class='ocrx_word' id='word_1_855' title='bbox 1474 5831 1527 5893; x_wconf 77' lang='lat'><strong>6.</strong></span> <span class='ocrx_word' id='word_1_856' title='bbox 1568 5831 1616 5886; x_wconf 91' lang='lat'><strong>7.</strong></span> <span class='ocrx_word' id='word_1_857' title='bbox 1690 5831 1734 5863; x_wconf 66' lang='grc' dir='ltr'><strong>’θ</strong></span> <span class='ocrx_word' id='word_1_858' title='bbox 1760 5831 1925 5888; x_wconf 82' lang='lat' dir='ltr'><strong>Amos</strong></span> <span class='ocrx_word' id='word_1_859' title='bbox 1961 5845 2035 5897; x_wconf 80' lang='lat' dir='ltr'><strong>tv,</strong></span> 
     </span>
    </p>
   </div>
   <div class='ocr_carea' id='block_1_116' title="bbox 2175 5823 2533 5897">
    <p class='ocr_par' dir='ltr' id='par_1_116' title="bbox 2200 5826 2533 5893">
     <span class='ocr_line' id='line_1_116' title="bbox 2200 5826 2533 5893; baseline 0 -12"><span class='ocrx_word' id='word_1_860' title='bbox 2200 5828 2288 5892; x_wconf 81' lang='lat' dir='ltr'><strong>l5;</strong></span> <span class='ocrx_word' id='word_1_861' title='bbox 2326 5844 2375 5893; x_wconf 78' lang='grc' dir='ltr'>γ,</span> <span class='ocrx_word' id='word_1_862' title='bbox 2414 5826 2533 5889; x_wconf 53' lang='grc' dir='ltr'><strong>με.</strong></span> 
     </span>
    </p>
   </div>
  </div>
