4126 6420
410 358 519 421 517

1322 354 1993 438 umoris-marrow
2029 382 2494 446 EVANGELICIE
2533 391 2664 448 LIB.
2696 391 2788 448 ιν.

3571 406 3675 460 518

413 477 582 576 τῆθος
626 481 783 554 ἡμῶν
847 485 1020 558 Ἰησοῦ
1062 487 1157 542 τοῦ
1210 491 1447 563 Χριστοῦ
1509 494 1846 552 δυσσέϐειαν.
1905 498 1980 562 Ἐξ

2095 499 2284 558 Jesum
2315 503 2600 563 Christum
2649 510 2862 564 scelus.
2885 507 2964 564 Ex
2998 511 3094 567 illo
3125 512 3270 567 enim
3302 515 3385 570 vel
3422 516 3492 572 ad
3530 517 3675 576 hunc

413 573 625 629 ἐκείνου
653 576 761 649 γὰρ
807 578 1021 650 ἀληθῶς
1060 582 1154 636 καὶ
1174 585 1273 649 ἐίς
1317 586 1477 659 δεῦρο
1513 588 1543 640 6
1591 584 1736 653 οἶκος
1779 591 1993 663 Ἰσραὴλ

412 665 722 734 πέπτωκεν,
745 670 869 742 ὄρος
896 688 956 723 τε
979 671 1125 739 ἅπαξ
1171 675 1276 729 ὑπὸ
1308 678 1403 731 τοῦ
1428 678 1563 733 Θεοῦ
1596 680 1688 734 καὶ
1719 681 1995 751 ἀπόφασις

412 757 758 829 ἐξενήνεκται
800 763 929 835 περὶ
970 765 1067 819 τοῦ
1113 769 1370 834 πεσόντος
1404 771 1584 825 αὐτῶν
1616 773 1765 827 οἴκου
1808 774 1902 828 τοῦ
1933 778 1992 830 ἐν

425 845 797 923 Ἰερουσαλὴμ,
828 853 922 906 καὶ
951 856 1092 910 κατὰ
1134 859 1335 924 παντὸς
1372 861 1552 915 αὐτῶν
1588 864 1681 917 τοῦ
1716 865 1992 937 συστήμα-

409 956 525 1005 τος,
555 942 630 1007 ὼς
666 945 855 1014 μηκέτ’
887 945 954 1000 ἂν
1002 949 1475 1021 ἀναστησομένων,
1506 953 1585 1026 τῷ
1620 956 1755 1026 μηδὲ
1798 960 1993 1031 παρεῖ-

409 1051 499 1091 ναι
530 1037 623 1090 τὸν
651 1039 952 1094 ἀνιστῶντα
979 1043 1195 1108 αὐτούς.
1224 1064 1244 1098 ι
1280 1047 1394 1100 Οὐκ
1424 1046 1539 1103 ἔστι
1575 1068 1594 1101 ι
1622 1048 1771 1119 γοῦν,
1804 1054 1988 1124 φησιν,

417 1142 439 1178 ι
463 1126 492 1179 6
526 1128 758 1183 ἀνιστῶν
774 1130 965 1203 αὐτήν.
1001 1151 1019 1184 ι
1057 1133 1211 1188 Ἐπεὶ
1242 1134 1352 1207 γὰρ
1377 1136 1599 1193 ἐλθόντα
1630 1140 1720 1195 τὸν
1754 1142 1990 1214 Χριστὸν

414 1215 505 1271 τοῦ
530 1217 664 1272 Θεοῦ
689 1220 749 1273 οὐ
780 1223 1144 1293 προσήκαντο,
1174 1226 1397 1292 εἰκότως
1428 1230 1625 1294 αὐτοὺς
1656 1232 1985 1300 καταλιπὼν,

411 1312 503 1368 ἐπὶ
549 1312 725 1366 πάντα
774 1317 1003 1386 μετέστη
1050 1312 1116 1371 τὰ
1169 1316 1318 1390 ἔθνη,
1350 1320 1411 1374 τὸ
1454 1320 1625 1379 αἴτιον
1666 1325 1767 1396 τῆς
1820 1343 1987 1397 μετα-

410 1403 670 1469 πτώσεως
703 1405 940 1473 διδάξας,
973 1407 1039 1461 δι’
1069 1400 1142 1463 ὧν
1167 1411 1667 1486 ἀποκλαυσάμενος,
1710 1419 1990 1490 μονονουχὶ

406 1496 789 1569 ἀπελογήσατο
838 1498 1039 1554 εἰπών’
1077 1520 1096 1553 ι
1145 1504 1516 1578 Ἰερουσαλὴμ,
1566 1509 1917 1584 Ἰερουσαλὴμ
1952 1515 1985 1585 ἡ

408 1589 801 1645 ἀποκτείνουσα
840 1594 967 1657 τοὺς
1007 1597 1290 1668 προφήτας
1340 1599 1433 1652 καὶ
1474 1599 1821 1658 λιθοϐολοῦσα
1864 1607 1988 1670 τοὺς

407 1682 849 1753 ἀπεσταλμένους
878 1685 1016 1758 πρὸς
1050 1689 1282 1761 σαυτήν·
1317 1691 1579 1759 πολλάκις
1604 1694 1713 1769 γὰρ
1746 1697 1988 1769 ἠθέλησα

2097 610 2273 666 usque
2300 596 2442 654 diem
2472 600 2669 659 domus
2698 601 2865 660 Israel
2888 606 3106 671 cecidit,
3133 614 3188 663 et
3207 607 3473 664 visionem
3507 615 3677 669 semel

2096 686 2239 744 Deus
2271 703 2336 744 ac
2365 690 2836 752 denuntiationem
2866 698 3116 768 protulit,
3147 698 3216 755 de
3237 714 3437 755 casura
3456 701 3673 757 illorum

2095 779 2262 835 domo
2319 783 2375 836 in
2408 781 2737 852 Jerusalem,
2765 788 3032 845 adversus
3054 805 3270 847 omnem
3289 792 3507 847 illorum
3532 797 3676 849 mulc

2094 873 2406 939 titudinem,
2440 875 2606 931 veluti
2638 892 2827 932 eorum
2860 881 2953 950 qui
2983 897 3091 936 non
3146 884 3382 953 amplius
3430 883 3677 957 erigendi

2096 966 2229 1031 sint,
2262 981 2330 1022 eo
2358 967 2505 1038 quod
2535 984 2647 1024 non
2678 969 2842 1037 adsit,
2875 973 2970 1042 qui
3002 974 3070 1028 ad
3099 974 3222 1030 illos
3255 977 3428 1046 erigat
3455 995 3470 1032 :
3507 996 3526 1028 ι
3564 992 3676 1032 non

2092 1068 2199 1127 est,
2224 1060 2424 1132 inquit,
2453 1062 2549 1133 qui
2578 1063 2752 1134 erigat
2779 1079 2921 1119 eam.
2954 1084 2975 1117 ι
3019 1064 3320 1137 Postquam
3350 1069 3497 1124 enim
3517 1068 3676 1124 Chri-

2095 1162 2263 1217 stum,
2296 1156 2388 1225 qui
2421 1156 2486 1209 ad
2519 1155 2640 1211 illos
2666 1164 2910 1221 venerat,
2935 1171 3044 1212 non
3068 1169 3449 1229 susceperunt,
3479 1162 3675 1217 merito

2093 1245 2219 1300 illos
2242 1256 2297 1300 et
2321 1244 2584 1310 deseruit,
2625 1251 2680 1300 et
2724 1246 2781 1300 in
2813 1261 3005 1302 omnes
3061 1251 3345 1304 transtulit
3396 1252 3670 1316 nationes,

2093 1336 2365 1407 quietiam
2399 1347 2513 1392 tum
2563 1338 2718 1409 prius
2752 1340 2929 1395 ruinae
2968 1355 3193 1397 causam
3250 1343 3372 1397 illos
3431 1344 3670 1409 edocuit,

2092 1430 2183 1485 ubi
2221 1446 2390 1501 prope
2420 1446 2544 1487 cum
2579 1432 2972 1489 lamentatione
3001 1448 3061 1489 se
3103 1436 3408 1502 excusavit,
3436 1437 3625 1525 dicens
3653 1455 3668 1492 :

2099 1540 2119 1574 ι
2155 1520 2486 1586 Jerusalem,
2517 1521 2844 1589 Jerusalem,
2898 1540 3022 1593 quae
3082 1525 3292 1581 occidis
3348 1520 3669 1597 prophetas,

2093 1622 2146 1668 et
2167 1612 2379 1684 lapidas
2410 1627 2507 1669 eos
2536 1614 2629 1683 qui
2651 1613 2720 1669 ad
2747 1621 2802 1669 te
2837 1615 3170 1681 missisunt,
3197 1632 3339 1687 suape
3369 1619 3514 1672 volui
3541 1634 3676 1673 con-

2094 1722 2323 1779 gregare
2349 1706 2492 1762 ﬁlios
2521 1713 2646 1763 tuos
2675 1706 2951 1777 quomodo
2972 1709 3175 1780 gallina
3207 1710 3385 1780 pullos
3414 1725 3546 1765 suos
3570 1711 3675 1765 sub

407 1775 729 1843 ἐπισυνάξαι
752 1776 820 1831 τὰ
850 1778 1013 1834 τέκνα
1043 1798 1159 1846 σου,
1186 1782 1246 1836 ὃν
1283 1784 1484 1856 τρόπον
1516 1786 1664 1859 ὅρνις
1705 1789 1774 1843 τὰ
1799 1790 1980 1846 νοσσία

2098 1801 2236 1863 alas,
2268 1807 2323 1855 et
2352 1798 2613 1854 noluistis
2649 1815 2661 1851 :
2692 1814 2825 1856 ecce
2867 1801 3197 1871 relinquitur
3252 1803 3448 1858 domus
3490 1808 3674 1859 vestra

407 1866 578 1938 αὐτῆς
606 1868 712 1922 ὑπὸ
758 1868 856 1934 τὰς
895 1872 1189 1947 πτέρυγας,
1230 1877 1323 1930 καὶ
1371 1879 1473 1932 οὐκ
1508 1878 1839 1953 ἠθελήσατεο
1880 1883 1991 1938 ἰδοὺ
2022 1859 2064 1914 Β
2092 1859 2311 1949 deserta
2338 1893 2401 1947 ‘°.

405 1956 624 2026 ἀφίεται
655 1960 786 2031 ὑμῖν
817 1962 846 2014 6
881 1959 1029 2029 οἶκος
1060 1964 1213 2037 ὑμῶν
1243 1966 1471 2041 ἔρημος.
1511 1988 1531 2022 ›

417 2088 552 2176 Ἀίερ
594 2092 701 2176 τοῦ
746 2094 1090 2176 Ἀμϐίικοὺμ.
1125 2103 1491 2176 -1Χριστὸς
1537 2106 1825 2176 ὀνομαστὶ
1869 2110 1989 2163 ὑπὸ

470 2164 694 2245 {fug-lay
717 2164 826 2220 τοῦ
854 2164 1082 2245 Πατρός
1118 2164 1582 2241 σωζόμενοςνιαὶ
1620 2164 1819 2238 ὁ-ώζων
1847 2180 1990 2245 τοὺς

471 2232 689 2289 ἑαυτοῦ
719 2232 1022 2305 χριστούξς.

480 2361 499 2395 ι
549 2343 801 2416 Ἐξῆλθες
825 2348 906 2411 εὶς
931 2349 1205 2421 σωτηρίαν
1233 2350 1364 2405 λαοῦ
1395 2369 1512 2420 σου,
1536 2357 1630 2410 τοῦ
1662 2357 1833 2414 σῶσαι
1861 2361 1989 2426 τοὺς

404 2435 659 2505 χριστούς
680 2452 803 2490 σου·
836 2437 1027 2502 ἔϐαλες
1055 2441 1134 2503 εἰς
1160 2440 1405 2510 κεφαλὰς
1430 2445 1647 2516 ἀνόμων
1675 2448 1919 2503 θάνατον.
1962 2468 1981 2502 ι

415 2524 646 2591 Ἀκύλας
692 2529 713 2581 i
763 2529 1017 2601 Ἐξῆλθες
1044 2533 1124 2596 είς
1170 2534 1444 2607 σωτηρίαν
1478 2535 1607 2590 λαοῦ
1643 2557 1756 2605 σου,
1783 2543 1863 2605 εἰς
1884 2558 1988 2595 σω-

402 2617 599 2689 τηρίαν
628 2619 758 2674 λαοῦ
793 2639 887 2676 σου
923 2625 1020 2678 σὺν
1046 2626 1269 2697 Χριστῷ
1302 2644 1416 2683 σου.
1451 2649 1471 2682 ι
1518 2632 1733 2705 Ἐπειδὴ
1768 2636 1796 2684 6
1828 2636 1985 2689 ’Axd-

398 2705 500 2771 λας
532 2711 655 2764 ἀντὶ
681 2711 776 2765 τοῦ
805 2712 1166 2785 πληθυντικοῦ
1201 2718 1395 2783 ἑνικῶς
1436 2720 1687 2788 ἐξέδωκε,
1720 2726 1816 2779 σὺν
1845 2727 1984 2798 Χρι-

397 2798 511 2871 στῷ
571 2801 770 2872 φήσας,
806 2803 905 2874 τὴν
940 2808 1215 2879 σωτηρίαν
1244 2809 1321 2880 τῷ
1368 2809 1481 2881 λαῷ
1515 2815 1844 2885 πεποιῆσθαι
1891 2819 1985 2874 τὸν

395 2888 505 2943 τῶν
527 2891 663 2946 ὅλων
688 2892 819 2950 Θεόν
838 2911 852 2925 ο
885 2898 1109 2964 είκότως
1156 2901 1508 2974 παρεθέμεθα
1552 2905 1649 2978 τὴν
1697 2907 1864 2977 λέξιν,
1889 2929 1986 2966 σα-

396 2982 514 3052 φῶς
541 2984 619 3056 τῷ
652 2987 994 3060 προϐλήματι
1040 2995 1471 3067 παρισταμένην.
1507 2993 1634 3052 Εἶεν
1657 2999 1716 3054 δὲ
1744 3000 1811 3056 ἂν
1842 3004 1984 3059 κατὰ

395 3077 494 3150 τὴν
514 3078 623 3133 τῶν
650 3079 1050 3156 Ἐϐδομήκοντα
1076 3087 1369 3160 ἑρμηνείαν
1402 3091 1620 3158 πλείους
1646 3095 1696 3147 οἱ
1726 3094 1785 3163 ἐξ
1816 3097 1980 3152 αὐτοῦ

2090 2124 2169 2179 Ab
2202 2123 2514 2179 Ambacum.
2536 2152 2607 2163 -
2630 2123 2870 2179 Christus
2890 2124 3202 2179 nominatim
3221 2143 3252 2178 a
3268 2124 3492 2181 Domino
3515 2125 3673 2181 Patre

2392 2203 2655 2261 servatur,
2688 2204 2737 2250 et
2766 2195 2991 2250 christos
3021 2212 3145 2251 suos
3179 2207 3371 2250 servat.

2167 2388 2186 2422 ι
2225 2367 2495 2442 Egressus
2526 2386 2586 2427 es
2617 2371 2673 2427 in
2698 2372 2930 2428 salutem
2958 2371 3146 2443 populi
3186 2371 3286 2439 tui,
3319 2377 3378 2424 ut
3404 2386 3657 2426 servares

2088 2463 2328 2520 christos
2343 2471 2467 2519 tuos
2487 2463 2698 2535 :jecisti
2715 2467 2770 2519 in
2784 2465 2963 2535 capita
2978 2464 3291 2534 iniquorum
3315 2470 3546 2517 mortem
3564 2463 3631 2515 εί.
3645 2483 3666 2514 ι

2085 2558 2282 2628 Aquila
2301 2575 2346 2611 ιι
2368 2556 2632 2627 Egressus
2647 2572 2707 2613 es
2721 2556 2777 2611 in
2799 2557 3027 2613 salutem
3047 2556 3232 2626 populi
3246 2554 3349 2621 tui,
3370 2555 3424 2608 in
3440 2553 3672 2610 salutem

2086 2657 2234 2704 tuam
2252 2664 2375 2704 cum
2393 2647 2610 2705 Christo
2626 2657 2742 2708 tuo.
2756 2647 3052 2715 sQuoniam
3074 2647 3267 2718 Aquila
3286 2648 3338 2703 in
3353 2647 3546 2718 plurali
3562 2645 3675 2707 edi-

2085 2742 2164 2798 dit
2184 2741 2462 2811 singulare
2476 2742 2696 2811 quippe,
2713 2741 2806 2812 qui
2834 2756 2959 2796 cum
2980 2740 3199 2796 Christo
3215 2739 3412 2795 dixerit
3439 2738 3669 2795 salutem

2084 2834 2286 2905 populo
2310 2832 2506 2889 fecisse
2528 2833 2697 2888 Deum
2733 2833 2998 2897 universi,
3035 2834 3161 2903 jure
3194 2832 3314 2903 ipsa
3343 2832 3509 2887 verba
3567 2845 3666 2901 ap-

2086 2927 2395 2998 posuimus,
2424 2941 2546 2998 quae
2561 2927 2871 2997 perspicue,
2902 2927 3048 2996 quod
3071 2927 3160 2981 hic
3191 2927 3533 2996 propositum
3561 2938 3666 2988 est,

2084 3027 2328 3075 tuentur.
2361 3018 2538 3073 Erunt
2570 3026 2753 3074 autem
2825 3034 2892 3074 ex
2926 3016 3375 3089 interpretatione
3422 3019 3669 3088 ipsorum

2084 3107 2229 3162 LXX
2263 3109 2451 3179 plures
2475 3108 2544 3163 ab
2573 3108 2668 3164 illo
2700 3116 2755 3163 et
2784 3123 2882 3179 per
2913 3108 3091 3176 illum,
3117 3108 3212 3179 qui
3242 3109 3438 3164 christ:
3480 3109 3668 3179 appel-

394 3172 489 3225 καὶ
519 3173 776 3271 δι’-αῦτδν
817 3179 1031 3249 χριστοὶ
1072 3183 1522 3254 χρηματίζοντες,
1557 3188 1686 3258 περὶ
1727 3182 1803 3244 ὧν
1831 3189 1980 3262 εἴρη-

2088 3172 2291 3265 lentur,
2350 3199 2419 3255 de
2454 3201 2658 3271 quibus
2708 3172 2913 3256 dictum
2971 3208 3057 3256 est
3078 3172 3101 3255 ⁷ε
3132 3172 3177 3251 ἰ
3216 3197 3396 3254 Nolite
3445 3172 3669 3270 tangere

392 3277 510 3316 ται·
549 3282 568 3315 ι
596 3264 687 3337 Μή
710 3265 919 3338 ἆψησθε
944 3268 1054 3323 τῶν
1077 3272 1313 3343 χριστῶν
1346 3292 1470 3346 μου,
1500 3277 1593 3331 καὶ¹
1618 3280 1675 3331 ὲν
1703 3282 1815 3345 τοῖς
1849 3297 1982 3354 προ-

394 3357 592 3426 φήταις
623 3374 722 3427 μου
757 3358 832 3431 μὴ
862 3363 1246 3448 πονηρεύεσθε,
1290 3384 1309 3417 ι
1340 3366 1477 3420 οἵτε
1510 3368 1590 3431 είς
1631 3369 1799 3424 αὐτὸν
1819 3387 1982 3425 πεπι-

394 3449 699 3515 στευκότες,
727 3451 819 3505 καὶ
844 3450 937 3506 τοῦ
973 3453 1128 3523 ἁγίου
1155 3456 1255 3527 τῆς
1280 3457 1339 3511 ἐν
1363 3457 1441 3531 τῷ
1469 3459 1691 3532 Χριστῷ
1727 3461 1983 3532 παλιγγε-

391 3539 576 3605 νεσίας
603 3542 904 3615 χρῖσματυς
935 3546 1351 3620 κατηξιωμένοι,
1376 3552 1471 3606 καὶ
1490 3552 1779 3625 δυνάμενοι
1800 3554 1980 3624 λέγειν

391 3633 592 3705 ὁμοίως
625 3633 705 3706 τῷ
744 3635 876 3709 ἱερῷ
906 3638 1220 3712 ἁποστόλῳ·
1261 3659 1283 3694 ι
1321 3642 1553 3715 Μέτοχοι
1594 3645 1688 3700 τοῦ
1741 3647 1979 3719 Χριστοῦ

392 3726 716 3799 γεγόναμεν.
762 3748 782 3782 ι

404 3863 554 3943 Ἀπὸ·
581 3863 710 3943 τῶν.
735 3865 1007 3943 Ἱερεμίου
1043 3867 1309 3943 Θρήνῳν.
1332 3870 1723 3943 ᾼ-ᾲΧριστὸς
1760 3873 1978 3943 ὀνομα-

458 3934 558 4012 ςζὶ
595 3934 718 4012 ὑπό
761 3934 1058 4012 Ἰουίδαίωτξ
1082 3934 1656 4012 ἐπιϐουλευόμενος,
1697 3934 1805 3997 καὶ
1854 3934 1979 4012 ἰοῖς

457 4005 661 4061 ἔθνεσι
692 4005 1259 4078 ἐπιγινωσκόμενος.

461 4134 481 4165 ι
524 4112 748 4186 Πνεῦμα
780 4112 1072 4188 προσώπου
1119 4117 1276 4191 ήμῶν
1321 4120 1556 4193 Χριστὸς
1605 4119 1809 4196 Κύριος
1855 4141 1982 4179 συν.

387 4204 594 4277 ελήφθη
628 4207 687 4260 ἐν
716 4208 839 4271 ταῖς
892 4207 1211 4282 διαφθοραῖς
1256 4211 1435 4283 ήμῶν,
1465 4203 1527 4266 οὗ
1581 4213 1846 4287 εἴπαμενο
1890 4217 1978 4271 Ἐν

387 4297 452 4366 τῇ
484 4298 614 4368 σκιᾷ
645 4295 812 4351 αὐτοῦ
846 4295 1126 4371 ζησόμεθα
1157 4303 1216 4356 ἐν
1237 4305 1353 4367 τοῖς
1378 4301 1607 4359 ἔθνεσιν.
1638 4324 1657 4357 ›
1684 4307 1749 4361 Οἱ
1784 4306 1979 4362 θεσπέ-

389 4403 493 4442 σιοι
540 4389 635 4442 τοῦ
679 4389 815 4444 Θεοῦ
868 4392 1165 4465 προφῆται,
1206 4393 1270 4448 τὸ
1313 4395 1504 4466 μέλλον
1537 4396 1667 4471 θείῳ
1697 4400 1976 4473 Πνεύματι

388 4480 743 4552 συνορῶντες,
779 4482 1038 4554 ζήσεσθαι
1070 4485 1171 4556 μὲν
1212 4486 1437 4553 ἑαυτοὺς
1473 4491 1568 4544 καὶ
1598 4492 1725 4556 τοὺς
1762 4494 1972 4549 ἑαυτῶν

385 4570 595 4642 λόγους,
644 4573 721 4639 ὡς
747 4572 812 4629 ἂν
853 4573 1071 4638 ζώντων
1117 4579 1432 4652 ἐνεργήσειν
1476 4581 1534 4636 ὲν
1572 4586 1686 4648 τοῖς
1729 4584 1969 4652 ἔθνεσιν,
2004 4564 2048 4620 D

385 4665 498 4722 ἀλλ’
531 4667 632 4721 οὐκ
657 4669 715 4724 ἐν
740 4666 820 4739 τῷ
834 4668 1073 4741 Ἰσραὴλ,
1099 4669 1403 4737 ἐθέσπιζον.
1430 4675 1534 4730 Τὸν
1553 4678 1788 4751 Χριστὸν
1808 4680 1970 4735 πάλιν

382 4760 662 4832 ὀνομαστὶ,
691 4761 769 4826 ὠς
802 4761 869 4817 ἂν
913 4762 1076 4817 αὐτὸν
1105 4762 1198 4817 τὸν
1234 4766 1492 4837 Χριστὸν,
1522 4772 1653 4843 παρ’
1695 4764 1756 4826 οὗ
1788 4774 1882 4828 καὶ
1909 4774 1971 4828 τὸ

382 4853 716 4925 προφητικὸν
749 4855 935 4920 αὐτοῖς
967 4859 1305 4931 κεχορήγητο
1331 4860 1568 4931 πνεῦμα,
1600 4862 1971 4938 συλληφθήσε-

383 4945 504 5000 σθαι
535 4945 772 5017 ἔφασκον
817 4948 877 5002 ἐν
912 4951 1034 5013 ταῖς
1083 4949 1400 5022 διαφθοραῖς
1442 4953 1643 5010 αὐτῶν.
1686 4954 1895 5024 Τίνων;
1928 4952 1964 5030 ἦ

377 5037 536 5110 δῆλον
577 5039 659 5092 ὅτι
704 5038 814 5092 τῶν
847 5042 911 5093 ὲκ
956 5043 1258 5114 περιτομῆς
1298 5045 1754 5102 ἐπιϐουλευόντων
1793 5049 1959 5122 αὐτῷ.

378 5131 547 5204 Τήρει
579 5130 639 5185 δὲ
672 5132 969 5201 κάνταῦθα,
1004 5137 1152 5202 ὅπως
1191 5140 1219 5188 ὁ
1242 5138 1398 5210 λόγος
1425 5139 1517 5193 τὸν
1548 5140 1785 5212 Χριστὸν
1827 5159 1962 5214 προ-

378 5218 632 5293 αγορεύει
668 5221 1158 5297 συλληφθήσεσθαι,
1190 5228 1328 5302 ἃπερ
1345 5232 1447 5285 οὐκ
1471 5230 1539 5285 ἂν
1562 5230 1862 5304 ὲφαρμόζοι
1894 5237 1961 5306 τῇ

377 5312 610 5387 δευτέρᾳ
647 5313 743 5369 τοῦ
784 5316 1022 5389 Χριστοῦ
1075 5323 1366 5396 παρουσίᾳ,
1393 5325 1461 5395 ἣν
1496 5324 1705 5390 ἔνδοξον
1745 5325 1963 5382 ἔσεσθαι

378 5406 472 5461 καὶ
516 5407 655 5479 μετὰ
695 5407 970 5479 βασιλείας
1007 5410 1192 5467 ἐνθέου
1233 5415 1702 5488 προκηρύττουσιν
1747 5420 1796 5472 οἱ
1830 5437 1965 5493 προ-

377 5500 597 5571 φητικοὶ
623 5500 793 5571 λόγοι.
827 5503 1029 5577 Διόπερ
1060 5506 1207 5565 εἰκὸς
1233 5507 1360 5570 τοὺς
1391 5510 1456 5562 ἐκ
1483 5511 1787 5582 περιτομῆς
1828 5513 1964 5566 ἀπο.

380 5589 726 5656 σφάλλεσθαι,
754 5592 823 5646 τὰ
855 5594 983 5666 περὶ
1019 5594 1120 5665 τῆς
1142 5596 1399 5669 δευτέρας
1428 5599 1746 5667 ἐπιφανείας
1774 5600 1958 5669 αὑτοῦ,

377 5676 455 5743 ὡς
503 5681 595 5735 ἐπὶ
648 5682 874 5756 πρώτης
931 5684 1166 5756 ἀφίξεως
1225 5687 1686 5759 «ε’-λαμϐάνοντας,
1712 5691 1959 5764 οὐδαμῶς

2084 3291 2328 3349 christos
2379 3308 2561 3356 meos,
2591 3300 2647 3348 et
2678 3292 2736 3347 in
2769 3291 3054 3363 pmphetis
3106 3292 3244 3347 meis
3280 3292 3450 3347 nolite
3503 3290 3666 3345 mali—

2081 3383 2241 3455 gnari
2264 3383 2310 3415 ⁶¹
2347 3402 2361 3439 :
2401 3401 2421 3435 ι
2450 3384 2543 3454 qui
2585 3383 2804 3454 quidem
2828 3390 2884 3438 et
2924 3383 2983 3437 in
3019 3382 3172 3437 illum
3205 3381 3579 3445 crediderunt,
3610 3388 3667 3436 et

2082 3484 2276 3531 sancta
2306 3475 2742 3546 regenerationis
2773 3475 2830 3530 in
2845 3473 3069 3530 Christo
3097 3475 3359 3530 unctione
3390 3474 3543 3546 digni
3574 3473 3669 3527 ha-

2079 3562 2181 3617 biti
2211 3571 2364 3628 sunt,
2397 3570 2452 3618 et
2478 3578 2587 3618 una
2608 3578 2734 3619 cum
2781 3571 2977 3619 sancto
3005 3563 3271 3633 Apostolo
3310 3563 3500 3620 dicere
3536 3577 3668 3633 pos-

2079 3661 2248 3710 sunt:
2280 3672 2299 3706 ι
2329 3653 2630 3726 Participes
2657 3653 2861 3710 Christi
2888 3653 3017 3708 facti
3041 3668 3233 3708 sumus
3263 3653 3327 3708 ⁸³.
3359 3672 3379 3704 ι

2080 3878 2245 3956 190
2275 3876 2600 3956 A_Jerer_nia§
2644 3873 3157 3956 Lamentationibus.
3193 3906 3262 3915 —
3288 3872 3535 3956 Christus
3550 3891 3663 3956 λισ-

2149 3945 2397 4004 minutim
2443 3947 2508 4002 ab
2560 3945 2770 4003 Judaei:
2812 3946 3240 4019 circumvenitur,
3276 3955 3327 3999 et
3359 3961 3391 3998 a
3418 3946 3661 4016 gentibus

2151 4020 2477 4092 agnoscitur.

2155 4150 2175 4184 ι
2214 4131 2456 4203 Spiritus
2486 4131 2672 4188 vultus
2695 4129 2872 4186 nostri
2897 4127 3153 4185 Christus
3188 4127 3473 4193 Dominus,
3506 4142 3661 4183 com-

2078 4225 2385 4297 prehensus
2443 4232 2529 4281 est
2576 4224 2637 4279 in
2683 4220 3134 4293 corruptionibus
3188 4236 3418 4285 eorum,
3451 4219 3519 4276 de
3551 4236 3661 4291 quo

2077 4316 2341 4381 diximus,
2372 4315 2429 4370 in
2458 4316 2653 4370 umbra
2676 4313 2850 4385 ipsius
2881 4312 3129 4368 vivemus
3156 4311 3213 4365 in
3250 4309 3504 4381 gentibus
3525 4307 3589 4364 “.
3635 4327 3655 4360 ι

2076 4405 2446 4462 Admirabiles
2476 4405 2556 4459 illi
2586 4403 2683 4459 Dei
2716 4403 3018 4475 prophetae,
3055 4416 3181 4457 cum
3223 4401 3412 4456 divino
3459 4400 3659 4471 spiritu

2077 4496 2426 4553 intuerentur
2486 4494 2635 4566 quod
2664 4493 2911 4549 futurum
2940 4505 3081 4561 erat,
3136 4492 3382 4549 victuros
3434 4492 3656 4562 quidem

2077 4593 2312 4660 seipsos,
2344 4589 2513 4644 verba
2542 4596 2725 4644 autem
2750 4585 3304 4658 sua,quasiipsorum
3330 4583 3654 4647 viventium,

2077 4694 2189 4734 non
2219 4679 2406 4734 futura
2441 4678 2641 4742 otiosa,
2674 4693 2786 4733 non
2817 4678 2961 4748 apud
2999 4677 3191 4742 Israel,
3227 4675 3321 4731 sed
3345 4674 3491 4745 apud
3523 4689 3658 4744 gen-

2076 4777 2180 4836 tes,
2216 4770 2518 4825 canebant:
2550 4768 2831 4825 Christum
2861 4776 3039 4824 autem
3068 4784 3261 4824 rursus
3305 4765 3653 4828 nominatim,

2075 4863 2235 4934 quasi
2271 4861 2423 4916 illum
2458 4862 2736 4917 Christum
2771 4876 2803 4915 a
2837 4876 2947 4932 quo
2975 4859 3328 4932 propheticus
3356 4857 3491 4928 ipsis
3524 4872 3657 4928 sup-

2075 4953 2413 5025 peditaretur
2440 4952 2690 5024 spiritus,
2723 4949 3295 5023 comprehendendum
3318 4946 3573 5002 dicebant
3598 4947 3654 5001 in

2074 5045 2523 5117 corruptionibus
2568 5046 2836 5117 ipsorum.
2866 5043 3154 5111 Quorum?
3182 5041 3387 5112 Nempe
3430 5039 3654 5095 Iudaeo-

2069 5154 2214 5205 rum,
2244 5140 2339 5211 qui
2396 5139 2549 5194 illum
2606 5128 2822 5195 insidiis
2862 5139 3366 5194 circumvenerunt.
3416 5131 3653 5188 Attende

2071 5245 2202 5286 vero
2246 5230 2338 5286 hic
2379 5246 2618 5303 quoque,
2658 5240 2718 5285 ut
2756 5230 3040 5285 oraculum
3083 5226 3369 5282 Christum
3400 5226 3649 5296 praedicit

2073 5322 2673 5394 comprehendendum,
2709 5322 2853 5393 quod
2880 5336 3012 5376 sane
3039 5318 3248 5376 Christi
3272 5317 3514 5375 secundo
3546 5319 3645 5373 ad-

2071 5416 2259 5472 ventui
2281 5414 2689 5471 accommodari
2715 5430 2825 5469 non
2855 5413 3050 5484 possit,
3080 5428 3242 5484 quem
3276 5412 3575 5484 gloriosum
3596 5417 3652 5465 et

2071 5521 2196 5562 cum
2253 5523 2423 5579 regno
2469 5507 2659 5562 divino
2712 5505 2998 5568 futurum,
3054 5504 3374 5575 prophetica
3426 5503 3650 5559 oracula

2069 5600 2376 5655 cnuntiant.
2440 5599 2789 5669 Quapropter
2833 5612 3060 5653 necesse
3103 5604 3189 5653 est
3229 5595 3449 5654 Judasos
3497 5598 3661 5653 aber—

2072 5708 2218 5759 rare,
2251 5694 2346 5765 qui
2372 5709 2435 5749 ea
2459 5709 2580 5765 quae
2602 5693 2670 5748 ad
2694 5689 2996 5746 secundum
3025 5690 3172 5748 illius
3203 5690 3496 5749 adventum
3524 5704 3646 5762 pero

483 5836 680 5893 “Luc.
727 5843 1056 5910 mum-35.
1135 5845 1175 5878 σι
1202 5843 1408 5901 llabac.
1444 5860 1530 5911 ιιι,
1572 5846 1650 5902 l5.
1733 5847 1980 5907 "Psalu

2083 5851 2198 5908 .15.
2279 5848 2509 5906 "Hebr.
2545 5865 2627 5919 ιιι,
2666 5847 2750 5903 Η.
2831 5844 3098 5906 “Thren.
3144 5864 3217 5917 iv,
3245 5846 3337 5904 20.
