4126 6438
506 386 613 442 319

1140 385 1410 443 EL’SEBII
1442 381 1929 440 CESARl-ENSIS
1967 379 2120 438 OPP.
2154 377 2354 436 PARS.
2396 380 2462 435 11.
2485 408 2556 419 --
2577 375 3079 434 APOLOCETICA.

3659 379 3773 435 530

505 506 686 559 tinent
710 505 868 577 quasi
902 505 971 560 de
1005 503 1185 575 primo
1214 504 1393 558 solent
1422 500 1691 571 accipere,
1721 515 1847 554 cum
1873 499 1927 555 id
1945 516 2061 556 nus

2178 496 2335 553 τοῦτο
2364 496 2770 570 συγχωροῦντος
2796 494 2891 549 τοῦ
2928 495 3106 564 λόγου,
3146 495 3267 548 ἐπεὶ
3302 496 3385 567 μὴ’
3401 490 3513 551 οἷόν
3533 496 3595 551 τέ
3622 498 3770 555 ἐστιν

502 611 668 667 quam
694 599 831 651 ratio
861 595 1127 651 concedat
1155 613 1169 648 :
1208 595 1411 665 quippe
1436 608 1563 648 cum
1591 592 1707 647 ﬁeri
1730 592 1884 646 nullo
1914 591 2077 647 modo

501 689 699 758 possit,
733 696 792 742 ut
821 696 874 744 et
906 688 1111 756 pariter
1157 695 1212 742 et
1257 686 1560 741 secundum
1606 684 1774 749 idem,
1816 685 1970 738 illum
2022 691 2080 739 et

501 780 800 850 gloriosum
836 786 890 832 et
924 779 1200 847 abjectum
1242 778 1513 851 ﬁngamus
1562 796 1576 832 :
1634 786 1898 849 praeterea
1951 793 2077 833 cum

500 871 709 925 honore
743 878 796 924 et
826 885 1013 941 regno,
1048 881 1101 926 et
1130 879 1325 925 contra
1380 885 1491 925 non
1547 870 1841 926 habentem
1898 884 2079 939 neque

500 963 737 1030 speciem
772 977 948 1032 neque
994 961 1185 1028 decus,
1235 964 1329 1018 sed
1366 970 1741 1033 contemptum
1791 977 1903 1032 prae
1949 960 2077 1015 ﬁliis

500 1056 783 1109 hominum
822 1074 835 1109 :
864 1071 1057 1112 rursus
1090 1055 1432 1111 Salvatorcm
1456 1064 1512 1111 et
1541 1054 1963 1127 Redemptorem
1996 1053 2078 1109 ls-

499 1145 632 1208 rael,
662 1153 716 1199 et
747 1157 937 1200 contra
966 1147 1397 1201 circumventum
1426 1147 1496 1201 ab
1522 1147 1653 1210 illis,
1675 1153 1729 1201 et
1745 1146 1902 1216 quasi
1919 1160 2076 1200 ovem

498 1238 724 1293 ductum
772 1238 840 1293 ad
879 1239 1236 1303 occisionem,
1287 1240 1439 1294 etab
1473 1239 1749 1310 antiquis,
1805 1241 1896 1310 qui
1933 1241 2077 1296 inter

495 1330 717 1385 eosdem
750 1330 883 1395 sint,
913 1331 1173 1385 traditum
1195 1331 1263 1386 ad
1292 1331 1698 1387 mortem.Cum
1725 1341 1906 1388 autem
1940 1333 2074 1389 satis

497 1422 783 1476 commode
834 1438 901 1476 ex
954 1423 1159 1476 nostris
1209 1423 1558 1487 rationibus,
1612 1421 2071 1494 quemadmodum

494 1512 615 1581 ipsa
646 1528 826 1569 rerum
860 1514 1128 1583 inspectio
1158 1514 1421 1579 declarat,
1473 1515 1729 1570 vaticinia
1763 1516 1828 1570 de
1850 1515 2072 1570 Christo

492 1604 551 1658 in
580 1604 689 1659 duo
718 1622 919 1676 genera
951 1606 1302 1663 dividantur:
1358 1625 1421 1664 ea
1464 1610 1685 1679 quidem
1723 1625 1846 1680 qua:
1868 1609 1935 1663 ad
1969 1609 2071 1663 hu-

492 1712 713 1752 manam
761 1699 911 1754 illius
965 1707 1218 1755 naturam
1252 1710 1500 1771 spectant
1531 1702 1887 1771 tristioraque
1916 1713 2067 1765 sunt,

494 1785 550 1841 in
575 1786 757 1857 priore
787 1788 936 1844 illius
968 1789 1203 1846 adventu
1237 1792 1506 1861 completa
1532 1808 1657 1847 esse
1690 1791 2019 1846 conﬁtemur
2051 1809 2066 1859 ;

495 1893 616 1947 quae
644 1894 774 1933 vero
827 1882 1088 1951 majorem
1140 1883 1368 1953 gloriam
1407 1884 1632 1950 habent,
1692 1900 1757 1940 ac
1800 1884 2068 1939 diviniora

495 1977 643 2033 sunt,
675 1970 854 2024 adhuc
895 1987 1068 2041 usque
1129 1974 1197 2028 ad
1252 1975 1554 2029 secundum
1600 1974 1746 2030 illius
1776 1976 2066 2030 adventum

495 2070 901 2132 exspectantur.
935 2062 1141 2121 Prioris
1191 2073 1373 2119 autem
1415 2066 1811 2121 demonstratio
1837 2066 2061 2121 eviden-

494 2156 703 2211 tissima
731 2155 823 2211 Dei
853 2157 1042 2226 utique
1071 2172 1169 2228 per
1202 2159 1355 2212 illum
1388 2160 1441 2213 in
1491 2175 1685 2215 omnes
1715 2169 1903 2229 gentes
1934 2174 2064 2230 pro-

491 2263 697 2320 gressa,
749 2257 802 2304 et
848 2250 1029 2319 rcipsa
1080 2250 1353 2304 declarata
1384 2252 1645 2321 cognitio,
1698 2267 1863 2322 quam
1897 2252 2064 2307 variis

2181 590 2315 662 ὁμοῦ
2364 592 2458 645 καὶ
2504 589 2647 644 κατὰ
2697 588 2759 643 τὸ
2802 589 2937 643 αὐτὸ
2991 587 3202 654 ἔνδοξον
3245 589 3408 642 αὑτὸν
3448 591 3543 644 καὶ
3583 591 3766 659 ἄδοξον

2180 684 2564 740 ὐποτίθεσθαι’
2613 684 2708 738 καὶ
2753 683 2968 753 ἔντιμον
3021 683 3115 737 καὶ
3166 682 3412 752 βασιλέα,
3452 684 3548 737 καὶ
3603 685 3767 738 πάλιν

2177 778 2276 831 οὐκ
2298 777 2489 847 ἔχοντα
2520 773 2659 841 εἶδος
2687 776 2811 831 οὐδὲ
2840 775 3055 840 καλλος,
3082 775 3195 829 ἀλλ’
3237 776 3428 847 ἄτιμον
3450 775 3603 847 παρὰ
3636 778 3766 843 τοὺς

2177 873 2327 935 υἱοὺς
2358 871 2469 923 τῶν
2488 868 2825 941 ἀνθριὶνπων⁸
2853 869 2949 923 καὶ
2978 866 3134 932 αὖθις
3167 869 3395 941 Σωτῆρα
3426 870 3522 923 καὶ
3546 870 3767 942 Λυτρω-

2175 962 2274 1033 τὴν
2314 962 2408 1016 τοῦ
2446 961 2692 1033 Ἰσραὴλ,
2733 960 2831 1015 καὶ
2882 960 3046 1014 πάλιν
3097 960 3582 1032 ἐπιϐουλευόμενον
3629 961 3767 1034 πρὸς

2176 1057 2375 1120 αὐτῶν,
2402 1058 2496 1109 καὶ
2527 1056 2605 1120 ὡς
2645 1054 2916 1126 πρόϐατον
2955 1054 3048 1107 ἐπὶ
3077 1054 3290 1123 σφαγὴν
3333 1055 3624 1124 ἀγόμενον,
3656 1056 3766 1110 ἀπό

2174 1166 2233 1202 τε
2259 1148 2366 1203 τῶν
2386 1148 2604 1219 ἀνόμων
2644 1146 2806 1200 αὑτὸν
2839 1148 2919 1210 είς
2950 1145 3179 1201 θάνατον
3211 1146 3657 1218 παραδιδόμενον.
3688 1144 3763 1203 Εὖ

2174 1241 2231 1294 δὲ
2264 1240 2385 1294 καθ’
2416 1240 2584 1311 ἡμᾶς,
2618 1239 2694 1302 ὡς
2730 1239 2765 1309 ὴ
2797 1237 2906 1291 τῶν
2936 1237 3275 1309 πραγμάτων
3307 1239 3428 1309 ὄψις
3472 1241 3771 1298 ἐπιδείκνυ.

2177 1347 2281 1393 σιν,
2312 1332 2393 1393 εἰς
2429 1329 2521 1383 δύο
2547 1330 2784 1401 τρόπους
2821 1327 2929 1381 τῶν
2973 1327 3220 1399 περὶτοῦ
3254 1328 3493 1399 Χριστοῦ
3524 1334 3751 1405 προρρή.

2176 1440 2312 1477 σεων
2332 1421 2748 1493 διαιρουμένων,
2781 1419 2851 1473 τὰ
2884 1419 2985 1490 μὲν
3023 1418 3485 1491 ἁνθρωπινώτερα
3510 1422 3603 1475 καὶ
3635 1440 3762 1477 σκυι

2174 1514 2369 1586 θρωπὰ
2415 1513 2557 1567 κατὰ
2597 1514 2696 1585 τὴν
2736 1512 3007 1584 προτέραν
3047 1511 3229 1581 ἄφιξιν
3272 1511 3437 1565 αὐτοῦ
3474 1514 3763 1586 πεπληρῶ-

2175 1607 2298 1659 σθαι
2326 1606 2690 1677 ὁμολογεῖται,
2723 1605 2793 1658 τὰ
2825 1605 2872 1658 δ’
2908 1604 3223 1675 ἐνδοξότερα
3250 1604 3345 1658 καὶ
3378 1604 3621 1677 θειότερα
3646 1608 3763 1663 εἱσ-

2174 1698 2253 1752 έτι
2281 1698 2375 1751 νῦν
2412 1699 2771 1770 προσδοκᾶται
2826 1696 2967 1751 κατὰ
3013 1696 3112 1768 τὴν
3152 1697 3413 1767 δευτέραν
3454 1698 3616 1751 αὐτοῦ
3652 1716 3761 1753 πα·-

2180 1793 2416 1862 ρουσίαν.
2454 1790 2751 1856 Ἀπόδειξις
2786 1789 2842 1844 δὲ
2893 1790 2991 1860 τῆς
3041 1788 3313 1862 προτέρας
3335 1791 3592 1861 ἐναργὴς,
3628 1792 3661 1862 ή
3695 1790 3755 1857 ἐξ

2105 1864 2143 1921 Β
2173 1885 2430 1938 ἁπάντων
2473 1883 2580 1937 τῶν
2625 1883 2796 1936 ἐθνῶν
2829 1884 2909 1946 εἰς
2951 1881 3112 1953 ἔργον
3160 1883 3464 1954 χωρήσασα
3496 1881 3562 1936 δι’
3593 1882 3758 1937 αὑτοῦ

2174 1975 2490 2044 θεογνωσία,
2528 1975 2595 2046 ἢν
2623 1976 2892 2046 διαφόρως
2930 1973 3117 2045 μυρίαι
3149 1973 3463 2038 θεσπίζουσι
3496 1992 3762 2048 προφητι-

2173 2068 2263 2120 mi
2286 2068 2479 2135 φωναὶ,
2511 2065 2815 2137 ὡσπεροῦν,
2845 2066 2938 2118 καὶ
2966 2066 3000 2136 ἡ
3033 2064 3305 2136 παροῦσα,
3340 2066 3406 2120 δι’
3431 2062 3498 2137 ἧς
3519 2067 3758 2140 εἴρηται,

2169 2153 2229 2211 οῦ
2263 2160 2527 2230 εἴπαμενο
2576 2177 2595 2210 ι
2643 2159 2730 2213 Ἐν
2768 2160 2834 2228 τῇ
2869 2159 2996 2228 σκιᾷ
3024 2156 3188 2212 αὐτοῦ
3249 2157 3525 2229 ζησόμεθα
3555 2162 3612 2212 ἐν
3644 2163 3758 2223 τοῖς

2173 2253 2371 2305 ἔθνεσι.
2414 2272 2432 2304 ι

490 2342 830 2412 diversisque
852 2343 1030 2399 modis
1054 2343 1483 2401 innumerabiles
1507 2354 1712 2402 canunt
1739 2347 2072 2419 prophetica:
2109 2364 2296 2412 voces,
2335 2349 2480 2405 sicut
2504 2348 2586 2404 vel
2621 2362 2685 2403 ea
2715 2347 3131 2418 quamproxime
3172 2347 3484 2413 citavimus,
3535 2348 3591 2402 in
3640 2363 3746 2417 qua

488 2437 650 2493 verba
683 2438 775 2493 illa
812 2440 1270 2506 continebantur,
1324 2441 1393 2497 de
1453 2459 1564 2513 quo
1616 2444 1894 2500 diximus:
1930 2465 1948 2498 ι
1990 2444 2048 2501 lu
2089 2446 2282 2499 umbra
2316 2444 2491 2514 ipsius
2516 2444 2765 2500 vivemus
2798 2442 2855 2497 in
2885 2443 3163 2515 gentibus.
3204 2462 3223 2494 ι

489 2552 643 2623 191
681 2554 724 2607 Α
752 2556 923 2623 Primo
952 2556 1167 2625 Regum.
1187 2588 1256 2598 --
1287 2559 1530 2615 Christus
1554 2565 1869 2617 nominatim
1892 2581 1925 2617 ιι
1960 2563 2068 2618 Do—

929 2628 1072 2681 mino
1107 2627 1269 2684 Patre
1312 2632 1604 2687 exaltatur.

559 2754 579 2786 ι
628 2734 890 2794 Dominus
923 2742 1168 2796 ascendit
1197 2742 1252 2795 in
1298 2744 1468 2799 caelos
1499 2754 1552 2800 et
1579 2748 1755 2802 tonuit
1785 2768 1798 2802 :
1827 2748 1942 2819 ipse
1970 2750 2063 2819 ju-

485 2828 689 2886 dicabit
714 2840 956 2888 extrema
980 2842 1159 2897 term,
1185 2835 1277 2906 qui
1309 2837 1402 2891 dat
1434 2837 1808 2895 fortitudinem
1839 2844 2062 2913 regibus

486 2927 710 2989 nostris,
743 2934 797 2981 et
821 2927 1085 2981 exaltabit
1117 2942 1289 2983 cornu
1319 2929 1522 2986 Christi
1552 2933 1637 2988 sui
1665 2935 1731 2988 ⁸³.
1766 2954 1785 2986 ι
1822 2934 2064 2992 Restitu-

482 3016 687 3071 tionem
748 3015 804 3071 in
859 3019 1057 3073 caelum
1111 3035 1305 3076 rursus
1358 3023 1680 3079 nominatim
1716 3026 1919 3083 Christi
1968 3036 2062 3083 aut

480 3106 646 3162 etiam
688 3106 783 3163 Dei
841 3111 1123 3166 oraculum
1155 3114 1423 3184 intelligit,
1457 3116 1813 3190 ejusdemque
1847 3122 2056 3176 doctri-

2187 2563 2321 2618 Ἀπὸ
2342 2563 2450 2630 τῆς
2480 2562 2715 2632 πρώτης
2732 2561 2853 2615 τῶν
2891 2563 3245 2628 βασιλειῶν.
3265 2595 3332 2604 -
3348 2561 3599 2632 Χριστὸς
3627 2565 3762 2615 ὀνο-

2309 2637 2496 2704 μαστὶ
2524 2636 2642 2688 ὑπὸ
2672 2635 2895 2701 Κυρίου
2924 2634 3029 2688 τοῦ
3060 2634 3294 2701 Πατρός
3327 2635 3693 2703 ὺψούμενος.

2245 2766 2265 2799 ι
2294 2748 2498 2819 Κύριος
2516 2747 2679 2819 ἀνέϐη
2706 2748 2787 2810 είς
2799 2747 3076 2819 οὐρανοὺς,
3103 2746 3197 2798 καὶ
3215 2746 3564 2817 ὲϐρόντησενυ
3594 2748 3755 2809 αὐτὸς

2171 2842 2348 2910 κρινεί
2390 2839 2537 2909 ἄκρα
2585 2839 2709 2909 γῆς,
2754 2839 2849 2891 καὶ
2891 2837 3049 2890 δώσει
3098 2837 3250 2905 ἰσχὺν
3286 2839 3400 2899 τοῖς
3441 2835 3753 2907 βασιλεῦσιν

2170 2929 2347 3000 ⁴ἡμῶν,
2399 2930 2494 2982 καὶ
2532 2928 2736 2999 ὑψώσει
2776 2928 2941 3000 κέρας
2978 2927 3213 2999 Χριστοῦ
3247 2926 3433 2981 αὐτοῦ.
3472 2947 3490 2979 ι
3529 2927 3640 2998 Τὴν
3674 2927 3752 2992 είς

2169 3022 2434 3093 οὐρανοὺς
2457 3022 2900 3075 ἀποκατάστασιν
2929 3016 3081 3085 αὖθις
3106 3021 3366 3087 ὀνομαστὶ
3393 3020 3485 3073 τοῦ
3515 3019 3752 3093 Χριστοῦ

2165 3114 2197 3185 ῆ
2225 3115 2322 3168 καὶ
2353 3114 2488 3167 Θεοῦ
2517 3114 2675 3183 λόγος
2702 3115 3019 3178 ἐπινοεῖται,
3046 3115 3144 3189 τήν
3162 3131 3221 3166 τε
3244 3112 3566 3178 ἐξάκουστον
3593 3114 3751 3185 βρον-

482 3213 628 3263 nam,
665 3215 785 3269 qua!
838 3200 1015 3257 instar
1061 3205 1266 3260 tonitru
1303 3207 1372 3261 ab
1426 3208 1682 3266 omnibus
1720 3213 2061 3268 exaudienda

2164 3203 2266 3273 τῆς
2324 3204 2479 3274 δίκην
2525 3206 2603 3267 είς
2636 3204 2884 3268 ἅπαντας
2922 3202 3266 3259 διδασκαλίαν
3306 3204 3492 3269 αὐτοῦ,
3526 3203 3617 3256 καὶ
3654 3204 3755 3275 τὴν

480 3290 573 3355 sit,
608 3290 737 3345 item
767 3294 916 3362 quod
955 3302 1142 3365 postea
1175 3297 1415 3362 futurum
1463 3309 1547 3356 est
1579 3302 1824 3372 ejusdem
1869 3314 2060 3362 contra

480 3397 675 3439 omnes
696 3385 987 3454 judicium.
1019 3386 1149 3446 Post
1174 3390 1289 3447 haec
1317 3400 1499 3447 autem
1532 3396 1650 3466 ipse
1672 3396 1936 3455 Dominus
1963 3400 2059 3455 da-

482 3480 641 3530 turus
675 3476 845 3531 robur
877 3477 1083 3535 dicitur
1106 3482 1328 3552 regibus
1366 3488 1591 3543 nostris.
1625 3487 1689 3542 lli
1731 3505 1862 3546 vero
1896 3500 2058 3547 erunt

478 3566 712 3636 apostoli
755 3567 980 3635 Christi,
1010 3571 1078 3626 de
1103 3574 1304 3644 quibus
1337 3576 1504 3634 habes
1546 3579 1602 3634 in
1654 3595 1799 3637 vau
1849 3583 2057 3653 psalmo

478 3654 615 3712 illud
647 3657 692 3689 “
725 3675 740 3714 :
775 3678 794 3711 ι
838 3659 1277 3721 Dominusdabit
1301 3668 1526 3724 verbum
1552 3673 2057 3743 evangelizantibns

476 3747 680 3804 virtute
704 3751 893 3807 multa.
930 3773 949 3805 ι
986 3753 1041 3809 1η
1070 3754 1174 3811 hoc
1206 3774 1423 3830 quoque
1449 3762 1773 3818 nominatim
1798 3763 1866 3820 de
1890 3764 2055 3820 Chri-

476 3846 564 3896 sto
597 3845 930 3900 mentionem
961 3848 1112 3913 facit,
1144 3850 1238 3921 qui
1275 3859 1332 3906 ut
1365 3852 1553 3919 homo,
1585 3853 1838 3911 Salvator
1868 3868 2056 3915 noster

474 3932 834 4004 intelligatur,
863 3936 1023 4007 cujus
1056 3942 1134 3995 ait
1161 3956 1332 3998 cornu
1355 3945 1724 4002 extollendum
1752 3963 1894 4014 esse,
1924 3949 2056 4005 dum

474 4024 732 4082 virtutem
773 4029 830 4083 in
856 4029 949 4084 illo
975 4031 1299 4090 invisibilem
1322 4047 1374 4091 et
1402 4053 1631 4109 regnum
1667 4041 1813 4097 illius
1843 4043 2053 4113 signiﬁ-

473 4123 580 4171 cat.
603 4115 1019 4177 Consueverunt
1037 4138 1167 4194 ergo
1185 4125 1382 4183 divina:
1400 4130 1594 4187 littera:
1614 4132 1794 4203 ipsum
1823 4150 2053 4206 regnum

473 4219 649 4262 cornu
692 4209 982 4279 appellare.
1036 4211 1182 4270 Idem
1225 4231 1358 4272 vero
1391 4221 1631 4289 positum
1666 4233 1750 4279 est
1797 4225 2054 4281 etiamin

475 4310 718 4353 Lxxxvm
770 4300 982 4371 psalmo
1010 4303 1053 4336 ⁸⁷
1092 4325 1106 4361 :
1142 4324 1161 4358 ι
1220 4306 1287 4367 Ει
1321 4310 1377 4366 in
1404 4314 1645 4381 nomine,
1691 4315 1890 4387 inquit,
1929 4334 2053 4375 meo

470 4389 801 4447 exaltabitur
826 4407 999 4450 cornu
1031 4397 1171 4469 ejus.
1206 4419 1227 4453 ι

471 4499 516 4557 Α
553 4506 726 4573 primo
756 4507 971 4633 Regium.
1000 4542 1071 4553 —-
1096 4512 1339 4570 Christus
1380 4520 1692 4574 nominatim
1735 4521 1950 4578 domum
1982 4523 2050 4593 ﬁ-

540 4575 710 4631 delem
739 4596 774 4631 α
858 4592 971 4633 utre
997 4584 1186 4633 accivit
1219 4585 1513 4633 Ecclesium
1553 4608 1723 4633 11mm,
1777 4602 1827 4633 οι
1868 4611 2046 4633 ent-or-
2082 4568 2127 4627 υ

540 4575 710 4655 (talem
739 4596 787 4655 a_
806 4575 971 4655 Patre
997 4584 1186 4655 accipit
1217 4585 1513 4643 Ecclesium
1553 4608 1730 4655 suam,
1777 4575 1827 4647 et
1846 4575 2046 4650 sate?-

536 4646 1039 4732 dotemnﬁflelemjn
1070 4646 1221 4711 omne
1252 4668 1473 4732 tempus,
1510 4664 1601 4732 qui
1631 4646 2041 4722 Ecclesiwjvsuw

539 4734 660 4772 cum
695 4718 795 4774 Dei
823 4726 1116 4795 cognitione
1143 4730 1345 4792 pra’sit.

540 4915 559 4947 ι
598 4896 738 4955 Ecce
767 4900 888 4959 dies
923 4906 1170 4972 veniunt,
1202 4917 1257 4963 et
1289 4910 1513 4980 perdam
1554 4928 1742 4970 semen
1774 4921 1953 4982 tuum,
1987 4925 2043 4974 et

462 5002 651 5044 semen
680 4991 876 5049 domus
899 4999 1072 5067 patris
1101 5000 1181 5054 tui
1215 5020 1227 5055 :
1260 5011 1316 5057 et
1345 5018 1451 5058 non
1486 5006 1591 5060 erit
1614 5023 1777 5065 senex
1799 5012 1852 5064 in
1877 5009 2042 5067 domo

462 5087 552 5133 tua
577 5082 642 5136 ⁸⁸.
680 5103 699 5137 ι
738 5084 864 5142 Haec
894 5096 1184 5161 postquam
1244 5094 1313 5149 ad
1346 5094 1480 5151 Heli
1532 5098 1669 5153 dixit
1727 5101 2037 5170 oraculum,

460 5182 657 5266 praeter
684 5178 791 5233 alia
826 5184 1108 5249 nonnulla,
1144 5187 1261 5243 haec
1287 5190 1448 5245 etiam
1486 5192 1758 5266 adjungit,
1792 5197 1984 5253 dicens
2020 5211 2038 5253 :

463 5282 486 5316 ι
533 5264 603 5361 Et
628 5269 908 5361 suscitabo
962 5275 1097 5333 mihi
1139 5278 1245 5349 ipsi
1290 5283 1633 5341 sacerdotem
1667 5264 1905 5354 ﬁdelem,
1943 5289 2038 5361 qui

458 5358 642 5412 omnia
668 5360 823 5430 juxta
852 5379 950 5419 cor
984 5382 1163 5423 meum
1198 5377 1253 5424 et
1281 5372 1516 5427 animam
1548 5391 1723 5431 meam
1762 5358 2039 5443 facietiet

457 5449 737 5539 aediﬁcabo
766 5454 843 5510 illi
868 5456 1090 5513 domum
1129 5459 1363 5530 ﬁdelem,
1397 5473 1451 5521 et
1477 5467 1816 5539 ingredietur
1849 5485 2037 5526 coram

354 5604 365 5613 .
456 5537 679 5595 Christo
706 5558 827 5599 meo
857 5562 1047 5607 omnes
1076 5551 1194 5609 dies
1238 5553 1304 5609 ”.
1350 5575 1369 5608 ι
1407 5537 1556 5613 (ἒιηη⁷
1585 5563 1943 5618 mutationem
1974 5576 2039 5618 ac

461 5633 814 5704 rejectionem
843 5638 913 5697 iis
936 5643 1030 5714 qui
1059 5660 1169 5700 non
1195 5656 1344 5703 recta
1369 5651 1583 5707 ratione
1607 5661 1922 5725 operentur,
1954 5654 2041 5710 di-

2166 3297 2306 3367 μετὰ
2341 3297 2512 3351 ταῦτα
2545 3298 2916 3371 γενησομένην
2946 3297 3111 3353 αὑτοῦ
3139 3297 3281 3352 κατὰ
3317 3299 3536 3371 πάντων
3569 3299 3750 3370 κρίσιν

2159 3394 2192 3464 ἠ
2229 3391 2346 3445 θεία
2364 3392 2555 3465 Γραφὴ
2590 3391 2853 3457 θεσπίζει.
2890 3391 3046 3463 Ἑξῆς
3070 3391 3130 3445 δὲ
3155 3389 3365 3453 τούτοις
3396 3390 3557 3454 αὐτὸς
3580 3392 3608 3441 ὀ
3640 3387 3752 3442 Κύ-

2163 3503 2279 3558 ριος
2299 3484 2491 3541 δώσειν
2527 3486 2678 3557 ἰσχὺν
2711 3485 2927 3554 λέγεται
2953 3488 3067 3550 τοῖς
3102 3482 3411 3555 βασιλεῦσιν
3444 3482 3619 3554 ἡμῶν.
3647 3475 3750 3537 Οὗ-

2156 3595 2241 3632 τοι
2271 3578 2316 3631 δ’
2345 3578 2411 3631 ἂν
2431 3574 2540 3632 εἷεν
2562 3579 2612 3630 οἱ
2632 3576 2919 3632 ἀπόστολοι
2950 3575 3045 3629 τοῦ
3064 3574 3325 3646 Χριστοῦ,
3359 3575 3487 3647 περὶ
3511 3566 3586 3627 ὧν
3607 3571 3749 3643 ἔχεις
3810 3620 3813 3623 .

2159 3671 2218 3723 ὲν
2258 3667 2334 3734 ξζ¹
2360 3668 2561 3741 ψαλμῷ
2585 3669 2667 3734 τὸ,
2699 3688 2718 3721 ι
2753 3668 2959 3740 Κύριος
2986 3666 3146 3721 δώσει
3184 3667 3337 3740 ῥῆμα
3375 3667 3488 3727 τοῖς
3521 3665 3750 3732 εὐαγγε-

2157 3763 2460 3835 λιζομένοις
2497 3763 2724 3834 δυνάμει
2770 3762 2960 3834 πολλῇ.
2996 3781 3014 3813 ι
3053 3763 3172 3816 Κάν
3206 3761 3383 3832 τούτῳ
3421 3759 3477 3813 δὲ
3508 3757 3749 3832 Χριστοῦ

2157 3857 2418 3929 ὀνομαστὶ
2463 3855 2810 3928 μνημονεύει,
2862 3855 2957 3910 τοῦ
2988 3854 3132 3909 κατὰ
3158 3853 3247 3908 τὸν
3281 3852 3566 3925 ἄνθρωπον
3600 3869 3748 3908 νοου-

2159 3947 2323 4019 μένου
2358 3947 2610 4020 Σωτῆρος
2634 3947 2816 4019 ἡμῶν,
2876 3940 2938 4001 οὗ
3000 3946 3062 4000 τὸ
3095 3945 3263 4018 κέρας
3317 3944 3482 4015 φησὶν
3523 3942 3746 4014 ὑψωθή-

2158 4039 2367 4103 σεσθαι,
2401 4039 2499 4110 τὴν
2526 4040 2583 4093 ἐν
2615 4039 2765 4111 αὐτῷ
2793 4039 3025 4111 ἀόρατον
3056 4037 3305 4107 δύναμιν,
3340 4035 3434 4088 καὶ
3461 4034 3562 4105 τὴν
3588 4033 3746 4104 βασι-

2156 4129 2306 4183 λείαν
2362 4131 2529 4187 αὑτοῦ
2578 4131 2772 4203 δηλῶν.
2800 4132 2962 4194 Ἐθος
2990 4129 3122 4199 γοῦν
3149 4132 3214 4199 τῇ
3245 4129 3436 4199 Γραφῇ
3463 4128 3564 4197 τὴν
3586 4126 3743 4196 βασι-

2153 4223 2305 4278 λείαν
2326 4224 2496 4297 κέρας
2515 4225 2819 4296 ὀνομάζειν.
2843 4226 3035 4281 Κεῖται
3062 4222 3119 4276 δὲ
3144 4222 3237 4275 καὶ
3252 4222 3310 4275 ἐν
3332 4221 3410 4291 τῷ
3434 4227 3525 4291 πη¹
3541 4219 3742 4291 ψαλμῷ

2153 4317 2235 4383 τὸ,
2272 4338 2291 4370 ι
2328 4319 2440 4373 Καὶ
2487 4321 2546 4374 ὲν
2588 4319 2670 4392 τῷ
2695 4317 2917 4388 ὀνόματί
2958 4333 3060 4388 μου
3106 4314 3450 4376 ὑψωθήσεται
3481 4313 3544 4368 τὸ
3575 4312 3742 4383 κέρας

2153 4408 2341 4464 αὐτοῦ.

2166 4524 2299 4580 Ἀπὸ
2327 4524 2437 4592 τῆς
2458 4523 2694 4593 πρώτης
2713 4522 2831 4578 τῶν
2850 4518 3199 4577 Βασιλειᾶψ.
3216 4551 3286 4561 -
3317 4522 3572 4589 Χριστὸς
3604 4523 3740 4576 ὀνο-

2216 4597 2405 4665 μαστὶ
2425 4592 2593 4649 οἷκον
2608 4595 2829 4648 πιστὸν
2841 4593 3001 4658 παρὰ
3030 4593 3134 4647 τοῦ
3159 4594 3388 4659 Πατρός
3416 4593 3742 4663 λαμϐάνων

2218 4666 2335 4733 τὴν
2391 4667 2759 4733 Ἐκκλησίαν
2816 4664 3006 4719 αὐτοῦ
3034 4704 3048 4728 ,
3105 4664 3205 4717 καὶ
3268 4664 3461 4732 ἱερεὺς
3523 4666 3742 4731 πιστὸς

2220 4681 2335 4733 την
2400 4681 2759 4735 ιινκκλησιαν
2816 4681 3006 4719 αυτου
3034 4704 3048 4728 ,
3105 4681 3205 4717 και
3268 4681 3461 4732 ιερευς
3523 4681 3743 4731 manu:

2220 4736 2416 4790 πάντα
2464 4736 2579 4809 Δτὸν
2630 4739 2857 4806 χρόνον
2902 4733 3012 4804 τῆς
3057 4735 3427 4803 Ἐκκλησίας
3475 4737 3742 4809 γνησίως

2220 4805 2681 4877 προϊστάμενος.

2224 4939 2244 4972 ι
2285 4919 2414 4974 Ἰδοὺ
2448 4919 2652 4993 ἡμέραι
2675 4919 2943 4993 ἔρχονται,
2970 4940 2988 4973 ι
3017 4918 3186 4989 λέγει,
3214 4937 3234 4969 ι
3259 4920 3355 4974 καὶ
3371 4918 3740 4992 ὲξολοθρεύσω

2147 5011 2210 5066 τὸ
2233 5012 2454 5084 σπέρμα
2479 5028 2593 5076 σου,
2618 5014 2714 5066 καὶ
2742 5011 2961 5083 σπέρμα
2984 5010 3134 5065 οἴκου
3150 5010 3357 5082 πατρός
3383 5028 3497 5064 σουο
3531 5011 3627 5067 καὶ
3640 5014 3741 5065 οὐκ

2150 5102 2300 5157 ἔσται
2335 5103 2649 5179 πρεσϐύτης
2681 5105 2739 5156 ὲν
2765 5103 2844 5175 τῷ
2864 5104 3000 5175 οἴκῳ
3032 5120 3154 5175 μου.
3193 5122 3212 5156 ι
3258 5101 3446 5157 Ταῦτα
3479 5103 3615 5177 πρὸς
3648 5103 3740 5156 τὸν

2162 5192 2310 5247 Ἠλεὶ
2341 5196 2520 5266 φήσας
2549 5195 2578 5247 ὁ
2610 5194 3012 5265 χρηματισμὸς,
3048 5192 3299 5266 ἐπιφέρει
3325 5194 3445 5265 μεθ’
3473 5194 3635 5266 ἔτερα
3659 5192 3739 5245 λέ-

2149 5301 2261 5355 γων
2282 5303 2296 5316 ·
2333 5307 2350 5338 ι
2390 5288 2500 5341 Καὶ
2520 5287 2810 5359 ἀναστήσω
2844 5286 3066 5359 ἐμαυτῷ
3092 5286 3243 5358 ἱερέα
3273 5286 3486 5350 πιστὸν,
3514 5285 3573 5349 ὃς
3602 5284 3738 5338 πάν-

2147 5396 2215 5432 τα
2270 5379 2339 5435 τὰ
2391 5381 2448 5433 ὲν
2502 5381 2568 5451 τῇ
2622 5379 2821 5453 καρδίᾳ
2856 5397 2977 5451 μου,
3018 5376 3211 5432 καὶτὰ
3246 5379 3305 5431 ὲν
3350 5380 3417 5449 τῇ
3445 5376 3589 5448 ψυχῇ
3633 5393 3734 5447 μου

2149 5475 2385 5543 ποιήσει,
2436 5473 2528 5526 καὶ
2582 5474 2925 5546 οἰκοδομήσω
2987 5472 3135 5546 αὐτῷ
3182 5467 3329 5524 οἷκον
3393 5472 3603 5535 πιστὸν,
3643 5471 3737 5522 καὶ

2147 5562 2479 5617 διελεύσεται
2514 5563 2745 5619 ἐνώπιον
2786 5563 3023 5637 Χριστοῦ
3078 5579 3180 5634 μου
3233 5561 3414 5624 πάσας
3457 5560 3559 5623 τὰς
3599 5558 3739 5630 ἡμέ-

2151 5673 2268 5727 ρας.
2312 5676 2329 5709 ι
2371 5657 2719 5712 Μετάστασιν
2759 5658 2852 5712 καὶ
2892 5654 3163 5728 ἀποϐολὴν
3196 5654 3501 5726 ἀπειλήσας
3539 5655 3567 5708 ὁ
3595 5651 3737 5713 θεῖος

535 5790 628 5845 ⁸⁸1
664 5791 798 5868 Reg.
823 5811 883 5865 ιι,
920 5796 1003 5852 l0.
1081 5801 1126 5833 “
1154 5817 1298 5863 vers.
1332 5805 1414 5864 l2.
1495 5809 1537 5841 "
1563 5825 1707 5867 vers.
1732 5810 1822 5867 25.
1903 5810 1988 5866 "l
2017 5809 2060 5868 Β

2190 5828 2248 5882 ιι,
2301 5813 2391 5868 δι.
2465 5813 2506 5846 θ’
2534 5811 2665 5868 ibid.
2702 5813 2791 5869 σε.
