4126 6418
358 429 463 484 3'21

362 547 520 613 λόγος
547 539 657 601 τοῖς
689 534 750 588 οὗ
785 527 925 586 κατά
965 526 1054 579 τὸν
1086 520 1242 592 ὀρθὸν

365 597 551 706 ἕτερον
577 630 638 693 ἐξ
662 626 847 696 ἐτέρου
877 619 1065 689 γένους
1094 611 1454 681 καταστήσειν
1491 603 1642 676 ἱερέα
1670 597 1940 668 ἐπαγγέλ-

463 688 475 706 .
621 688 636 693 -
758 688 769 696 ,
894 688 897 689 ,

364 730 542 788 λεται,
582 724 640 775 ὃν
678 717 771 773 καί
812 729 943 785 φησι
977 730 997 762 ί
1028 703 1391 763 διελεύσεσθαι
1430 698 1658 752 ἐνώπιον
1705 688 1941 763 Χριστοῦ

365 815 553 880 αὐτοῦ,
601 834 617 865 ι
656 813 688 882 ἢ
734 829 750 861 ι
791 800 1258 879 ὲμπεριπατήσειν
1309 796 1387 857 εἰς
1429 789 1714 861 πρόσωπον
1754 783 1944 853 εἰλημ-

371 873 570 984 μένους
584 908 627 975 l)
646 873 835 958 αῦτοῦί
857 918 874 951 ι
896 873 971 961 ὡς
991 897 1018 949 6
1033 891 1259 952 Ἀκύλας
1276 878 1690 983 ἡρμήνευσενζῆ
1710 877 1783 940 ὡς
1807 873 1878 928 Σύ
1888 890 1945 974 μζ

375 964 570 1072 μαχος,
655 985 1169 1063 ἁναστραφήσεσθαι
1210 976 1516 1052 ἔμπροσθεν
1563 971 1659 1025 τοῦ
1709 964 1942 1040 Χριστοῦ

370 1094 554 1152 αὑτοῦ.
600 1114 618 1145 ι
649 1091 744 1155 Τίς
777 1089 820 1142 δ’
849 1087 913 1141 ἂν
947 1079 1098 1147 οὗτος
1140 1078 1259 1149 sin;
1290 1074 1395 1135 πᾶς
1424 1073 1452 1124 6
1497 1064 1731 1127 εὐσεϐῶς
1775 1077 1947 1132 προσ-

381 1189 474 1245 ιὼν
506 1189 573 1259 τῇ
637 1179 917 1256 ἱερουργίᾳ
949 1174 1044 1230 τοῦ
1073 1167 1309 1246 Χριστοῦ
1343 1163 1436 1219 τοῦ
1463 1160 1619 1223 Θεοῦ,
1653 1151 1696 1225 ᾧ
1728 1154 1818 1209 τὸν
1846 1155 1946 1223 τῆς

389 1243 711 1350 Ἐκκλησίας
743 1270 909 1333 οἷκον,
940 1263 1026 1321 οἷα
1062 1263 1221 1333 σοφὸς
1253 1256 1586 1331 ἀρχιτέκτων
1621 1249 1713 1303 καὶ
1742 1243 1945 1298 οἰκοδό·

380 1392 500 1447 μος,
531 1369 689 1431 αὐτὸς
735 1367 763 1418 6
808 1363 915 1416 τῶν
938 1359 1073 1413 ὅλων
1103 1354 1234 1417 Θεὸς
1268 1347 1640 1417 οἰκοδομήσειν
1676 1338 1950 1407 ὑπισχνεῖ-

376 1427 486 1530 "rat,
525 1461 632 1516 οὐδ’
670 1456 826 1512 ἄλλον
861 1449 1005 1507 οἷκον
1040 1446 1318 1519 σημαίνων
1354 1440 1510 1513 ῆτὴν
1541 1434 1662 1490 καθ’
1699 1431 1825 1502 ὅλης
1847 1427 1949 1497 τῆς

375 1521 698 1626 οἰκουμένης
750 1547 826 1619 τῷ
867 1539 1087 1616 Χριστῷ
1121 1533 1375 1608 ὀνομαστί¹
1412 1529 1680 1584 συστᾶσαν
1720 1521 1950 1590 Ἐκκλη-

386 1648 507 1701 σίαν
524 1617 546 1674 ·’
565 1617 691 1699 ἔνθα
725 1617 831 1703 πᾶς
847 1639 875 1689 6
894 1633 983 1689 διά
1002 1627 1236 1703 Χριστοῦ
1263 1624 1354 1680 τοῦ
1377 1622 1510 1676 Θεοῦ
1531 1617 1820 1690 ίερωμένος
1846 1630 1951 1667 κα-

376 1742 447 1796 τὰ
462 1740 558 1804 τὰς
577 1729 951 1806 πνευματικὰς
978 1721 1315 1795 λειτουργίας
1338 1716 1407 1770 τὰ
1429 1712 1738 1783 καταθύμια
1764 1710 1857 1762 καὶ
1884 1705 1954 1758 τὰ

381 1831 524 1888 κατά
543 1827 719 1901 ψυχὴν
743 1823 835 1877 τοῦ
858 1817 992 1875 Θεοῦ
1029 1815 1245 1885 λέγεται
1265 1810 1529 1882 ποιήσειν,
1564 1804 1671 1858 τῶν
1694 1803 1761 1856 δι’
1784 1799 1953 1870 αἵμα-

378 1943 492 1988 τος,
533 1920 745 1991 ταύρων
794 1915 889 1969 καὶ
920 1912 1157 1984 τράγων,
1211 1903 1353 1960 κατά
1392 1900 1490 1973 τὴν
1523 1897 1691 1952 πάλαι
1718 1893 1953 1962 τοπικὴν

374 2013 602 2085 ἀγωγὴν
637 2004 1085 2076 ἐπιτελουμένων,
1120 1991 1527 2072 μετατεθεῖσθαι
1558 1989 1664 2042 ὑπὸ
1693 1985 1786 2039 τοῦ
1819 1980 1954 2036 Θεοῦ

383 2072 470 2161 δια
653 2100 873 2155 Ἡσαΐου
892 2072 1232 2167 προφητείας
1262 2082 1726 2160 ὁμολογουμένων.
1753 2072 1958 2176 Τοσαῦ-

382 2217 452 2252 τα
506 2164 683 2250 διξνῶν
724 2193 752 2244 6
789 2164 1023 2261 Χριστὸς
1051 2164 1307 2254 ὀνομαστὶ
1351 2173 1791 2261 προκεκήρπδκτο·
1821 2164 1958 2261 πλὴν

385 2290 496 2345 ἀλλ’
530 2288 652 2340 ἐπεὶ
705 2282 794 2338 διὰ
836 2278 946 2334 τῶν
993 2275 1261 2328 πλείστων
1303 2267 1374 2322 τὰ
1415 2263 1560 2334 πάθη
1599 2258 1692 2314 τοῦ
1724 2252 1959 2329 Χριστοῦ

391 2380 655 2451 συνῆπται
679 2377 746 2445 τῇ
780 2368 941 2425 αὑτοῦ
974 2360 1337 2438 προσηγορίᾳ,
1364 2355 1657 2424 ἀναγκαῖον
1688 2346 1955 2401 ἐπαναλα-

391 2438 522 2523 ϐεῖν.
556 2467 626 2520 τὰ
650 2438 1021 2535 προειρημένα
1058 2454 1188 2526 περὶ
1216 2452 1316 2521 τῆς
1346 2447 1466 2501 κατ’
1500 2442 1662 2498 αὑτὸν
1691 2438 1961 2535 θεότητος,

391 2562 457 2631 ἣν
502 2561 559 2612 ἐν
601 2525 1041 2627 τῷ“μδ”ιῖλαλμῷ
1094 2525 1557 2616 ἐπιγεγραμμένῳ
1594 2554 1615 2586 ‹
1659 2530 1844 2631 ἰΥπὲρ.
1870 2525 1964 2631 τοῦ

393 2618 679 2721 ἀγαπητοῦ
780 2618 1042 2717 φέρεσθαι
1074 2633 1628 2710 προπαρεστήσαμεν,
1663 2622 1790 2677 ἔνθα
1822 2622 1851 2673 6
1877 2618 1965 2721 16:.

389 2709 485 2812 γος
540 2709 595 2794 ἐν
644 2709 881 2810 πρώτοις
924 2734 1087 2795 αὐτὸς
1115 2727 1432 2799 ὑπομνήσας
1468 2722 1543 2783 ὡς
1579 2715 1820 2788 βασιλέα,
1850 2709 1965 2783 μεθ’

387 2804 551 2906 έτερα
581 2804 773 2898 ἐπάγει
806 2828 934 2899 περί
961 2824 1211 2893 θεότητος
1228 2817 1320 2871 τοῦ
1342 2810 1597 2886 Χριστοῦ·
1633 2827 1650 2859 ι
1692 2808 1750 2860 '0
1781 2804 1969 2906 θρόνος

392 2894 544 2980 σουὸ
576 2894 712 2986 Θεὸς
739 2922 819 2983 εἰς
853 2894 942 2972 τδν
981 2915 1149 2969 αἰῶνα
1186 2910 1283 2965 τοῦ
1317 2905 1539 2968 αἰῶνος·
1575 2899 1766 2973 ῥάϐδος
1811 2894 1969 2949 εὐθύ-

391 3035 549 3089 τητος
598 3018 633 3088 ἡ
683 3013 875 3086 ῥάϐδος
920 3011 1017 3083 τῆς
1065 3004 1337 3079 βασιλείας
1372 3015 1484 3053 σου.
1535 2987 1969 3089 Ἠγάπησαςδι-

392 3080 702 3179 καιοσύνην,
730 3105 823 3158 καὶ
847 3080 1113 3174 ἐμίσησας
1135 3096 1347 3152 ἀδικίαν
1364 3109 1378 3121 “
1407 3089 1493 3143 διὰ
1517 3086 1673 3141 τοῦτο
1701 3080 1885 3154 ἐχρισέ
1910 3096 1971 3131 σε

391 3206 422 3257 6
446 3202 577 3265 Θεὸς
604 3177 782 3262 ὁήΘεός
815 3213 906 3250 σου
937 3194 1113 3247 ἔλαιον
1134 3184 1506 3258 ἀγαλλιάσεως
1534 3177 1684 3252 παρά
1716 3178 1843 3237 τοὺς
1872 3190 1969 3246 με·

392 3295 582 3366 τύχους
633 3309 747 3346 σου.
785 3308 803 3341 ι
849 3285 1043 3355 Σαφῶς
1088 3282 1197 3354 γὰρ
1241 3283 1315 3366 ἐνί
1345 3275 1573 3337 τούτοις,
1626 3271 1701 3335 ὡς
1734 3267 1837 3340 ήδη
1880 3266 1975 3318 καὶ

395 3357 658 3460 προτερον
688 3380 1240 3455 προπαρεστήσαμεν,
1273 3365 1354 3434 εἷς
1396 3367 1472 3422 ὣν
1507 3366 1602 3420 καὶ
1625 3361 1786 3424 αὐτὸς
1820 3360 1848 3412 6
1876 3357 1971 3429 δη-

393 3451 654 3551 λούμενος
691 3451 821 3540 Θεὸς
850 3451 985 3527 εἶναι
1006 3471 1243 3539 λέγεται,
1290 3458 1599 3534 ἠγαπηκὼς
1625 3451 1971 3521 δικαιοσύνην

319 3578 328 3588 ’
396 3542 509 3629 καὶ.
523 3568 839 3643 μεμισηκὼς
870 3564 1102 3620 ἀδικίαν.
1147 3558 1260 3615 Καὶ
1302 3556 1493 3610 τούτου
1535 3550 1695 3623 χάριν
1736 3545 1825 3615 ὑφ’
1854 3542 1971 3643 ἐτέ-

401 3683 493 3738 ρου
523 3633 774 3735 ’μείζονος
806 3655 941 3711 Θεοῦ
988 3654 1083 3709 καὶ
1128 3649 1333 3722 πατρὸς
1366 3642 1553 3706 αὑτοῦ,
1616 3633 1974 3710 κεχρισμένος

401 3756 564 3826 ἐλαίῳ
596 3752 864 3825 κρείττονι
900 3749 992 3802 καὶ
1020 3739 1386 3815 διαφέροντιῆ
1414 3735 1556 3790 κατά
1576 3731 1703 3793 τοὺς
1745 3728 1969 3787 τύπους,

401 3848 478 3920 τῷ
510 3815 824 3915 καλουμένῳ
865 3840 965 3910 τῆς
1010 3833 1400 3905 ἀγαλλιάσεως.
1442 3828 1501 3879 '0
1539 3824 1597 3877 δὲ
1643 3820 1720 3892 τῷ
1751 3815 1977 3886 τοιούτῳ

402 3904 641 4012 χρισθεὶς
676 3904 860 4003 έλαίῳ,
893 3904 954 3982 ού
989 3904 1124 3999 πρὸς
1157 3920 1478 3994 ἀνθρώπων,
1513 3913 1633 3968 οὐδέ
1666 3911 1732 3965 δι’
1771 3904 1978 4012 ampla:

402 4047 541 4092 πων,
568 4028 680 4081 ἀλλ’
714 4024 803 4079 ὑπ’
826 4020 988 4076 αὐτοῦ
1022 4016 1115 4071 τοῦ
1151 4013 1426 4070 ἀνωτάτου
1456 4005 1612 4068 Θεοῦ,
1647 4004 1700 4057 τί
1732 3997 1975 4071 ἕτερονῆ

402 4088 634 4194 Χριστὸς
663 4117 884 4179 εἰκότως
916 4108 1276 4182 ὀνομασθείη;
1310 4099 1503 4156 οὐκοῦν
1553 4099 1582 4151 6
1637 4094 1798 4157 αὐτὸς
1841 4088 1975 4162 ὁμοῦ

404 4184 498 4271 καὶ
549 4212 680 4276 Θεὸς
723 4208 995 4263 δείκνυται
1039 4197 1446 4272 ὠνομασμένος,
1490 4190 1679 4259 ὥσπερ
1724 4186 1825 4273 ,καὶ
1875 4184 1975 4254 ἤδη

406 4308 669 4381 πρότερον
709 4300 851 4357 κατὰ
901 4299 1030 4360 τοὺς
1065 4292 1298 4355 οἰκείους
1327 4288 1525 4349 τόπους
1558 4281 1825 4352 παρέστη.
1868 4276 1979 4381 κο.ιί

405 4368 499 4455 τοῦ
544 4368 764 4452 ’ίίσαῒου
816 4391 873 4446 δὲ
914 4390 1008 4445 καὶ
1055 4385 1229 4441 ταῦτα
1275 4381 1437 4435 πάλιν
1470 4371 1865 4446 ὑπομνηστέον,
1920 4368 1978 4432 ὃς

405 4492 573 4562 ἔφησε
595 4507 609 4521 ο
651 4507 670 4540 ‹
713 4483 937 4555 Πνεῦμα
960 4477 1170 4551 Κυρίου
1192 4476 1278 4529 ἐπ’
1305 4470 1426 4544 ἐμὲ,
1461 4463 1521 4523 οῦ
1554 4468 1758 4521 εἵνεκεν
1797 4459 1979 4533 ἐχρισέ

410 4553 510 4657 μεί
563 4553 1011 4650 εὐαγγελίσασθαι
1061 4569 1296 4639 πτωχοῖς
1346 4558 1658 4657 ἀπέσταλκέ
1702 4573 1789 4628 με,
1827 4553 1982 4657 ἰάσα-
2011 4599 2054 4653 D

407 4645 529 4730 σθαι
578 4645 721 4736 τοὺς
759 4662 1244 4739 συντετριμμένους
1296 4656 1395 4728 τὴν
1444 4651 1701 4724 καρδίανο
1744 4645 1979 4739 κηρύξαι

407 4763 771 4839 αἰχμαλώτοις
830 4736 1043 4831 ἄφεσιν,
1100 4755 1195 4808 καὶ
1225 4749 1447 4821 τυφλοῖς
1479 4741 1787 4811 ἀνάϐλεψιν.
1821 4757 1840 4790 ι

406 4827 689 4930 δείκνυμεν
747 4855 841 4909 καὶ
881 4827 957 4905 ’ἐν
1013 4847 1245 4910 τούτοις,
1309 4842 1384 4905 ὡς
1431 4841 1481 4894 οἰ
1534 4836 1630 4908 μὲν
1673 4831 1734 4897 ἐξ
1774 4827 1982 4930 ἀνθρώ-

407 4972 525 5009 πων
589 4921 754 5006 πάλαι
812 4947 1074 5018 πρότερον
1131 4939 1224 4993 ἐπὶ
1280 4935 1381 5007 τὴν
1450 4928 1545 4985 τοῦ
1603 4925 1761 4981 Θείου
1823 4921 1985 5018 θερα-

591 5007 901 5111 προσιόντές
947 5007 1132 5104 ἱερεῖς,
1187 5024 1351 5096 ἐλαίῳ
1386 5019 1629 5092 ἐχρίοντο
1667 5007 1980 5111 σκευαστῶ-

406 5137 437 5192 6
455 5134 511 5189 δέ
542 5102 761 5199 διὰ-τῆς
790 5102 1124 5198 προφητείας
1151 5115 1478 5188 δηλούμενος
1509 5112 1576 5181 τῇ
1614 5105 1783 5199 ἐνθέῳ
1826 5102 1987 5158 δυνά-

414 5243 504 5300 μει
534 5196 819 5294 κεχρίσθαι
837 5196 1096 5285 λέγεται.
1135 5209 1308 5263 Τοῦτο
1331 5207 1389 5261 δὲ
1421 5204 1543 5259 ὅλον
1578 5200 1679 5300 ἐπὶ.
1708 5197 1800 5251 τὸν

407 5283 567 5386 τερον
595 5283 825 5381 ἒωτῆρα
864 5283 1155 5373 ἀνεφέρετο
1209 5295 1440 5369 Ἰησοῦν,
1472 5293 1565 5346 τὸν
1613 5288 1774 5361 μόνον
1817 5283 1990 5355 ἀληθῆ

409 5379 646 5481 Χριστὸν
666 5379 769 5459 τοῦ
808 5396 966 5460 Θεοῦ,
1011 5395 1107 5458 ὡς,
1136 5392 1230 5447 ἐπὶ
1258 5389 1357 5459 τῆς
1403 5385 1512 5440 τῶν
1558 5379 1827 5436 Ἰουδαίων
1869 5392 1993 5429 συν-

413 5465 636 5570 αγωγῆς
678 5511 807 5550 ποτε
858 5487 1038 5545 λαϐὼν
1069 5485 1168 5557 τὴν
1214 5478 1583 5555 προφητείαν,
1628 5473 1722 5527 καὶ
1765 5465 1990 5570 διελθῶν

411 5558 510 5663 την
538 5558 848 5645 ἐκτεθεῖσαν
887 5578 1211 5655 περικοπὴν,
1246 5566 1637 5663 πεπληρῶσθαι
1674 5567 1753 5663 εἰς
1795 5558 1988 5663 ἐαυτὸν

414 5651 620 5752 ἐδίδαξε
652 5681 713 5736 τὸ
734 5651 1085 5746 ἀνάγνωσμα.
1110 5668 1422 5737 Γέγραπται
1445 5660 1574 5752 γὰρ,
1598 5657 1675 5752 ῶς
1697 5653 1824 5725 ἄρα,
1858 5651 1988 5752 ἀνα-

494 5778 541 5808 ὀ
572 5740 730 5829 llers.
765 5772 819 5826 1.
853 5740 864 5746 υ
898 5768 939 5799 ⁷⁸
972 5740 1120 5819 Psal.
1177 5773 1327 5818 XLIV,
1377 5753 1489 5807 7—8.
1533 5751 1580 5783 τ’
1607 5747 1714 5801 lsa.
1770 5759 1881 5809 LXI,
1931 5740 1983 5794 1.

492 5866 568 5940 (1)
600 5862 998 5936 [εἰλημμένου.
1035 5856 1175 5926 Lege
1212 5846 1562 5923 ἠλειμμένου.
1601 5838 1758 5893 Eutr.

1273 392 1933 459 DI‘ZMONSTRATIONIS
1972 383 2433 445 EVANGELICE
2475 381 2605 437 LIB.
2645 379 2735 434 IV.

1276 516 1475 589 τρόπον
1513 508 1935 582 λειτουργοῦσιν,

2068 500 2230 554 riuum
2285 499 2525 552 minetur
2582 492 2887 550 oraculum.
2941 488 3107 542 alium
3153 500 3221 540 ex
3272 484 3381 539 alio
3427 499 3626 555 genere

3517 372 3629 447 32.2-

2043 589 2473 647 constituturum
2491 601 2552 642 se
2576 582 2914 639 sacerdotem
2941 580 3246 649 pollicetur,
3271 590 3430 644 quem
3457 577 3623 632 etiam

2044 683 2177 737 dicit
2213 698 2231 730 t
2279 681 2657 749 ingressurum
2705 675 2759 726 in
2794 678 3093 741 conspectu
3125 666 3327 724 Christi
3365 668 3451 729 sui
3482 686 3502 719 ι
3539 668 3626 723 vel

2051 793 2069 826 ι
2113 771 2578 826 inambulaturum
2615 767 2672 820 in
2717 765 2912 819 faciem
2957 761 3108 816 uncti
3164 760 3272 828 sui,
3310 779 3330 813 ι
3363 758 3630 829 quemad-

2046 866 2265 917 modum
2287 857 2483 928 Aquila
2499 858 2886 924 interpretatus
2905 859 3008 915 est,
3028 852 3133 915 vel,
3159 858 3217 905 ut
3242 849 3627 918 Symmachus.

2053 972 2072 1006 ι
2112 960 2461 1007 versaturum
2493 956 2623 1001 ante
2656 946 2937 1000 Christum
2970 958 3152 999 suum.
3184 961 3204 995 ι
3238 939 3347 995 Sed
3369 940 3493 1009 quis
3512 946 3631 994 tan-

2047 1045 2170 1100 dem
2206 1042 2295 1096 hic
2320 1040 2470 1095 erit?
2497 1037 2690 1092 Omnis
2716 1036 2972 1089 nimirum
3007 1033 3320 1102 quicunque
3352 1029 3420 1084 ad
3449 1044 3631 1085 sacer-

2049 1137 2256 1192 dotium
2285 1131 2489 1187 Christi
2521 1128 2618 1183 Dei
2650 1143 2775 1183 cum
2807 1126 3004 1196 pietate
3032 1123 3346 1181 accesserit.
3379 1121 3479 1176 Cui
3514 1122 3634 1192 qui-

2049 1227 2174 1283 dem
2213 1224 2371 1294 192
2406 1220 2669 1277 Ecclesiae
2696 1220 2945 1279 domum,
2987 1224 3246 1285 tanquam
3290 1215 3515 1284 sapiens
3539 1228 3631 1266 ar-

2052 1318 2323 1372 chitectus
2367 1320 2529 1383 atque
2564 1309 2862 1365 aediﬁcator
2915 1306 3033 1373 ipse
3090 1305 3331 1360 universi
3375 1302 3540 1367 Deus,
3571 1320 3631 1357 se

2051 1408 2444 1463 aadilicaturum
2484 1402 2793 1473 pollicetur,
2840 1413 2951 1453 non
2994 1396 3156 1451 aliam
3191 1397 3379 1466 utique
3406 1395 3628 1449 domum

2054 1498 2370 1570 signiﬁcans
2399 1509 2565 1566 quam
2608 1507 2728 1549 eam
2768 1505 2890 1561 qua:
2923 1487 3244 1544 nominatim
3274 1486 3495 1541 Christo
3536 1500 3633 1556 per

2054 1599 2229 1647 totum
2254 1588 2442 1643 orbem
2474 1594 2748 1641 terrarum
2790 1591 2972 1638 erecta
3003 1590 3107 1644 est,
3144 1578 3449 1634 Ecclesiam
3490 1596 3504 1632 :
3540 1577 3633 1631 ubi

2054 1698 2189 1740 sane
2218 1679 2398 1736 omnis
2421 1679 2734 1749 quicunque
2761 1690 2859 1745 per
2891 1672 3172 1728 Christum
3214 1670 3309 1725 Dei
3341 1684 3634 1724 consecra-

2056 1787 2144 1831 tus
2175 1784 2281 1839 est,
2318 1770 2614 1828 secundum
2647 1766 2951 1839 spiritualia
2996 1764 3326 1827 ministeria,
3358 1778 3481 1834 quae
3516 1762 3635 1832 pla-

1986 1880 2026 1933 Β
2055 1871 2162 1924 cita
2193 1869 2324 1933 sint,
2375 1875 2431 1921 et
2461 1880 2526 1919 ex
2571 1864 2754 1916 animo
2793 1875 2858 1915 ac
2884 1861 3158 1916 sententia
3190 1857 3286 1913 Dei
3314 1857 3516 1913 dicitur
3554 1855 3636 1909 fa-

2057 1969 2298 2015 cturus:
2332 1955 2554 2028 quando
2608 1954 2648 2007 ii
2698 1952 2792 2022 qui
2841 1966 2938 2022 per
2981 1949 3302 2020 sanguinem
3347 1958 3634 2004 taurorum

2059 2060 2223 2123 atque
2254 2050 2558 2112 hircorum,
2586 2046 2745 2115 juxta
2770 2051 3005 2099 veterem
3039 2042 3092 2096 in
3125 2041 3294 2112 ﬁgura
3330 2042 3517 2109 ritum,
3547 2056 3638 2096 sa-

2061 2163 2154 2202 cra
2182 2145 2554 2217 perﬁciebant,
2584 2143 2639 2197 in
2674 2140 2864 2196 odium
2888 2137 2983 2194 Dei
3013 2137 3293 2198 incidisse,
3325 2137 3636 2206 perlsaiam

2062 2240 2384 2308 prophetam
2417 2236 2537 2290 sine
2565 2231 2942 2288 controversia
2970 2230 3247 2283 dicuntur.
3277 2227 3555 2283 Hactenus
3574 2244 3640 2283 ea

2066 2333 2122 2386 in
2167 2331 2368 2401 quibus
2415 2325 2736 2384 nominatim
2775 2323 3030 2380 Christus
3080 2320 3376 2393 praedictus
3437 2318 3639 2376 fuerat.

2067 2422 2452 2478 Verumtamen
2503 2418 2630 2489 quia
2694 2416 2942 2486 pluribus
3001 2412 3185 2468 verbis
3243 2425 3365 2481 quae
3423 2409 3645 2464 Christo

2066 2515 2297 2569 adversa
2345 2526 2411 2566 ac
2452 2511 2631 2565 tristia
2683 2509 3048 2577 contigerunt,
3103 2505 3252 2557 illius
3295 2501 3645 2572 appellationi

2068 2606 2278 2661 adnexa
2313 2610 2461 2666 sunt,
2495 2616 2720 2657 necesse
2743 2609 2846 2663 est,
2870 2614 2991 2669 quae
3018 2608 3176 2651 antea
3206 2594 3352 2650 dicta
3380 2603 3527 2660 sunt,
3576 2592 3647 2647 de

2068 2698 2216 2752 illius
2231 2696 2516 2751 divinitate
2530 2674 2796 2763 repetere,
2821 2692 2888 2746 de
2916 2706 3022 2761 qua
3054 2690 3107 2744 in
3135 2704 3260 2743 των
3290 2688 3523 2759 psalmo,
3552 2688 3646 2757 qui

2070 2788 2370 2859 inscriptus
2406 2806 2426 2838 ι
2467 2786 2573 2840 Pro
2594 2784 2796 2840 dilecto
2829 2785 2894 2847 '°,
2933 2802 2952 2836 ι
2979 2783 3204 2837 tractari
3228 2795 3393 2850 supra
3421 2779 3651 2835 demon-

2070 2880 2388 2946 stravimus,
2423 2879 2515 2933 ubi
2541 2878 2823 2933 oraculum
2859 2876 2914 2930 in
2947 2874 3139 2945 primis
3169 2873 3238 2927 de
3270 2872 3364 2925 illo
3387 2878 3647 2940 tanquam

2070 2975 2137 3030 de
2165 2989 2291 3044 rege
2315 2980 2580 3037 tractans,
2621 2978 2745 3042 post
2770 2970 2874 3024 alia
2904 2968 3166 3024 nonnulla
3194 2965 3309 3021 haec
3335 2963 3403 3020 de
3443 2964 3651 3022 Christi

2072 3068 2356 3123 divinitate
2378 3066 2657 3136 adjungit:
2693 3083 2711 3115 ι
2746 3061 2915 3118 Sedes
2943 3068 3059 3125 tua,
3093 3058 3257 3122 Deus,
3288 3059 3345 3112 in
3388 3056 3649 3112 saeculum

2075 3160 2261 3216 saeculi
2294 3179 2308 3214 :
2346 3160 2496 3229 virga
2525 3155 2868 3221 directionis,
2899 3154 3049 3224 virga
3071 3155 3222 3222 regni
3256 3151 3374 3222 tuj:
3410 3149 3652 3205 dilexisti

2073 3254 2365 3325 justitiam,
2402 3261 2456 3307 et
2487 3250 2649 3306 odisti
2703 3249 3068 3320 iniquitatem,
3095 3252 3384 3316 propterea
3413 3244 3568 3297 unxit
3598 3249 3655 3297 te

2075 3347 2240 3412 Deus,
2264 3345 2406 3401 Deus
2423 3344 2682 3400 tuusoleo
2721 3340 3124 3400 exsultationis,
3150 3353 3260 3408 pra
3289 3336 3655 3407 participibus

2076 3439 2186 3494 tuis
2211 3439 2280 3493 '“.
2328 3456 2347 3489 ι
2378 3436 2543 3490 Plane
2572 3433 2719 3489 enim
2760 3433 2817 3486 in
2845 3432 2952 3494 his,
2985 3438 3045 3484 ut
3081 3429 3195 3497 jam
3231 3436 3390 3481 antea
3422 3427 3655 3481 demon-

2075 3531 2396 3592 stravimus,
2427 3543 2551 3584 cum
2578 3541 2725 3581 unus
2757 3525 2875 3595 ipse
2899 3537 3117 3594 quoque
3148 3521 3222 3576 sit
3247 3520 3294 3574 is
3320 3519 3387 3574 de
3415 3534 3525 3588 quo
3549 3516 3659 3587 agi-

2077 3632 2188 3685 tur,
2222 3621 2366 3676 Deus
2387 3634 2511 3675 esse
2535 3618 2759 3679 dicitur,
2788 3616 2880 3687 qui
2908 3613 3178 3683 justitiam
3208 3610 3479 3676 dilexerit,
3520 3607 3655 3663 ode-

2075 3715 2258 3782 ritque
2294 3710 2658 3780 iniquitatem,
2691 3714 2855 3776 atque
2894 3705 3057 3773 hujus
3085 3702 3165 3757 rei
3206 3699 3400 3771 gratia,
3438 3700 3507 3758 ab
3534 3699 3658 3769 ipso

2077 3807 2189 3862 Deo
2217 3820 2281 3860 ac
2303 3803 2465 3859 Patre
2490 3816 2591 3857 suo
2619 3806 2820 3855 unctus
2852 3797 2926 3853 sit
2945 3796 3066 3851 oleo
3098 3791 3464 3864 praestantiori
3493 3800 3658 3860 atque

2078 3893 2472 3957 excellentiori,
2508 3906 2671 3962 quam
2717 3897 2863 3946 esset
2898 3887 3211 3958 ﬁguratum,
3266 3898 3353 3949 eo,
3408 3883 3654 3950 inquam,

2078 3988 2220 4051 oleo,
2252 3984 2398 4057 quod
2427 3981 2810 4040 exsultationis
2843 3988 3091 4034 vocatur.
3135 3975 3206 4030 At
3234 3973 3380 4030 enim
3423 3972 3653 4043 quicun-

2073 4096 2186 4152 que
2212 4075 2591 4148 hujuscemodi
2623 4075 2765 4137 oleo,
2786 4088 2898 4127 non
2928 4071 2997 4125 ah
3022 4067 3338 4123 hominibus
3362 4080 3538 4135 neque
3556 4078 3657 4134 per

2080 4172 2350 4234 homines,
2401 4167 2496 4224 sed
2545 4167 2613 4222 ab
2662 4166 2783 4235 ipso
2826 4163 2935 4217 Deo
2978 4162 3139 4214 Patre
3175 4160 3247 4215 sit
3276 4165 3495 4219 unctus,
3525 4155 3657 4225 quid

2080 4264 2228 4319 aliud
2288 4261 2484 4317 merito
2540 4273 2704 4329 quam
2775 4254 3030 4310 Christus
3094 4252 3167 4308 sit
3234 4246 3661 4306 nominandus?

2076 4371 2211 4426 ergo
2266 4350 2519 4408 eumdem
2572 4347 2738 4403 etiam
2800 4343 2970 4400 Deum
3028 4342 3190 4400 simul
3226 4341 3496 4395 nominari
3543 4338 3659 4408 jam

2080 4452 2346 4510 constat;
2378 4438 2836 4513 quemadmodum
2892 4435 3113 4508 quidem
3158 4433 3276 4489 suis
3316 4432 3450 4488 locis
3497 4438 3658 4485 antea

2083 4540 2514 4595 demonstratum
2545 4540 2650 4589 est.
2688 4531 2888 4586 Verum
2918 4544 3038 4601 qua:
3060 4528 3201 4598 apud
3232 4526 3424 4583 Isaiam
3455 4523 3659 4594 scripta

2085 4634 2216 4688 olim
2284 4629 2623 4691 citavimus,
2687 4625 2780 4679 hic
2846 4637 3067 4693 quoque
3136 4618 3431 4690 repetenda
3489 4622 3659 4681 sttnt,

2091 4729 2179 4781 ubi
2234 4725 2324 4779 ille
2357 4722 2433 4776 ait
2469 4739 2485 4776 :
2528 4739 2548 4772 ι
2584 4717 2822 4789 Spiritus
2854 4713 3067 4771 Domini
3121 4727 3284 4781 super
3326 4726 3446 4774 me,
3501 4705 3662 4776 cujus

2088 4828 2255 4870 causa
2307 4810 2463 4865 unxit
2521 4823 2641 4872 me,
2701 4805 3076 4877 evangelizare
3126 4800 3454 4872 pauperibus
3511 4795 3665 4851 misit

2090 4922 2214 4967 nte,
2274 4918 2469 4960 sanare
2514 4900 2784 4956 contritos
2839 4896 3028 4961 corde,
3082 4892 3382 4964 praedicare
3432 4886 3663 4957 captivis

2091 4995 2491 5057 remissionem,
2538 5002 2594 5047 et
2639 4992 2800 5048 cacis
2837 4992 3016 5045 visum
3052 4987 3118 5039 ".
3166 5003 3186 5036 ι
3227 4985 3284 5037 In
3325 4981 3411 5036 his
3447 4993 3664 5049 quoque

2091 5084 2609 5148 demonstravimus,
2671 5082 2819 5154 quod
2864 5081 2960 5151 qui
3023 5076 3300 5149 quondam
3351 5069 3665 5129 sacerdotes

2087 5197 2151 5239 ex
2199 5176 2537 5241 hominibus,
2580 5175 2649 5230 ad
2703 5176 2781 5230 rei
2811 5174 3010 5229 divinae
3043 5169 3249 5224 cultum
3289 5160 3664 5222 accedebant,

2074 5275 2144 5330 :hi
2199 5276 2481 5344 unguento
2550 5266 2849 5324 artiﬁciose
2908 5264 3227 5330 comparato
3298 5251 3664 5324 ungehantur.

2094 5367 2251 5439 193
2282 5338 2355 5421 λι
2400 5381 2562 5439 quem
2608 5359 2891 5431 prophetia
2927 5351 3234 5424 signiﬁcat,
3272 5345 3319 5402 is
3350 5344 3553 5439 virtute
3581 5338 3670 5393 di-

2096 5428 2248 5515 t7th?
2265 5428 2467 5513 unctus
2500 5428 2625 5514 esse
2658 5428 2880 5510 dicitur,
2909 5451 3087 5499 evhoe
3109 5448 3281 5495 totum
3311 5435 3377 5490 ad
3413 5428 3668 5485 Salvato-

2098 5567 2210 5610 rem
2242 5558 2492 5607 nostrum
2529 5546 2734 5607 Jcsum,
2780 5540 2873 5610 qui
2905 5537 3055 5592 solus
3087 5545 3252 5588 verus
3297 5526 3551 5583 Christus
3584 5526 3670 5575 est

2096 5645 2215 5710 Dei,
2244 5640 2586 5700 referebatur
2621 5655 2635 5691 :
2668 5633 2759 5706 qui
2792 5630 3009 5702 quidem
3034 5625 3284 5682 Salvator
3313 5621 3372 5675 in
3396 5618 3671 5672 conventu
