4126 6432
463 361 571 417 335
1100 355 1368 414 EUSEBll
1405 353 1890 411 CESARIENSIS
1928 353 2080 411 OPP.
2103 353 2307 411 PARS.
2343 354 2411 410 ll.
2450 386 2523 398 —
2549 353 3050 413 APOLOGETICA.
3622 361 3729 417 524

458 476 775 533 Iudaeorum
798 473 1100 545 quondam,
1129 488 1253 528 cum
1285 471 1626 543 prophetiam
1645 471 1969 542 accepisset,
1991 479 2042 526 et

2146 471 2307 539 γνοὺς
2339 474 2433 525 καὶ
2468 471 2671 539 πτύξας
2705 472 2765 525 τὸ
2797 472 3018 543 βιϐλίον,
3057 472 3149 528 καί
3195 474 3431 541 ἀποδοὺς
3471 476 3552 549 τῷ
3582 479 3727 552 ὑπη-

460 570 642 625 locum
687 568 997 639 expositum
1033 564 1260 635 legendo
1300 566 1705 634 percurrisset,
1753 565 1809 619 in
1858 565 2042 635 seipso

2150 563 2299 635 ρέτῃ,
2329 563 2548 618 ἐκάθισε
2573 579 2587 593 ’
2635 564 2728 616 καὶ
2760 564 2979 619 πάντων
3009 566 3059 616 οἰ
3099 563 3367 636 ὀφθαλμοὶ
3400 568 3459 621 ὲν
3489 570 3556 640 τῇ
3598 586 3726 625 συν-

460 661 793 733 completum
826 673 971 720 esse,
1018 656 1165 727 quod
1194 657 1396 712 lectum
1434 666 1573 723 erat,
1603 658 1844 713 edocuit.
1881 655 2047 711 Scri-

460 761 614 826 ptum
641 760 728 808 est
764 755 932 815 enim,
966 758 1026 805 ut
1065 765 1189 805 cum
1222 751 1448 821 legisset
1476 751 1676 805 librum
1724 766 1787 805 ac
1818 750 2045 821 plicuis-

461 854 567 910 set,
604 844 969 912 ministroque
1005 841 1357 907 reddidisset,
1389 841 1590 898 deinde
1612 842 1835 907 sederit,
1876 850 2045 914 utque

460 938 706 992 omnium
741 936 885 991 oculi
920 936 976 989 in
1024 943 1300 990 conventu
1343 936 1398 990 in
1424 935 1577 990 illum
1609 945 1796 992 essent
1825 936 2042 1001 intenti,

464 1037 631 1100 atque
668 1035 729 1083 ut
758 1027 955 1085 deinde
974 1028 1205 1098 cceperit
1221 1027 1416 1083 dicere
1438 1027 1506 1082 ad
1541 1028 1688 1092 illos,
1710 1026 1856 1098 quod
1889 1045 1909 1078 ι
1945 1027 2046 1082 ho-

464 1123 556 1178 die
605 1123 876 1193 completa
923 1131 1009 1177 est
1065 1120 1348 1192 Scriptura
1399 1121 1514 1175 haec
1568 1120 1623 1174 in
1671 1120 1897 1176 auribus
1948 1136 2044 1175 ve-

461 1216 594 1272 stris
624 1216 691 1271 ⁷³.
734 1234 754 1267 ι
787 1214 951 1271 Hisce
981 1215 1240 1271 omnibus
1282 1214 1350 1268 ad
1382 1223 1687 1270 extremum
1720 1214 1812 1269 illa
1845 1229 2042 1269 rursus

460 1322 586 1378 quae
614 1306 758 1377 apud
789 1305 994 1363 Mosem
1025 1307 1257 1377 legimus
1306 1305 1558 1361 addenda
1589 1322 1899 1371 censemus,
1949 1305 2044 1376 qui

461 1416 610 1465 cum,
640 1400 709 1455 ad
756 1400 1035 1469 exemplar
1062 1399 1166 1455 sibi
1201 1399 1659 1463 demonstratum,
1699 1398 1884 1454 Aaron
1931 1397 2045 1453 fra-

460 1498 600 1546 trem
644 1506 804 1546 suum
850 1490 1160 1561 pontiﬁcem
1202 1490 1615 1555 constituisset,
1653 1489 1797 1545 sicut
1848 1504 2044 1544 oracu-

459 1584 575 1637 lum
615 1582 720 1653 ipsi
757 1590 1110 1653 praeceperat,
1163 1582 1309 1653 quod
1352 1583 1513 1649 dixit,
1548 1601 1569 1634 ‹
1623 1581 1815 1638 Facies
1858 1582 2043 1637 omnia

462 1674 533 1730 ad
589 1675 871 1745 exemplar
925 1676 1361 1731 demonstratum
1422 1674 1524 1730 tibi
1578 1674 1635 1729 in
1689 1683 1875 1729 monte
1906 1675 1975 1741 ⁷⁸,
2017 1694 2037 1727 ι

464 1768 627 1838 plane
676 1768 1024 1838 signiﬁcavit,
1070 1767 1219 1838 quod
1265 1766 1465 1822 mentis
1519 1766 1716 1830 oculis,
1748 1766 2045 1837 divinoque

461 1859 663 1930 spiritu
693 1875 949 1930 magnum
993 1859 1234 1913 universi
1266 1858 1576 1928 pontiﬁcem
1605 1858 1821 1923 viderit,
1854 1873 2042 1913 verum

2148 1856 2243 1910 καὶ
2261 1857 2290 1908 ὁ
2317 1856 2459 1920 θεῖος
2487 1853 2801 1919 ἀπόστολος,
2827 1854 3000 1924 λέγων
3033 1856 3162 1927 περὶ
3187 1855 3294 1911 τῶν
3323 1858 3463 1912 κατά
3479 1858 3571 1913 τὸν
3592 1861 3724 1915 Μω-
3830 1918 3833 1919 ,

464 1954 650 2024 utique
697 1952 976 2009 Christum
1026 1951 1143 2018 Dei,
1178 1952 1339 2022 cujus
1385 1951 1514 2006 dum
1567 1952 1857 2022 imaginem
1912 1966 2038 2006 cum

462 2046 567 2101 alia
590 2046 859 2116 corporali
886 2046 1056 2117 ﬁgura
1106 2060 1248 2117 aque
1270 2044 1591 2100 adoratiune
1606 2042 1868 2100 describit
1889 2059 2037 2108 eum,

460 2138 553 2205 qui
584 2135 688 2191 sibi
726 2135 799 2190 sit
834 2135 1263 2200 demonstratus,
1294 2134 1524 2190 alterius
1556 2134 1672 2190 veri
1702 2134 1909 2190 Christi
1939 2150 2037 2206 ap-

458 2226 753 2296 pellatione
806 2226 1112 2282 adornavit.
1158 2226 1339 2298 Ipsum
1389 2226 1494 2280 hoc
1550 2226 1771 2282 divinus
1822 2243 2041 2297 quoque

457 2318 756 2388 Apostolus
794 2320 1137 2389 comprobat,
1176 2320 1269 2375 ubi
1318 2319 1387 2375 de
1440 2318 1608 2375 Mosis
1655 2319 1868 2391 legibus
1907 2321 2041 2376 dicit

461 2409 598 2465 illud
636 2430 649 2465 :
693 2430 711 2463 ‹
774 2409 878 2477 Qui
919 2411 1214 2482 exemplari
1261 2419 1427 2481 atque
1477 2410 1685 2466 umbrae
1727 2410 2042 2468 deserviunt

457 2502 927 2571 supercmlestium
956 2504 1024 2557 τ’.
1062 2522 1081 2554 ι
1123 2501 1188 2556 Et
1225 2518 1417 2559 rursus
1463 2523 1476 2558 :
1530 2522 1549 2555 ι
1586 2501 1847 2558 Umbram
1894 2505 2040 2558 enim

457 2591 669 2647 habens
712 2593 797 2647 lex
850 2592 1158 2647 futurorum
1206 2592 1475 2648 honorum
1506 2595 1574 2648 "°.
1628 2614 1646 2646 ι
1683 2594 1749 2648 Et
1791 2610 1986 2651 rursus
2023 2613 2038 2650 :

464 2699 486 2733 ί
522 2680 694 2737 Nemo
726 2682 893 2753 igitur
931 2699 1029 2738 vos
1053 2682 1264 2752 judicet
1306 2684 1362 2738 in
1393 2684 1517 2739 cibo
1547 2692 1640 2740 aut
1677 2693 1831 2755 potu,
1868 2694 1963 2740 aut
1986 2686 2041 2740 in

456 2781 616 2844 parte
659 2773 766 2829 diei
822 2772 979 2840 festi,
1014 2781 1110 2827 aut
1155 2774 1472 2839 neomeniae,
1507 2781 1600 2829 aut
1652 2774 2038 2839 Sabbatorum,

455 2880 581 2935 quae
623 2873 751 2921 sunt
802 2866 997 2921 umbra
1057 2866 1370 2921 futurorum
1399 2868 1467 2923 ⁷⁷.
1505 2887 1523 2920 ι
1558 2866 1694 2924 Nam
1730 2868 1777 2924 si
1821 2883 1942 2937 quae
1971 2869 2040 2924 ad

454 2958 708 3013 ciborum
744 2957 1166 3013 indiﬁ‘erentiam
1195 2959 1490 3029 pertinent.
1520 2969 1573 3017 et
1605 2977 1726 3032 quae
1753 2962 1821 3018 de
1846 2962 2041 3020 diebus

458 3048 616 3104 l'estis
643 3056 699 3104 et
724 3050 968 3105 sabbatis
1002 3051 1116 3121 lege
1173 3053 1384 3106 sancita
1414 3061 1562 3117 sunt,
1589 3056 1747 3125 quasi
1788 3057 2039 3111 umbram

457 3140 735 3207 habentia,
771 3143 1043 3212 picturam
1088 3144 1319 3198 aliarum
1350 3152 1404 3199 et
1435 3161 1684 3202 verarum
1716 3156 1771 3204 ct
1797 3151 2042 3205 occulta—

458 3248 580 3287 rum
612 3248 795 3287 rerum
826 3234 1247 3301 conservahant,
1278 3252 1387 3292 non
1420 3236 1692 3295 immerito
1730 3242 1807 3297 sis
1845 3242 2041 3297 dictu-

458 3341 592 3389 rus,
637 3325 950 3395 pontiﬁcem
995 3342 1215 3399 quoque
1258 3328 1487 3386 alterius
1535 3331 1813 3402 pontiﬁcis
1865 3334 2043 3390 instar

459 3426 799 3488 assumptum
847 3418 1041 3484 fuisse,
1087 3420 1450 3491 eumdemque
1481 3422 1762 3480 Christum
1793 3424 2043 3481 denomi-

458 3518 673 3577 natum,
715 3512 782 3567 ad
816 3513 1042 3568 alterius
1084 3522 1139 3568 et
1190 3516 1363 3571 solius
1392 3525 1447 3570 et
1474 3518 1587 3573 veri
1617 3517 1819 3574 Christi
1851 3519 2043 3590 imagi-

460 3620 607 3661 nem.
649 3603 752 3672 Qui
789 3613 972 3661 tamen
1005 3622 1035 3659 a
1063 3623 1192 3663 vero
1235 3610 1506 3680 tantisper
1536 3611 1886 3681 relinquitur,
1911 3613 2040 3667 dum

457 3713 622 3753 verus
670 3697 888 3769 quidem
940 3698 1227 3765 Christus,
1275 3701 1345 3756 ab
1390 3702 1630 3757 universi
1685 3702 1793 3758 Deo
1843 3702 2038 3757 audit:

460 3807 483 3841 ς
523 3788 665 3845 Sede
695 3805 726 3844 a
774 3791 978 3848 dextris
1007 3792 1167 3854 meis,
1199 3792 1377 3848 donec
1406 3809 1604 3864 ponam
1641 3794 1892 3851 inimicos
1921 3803 2045 3851 tuos

455 3883 753 3939 scabellum
777 3884 975 3954 pedum
993 3890 1212 3938 tuorum
1228 3885 1294 3939 ".
1311 3904 1329 3937 ι
1353 3885 1417 3938 Ει
1439 3886 1568 3941 illud
1589 3904 1631 3941 τι
1654 3886 1730 3941 Ex
1746 3896 1903 3943 utero
1921 3895 2047 3944 ante

457 3970 768 4029 Luciferum
791 3975 951 4043 genui
975 3975 1106 4029 te".
1135 3994 1153 4026 ι
1179 3974 1242 4028 Et
1259 3976 1389 4030 illud
1411 3997 1423 4031 :
1446 3996 1464 4027 ε
1488 3976 1696 4032 Juravit
1716 3977 1977 4035 Dominus
1991 3988 2047 4034 et

454 4078 569 4121 non
601 4066 884 4135 pcenitebit
910 4081 1053 4121 eum.
1083 4065 1244 4138 194
1291 4068 1374 4121 Τιι
1420 4083 1481 4123 es
1510 4070 1767 4125 sacerdos
1805 4072 1860 4124 in
1889 4079 2046 4125 aeter-

2145 656 2331 725 ἀγωγῇ
2382 650 2524 726 ἦσαν
2577 654 2913 719 ἀτενίζοντες
2954 654 3135 726 αύτῷ,
3184 656 3388 727 ἤρξατο
3434 656 3493 711 δὲ
3545 657 3726 728 λέγειν

2145 746 2282 818 πρὸς
2319 747 2549 812 αὐτοὺς,
2585 746 2668 800 ὅτι
2706 764 2725 797 ι
2760 746 3010 819 Σήμερον
3046 746 3403 819 πεπλήρωται
3449 751 3484 821 ή
3532 749 3725 826 Γραφὴ

2144 838 2283 910 α’ύτη
2310 840 2369 891 ἐν
2399 840 2510 903 τοῖς
2534 839 2666 892 ὠσὶν
2692 838 2866 909 ὑμῶν.
2894 858 2914 891 ι
2945 838 3068 892 Ἐπὶ
3091 837 3301 904 τούτοις
3330 839 3503 893 ἅπασι
3538 842 3634 894 καὶ
3657 842 3726 897 τά

2143 929 2387 993 Μωσέως
2426 926 2581 993 αὖθις
2622 927 3005 1001 παραθετέον,ξ
3035 928 3096 993 ὃς
3130 929 3271 984 κατά
3304 931 3399 984 τὸν
3446 932 3728 1004 δειχθέντα

2144 1022 2291 1094 αὐτῷ
2313 1022 2507 1087 τύπον,
2534 1022 2625 1076 τὸν
2670 1022 2800 1076 ῐδιον
2838 1021 3067 1092 ἀδελφὸν
3095 1023 3187 1077 τὸν
3219 1023 3431 1096 Ἀαρὼν
3463 1025 3725 1098 ἀρχιερέα

2144 1115 2646 1186 καταστησάμενος,
2679 1112 2987 1178 ἀκολούθως
3011 1113 3088 1186 τῷ
3120 1116 3354 1186 φήσαντι
3388 1118 3526 1189 πρὸς
3562 1118 3725 1173 αὑτὸν

2144 1210 2396 1283 χρησμῷ,
2429 1228 2450 1262 ι
2480 1210 2734 1276 Ποιήσεις
2764 1209 2941 1263 πάντα
2985 1208 3124 1262 κατά
3165 1209 3256 1263 τὸν
3294 1208 3465 1263 τύπον
3488 1210 3582 1265 τὸν
3611 1212 3724 1266 δει-

2142 1303 2342 1375 χθέντα
2375 1319 2456 1356 σοι
2500 1304 2557 1356 ἐν
2594 1301 2673 1372 τῷ
2701 1301 2855 1374 ὄρει,
2887 1320 2906 1353 ι
2931 1300 3091 1372 δῆλός
3129 1303 3313 1367 ἐστιν,
3350 1302 3427 1365 ώς
3468 1306 3582 1367 τοῖς
3623 1305 3724 1376 τῆς

2143 1394 2379 1458 διανοίας
2410 1393 2622 1465 ὕμμασι
2659 1394 2754 1446 καὶ
2779 1392 2858 1464 τῷ
2897 1393 3027 1464 θείῳ
3061 1391 3339 1463 Πνεύματι
3380 1393 3605 1448 συνιδὼν
3630 1395 3724 1449 τὸν

2147 1487 2320 1557 μέγαν
2334 1486 2442 1540 τῶν
2460 1485 2595 1539 ὅλων
2610 1484 2888 1557 ἀρχιερέα,
2903 1484 2993 1537 τὸν
3010 1483 3180 1555 ἀληθῆ
3196 1484 3430 1556 Χριστὸν
3448 1485 3543 1538 τοῦ
3562 1484 3721 1552 Θεοῦ,

2144 1573 2205 1634 οὗ
2231 1578 2367 1650 μετά
2400 1578 2498 1649 τῆς
2554 1576 2720 1648 ἀλλης
2756 1576 3072 1648 σωματικῆς
3096 1576 3191 1629 καὶ
3210 1576 3447 1647 τυπικῆς
3469 1575 3725 1649 λατρείας

2143 1670 2241 1743 τήν
2268 1671 2450 1725 εἰκόνα
2466 1669 2806 1741 διαγράφων,
2839 1668 2930 1723 τὸν
2950 1668 3256 1739 δηλωθέντα
3277 1672 3344 1742 τῇ
3374 1670 3469 1723 τοῦ
3490 1671 3725 1743 ἀληθοῦς

2144 1762 2381 1836 Χριστοῦ
2419 1761 2780 1835 προσωνυμίᾳ
2816 1760 3101 1832 τετίμηκε.
3130 1760 3303 1815 Τοῦτο
3338 1762 3397 1817 δέ
3427 1765 3725 1837 παρίστησι

2143 1948 2280 2012 σέως
2306 1947 2488 2019 νόμον,
2525 1947 2605 2010 τὸ,
2648 1967 2667 1999 ‹
2691 1947 2897 2011 Οίτινες
2940 1947 3300 2018 ὑποδείγματι
3336 1951 3432 2004 καὶ
3462 1954 3589 2023 σκιᾷ
3629 1952 3726 2007 λα-

2139 2038 2392 2112 τρεύουσι
2412 2037 2520 2092 τῶν
2551 2037 2907 2110 ἐπουρανίων.
2940 2056 2958 2087 ι
2993 2037 3105 2091 Kai.
3138 2037 3299 2091 πάλιν
3318 2055 3331 2069 ο
3371 2058 3390 2090 ‹
3420 2040 3587 2094 Σκιάν
3615 2041 3723 2113 γὰρ

2142 2134 2280 2207 ἔχων
2310 2134 2340 2187 ὁ
2372 2134 2535 2204 νόμος
2557 2131 2666 2185 τῶν
2719 2130 3020 2202 μελλόντων
3063 2130 3302 2200 ἀγαθῶν.
3332 2150 3352 2183 ι
3381 2134 3492 2187 Καὶ
3520 2133 3680 2187 πάλιν
3699 2148 3715 2163 ⁸

2147 2249 2166 2281 ‹
2189 2227 2282 2299 Μὴ
2318 2222 2411 2280 οὖν
2434 2243 2515 2290 τις
2539 2225 2684 2296 ὑμᾶς
2706 2223 2936 2295 κρινέτω
2965 2223 2998 2295 ἢ
3035 2225 3093 2277 ὲν
3141 2221 3357 2295 βρώσει,
3386 2222 3419 2294 ἢ
3446 2225 3503 2278 ἐν
3536 2225 3714 2291 πόσει,

2140 2321 2253 2392 ἢέν
2278 2319 2433 2391 μέρει
2468 2317 2682 2389 ἑορτῆς,
2710 2315 2742 2388 ἢ
2775 2316 3092 2387 νουμηνίας,
3117 2316 3149 2387 ἢ
3180 2314 3483 2381 σαϐϐάτων,
3524 2316 3561 2370 ἆ
3599 2318 3711 2371 ἐστι

2143 2411 2270 2465 σκιά
2299 2410 2407 2465 τῶν
2435 2409 2752 2482 μελλόντων.
2790 2427 2808 2459 ι
2835 2408 2899 2461 El
2930 2408 3039 2480 γάρ
3069 2408 3136 2462 τὰ
3164 2409 3291 2480 περὶ
3314 2409 3413 2480 τῆς
3438 2408 3548 2461 τῶν
3575 2408 3715 2481 βρω-

2145 2504 2331 2573 μάτων
2353 2500 2695 2573 ἀδιαφορίας,
2721 2501 2813 2553 καὶ
2836 2499 2906 2553 τά
2939 2500 3068 2572 περὶ
3092 2500 3298 2573 ἑορτῶν
3324 2502 3418 2557 καὶ
3454 2501 3724 2556 σαϐϐάτου

2141 2590 2609 2664 νενομοθετημένα
2629 2631 2644 2656 ,
2677 2590 2753 2654 ὡς
2796 2590 2863 2644 ἂν
2896 2587 3097 2662 σκιώδη
3123 2590 3276 2644 ’ὅντα
3296 2630 3311 2655 ,
3363 2590 3726 2665 ὑπογραμμὸν

2142 2686 2345 2757 ἐτέρων
2378 2683 2593 2756 ἀληθῶν
2641 2683 2734 2737 καὶ
2796 2680 3071 2753 μυστικῶν
3120 2683 3461 2754 πραγμάτων
3501 2683 3725 2747 ἔσωζεν,

2141 2780 2242 2834 οὐκ
2286 2777 2590 2841 ἀπεικότως
2634 2779 2781 2850 ἐρεῖς
2825 2776 2920 2830 καὶ
2963 2775 3052 2829 τὸν
3100 2774 3361 2847 ἀρχιερέα
3402 2776 3484 2839 είς
3533 2775 3725 2846 ἐτέρου

2141 2871 2442 2947 ἀρχιερέως
2475 2869 2842 2944 παρειλῆφθαι
2872 2866 3158 2939 σύμϐολον,
3182 2866 3278 2922 καὶ
3296 2866 3531 2939 Χριστὸν
3560 2867 3722 2921 αὐτὸν

2142 2964 2526 3038 ἐπωνομάσθαι
2551 2966 2631 3028 εἰς
2659 2964 2849 3035 ἐτέρου
2890 2960 2984 3016 τοῦ
3016 2961 3176 3034 μόνου
3211 2959 3307 3015 καὶ
3344 2958 3560 3031 ἀληθῶς
3592 2961 3723 3032 Χρι-

2144 3056 2272 3111 στοῦ
2296 3073 2310 3087 υ
2341 3054 2593 3109 τοσοῦτον
2623 3072 2687 3124 γε
2728 3054 2835 3127 μὴν
2856 3053 3174 3125 λειπόμενον
3208 3050 3303 3107 τοῦ
3338 3050 3591 3123 ἀληθοῦς,
3625 3068 3725 3105 καο

2144 3147 2298 3201 θόσον
2348 3146 2377 3198 ὁ
2429 3145 2529 3216 μὲν
2578 3144 2783 3217 ἀληθὴς
2830 3143 3063 3217 Χριστὸς
3112 3144 3248 3216 πρὸς
3291 3141 3384 3197 τοῦ
3433 3142 3542 3196 τῶν
3588 3141 3721 3196 ὅλων

2143 3236 2277 3290 Θεοῦ
2312 3235 2518 3290 ἀκούει·
2551 3255 2568 3286 ι
2593 3236 2778 3293 Κάθου
2803 3237 2868 3290 ἐκ
2892 3234 3083 3303 δεξιῶν
3117 3252 3239 3306 μου,
3262 3234 3368 3298 ἓως
3396 3234 3461 3289 ἂν
3498 3233 3576 3287 θῶ
3599 3235 3725 3298 τοὺς

2143 3328 2367 3401 ἐχθρούς
2381 3345 2473 3382 σου
2489 3327 2775 3385 ὑποπόδιον
2790 3328 2895 3381 τῶν
2912 3327 3087 3383 ποδῶν
3109 3343 3223 3380 σου·
3250 3346 3267 3380 ι
3285 3328 3414 3391 Καὶ,
3426 3346 3443 3377 ι
3468 3328 3724 3381 Κατακυο

2147 3420 2292 3491 ρίευε
2329 3422 2386 3473 ἐν
2418 3420 2568 3492 μέσῳ
2598 3420 2705 3473 τῶν
2740 3419 2948 3492 ἐχθρῶν
2988 3437 3082 3473 σου
3101 3436 3115 3450 ο
3141 3420 3306 3483 »Καί,
3328 3438 3346 3470 ι
3379 3420 3473 3474 Ἐκ
3490 3418 3725 3489 γαστρὸς

2145 3511 2252 3583 πρὸ
2277 3511 2583 3584 Ἑωσφόρου
2626 3512 2892 3584 ἐγέννησά
2916 3529 2974 3567 σε
2994 3529 3007 3542 ’
3031 3531 3049 3563 ›
3084 3513 3193 3565 Kal
3227 3531 3246 3563 ι
3274 3512 3475 3582 Ὠμοσε
3496 3508 3723 3583 Κύριος,

2148 3605 2245 3659 καὶ
2262 3606 2320 3658 οὐ
2343 3605 2851 3679 μεταμεληθήσεται
2870 3622 2884 3637 ο
2901 3608 2973 3662 Σὺ
3002 3606 3179 3680 ἱερεὺς
3195 3608 3273 3669 είς
3294 3605 3385 3659 τὸν
3401 3605 3569 3661 αίῶνα
3587 3606 3728 3660 κατὰ

2144 3700 2244 3770 τὴν
2274 3697 2425 3762 τάξιν
2456 3698 2813 3769 Μελχισεδέκ.
2868 3718 2886 3750 ι
2907 3700 2983 3750 Δι’
3009 3691 3083 3752 ὧν
3110 3698 3317 3768 σαφῶς,
3360 3699 3604 3772 γέννημα
3630 3701 3725 3754 καὶ

2148 3789 2274 3855 Υἱὸς
2290 3788 2424 3843 Θεοῦ
2442 3791 2546 3864 πρὸ
2559 3790 2893 3862 Ἑωσφόρου,
2916 3790 3011 3845 καὶ
3039 3789 3145 3861 πρὸ
3173 3790 3353 3861 πάσης
3369 3789 3726 3861 δημιουργίας

2149 3883 2410 3947 ὑποστὰς,
2443 3882 2659 3948 αἰώνιος
2692 3884 2982 3957 ἀρχιερεὺς
3004 3878 3401 3953 ἀναπέφανται.
3433 3882 3489 3935 '0
3511 3881 3568 3936 δὲ
3596 3883 3724 3935 Μω-

2150 3976 2291 4040 σέως
2309 3976 2564 4048 Χριστὸς,
2582 3970 2695 4030 οἷον
2711 3978 2767 4031 ἐν
2778 3975 3038 4049 δράματι,
3059 3975 3150 4030 τὸν
3175 3975 3343 4029 τύπον
3358 3975 3451 4047 ἐνβ
3459 3977 3727 4047 ραχεῑκαιο

2148 4068 2626 4143 θυποκρινάμενος
2651 4069 2829 4142 χρόνῳ
2848 4109 2864 4136 ,
2895 4072 3070 4126 κεῖται
3094 4071 3153 4122 ἐν
3185 4066 3397 4138 θνητοῖς
3417 4066 3727 4136 λελογισμέ-

456 4172 590 4212 num
626 4157 931 4213 secundum
964 4158 1212 4213 ordinem
1249 4158 1608 4216 Melchisedec
1639 4162 1706 4215 ⁸ο.
1748 4182 1766 4214 ι
1796 4161 1903 4218 Per
1926 4176 2042 4234 quae

2149 4179 2262 4227 νος,
2282 4162 2456 4234 ἑτέρῳ
2476 4161 2574 4235 τὴν
2590 4161 2848 4234 ἀλήθειαν
2863 4160 2939 4233 τῷ
2955 4160 3099 4233 μόνῳ
3113 4160 3208 4213 καὶ
3222 4150 3413 4232 ἀληθεῖ
3428 4156 3719 4230 παραδούς·

458 4248 623 4321 plane
668 4265 793 4303 cum
833 4250 1051 4305 soboles
1081 4251 1177 4306 Dei
1228 4267 1291 4307 ac
1323 4252 1492 4309 Filius
1534 4262 1660 4310 ante
1706 4252 2042 4321 Luciferum,

2147 4258 2241 4311 καί¹
2263 4258 2292 4310 ὁ
2341 4258 2439 4328 μὲν
2459 4256 2667 4329 ἀληθής
2691 4255 2924 4329 Χριστὸς
2947 4254 3008 4308 ού
3037 4252 3250 4325 δεηθεὶς
3274 4253 3372 4324 τῆς
3401 4251 3538 4304 κατά
3588 4250 3724 4305 Mle-

458 4352 624 4410 atque
654 4349 778 4395 ante
805 4356 969 4396 omne
997 4344 1274 4413 opiﬁcium
1302 4347 1592 4410 exstiterit,
1617 4347 1856 4417 pontifex
1887 4356 2042 4405 mter.

2149 4350 2246 4403 σέα
2272 4350 2524 4422 χρίσεως,
2539 4349 2648 4402 οὐδ’
2676 4346 2857 4402 ἐλαίου
2882 4343 3177 4403 σκευαστοῦ
3200 4342 3293 4396 καὶ
3316 4341 3547 4411 γεώδους
3569 4340 3720 4412 ὓλης.

459 4447 566 4487 nus
607 4440 693 4488 est
724 4433 1058 4491 declaratus.
1103 4435 1270 4493 Mosis
1317 4453 1447 4493 vero
1483 4438 1755 4501 Christus,
1785 4450 2042 4512 tanquam

2145 4444 2298 4514 ὅμως
2340 4442 2441 4513 τῆς
2476 4441 2677 4514 ἀρετῆς
2717 4441 2812 4494 καὶ
2844 4440 2944 4510 τῆς
2995 4436 3376 4508 προσωνυμίας
3418 4436 3516 4508 τῆς
3560 4434 3724 4490 αὐτοῦ

460 4522 516 4599 in
540 4524 760 4579 scenica
784 4525 1018 4589 actione,
1042 4528 1108 4583 ad
1133 4530 1296 4584 breve
1325 4530 1624 4587 adornatus
1647 4533 2042 4605 simulatusque

2147 4535 2246 4607 τὴν
2292 4533 2615 4605 οἰκουμένην
2670 4531 2984 4603 κατέπλησε
3007 4571 3021 4594 ,
3075 4528 3403 4601 παρώνυμον
3457 4526 3621 4583 αὑτοῦ
3666 4528 3726 4581 τὸ

456 4623 674 4686 tempus
728 4616 874 4672 inter
903 4622 1163 4675 mortales
1201 4622 1412 4692 positus
1444 4632 1902 4697 computatusque
1930 4635 2034 4695 est,

2145 4625 2487 4700 Χριστιανῶν
2507 4626 2662 4694 γένος
2692 4627 2750 4678 ἐν
2773 4626 2907 4678 πᾶσι
2938 4618 3051 4688 ΔΫοίς
3079 4622 3255 4677 ἔθνεσι
3282 4622 3689 4693 συστησάμενος
3706 4637 3721 4652 ·

455 4711 634 4773 alteri,
670 4711 762 4781 qui
807 4711 957 4767 solus
984 4723 1070 4768 est
1112 4730 1297 4778 verus,
1328 4717 1529 4771 tradita
1556 4719 1784 4774 veritate
1814 4739 1827 4775 :
1866 4728 1921 4775 et
1949 4738 2042 4777 ve-

2144 4724 2174 4777 ό
2240 4719 2297 4773 δὲ
2336 4717 2616 4781 Μωσέως,
2662 4716 2771 4770 οὐδ’
2824 4718 2907 4770 ὅτι
2962 4716 3093 4769 ποτὲ
3141 4717 3201 4768 ἐν
3249 4713 3557 4785 ἀνθρώποις
3597 4713 3729 4766 ώνο-

456 4818 554 4859 rus
611 4805 828 4875 quidem
875 4805 1172 4873 Christus,
1222 4824 1400 4880 neque
1449 4808 1700 4866 Mosaicae
1737 4814 2037 4879 unctionis,

2146 4812 2350 4887 μάσθη,
2373 4812 2531 4883 δῆλος
2597 4806 2694 4884 ἦν,
2737 4813 2786 4865 εἰ
2823 4810 2896 4882 μὴ
2928 4808 3016 4864 διὰ
3058 4809 3158 4880 τῆς
3200 4808 3445 4872 Μωσέως
3485 4806 3723 4879 γραφῆς.

454 4912 633 4968 neque
661 4898 764 4953 olei
800 4900 1098 4956 artiﬁciose
1136 4900 1392 4966 confecti,
1432 4905 1776 4961 terrestrisve
1803 4907 2037 4976 alicujus

2144 4908 2247 4963 Καὶ
2283 4902 2438 4970 οὗτος
2484 4906 2580 4977 μὲν
2621 4904 2720 4975 ὀψέ
2770 4922 2902 4959 ποτε
2944 4902 3082 4975 μετά
3130 4901 3228 4974 τὴν
3272 4900 3449 4967 ἔξοδον
3486 4901 3587 4971 τὴν
3620 4898 3729 4952 ἀπὸ

456 4990 697 5045 materia!
748 4990 1035 5060 indigens,
1083 5001 1266 5048 tamen
1305 4996 1508 5051 virtute
1565 4999 2037 5069 appellationeque

2144 5001 2418 5070 Αἰγύπτου
2455 5000 2932 5072 περιῤῥαντηρίοις
2972 4997 3085 5052 τισὶ
3114 4997 3208 5051 καὶ
3243 4998 3362 5060 ταῖς
3393 4994 3459 5047 δι’
3482 4992 3730 5064 αἱμάτων

454 5093 555 5136 sua
595 5089 770 5137 totum
814 5091 1087 5138 terrarum
1131 5087 1317 5141 orbem
1369 5088 1661 5157 implevit:
1699 5091 1899 5161 quippe
1943 5090 2039 5161 qui

2144 5094 2355 5159 θυσίαις
2389 5092 2706 5165 καθαρθεὶς,
2743 5093 2909 5161 ἐλαίῳ
2943 5091 3197 5162 κέχριστο
3259 5086 3561 5156 σκευαστῷ,
3600 5086 3731 5138 Μω-

452 5172 869 5231 denominatum
903 5192 934 5231 a
969 5179 1153 5249 seipse
1202 5181 1255 5233 in
1305 5182 1562 5237 omnibus
1601 5185 1852 5253 gentibus
1874 5183 2041 5239 Chri-

2144 5188 2286 5251 σέως
2318 5187 2477 5240 αὐτὸν
2516 5185 2831 5257 κεχρικότος
2851 5202 2863 5214 ’
2896 5186 2925 5237 ὁ
2952 5184 3010 5237 δὲ
3054 5182 3357 5255 ἀρχέτυπος
3395 5180 3489 5234 καὶ
3521 5176 3727 5249 ἀληθὴς

452 5267 760 5322 stianornm
796 5269 1097 5326 instituerit
1123 5287 1315 5343 genus.
1339 5273 1508 5331 Mosis
1536 5291 1668 5331 vero
1690 5277 1944 5333 Christus
1973 5292 2042 5332 ne

455 5355 513 5411 in
541 5358 855 5416 hominibus
881 5363 1125 5433 quidem,
1162 5368 1307 5435 quod
1338 5384 1577 5438 unquam
1605 5384 1803 5423 nomen
1834 5369 2044 5423 habue-

455 5450 555 5516 rit,
599 5457 948 5526 perspicuum
994 5457 1134 5522 fuit,
1178 5442 1295 5515 nisi
1332 5472 1600 5533 quatenus
1647 5463 1822 5534 ipsius
1871 5462 2039 5518 Mosis

2144 5279 2384 5349 ἀρχῆθεν
2430 5280 2528 5333 καὶ
2568 5281 2649 5340 εἰς
2695 5278 2921 5349 ἄπειρον
2955 5276 3161 5340 αἰῶνα,
3206 5274 3325 5339 ὅλος
3368 5273 3434 5327 δι’
3468 5271 3587 5325 ὅλου
3633 5270 3729 5325 καὶ

2146 5371 2309 5433 αὐτὸς
2359 5370 2510 5441 αὐτῷ
2557 5370 2625 5424 τά
2682 5368 2859 5423 πάντα
2888 5370 3106 5441 ὅμοιος,
3160 5367 3283 5440 μηδ’
3311 5362 3489 5419 ὁτιοῦν
3520 5360 3730 5431 παραλ-

2145 5458 2374 5524 λάττων,
2411 5461 2646 5533 Χριστὸς
2675 5458 2742 5533 ἦν
2769 5463 2876 5523 ἀεὶ,
2911 5462 3006 5514 καὶ
3042 5460 3147 5531 πρὸ
3188 5460 3287 5531 τῆς
3322 5460 3378 5510 ὲν
3424 5452 3730 5526 ἀνθρώποις

454 5545 660 5615 scripta
715 5548 1069 5616 prodiderint.
1127 5551 1193 5606 Et
1242 5554 1329 5608 hic
1377 5556 1595 5626 quidem
1647 5570 1772 5611 sero
1818 5556 2039 5611 tandem

2147 5553 2459 5624 ἐπιδημίας,
2485 5555 2578 5608 καὶ
2609 5557 2724 5625 μετ’
2750 5554 2916 5625 αὐτὴν
2945 5552 3165 5624 ὁμοίως,
3190 5551 3251 5604 οὐ
3278 5550 3413 5621 πρὸς
3441 5543 3731 5618 ἀνθρώπου

557 5721 1013 5809 ".Luczulv,_2_l.
1078 5730 1507 5809 ,ἷξε-κοιίλη,
1544 5739 1634 5795 40.
1742 5739 1980 5797 "Hebr.
2028 5757 2042 5787 π

2144 5738 2234 5800 .5.
2345 5738 2576 5796 "Hebr.
2631 5756 2684 5806 ι,
2742 5740 2790 5794 l.
2869 5742 2912 5773 ⁷⁷
2937 5736 3150 5792 Coloss.
3201 5734 3402 5796 11.16.
3506 5733 3554 5766 ⁷⁸
3577 5731 3727 5791 Psal.

794 5738 1013 5808 μετέ.
1079 5738 1507 5808 _jf_l:1_xod.xxv,
1544 5739 1634 5795 40.
1742 5739 1980 5797 "Hebr.
2028 5754 2147 5808 \‘lll,
2181 5738 2234 5795 5.

456 5806 565 5860 Clx,
600 5794 647 5848 l.
725 5796 923 5854 "ibid.
949 5800 1003 5854 5.
1077 5799 1273 5858 "ibid.
1312 5805 1363 5859 4.

2345 5738 2576 5796 "Hebr.
2631 5756 2684 5806 ι,
2742 5740 2790 5794 l.
2869 5742 2912 5773 ⁷⁷
2937 5736 3150 5792 Coloss.
3201 5734 3402 5796 11.16.
