4126 6424
357 377 462 432 525

1274 371 1932 429 DEMONSTRATIONIS
1971 367 2437 426 EVANGELICIE
2479 369 2608 427 LIB.
2642 369 2730 426 Π.

3519 372 3634 428 326

353 493 479 548 οὐδὲ
516 493 581 547 δι’
619 491 750 565 ῦλης
781 494 877 564 τῆς
921 495 978 546 ἐν
1012 491 1337 565 ἀνθρώποις,
1378 494 1515 547 ἀλλὰ
1553 494 1687 564 πρὸς
1720 493 1813 545 τοῦ
1843 494 1937 546 ἐπὶ

2052 500 2164 562 post
2205 489 2412 545 exitum
2458 489 2526 545 de
2577 489 2847 562 Egypto,
2889 490 3036 546 vasis
3088 487 3415 559 quibusdam
3475 493 3634 561 puris

360 584 581 640 πάντων
628 585 763 638 Θεοῦ
813 587 878 656 τῇ
921 586 1103 654 ἀτενεῖ
1147 584 1359 657 θεότητι
1409 586 1786 656 κεχρισμένος.
1832 583 1941 636 Καὶ

357 677 660 749 ἐπειδήπερ
706 678 766 730 τὸ
809 677 910 746 τῆς
964 678 1334 748 προσηγορίας
1385 676 1549 730 αὑτοῦ
1605 677 1734 748 παρ’
1786 674 1940 746 ἡμῶν

359 769 706 836 ἐξετάζεται,
759 769 869 822 τῶν
902 769 1208 839 εἰρημένων
1251 769 1506 822 ἁπάντων
1561 768 1647 838 εἴη
1703 767 1768 821 ἂν
1825 769 1943 819 ἐπι-

361 861 686 931 σφράγισμα
710 859 770 912 τὸ
792 862 944 930 παρὰ
984 859 1062 930 τῷ
1102 860 1399 931 σοφωτάτῳ
1426 859 1730 931 Σολομῶντι
1766 860 1942 928 λόγιον

361 953 571 1022 φάσκον
601 953 658 1005 ἐν
682 951 763 1022 τῷ
791 952 1030 1023 Ι’ᾼσματι
1057 952 1166 1006 τῶν
1193 953 1480 1024 ᾁσμάτωψ
1517 972 1536 1004 ‹
1564 953 1753 1023 Μῦρον
1785 955 1942 1005 ἐκκε-

359 1042 530 1096 νωθὲν
557 1043 726 1113 ὄνομά
764 1059 881 1094 σου.
919 1062 937 1094 ι
963 1038 1127 1106 Οὗτος
1164 1043 1273 1114 γὰρ
1302 1043 1469 1114 ἐνθέῳ
1513 1044 1674 1114 σοφίᾳ
1712 1060 1942 1114 κεχορη-

360 1134 620 1206 γημένος,
655 1137 749 1189 καὶ
796 1133 1149 1201 καταξιωθεὶς
1191 1135 1642 1207 άπορῤητοτέρων
1688 1134 1941 1206 περὶτοῦ

363 1225 600 1296 Χριστοῦ
632 1226 728 1278 καὶ
755 1226 853 1296 τῆς
887 1225 1211 1295 Ἐκκλησίας
1239 1225 1404 1279 αὑτοῦ
1435 1226 1825 1298 θεωρημάτων,
1850 1227 1944 1279 καὶ

363 1317 453 1370 τοῦ
483 1318 578 1388 μὲν
612 1317 688 1380 ὡς
719 1318 1042 1389 ἐπουρανίου
1088 1318 1340 1389 νυμφίου,
1381 1319 1481 1388 τῆς
1522 1318 1578 1371 δέ
1618 1319 1693 1382 ὡς
1725 1319 1944 1389 νύμφης

363 1409 527 1463 αὐτοῦ
572 1411 976 1482 μνημονεύσας,
1013 1411 1439 1482 ἐπιζητουμένου
1469 1411 1522 1464 τί
1551 1411 1660 1482 ἄρα
1684 1407 1752 1480 ἦν
1774 1411 1944 1482 ὄνομα

357 1502 439 1572 τῷ
463 1505 699 1574 νυμφίῳ,
724 1505 986 1572 ἐπιφωνεῖ
1006 1504 1080 1566 ὡς
1103 1503 1240 1573 πρὸς
1267 1503 1430 1557 αὑτὸν
1455 1503 1650 1573 λέγων.
1680 1504 1752 1557 Τὸ
1774 1503 1944 1574 ὄνομά

360 1611 476 1659 σου,
512 1597 734 1666 νυμφίε,
763 1595 933 1667 μύρον
963 1598 1099 1660 ἐστὶ,
1127 1597 1220 1650 καὶ
1248 1596 1416 1670 μύρον
1449 1599 1546 1669 οὐχ
1567 1597 1776 1664 ἁπλῶς,
1809 1598 1945 1652 ἀλλὰ

359 1687 758 1757 κεκενωμένον.
788 1689 946 1742 Ποῖον
974 1689 1031 1742 δὲ
1057 1688 1120 1742 ἂν
1146 1691 1370 1760 γένηται
1397 1688 1567 1760 ὄνομα
1592 1689 1766 1762 μύρου
1789 1707 1945 1743 κεκε-

361 1778 607 1848 νωμένου
633 1777 927 1848 δηλωτικὸν
960 1779 991 1850 ἢ
1026 1780 1086 1832 τὸ
1121 1779 1215 1832 τοῦ
1252 1780 1489 1851 Χριστοῦ
1517 1781 1718 1852 δνομα;
1745 1781 1806 1833 οὐ
1835 1781 1944 1853 γὰρ

2045 584 2398 652 cruentisque
2446 582 2734 637 sacriﬁciis
2781 591 3065 653 purgatus,
3118 582 3239 636 oleo
3293 589 3493 639 unctus
3544 594 3633 639 est

2045 683 2365 744 comparato
2421 675 2600 744 ipsum
2647 673 2852 728 Mosem
2905 675 3134 731 sortitus
3175 681 3481 730 unctorem.
3531 673 3628 730 Ille

2043 782 2176 822 vero
2209 767 2392 822 omnis
2423 765 2612 821 formae
2649 767 2944 838 archetypa
2978 775 3032 821 et
3059 782 3245 831 verus,
3278 767 3348 822 ab
3381 767 3538 821 initio
3569 766 3628 821 in

2046 858 2322 914 inﬁnitum
2373 874 2549 928 usque
2581 874 2778 923 aevum,
2828 867 2976 914 totus
3009 876 3106 929 per
3149 867 3348 926 totum,
3400 859 3631 933 ipseque

2046 952 2152 1006 sibi
2183 952 2236 1005 in
2275 952 2532 1005 omnibus
2563 951 2781 1014 similis,
2815 967 3087 1021 nusquam
3118 952 3416 1023 quidquam
3449 960 3632 1008 muta-

2044 1042 2217 1098 tionis
2243 1042 2539 1111 accipiens,
2569 1040 2825 1098 Christus
2851 1057 3066 1112 semper
3095 1042 3220 1108 fuit,
3251 1044 3415 1098 etiam
3443 1045 3630 1115 prius-

2044 1149 2208 1204 quam
2257 1133 2324 1188 ad
2372 1133 2623 1188 homines
2669 1135 2916 1199 venerit,
2957 1141 3123 1204 atque
3171 1135 3358 1192 itidem
3404 1143 3626 1206 postea,

2044 1239 2156 1278 non
2179 1224 2268 1279 ille
2288 1223 2507 1293 quidem
2532 1223 2602 1278 ab
2627 1223 2866 1286 homine,
2893 1238 3069 1292 neque
3093 1225 3204 1279 ulla
3227 1227 3474 1288 materia,
3506 1241 3632 1296 quae

2046 1316 2189 1372 inter
2216 1317 2467 1371 homines
2503 1316 2840 1386 reperiatur,
2877 1317 2974 1371 sed
3029 1333 3059 1371 a
3101 1334 3360 1386 supremo
3395 1319 3508 1375 Deo
3542 1321 3631 1375 in-

2047 1408 2229 1478 genita
2257 1406 2547 1462 divinitate
2576 1417 2792 1461 unctus.
2830 1406 2896 1460 Et
2925 1409 3186 1477 quoniam
3233 1410 3300 1464 de
3348 1412 3497 1467 illius
3531 1427 3634 1483 ap-

2045 1500 2340 1569 pellatione
2393 1502 2449 1554 in
2484 1501 2776 1571 praesentia
2825 1501 3172 1566 disserimus,
3206 1504 3462 1560 omnibus
3508 1519 3640 1576 qua?

2047 1595 2192 1649 dicta
2211 1601 2340 1648 sunt
2357 1593 2519 1663 quasi
2543 1595 2756 1664 signum
2783 1595 3126 1666 imprimatur
3143 1595 3296 1662 illud,
3317 1598 3460 1666 quod
3485 1597 3632 1668 apud

2047 1686 2512 1757 sapientissimum
2539 1686 2886 1743 Salomonem
2903 1695 3108 1755 exstat,
3135 1691 3440 1756 oraculum,
3469 1691 3550 1745 sic
3570 1705 3641 1746 se-

2047 1780 2258 1835 habens
2285 1780 2341 1833 in
2370 1777 2600 1834 Cantico
2630 1780 2970 1836 canticorum
3011 1801 3025 1836 :
3067 1799 3086 1832 ι
3123 1780 3472 1852 Unguentum
3501 1797 3632 1837 cva-

358 1868 427 1922 ἂν
453 1868 648 1932 ἄλλως,
692 1869 804 1923 οὔτ’
837 1870 904 1925 ἂν
944 1871 1174 1940 γένοιτο,
1210 1871 1321 1925 οὔτ’
1349 1871 1416 1926 ἂν
1450 1873 1776 1946 ὀνομασθείη
1809 1875 1943 1946 Χρι-

2052 1883 2268 1927 cuatum
2306 1886 2506 1926 nomen
2539 1881 2692 1926 tuum
2735 1872 2800 1926 δι.
2843 1893 2862 1924 ι
2889 1872 3025 1927 Nam
3067 1873 3156 1928 hic
3185 1891 3403 1944 quoque
3445 1873 3632 1929 divina

361 1960 566 2031 στδς,ἢ
615 1961 785 2034 μύρου
829 1963 1212 2034 προχυθέντος.
1253 1964 1464 2017 Ὀποῖον
1499 1964 1555 2017 δὲ
1593 1965 1752 2018 τοῦτο
1778 1961 1846 2036 ἦν
1880 1964 1942 2017 τὸ

362 2051 554 2125 μύρον,
572 2047 616 2123 ᾧ
639 2055 880 2124 χρισθεὶς
900 2058 928 2108 ὁ
943 2055 1101 2127 δηλού
1111 2073 1269 2126 μενος
1285 2057 1518 2128 Χριστὸς
1538 2057 1940 2125 ἀποπέφανται,

356 2142 449 2198 διὰ
467 2144 576 2199 τῶν
601 2146 834 2217 πρόσθεν
858 2148 988 2217 ἡμῖν
1013 2146 1351 2200 ἀποδέδοται.
1385 2147 1666 2200 Τοσούτων
1693 2147 1821 2217 περὶ
1844 2147 1943 2217 τῆς

357 2236 453 2290 τοῦ
483 2239 719 2310 Χριστοῦ
751 2239 1122 2310 προσηγορίας
1159 2239 1620 2312 διηγορευμένων,
1657 2240 1810 2310 φέρε,
1848 2240 1942 2292 καὶ

361 2331 489 2400 περὶ
513 2331 612 2401 τῆς
635 2330 730 2384 τοῦ
769 2331 945 2401 Ἰησοῦ
984 2330 1423 2402 διασκεψώμεθα.

2050 1967 2316 2035 sapientia
2344 1965 2602 2030 donatus,
2632 1974 2687 2020 et
2719 1965 2916 2036 dignus
2939 1966 3158 2021 habitus
3185 1968 3276 2036 qui
3303 1983 3425 2038 quae
3448 1983 3634 2022 secre-

2046 2061 2190 2114 riora
2222 2064 2351 2112 sunt
2383 2057 2450 2112 de
2482 2056 2700 2112 Christo
2730 2067 2784 2113 et
2831 2058 2897 2113 de
2939 2058 3060 2128 ejus
3096 2058 3334 2114 Ecclesia
3384 2068 3633 2114 contem-

2049 2149 2330 2219 plaretur;
2385 2149 2636 2218 idemque
2686 2164 2809 2203 cum
2871 2150 3033 2204 unius
3093 2151 3313 2220 quidem
3369 2159 3634 2221 tanquam

2051 2242 2239 2312 sponsi
2274 2243 2708 2312 supercmlestis,
2740 2244 2967 2299 alterius
2999 2255 3254 2313 tanquam
3287 2245 3432 2300 illius
3465 2259 3634 2314 spon-

2051 2348 2126 2388 επ
2182 2334 2514 2389 mentionem
2573 2331 2816 2400 fecisset,
2863 2344 2919 2390 et
2973 2345 3309 2405 quaereretur
3357 2335 3635 2405 quodnam

363 2419 467 2488 ipsi
511 2437 715 2491 sponso
765 2437 964 2478 nomen
1003 2434 1180 2490 esset,
1227 2440 1417 2480 vocem
1453 2426 1661 2480 emittit
1690 2425 1852 2495 quasi
1888 2425 1955 2480 ad
2010 2426 2164 2480 illum
2208 2427 2400 2484 dicens
2437 2447 2450 2482 :
2499 2426 2706 2484 Nomen
2770 2437 2948 2494 tuum,
3005 2443 3239 2498 sponse,
3295 2435 3632 2499 unguentum

362 2520 467 2579 est,
499 2523 554 2570 et
577 2525 915 2587 unguentum
945 2534 1052 2573 non
1106 2519 1450 2591 simpliciter,
1485 2535 1674 2574 verum
1705 2529 2049 2576 evacuatum.
2103 2519 2273 2575 Porro
2335 2529 2518 2576 autem
2543 2521 2818 2592 quodnam
2867 2520 3086 2576 tandem
3115 2521 3262 2575 aliud
3312 2521 3384 2576 sit
3433 2535 3636 2576 nomen

361 2616 699 2676 unguentum
732 2620 1053 2665 evacuatum
1088 2612 1424 2682 signiﬁcans,
1455 2611 1560 2668 nisi
1587 2612 1765 2682 ipsum
1807 2611 2014 2666 Christi
2079 2613 2316 2668 nomen?
2370 2627 2497 2667 nam
2529 2613 2732 2682 alioqui
2763 2628 2940 2682 neque
2980 2613 3098 2667 ﬁeri
3140 2627 3319 2682 neque
3364 2612 3637 2667 nominari

361 2706 534 2772 possit
569 2704 822 2760 Christus
853 2746 867 2770 ,
917 2707 961 2762 si
1008 2711 1346 2778 unguentum
1397 2706 1642 2762 infusum
1694 2723 1804 2762 non
1852 2708 1942 2763 sit.
1979 2709 2152 2774 Quale
2192 2723 2324 2762 vero
2371 2708 2475 2763 hoc
2529 2715 2679 2762 esset
2735 2713 3100 2779 unguentum,
3169 2721 3279 2777 quo
3323 2715 3522 2762 unctus
3562 2705 3637 2767 is.

358 2795 428 2850 de
480 2813 591 2865 quo
649 2799 863 2868 agitur,
915 2800 1169 2856 Christus
1227 2809 1313 2856 est
1397 2801 1746 2866 declaratus,
1799 2801 1854 2855 in
1911 2802 1980 2856 iis
2043 2817 2166 2872 quae
2247 2803 2502 2872 superius
2577 2801 2791 2865 habes,
2857 2816 2889 2854 a
2946 2800 3107 2855 nobis
3173 2808 3457 2854 ostensum
3524 2807 3632 2854 est.

362 2886 521 2957 195
549 2888 688 2943 Cum
726 2891 893 2962 igitur
922 2890 989 2946 de
1033 2890 1242 2947 Christi
1299 2892 1665 2962 appellatione
1730 2892 1997 2948 hactenus
2032 2901 2142 2947 tam
2178 2893 2349 2948 multa
2389 2893 2556 2948 locuti
2589 2906 2803 2954 sumus,
2851 2891 3104 2961 agedum,
3139 2889 3206 2946 de
3261 2889 3390 2946 Jesu
3419 2904 3638 2962 quoque

357 2981 723 3040 disseramus.

1102 3101 1196 3156 IZ'.

2759 3097 2924 3152 XVII.

359 3210 480 3266 Ὅτι
506 3213 604 3290 καί
627 3214 713 3290 τὸῌ
726 3214 830 3268 τοῦ
859 3216 1054 3290 Ἰησοῦ
1080 3215 1268 3290 ὄνομα
1300 3217 1459 3285 παρὰ
1484 3217 1607 3285 τοῖς
1639 3220 1944 3288 πρόπαλαι

2052 3217 2204 3286 Quod
2239 3218 2399 3273 etiam
2422 3216 2553 3273 Iesu
2586 3234 2773 3271 nomen
2807 3216 2947 3290 apud
2971 3218 3172 3284 priscos
3208 3216 3305 3272 Dei
3338 3217 3636 3287 familiares

425 3283 534 3337 τοῦ
569 3285 716 3339 Θεοῦ
743 3287 1056 3356 γνωρίμοις
1083 3283 1409 3356 ἐτετίμητο.

428 3422 652 3496 Πρῶτος
690 3425 852 3478 πάλιν
896 3425 1135 3496 Μωσῆς.
1178 3426 1316 3497 πρὸς
1353 3427 1445 3481 τὸν
1492 3428 1659 3482 αὐτοῦ
1703 3429 1946 3502 διάδοχον

358 3513 522 3586 ἑτέρᾳ
567 3514 850 3586 χρώμενος
886 3515 1273 3588 προσωνυμίᾳ,
1318 3517 1525 3590 Ἰησοῦν
1569 3522 1941 3592 μετωνόμασε.

357 3608 674 3680 Γέγραπται
720 3610 862 3682 γάρ·
901 3629 920 3661 ι
963 3610 1146 3664 Ταῦτα
1183 3612 1253 3666 τὰ
1291 3613 1533 3683 ὀνόματα
1566 3612 1674 3666 τῶν
1714 3613 1943 3684 ἀνδρῶν,

358 3697 452 3762 οὓς
491 3699 777 3753 ἀπέστειλε
811 3700 1018 3772 Μωσῆς
1062 3702 1510 3772 κατασκέψασθαι
1555 3703 1654 3773 τὴν
1695 3703 1821 3772 γῆν,
1853 3702 1948 3755 καὶ

360 3792 681 3863 ἐπωνόμασε
719 3793 927 3864 Μωσῆς
965 3794 1054 3847 τὸν
1091 3795 1316 3864 Ναυσῆν
1351 3795 1465 3847 υἱὸν
1502 3795 1659 3865 Ναυῆ
1707 3793 1945 3865 Ἰησοῦν,

360 3885 454 3938 καὶ
482 3884 801 3938 ἀπέστειλεν
828 3885 1044 3948 αὐτούς.
1081 3905 1100 3938 ι
1131 3888 1274 3958 Ὅρα
1303 3885 1367 3957 δὴ
1401 3882 1494 3940 οὖν
1515 3886 1638 3940 τίνα
1665 3887 1866 3958 τρόπον
1887 3887 1947 3939 οὐ

364 3977 536 4050 μικρά
569 3979 768 4048 νοήσας
809 3979 936 4050 περὶ
979 3976 1194 4046 φύσεως
1233 3977 1515 4048 ὀνομάτων
1555 3980 1584 4031 ὁ
1629 3980 1947 4049 προφήτης,

360 4069 498 4124 ἀλλὰ
542 4071 637 4123 καὶ
679 4071 908 4123 πλεῖστα
944 4071 1046 4124 ὅσα
1090 4070 1219 4140 περὶ
1243 4070 1352 4122 τῶν
1382 4071 1513 4141 παρ’
1546 4069 1695 4141 αύτῷ
1735 4087 1951 4140 μετονο-

365 4161 687 4234 μαζομένων
714 4163 871 4216 θείων
892 4162 1122 4234 ἀνδρῶν,
1146 4163 1240 4216 καὶ
1265 4155 1340 4215 ὧν
1368 4161 1530 4215 ἕνεκα
1561 4163 1952 4233 μετονομάζον-

367 4273 482 4320 ται,
518 4256 888 4327 φιλοσοφήσας
909 4297 922 4321 ,
951 4257 1162 4324 εἰσάγει
1186 4255 1278 4308 τὸν
1317 4254 1569 4326 Ἀϐραὰμ
1600 4254 1832 4308 ἔπαθλον
1862 4256 1949 4307 ἐπ’

361 4349 532 4421 ἀρετῇ
591 4348 1051 4419 ἀπολαμϐάνοντα
1108 4347 1243 4420 πρὸς
1305 4347 1398 4401 τοῦ
1460 4347 1598 4400 Θεοῦ
1661 4346 1758 4418 τὴν
1815 4347 1950 4418 πρὸς

377 4442 628 4514 Ἀϐραὰμ
647 4442 835 4514 ἐντελῆ
863 4442 1234 4514 προσηγορίαν
1250 4458 1262 4468 ·
1289 4442 1426 4514 ὅπερ
1451 4443 1502 4494 τί
1531 4458 1660 4494 ποτε
1685 4440 1866 4510 δηλοῖ,
1889 4439 1949 4491 οὐ

2615 3290 2665 3342 in
2693 3290 2860 3357 pretio
2888 3289 3067 3358 fuerit.

2119 3426 2338 3482 Primus
2360 3439 2581 3480 rursum
2601 3422 2800 3488 Moses,
2825 3437 2951 3476 cum
2975 3421 3043 3475 ad
3062 3438 3221 3478 suum
3257 3438 3636 3479 successorem

2051 3517 2156 3571 alia
2190 3523 2435 3571 uteretur
2489 3513 2852 3584 appellatione
2879 3553 2894 3578 ,
2925 3511 3113 3567 Jesum
3161 3527 3284 3568 eum
3319 3513 3638 3568 denomina-

2057 3607 2476 3676 vit:Scriplum
2527 3615 2611 3661 est
2632 3605 2802 3666 enim,
2844 3621 2862 3654 ι
2906 3603 3020 3657 haec
3043 3613 3173 3658 sunt
3229 3605 3454 3659 nomina
3491 3605 3639 3658 viro-

2052 3714 2194 3763 rum,
2222 3713 2362 3768 quos
2397 3696 2548 3752 misit
2577 3695 2757 3750 Moses
2790 3695 2855 3748 ad
2887 3695 3288 3766 inspiciendam
3321 3703 3546 3760 terram,
3581 3702 3640 3750 et

2052 3791 2426 3848 denominavit
2455 3788 2656 3852 Moses,
2685 3787 2922 3842 Nausem
2951 3788 3121 3841 lilium
3154 3786 3321 3852 Nave,
3357 3785 3565 3850 Jesum,
3585 3795 3640 3841 et

2051 3887 2204 3940 misit
2262 3885 2442 3940 eos”.
2485 3903 2503 3934 ι
2570 3881 2894 3944 Considera,
2943 3896 3151 3951 quaaso,
3207 3894 3520 3949 parumper,
3577 3883 3640 3931 ut

2051 3981 2315 4053 propheta
2339 3981 2431 4052 qui
2467 3995 2574 4034 non
2603 3978 3026 4048 parum'doctus
3071 3985 3324 4030 naturam
3356 3973 3636 4029 nominum

2051 4083 2190 4139 erat,
2216 4075 2312 4130 sed
2345 4073 2662 4144 plurimum,
2721 4070 2823 4124 hac
2875 4084 3094 4140 quoque
3120 4068 3174 4121 in
3206 4074 3361 4136 parte
3395 4066 3642 4135 philoso-

2052 4169 2276 4237 phatus,
2324 4175 2386 4222 ut
2429 4182 2497 4221 ex
2538 4165 2607 4221 iis
2658 4163 2867 4218 sanctis
2901 4161 3033 4216 viris
3081 4165 3315 4223 constat,
3354 4173 3494 4228 quos
3523 4158 3640 4227 ipse

2053 4257 2450 4321 denominavit,
2483 4265 2536 4311 et
2567 4271 2634 4309 ex
2671 4253 2856 4308 causis
2906 4260 3128 4320 propter
3149 4264 3289 4319 quas
3317 4247 3640 4303 denomina-

2053 4353 2152 4414 vit,
2186 4350 2389 4420 quippe
2443 4348 2536 4418 qui
2582 4346 2808 4400 inducat
2865 4342 3164 4405 Abraham,
3222 4339 3314 4409 qui
3357 4340 3640 4409 praemium

2053 4445 2276 4500 virtutis
2309 4458 2337 4496 a
2373 4441 2484 4496 Deo
2523 4439 2747 4509 accipit,
2797 4453 2953 4493 suam
2991 4436 3166 4506 ipsius
3193 4433 3466 4487 Abraham
3499 4432 3640 4486 inte-

363 4537 459 4592 νῦν
488 4537 769 4606 διασαφεῖν
814 4538 1022 4607 καιρός.
1067 4535 1226 4588 Οῦτω
1255 4534 1310 4587 δέ
1340 4535 1434 4588 καὶ
1469 4534 1569 4606 τὴν
1600 4532 1774 4604 Σαραῖ
1803 4533 1946 4605 Σάρ-

2055 4554 2204 4609 gram
2235 4537 2652 4606 appellationem
2679 4573 2694 4597 ,
2727 4532 2873 4604 quod
2908 4548 3041 4586 sane
3077 4529 3336 4600 quidnam
3375 4529 3480 4583 sibi
3511 4526 3642 4580 velit

368 4629 467 4700 ραν
515 4628 890 4699 ἐπονομάσας,
926 4631 1020 4682 καὶ
1049 4628 1262 4697 γέλωτα
1296 4628 1385 4680 τὸν
1425 4628 1608 4680 Ἰσαὰκ
1646 4629 1752 4698 πρὸ
1791 4627 1946 4695 γενέ-

367 4739 506 4785 σεως
546 4721 997 4792 ἐπικεκλημένον,
1027 4723 1121 4775 καὶ
1158 4721 1247 4775 τὸν
1296 4719 1489 4775 Ἰακὼό
1530 4721 1629 4791 τῆς
1667 4720 1844 4789 πάλης
1887 4719 1947 4772 τὸ

369 4815 617 4886 βραϐεῖον
643 4815 730 4869 διὰ
760 4817 856 4887 τῆς
877 4815 970 4868 τοῦ
999 4815 1214 4887 Ἰσραὴλ
1233 4815 1546 4884 ἐπωνυμίας
1565 4813 1758 4867 άναδού
1768 4830 1947 4884 μενον,

371 4909 540 4980 μυρία
560 4926 620 4962 τε
639 4907 773 4964 ἄλλα
800 4926 865 4960 πε
873 4909 927 4980 ρ“ι
947 4909 1223 4978 ὀνομάτων
1243 4905 1522 4978 δυνάμεως
1541 4923 1601 4958 τε
1622 4906 1714 4960 καὶ
1735 4905 1950 4975 φύσεως

369 5003 615 5076 θειότερα
645 5003 678 5074 ἢ
713 5003 832 5056 κατ’
854 5003 1159 5072 ἄνθρωπον,
1177 5001 1345 5072 ἐνθέῳ
1368 5001 1528 5071 σοφίᾳ
1555 5001 1648 5053 καὶ
1673 5000 1948 5069 ἐπιστήμῃ

367 5095 662 5158 διαλαϐὼν,
698 5095 923 5165 μηδενὸς
948 5094 1058 5147 τῶν
1080 5092 1188 5165 πρό
1214 5092 1407 5147 ἑαυτοῦ
1440 5091 1547 5146 τῶν
1567 5090 1628 5155 ἐξ
1660 5089 1855 5154 αἰῶνος
1873 5089 1950 5160 τῷ

369 5188 462 5241 τοῦ
500 5187 675 5259 Ἰησοῦ
713 5185 1049 5257 κεχρημένου
1088 5186 1349 5256 ὀνόματι,
1375 5183 1590 5256 πρῶτος
1625 5183 1787 5246 αὐτὸς
1825 5182 1954 5252 θείῳ

370 5279 649 5349 Πνεύματι
682 5277 1061 5347 θεοφορηθεὶς,
1091 5276 1180 5329 τὸν
1228 5276 1488 5346 μέλλοντα
1522 5273 1686 5327 αὑτοῦ
1712 5272 1954 5342 διάδοχον

368 5375 465 5442 τῆς
497 5371 674 5442 ἀρχῆς
709 5370 802 5423 τοῦ
825 5368 956 5423 λαοῦ
986 5367 1424 5438 καταστήσεσθαι
1444 5408 1459 5432 ,
1491 5367 1661 5438 ἑτέρῳ
1691 5365 1954 5437 πρότερον

368 5465 595 5536 ὀνόματι
629 5463 966 5535 κεχρημένον
1003 5460 1343 5532 μεταλαϐὼν,
1379 5458 1586 5531 Ἰησοῦν
1623 5457 1811 5511 καλείσ
1855 5457 1955 5509 οὐκ

370 5560 560 5629 ἀρκεῖν
613 5557 913 5629 ἡγούμενος
968 5555 1065 5626 τὴν
1118 5555 1183 5608 ἐκ
1237 5552 1514 5625 προγόνων
1573 5549 1954 5620 ἐπικληθεῖσαν

371 5650 518 5721 αυτῷ
541 5649 817 5722 γενομένῳ
840 5646 1230 5720 προσηγορίαν.
1255 5646 1476 5715 Ν.ιυσῆν
1503 5645 1612 5717 γὰρ
1638 5644 1798 5698 αὑτὸν
1823 5641 1956 5712 ἐφώ-

444 5850 669 5904 "Cant.
705 5865 740 5916 ι,
786 5850 840 5904 2.
919 5849 962 5880 ⁸³
994 5847 1156 5901 Num.
1191 5861 1308 5912 xm,
1360 5844 1445 5898 l7.

2059 4638 2280 4686 nonest
2313 4644 2458 4683 nunc
2497 4625 2909 4682 demonstrandi
2960 4625 3135 4687 locus,
3188 4631 3240 4676 et
3300 4619 3487 4676 eadem
3553 4633 3642 4670 ra-

2061 4726 2209 4780 tione
2241 4722 2432 4776 Saram
2468 4719 2785 4774 denominet
2815 4717 3038 4772 Sarram
3061 4757 3074 4779 ,
3108 4723 3161 4770 et
3192 4713 3362 4775 lsaac,
3391 4725 3514 4766 eum
3545 4709 3640 4777 qui

2060 4827 2354 4888 antequam
2395 4819 2737 4876 nasceretur,
2770 4811 2917 4866 risus
2945 4811 3124 4865 dictus
3154 4807 3350 4867 fuerat,
3383 4812 3436 4858 et
3469 4801 3643 4865 Jacob

2059 4926 2182 4964 eum
2201 4909 2290 4980 qui
2313 4907 2536 4978 praemio
2569 4907 2748 4968 luctat,
2777 4920 2843 4958 ex
2892 4901 3217 4972 cognomine
3236 4896 3398 4951 Israel
3418 4894 3644 4948 decora-

2061 5011 2172 5057 tus:
2203 5015 2438 5070 cumque
2458 4998 2599 5052 idem
2621 4997 2727 5050 alia
2759 4992 3178 5049 innumerabilia
3200 4990 3267 5044 de
3293 4987 3345 5041 vi
3374 4995 3425 5041 et
3446 4991 3642 5038 natura

2061 5091 2366 5156 nominum,
2402 5089 2672 5143 diviniore
2699 5100 2863 5155 Quam
2899 5090 2958 5136 ut
2987 5098 3052 5138 ea
3092 5078 3298 5133 homini
3329 5075 3638 5138 conveniat,

2064 5184 2379 5254 Spirituque
2401 5181 2496 5237 Dei
2525 5181 2702 5235 aﬂlata
2742 5176 3011 5246 sapientia
3039 5189 3103 5227 ac
3134 5171 3358 5228 scientia
3385 5176 3638 5239 percepta
3718 5237 3721 5242 Ι

2061 5286 2116 5332 et
2140 5277 2354 5348 cognita
2383 5274 2628 5335 haberet,
2664 5283 2765 5324 nec
2784 5268 2918 5321 alius
2937 5264 3224 5336 quisquam
3244 5261 3312 5314 ab
3340 5259 3492 5313 initio
3516 5267 3642 5312 ante

2062 5371 2263 5438 ipsum,
2310 5365 2439 5422 Jesu
2498 5363 2718 5419 nomine
2765 5375 2897 5415 usus
2953 5363 3124 5419 esset,
3181 5353 3392 5423 primus
3453 5349 3642 5404 divino

2066 5462 2274 5534 Spiritu
2314 5460 2651 5520 moderante,
2677 5469 2838 5524 quem
2871 5450 2974 5506 sibi
3008 5450 3063 5502 in
3112 5445 3296 5517 populi
3330 5443 3637 5541 principatu

2065 5564 2444 5606 successorem
2493 5557 2610 5602 erat
2660 5543 3059 5603 declaraturus,
3102 5537 3208 5590 alio
3239 5537 3390 5605 prius
3421 5537 3641 5587 nomine

2065 5648 2339 5706 vocatum,
2396 5639 2513 5710 ipse
2541 5637 2871 5695 immutans,
2902 5627 3089 5684 Jesum
3121 5623 3506 5686 nominaverit,
3553 5628 3642 5676 ut-
