4126 6428
461 374 576 430 521

1102 370 1372 427 EUSEBII
1407 366 1897 425 CESARIENSIS
1935 367 2085 422 OPP.
2129 366 2332 424 PARS.
2374 366 2440 420 ll.
2477 366 3069 426 —APOLOGETICA.

3624 376 3733 430 328

468 497 599 559 pote
627 488 719 558 qui
752 486 1166 557 appellationem
1191 486 1268 538 illi
1305 499 1335 537 a
1358 484 1659 553 majoribus
1694 483 1825 538 dum
1851 499 2046 537 nasce—

2153 499 2319 553 νησαν
2348 484 2398 535 ot
2432 484 2793 555 γεννήσαντες
2813 500 2827 515 ·
2856 483 2971 536 ἀλλ’
2999 486 3028 537 ὃ
3053 500 3116 553 γε
3147 485 3436 558 προφήτης
3451 485 3546 541 τοῦ
3572 487 3731 552 Θεοῦ,

467 587 622 634 retur
648 578 984 648 adjunctam,
1007 591 1114 630 non
1145 576 1281 631 satis
1306 574 1556 629 idoneam
1587 572 1704 627 fore
1727 573 2037 628 censuerit:

467 668 744 739 siquidem
775 667 1010 722 Nausem
1062 666 1214 721 illum
1266 674 1522 738 parentes
1575 673 1951 721 vocaverant:
1988 674 2044 720 at

466 777 600 817 vero
629 763 745 831 ipse
765 760 860 814 Dei
893 760 1178 831 propheta,
1228 760 1517 814 immutate
1571 761 1739 814 natali
1800 760 2039 821 nomine,

465 852 644 906 virum
673 852 823 905 illum
852 851 1038 905 divino
1065 850 1270 921 Spiritu
1318 858 1613 915 annuente,
1649 850 1835 906 Jesum
1863 857 2041 909 vocat.

465 954 576 993 non
603 938 762 994 aliter
784 938 936 992 illum
968 947 1091 1008 post
1149 948 1383 993 mortem
1439 955 1617 1001 suam,
1650 942 1799 995 omni
1844 941 2046 1010 popqu

468 1044 706 1100 pmsse
738 1038 994 1101 Oporterc
1045 1038 1220 1094 ratus,
1255 1046 1381 1086 cum
1411 1032 1598 1103 utique
1624 1032 1864 1088 futurum
1896 1034 2047 1089 vide-

466 1132 571 1187 ret,
609 1138 747 1193 quas
810 1124 957 1193 leges
1013 1122 1131 1193 ipse
1191 1125 1467 1193 posuisset
1522 1133 1695 1181 utea!
1751 1125 2048 1196 aliquando

468 1222 837 1277 mutarentur,
866 1215 1026 1287 196
1048 1215 1321 1287 finemque
1371 1219 1701 1287 acciperent,
1753 1227 1809 1273 et
1855 1219 2046 1273 eadem

467 1322 593 1361 cum
625 1307 745 1377 ipso
804 1306 953 1361 Muse
1003 1306 1215 1361 ratione
1260 1308 1685 1373 quodammodo,
1736 1308 2045 1371 interirent,

466 1412 647 1467 neque
675 1397 842 1450 alium
868 1396 1204 1466 quempiam,
1229 1411 1394 1467 quam
1436 1412 1607 1451 unum
1636 1396 1822 1452 Jesum
1875 1399 2049 1469 ipsius

469 1488 564 1544 Dei
587 1487 886 1552 Christum,
930 1487 1088 1542 alteri
1116 1487 1449 1557 reipublicae,
1501 1504 1624 1558 quae
1670 1490 1853 1558 priore
1892 1490 2051 1561 longe

468 1582 685 1647 melior,
738 1581 1005 1649 longeque
1069 1581 1416 1649 praestantior
1472 1578 1632 1645 foret,
1666 1580 2044 1651 praefuturum.

466 1671 654 1744 Itaque
682 1672 861 1727 Moses
878 1672 1097 1742 quidem
1121 1674 1366 1727 omnium
1397 1673 1783 1743 preplietarum
1814 1674 2050 1728 maxime

468 1767 848 1833 admirandus,
881 1780 1002 1821 cum
1054 1776 1343 1835 utramque
1384 1763 1688 1821 Salvatoris
1718 1767 1893 1821 nostri
1919 1763 2047 1821 Jcsu

2144 574 2206 626 τὸ
2229 576 2294 626 ἐκ
2320 573 2547 644 γενετῆς
2566 574 2806 645 ἀμείψας
2828 574 3017 644 ὄνομα,
3046 574 3254 644 Ἰησοῦν
3279 576 3373 629 τὸν
3397 577 3567 649 ἀνδρα
3591 580 3733 635 κατά

2145 663 2206 716 τὸ
2238 662 2379 716 θεῖον
2399 664 2625 735 Πνεῦμα
2649 664 2826 718 καλεῖ·
2860 664 2960 717 οὐκ
2980 664 3157 728 ἄλλως
3183 665 3346 719 αὑτὸν
3367 667 3733 738 καθηγεῖσθαι

2144 755 2240 808 τοῦ
2273 755 2474 819 παντὸς
2502 756 2632 809 λαοῦ
2657 756 2795 828 μετά
2816 757 2917 827 τὴν
2943 758 3135 811 ἐαυτοῦ
3162 757 3443 830 τελευτὴν,
3467 762 3569 831 τῆς
3597 762 3734 835 πρὺς

2147 845 2311 899 αὐτοῦ
2336 846 2586 918 τεθείσης
2614 848 2932 918 νομοθεσίας
2964 850 3445 922 μεταστησομένης
3479 853 3611 905 ποτὲ
3639 853 3733 906 καὶ

2146 938 2298 1002 τέλος
2343 939 2598 1009 ίσχούσης
2617 980 2631 1004 ,
2667 940 2759 993 καὶ
2794 940 2943 1010 αὐτῷ
2980 956 3045 1009 γε
3084 941 3284 1012 ὁμοίως
3316 943 3506 996 Μωσεϊ
3533 943 3736 1015 τρόπον

2147 1031 2267 1085 τινὰ
2298 1031 2662 1102 τελευτώσης,
2698 1032 2899 1103 μηδένα
2919 1033 3104 1101 ἓτερον
3136 1034 3169 1105 ἢ
3203 1035 3364 1104 μόνον
3410 1035 3618 1104 Ἰησοῦν
3642 1034 3735 1089 τὸν

2148 1123 2379 1195 Χριστὸν
2406 1122 2498 1176 τοῦ
2528 1122 2662 1176 Θεοῦ
2695 1123 2969 1187 πολιτείας
3002 1123 3192 1195 ἐτέρας
3221 1123 3522 1194 ήγήσεσθαι
3552 1124 3738 1197 κρείτ-

2147 1230 2297 1276 τονος
2333 1213 2366 1283 ἢ
2398 1213 2538 1266 κατά
2584 1212 2683 1283 τήν
2723 1213 3014 1284 προτέραν.
3046 1212 3203 1266 Οῦτω
3233 1214 3333 1284 μὲν
3368 1213 3431 1285 δὴ
3467 1214 3672 1284 Μωσῆς
3703 1214 3735 1268 ὁ

2151 1306 2372 1358 πάντων
2419 1302 2712 1376 προφητῶν
2753 1302 3234 1374 θαυμασιώτατος,
3278 1305 3594 1376 ἀμφοτέρας
3636 1303 3731 1359 τοῦ

2150 1398 2400 1468 Σωτῆρος
2431 1395 2588 1466 ἡμῶν
2632 1394 2806 1466 Ἰησοῦ
2845 1394 3083 1466 Χριστοῦ
3122 1394 3254 1465 θείῳ
3302 1396 3577 1468 Πνεύματι
3611 1396 3731 1450 διας

2150 1489 2309 1556 γνοὺς
2341 1486 2440 1550 τὰς
2470 1487 2786 1557 ἐπωνυμίας
2804 1527 2819 1552 ,
2843 1486 3069 1549 ταύταις
3099 1487 3174 1551 ὡς
3200 1487 3266 1541 ἂν
3301 1487 3597 1558 βασιλικοῖς
3619 1488 3734 1541 δια-

2150 1581 2215 1651 δή
2225 1595 2359 1651 μασι
2383 1581 2510 1643 τοὺς
2536 1579 2665 1651 παρ’
2689 1578 2850 1632 αὐτὸν
2878 1578 3094 1632 πάντων
3113 1578 3224 1631 τῶν
3247 1579 3521 1649 ἀρχόντων
3548 1579 3736 1652 ἐκκρί-

2149 1688 2276 1734 τους
2305 1670 2585 1741 ἐτίμησεν,
2614 1669 2765 1722 δυσὶν
2801 1669 3027 1739 ἄρχουσι
3059 1668 3155 1720 καὶ
3198 1667 3431 1738 ἡγεμόσι
3464 1666 3558 1720 τοῦ
3602 1665 3732 1720 λαοῦ

2150 1762 2228 1833 τῷ
2264 1779 2326 1815 τε
2375 1764 2624 1835 ἀρχιερεῖ
2652 1762 2744 1815 καὶ
2768 1759 2846 1831 τῷ
2883 1760 3070 1830 οἰκείῳ
3099 1760 3349 1829 διαδόχῳ,
3378 1760 3469 1813 τὸν
3492 1759 3725 1831 Χριστὸν
3779 1786 3789 1796 ·

466 1858 675 1913 Christi
739 1860 1178 1929 appellationem,
1241 1858 1426 1913 divino
1485 1855 1693 1927 Spiritu
1745 1858 2049 1914 instruente

2153 1856 2246 1910 uati
2273 1855 2364 1908 τὸν
2401 1854 2606 1925 Ἰησοῦν
2635 1853 2977 1923 ἐπιφημίσας
3013 1853 3132 1907 κατ’
3154 1852 3333 1917 ἀξίαν,
3356 1851 3435 1923 τῷ
3471 1853 3569 1923 μὲν
3608 1853 3735 1907 ’Δα-

466 1949 807 2014 distinctam,
829 1950 1210 2019 cognitamque
1232 1949 1456 2004 haberet
1479 1956 1712 2018 utraque
1729 1949 1886 2017 quasi
1910 1949 2046 2003 duo-

466 2040 572 2095 bus
600 2040 764 2110 regiis
792 2038 1117 2093 diadematis
1143 2053 1259 2100 eos,
1294 2038 1387 2106 qui
1424 2036 1568 2107 apud
1600 2053 1659 2093 se
1686 2038 1929 2092 omnium
1959 2053 2048 2094 es-

465 2142 588 2187 sent
640 2131 950 2202 principum
1010 2128 1461 2200 praestantissimi
1505 2128 1806 2184 decoravit.
1858 2128 2046 2199 Itaque

467 2238 591 2277 cum
640 2222 855 2279 duobus
895 2222 1256 2293 principibus,
1304 2220 1632 2290 duobusque
1668 2218 1905 2275 ducibus
1947 2236 2044 2289 po-

2156 1947 2265 2019 ρὼν
2299 1946 2388 2001 τὸν
2419 1946 2673 2017 Χριστὸν,
2704 1945 2780 2015 τῷ
2799 1945 2855 1999 δὲ
2888 1947 3074 2016 Ναυσῇ
3095 1984 3109 2004 .
3130 1944 3207 2008 ώς
3234 1944 3300 1998 ἂν
3324 1945 3423 2016 τὴν
3454 1943 3617 1998 αὐτοῦ
3646 1962 3737 1999 τε·

2153 2038 2343 2110 λευτὴν
2374 2039 2765 2111 διαδεξομένῳ,
2801 2039 2894 2091 τὸν
2935 2037 3142 2109 Ἰησοῦν
3177 2038 3501 2108 ἀπονείμας.
3536 2037 3736 2092 Τοῦτον

2158 2129 2255 2200 μὲν
2270 2126 2361 2183 οὖν
2379 2130 2467 2183 τὸν
2478 2131 2677 2201 τρόπον
2692 2131 2724 2200 ἡ
2742 2127 2906 2183 αὐτοῦ
2923 2129 3167 2193 Μωσέως
3177 2128 3365 2200 Γραφὴ
3380 2131 3499 2191 ταῖς
3511 2126 3605 2180 τοῦ
3618 2127 3733 2180 2w-

2150 2221 2319 2293 τῆρος
2347 2221 2503 2293 ήμῶν
2532 2221 2709 2294 Ἰησοῦ
2730 2220 2967 2294 Χριστοῦ
2995 2221 3299 2293 κεκόσμητο
3322 2216 3727 2292 προσηγορίαις,

465 2315 576 2385 puli
619 2316 861 2387 pontifici
902 2316 1028 2385 ipsi,
1064 2331 1130 2370 ac
1179 2330 1280 2371 suo
1332 2315 1507 2385 ipsius
1557 2314 1889 2378 successori,
1926 2314 2206 2369 Christum
2261 2323 2316 2371 et
2360 2314 2547 2372 Jesum
2603 2316 2992 2387 appellationes
3021 2331 3120 2386 pro
3169 2316 3377 2370 meritis
3408 2314 3725 2368 tribuisset:

465 2409 644 2479 ipsum
694 2411 912 2482 quidem
964 2412 1170 2476 Aaron,
1219 2411 1521 2475 Christum,
1581 2409 1816 2465 Nausem
1878 2425 2029 2475 vero,
2063 2411 2220 2480 quasi
2279 2426 2428 2475 eum,
2486 2412 2582 2481 qui
2631 2421 2755 2481 post
2809 2419 3041 2465 mortem
3090 2425 3249 2466 suam
3282 2408 3388 2464 sibi
3430 2415 3580 2464 esset
3607 2420 3734 2460 suc-

465 2518 749 2569 cessurus,
777 2503 964 2558 Jesum
994 2503 1316 2558 nominavit.
1354 2502 1469 2559 Hoc
1518 2504 1683 2575 igitur
1726 2504 1890 2559 modo
1948 2503 2122 2573 ipsius
2156 2503 2323 2561 Mosis
2373 2505 2682 2575 Scriptura,
2719 2502 3017 2559 Salvatoris
3054 2501 3229 2557 nostri
3251 2500 3381 2557 Iesu
3410 2497 3613 2554 Christi
3642 2512 3742 2552 no-

467 2599 710 2653 minibus
746 2597 1009 2669 insignita
1040 2604 1149 2653 est.

467 2714 546 2767 Ab
567 2713 769 2768 Exodo.
805 2745 877 2753 —
904 2714 1357 2781 Quemadmodum
1379 2715 1546 2771 Hosis
1577 2733 1846 2772 successor
1872 2716 2052 2780 Iesus,

541 2786 635 2857 qui
657 2784 872 2857 angelus
910 2796 989 2839 est
1020 2796 1258 2857 uocatus.
1283 2802 1327 2839 et
1349 2787 1527 2855 populi
1549 2787 1660 2840 dua:
1674 2788 1887 2857 futurus
1912 2796 2049 2851 erat,

544 2854 812 2909 reddentis
843 2856 1120 2909 oraculum
1146 2854 1355 2911 Christi
1391 2854 1579 2912 nomen
1602 2854 1740 2928 ferre
1754 2859 1928 2913 dictus
1949 2868 2049 2913 est.

552 3033 732 3088 «Ecce
788 3049 887 3104 ego
926 3034 1082 3089 mitto
1125 3035 1376 3105 angelum
1436 3051 1617 3092 meum
1670 3042 1796 3091 ante
1854 3035 2047 3092 faciem

2171 2711 2314 2768 Ἀπὸ
2350 2709 2461 2778 τῆς
2492 2707 2757 2773 Ἐξόδου.
2791 2706 2970 2771 -Ὧς
2991 2708 3024 2759 ό
3044 2702 3298 2778 Μωσέως
3325 2701 3617 2778 διᾴόοχ-οςγ
3640 2703 3745 2778 ’1ης

2227 2772 2419 2847 σούς,
2437 2772 2451 2776 ’
2479 2772 2745 2850 ἄγγελος
2774 2773 3276 2850 ἐπικεκλημένος,
3310 2772 3410 2826 καὶ
3441 2773 3552 2850 τοῦ
3583 2774 3737 2827 λαοῦ

2227 2842 2610 2921 καθὴγεῖσθὰι
2669 2842 2931 2921 gemitur,
2965 2844 3059 2921 ,τὸ
3092 2843 3301 2921 ,ονομα
3360 2842 3468 2896 τοῦ
3514 2860 3740 2914 χρημα-

2230 2913 2490 2987 τίζοίθῖτος
2521 2913 2780 2989 Χριστοῦ
2807 2913 3185 2986 ἐπιφέρεσθαι
3224 2913 3478 2982 λέγεται.

2233 3059 2251 3093 ι
2286 3040 2416 3093 Ἰδοὺ
2455 3036 2767 3092 ἀποστέλλω
2797 3034 2886 3088 τὸν
2916 3031 3144 3101 ἄγγελόν
3174 3047 3275 3101 μου
3308 3029 3414 3102 πρὸ
3445 3027 3736 3099 προσώπου

467 3128 641 3185 tuam,
677 3129 735 3174 ut
760 3120 1029 3175 custodiat
1068 3132 1119 3176 te
1143 3123 1198 3177 in
1227 3124 1335 3188 via,
1362 3133 1420 3178 ut
1444 3124 1757 3180 introducat
1774 3135 1828 3180 te
1855 3127 1910 3180 in
1944 3136 2049 3181 ter-

2159 3148 2274 3195 σου,
2294 3132 2381 3185 ἵνα
2415 3129 2665 3199 φυλάσσῃ
2690 3144 2750 3179 σε
2778 3128 2835 3178 ἐν
2853 3126 2920 3196 τῇ
2941 3123 3064 3194 ὁδῷ,
3093 3124 3242 3186 ὃπως
3270 3120 3539 3194 εἰσαγάγῃ
3565 3138 3624 3174 σε
3646 3124 3727 3186 είς

472 3228 587 3267 ram
633 3229 797 3283 quam
840 3217 1140 3284 praeparavi
1182 3217 1278 3271 tibi
1326 3234 1338 3268 :
1386 3218 1616 3273 observa
1667 3234 1817 3284 eum,
1849 3228 1904 3275 et
1947 3233 2049 3273 au-

2153 3222 2245 3293 τὴν
2278 3222 2381 3292 γῆν
2399 3261 2413 3285 ,
2441 3221 2509 3292 ἢν
2536 3218 2812 3290 ἡτοίμασά
2839 3232 2941 3269 σοι.
2967 3214 3208 3287 Πρόσεχε
3233 3213 3441 3285 σεαυτῷ
3463 3256 3476 3278 ,
3504 3215 3598 3268 καὶ
3621 3217 3738 3268 slo-

472 3307 655 3362 sculta
678 3307 781 3368 illi,
816 3323 886 3362 ne
922 3306 1093 3364 fueris
1120 3310 1384 3366 adversus
1408 3312 1560 3366 illum
1589 3320 1905 3377 contumax,
1938 3328 2048 3367 non

468 3402 617 3458 enim
672 3403 951 3457 verebitur
1003 3411 1096 3469 te,
1148 3420 1350 3460 nomen
1404 3407 1551 3460 enim
1608 3422 1790 3463 meum
1853 3415 1939 3463 est
1992 3407 2049 3461 in

472 3495 592 3566 ipso
620 3496 687 3549 ⁸³.
750 3515 769 3548 ι
828 3496 970 3561 Meo,
1030 3496 1207 3568 inquit
1263 3499 1381 3568 ipse
1436 3498 1723 3564 Dominus,
1792 3503 1883 3571 qui
1934 3500 2051 3556 hac

468 3587 569 3640 tibi
616 3588 939 3658 respondeo,
996 3591 1219 3645 nomine
1261 3590 1567 3662 inscriptus
1608 3601 1713 3660 est,
1750 3594 1843 3664 qui
1875 3609 2051 3664 popu-

472 3677 583 3732 lum
608 3680 1024 3736 introducturus
1046 3692 1129 3737 est
1150 3683 1205 3736 in
1224 3690 1427 3738 terram
1452 3684 1837 3753 promissionis
1869 3684 2051 3755 :quod

472 3772 519 3826 si
547 3770 706 3828 Jcsus
729 3773 849 3835 fuit,
886 3791 991 3829 non
1024 3776 1185 3840 alius,
1226 3783 1444 3831 constat
1466 3776 1578 3845 jam
1611 3784 1726 3831 tum
1758 3775 2050 3833 Dominum

469 3863 559 3918 hic
594 3864 796 3931 dicere,
846 3882 1046 3922 nomen
1081 3884 1242 3924 suum
1278 3868 1354 3922 illi
1379 3884 1501 3924 esse
1544 3869 1861 3938 impositum
1897 3885 2050 3925 :non

470 3956 636 4026 igitur
664 3958 865 4012 mirum
891 3966 997 4020 est,
1031 3961 1078 4014 si
1126 3960 1379 4029 angelum
1404 3975 1622 4030 quoque
1663 3960 1843 4030 ipsum
1866 3968 2047 4024 vocat,

471 4047 690 4115 quando
715 4047 876 4101 etiam
905 4048 974 4103 de
1003 4047 1235 4113 Joanne,
1269 4050 1361 4119 qui
1401 4051 1565 4105 homo
1599 4050 1722 4115 fuit,
1775 4051 1938 4121 plane
1966 4052 2054 4106 di-

471 4146 618 4192 ctum
651 4150 737 4194 est
769 4140 900 4193 illud
933 4158 946 4194 :
978 4157 998 4191 ι
1036 4139 1177 4196 Ecce
1210 4142 1365 4197 mitto
1424 4142 1678 4211 angelum
1713 4157 1894 4198 meum
1926 4151 2054 4198 ante

474 4227 669 4283 faciem
702 4238 874 4293 tuam,
907 4231 999 4299 qui
1023 4231 1351 4301 praeparabit
1371 4233 1516 4285 viam
1542 4241 1690 4286 tuam
1708 4240 1836 4287 ante
1866 4240 1920 4287 te
1937 4232 2003 4287 ⁸⁸.
2026 4249 2048 4284 ι

474 4340 519 4395 Α
540 4340 827 4415 Ζαοίιαγία.
858 4372 929 4382 —-
952 4343 1104 4410 Quod
1152 4347 1311 4398 etiam
1330 4344 1487 4398 Iesus
1526 4345 1672 4415 ﬁlius
1708 4344 1930 4415 Iosedec
1955 4364 2052 4400 sa-

546 4413 725 4487 cerdos
757 4402 1002 4487 magnus,
1040 4417 1321 4485 imaginem
1368 4433 1429 4469 ac
1462 4402 1689 4486 ῥᾴω-ατη
1738 4402 2052 4487 θεδδὶίδιιί-

544 4485 740 4556 valor-is
764 4486 953 4548 nostri,
988 4489 1078 4555 qui
1099 4496 1340 4542 veterem.
1377 4485 1649 4556 quw’jam
1674 4485 1783 4539 tum
1823 4489 2055 4541 inualue-

2150 3315 2311 3369 άκουε
2345 3312 2508 3367 αὑτοῦ
2530 3352 2545 3377 ,
2578 3313 2650 3383 μὴ
2682 3310 2897 3365 ἀπείθει
2924 3307 3074 3379 αὑτῷ
3096 3324 3109 3337 ·
3139 3308 3199 3361 οὐ
3231 3310 3338 3378 γάρ
3376 3303 3448 3378 μὴ
3482 3307 3737 3361 ὑποστεί-

2149 3405 2308 3477 ληταί
2337 3423 2415 3459 σε.
2445 3405 2518 3458 Τὸ
2538 3404 2646 3476 γάρ
2665 3402 2839 3474 ὄνομα
2870 3419 2972 3473 μου
3006 3403 3157 3455 ἐστὶν
3181 3400 3268 3453 ἐπ’
3292 3398 3459 3471 αὐτῷ.
3496 3419 3515 3451 ι
3550 3399 3735 3471 Ἐμοῦ,

2151 3498 2315 3569 φησὶν
2334 3496 2494 3560 αὐτὸς
2524 3498 2553 3549 ὁ
2581 3495 2811 3566 Κύριος,
2832 3492 2924 3548 τοῦ
2962 3494 3046 3547 σοὶ
3075 3492 3249 3547 ταῦτα
3273 3490 3700 3563 χρηματίζοντος
3719 3531 3734 3553 ,

2148 3587 2390 3659 τοῦνομα
2425 3587 2848 3658 ἐπιγέγραπται,
2878 3588 2905 3640 ό
2939 3585 3149 3657 μέλλων
3191 3586 3431 3652 εἰσάγειν
3489 3585 3578 3637 τὸν
3610 3582 3735 3636 λαὸν

2150 3682 2231 3745 είς
2257 3681 2355 3751 τὴν
2387 3680 2490 3751 γῆν
2520 3680 2620 3749 τῆς
2647 3678 3005 3747 ἐπαγγελίας·
3029 3680 3078 3731 εἰ
3099 3678 3144 3731 δ’
3168 3677 3329 3740 αὐτὸς
3356 3672 3423 3749 ἢν
3451 3678 3479 3729 ὁ
3509 3674 3735 3748 Ἰησοῦς,

2151 3773 2252 3826 οὐκ
2293 3771 2487 3835 ἀλλος,
2524 3770 2818 3843 πρόδηλον,
2849 3771 2925 3834 ὡς
2971 3768 3209 3839 τοῦνομα
3254 3768 3315 3821 τὸ
3364 3766 3530 3821 αὑτοῦ
3573 3765 3736 3837 φησιν

2152 3862 2522 3916 ἐπιτεθεῖσθαι
2550 3860 2718 3931 αὐτῷ.
2751 3861 2824 3914 υὺ
2851 3860 3160 3931 θαυμαστὸν
3182 3854 3295 3921 οὖν,
3320 3859 3367 3911 εί
3392 3859 3484 3911 καὶ
3511 3857 3738 3927 ἄγγελον

2152 3952 2313 4006 αὑτὸν
2338 3951 2619 4016 ἀποκαλεῖ,
2646 3952 2735 4005 ὅτε
2771 3952 2867 4004 καὶ
2898 3950 3026 4023 περὶ
3059 3949 3305 4004 Ἰωάννου
3332 3947 3616 4019 ἀνθρώπου
3645 3964 3740 4017 γε·-

2151 4044 2367 4112 γονότος
2394 4043 2638 4098 λέλεκται
2670 4044 2749 4109 τὸ,
2791 4062 2809 4095 ι
2856 4045 2984 4098 Ἰδοὺ
3014 4040 3332 4097 ἀποστέλλω
3374 4041 3463 4094 τὸν
3509 4041 3736 4110 ἀγγελίν

2155 4154 2257 4207 μου
2301 4138 2408 4209 πρὸ
2442 4136 2735 4209 προσώπου
2767 4153 2858 4190 σου
2881 4176 2894 4201 ,
2934 4137 2993 4200 ὃς
3036 4135 3441 4188 κατασκευάσει
3480 4133 3579 4204 τῆν
3618 4132 3736 4187 ὀδόν

2155 4245 2247 4282 σου
2281 4228 2589 4301 ἔμπροσθέν
2623 4247 2735 4282 σου.
2768 4248 2786 4281 ι

2166 4343 2311 4396 Ἀπὸ
2338 4344 2442 4397 τοῦ
2469 4344 2789 4412 Ζαχαρίου.
2814 4373 2885 4382 -
2907 4342 3001 4407 Ὡς
3036 4339 3133 4392 καὶ
3168 4337 3413 4412 Ἰησοῦς,
3431 4339 3465 4392 ὁ
3490 4337 3598 4412 τοῦ
3627 4338 3735 4392 Ἰωα

2225 4414 2407 4467 σεδὲκ
2436 4418 2467 4467 ό
2498 4408 2692 4481 ἱερεὺς
2721 4416 2752 4466 ό
2777 4413 2957 4480 μέγας
2989 4412 3196 4481 εἰκόνα
3221 4411 3316 4462 καὶ
3349 4409 3538 4481 τύπον
3557 4408 3737 4481 -ἕςρεέε

2226 4484 2332 4537 τοῦ
2388 4478 2661 4552 Σωτῆρος
2702 4478 2890 4551 ἡμῶν,
2950 4478 3415 4552 ἐπιστρέφογτος
3473 4479 3572 4531 ἐπὶ
3630 4481 3738 4533 τίν

547 4564 653 4616 rut,
678 4530 1028 4609 humanarum
1081 4530 1403 4610 animarum,
1432 4530 1753 4624 seruitutem,
1788 4559 1857 4611 ad
1884 4558 2049 4611 Deum

2237 4552 2520 4624 Baetici)?-
2531 4530 2715 4607 ἐξάξαι
2725 4530 3221 4621 ἔτιηιροιτήσαοῗαειλΓ
3232 4548 3348 4603 τῶν
3360 4530 3739 4617 ἆνθρωπείιυν

545 4635 818 4679 convertit.

549 4739 708 4812 197
737 4759 755 4791 ι
777 4739 840 4792 Ει
872 4740 1112 4795 ostendit
1160 4741 1294 4796 mihi
1342 4741 1607 4800 Dominus
1649 4743 1837 4800 Jesum
1869 4759 2057 4799 sacer-

473 4833 657 4887 dotem
677 4848 954 4902 magnum,
976 4842 1206 4888 stantem
1231 4841 1355 4889 ante
1377 4833 1571 4890 faciem
1604 4834 1781 4906 angeli
1807 4833 2055 4890 Domini:

472 4932 530 4980 et
561 4925 815 4979 diabolus
864 4926 1044 4980 stabat
1090 4940 1119 4978 a
1174 4926 1384 4982 dextris
1412 4926 1554 4997 ejus,
1589 4937 1649 4983 ut
1671 4929 2059 4983 adversaretur

472 5018 551 5080 ei,
579 5028 632 5072 et
663 5017 799 5072 dixit
833 5015 1097 5071 Dominus
1116 5016 1182 5069 ad
1222 5016 1501 5072 diabolum
1537 5036 1550 5072 :
1579 5017 1829 5089 lncrepet
1873 5019 2060 5073 Domi-

476 5123 582 5163 nus
605 5106 658 5161 in
688 5115 762 5172 te,
796 5108 1029 5171 diabole,
1078 5115 1133 5163 et
1169 5107 1411 5178 increpet
1447 5107 1712 5165 Dominus
1754 5110 1809 5165 in
1833 5117 1907 5173 te,
1964 5109 2060 5180 qui

475 5200 637 5272 elegit
678 5199 978 5256 Jerusalem
1037 5220 1049 5255 :
1098 5215 1281 5255 nonne
1336 5215 1465 5256 ecce
1508 5201 1618 5265 hic,
1668 5203 1827 5272 quasi
1889 5201 2057 5256 torris

476 5300 665 5345 erutus
691 5305 759 5344 ex
795 5290 958 5360 igne?
985 5288 1049 5342 Et
1074 5298 1193 5344 erat
1224 5287 1386 5345 Jesus
1411 5290 1637 5347 indutus
1669 5291 1915 5347 vestibus
1938 5305 2060 5344 sor-

476 5381 641 5446 didis,
692 5389 746 5437 et
799 5381 979 5437 stabat
1033 5389 1159 5436 aute
1230 5380 1422 5465 faciem
1490 5384 1667 5454 angeli
1718 5381 1956 5447 Domini,
2003 5388 2054 5436 et

478 5474 779 5544 reSpondit,
828 5483 881 5529 et
918 5476 993 5529 ait
1040 5475 1107 5530 ad
1138 5484 1343 5532 stantes
1375 5484 1501 5533 ante
1559 5477 1755 5532 faciem
1779 5517 1793 5541 ,
1821 5476 2011 5531 dicens
2039 5494 2052 5529 :

478 5564 700 5621 Auferte
731 5567 1059 5623 vestimenta
1083 5567 1303 5623 sordida
1338 5567 1406 5622 ab
1425 5583 1512 5635 eo,
1544 5576 1599 5624 el.
1629 5568 1768 5623 dixit
1798 5568 1865 5623 ad
1892 5582 2051 5623 eum:

478 5655 617 5713 Ecce
639 5657 840 5713 abstuli
901 5676 933 5713 a
973 5667 1027 5715 te
1064 5661 1380 5732 iniquitates
1411 5667 1558 5725 tuas,
1591 5671 1643 5716 et
1680 5660 1887 5716 induite
1927 5675 2051 5714 cum

546 5811 594 5844 ⁸³
618 5810 791 5868 Exod.
815 5827 971 5879 um,
1014 5813 1104 5870 ΞΟ.
1178 5813 1409 5870 “Marc.
1458 5830 1497 5883 ι,
1527 5813 1581 5869 2.

2234 4622 2453 4693 ψυχῶν
2481 4626 2917 4693 αἰχμαλωσίαν.

2240 4756 2258 4789 ι
2294 4737 2402 4790 Καὶ
2425 4734 2595 4799 ἕδειξέ
2630 4752 2721 4806 μοι
2749 4734 2957 4808 Κύριος
2994 4733 3201 4804 Ἰησοῦν
3228 4733 3318 4787 τὸν
3349 4732 3498 4806 ἱερέα
3526 4733 3619 4787 τὸν
3646 4733 3741 4804 μέ-

2160 4846 2263 4901 γαν
2281 4869 2296 4893 ,
2331 4827 2540 4883 ἑστῶτα
2570 4828 2678 4900 πρὸ
2709 4827 3004 4900 προσώπου
3038 4826 3274 4896 ἀγγέλου
3318 4827 3548 4898 Κυρίου.
3574 4826 3685 4879 Καὶ
3711 4828 3741 4878 ό

2158 4923 2403 4986 διάϐολος
2428 4922 2669 4994 εἱστήκει
2689 4923 2755 4976 ἐκ
2782 4920 2971 4987 δεξιῶν
3001 4919 3187 4985 αὐτοῦ,
3209 4919 3545 4973 ἀντικεῖσθαι
3569 4916 3735 4987 αὐτῷ.

2160 5016 2273 5070 Καὶ
2315 5013 2436 5069 εἶπε
2485 5015 2691 5087 Κύριος
2738 5015 2873 5086 πρὸς
2914 5015 3005 5069 τὸν
3053 5011 3328 5066 διάϐολον
3393 5011 3739 5082 Ἐπιτιμήσαι

2162 5107 2366 5181 Κύριος
2398 5111 2456 5161 ἐν
2491 5108 2609 5173 σοὶ,
2640 5106 2855 5161 διάϐολε
2875 5147 2889 5171 ,
2940 5107 3036 5160 καὶ
3081 5106 3408 5176 ὲπιτιμήσαι
3438 5104 3640 5175 Κύριος
3682 5103 3740 5154 ἐν

2165 5200 2266 5265 σοὶ,
2290 5200 2319 5252 ό
2342 5197 2700 5270 ἐκλεξάμενος
2722 5198 2821 5269 τὴν
2854 5195 3161 5270 Ὶερουσαλή
3171 5214 3228 5266 μ.
3257 5194 3392 5266 Οὐχὶ
3415 5188 3565 5256 οὗτος
3583 5191 3742 5255 δαλὸς

2164 5289 2569 5361 ἐξεσπασμὲνος
2586 5290 2651 5343 ἐκ
2680 5290 2849 5361 πυρός
2876 5305 2890 5354 ;
2913 5289 3023 5342 Καὶ
3051 5283 3119 5360 ἦν
3157 5285 3365 5358 Ἰησοῦς
3395 5282 3740 5353 ἐνδεδυμένος

2167 5383 2357 5454 ἱμάτια
2391 5383 2632 5455 ῥυπαρὰ,
2661 5384 2756 5436 καὶ
2784 5385 3023 5454 εἱστήκει
3058 5382 3165 5454 πρὸ
3187 5378 3478 5450 προσώπου
3507 5375 3742 5445 ἀγγέλου

2163 5474 2391 5546 Κυρίου,
2414 5475 2509 5528 καὶ
2530 5474 2803 5547 ἀπεκρίθη
2823 5515 2838 5539 ,
2866 5475 2960 5529 καὶ
2988 5470 3111 5528 εἶπε
3140 5472 3278 5544 πρὸς
3301 5472 3424 5534 τοὺς
3447 5466 3743 5540 ἑστηκότας

2163 5566 2271 5637 πρὸ
2290 5566 2610 5637 προσώπου,
2632 5567 2828 5635 λέγων·
2859 5566 3111 5636 ’Δφέλετε
3130 5567 3198 5617 τά
3221 5563 3412 5634 ἱμάτια
3435 5560 3502 5616 τὰ
3523 5562 3744 5634 ρυπαρὲι

2164 5657 2258 5711 ἀπ’
2287 5656 2474 5710 αὐτοῦ’
2516 5656 2611 5712 καὶ
2642 5651 2764 5710 εἷπε
2799 5656 2935 5728 πρὸς
2964 5655 3146 5709 αὐτόν·
3185 5653 3316 5708 Ἰδοὺ
3346 5652 3607 5725 ἀφῄρηκα
3645 5649 3745 5714 τὰς
