4126 6418
401 380 505 435 329

1273 372 1935 434 DEMONSTBATIONIS
1973 371 2440 430 EVANGELICE
2482 371 2613 427 LIB.
2657 371 2747 427 IV.

3540 378 3649 433 530

401 499 630 572 ἀνομίας
659 516 774 565 σου,
800 499 892 553 καὶ
922 496 1175 552 ὲνδύσατε
1204 496 1367 550 αὐτὸν
1392 497 1624 569 ποδήρη,
1645 497 1738 551 καὶ
1758 496 1970 550 ἐπίθετε

2075 495 2261 549 tunica
2285 494 2465 561 talari,
2511 500 2566 549 et
2622 492 2886 565 imponite
2931 492 3160 549 cidarim
3207 494 3466 550 mundam
3487 510 3652 566 super

400 592 617 664 κίδαριν
651 591 896 663 καθαρὰν
922 590 1015 643 ἐπὶ
1044 589 1143 660 τὴν
1182 588 1423 659 κεφαλήν
1456 589 1653 654 αὑτοῦ,
1688 590 1782 642 καὶ
1812 605 1972 660 περι-

401 684 593 738 έϐαλον
624 683 787 739 αὑτὸν
818 682 1027 753 ἱμάτια.
1061 702 1080 733 ι
1118 682 1229 734 Καὶ
1260 680 1386 752 ἑξῆς
1412 680 1681 749 ἐπιλέγει·
1722 700 1738 731 ι
1776 681 1973 733 Ἀκουε

399 775 463 847 δὴ
481 815 497 839 ,
539 774 713 847 Ἰησοῦ
748 776 776 828 6
806 774 985 845 ἱερεὺς
1015 775 1045 825 6
1075 773 1247 844 μέγας
1266 813 1280 836 ,
1308 773 1373 826 σὺ
1402 774 1497 826 καὶ
1517 775 1566 826 οἱ
1594 772 1822 843 πλησίον
1852 770 1969 834 σοῦ,

400 867 691 937 καθήμενοι
719 865 823 937 πρὸ
855 864 1144 937 προσώπου
1176 880 1268 917 σου
1290 904 1304 927 ,
1344 863 1478 917 διότι
1516 863 1706 935 ἄνδρες
1745 880 1972 931 τερατο-

402 964 590 1012 σκόποι
613 956 901 1010 εἰσίσδιότι
942 956 1060 1025 ἄγω
1099 956 1191 1009 τὸν
1224 956 1409 1010 δοῦλόν
1444 974 1544 1026 μου
1592 955 1900 1027 Ἀνατολήν.
1948 973 1966 1006 ι

402 1050 512 1104 Καὶ
543 1051 682 1120 μετὰ
701 1048 930 1123 βραχέα,
949 1049 1158 1112 τούτοις
1186 1048 1438 1119 ἐπιφέρει
1454 1046 1625 1115 λέγων
1644 1063 1657 1075 ·
1678 1063 1697 1096 ι
1718 1046 1827 1098 Καὶ
1854 1045 1975 1113 ἐγέ-

401 1157 523 1194 νετο
555 1140 713 1208 λόγος
747 1140 953 1212 Κυρίου
995 1140 1132 1209 πρός
1175 1156 1243 1209 με
1272 1138 1444 1206 λέγων
1468 1154 1481 1167 ο
1514 1136 1659 1192 Λάϐε
1685 1136 1754 1190 τὰ
1781 1138 1845 1190 ὲκ
1875 1137 1974 1207 τῆς

403 1230 775 1301 αἰχμαλωσίας
825 1229 974 1301 παρά
1022 1229 1129 1282 τῶν
1178 1228 1456 1301 ἀρχόντων
1508 1228 1603 1281 καὶ
1659 1226 1809 1299 παρά
1868 1225 1974 1280 τῶν

401 1320 660 1392 χρησμῶν
692 1318 864 1390 αὐτῆς
881 1358 896 1383 ,
921 1318 1015 1371 καὶ
1053 1317 1202 1390 παρά
1228 1316 1335 1370 τῶν
1369 1314 1755 1385 ὲπεγνωκότων
1782 1312 1971 1385 αὐτὴν,

397 1413 492 1467 καὶ
532 1411 815 1483 εἰσελεύσῃ
842 1412 900 1464 ὲν
939 1413 1006 1482 τῇ
1037 1409 1220 1481 ἡμέρᾳ
1253 1408 1438 1484 ἐκείνῃ
1465 1411 1546 1472 εἰς
1575 1411 1665 1461 τὸν
1691 1403 1838 1461 οἷκον
1879 1408 1976 1459 Σο-

397 1504 580 1574 φονίου
607 1502 702 1556 τοῦ
729 1503 957 1575 ἥκοντος
984 1502 1050 1555 ὲκ
1071 1500 1409 1565 Βαϐυλῶνος,
1431 1501 1523 1553 καὶ
1542 1499 1684 1571 λήψῃ
1711 1497 1974 1569 ἀργύριον

396 1594 489 1647 καὶ
518 1593 738 1665 χρυσίον
758 1632 774 1656 ,
803 1593 897 1646 καὶ
923 1598 1171 1665 ποιήσεις
1204 1590 1500 1660 στεφάνους
1525 1630 1540 1654 ,
1571 1590 1664 1644 καὶ
1696 1586 1975 1660 ἐπιθήσεις

396 1685 489 1737 ἐπὶ
519 1683 618 1755 τὴν
651 1683 891 1757 κεφαλὴν
927 1680 1101 1753 Ἰησοῦ
1130 1679 1224 1736 τοῦ
1261 1681 1503 1734 Ἰωσεδὲκ
1529 1678 1623 1733 τοῦ
1668 1678 1857 1749 ἱερέως
1878 1676 1972 1730 τοῦ

400 1776 636 1848 μεγάλου
655 1817 669 1842 ,
718 1776 814 1830 καὶ
858 1776 1004 1846 ἐρεῖς
1035 1773 1171 1845 πρὸς
1198 1772 1359 1827 αὐτόν
1381 1789 1397 1803 ⁸
1425 1771 1564 1826 Τάδε
1591 1770 1739 1839 λέγει
1771 1768 1975 1841 Κύριος

2071 598 2237 660 caput
2259 589 2399 658 ejus,
2423 597 2477 644 et
2512 589 2807 644 induerunt
2861 587 3015 643 illum
3062 589 3381 644 vestimenta
3414 590 3482 643 ⁸³.
3515 609 3535 641 ι
3572 592 3649 644 Ac

2071 679 2267 735 deinde
2294 680 2578 751 adjungit:
2608 698 2627 732 ι
2665 680 2808 735 Audi
2854 682 2964 751 jam
3018 698 3183 747 nunc,
3214 680 3343 737 Jesu
3392 683 3650 738 sacerdos

2074 786 2291 841 magne,
2330 780 2387 826 tu
2438 782 2493 826 et
2526 773 2763 842 proximi
2825 774 2904 827 tui
2960 773 3214 828 sedentes
3273 780 3399 828 ante
3454 772 3648 829 faciem

2072 871 2243 927 tuam,
2282 865 2539 934 quoniam
2572 865 2677 918 viri
2708 866 3079 937 prodigiorum
3108 867 3446 937 inspectores
3474 876 3603 922 sunt
3630 886 3644 920 :

2072 958 2330 1027 quoniam
2359 973 2460 1027 ego
2494 957 2707 1012 adduco
2733 973 2949 1012 servum
2981 974 3182 1025 meum,
3213 959 3489 1016 Orientem
3511 961 3589 1027 ι¹⁴⁵;
3619 974 3642 1014 δ

2073 1059 2275 1120 etpost
2308 1051 2553 1119 paulum,
2612 1050 2699 1105 his
2721 1066 2841 1121 qua:
2888 1050 3037 1106 dicta
3095 1061 3223 1107 sunt
3252 1052 3524 1124 adjungit,
3565 1054 3650 1108 di-

2080 1156 2252 1196 cens:
2283 1158 2302 1191 ι
2329 1140 2394 1195 Et
2416 1139 2621 1195 factum
2668 1149 2753 1196 est
2808 1142 3033 1196 verbum
3071 1141 3287 1198 Domini
3322 1145 3390 1198 ad
3448 1159 3535 1199 me
3561 1143 3663 1201 di-i

2075 1248 2250 1291 cens:
2286 1231 2452 1288 Sume
2511 1247 2576 1287 ea
2629 1249 2751 1304 qua:
2793 1243 2923 1288 sunt
2969 1250 3033 1289 ex
3085 1234 3569 1306 transmigrationc
3617 1251 3649 1288 a

2075 1326 2417 1395 principibus
2462 1340 2517 1381 et
2559 1325 2800 1381 oraculis
2844 1326 2988 1395 ejus,
3021 1333 3076 1381 et
3125 1327 3193 1381 ab
3221 1328 3288 1382 iis
3316 1329 3412 1398 qui
3447 1343 3648 1399 cogno-

2076 1424 2273 1472 verunt
2326 1433 2470 1481 eam,
2529 1428 2584 1472 ct
2622 1418 2948 1488 ingredieris
2972 1420 3025 1472 in
3061 1419 3149 1475 die
3181 1420 3273 1473 illa
3317 1420 3373 1474 in
3423 1420 3646 1476 domum

2078 1506 2369 1578 Sephoniaa
2394 1509 2664 1566 venientis
2722 1509 2789 1565 de
2828 1509 3118 1582 Babylone,
3168 1519 3223 1566 et
3272 1514 3512 1582 accipies
3556 1528 3650 1567 ar—

2075 1611 2298 1671 gentum
2322 1608 2485 1671 atque
2512 1616 2730 1666 aurum,
2752 1611 2808 1657 et
2832 1602 3000 1658 facies
3029 1617 3287 1668 coronas,
3318 1611 3373 1660 et
3402 1605 3648 1675 impones

2076 1707 2242 1762 super
2267 1704 2430 1762 caput
2448 1691 2577 1748 Jesu
2615 1693 2709 1748 ﬁlii
2732 1691 2965 1750 Josedec
3009 1694 3313 1752 sacerdotis
3363 1698 3568 1767 magni,
3594 1706 3648 1751 ct

2074 1782 2225 1838 dices
2267 1783 2334 1838 ad
2396 1798 2521 1838 eum
2556 1782 2724 1838 :Haec
2774 1783 2910 1839 dicit
2961 1784 3225 1841 Dominus
3277 1788 3642 1856 omnipotens.

394 1868 789 1940 παντοκράτωρ
808 1883 822 1897 ’
860 1866 991 1919 Ἰδοὺ
1015 1865 1173 1937 ἀνὴρ,
1204 1863 1457 1935 Ἀνατολὴ
1482 1863 1652 1935 θνομα
1677 1860 1845 1931 αὐτῷ,
1873 1860 1969 1913 καὶ

2071 1890 2201 1931 ecce
2226 1876 2333 1942 vir,
2360 1874 2557 1931 Oriens
2609 1890 2804 1931 nomen
2837 1876 2889 1931 ei
2914 1917 2928 1938 ,
2958 1884 3012 1931 et
3042 1877 3229 1933 subter
3257 1892 3383 1933 eum
3416 1879 3646 1940 orietur,

398 1958 747 2014 ὑποκάτωθεν
779 1957 941 2013 αὐτοῦ
976 1957 1254 2019 ἀνατελεῖ,
1288 1956 1381 2010 καὶ
1406 1954 1745 2026 οἰκοδομήσει
1773 1954 1864 2007 τὸν
1885 1949 1966 2006 οἰ-

395 2069 491 2106 κον
516 2052 744 2125 Κυρίου,
769 2053 862 2106 καὶ
877 2051 1039 2114 αὐτὸς
1057 2049 1286 2121 λήψεται
1299 2046 1518 2118 ἀρετὴν,
1540 2048 1633 2100 καὶ
1656 2044 1964 2108 καθίσεται,

394 2145 490 2200 καὶ
523 2142 780 2215 κατάρξει
823 2142 917 2194 ὲπί
942 2140 1035 2193 τοῦ
1066 2139 1258 2212 θρόνου
1295 2136 1462 2192 αὐτοῦ
1482 2153 1495 2166 ·
1526 2135 1621 2189 καὶ
1655 2134 1806 2187 ἔσται
1835 2136 1864 2186 ὁ
1890 2135 1967 2186 ἰε-

396 2236 524 2308 ρεὺς
551 2237 615 2288 ὲκ
643 2231 832 2298 δεξιῶν
864 2229 1028 2285 αὐτοῦ
1046 2268 1060 2292 ,
1094 2230 1188 2283 καὶ
1221 2227 1384 2300 βουλὴ
1408 2224 1658 2297 εἰρηνικὴ
1687 2223 1838 2277 ἔσται
1866 2223 1970 2277 ἁνά

399 2326 561 2396 μέσον
587 2322 932 2394 ἀμφοτέρων.
970 2339 990 2372 ι
1033 2319 1143 2372 Καὶ
1182 2320 1211 2370 6
1246 2319 1302 2371 ἐν
1323 2317 1403 2388 τῷ
1436 2316 1660 2387 παρόντι
1687 2316 1969 2386 προφήτης

398 2418 576 2488 μέγας
604 2418 780 2489 ἱερεὺς
809 2455 823 2479 ,
866 2410 1331 2484 ἀναγορευόμενος
1368 2408 1574 2479 Ἰησοῦς
1593 2449 1608 2474 ,
1640 2409 1970 2479 λευκοτάτην

396 2509 583 2563 εἰκόνα
612 2507 706 2561 καὶ
735 2504 1003 2576 σύμϐολον
1048 2502 1279 2574 ἐναργὲς
1322 2502 1471 2555 δοκεῖ
1520 2517 1607 2570 μοι
1649 2498 1840 2564 σώζειν
1874 2498 1968 2551 τοῦ

395 2597 648 2669 Σωτῆρος
689 2596 847 2667 ήμῶν
904 2594 1078 2665 Ἰησοῦ
1125 2593 1218 2646 τοῦ
1265 2590 1536 2663 Χριστοῦ,
1589 2592 1654 2660 τῇ
1697 2606 1754 2641 τε
1805 2589 1968 2642 αὑτοῦ

394 2688 735 2761 προσηγορίᾳ
764 2687 1037 2760 τιμηθεὶς,
1068 2687 1162 2740 καὶ
1193 2687 1292 2755 τῆς
1318 2683 1574 2737 ἐπανόδου
1603 2682 1701 2752 τῆς
1730 2682 1838 2735 ἀπὸ
1860 2682 1969 2735 Βα-

393 2779 633 2844 ϐυλῶνος
661 2779 1034 2850 αἰχμαλωσίας
1057 2776 1150 2830 τοῦ
1169 2776 1299 2829 λαοῦ
1323 2773 1795 2845 καθηγησάμενος.
1815 2772 1967 2825 Ἐπεὶ

391 2872 488 2927 καὶ
520 2875 549 2927 6
578 2872 771 2944 Σωτήρ
802 2869 959 2943 ήμῶν
991 2868 1199 2940 Ἰησοῦς
1225 2870 1254 2921 6
1283 2866 1518 2940 Χριστὸς
1543 2865 1794 2934 ἀφεῖσθαι
1825 2864 1968 2935 εἴρη-

392 2982 485 3020 ται
508 2964 596 3019 διὰ
629 2963 849 3019 Ἡσαΐου
870 2960 964 3017 τοῦ
992 2962 1269 3034 προφήτου
1290 2999 1305 3024 ,
1341 2957 1575 3031 κηρύξαι
1602 2955 1965 3028 αἰχμαλώτοις

392 3057 621 3128 ἄφεσιν,
671 3058 767 3111 καὶ
810 3054 1030 3124 τυφλοῖς
1086 3051 1376 3122 ἀνάϐλεψιν
1396 3092 1410 3115 ,
1466 3049 1843 3122 παρακαλέσαι
1905 3065 1966 3101 τε

394 3152 602 3216 πάντας
628 3151 752 3214 τοὺς
788 3148 1143 3215 πενθοῦντας,
1183 3149 1278 3202 καὶ
1304 3147 1523 3219 δοθῆναι
1555 3148 1666 3209 τοῖς
1712 3143 1966 3199 πενθοῦσι

2074 1975 2130 2023 et
2166 1966 2458 2022 aadiﬁcabit
2510 1967 2734 2022 domum
2772 1967 3023 2031 Domini,
3051 1978 3105 2024 et
3137 1969 3255 2038 ipse
3276 1970 3507 2041 accipiet
3535 1973 3651 2025 vir-

2076 2067 2269 2124 tutem,
2304 2069 2359 2114 et
2387 2058 2618 2122 sedebit,
2646 2067 2700 2112 et
2728 2058 3092 2129 principatum
3142 2059 3411 2114 obtinebit
3441 2060 3498 2115 in
3519 2063 3651 2117 sedo

2074 2167 2174 2207 sua
2209 2168 2222 2203 :
2254 2161 2305 2207 et
2337 2151 2443 2206 erit
2470 2151 2727 2206 sacerdos
2775 2165 2807 2203 a
2859 2150 3064 2206 dextris
3090 2150 3231 2219 ejus,
3278 2159 3332 2206 et
3357 2153 3649 2208 consilium

2074 2242 2363 2315 paciﬁcum
2395 2243 2503 2298 erit
2563 2242 2704 2296 inter
2749 2248 3039 2312 utrumque
3059 2241 3125 2295 ⁸⁷.
3160 2261 3179 2294 ι
3206 2240 3322 2297 Hoc
3346 2258 3563 2311 quoque
3592 2245 3649 2298 in

2075 2337 2197 2392 loco
2225 2335 2491 2406 prepheta
2521 2347 2755 2403 magnus
2784 2331 3064 2396 sacerdos,
3094 2330 3187 2401 qui
3217 2330 3424 2385 dicitur
3463 2329 3646 2396 Iesus,

2076 2426 2480 2498 apertissimam
2515 2425 2809 2497 imaginem
2853 2430 2908 2480 et
2941 2431 3128 2479 notam
3180 2421 3649 2479 evidentissimam

2076 2534 2297 2577 servare
2311 2518 2446 2574 mihi
2473 2518 2697 2573 videtur
2719 2514 3021 2572 Salvatoris
3053 2517 3228 2572 nostri
3259 2515 3387 2571 Jesu
3414 2514 3646 2582 Christi,

2074 2609 2295 2682 quando
2323 2618 2378 2666 et
2414 2610 2562 2665 illius
2622 2610 2844 2664 nomine
2887 2610 3201 2672 decoratur,
3248 2616 3303 2664 et
3343 2607 3531 2679 populi
3582 2607 3653 2664 de

2074 2700 2351 2772 Babylone
2375 2698 2677 2763 redeuntis,
2704 2699 2796 2769 qui
2829 2699 3077 2769 captivus
3107 2698 3220 2753 illic
3239 2697 3434 2761 fuerat,
3454 2698 3653 2753 ductor

2073 2791 2327 2858 exsistit;
2380 2805 2507 2844 nam
2544 2790 2794 2845 Salvator
2826 2806 3046 2861 quoque
3078 2799 3266 2847 noster
3293 2787 3454 2845 Jesus
3484 2787 3648 2845 Chri-

2074 2893 2195 2940 stus
2223 2897 2320 2954 per
2343 2880 2538 2938 Isaiam
2580 2882 2900 2952 prophetam
2942 2882 3144 2938 dicitur
3181 2882 3386 2937 missus
3419 2888 3479 2936 ut
3507 2896 3653 2936 nun-

2075 2974 2174 3028 tiet
2200 2973 2434 3043 captivis
2460 2971 2838 3029 remissionem
2868 2981 2923 3028 et
2951 2972 3110 3028 caecis
3165 2973 3367 3037 visum,
3400 2972 3651 3027 console-

2073 3074 2272 3137 turque
2300 3079 2491 3121 omnes
2517 3066 2611 3136 qui
2655 3065 2711 3120 in
2740 3067 2893 3121 luctu
2940 3066 3069 3130 sint,
3111 3065 3309 3135 detque
3338 3064 3651 3136 lugentibus

2077 3155 2231 3221 Sion,
2263 3155 2489 3226 gloriam
2520 3171 2618 3227 pro
2650 3155 2857 3222 cinere,
2889 3163 3053 3226 atque
3081 3154 3396 3210 unctionem
3428 3154 3649 3211 laetitiae.

392 3245 532 3302 Σιὼν
557 3246 676 3300 ἀντὶ
702 3243 896 3299 σποδοῦ
926 3242 1167 3314 ἄλειμμα
1198 3238 1750 3312 εύφροσύνης.“Εχεις
1779 3251 1966 3303 τοιγα-

2077 3248 2241 3320 198
2272 3247 2452 3304 Habes
2480 3249 2645 3319 igitur
2680 3248 2794 3318 jam
2844 3248 2983 3304 duos
3026 3262 3255 3319 magnos
3319 3243 3645 3318 pontiﬁces:

398 3337 523 3412 ροῦν
550 3338 651 3410 ήδη
674 3336 767 3390 δύο
789 3335 1055 3408 μεγάλους
1081 3335 1375 3405 ἀρχιερεῖς.
1422 3331 1514 3384 τὸν
1539 3330 1636 3401 μὲν
1658 3328 1811 3400 παρά
1839 3328 1967 3380 Μω-

396 3433 481 3486 σεί
500 3427 757 3502 Χριστὸν,
776 3429 867 3482 τὸν
899 3427 955 3481 δὲ
986 3425 1122 3497 μετά
1153 3427 1341 3497 χεῖρας
1369 3421 1599 3495 Ἰησοῦν,
1627 3419 1696 3474 τὰ
1725 3417 1968 3490 σύμϐολα

392 3520 496 3593 τῆς
523 3520 652 3592 περὶ
672 3520 763 3573 τὸν
790 3517 1025 3589 Σωτῆρα
1054 3517 1149 3570 καὶ
1171 3514 1373 3585 Κύριον
1403 3512 1559 3585 ήμῶν
1598 3508 1804 3582 Ἰησοῦν
1831 3509 1967 3580 Χρι-

399 3614 520 3667 στὸν
547 3610 802 3684 ἀληθείας
830 3610 896 3664 δι’
928 3607 1108 3665 αὐτῶν
1136 3606 1619 3679 ὲπενηνεγμένους,
1637 3601 1775 3655 Ἀλλ’
1804 3602 1834 3655 6
1868 3600 1967 3671 μὲν

408 3704 616 3779 ’Δαρὼν
637 3707 666 3759 6
693 3703 844 3775 παρά
868 3704 1058 3759 Μωσεϊ
1081 3699 1332 3773 Χριστὸς,
1364 3697 1465 3769 τῆς
1482 3695 1632 3768 παρά
1647 3693 1966 3763 Αἰγυπτίοις

397 3797 710 3862 ἀπαλλάξας
736 3796 827 3850 τὸν
860 3795 987 3848 λαὸν
1019 3792 1263 3856 δουλείας
1283 3832 1298 3857 ,
1327 3790 1414 3843 ἐπ’
1450 3787 1734 3859 ἐλευθερίᾳ
1772 3802 1834 3839 τε
1871 3784 1966 3838 καὶ

396 3891 663 3965 θεραπεία
690 3888 783 3943 τοῦ
810 3888 909 3958 τῆς
938 3888 1031 3941 ἀπ’
1062 3885 1336 3954 Αἰγύπτου
1364 3882 1587 3954 πορείας
1615 3876 1795 3934 αὐτῶν
1825 3880 1966 3948 ήγη-

398 3984 629 4055 σάμενος
647 4022 662 4045 ,
689 3981 788 4052 τὴν
820 3978 1002 4033 εἰκόνα
1039 3975 1200 4039 σώζοι
1232 3973 1297 4028 ἂν
1325 3972 1419 4027 τοῦ
1465 3969 1697 4043 ἀληθοῦς
1721 3967 1927 4038 Κυρίου
1948 4005 1964 4031 ,

394 4073 453 4138 ὃς
475 4074 572 4144 τῆς
594 4069 970 4140 Αἰγυπτιακῆς
990 4064 1427 4137 εἰδωλολατρείας
1446 4063 1654 4126 πάντας
1676 4062 1822 4132 ἡμᾶς
1839 4059 1968 4122 τοὺς

394 4165 458 4231 ἐξ
483 4163 650 4218 ἐθνῶν
678 4159 1016 4232 ὲλυτρώσατο
1035 4175 1049 4190 ο
1077 4161 1105 4213 6
1127 4158 1170 4212 δ’
1201 4160 1258 4212 ὲν
1283 4154 1362 4229 τῷ
1406 4155 1663 4228 προφήτῃ
1704 4149 1912 4223 Ἰησοῦς
1938 4152 1967 4204 6

396 4259 575 4330 ἰερεὺς
604 4259 633 4311 6
663 4255 832 4326 μέγας
859 4253 957 4323 τῆς
980 4251 1088 4307 ἀπὸ
1114 4246 1430 4310 Βαϐυλῶνος
1456 4245 1549 4299 ἐπὶ
1569 4244 1669 4316 τὴν
1701 4243 1968 4315 Ἰερουσα-

395 4348 507 4421 λὴμ
536 4345 796 4401 ἐπανόδου
830 4342 1091 4415 προέστη,
1117 4340 1314 4410 δεῖγμα
1341 4336 1521 4407 φέρων
1542 4335 1637 4389 καί.
1668 4334 1830 4397 αὐτὸς
1863 4332 1969 4404 Ἰη-

397 4438 492 4493 σοῦ
528 4436 622 4492 τοῦ
658 4435 908 4507 Σωτῆρος
943 4432 1097 4504 ήμῶν
1118 4472 1132 4497 ,
1176 4429 1235 4484 δν
1279 4428 1474 4499 ἔχομεν
1507 4426 1655 4497 ἱερέα
1687 4424 1861 4496 μέγαν
1888 4423 1968 4475 δι-

394 4530 688 4605 εληλυθότα
714 4530 838 4592 τοὺς
867 4527 1147 4598 οὐρανοὺς,
1171 4524 1238 4577 δι’
1259 4515 1321 4576 οὗ
1362 4522 1455 4575 καὶ
1477 4521 1650 4585 αὐτοὶ,
1680 4521 1868 4591 ὥσπερ
1899 4518 1965 4572 ὲκ

396 4602 710 4691 Βαϐυλῶνος
730 4619 829 4691 τῆς
856 4617 995 4672 κατὰ
1020 4617 1111 4670 τὸν
1138 4613 1408 4669 ἐνεστῶτα
1431 4611 1544 4682 βίον
1569 4609 1882 4682 συγχύσεώς
1906 4625 1965 4661 τε
1997 4602 2042 4657 D

396 4714 488 4767 καὶ
517 4707 911 4783 αἰχμαλωσίας’
932 4704 1432 4776 ἀπολυτρωθέντες,
1478 4705 1557 4767 εἰς
1602 4703 1701 4772 τὴν
1738 4700 1966 4773 οὐρανό-

398 4808 552 4864 πολιν
591 4807 691 4878 τὴν
734 4804 948 4875 ἀληθῶς
987 4799 1343 4875 Ἰερουσαλὴμ
1388 4798 1636 4853 σπεύδειν
1683 4797 1966 4868 ἐδιδάχθη-

399 4915 518 4972 μεν.
548 4897 788 4959 Εἰκότως
817 4895 875 4948 δὲ
905 4897 934 4948 6
963 4895 1061 4963 τὴν
1102 4893 1287 4947 εἰκόνα
1315 4891 1414 4963 τῆς
1442 4890 1699 4961 ἀληθείας
1736 4890 1804 4943 δι’
1830 4892 1963 4944 έαυ-

392 4989 485 5047 τοῦ
515 4989 697 5061 φέρων
728 4985 931 5059 Ἰησοῦς
965 4987 1060 5039 καὶ
1089 4983 1306 5056 ῥυπαρὰ
1333 4982 1521 5053 ἱμάτια
1554 4981 1964 5053 περιεϐέϐλητο,

397 5083 492 5139 καὶ
517 5085 547 5137 6
573 5079 815 5141 διάϐολος
840 5080 907 5131 ὲκ
928 5076 1116 5141 δεξιῶν
1144 5074 1308 5129 αὑτοῦ
1342 5072 1511 5136 ἑστὼς
1534 5075 1627 5127 καὶ
1651 5073 1962 5143 ἀντικείμε-

397 5193 487 5240 νος
514 5170 664 5244 αύτῷ
683 5170 899 5240 λέγεται
920 5186 933 5199 ο
965 5168 1087 5222 ἐπεὶ
1114 5168 1206 5221 καὶ
1226 5169 1255 5221 6
1278 5166 1495 5239 ἀληθῶς
1515 5164 1706 5236 Σωτὴρ
1733 5165 1829 5218 καὶ
1852 5164 1964 5218 Κύ-

398 5283 512 5339 ριος
532 5261 687 5336 ήμῶν
719 5257 944 5331 Ἰησοῦς,
961 5260 1039 5322 εἰς
1063 5259 1161 5331 τὴν
1194 5260 1465 5330 ἡμετέραν
1491 5255 1735 5335 καταϐάς
1755 5257 1965 5326 ,αἰχμα-

393 5355 629 5420 λωσίαν,
655 5351 755 5416 τὰς
782 5350 1057 5422 ἁμαρτίας
1085 5349 1241 5423 ήμῶν
1279 5350 1566 5418 ἀνείληφε,
1601 5349 1696 5401 καὶ
1728 5347 1821 5400 τὸν
1866 5347 1962 5399 ἀν-

394 5447 661 5521 θρώπειον
695 5443 864 5517 ῥύπον
907 5442 1245 5513 ἀνεμάξατο,
1291 5440 1361 5496 τά
1406 5456 1466 5492 τε
1510 5438 1648 5492 κατά
1688 5437 1750 5491 τὸ
1792 5436 1962 5500 πάθος

393 5520 555 5610 αἴσχη
593 5520 682 5590 διά
723 5535 824 5607 τὴν
865 5533 1002 5606 πρὸς
1042 5534 1191 5605 ἡμᾶς
1236 5528 1642 5602 φιλανθρωπίαν
1681 5528 1962 5600 ὑπέμεινε.

395 5634 483 5687 Διό
522 5648 685 5701 φησιν
720 5633 751 5686 6
795 5628 1023 5690 Ἠσαῖας
1042 5643 1054 5656 ·
1097 5643 1117 5678 ι
1155 5620 1322 5689 Οὗτος
1355 5622 1453 5687 τὰς
1503 5620 1774 5693 ἁμαρτίας
1807 5619 1964 5693 ήμῶν

358 5798 371 5818 ε
460 5782 753 5839 “Zachar.
796 5795 883 5849 tu,
932 5781 1045 5836 M.
1122 5780 1169 5812 ⁸⁸
1192 5778 1324 5835 ibid.
1370 5780 1423 5836 8.
1498 5776 1730 5833 "Zaeh.
1782 5792 1856 5841 vt,
1889 5774 2037 5843 9-15.

672 5877 942 5939 ΡΑτιιοι..
975 5878 1093 5940 Gn.
1137 5875 1340 5938 XXII.

2069 3339 2346 3396 Christum
2379 3340 2598 3411 quidem
2632 3339 2775 3409 apud
2805 3337 3032 3401 Mosem,
3062 3332 3263 3394 Jesum~
3302 3347 3484 3394 autem
3521 3352 3650 3394 eum

2070 3429 2138 3485 de
2168 3444 2279 3501 quo
2309 3444 2457 3485 nunc
2500 3429 2704 3500 agitur,
2739 3429 2836 3500 qui
2885 3427 3131 3483 veritatis
3161 3428 3370 3482 circum
3398 3428 3649 3482 Salvato-

2069 3536 2184 3576 rem
2220 3534 2285 3575 ac
2314 3519 2603 3575 Dominum
2651 3527 2900 3576 nostrum
2949 3516 3137 3574 Jesum
3169 3518 3447 3574 Christum
3488 3528 3649 3574 notas

2068 3622 2123 3667 et
2144 3613 2299 3682 signa
2332 3611 2388 3665 in
2412 3611 2613 3681 seipsis
2641 3610 2967 3681 pertulerint
2992 3630 3005 3664 :
3041 3610 3136 3666 sed
3169 3611 3314 3664 enim
3338 3611 3522 3666 Aaron
3550 3612 3649 3682 qui

2069 3701 2214 3771 apud
2246 3699 2447 3756 Mosem
2477 3699 2730 3754 Christus
2764 3706 2849 3753 est
2873 3738 2888 3762 ,
2939 3713 3065 3752 cum
3118 3696 3442 3768 Egyptiaca
3473 3700 3649 3755 servi-

2069 3800 2185 3847 tute
2206 3792 2464 3862 populum
2489 3789 2818 3854 liberaverit,
2842 3797 2896 3844 et
2917 3790 2987 3844 ad
3014 3789 3319 3845 libertatem
3359 3800 3415 3846 et
3456 3806 3647 3851 curam

2069 3883 2426 3955 profectionis
2454 3882 2522 3937 ab
2551 3881 2788 3953 Egypto
2821 3881 3038 3937 illorum
3091 3882 3202 3936 dux
3236 3880 3401 3937 fuerit
3429 3899 3442 3934 :
3476 3885 3659 3953 prOliO‘

2070 3975 2313 4031 servabit
2346 3974 2666 4046 'imaginem
2718 3973 2861 4043 ejus,
2917 3972 3012 4044 qui
3047 3988 3212 4029 verus
3243 3982 3328 4028 est
3356 3973 3641 4033 Dominus.

2068 4064 2204 4122 Nam
2239 4067 2327 4120 hic
2348 4065 2507 4138 plane
2528 4081 2627 4121 nos
2651 4081 2864 4128 onmes.
2891 4065 2986 4137 qui
3008 4064 3076 4121 de
3109 4066 3361 4136 gentibus
3376 4071 3642 4139 assumpti

2069 4176 2284 4225 sumus,
2316 4160 2384 4215 ab
2407 4158 2730 4232 Egyptiaco
2778 4160 3199 4217 simulacrorum
3244 4160 3393 4215 cultu
3439 4161 3641 4217 libera-

2067 4254 2145 4309 vit
2171 4270 2184 4305 :
2217 4261 2272 4307 at
2301 4268 2431 4307 vero
2459 4254 2551 4325 qui
2576 4251 2719 4322 apud
2745 4253 3064 4323 prophetam
3086 4260 3171 4308 est
3196 4251 3357 4309 Jesus
3379 4254 3639 4310 sacerdos

2067 4362 2321 4418 magnus,
2363 4346 2722 4402 redeuntibus
2778 4344 2845 4401 de
2893 4343 3166 4416 Babylone
3199 4345 3255 4400 in
3303 4345 3642 4404 Hierusalem

2067 4439 2304 4510 praefuit,
2328 4440 2544 4511 signum
2601 4439 2720 4510 ipse
2753 4453 2971 4510 quoque
2997 4438 3199 4502 ferens,
3230 4437 3361 4495 Jesu
3393 4438 3643 4495 Salvato-

2069 4532 2148 4587 ris
2180 4532 2380 4591 nostri,
2427 4545 2588 4601 quem
2648 4531 2913 4587 habemus
2962 4532 3301 4588 sacerdotem
3362 4547 3639 4603 magnum,

2070 4620 2163 4690 qui
2189 4621 2410 4691 quidem
2441 4621 2612 4677 caelos
2662 4622 2811 4691 ipsos
2857 4622 3242 4692 penetraverit,
3301 4639 3332 4676 a
3379 4639 3490 4694 quo
3536 4638 3640 4678 nos

2068 4712 2235 4766 etiam
2264 4712 2368 4780 ipsi
2400 4711 2558 4781 quasi
2587 4711 2656 4766 de
2685 4710 2980 4784 Babylone,
3036 4712 3141 4770 hoc
3197 4720 3284 4768 est
3329 4712 3398 4768 de
3446 4710 3641 4767 confu-

2069 4802 2225 4856 sione
2253 4817 2317 4854 ac
2347 4801 2609 4856 servitute
2661 4801 2785 4856 vitae
2819 4803 3106 4871 praesentis
3160 4800 3398 4866 liberati,
3424 4799 3490 4854 ad
3521 4814 3639 4854 co:-

2067 4892 2257 4948 lestem
2308 4906 2602 4961 veramque
2636 4890 2976 4948 Hierusalem
3020 4892 3351 4947 contendere
3383 4888 3640 4944 instructi

2067 4999 2283 5039 sumus.
2312 4982 2484 5041 Porro
2506 4993 2686 5039 autem
2711 4989 2906 5042 merito
2953 4987 3047 5055 qui
3070 4982 3319 5039 veritatis
3348 4981 3637 5052 imaginem

2070 5078 2127 5131 in
2157 5077 2338 5147 seipso
2378 5075 2584 5132 ferebat
2609 5076 2794 5140 Jesus,
2846 5076 3081 5133 sordidis
3143 5074 3367 5129 indutus
3396 5072 3631 5127 vestibus

2070 5166 2270 5229 fuerat,
2304 5165 2665 5240 diabolusque
2684 5183 2716 5221 a
2744 5166 2953 5222 dextris
2986 5166 3134 5219 illius
3160 5163 3413 5227 stetisse,
3434 5161 3639 5219 eidenn

2070 5272 2177 5327 que
2205 5257 2528 5315 adversatus
2565 5273 2687 5314 esse
2712 5257 2952 5313 dicitur:
2988 5270 3306 5311 namverus
3337 5253 3468 5310 item
3521 5244 3639 5308 Sa}

2071 5356 2226 5402 vator
2248 5361 2312 5401 ac
2333 5345 2600 5403 Dominus
2647 5356 2835 5404 noster
2884 5345 3065 5408 Jesus.
3094 5359 3221 5399 cum
3271 5344 3340 5399 ad
3391 5350 3637 5401 nostram

2069 5452 2245 5510 usque
2266 5440 2608 5496 descendth
2641 5442 2978 5517 servitutem,
3008 5450 3229 5510 peccata
3269 5448 3455 5495 nostra
3514 5453 3641 5494 sus~

2070 5531 2212 5598 tulit,
2260 5539 2422 5602 atque
2452 5531 2722 5588 humanas
2763 5531 2955 5586 sordes
2978 5530 3256 5598 abstersit,
3313 5537 3370 5587 et
3418 5544 3540 5610 quae
3559 5530 3639 5585 illi

2068 5621 2127 5676 in
2184 5622 2441 5693 passione
2498 5622 2698 5693 probra
2728 5622 2879 5678 illata
2908 5628 3059 5686 sunt,
3114 5628 3170 5677 et
3219 5621 3640 5679 mansuetudine

3246 5867 3311 5928 11
