4126 6432
452 339 550 392 351

1055 332 1326 391 EUSEBII
1364 328 1844 389 CESARIENSIS
1878 326 2009 385 OPP

2117 325 2271 384 ABS.
2313 326 2378 382 ιι.
2413 357 2483 368 -
2519 303 3047 382 Αροιοοετιελί

3605 323 3707 379 352

451 454 827 523 charitateque
879 468 1006 524 erga
1047 467 1149 508 nos
1197 467 1297 507 sua
1346 451 1633 507 sustinuit.
1683 450 2015 519 Quaproplel

2127 447 2282 518 φέρει
2303 488 2318 512 ,
2351 449 2446 501 καὶ
2473 450 2600 519 περὶ
2643 449 2799 520 ήμῶν
2834 447 3085 501 ὁδυνᾶται
3106 486 3121 511 ,
3152 446 3247 500 καί
3272 447 3434 518 ἡμεῖς
3459 445 3706 514 ἐλογισάο

452 545 623 602 lsaias
649 547 728 602 sic
763 546 869 599 ait:
893 562 912 595 ι
943 543 1042 597 Hic
1066 552 1285 613 peccata
1306 552 1503 601 nostra
1527 540 1649 605 fert,
1675 552 1728 595 et
1748 558 1847 611 pro
1864 541 2022 597 nobis

450 649 533 698 est
557 641 611 696 in
640 641 849 700 dolore.
881 646 935 695 et
957 654 1060 695 nos
1084 639 1518 695 existimavimus
1554 653 1677 692 eum
1700 652 1823 693 esse
1854 637 1909 690 in
1941 636 2021 689 la-

455 733 579 789 ‘iore
591 740 645 789 et
675 733 729 786 in
757 733 908 802 plaga
933 740 986 786 et
1006 732 1061 785 in
1078 730 1398 786 afﬂictione:
1435 731 1550 799 ipse
1580 739 1759 784 autem
1777 730 2023 784 vulnera-

449 833 536 881 tus
557 832 641 879 est
672 832 890 897 propter
922 831 1141 894 peccata
1173 831 1452 885 nostra,et
1474 822 1778 877 inﬁrmatus
1804 831 2024 890 estpro-

449 925 566 986 pter
603 915 922 985 iniquitates
949 923 1169 970 nostras
1191 915 1269 968 ⁸⁸;
1306 935 1325 965 ι
1376 915 1509 977 quin
1568 913 1732 969 etiam
1783 910 2024 968 Joannes

448 1008 692 1079 Baptista
719 1046 734 1071 ,
794 1024 918 1062 cum
987 1007 1271 1061 Dominum
1324 1006 1553 1062 vidisset
1587 1046 1604 1071 ,
1644 1005 1722 1059 ait
1759 1023 1772 1060 :
1836 1024 1855 1057 ι
1885 1003 2025 1059 Ecce

445 1099 631 1170 Agnus
665 1096 782 1162 Dei,
843 1098 937 1167 qui
979 1098 1120 1152 tollit
1169 1105 1393 1166 peccata
1449 1095 1642 1151 mundi
1696 1096 1765 1150 ⁸⁸.
1799 1114 1818 1149 ι
1875 1093 2022 1149 Pau-

445 1191 530 1244 lus
584 1205 802 1260 quoque
851 1190 936 1243 his
990 1189 1191 1245 similia
1254 1190 1506 1245 scribens
1553 1189 1622 1247 de
1667 1189 1761 1244 illo
1794 1187 2019 1258 inquit:

448 1301 466 1332 ι
491 1280 628 1335 Eum
653 1282 745 1351 qui
778 1289 1061 1350 peccatum
1123 1296 1235 1334 non
1290 1281 1463 1344 novit,
1497 1295 1597 1350 pro
1624 1279 1782 1335 nobis
1830 1292 2023 1349 pecca-

444 1382 555 1427 tum
579 1371 728 1435 fecit,
754 1380 814 1426 ut
842 1387 942 1427 nos
955 1371 1289 1428 eﬂiceremur
1311 1374 1523 1443 iustitia
1555 1373 1648 1427 Dei
1677 1372 1732 1426 in
1774 1372 1894 1441 ipso
1917 1371 2017 1438 ὀυ

445 1468 573 1520 item
612 1481 626 1516 :
665 1484 684 1516 ι
708 1464 960 1519 Christus
1022 1481 1122 1520 nos
1158 1466 1387 1521 redemit
1431 1466 1499 1522 de
1548 1465 1835 1520 maledicto
1864 1465 2023 1534 legis,

444 1553 624 1609 (actus
689 1570 787 1624 pro
845 1553 1006 1609 nobis
1062 1554 1410 1609 maledictum
1465 1556 1532 1609 ".
1594 1574 1614 1607 ι
1675 1554 1800 1609 Haac
1860 1555 2026 1624 igitur

444 1647 697 1701 universa
729 1645 857 1701 dum
905 1647 1053 1700 canit
1084 1648 1368 1716 propheta,
1425 1647 1670 1719 apertius
1718 1662 1782 1702 ea
1809 1646 1926 1717 ipsa
1958 1649 2028 1704 si-

443 1735 666 1805 gnificat
698 1735 787 1789 ubi
837 1735 913 1787 ait
943 1755 955 1788 :
986 1754 1002 1785 ι
1036 1736 1100 1788 Et
1130 1736 1291 1792 Jesus
1337 1745 1456 1791 erat
1503 1733 1725 1792 indutus
1777 1738 2023 1794 vestibus

443 1826 677 1882 sordidis
701 1827 786 1892 ";
820 1845 836 1877 ι
866 1835 1242 1880 verumtamen
1275 1866 1291 1890 ,
1337 1826 1405 1881 iis
1440 1827 1706 1897 depositis
1738 1842 1848 1897 quo
1888 1837 2022 1881 tem-

441 1934 571 1990 pore
618 1919 673 1972 in
723 1922 920 1973 caelum
987 1918 1251 1984 ascendit,
1320 1934 1385 1973 ac
1437 1918 1505 1973 de
1553 1919 1814 1974 servitute
1864 1918 2023 1989 199

442 2021 628 2066 nostra
684 2011 751 2065 ad
787 2027 851 2066 ea
881 2025 1001 2079 qua:
1065 2010 1238 2080 ipsius
1292 2012 1511 2081 propria
1574 2020 1724 2075 sunt,
1768 2027 2021 2066 reversus

442 2110 549 2167 est,
613 2111 726 2158 tum
783 2119 912 2158 vero
961 2112 1198 2174 paterna:
1254 2103 1555 2158 divinitatis
1602 2105 1907 2160 diademate
1936 2112 2020 2159 est

444 2204 774 2259 coronatus,
802 2203 857 2249 et
892 2194 1104 2265 paterni
1136 2194 1356 2250 luminis
1392 2196 1897 2265 splendidissimum
1926 2211 2018 2249 ve-

444 2287 757 2341 stimentum
803 2288 1047 2351 indutus,
1108 2286 1391 2357 cidarique
1428 2287 1649 2354 divina,
1679 2297 1845 2359 atque
1894 2288 2017 2343 aliis

439 2378 733 2447 pontiﬁciis
758 2379 1095 2434 ornamentis
1111 2380 1427 2436 decoratus.
1454 2378 1573 2435 Non
1594 2389 1678 2436 est
1702 2390 1882 2436 autem
1911 2382 2017 2437 dif-

442 2468 581 2524 licile
613 2468 776 2523 etiam
806 2483 871 2522 ea
910 2483 1029 2538 quae
1059 2469 1127 2523 ad
1160 2467 1437 2524 diabolum
1461 2479 1711 2541 spectant
1742 2472 2014 2543 interpre-

435 2559 559 2621 tari,
583 2557 675 2628 qui
710 2557 928 2628 quidem
960 2558 1122 2615 etiam
1162 2575 1312 2614 nunc
1340 2559 1467 2614 dum
1509 2560 1712 2617 Christi
1749 2562 2016 2616 doctrinae

435 2650 776 2714 adversatur,
829 2657 993 2720 atque
1031 2650 1109 2704 illi
1144 2649 1421 2716 Ecclesiae,
1456 2668 1577 2722 quae
1614 2668 1645 2706 a
1673 2652 1892 2708 Christo
1923 2670 2016 2724 per

426 2750 610 2797 totum
662 2749 931 2797 terrarum
978 2742 1168 2798 orbem
1209 2751 1395 2798 erecta
1443 2752 1550 2810 est,
1580 2746 1685 2816 ipsi
1742 2744 2011 2801 Salvatori

436 2841 631 2891 nostro
661 2832 1007 2898 adversatur,
1035 2841 1223 2905 utpote
1254 2837 1347 2906 qui
1379 2847 1537 2893 antea
1568 2853 1787 2907 quoque
1817 2847 2011 2892 contra

437 2928 588 2984 illum
620 2926 852 2991 steterit,
900 2927 1030 2981 dum
1076 2927 1122 2981 is
1166 2929 1322 2983 adest
1368 2945 1472 2986 nos
1497 2945 1529 2983 a
1558 2932 1820 2985 servitute
1849 2946 2011 3001 quam

438 3019 542 3073 sub
590 3018 696 3073 hoc
725 3017 1053 3079 ferebamus.
1088 3020 1423 3078 liberaturus
1457 3041 1471 3077 :
1515 3038 1708 3092 nempe
1743 3023 1895 3076 illum
1925 3023 2012 3076 hic

437 3112 669 3167 tentavit
700 3119 754 3167 et
786 3113 955 3167 semel
988 3112 1161 3183 prius,
1195 3121 1251 3169 et
1286 3114 1483 3169 iterum
1518 3122 1728 3185 postea,
1758 3131 1881 3170 cum
1907 3116 2011 3170 sub

439 3204 613 3272 ipsam
636 3202 945 3273 passionem
974 3204 1051 3258 illi
1083 3204 1314 3261 insidias
1333 3208 1695 3276 comparavit,
1723 3206 1790 3260 ad
1823 3216 2009 3261 extre-

435 3309 584 3348 mum
615 3294 707 3347 ille
747 3308 871 3347 cum
897 3303 952 3348 et
982 3295 1160 3365 ipsum
1211 3296 1520 3359 diabolum,
1562 3305 1615 3352 et
1643 3313 1739 3352 eos
1770 3297 1863 3367 qui
1910 3297 2016 3352 sub

435 3385 557 3454 ipso
576 3384 801 3455 degunt,
832 3385 1135 3449 universos,
1169 3395 1223 3440 et
1244 3386 1495 3442 inimicos
1524 3397 1577 3441 et
1599 3387 1803 3442 hostes.
1837 3387 2013 3441 visum

437 3482 689 3530 nostrum
718 3473 1073 3543 eﬂ‘ugientes,
1109 3475 1164 3529 in
1192 3474 1375 3546 fugam
1431 3477 1727 3538 vertisset,
1775 3492 1876 3529 nos
1916 3476 2011 3545 qui

434 3565 636 3635 captivi
685 3566 1024 3630 tenebamur,
1061 3582 1193 3623 suos
1242 3566 1421 3623 eﬂ'ecit
1459 3567 1813 3633 domesticos,
1849 3577 2013 3639 atque

435 3657 504 3712 de
532 3656 694 3712 nobis
716 3657 871 3727 ipsis,
906 3666 1162 3729 tanquam
1190 3660 1257 3713 de
1297 3660 1434 3715 vivis
1466 3661 1761 3732 lapidibus,
1787 3662 2012 3715 domum

437 3750 551 3818 Dei,
578 3751 861 3822 ipsamque
892 3752 1106 3822 pietatis
1131 3754 1524 3824 rempublicam
1552 3759 1774 3823 struxit,
1816 3757 2013 3826 utjnre

434 3860 499 3901 ac
527 3846 724 3900 merito
750 3846 827 3899 illi
865 3847 1149 3901 oraculum
1187 3848 1259 3903 sit
1288 3850 1841 3915 accommodandum,
1864 3851 2011 3919 quod

445 3939 523 3993 ait
555 3956 569 3993 :
612 3957 630 3991 ι
666 3937 806 3993 Ecce
843 3939 947 4004 vir,
974 3937 1172 3995 Oriens
1201 3956 1401 3996 nomen
1422 3942 1494 4005 ei,
1520 3951 1574 3998 et
1603 3943 1790 3998 subter
1830 3944 2008 4014 ipsum

433 4031 663 4095 orietur,
690 4040 743 4087 et
766 4030 1057 4086 aediﬁcabit
1086 4032 1308 4087 domum
1341 4033 1594 4099 Domini,
1630 4042 1684 4090 et
1715 4037 1832 4105 ipse
1864 4035 2011 4090 acci-

434 4120 544 4189 piet
567 4120 845 4185 virtutem,
870 4126 925 4174 et
955 4121 1187 4188 sedebit,
1233 4131 1287 4177 et
1312 4123 1682 4194 principatum
1713 4126 1920 4181 tenebit
1954 4128 2009 4182 in

431 4209 563 4265 sede
577 4226 676 4265 sua
701 4211 769 4265 ”.
811 4229 830 4262 ι
855 4210 1086 4267 Attende
1116 4214 1282 4283 igitur
1308 4216 1620 4286 diligenter,
1655 4217 2011 4287 quemadmo-

432 4301 563 4353 dum
595 4299 685 4353 hic
718 4301 937 4370 quidem
1001 4303 1269 4371 spirituali
1301 4308 1538 4376 quodam
1584 4322 1736 4360 more
1766 4307 1832 4361 dc
1867 4307 2003 4360 anti-

433 4407 544 4461 quo
590 4391 822 4463 loquens
853 4391 1007 4459 Jesu,
1036 4396 1131 4466 qui
1183 4396 1475 4469 imaginem
1515 4399 1631 4454 veri
1664 4396 1894 4462 ferebat,
1927 4400 2007 4455 sic

433 4482 619 4539 dicat:
645 4502 665 4536 ‹
697 4484 951 4552 Eccevir,
977 4488 1173 4545 Oriens
1197 4505 1396 4547 nomen
1431 4492 1505 4549 ei.
1533 4491 1859 4547 iPaululum
1880 4509 2007 4548 vero
2039 4526 2083 4580 υ

434 4589 781 4647 progressus,
814 4580 972 4649 quasi
1000 4580 1066 4637 de
1082 4582 1189 4638 alio
1206 4585 1297 4655 qui
1328 4584 1401 4639 sit
1426 4583 1644 4651 Oriens,
1682 4585 1785 4657 ipsi
1809 4587 1886 4641 illi
1912 4588 2006 4657 qui

432 4676 567 4722 tunc
587 4667 798 4733 aderat,
824 4667 963 4725 .Jesu
992 4670 1224 4728 dixerit:
1259 4692 1279 4725 ι
1301 4673 1571 4747 Audijam
1601 4692 1771 4741 nunc,
1803 4674 2005 4742 oJesu,

431 4759 694 4816 sacerdos
714 4776 925 4833 magne,
942 4772 997 4819 et
1019 4773 1098 4829 tu,
1126 4774 1180 4821 et
1203 4768 1437 4836 proximi
1474 4772 1587 4833 tui,
1619 4770 1880 4841 quoniam
1904 4770 2011 4827 viri

427 4850 802 4923 prodigiorum
861 4855 1199 4927 inspectores
1246 4870 1393 4918 sunt.
1455 4859 1595 4917 Ecce
1632 4878 1733 4934 ego
1795 4861 2009 4919 adduco

322 4952 329 4955 ·
429 4956 647 4998 servum
679 4960 879 5012 meum,
914 4945 1192 5005 Orientem
1220 4950 1289 5008 “.
1325 4951 1384 5007 Si
1407 4953 1573 5023 igitur
1595 4970 1776 5011 sermo
1803 4964 1923 5012 erat
1938 4956 2006 5012 de

429 5034 537 5088 alio
565 5037 660 5107 qui
692 5050 952 5096 venturus
1010 5051 1176 5111 esset,
1220 5059 1284 5099 ac
1318 5046 1505 5101 verius
1537 5064 1700 5117 quam
1765 5049 1876 5115 ille,
1908 5051 2004 5120 qui

431 5132 562 5180 tunc
577 5130 788 5195 aderat,
808 5132 1005 5190 Oriens
1018 5137 1406 5204 norninandus,
1429 5148 1577 5194 certe
1596 5140 1775 5211 imago
1791 5142 2006 5197 venturi

431 5214 675 5276 Orientis
705 5222 795 5278 ille
815 5233 976 5281 erat:
1010 5236 1198 5298 utpote
1236 5231 1330 5298 qui
1365 5230 1422 5284 in
1452 5230 1808 5303 imaginenon
1824 5234 2001 5289 solum

426 5309 611 5378 Jcsus,
642 5315 738 5370 sed
776 5318 942 5372 etiam
972 5318 1169 5377 Oriens
1201 5322 1501 5392 diceretur,
1529 5325 1575 5380 si
1607 5323 1828 5395 quidem
1884 5335 2008 5380 tan-

428 5419 592 5472 quam
628 5405 696 5460 ad
724 5407 904 5478 ipsum
935 5423 1279 5482 praesentem,
1306 5417 1469 5472 verba
1501 5418 1593 5470 illa
1629 5436 1642 5472 :
1682 5436 1701 5470 ι
1738 5416 1879 5473 Ecce
1896 5419 1999 5483 vir,

430 5495 628 5552 Oriens
651 5514 849 5556 nomen
877 5503 950 5567 ei,
994 5524 1013 5556 ι
1036 5506 1103 5559 ad
1131 5507 1281 5562 illum
1304 5508 1452 5564 dicta
1489 5519 1640 5565 sunt.
1676 5507 1870 5566 Merito
1899 5510 2001 5582 igi-

2130 539 2268 611 μεθα
2287 541 2447 595 αὐτὸν
2478 536 2613 594 εἶναι
2646 542 2705 593 ἐν
2733 540 2880 610 πόνῳ
2909 540 3000 593 καὶ
3032 542 3093 593 ἐν
3126 538 3331 610 πληγῇ,
3379 540 3474 592 καὶ
3509 541 3568 592 ἐν
3610 556 3709 592 κα-

2127 631 2326 686 κώσει’
2387 633 2548 696 αὐτὸς
2603 633 2658 685 δὲ
2701 629 3111 703 ἐτρωματίσθη
3154 629 3243 682 διὰ
3287 629 3387 692 τὰς
3433 630 3709 700 ἁμαρτίας

2126 723 2281 795 ἡμῶν
2306 763 2322 787 ,
2372 726 2463 778 καὶ
2494 723 2896 794 μεμαλάκισται
2940 720 3028 774 διά
3070 720 3169 784 τάς
3198 720 3428 791 ἀνομίας
3458 719 3636 791 ήμῶν.
3680 738 3699 771 ι

2139 814 2298 866 Ἀλλά
2331 814 2425 868 καὶ
2468 814 2718 883 Ἰωάννης
2760 815 2789 866 6
2836 810 3145 882 Βαπτιστὴς
3196 808 3318 863 ἰδὼν
3359 809 3452 862 τὸν
3501 808 3705 879 Κύριον

2126 899 2308 956 εἶπεν·
2350 923 2367 953 ι
2399 903 2504 956 Ἴδε
2550 905 2579 957 6
2619 903 2676 956 'A
2690 903 2821 973 μνδς
2853 900 2946 955 τοῦ
2976 899 3110 955 Θεοῦ
3139 901 3167 953 6
3194 898 3365 967 αἴρων
3395 897 3494 964 τάς
3521 899 3704 971 ἀμαρ-

2126 994 2249 1059 τίας
2280 995 2373 1048 τοῦ
2403 996 2629 1066 κόσμου.
2666 1015 2684 1047 ι
2724 996 2835 1048 Καὶ
2860 993 2889 1045 6
2926 994 3139 1058 Παῦλος
3166 992 3375 1056 τούτοις
3408 992 3703 1064 παραπλη-

2128 1089 2259 1151 σίως
2306 1089 2434 1160 περὶ
2478 1087 2644 1142 αὑτοῦ
2692 1088 2920 1161 γράφων
2969 1087 3136 1159 φησί·
3175 1105 3196 1138 ι
3229 1086 3333 1139 Τὸν
3385 1084 3460 1157 μὴ
3508 1085 3706 1155 γνόντα

2126 1181 2398 1253 ἁμαρτίαν
2431 1182 2571 1253 ὑπὲρ
2596 1180 2751 1252 ήμῶν
2795 1180 3069 1252 ἁμαρτίαν
3098 1181 3381 1252 ἐποίησεν,
3423 1181 3510 1234 ἵνα
3544 1182 3707 1252 ἡμεῖς

2125 1271 2438 1343 δικαιοσύνη
2511 1271 2646 1325 Θεοῦ
2715 1272 3001 1344 γινώμεθα
3066 1273 3125 1326 ἐν
3198 1271 3347 1343 αὐτῷ
3378 1289 3392 1302 υ
3453 1291 3471 1323 ι
3559 1274 3653 1326 καὶ
3687 1316 3703 1338 ,

2133 1381 2151 1413 ι
2195 1363 2428 1434 Χριστὸς
2466 1364 2615 1434 ἡμᾶς
2661 1363 2994 1437 ἐξηγόρασεν
3054 1366 3117 1417 ἐκ
3158 1364 3256 1435 τῆς
3301 1364 3547 1438 κατάρας
3608 1365 3703 1419 τοῦ

2126 1457 2329 1528 νόμου,
2378 1457 2665 1527 γενόμενος
2726 1458 2865 1529 ὑπὲρ
2924 1456 3083 1527 ήμῶν
3153 1456 3388 1528 κατάρα.
3442 1476 3461 1509 ι
3518 1456 3705 1511 Ταῦτα

2126 1548 2191 1619 δὴ
2240 1543 2332 1603 οῦν
2392 1550 2609 1603 ἅπαντα
2674 1547 3002 1613 θεσπίζουσα
3061 1549 3094 1620 ἡ
3142 1550 3452 1620 προφητεία
3512 1549 3701 1621 ἐδήλου

2126 1638 2193 1691 δι’
2229 1632 2304 1693 ὧν
2336 1656 2501 1710 φησι·
2541 1658 2559 1690 ι
2596 1640 2707 1694 Καὶ
2753 1639 2958 1711 Ἰησοῦς
3000 1635 3068 1711 ἦν
3113 1640 3458 1710 ἐνδεδυμένος
3513 1641 3703 1710 ἱμάτια

2130 1732 2380 1803 ῥυπαρά·
2432 1750 2451 1782 ι
2490 1732 2627 1804 πλὴν
2684 1732 2820 1785 ἀ).λά
2857 1731 3029 1785 ταῦτα
3071 1732 3403 1804 ἀποθέμενος
3436 1732 3576 1786 κατά
3602 1732 3701 1803 τὴν

2055 1794 2094 1848 Β
2124 1794 2203 1887 εἰς
2247 1794 2507 1896 ούρανοῦς
2548 1794 2767 1887 ἄνοδλν,
2821 1826 2915 1879 καὶ
2957 1825 3054 1897 τὴν
3105 1826 3213 1879 ἀπὸ
3246 1794 3361 1897 ’τῆς
3385 1794 3519 1880 *καθ’
3555 1794 3701 1898 ἡμές

2122 1916 2498 1986 αἰχμαλωσίας
2529 1919 2607 1980 εἰς
2646 1917 2715 1970 τά
2744 1918 2918 1970 οἰκεῖα
2954 1916 3231 1981 ἐπάνοδον,
3266 1916 3343 1987 τῷ
3372 1917 3471 1989 τῆς
3505 1934 3702 1988 πατρι-

2121 2008 2224 2078 κῆς
2268 2007 2518 2077 θεότητος
2563 2011 2917 2078 στεφανοῦται
2955 2008 3264 2081 διαδήματι,
3300 2011 3394 2061 καὶ
3426 2007 3524 2080 τὴν
3562 2010 3700 2079 λαμ-

2123 2098 2398 2170 προτάτην
2433 2099 2624 2170 στολὴν
2670 2099 2765 2152 τοῦ
2804 2099 3068 2173 πατρικοῦ
3113 2101 3290 2169 φωτὸς
3335 2100 3692 2173 περιτίθεται,

2120 2191 2332 2262 κιδάρει
2369 2210 2428 2246 τε
2462 2193 2649 2263 ὲνθέῳ,
2684 2193 2778 2245 καὶ
2809 2194 2919 2255 τοῖς
2952 2192 3131 2256 ἀλλοις
3163 2194 3563 2264 ἀρχιερατικοῖς
3597 2195 3690 2248 κό-

2119 2300 2278 2353 σμοις
2308 2287 2756 2355 κατακοσμεῖται·
2788 2284 2848 2336 οὐ
2879 2282 3089 2353 χαλεπά
3122 2284 3177 2337 δὲ
3208 2287 3300 2338 καὶ
3333 2286 3400 2339 τά
3429 2285 3572 2340 κατά
3597 2285 3690 2340 τὸν

2117 2376 2362 2430 διάϐολον
2398 2376 2711 2440 ἀποδοῦναι,
2751 2377 2810 2441 ὃς
2846 2377 2925 2430 ἔτι
2956 2379 3051 2431 καὶ
3094 2375 3189 2431 νῦν
3225 2378 3594 2449 ἀντικείμενος
3623 2381 3690 2450 τῇ

2118 2470 2210 2523 τοῦ
2238 2467 2477 2540 Χριστοῦ
2505 2468 2843 2539 διδασκαλίᾳ,
2876 2469 2968 2522 καὶ
2997 2471 3062 2540 τῇ
3094 2468 3216 2522 καθ’
3241 2469 3369 2542 ὅλης
3398 2470 3496 2541 τῆς
3523 2470 3697 2523 οἰκου-

2121 2561 2287 2632 μένης
2340 2559 2431 2614 ὑπ’
2483 2559 2648 2613 αὐτοῦ
2704 2559 3008 2634 ίδρυνθείσῃ
3059 2560 3378 2631 Ἐκκλησία,
3426 2560 3576 2631 αὐτῷ
3619 2559 3699 2630 τῷ

2119 2655 2332 2725 Σωτῆρι
2384 2653 2543 2726 ἡμῶν
2597 2652 2920 2724 άνθέστηκε,
2981 2654 3069 2708 καὶ
3123 2653 3383 2724 πρότερον
3437 2651 3587 2724 αὑτῷ
3636 2651 3697 2719 ἐξ

2117 2746 2366 2808 ἐναντίας
2399 2743 2852 2816 ἐπιστρατεύσας,
2879 2743 2967 2796 ὅτε
3002 2742 3180 2812 παρῆν
3210 2743 3355 2811 ἡμᾶς
3384 2742 3449 2794 ἐκ
3474 2741 3575 2811 τῆς
3600 2741 3695 2794 ὑπ’

2116 2836 2279 2890 αὐτοῦ
2315 2836 2691 2906 αἰχμαλωσίας
2724 2835 3003 2905 ῥυόμενος.
3051 2833 3341 2903 Ἐπείρασε
3369 2830 3500 2901 γοῦν
3530 2831 3695 2885 αὐτὸν

2117 2930 2212 2982 καὶ
2241 2928 2525 3000 πρότερον,
2562 2928 2657 2981 καὶ¹
2684 2927 2954 2998 δεύτερον,
2988 2925 3078 2978 ὅτε
3112 2924 3254 2978 κατά
3280 2924 3341 2976 τὸ
3385 2922 3556 2987 πάθος
3592 2924 3693 2994 τὴν

2116 3022 2406 3094 ἐπιϐουλὴν
2440 3021 2589 3092 αὐτῷ
2635 3019 3087 3074 συνεσκευάσατο.
3125 3018 3239 3087 Ἐφ’
3274 3012 3354 3078 οἷς
3393 3017 3563 3071 ἅπασι
3599 3016 3694 3071 καὶ

2114 3113 2207 3166 τὸν
2252 3112 2495 3166 διάϐολον
2542 3114 2635 3166 καί
2682 3114 2807 3176 τοὺς
2850 3111 2941 3165 ὑπ’
2978 3109 3128 3180 αὑτῷ
3176 3110 3384 3172 πάντας
3429 3107 3695 3180 ἀοράτους

2118 3204 2343 3276 ἐχθρούς
2373 3222 2433 3257 τε
2467 3205 2561 3257 καὶ
2594 3203 2886 3274 πολεμίους
2918 3199 3363 3273 τροπωσάμενος,
3398 3198 3525 3262 τοὺς
3575 3199 3697 3268 αἰχ-

2122 3296 2401 3367 μαλώτους
2435 3299 2581 3368 ήμᾶς
2614 3296 2845 3358 οἰκείους
2875 3292 3040 3348 αὐτοῦ
3071 3293 3473 3363 κατηρτήσατο,
3506 3288 3601 3343 καὶ
3632 3288 3694 3353 ἐξ

2119 3385 2273 3457 ἡμῶν
2302 3386 2480 3438 αὐτῶν
2501 3424 2516 3448 ,
2545 3385 2695 3438 ώσάν
2725 3385 2789 3437 ἐκ
2818 3384 2982 3437 λίθων
3017 3380 3256 3447 ζώντων,
3302 3381 3393 3433 τὸν
3421 3376 3567 3434 οἷκον
3599 3379 3695 3433 τοῦ

2117 3477 2252 3530 Θεοῦ
2275 3477 2447 3531 καὶτὸ
2477 3478 2577 3547 τῆς
2604 3476 2885 3541 εὐσεϐείας
2913 3475 3214 3545 πολίτευμα
3241 3475 3528 3546 ἐστήσατο,
3553 3472 3694 3526 ὥστε

2117 3571 2338 3634 εἰκότως
2367 3568 2694 3643 ἐφαρμόζειν
2737 3569 2886 3640 αὐτῷ
2919 3569 2978 3623 τὸ
3011 3569 3189 3638 λόγιον
3221 3567 3449 3637 φάσκονο
3491 3584 3510 3618 ι
3563 3565 3694 3618 Ἰδοὺ

2115 3663 2275 3735 ἀνὴρ,
2320 3662 2575 3734 Ἀνατολὴ
2605 3662 2774 3733 ὄνομα
2803 3660 2981 3731 αὐτῷ·
3018 3660 3113 3713 καὶ
3134 3658 3486 3713 ὑποκάτωθεν
3529 3655 3695 3710 αὐτοῦ

2115 3759 2381 3821 ἀνατελεῖ,
2417 3756 2512 3808 καὶ
2536 3754 2880 3825 οἰκοδομήσει
2912 3753 3004 3805 τὸν
3038 3748 3185 3805 οἷκον
3218 3749 3444 3821 Κυρίου·
3473 3749 3565 3803 καὶ
3595 3748 3695 3803 αὐ-

2113 3850 2205 3913 τὸς
2231 3849 2462 3920 λήψεται
2492 3848 2714 3921 ἀρετὴν,
2745 3848 2837 3901 καὶ
2869 3845 3161 3908 καθιεῖται,
3194 3844 3288 3898 καὶ
3311 3841 3571 3915 κατάρξει
3601 3843 3695 3896 ἐπὶ

2112 3942 2209 3997 τοῦ
2244 3941 2455 4013 θρόνου.
2502 3960 2519 3992 ι
2551 3940 2794 4013 Πρόσχες
2824 3939 2867 3992 δ’
2901 3935 2994 3992 οὖν
3021 3936 3315 4009 ἐπιμελῶς,
3346 3938 3467 3990 τίνα
3494 3936 3695 4008 τρόπον

2112 4035 2208 4091 νῦν
2243 4035 2340 4106 μὲν
2369 4031 2752 4103 πνευματικῶς
2780 4030 2910 4103 περὶ
2933 4029 3026 4083 τοῦ
3059 4029 3227 4083 πάλαι
3256 4028 3543 4097 γεγονότος
3584 4027 3690 4098 ’1η-

2114 4127 2233 4190 σοῦ,
2259 4126 2352 4179 τοῦ
2392 4126 2492 4196 τὴν
2526 4124 2713 4177 εἰκόνα
2739 4121 2835 4175 τοῦ
2875 4119 3108 4192 ἀληθοῦς
3140 4120 3417 4189 φέροντος,
3445 4118 3579 4187 φησί
3608 4117 3691 4178 τὸ,

2117 4237 2135 4269 ι
2182 4217 2313 4271 Ἰδοὺ
2355 4216 2514 4287 ἀνὴρ,
2564 4214 2821 4283 Ἀνατολὴ
2862 4212 3032 4282 ὄνομα
3073 4210 3251 4280 αὐτῷ·
3296 4228 3314 4261 ι
3358 4208 3583 4280 ὕστερον
3633 4206 3691 4260 δὲ

2110 4308 2318 4370 ὑποϐὰς
2364 4306 2440 4370 ώς
2481 4305 2611 4376 περὶ
2644 4303 2832 4374 ἐτέρου
2874 4302 3027 4365 ὄντος
3084 4298 3392 4367 Ἀνατολῆς,
3434 4296 3581 4369 αύτῷ
3624 4297 3690 4368 δὴ

2109 4400 2228 4453 τότε
2264 4397 2489 4470 παρόντι
2545 4393 2721 4467 Ἰησοῦ
2752 4394 3030 4448 λέλεκται·
3081 4412 3099 4445 ι
3145 4394 3342 4445 Ἀκουε
3381 4391 3466 4462 δὴ,
3515 4389 3688 4461 Ἰησοῦ

2110 4497 2139 4549 6
2174 4495 2355 4567 ἱερεὺς
2383 4494 2411 4545 ὁ
2438 4492 2633 4563 μέγας,
2667 4491 2731 4544 σὺ
2757 4490 2851 4545 καὶ
2872 4492 2920 4544 οἱ
2949 4489 3174 4561 πλησίον
3198 4485 3314 4551 σοῦ,
3337 4485 3469 4538 διότι
3501 4484 3690 4556 ἄνδρες

2109 4582 2501 4659 τερατοσκόποι
2534 4582 2692 4636 εἰσίν.
2739 4582 2871 4637 Ἰδοὺ
2897 4583 3015 4650 άγω
3046 4581 3137 4635 τὸν
3175 4579 3358 4633 δοῦλόν
3395 4595 3497 4649 μου
3534 4577 3691 4630 Ἀναο

2108 4677 2293 4748 τολήν.
2334 4692 2353 4725 ι
2383 4673 2447 4727 Εἰ
2480 4671 2544 4744 δὴ
2575 4668 2670 4726 οὖν
2702 4674 2731 4725 6
2767 4672 2925 4742 λόγος
2959 4667 3027 4743 ἦν
3054 4671 3185 4743 περί
3230 4669 3513 4741 μέλλοντος
3541 4665 3691 4737 ἥξειν

2110 4768 2321 4840 ἐτέρου,
2355 4763 2717 4838 ἀληθέστερον
2754 4763 2909 4837 παρά
2950 4764 3042 4818 τὸν
3078 4764 3197 4816 τότε
3245 4763 3534 4834 Ἀνατολῆς
3571 4764 3689 4816 όνο-

2112 4859 2442 4935 “Cum”,
2459 4856 2623 4913 εἰκὼν
2651 4859 2759 4931 ἀρα
2787 4856 2879 4911 τοῦ
2910 4856 3193 4928 μέλλοντος
3222 4856 3373 4925 ἥξειν
3403 4854 3690 4925 ’Δνατολῆς

2113 4956 2318 5017 ἐκεῖνος
2346 4946 2435 5023 ἦν,
2469 4950 2544 5014 ώς
2574 4952 2635 5004 ἐν
2668 4951 2836 5004 είκόνι
2874 4950 2934 5003 οὐ
2973 4948 3132 5020 μόνον
3177 4946 3403 5017 Ἰησοῦς,
3436 4945 3571 5001 άλλά
3597 4947 3691 5000 καὶ

2125 5041 2383 5113 Ἀνατολὴ
2432 5042 2989 5114 προσαγορευόμενος,
3023 5041 3137 5110 εἴγε
3163 5039 3238 5103 ὡς
3270 5038 3407 5110 πρὸς
3448 5036 3687 5108 παρόντα

2119 5136 2283 5191 αὐτὸν
2314 5135 2394 5200 τὸ,
2419 5153 2436 5186 ι
2461 5134 2592 5187 Ἰδοὺ
2625 5134 2788 5205 ἀνὴρ,
2825 5132 3083 5204 ’Δνατολὴ
3115 5132 3285 5202 ὄνομα
3311 5128 3481 5200 αὐτῷ,
3515 5148 3533 5180 ι
3566 5127 3688 5181 ἐλέ-

2112 5249 2261 5302 γετο.
2294 5228 2533 5294 Εἰκότως
2571 5222 2663 5281 οὖν
2705 5227 2803 5298 τῆς
2835 5227 3041 5289 εἰκόνος
3084 5225 3250 5278 ἓνεκα
3287 5222 3380 5276 καὶ
3411 5215 3559 5283 οὗτος,
3589 5220 3688 5290 τῆς

2113 5329 2369 5400 Σωτῆρος
2416 5314 2788 5397 προσηγορίας
2846 5322 3066 5393 ἠξίωτο,
3112 5317 3397 5389 ὡσπεροῦν
3445 5316 3537 5369 καὶ
3587 5314 3687 5384 τῆς

2121 5416 2429 5487 ’Δναττλῆς
2475 5415 2627 5469 Ἐπεὶ
2658 5414 2722 5487 δὴ
2747 5416 3013 5485 σωτήριον
3044 5410 3178 5464 Θεοῦ
3213 5412 3293 5473 εἰς
3323 5407 3423 5479 τὴν
3462 5403 3685 5459 Ἐλλάδα

2110 5508 2293 5580 φωνὴν
2333 5508 2396 5562 τὸ
2434 5505 2529 5561 τοῦ
2590 5504 2761 5578 Ἰησοῦ
2805 5502 3148 5577 μεταληφθὲν
3185 5500 3354 5572 ὄνομα
3400 5496 3681 5570 σημαίνει·

504 5653 1013 5731 ’ξίςτιηι-ιιιηι-ὅ.
1074 5660 1133 5731 _”
1161 5660 1319 5718 Joan.
1374 5679 1413 5729 ι,
1478 5666 1567 5723 99.
1648 5666 1761 5720 "ll
1811 5666 1937 5722 Cor.
1976 5680 2010 5721 v

2122 5664 2170 5720 l.
2250 5664 2293 5699 οι
2318 5659 2438 5717 Gal.
2477 5678 2559 5729 ιιι,
2619 5662 2709 5716 15.
2780 5659 3027 5727 “Zach,
3072 5673 3158 5725 ιιι,
3197 5643 3267 5714 ’3.
3346 5656 3393 5690 ⁸⁸
3415 5653 3683 5722 Zacli.vt,

435 5723 610 5778 {2-13.
690 5723 919 5780 "Zach.
952 5742 1024 5797 ιιι⁸
1068 5729 1118 5786 8.
