4126 6436
464 379 569 436 333
1070 381 1350 438 EUSEBH
1383 379 1862 438 CESARIENSIS
1898 380 2049 438 OPP.
2089 382 2272 439 PARS
2310 383 2375 438 ll.
2416 411 2486 424 —
2517 380 2999 439 APOLOGETICA
3609 386 3714 444 βω

610 495 702 549 st.
746 496 819 549 Ab
848 493 1038 549 Abdia.
2068 504 2115 559 Α

2068 504 2115 559 Α
2284 496 2380 551 κδ’.
2428 497 2536 551 Τοῦ
2581 496 2853 552 Ἆϐδειοῦ.

602 566 694 635 25.
733 566 777 619 Α
812 563 1097 635 Ζαοίιανία.
2286 573 2382 621 κε’.
2429 567 2540 621 Τοῦ
2573 569 2891 635 Ζαχαρίου.

606 634 695 690 26.
737 637 813 689 Ab
842 633 1042 687 eodem.

2283 644 2397 702 κς’.
2425 637 2534 691 Τοῦ
2566 633 2770 691 αὐτοῦ.

605 705 696 760 27.
737 704 816 757 Ab
845 704 1046 757 eodem.

2287 706 2390 769 κζ’.
2428 706 2539 759 Τοῦ
2574 706 2780 761 ἀὺτοῦ,

819 772 1113 827 Malachia.

2282 782 2386 846 κη’.
2429 776 2537 829 Τοῦ
2575 777 2907 845 Μαλαχίου.

606 845 692 899 29.
735 842 815 897 Ab
846 848 1049 899 eodem.

2282 842 2383 898 κθ⁸.
2420 846 2529 900 Τοῦ
2563 842 2769 903 αὑτοῦ,

609 915 699 970 50.
740 914 784 966 Α
822 911 1083 968 Ieremia.

2280 914 2343 967 λ’.
2414 916 2525 971 Τοῦ
2570 917 2870 986 Ἰερεμίου.

921 1004 1084 1075 202
1154 1001 1581 1060 PROCEMIUM-
2308 1023 2316 1030 -
2716 1009 3123 1064 HPOOIMION.

534 1096 671 1153 Cum
718 1095 922 1168 quibus
980 1094 1158 1150 modis
1219 1094 1287 1151 de
1340 1093 1622 1152 Salvatore
1674 1105 1864 1152 nostro
1909 1094 2039 1152 Jesu

2221 1097 2436 1169 Ἐπειδὴ
2463 1098 2636 1163 διττὸς
2657 1101 2685 1153 6
2705 1100 2905 1171 τρόπος
2943 1103 2971 1154 6
3001 1103 3129 1172 περὶ
3153 1101 3247 1154 τοῦ
3282 1100 3534 1175 Σωτῆρος
3554 1103 3708 1174 ἡμῶν

463 1188 684 1244 Christo
714 1194 1035 1249 tractemus,
1072 1185 1109 1241 ii
1148 1185 1257 1240 duo
1285 1186 1444 1242 nobis
1481 1187 1537 1242 in
1574 1190 1823 1257 proximo
1862 1187 2041 1242 Evan-

2150 1189 2324 1259 Ἰησοῦ
2347 1190 2581 1261 Χριστοῦ
2607 1192 2877 1261 πέφανται
2907 1193 2965 1246 ἐν
2988 1193 3067 1264 τῷ
3088 1193 3194 1264 πρὸ
3216 1193 3405 1248 τούτου
3428 1195 3709 1266 συγγράμ-

461 1281 641 1354 geticis
671 1279 1150 1335 Demonstrationis
1180 1279 1456 1335 volumine
1481 1281 1689 1336 ostensi
1728 1282 1859 1346 sint,
1893 1297 2038 1337 unus

2142 1297 2271 1350 ματι
2306 1280 2403 1349 τῆς
2444 1281 2857 1351 Εὑατ-γελικῆς
2904 1283 3279 1351 Ἀποδείξεως
3300 1301 3314 1316 ⁸
3343 1287 3372 1339 6
3410 1285 3508 1355 μὲν
3542 1287 3708 1357 ὑπερ-

462 1372 682 1442 quidem
708 1385 921 1436 eorum,
950 1377 1148 1424 natura
1178 1379 1367 1427 nostra
1393 1371 1647 1441 superior
1671 1379 1755 1427 est
1787 1372 2039 1443 ultraque

2139 1370 2279 1442 φυὴς
2319 1371 2413 1423 καὶ
2452 1369 2727 1424 ἐπέκεινα’
2779 1371 2901 1425 καθ’
2926 1372 2984 1425 ὃν
3025 1372 3318 1444 ὁριζόμεθα
3360 1374 3519 1427 αὑτὸν
3568 1368 3707 1427 εἶναι

463 1465 612 1518 illam
646 1462 910 1519 excurrit.
949 1460 1063 1516 Hoc
1112 1477 1246 1518 sane
1296 1462 1460 1518 modo
1503 1463 1835 1521 allirmamus
1884 1466 2036 1520 illum

2141 1462 2402 1533 μονογενῆ
2429 1462 2563 1516 Θεοῦ
2598 1464 2746 1527 Υἱὸν,
2776 1464 2810 1535 ἢ
2842 1465 3070 1536 οὑσιώδη
3096 1467 3191 1519 τοῦ
3211 1466 3346 1519 Θεοῦ
3370 1466 3558 1534 Λόγον,
3586 1457 3707 1519 δεύ-

462 1571 584 1615 esse
604 1557 828 1612 unicum
856 1554 951 1611 Dei
974 1553 1192 1621 Filium,
1217 1555 1332 1612 sive
1353 1555 1449 1611 Dei
1472 1558 1767 1612 essentiam
1794 1558 2037 1615 referens

2135 1567 2290 1622 τερον
2322 1551 2428 1603 τῶν
2470 1551 2607 1606 ὅλων
2643 1553 2835 1618 αἴτιον,
2881 1554 2913 1625 ἢ
2956 1555 3142 1607 οὐσίαν
3192 1556 3402 1627 νοεράν,
3440 1557 3533 1610 καὶ
3570 1556 3704 1609 Θεοῦ

464 1649 725 1714 Verbum,
763 1648 1119 1719 universique
1152 1648 1317 1718 hujus
1346 1657 1649 1714 auctorem,
1697 1649 1813 1705 sive
1848 1665 2038 1705 essen-

2137 1643 2478 1714 πρωτότοκον
2505 1645 2760 1716 ἐνάρετον
2803 1645 2984 1715 φύσιν,
3034 1647 3132 1718 τὴν
3176 1648 3283 1718 πρὸ
3323 1648 3431 1702 τῶν
3463 1649 3704 1720 γενητῶν

461 1742 596 1796 tiam
626 1740 1040 1810 intelligentem,
1095 1754 1159 1794 ae
1191 1739 1287 1794 Dei
1330 1741 1747 1812 primogenitam
1781 1743 2035 1798 virtutem

2139 1736 2309 1801 θείαν,
2337 1739 2431 1791 καὶ
2465 1739 2767 1812 πανάρετον
2797 1738 3104 1812 δύναμιν,ἢ
3141 1741 3242 1811 τῆς
3278 1743 3572 1815 ἀγεννήτου
3605 1743 3704 1813 φύ-

462 1841 627 1902 atque
658 1839 912 1885 naturam
934 1870 949 1895 ,
982 1831 1201 1903 vimque
1231 1831 1493 1897 divinam,
1529 1840 1652 1903 qua:
1685 1847 1903 1889 omnem
1933 1832 2036 1887 ha-
2067 1858 2091 1912 Ι

2078 1858 2110 1912 Β
2142 1852 2278 1898 σεως
2308 1836 2501 1908 νοεράν
2531 1836 2731 1890 εἰκόνα·
2774 1839 2803 1890 6
2833 1837 2890 1890 δέ
2921 1838 3187 1909 συγγενὴς
3217 1840 3349 1909 ἡμῖν
3383 1840 3477 1892 καὶ⁵
3513 1838 3707 1910 μᾶλλον

462 1925 589 1979 beat
616 1925 893 1987 virtutem,
929 1931 980 1978 et
1022 1924 1204 1979 omnia
1232 1939 1352 1994 quae
1385 1922 1529 1978 facta
1562 1924 1691 1988 sint,
1724 1923 2033 1987 antecedat,

2137 1928 2355 1991 οἰκεῖος,
2382 1926 2503 1980 καθ’
2525 1927 2584 1980 δν
2619 1927 2780 1981 πάλιν
2816 1927 2976 1981 αὑτὸν
3012 1928 3306 1999 όριζόμεθα
3339 1929 3473 1982 Θεοῦ
3517 1930 3706 1998 Λόγον,

463 2016 578 2071 sive
608 2016 857 2083 ingenita?
885 2023 1094 2071 natura:
1120 2017 1513 2087 intelligentem
1542 2014 1856 2087 imaginem.
1886 2014 2037 2069 Alter

2137 2018 2193 2069 ἐν
2216 2016 2487 2088 ἀνθρώπῳ
2505 2017 2604 2089 τῆς
2625 2016 2719 2069 τοῦ
2746 2018 2957 2089 Πατρὸς
2985 2018 3263 2083 εὐσεϐείας
3287 2020 3705 2089 ἀπαγγελτικδν,

461 2122 591 2162 vero
623 2107 819 2162 modus
849 2107 1008 2163 nobis
1034 2108 1209 2178 magis
1241 2114 1529 2179 cognatus,
1561 2105 1845 2175 magisque
1879 2104 2038 2159 fami-

2137 2107 2259 2161 καθ’
2279 2108 2337 2162 ὃν
2367 2108 2573 2179 πέφηνε
2598 2108 2762 2163 πάλαι
2793 2110 3055 2181 πρότερον
3083 2110 3139 2163 ὲν
3160 2110 3441 2182 ἀνθρώπου
3468 2113 3704 2181 σχήματι

462 2200 616 2256 liaris
649 2199 988 2271 agnoscitur.
1026 2197 1139 2253 lloc
1185 2199 1330 2254 enim
1373 2197 1665 2254 deﬁnimus
1715 2197 1868 2252 illum
1914 2212 2036 2253 esse

2136 2203 2248 2265 τοῖς
2280 2202 2423 2271 ἀμφὶ
2450 2204 2540 2256 τὸν
2585 2202 2855 2274 Ἀϐραάμ·
2898 2203 3060 2257 αὐτὸν
3090 2203 3134 2256 δ’
3160 2206 3361 2257 ἐκεῖνον
3382 2204 3471 2257 τὸν
3498 2203 3702 2274 βοώμε-

461 2291 556 2345 Dei
589 2289 848 2354 Verbum,
902 2291 1047 2361 quod
1098 2292 1155 2345 in
1186 2289 1405 2344 homine
1450 2296 1733 2360 paternam
1776 2289 2035 2359 pietatem

2137 2308 2225 2346 vov
2254 2291 2526 2364 ἐθνάρχην
2563 2293 2895 2362 θεοφιλέσιν,
2945 2290 3100 2359 αὖθίς
3141 2311 3200 2349 τε
3238 2294 3602 2366 φανησόμενον
3642 2296 3698 2349 ἐν

458 2383 745 2437 denuntiet
775 2400 788 2433 :
815 2398 926 2453 quo
968 2381 1188 2452 quidem
1241 2381 1403 2436 modo
1446 2381 1722 2452 quondam
1772 2382 1863 2436 ille
1893 2381 2035 2451 apud

2136 2383 2444 2455 ἀνθρώποις
2473 2384 2539 2437 δι’
2563 2383 2851 2456 ἀνθρώπου
2889 2386 3172 2455 γενέσεως,
3208 2388 3299 2440 καὶ
3324 2387 3700 2458 παραπλησίας

462 2476 645 2543 priora
680 2474 878 2530 saecula
911 2474 966 2528 in
998 2473 1238 2529 hominis
1268 2473 1478 2539 habitu,
1507 2474 1575 2528 iis
1599 2474 1842 2543 quicum
1871 2473 2039 2527 Abra-

2136 2479 2265 2548 ἡμῖν
2290 2478 2511 2549 σαρκὸς,
2539 2476 2794 2547 αἴσχιστα
2823 2478 3105 2532 πείσεσθαι
3140 2480 3450 2551 προείρητο·
3478 2481 3583 2553 ὁδῷ
3613 2485 3706 2537 καὶ

462 2566 608 2632 ham,
630 2565 721 2629 iis,
744 2566 989 2636 inquam,
1014 2565 1108 2635 qui
1131 2580 1252 2620 cum
1277 2568 1396 2634 ipso
1416 2565 1510 2619 illo
1529 2565 1774 2635 principe
1795 2566 2034 2635 gentium

2133 2568 2284 2634 τάξει
2309 2571 2665 2641 προχωρῆσαι
2693 2569 2759 2623 ἂν
2784 2572 2815 2641 ἡ
2825 2573 2913 2641 μίν
2941 2574 2969 2624 6
2993 2571 3149 2641 λόγος
3176 2572 3430 2643 μέλλουσι
3452 2574 3553 2639 τὰς
3582 2577 3709 2647 περὶ

462 2655 605 2726 apud
633 2655 725 2711 Dei
768 2656 975 2713 amicos
1012 2663 1295 2726 tantopere
1324 2656 1598 2711 celebrato
1628 2656 1833 2719 vixere,
1869 2670 2033 2726 appa-

2135 2661 2299 2715 αὺτοῠ
2353 2662 2697 2733 προφητικάς
2739 2663 3046 2718 ἐκτίθεσθαι
3096 2667 3419 2737 μαρτυρίας,
3463 2669 3512 2720 εί
3554 2668 3617 2740 δὴ
3648 2671 3707 2723 ἐν

463 2749 594 2803 ruit.
629 2747 731 2814 Qui
765 2755 879 2803 tum
915 2764 1109 2804 rursus
1157 2747 1301 2820 apud
1356 2747 1608 2803 homines
1648 2747 1910 2801 visendus
1940 2762 2036 2802 ex-

2136 2750 2393 2821 πρώτοις,
2427 2752 2570 2806 κατά
2598 2740 2668 2806 τὰ
2687 2754 3085 2825 ἐπηγγελμένα,
3113 2757 3175 2809 τὸ
3198 2757 3410 2827 πρῶτον
3432 2758 3706 2822 ἐξετάσαιο

461 2839 828 2909 spectabatur,
856 2848 909 2895 et
937 2839 1162 2922 quijam
1195 2850 1321 2896 ante
1353 2853 1451 2910 per
1484 2838 1722 2894 hominis
1752 2846 1956 2902 ortum,
1980 2846 2036 2893 et

2139 2858 2257 2911 μεν,
2281 2841 2373 2894 καὶ
2392 2841 2491 2913 τὴν
2511 2844 2567 2896 ὲν
2588 2846 2701 2907 τοῖς
2724 2845 3071 2915 Εὑαγγελίοις
3094 2850 3222 2919 περὶ
3241 2848 3404 2901 αὐτοῦ
3431 2849 3702 2920 θεολογίαν

461 2936 650 2984 nostro
680 2931 927 3000 corporis
971 2930 1148 2985 simile
1181 2944 1407 2999 corpus,
1450 2929 1634 2984 omnia
1675 2927 1876 2999 probra
1905 2942 2033 2997 pas-

2133 2932 2242 2985 ἀπδ
2273 2932 2373 3003 τῆς
2401 2933 2635 2999 παλαιᾶς
2662 2936 2754 2989 καὶ
2783 2939 3123 3010 προφητικῖκ
3164 2939 3466 3012 μαρτυρίας
3503 2941 3705 2995 πιστώ-

461 3037 625 3079 sums
668 3021 969 3078 dicebatur.
1022 3023 1212 3093 Itaque
1259 3022 1423 3078 nobis
1468 3019 1537 3076 de
1582 3020 1676 3074 illo
1717 3019 2034 3091 prophetica

2137 3037 2351 3092 σαιμεν.
2396 3024 2715 3093 ’Δναγκαῖον
2736 3027 2794 3080 δὲ
2819 3028 3323 3099 προεπισκέψασθαι
3358 3030 3537 3095 ὁποῖός
3570 3048 3700 3085 ποτε

460 3114 793 3185 exposituris
845 3115 1176 3180 testimonia,
1223 3121 1373 3168 recta
1408 3112 1517 3180 via,
1551 3119 1812 3181 rectoque
1837 3110 2034 3165 ordine

2131 3103 2201 3180 ἦν
2240 3112 2269 3163 6
2299 3110 2498 3181 τρόπος
2523 3113 2622 3183 τῆς
2658 3115 2785 3185 παρ’
2831 3114 3099 3186 Ἑϐραίοις
3129 3117 3237 3171 τῶν
3265 3119 3554 3189 προφητῶν
3591 3119 3711 3173 θεο-

459 3206 714 3277 procedet
741 3208 941 3271 oratio,
964 3206 1013 3262 si
1040 3206 1155 3276 jam
1189 3220 1337 3260 nunc
1361 3205 1415 3259 in
1442 3203 1653 3275 primis,
1680 3202 2035 3273 quemadmo-
2060 3218 2088 3276 ί

2060 3218 2103 3276 C
2137 3200 2355 3271 ληψίας,
2397 3203 2527 3275 παρ’
2557 3197 2633 3258 ὧν
2672 3206 2765 3259 καὶ
2796 3204 2865 3259 τὰ
2907 3209 3356 3283 προηγορευμένα
3399 3227 3674 3281 προπεπαι

457 3300 585 3355 (ﬁrm
604 3314 726 3370 qua:
746 3299 1017 3371 promissa
1044 3305 1196 3364 sunt,
1226 3296 1525 3367 postulant,
1547 3293 1601 3348 id
1620 3294 1765 3364 quod
1792 3295 2032 3365 primum

766 3299 1017 3355 tromissa
1044 3305 1196 3364 sunt,
1226 3296 1525 3367 postulant,
1547 3293 1601 3348 id
1620 3294 1765 3364 quod
1792 3295 2032 3365 primum
2139 3291 2395 3364 δεύμεθα.

458 3402 563 3460 est,
593 3394 963 3465 exploremus,
1000 3401 1055 3448 et
1079 3407 1202 3463 quae
1226 3391 1281 3446 in
1316 3390 1627 3461 Evangeliis
1646 3388 1714 3444 de
1766 3389 1860 3444 illo
1909 3398 2086 3447 exstat
2123 3388 2416 3461 theologia,
2472 3389 2612 3446 hanc
2644 3406 2674 3446 a
2710 3400 2952 3448 veterum
2981 3393 3367 3465 prophetarum
3399 3397 3709 3450 testimonio

454 3486 893 3557 comprobemus.
947 3486 1054 3545 Sed
1085 3494 1212 3542 ante
1251 3501 1477 3543 necesse
1522 3491 1607 3540 est
1649 3484 2022 3553 considerare,
2061 3486 2318 3557 quisnam
2359 3485 2527 3541 fuerit
2575 3489 2792 3553 modus,
2826 3504 2936 3560 quo
2968 3490 3242 3560 prophetas
3290 3492 3432 3561 apud
3454 3490 3711 3548 Hebraeos

460 3576 555 3632 Dei
579 3578 784 3651 Spiritu
810 3580 1189 3652 implerentur,
1218 3594 1250 3634 a
1278 3579 1479 3651 quibus
1506 3579 1695 3649 utique
1727 3578 1893 3633 etiam
1925 3594 2044 3647 quae
2078 3580 2339 3651 praedicta
2367 3589 2518 3649 sunt,
2552 3582 2784 3637 antehac
2816 3582 2994 3637 edocti
3031 3598 3246 3638 sumus.

459 3674 719 3747 Quisnam
741 3676 927 3731 modus
955 3675 1137 3744 fuerit,
1161 3692 1264 3746 quo
1287 3672 1427 3744 apud
1460 3672 1713 3747 Hebraea
1746 3673 2032 3747 propheta,

2146 3677 2243 3743 Τίς
2274 3679 2309 3747 ο
2341 3678 2559 3747 τρόπος
2595 3672 2677 3747 ﬁt
2708 3676 2835 3730 καθ’
2868 3675 2940 3747 δν
2975 3679 3030 3731 οὶ
3066 3676 3204 3744 παρ’
3251 3676 3533 3747 Ἑϐραίοις
3563 3690 3707 3747 προς

530 3745 688 3799 simul
714 3756 774 3817 et
803 3762 919 3817 qua:
947 3742 1132 3817 futura
1167 3742 1339 3817 essent
1370 3744 1650 3812 canebant,
1679 3742 1924 3800 et‘solam
1953 3761 2032 3800 t'e-

2209 3742 2391 3817 φῆταὶ
2424 3745 2572 3816 ὁμοῦ
2610 3742 2683 3800 τά
2719 3761 2782 3817 τε
2806 3744 3111 3813 μέλλοντα
3133 3742 3575 3817 προεθέςπιζον,
3607 3742 3712 3802 καὶ

531 3831 646 3868 ram
680 3814 996 3888 theologiam
1032 3816 1399 3872 illustrabant.

2211 3814 2326 3884 τὴν
2352 3814 2549 3885 μώλην
2585 3814 2780 3884 ἀληθῆ
2822 3817 3133 3886 θεολογίαν
3165 3814 3460 3886 ἐφώτιζεν.

530 3903 676 3961 Loca
720 3908 776 3963 in
823 3909 1026 3978 quibus
1058 3918 1115 3964 et
1145 3908 1406 3962 vaticinia
1449 3915 1505 3963 et
1545 3907 1767 3962 oracula
1821 3907 2033 3977 accipe-

2209 3911 2450 3963 Μαντεῖα
2501 3910 2594 3961 καὶ
2640 3911 2945 3979 χρηστήρια
2992 3908 3293 3978 πανταχόσε
3319 3907 3420 3975 γῆς
3451 3906 3707 3976 Ἕλληνες

462 4007 607 4066 rent,
662 4000 718 4054 in
768 4001 902 4056 orbe
948 4010 1218 4056 terrarum
1279 4000 1484 4070 passim
1540 4000 1791 4055 instituta
1846 3996 2037 4063 fuisse,

2138 4001 2232 4054 καὶ
2263 4000 2525 4071 βάρϐαροι
2566 3999 2960 4069 μνημονεύουσι
2999 3999 3277 4069 συστῆναι.
3310 3997 3492 4051 Ταῦτα
3518 3997 3575 4048 δέ
3608 4013 3709 4065 φα-

469 4098 579 4142 tam
615 4087 787 4144 ϐικθί
823 4106 986 4160 quam
1037 4089 1260 4146 barbari
1309 4087 1656 4160 proﬁtentur.
1708 4087 1879 4142 Porro
1923 4088 2040 4141 hate

2147 4108 2229 4144 σιν
2279 4093 2342 4143 ἐκ
2392 4089 2643 4161 προνοίας
2689 4088 2785 4142 τοῦ
2835 4087 3177 4160 Δημιουργοῦ
3230 4088 3323 4140 ἐπὶ⁵
3380 4088 3572 4159 χρῆσιν
3615 4086 3707 4139 καὶ

472 4183 647 4249 aiunt,
681 4184 1022 4254 providentia
1061 4186 1236 4256 ipsius
1263 4183 1510 4256 Opiﬁeis,
1556 4181 1624 4235 ad
1669 4198 1828 4237 usum
1875 4190 2039 4251 atque

2143 4182 2407 4252 ὠφέλειαν
2446 4182 2554 4234 τῶν
2603 4179 2902 4252 ἀνθρώπων
2951 4178 3384 4250 καταδειχθῆναι·
3422 4178 3496 4240 ὡς
3541 4175 3706 4248 μηδὲν

469 4276 758 4331 utilitatem
797 4276 1079 4332 hominum
1122 4276 1336 4349 prodita
1369 4290 1493 4330 esse
1524 4280 1577 4329 et
1609 4288 1894 4328 concessa.
1933 4278 2041 4327 Ita-

2143 4271 2279 4330 εἶναι
2327 4273 2388 4327 τὸ
2438 4273 2691 4343 διαφέρον
2741 4273 2849 4325 τῶν
2905 4272 3031 4343 παρ’
3096 4270 3364 4341 Ἑϐραίοις
3417 4266 3706 4341 προφητῶν

463 4383 573 4439 que
620 4369 895 4438 prophetis
939 4368 1289 4425 Hebraeorum
1315 4367 1453 4422 nihil
1494 4365 1850 4421 excellentius
1877 4364 2036 4435 203

2144 4367 2282 4439 πρὸς
2329 4365 2396 4418 τά
2446 4364 2553 4418 τῶν
2600 4362 2799 4416 λοιπῶν
2846 4362 3011 4417 ἐθνῶν
3066 4365 3390 4434 χρηστήρια.
3463 4362 3550 4424 Ὠς
3599 4358 3706 4429 γὰρ

462 4459 760 4531 contigisse
824 4475 988 4531 quam
1062 4459 1398 4529 reliquarum
1469 4456 1710 4526 gentium
1775 4457 2091 4555 oraculis.I

2078 4499 2114 4555 D
2156 4456 2422 4531 Ἑϐραίοις
2453 4455 2541 4509 διὰ
2566 4454 2672 4509 τῶν
2706 4453 2920 4508 τοιῶνδε
2948 4453 3261 4526 προφητῶν,
3299 4452 3441 4506 οὕτω
3473 4452 3568 4505 καὶ
3596 4453 3707 4515 τοῖς

464 4551 535 4608 Ut
567 4553 711 4607 enim
745 4551 986 4609 Hebraeis
1019 4569 1115 4624 per
1160 4549 1432 4622 ejusmodi
1474 4550 1796 4619 prophetas,
1842 4548 1922 4604 sic
1952 4563 2037 4604 re-
2068 4545 2093 4555 ’

2079 4545 2108 4555 ⁷
2144 4553 2323 4614 ἄλλοις
2353 4549 2527 4603 ἔθνεσι
2559 4546 2647 4600 διὰ
2677 4547 2787 4599 τῶν
2824 4547 2964 4601 κατὰ
3001 4548 3165 4600 τόπον
3197 4545 3463 4617 μαντειῶν
3495 4545 3585 4598 τὸν
3615 4545 3708 4597 ἐπὶ

462 4644 629 4715 liquis
678 4645 931 4715 gentibus
977 4660 1074 4716 per
1124 4643 1466 4698 diversorum
1516 4640 1760 4696 locorum
1792 4638 2035 4704 oracula,

2145 4645 2360 4699 πάντων
2395 4638 2526 4692 Θεὸν
2562 4639 2721 4709 χρᾷν,
2753 4638 2844 4691 καὶ
2870 4637 2939 4691 τὰ
2968 4637 3311 4709 συμφέροντα
3341 4636 3704 4690 ὑποτίθεσθαι.

465 4751 781 4809 supremum
812 4735 982 4791 Deum
1023 4734 1383 4805 respondere,
1413 4740 1468 4788 et
1505 4732 1874 4787 conducibilia
1924 4746 2041 4785 mo-

2143 4734 2237 4807 Μὴ
2264 4731 2371 4802 γὰρ
2409 4728 2672 4783 Ἰουδαίων
2709 4729 2867 4801 μόνον
2914 4724 3051 4784 εἶναι
3091 4728 3246 4795 Θεὸν,
3287 4727 3423 4781 ἀλλά
3466 4728 3560 4781 καὶ
3605 4726 3708 4779 τῶν

464 4844 596 4886 nere
638 4829 880 4885 solitum.
932 4826 1052 4883 Non
1095 4830 1240 4883 enim
1301 4826 1679 4880 tantummodo
1728 4822 2039 4880 Iudaeorum

2144 4824 2344 4880 λοιπῶν
2382 4820 2640 4876 ἀπάντων
2677 4820 3008 4893 ἀνθρώπων·
3049 4823 3145 4874 καὶ⁵
3170 4821 3230 4873 οὐ
3263 4820 3460 4891 μᾶλλον
3488 4818 3708 4871 ἐκείνων

463 4938 605 4989 esse,
665 4923 763 4978 sed
815 4922 1153 4992 reliquorum
1207 4934 1422 4989 quoque
1466 4920 1709 4975 omnium
1757 4918 2039 4973 hominum

2140 4919 2174 4990 ἢ
2193 4916 2394 4972 τούτων
2414 4914 2541 4987 κήδε
2549 4914 2687 4968 σθαν
2716 4916 2932 4971 πάντων
2951 4914 2994 4967 δ’
3011 4913 3069 4979 ἐξ
3086 4912 3198 4966 ἴσου
3221 4915 3483 4987 προνοεῖν,
3496 4910 3710 4979 ὡσπερ-

466 5013 658 5080 Deum,
689 5030 867 5085 neque
897 5013 999 5068 hos
1026 5012 1201 5081 magis
1224 5011 1530 5081 quamillos
1559 5026 1775 5078 curare,
1798 5008 1895 5067 sed
1924 5024 2042 5065 om-

2142 5010 2235 5065 οῧν
2260 5009 2353 5063 καὶ
2372 5006 2521 5078 ἦλιον
2547 5007 2794 5077 ἀφθόνως
2823 5010 2934 5071 τοῖς
2962 5007 3096 5060 πᾶσι
3122 5002 3473 5076 δεδωρῆσθαι,
3512 5000 3624 5055 ἀλλ’
3646 5000 3707 5052 οὐ

465 5107 628 5162 nibus
659 5121 813 5176 aeque
842 5104 1150 5176 providere.
1191 5102 1282 5159 Sic
1303 5104 1448 5159 enim
1486 5119 1554 5158 ne
1604 5104 1774 5158 solem
1821 5100 2040 5173 quidem

2148 5103 2328 5175 μόνοις
2368 5100 2658 5173 Ἑϐραίοις,
2697 5101 2791 5154 καὶ
2832 5100 2930 5164 τάς
2970 5099 3215 5171 ἐτησίους
3242 5096 3353 5150 τῶν
3394 5093 3708 5165 ἐπιτηδείων

467 5213 626 5251 suum
662 5197 906 5254 invidere
952 5196 1231 5266 cuiquam,
1272 5194 1368 5252 sed
1404 5194 1661 5250 omnibus
1690 5192 1906 5249 abunde
1935 5193 2045 5245 lar-

2145 5192 2427 5267 χορηγίας,
2456 5192 2721 5263 σωμάτων
2740 5208 2799 5245 τε
2824 5195 2936 5255 τοῖς
2969 5192 3103 5244 πᾶσι
3134 5187 3477 5259 κατασκευὴν
3496 5185 3706 5255 ὁμοίαν,

463 5286 593 5357 giri,
624 5300 733 5342 non
766 5285 1009 5343 Hebraeis
1031 5286 1188 5350 solis,
1225 5300 1550 5356 annuosque
1577 5298 1761 5340 rerum
1788 5296 2042 5339 necessa-

2146 5287 2242 5340 ἐνα
2260 5302 2319 5339 τε
2345 5283 2612 5354 γενέσεως
2637 5286 2749 5347 τοῖς
2775 5285 2907 5337 πᾶσι
2932 5284 3152 5354 τρόπον,
3186 5280 3279 5334 καὶ
3308 5278 3465 5349 φύσιν
3491 5274 3710 5345 λογικῆς

465 5383 676 5434 riarum
703 5389 1001 5449 proventus
1056 5377 1429 5450 suppeditare,
1462 5386 1626 5448 atque
1667 5376 1923 5432 omnibus
1964 5375 2043 5431 si-

2146 5375 2324 5447 ψυχῆς
2352 5376 2497 5445 μίαν.
2530 5372 2686 5427 Οὕτω
2712 5372 2768 5426 δὲ
2790 5373 2999 5445 καὶτῆς
3017 5373 3125 5426 edn;
3150 5370 3446 5442 μελλόντων
3469 5363 3713 5438 προγνώ.

466 5471 593 5525 mile
631 5485 830 5540 corpus
859 5480 1197 5534 construere,
1221 5484 1499 5539 unumque
1529 5467 1791 5523 nascendi
1820 5464 2041 5521 modum

2150 5483 2286 5529 σεως
2311 5464 2409 5537 τὴν
2435 5466 2739 5536 ἐπιστήμην
2770 5465 2933 5519 πᾶσιν
2976 5460 3281 5533 ἀνθρώποις
3317 5457 3558 5527 ἀφθόνως
3575 5465 3712 5522 παρ-

467 5561 743 5627 omnibus,
793 5577 957 5616 unam
1004 5562 1258 5617 omnibus
1320 5561 1514 5615 animae
1558 5558 1843 5615 rationalis
1886 5565 2043 5613 natu-

2149 5555 2314 5624 ἔχειν.
2345 5556 2457 5615 τοῖς
2500 5552 2600 5623 μὲν
2637 5552 2725 5605 διὰ
2767 5551 3061 5624 προφητῶν
3102 5547 3329 5621 ἀνδρῶν,
3368 5543 3572 5617 τοῖςδέ
3624 5541 3712 5596 διὰ

467 5666 605 5707 ram.
640 5649 829 5722 itaque
869 5653 1059 5708 eadem
1098 5655 1311 5710 ratione
1344 5652 1668 5725 providendi
1702 5665 1919 5722 quoque
1946 5663 2042 5703 co.

2144 5645 2511 5720 χρηστηρίων,
2545 5649 2657 5708 τοῖς
2681 5645 2736 5699 δέ
2761 5644 2851 5698 διὰ
2879 5643 3106 5717 ὀρνίθων
3140 5642 3418 5712 πτήσεως,
3452 5638 3486 5708 ἢ
3513 5636 3598 5691 διά
3622 5633 3686 5689 Θυ

465 5746 873 5819 gnoscendique
895 5745 1077 5799 futura
1100 5746 1409 5811 scientiam,
1436 5745 1691 5801 omnibus
1725 5742 2039 5799 hominibus

2137 5739 2316 5809 τικῆς,
2347 5736 2380 5807 ἢ
2418 5735 2484 5789 δι’
2516 5736 2986 5807 ὀνειροπομπείας,
3016 5735 3050 5807 ἢ
3085 5732 3171 5785 διὰ
3200 5731 3490 5804 κλῃδόνων,
3514 5729 3549 5800 ἢ
3578 5726 3708 5781 παλε

467 5832 683 5896 abunde
707 5836 972 5903 sumsere,
1008 5838 1129 5897 aliis
1165 5838 1384 5912 quidem
1413 5853 1510 5908 per
1531 5839 1679 5894 viros
1709 5834 2025 5909 prophetas,

2142 5830 2281 5904 μῶν,
2326 5829 2361 5901 η
2406 5845 2565 5883 τινων
2611 5827 2812 5899 ἐτέρων
2854 5826 3156 5897 συμϐόλων⁸
3200 5823 3373 5879 ταῦτα
3408 5820 3516 5893 γάρ
3546 5833 3712 5889 φασιν
