4126 6424
441 400 544 457 337

1325 371 1980 438 DEMONSTRATIONIS
2017 367 2476 426 EVANGELICE
2516 372 2644 428 LIB.
2678 374 2742 429 ν.

3582 389 3687 446 538

440 514 746 589 ἀνθρώποις
773 514 838 566 ἐκ
859 509 959 580 τῆς
988 505 1080 560 τοῦ
1109 503 1244 558 Θεοῦ
1272 501 1528 573 προνοίας
1560 492 1915 567 δεδωρῆσθαι,
1939 489 1991 541 ὼε

2117 489 2240 544 aliis
2287 506 2419 546 vero
2468 508 2564 562 per
2615 493 2964 551 oraculorum
3021 514 3305 571 responsa,
3331 516 3385 561 et
3429 507 3552 566 aliis
3591 527 3684 580 per

444 611 610 684 μηδὲν
651 607 812 662 πλέον
856 605 998 675 ἔχειν
1031 600 1204 653 δοκεῖν
1239 598 1364 659 τοὺς
1411 591 1676 665 Ἐϐραίων
1705 589 2006 684 προφήταις.

439 680 692 762 Τοιοῦτος
715 697 812 769 μὲν
831 691 922 748 οὖν
941 697 969 747 6
991 693 1120 764 παρ’
1143 689 1364 743 ἐκείνων
1385 688 1559 756 λόγος·
1584 687 1612 738 6
1626 685 1682 738 δὲ
1703 684 1831 754 παρ’
1856 680 2012 752 ἡμῶν

439 786 546 847 ὧδέ
579 809 696 855 πως
725 791 906 851 αὐτοῖς
937 784 1328 856 ἀπαντήσεται.
1358 781 1422 833 Εἰ
1446 778 1544 850 μέν
1573 794 1656 840 τις
1683 775 1904 843 συνίστη
1927 774 2012 826 λό-

438 903 536 956 γος
560 884 714 946 θεοὺς
736 881 970 953 ἀληθῶς,
997 880 1029 951 ἢ
1053 877 1204 940 θείας
1227 876 1503 944 δυνάμεις,
1535 873 1567 943 ἢ
1593 870 1851 940 δαίμονας
1876 869 2011 936 ἀγα-

438 981 565 1044 θοὺς
595 977 884 1047 ἐφεστάναι
909 977 1021 1037 τοῖς
1047 971 1156 1024 τῶν
1183 969 1484 1041 εἰρημένων
1526 963 1818 1036 μαντείοις,
1843 961 1876 1032 ἢ
1899 963 2010 1024 τοῖς

439 1070 659 1134 οἰωνῶν,
700 1070 732 1140 ἢ
768 1071 880 1131 τοῖς
914 1067 1118 1127 λοιποῖς
1154 1059 1684 1132 κατωνομασμένοις,
1707 1052 1774 1127 ἦν
1805 1055 1871 1110 ἂν
1905 1052 2010 1123 χὼ-

434 1171 539 1236 ’ραν
568 1163 857 1231 ἀπονεῖμαι
887 1161 998 1221 τοῖς
1034 1154 1365 1224 λεγομένοις,
1409 1152 1484 1213 ὡς
1528 1149 1623 1203 τοῦ
1669 1148 1761 1200 ἐπὶ
1792 1145 2008 1199 πάντων

433 1254 566 1310 Θεοῦ
598 1256 828 1308 κάκεῖνα
851 1253 964 1314 τοῖς
993 1248 1295 1321 χρωμένοις
1318 1246 1402 1298 ἐπ’
1435 1241 1669 1312 ὠφελείᾳ
1695 1238 2005 1312 δεδωρημέ-

432 1365 542 1401 νου’
573 1349 622 1400 εἰ
655 1347 711 1399 δὲ
747 1343 1013 1398 ἐντελέσιν
1051 1338 1355 1403 ἀποδείξεσι
1395 1335 1489 1390 καὶ
1516 1334 1692 1389 αὐτῶν
1746 1331 2008 1402 Ἑλλήνων

431 1439 743 1512 ὁμολογίαις
781 1436 883 1508 ἤδη
926 1433 1188 1506 πρότερον
1220 1430 1479 1501 δαίμονας
1509 1427 1704 1489 αὐτοὺς
1730 1419 1887 1487 εἶναι,
1915 1421 2007 1474 καὶ

431 1534 537 1587 οὐδ’
558 1532 816 1602 ἀγαθοὺς,
843 1529 1021 1598 πάσης
1041 1526 1098 1579 δὲ
1123 1523 1324 1596 βλάϐης
1343 1522 1436 1576 καὶ
1463 1517 1760 1592 μοχθηρίας
1782 1515 2004 1577 αἰτίους,

432 1625 550 1689 πῶς
587 1626 654 1678 ἂν
685 1621 933 1676 δύναιντο
969 1618 1102 1674 Θεοῦ
1137 1613 1275 1671 εἶναι
1316 1615 1621 1687 προφῆται;
1666 1609 1906 1672 Φαύλους
1947 1605 2006 1658 δὲ

429 1716 628 1778 αὐτοὺς
659 1717 687 1767 ό
713 1714 870 1782 λόγος
899 1710 1146 1784 ἐφώρασε
1177 1708 1266 1762 διὰ
1286 1707 1384 1779 τῆς
1417 1699 1826 1774 Εὑαγγελικῆς
1850 1704 2003 1768 Προ-

431 1805 821 1876 ιταρασκευῆς
850 1804 913 1857 ἐκ
940 1821 1000 1857 τε
1020 1804 1124 1874 τῆς
1147 1802 1314 1855 πάλαι
1342 1799 1483 1854 κατὰ
1516 1798 1692 1851 πάντα
1723 1795 1886 1848 τόπον
1913 1792 2005 1846 καὶ
2036 1840 2080 1896 Β

431 1901 584 1954 πόλιν
626 1898 721 1951 καὶ
759 1897 940 1967 χώραν
980 1894 1401 1964 συντελουμένης
1433 1891 1616 1953 αὐτοῖς
1647 1885 1999 1959 ἀνθρωποθυ-

433 1992 570 2056 σίας,
604 1991 668 2045 ἐκ
706 2007 766 2045 τε
807 1984 882 2044 ὧν
914 1988 1138 2058 ἡπάτων
1167 1989 1294 2051 τοὺς
1331 1983 1650 2058 ἐρωτῶντας
1685 1980 1877 2052 ἀγνοίᾳ
1904 1979 1999 2033 τοῦ

432 2083 734 2154 μέλλοντος,
769 2081 832 2134 ἐκ
868 2099 928 2135 τε
969 2074 1044 2135 ὧν
1093 2079 1375 2152 ἡλίσκοντο
1437 2077 1605 2147 μυρία
1659 2073 1996 2144 ψευδόμενοι,

423 2175 542 2229 τοτὲ
565 2174 664 2245 μὲν
691 2175 756 2228 ἐκ
783 2172 876 2227 τοῦ
909 2173 1238 2245 προφανοῦς,
1260 2167 1463 2224 τοτὲδὲ
1492 2167 1578 2222 διὰ
1605 2167 1706 2237 τῆς
1728 2166 1837 2219 τῶν
1864 2181 2000 2235 χρη-

423 2265 577 2337 σμῶν
609 2265 958 2336 ἀμφιϐολίας,
1005 2265 1068 2316 δι’
1106 2259 1174 2336 ἦς
1211 2262 1338 2325 τοὺς
1376 2260 1696 2332 πρόσφυγας
1728 2255 1997 2318 πλείστοις

422 2355 739 2418 πλειστάκις
763 2353 1180 2426 περιϐάλλοντες
1220 2354 1410 2413 κακοῖς
1431 2347 1872 2418 ἀπηλέγχθησαν-
1905 2347 1998 2400 καὶ

421 2447 543 2500 ἐπεὶ
564 2446 1026 2518 προαπεδείκνυτο
1061 2444 1253 2514 μιαρὸν
1273 2441 1450 2496 αὐτῶν
1476 2441 1570 2494 καὶ
1599 2441 1906 2509 ἀκάθαρτον
1937 2438 1998 2491 τὸ

423 2538 608 2608 φῦλον,
647 2541 712 2591 ὲκ
743 2536 836 2591 τοῦ
875 2537 1082 2608 χαίρειν
1117 2537 1369 2606 αἰσχραῖς
1402 2534 1494 2588 καὶ
1526 2532 1840 2596 ἀκολάστοις
1869 2533 1996 2603 περὶ

421 2629 602 2684 αὐτῶν
639 2629 959 2699 λεγομέναις
1003 2627 1185 2698 ᾠδαῖς,
1239 2626 1332 2679 καὶ
1356 2625 1564 2696 ὕμνοις,
1613 2625 1707 2678 καὶ
1748 2624 1995 2695 μυθικοῖς

419 2725 771 2797 διηγήμασιν,
814 2724 1074 2793 ἱστορίαις
1099 2739 1158 2776 τε
1196 2722 1451 2791 ἀσέμνοις
1489 2722 1584 2773 καὶ
1621 2719 1988 2783 ἐπιϐλαϐἐσιν,

418 2819 484 2881 ἃς
521 2817 783 2870 καὶλκατ’
813 2816 992 2870 αὐτῶν
1035 2815 1347 2888 πυροῦντες,
1401 2814 1493 2867 καὶ
1536 2813 1612 2877 ὡς
1655 2812 1872 2883 ἀληθεῖς
1903 2811 1992 2882 βε-

421 2909 700 2972 ϐαιοῦντες
735 2909 950 2980 ἥλωσαν
969 2925 982 2938 ·
1029 2908 1124 2961 καὶ
1152 2906 1305 2970 τέλος
1335 2906 1588 2960 ἁπάντων
1629 2905 1849 2977 ἐλεγχος
1889 2905 1992 2976 τῆς

419 3001 681 3076 ἀδρανοῦς
709 3001 886 3056 αὐτῶν
918 3001 1130 3071 φύσεως
1155 2997 1223 3073 ἦν
1258 3000 1320 3054 τὸ
1355 3000 1643 3071 σϐεσθῆναι
1672 3000 1764 3053 καὶ
1797 2999 1987 3070 μηκέθ’

417 3095 617 3168 ὁμοίως
643 3098 799 3168 χρᾷν·
823 3095 918 3148 καὶ
940 3093 1226 3166 σϐεσθῆναι
1250 3093 1324 3166 μὴ
1345 3092 1580 3165 ἀλλοτεῆ
1607 3093 1714 3146 ἀπὸ
1736 3093 1844 3147 τῶν
1870 3095 1989 3165 χρό-

2113 585 2292 637 avium
2323 586 2536 641 volatus
2575 596 2670 641 aut
2710 603 2806 658 per
2827 598 3074 646 extorum
3105 594 3162 649 in
3190 599 3472 658 sacriﬁciis
3502 604 3680 676 inspe-

2112 678 2369 740 ctionem,
2409 687 2504 733 aut
2536 696 2633 751 per
2661 684 2998 742 somniorum
3051 689 3438 763 immissiones,
3462 708 3554 752 aut
3590 715 3683 769 per

2111 783 2174 822 ea
2207 785 2328 838 qua}
2360 771 2639 839 dicuntur,
2671 777 2875 845 omnia,
2908 792 3001 835 aut
3042 798 3137 852 per
3183 789 3572 846 concussiones
3621 808 3683 848 ac

2113 868 2398 954 tremores,
2426 873 2521 917 aut
2549 880 2644 934 per
2664 868 2770 921 alia
2794 872 3039 938 quaedam
3076 875 3196 944 ejus
3226 879 3442 947 generis
3483 883 3638 954 signa
3665 903 3680 940 :

2111 952 2228 1008 haec
2251 955 2394 1010 enim
2425 957 2580 1011 aiunt
2611 958 2955 1018 Providentia
2990 965 3171 1022 divina
3198 974 3410 1030 cunctis
3439 952 3682 1032 homini-

2112 1045 2215 1102 bus
2236 1062 2360 1103 esse
2383 1047 2606 1116 donata,
2635 1051 2821 1122 itaque
2848 1056 2982 1111 nihil
3015 1060 3249 1130 amplius
3287 1064 3487 1122 habere
3508 1067 3680 1124 videri

2111 1138 2459 1194 Hebrteorum
2485 1145 2776 1214 prephetas
2806 1163 2819 1200 :
2846 1148 2960 1203 haec
2990 1165 3120 1207 sane
3141 1153 3356 1211 illorum
3389 1169 3473 1214 est
3500 1160 3676 1216 ratio:

2109 1244 2209 1286 nos
2235 1246 2363 1286 vero
2397 1232 2542 1288 illius
2570 1234 2650 1288 sic
2684 1236 2899 1292 obviam
2933 1240 3062 1294 ituri
3085 1258 3294 1300 sumus.
3334 1246 3391 1301 Si
3421 1251 3528 1303 ulla
3562 1250 3684 1321 qui-

2108 1320 2230 1378 dem
2264 1325 2407 1379 ratio
2440 1327 2739 1395 convincit,
2773 1346 2830 1386 re
2854 1348 2982 1387 vera
3006 1335 3158 1402 deos,
3196 1353 3290 1393 seu
3332 1340 3546 1399 divinas
3580 1320 3681 1415 po-

2108 1422 2356 1482 testates,
2403 1419 2517 1474 sive
2565 1421 2738 1478 bonos
2771 1423 2987 1496 aliquos
3021 1426 3294 1486 daamones
3329 1449 3560 1502 prazesse
3589 1452 3682 1491 eo-

2108 1525 2251 1576 rum,
2284 1509 2352 1566 de
2391 1513 2591 1582 quibus
2616 1515 2820 1571 dictum
2856 1526 2960 1584 est,
3005 1523 3258 1589 oraculis,
3284 1525 3368 1580 vel
3410 1528 3677 1599 auguriis,

2107 1603 2191 1658 vel
2225 1606 2436 1662 caeteris
2455 1623 2576 1677 quae
2601 1619 2758 1665 antea
2780 1610 3018 1668 diximus
3050 1633 3063 1669 :
3093 1630 3386 1685 possumus
3416 1635 3549 1677 sane
3574 1622 3680 1676 ali-

2105 1710 2267 1766 quem
2309 1697 2487 1753 locum
2520 1700 2626 1755 illis
2652 1701 2916 1769 tribuere,
2945 1711 3205 1777 tanquam
3231 1709 3325 1764 illo
3347 1726 3564 1782 quoque
3591 1729 3682 1768 su-

2107 1802 2330 1857 premus
2364 1787 2510 1846 Deus
2537 1792 2602 1846 iis
2630 1795 2722 1862 qui
2760 1795 2888 1849 talia
2919 1805 3205 1869 usurpent,
3235 1800 3464 1873 largitus
3495 1802 3598 1871 sit;
3632 1804 3680 1863 εἰ

2106 1894 2237 1935 vero
2268 1881 2525 1952 perfectis
2555 1884 3137 1955 demonstrationibus,
3160 1897 3214 1948 et
3254 1892 3500 1965 ipsorum
3531 1895 3681 1954 Grae-

2106 1989 2295 2029 corum
2345 1975 2806 2045 confessionibus,
2838 1981 2952 2050 jam
2999 1992 3180 2049 antea,
3232 1987 3508 2046 daemones
3557 2007 3680 2050 esse

2105 2083 2214 2122 non
2250 2068 2371 2124 illos
2396 2069 2612 2139 quidem
2639 2071 2836 2137 bonos,
2862 2073 2956 2128 sed
2985 2077 3165 2132 omnis
3199 2081 3458 2148 perniciei
3486 2086 3680 2156 nequi-

2105 2161 2302 2231 tiaeque
2338 2171 2594 2220 auctores
2616 2165 2981 2236 convicimus,
3019 2172 3112 2240 qui
3142 2171 3259 2227 fieri
3286 2180 3465 2242 potest
3494 2185 3556 2230 ut
3582 2175 3676 2233 Dei

2104 2254 2384 2324 propheta:
2423 2256 2763 2314 habeantur?
2795 2260 3008 2319 Etenim
3040 2263 3162 2321 illos
3199 2280 3324 2321 esse
3361 2268 3536 2324 malos
3583 2285 3678 2340 per

2105 2345 2482 2419 Evangelicam
2510 2349 2969 2422 Prwparationem
3022 2358 3164 2412 ratio
3197 2357 3574 2429 deprehendit,
3611 2379 3676 2418 ex

2102 2453 2168 2495 eo
2197 2456 2331 2497 sane
2352 2443 2498 2513 quod
2542 2445 2742 2515 priscis
2790 2449 3133 2518 temporibus
3173 2451 3227 2505 in
3261 2454 3411 2507 omni
3457 2454 3600 2522 loco,
3625 2466 3676 2511 et

2102 2531 2323 2590 civitate
2352 2549 2418 2590 ac
2447 2537 2690 2607 regione,
2719 2537 2971 2594 humanae
3009 2541 3118 2595 illis
3147 2541 3382 2598 victimae
3403 2545 3676 2600 sacriﬁca-

2101 2631 2331 2694 rentur;
2369 2627 2499 2683 item
2531 2644 2596 2684 ex
2632 2645 2698 2684 eo
2723 2631 2868 2699 quod
2909 2647 3091 2688 rerum
3123 2633 3434 2692 futurarum
3465 2639 3676 2708 ignora-

2101 2717 2247 2772 tione
2282 2720 2629 2778 sciscitantes
2661 2723 2995 2794 deciperent,
3029 2733 3082 2782 et
3111 2727 3256 2798 quod
3300 2729 3354 2784 in
3388 2730 3674 2788 mendacio

2098 2809 2297 2866 millies
2341 2825 2406 2866 ac
2448 2813 2649 2871 millies
2706 2815 3031 2886 deprehensi
3065 2821 3191 2887 sint,
3244 2824 3405 2878 modo
3451 2825 3670 2895 quidem

2096 2913 2283 2975 aperte
2325 2918 2392 2961 ac
2433 2906 2633 2977 palam,
2663 2908 2825 2963 modo
2871 2925 3001 2966 vero
3031 2911 3272 2982 ipsorum
3319 2919 3669 2974 oraculorum

2096 3000 2352 3072 ambiguo
2386 3017 2658 3069 sermone,
2697 3019 2794 3074 per
2833 3021 2993 3075 quem
3033 3021 3126 3059 eos
3156 3008 3248 3077 qui
3285 3008 3351 3064 ad
3396 3026 3455 3066 se
3484 3010 3671 3066 confu-

2094 3093 2323 3164 gissent,
2361 3095 2614 3164 plurimis
2653 3097 2956 3168 saepissime
2995 3101 3153 3156 malis
3183 3111 3344 3170 atque
3377 3103 3670 3159 incommo-

420 3205 523 3242 νων
562 3189 662 3259 τῆς
707 3187 1028 3258 ἐπιφανείας
1071 3187 1164 3241 τοῦ
1199 3187 1449 3259 Σωτῆρος
1491 3186 1648 3259 ἡμῶν
1690 3185 1863 3258 Ἰησοῦ
1892 3186 1986 3240 τοῦ

2094 3185 2178 3240 dis
2237 3185 2552 3251 involvisse,
2605 3189 2841 3245 convicti
2885 3199 3054 3246 sunt:
3089 3208 3301 3247 necnon
3349 3194 3495 3265 quod
3552 3196 3664 3266 jam

419 3279 673 3353 Χριστοῦ·
705 3279 762 3346 ἐξ
792 3273 854 3333 οῦ
890 3279 996 3353 γὰρ
1029 3282 1108 3343 εἰς
1140 3279 1318 3334 πάντα
1349 3280 1418 3332 τὰ
1458 3279 1583 3351 ἔθνη
1630 3279 1917 3351 διέδραμεν
1962 3281 1991 3333 6

414 3369 514 3441 τῆς
540 3370 899 3441 εὐαγγελικῆς
925 3369 1271 3433 διδασκαλίας
1302 3369 1462 3423 αὐτοῦ
1491 3369 1667 3438 λόγος,
1699 3369 1757 3436 ἐξ
1781 3370 1988 3423 ἐκείνου

417 3461 510 3515 καὶ
533 3461 600 3515 τὰ
619 3464 924 3534 χρηστήρια
945 3461 1168 3526 διέλιπε,
1193 3462 1286 3515 καὶ
1312 3461 1580 3532 δαιμόνων
1604 3462 1822 3516 θάνατοι
1849 3478 1986 3532 μνη-

420 3554 751 3624 μονεύονται.
773 3554 957 3607 Πάντα
976 3552 1032 3606 δὲ
1058 3548 1149 3606 οῦν
1178 3549 1246 3624 ἦν
1277 3553 1472 3617 ταῦτα,
1503 3551 1597 3604 καὶ
1623 3551 1755 3606 ἄλλα
1779 3549 1988 3613 τούτοις

417 3646 770 3718 παραπλήσια
801 3645 986 3717 μυρία,
1018 3645 1083 3698 δι’
1116 3639 1190 3699 ὧν
1221 3644 1447 3716 πονηροὶ
1478 3643 1728 3712 δαίμονες
1756 3642 1908 3707 ὄντες
1937 3645 1986 3696 οἱ

415 3737 543 3808 περὶ
569 3729 643 3790 ὧν
673 3738 702 3789 6
732 3736 888 3804 λόγος
909 3737 965 3788 ὲν
992 3737 1102 3798 τοῖς
1128 3735 1226 3805 τῆς
1243 3731 1659 3803 Εὐαγγελικῆς
1684 3736 1988 3800 Προπαρα-

411 3828 642 3898 σκευῆς
672 3827 1114 3900 ἀπηλέγχθησαν.
1156 3827 1220 3880 Εἰ
1248 3826 1312 3896 δὴ
1345 3820 1438 3878 οῦν
1465 3824 1658 3877 τοιοίδε
1683 3825 1827 3888 τινὲς
1853 3841 1985 3892 τυγ-

411 3924 653 3996 χάνουσι,
685 3923 769 3988 τίς
801 3924 944 3992 αἱρεῖ
969 3922 1125 3990 λόγος
1155 3919 1250 3974 τοῦ
1291 3919 1384 3972 ἐπὶ
1425 3918 1641 3973 πάντων
1672 3919 1807 3974 Θεοῦ
1851 3937 1984 3991 μαν-

409 4016 559 4080 τείας
585 4013 724 4069 εῐναι
755 4015 1003 4086 ἡγεῖσθαι
1043 4014 1112 4066 τὰ
1143 4014 1250 4068 τῶν
1271 4014 1538 4085 δαιμόνων
1563 4015 1909 4085 χρηστήρια;
1946 4013 1978 4084 ἢ

407 4113 520 4173 τοῖς
534 4108 628 4162 τοῦ
651 4108 786 4163 Θεοῦ
808 4110 1112 4180 προφήταις
1133 4107 1202 4162 τὰ
1223 4108 1343 4162 κατ’
1359 4107 1558 4170 αὐτοὺς
1581 4106 1978 4180 παραϐάλλειν;

409 4201 656 4256 Ποταπαὶ
681 4202 736 4255 δὲ
761 4201 936 4255 αὐτῶν
964 4205 1019 4255 αἱ
1044 4203 1393 4275 προρρήσεις,
1414 4201 1499 4266 ἃς,
1534 4203 1620 4255 ὅτε
1649 4201 1741 4254 καὶ
1765 4200 1980 4254 ἐδόκουν

409 4295 724 4364 ὑφεστάναι,
753 4296 880 4367 περὶ
901 4295 1025 4358 τοὺς
1054 4295 1372 4368 ἐρωτῶντας
1398 4295 1708 4358 ἐποιοῦντο;
1733 4289 1841 4365 ἆρα
1859 4292 1979 4363 οὐχὶ

408 4387 536 4458 περὶ⁴
564 4386 814 4459 ἀσέμνων
843 4386 1112 4440 ταπεινῶν
1141 4405 1200 4440 τε
1231 4389 1326 4441 καὶ
1360 4387 1592 4441 εὐτελῶν
1621 4385 1849 4458 ἀνδρῶν,
1875 4400 1979 4436 πυ-

407 4476 569 4542 κτῶν,
594 4477 747 4548 φέρε,
773 4477 806 4548 ἦ
831 4493 990 4529 τινων
1019 4475 1293 4542 τοιούτων,
1321 4476 1414 4541 οὒς
1443 4477 1647 4541 θυσίαις
1676 4477 1842 4547 τιμᾷν
1865 4474 1978 4528 ἐκέ-

405 4568 590 4634 λευον;
614 4569 748 4623 Ποῖα
764 4569 820 4622 δὲ
839 4569 906 4622 τὰ
930 4570 1055 4640 περί
1074 4568 1175 4638 τῆς
1196 4568 1642 4640 ἀνθρωποθυσίας
1662 4569 1971 4641 νενόμιστο;

405 4662 695 4731 κεφάλαιον
737 4662 844 4734 γάρ
886 4661 948 4732 δὴ
993 4661 1153 4715 τοῦτο
1194 4662 1302 4717 τῶν
1335 4662 1656 4734 εἰρημένων.
1692 4658 1840 4735 *Αρά
1869 4681 1973 4718 τινι

402 4754 686 4824 πράγματι
719 4752 906 4824 φαύλῳ
953 4752 1243 4806 κατέλιπον
1287 4753 1515 4816 ἀτοπίας
1553 4754 1891 4827 ὑπερϐολήν;
1923 4757 1970 4808 εἰ

402 4842 466 4916 δὴ
493 4845 540 4898 οἱ
568 4843 814 4916 σωτῆρες
842 4844 1144 4916 ἀνθρώπων
1171 4845 1281 4898 θεοί
1305 4863 1364 4898 τε
1387 4846 1481 4898 καὶ
1503 4846 1694 4916 ἀγαθοὶ
1721 4847 1973 4918 δαίμονες

397 4936 525 5000 τοὺς
577 4936 761 5000 ἰκέτας
801 4937 978 4992 αὐτῶν
1023 4939 1116 4992 καὶ
1149 4940 1392 5005 εὐσεϐεῖς
1437 4940 1757 5012 πρόσφυγας
1805 4958 1971 4995 καταέ

401 5031 655 5101 σφάττειν
711 5030 780 5084 τά
827 5031 1035 5086 ἑαυτῶν
1084 5032 1332 5102 φίλτατα,
1371 5033 1608 5105 ὡσπερεί
1664 5050 1785 5086 τινα
1836 5033 1985 5089 ἄλλα.

399 5123 707 5194 θρέμματα,
744 5123 1191 5196 παρεκελεύοντο,
1222 5125 1478 5199 ἄντικρυς
1514 5126 1865 5199 ἀνθρωπείων
1891 5129 1970 5180 αί-

399 5216 583 5286 μάτων
608 5216 745 5286 ὑπὲρ
774 5217 951 5268 πᾶσαν
984 5215 1185 5288 θηρίων
1211 5219 1368 5288 φύσιν
1391 5219 1670 5290 διψῶντες,
1701 5221 1795 5272 κα)⁵
1817 5219 1967 5277 οὐδὲν

395 5307 522 5362 ἀλλο
558 5307 593 5380 ἥ
640 5309 942 5379 αἰμοπότας
981 5311 1072 5362 καὶ
1109 5310 1556 5386 ἀνθρωποϐόρους
1594 5313 1868 5376 ἀπωλείας
1906 5330 1966 5367 τε

397 5400 582 5470 φίλους
606 5397 742 5456 εἷναι
776 5406 915 5473 σφᾶς
947 5405 1144 5469 αὐτοὺς
1163 5405 1570 5477 ὰπελέγχοντες.
1608 5409 1677 5460 Ἢ
1705 5407 1907 5476 λεγέτω
1937 5408 1966 5460 6

397 5491 736 5565 βουλόμενος,
772 5497 820 5548 εί
865 5496 976 5566 ἔχοι
1020 5498 1213 5568 σεμνόν
1247 5515 1298 5550 τι
1329 5501 1422 5553 καὶ
1457 5501 1655 5571 ἀρετῆς
1686 5500 1834 5565 ἄξιον
1855 5503 1964 5556 τῶν

393 5582 730 5656 δηλουμένων
758 5587 1094 5660 ὲπιδεῖξαι,ἢ
1128 5591 1383 5660 μαντείας
1413 5593 1509 5646 καὶ
1531 5595 1861 5666 προρρήσεις
1884 5598 1964 5659 εἰς
2012 5593 2022 5608 ‘

397 5690 502 5742 πᾶν
530 5690 679 5758 γένος
705 5691 802 5744 ἀνθ
813 5691 1006 5763 ρώπων
1036 5699 1432 5763 συντεινούσας,
1463 5697 1496 5768 ἣ
1519 5700 1714 5768 νόμους
1736 5701 1826 5756 καὶ
1861 5720 1960 5756 πο-

393 5782 602 5846 λιτικὰς
623 5784 911 5854 διατάξεις,
936 5789 1056 5844 καθ’
1083 5789 1175 5856 οῦς
1196 5793 1333 5864 χρῆν
1358 5794 1503 5865 βιοῦν
1532 5797 1735 5864 πάντας
1760 5801 1962 5872 ἀνθρώ-

2095 3288 2250 3333 antea
2278 3279 2709 3336 demonstratum
2747 3283 2840 3348 sit,
2875 3283 3091 3338 illorum
3126 3301 3296 3355 genus
3330 3285 3535 3341 foedum
3566 3288 3669 3343 im-

2092 3371 2465 3443 mundumque
2486 3392 2630 3443 esse,
2655 3392 2721 3431 ex
2761 3391 2826 3432 eo
2855 3377 3000 3448 quod
3030 3379 3287 3435 obscenis
3327 3395 3393 3434 ac
3421 3380 3664 3448 lascivis,

2089 3463 2252 3536 205.
2282 3481 2401 3538 quae
2441 3467 2508 3523 de
2539 3468 2676 3539 ipsis
2698 3469 2963 3533 ferantur,
2999 3473 3230 3528 canticis
3256 3472 3492 3544 gaudere
3535 3489 3668 3528 con-

2090 3560 2401 3626 sueverint;
2431 3561 2559 3616 item
2599 3563 2816 3634 hymnis
2863 3580 2927 3621 ac
2957 3564 3221 3621 fabulosis
3257 3569 3666 3625 narrationibus

2088 3651 2443 3724 historiisque
2483 3650 2798 3712 inhon'estis
2842 3672 2907 3712 ac
2951 3658 3297 3727 perniciosis,
3347 3674 3486 3732 quas
3515 3662 3663 3732 quod

2085 3753 2275 3796 contra
2309 3746 2519 3815 seipsos
2562 3756 2714 3802 ratas
2743 3749 3054 3814 habuerint,
3099 3761 3151 3805 et
3197 3760 3454 3821 tanquam
3502 3767 3662 3807 voras

2086 3839 2582 3907 comprobaverint,
2615 3841 2727 3912 jam
2759 3842 2918 3911 plane
2938 3842 3213 3912 redarguti
3238 3853 3388 3898 sunt.
3416 3843 3662 3914 Denique

2085 3929 2304 3985 illorum
2348 3931 2541 3990 inertis
2575 3934 2970 4005 imbecillasque
3003 3942 3212 3989 naturae
3254 3935 3550 3990 maximum
3579 3951 3661 3990 ar-

2083 4034 2419 4094 gumentum,
2461 4027 2606 4098 quod
2639 4028 2904 4083 exstincta
2927 4030 3033 4084 sint
3071 4028 3314 4093 oracula,
3342 4043 3517 4099 neque
3544 4043 3660 4082 am-

2083 4118 2227 4188 plius
2254 4127 2328 4174 ut
2359 4119 2488 4174 olim
2522 4121 2918 4192 respondeant;
2953 4129 3007 4178 et
3055 4122 3326 4178 exstincta
3359 4137 3468 4177 non
3521 4122 3656 4177 alias

2081 4229 2246 4284 quam
2277 4215 2378 4270 sub
2405 4215 2698 4271 adventum
2741 4214 3041 4271 Salvatoris
3065 4215 3238 4272 nostri
3267 4213 3397 4272 Jesu
3426 4213 3653 4280 Christi;

2079 4323 2145 4362 ex
2173 4321 2282 4377 quo
2310 4306 2455 4362 enim
2493 4307 2641 4362 illius
2671 4307 2726 4361 in
2768 4322 2958 4363 omnes
2985 4315 3174 4379 gentes
3208 4305 3536 4378 evangelista
3564 4304 3655 4361 do-

2080 4402 2271 4456 ctrinae
2299 4402 2606 4470 penetravit
2634 4400 2883 4466 verbum,
2915 4416 2982 4456 ex
3008 4401 3100 4455 illo
3133 4400 3261 4455 item
3300 4400 3522 4455 oracula
3562 4398 3655 4454 de-

2082 4493 2350 4560 fecerunt,
2375 4503 2430 4549 et
2453 4494 2761 4549 daemonum
2788 4502 2991 4548 mortes
3034 4503 3426 4547 memorantur.
3459 4491 3652 4547 Omnia

2065 4571 2242 4657 igitur
2269 4587 2386 4642 haec
2419 4593 2473 4641 et
2501 4585 2919 4641 innumerabilia
2941 4586 3042 4639 alia
3066 4585 3152 4640 his
3181 4585 3376 4640 similia
3408 4584 3648 4644 fuerunt.

2075 4696 2143 4736 ex
2187 4680 2388 4752 quibus
2435 4680 2593 4744 illos,
2639 4678 2707 4734 de
2755 4677 2956 4749 quibus
3001 4694 3146 4733 nunc
3199 4679 3429 4751 agimus,
3477 4679 3650 4732 malos

2075 4787 2195 4827 esse
2224 4771 2497 4827 daemones
2520 4770 2836 4842 Evangelica
2869 4770 3200 4840 Prwparatio
3231 4769 3643 4827 demonstravit.

2075 4863 2231 4929 Quod
2265 4864 2310 4918 si
2344 4863 2485 4919 tales
2533 4864 2656 4919 illos
2685 4879 2807 4920 esse
2841 4865 2953 4935 jam
2986 4873 3220 4933 constat,
3247 4880 3367 4935 qua:
3389 4863 3528 4916 ratio
3553 4879 3649 4916 un-

2073 4972 2235 5025 quam
2268 4955 2568 5024 obtinebit,
2597 4965 2657 5013 ut
2684 4959 2921 5028 supremi
2958 4957 3052 5014 Dei
3085 4958 3206 5013 illas
3235 4957 3406 5014 fuisse
3434 4957 3648 5012 divina-

2071 5051 2246 5107 tiones
2273 5066 2616 5117 censeamus,
2649 5069 2770 5124 quae
2809 5052 3114 5108 daemonum
3147 5061 3324 5108 sortes
3350 5051 3645 5123 perhiben-

2069 5159 2178 5214 tur,
2207 5156 2302 5203 aut
2327 5164 2446 5219 quae
2475 5149 2542 5204 de
2576 5149 2684 5204 illis
2714 5148 2987 5211 feruntur,
3014 5147 3107 5202 Dei
3133 5147 3522 5218 prophetarum
3553 5163 3647 5202 va-

2065 5239 2422 5295 ticiniisesse
2452 5238 2861 5309 comparanda?
2885 5237 3165 5293 Caeterum
3202 5236 3390 5306 quanti
3423 5235 3643 5292 tandem
3693 5303 3696 5307 _

2067 5333 2284 5387 illorum
2327 5331 2707 5402 praedictiones
2765 5329 3046 5394 faciendae,
3103 5343 3259 5398 quas,
3311 5343 3436 5382 cum
3497 5335 3644 5384 starc

2065 5427 2408 5489 videbantur,
2444 5425 2852 5482 sciscitantibus
2884 5422 3324 5495 respondebant?
3351 5421 3544 5477 Nonne
3576 5423 3643 5478 de

2067 5521 2369 5577 inhonestis
2407 5529 2570 5592 atque
2607 5519 2905 5575 humilibus
2945 5526 3000 5574 et
3042 5518 3244 5573 nullius
3291 5519 3451 5588 pretii
3484 5519 3638 5582 vinis,

2064 5615 2360 5685 pugilibus,
2411 5615 2643 5684 exempli
2679 5614 2887 5683 gratia,
2932 5620 3025 5666 aut
3076 5611 3200 5668 aliis
3242 5613 3443 5668 talibus
3485 5612 3638 5668 reddi

2065 5707 2256 5763 solitas
2290 5706 2560 5770 novimus,
2600 5720 2740 5776 quos
2783 5705 3000 5775 quidem
3047 5703 3298 5761 homines
3349 5705 3638 5761 sacriﬁciis

2061 5801 2341 5859 honestari
2373 5800 2674 5872 iubebant?
2703 5799 2894 5866 Qualia
2927 5815 3092 5869 porro
3121 5813 3241 5871 quae
3271 5799 3340 5854 de
3385 5796 3639 5853 numanis
