4126 6458
416 387 521 443 359
999 379 1088 434 ΕΙ]
1097 377 1269 434 SEBII
1308 374 1795 432 (ΞίΕΞΑΙίΙΕΝδιε
1830 373 1982 429 OPP.

2109 370 2219 428 RS.
2259 370 2324 427 ll.
2366 402 2436 412 -—
2469 368 2972 432 APOLOGETICA.
3580 375 3684 431 540

419 502 656 557 victimis
696 500 966 561 feruntur,
1001 493 1508 576 censenda?i3apnt
1549 494 1695 549 enim
1728 494 1830 549 hoc
1874 509 1995 549 om-

2104 508 2259 555 πούς,
2303 490 2747 563 διαγορευούσας,
2788 489 2822 559 ἢ
2861 486 3177 557 φιλοσοφίας
3208 488 3459 559 δόγματά
3488 504 3551 542 τε
3590 490 3687 543 καὶ

418 595 572 648 nium
619 606 807 648 eorum
847 604 970 661 qua:
1015 588 1164 644 diota
1193 596 1359 643 sunt:
1393 604 1525 642 num
1573 588 1741 658 igitur
1781 587 1892 641 ulla
1935 602 1995 642 re

2104 582 2399 654 μαθήματα
2420 582 2556 654 πρὸς
2571 581 2681 635 τῶν
2700 580 2839 635 θεῶν
2859 578 3276 651 προδεϐλημένα
3298 582 3412 644 τοῖς
3427 582 3688 651 ἐρασταῖς

421 698 591 756 prava
629 683 810 737 locum
854 695 1008 735 nova:
1049 678 1375 735 absurditati
1421 677 1799 749 reliquerunt?
1838 673 1995 743 Quod

418 774 467 830 si
492 773 582 830 isti
607 772 885 826 hominum
912 776 1352 831 conservatores,
1379 776 1432 822 et
1456 767 1530 821 dii
1552 775 1607 821 et
1635 765 1762 820 boni
1795 764 1998 819 daemo-

419 880 540 929 nes,
578 863 671 934 qui
710 862 778 917 ad
808 876 867 916 se
895 860 1217 931 suppliciter
1243 867 1299 914 et
1326 874 1450 915 cum
1480 858 1682 928 pietate
1711 855 1995 927 confugie.

419 963 570 1021 nant,
605 969 700 1010 eos
749 968 1091 1024 quaecunque
1137 950 1461 1008 charissima
1512 950 1797 1014 haberent,
1840 948 1999 1019 quasi

420 1048 645 1117 reliquis
682 1045 883 1102 similia
915 1060 1116 1116 pecora
1160 1052 1402 1100 mactare
1444 1043 1805 1112 imperabant,
1836 1042 1998 1113 plana

417 1139 565 1211 quod
593 1138 818 1194 humani
858 1138 1150 1208 sanguinis
1200 1152 1363 1207 supra
1395 1151 1611 1192 omnem
1642 1136 1869 1191 ferinam
1900 1149 1999 1189 na-

419 1244 599 1289 turam
633 1232 922 1297 sitibundi,
947 1245 1125 1301 neque
1154 1230 1452 1301 quidquam
1477 1228 1624 1283 aliud
1655 1243 1818 1299 quam
1844 1234 2000 1298 poto-

417 1341 507 1383 res
540 1324 826 1396 sanguinis
857 1330 913 1379 et
954 1322 1307 1379 devoratores
1337 1323 1618 1377 hominum
1650 1322 2002 1391 perditionis-

2100 675 2436 744 φιλοσοφίας.
2454 673 2593 726 Ἀλλ’
2609 674 2709 727 οὐκ
2724 672 2791 727 ἂν
2806 671 2918 744 ἔχοι
2931 688 3014 735 τις
3032 672 3195 740 φάναι
3205 672 3447 727 τοιοῦτον
3464 672 3685 727 πώποτε

2100 765 2377 837 ὑπῆρχθαι
2400 764 2480 836 τῷ
2507 764 2606 837 βίῳ
2631 766 2697 818 ἐκ
2716 764 2823 820 τῶν
2871 762 3211 836 περιϐοήτων
3230 762 3602 835 χρηστηρίων.
3620 763 3685 820 Ei

2100 856 2209 928 γάρ
2226 852 2295 927 ἦν
2312 856 2506 920 ταῦτα,
2530 858 2630 910 οὐκ
2666 855 2732 910 ἂν
2766 855 3044 927 διαφόροις
3068 855 3369 926 ἐχρήσαντο
3393 855 3488 908 καὶ
3512 871 3683 925 μαχο-

2103 949 2284 1020 μένοις
2298 949 2482 1019 νόμοις
2508 947 2604 1002 ἄνθ
2613 964 2783 1019 ρωποι
2800 946 2905 1000 ὑπὸ
2926 946 3066 1000 θεῶν
3083 946 3551 1018 νομοθετούμενοι·
3572 944 3683 1000 θεολ

2099 1040 2209 1113 γὰρ
2224 1041 2374 1105 ὄντες
2388 1042 2483 1095 καὶ
2500 1041 2711 1109 ἀγαθοὶ,
2730 1039 2847 1104 πῶς
2861 1041 2961 1113 οὐκ
2978 1041 3043 1093 ἂν
3053 1041 3167 1103 τοῖς
3182 1040 3364 1104 αὐτοῖς
3381 1041 3684 1113 ἐχρήσαντο

2099 1130 2464 1205 διατάγμασι;
2497 1132 2615 1196 πῶς
2638 1133 2684 1187 δ’
2706 1133 2826 1203 οὐχὶ
2848 1134 2970 1196 ταῖς
2999 1129 3240 1203 σώφροσι
3280 1133 3375 1186 καὶ
3409 1132 3683 1187 δικαιοτά-

2098 1244 2221 1291 ταις
2275 1226 2650 1298 νομοθεσίαις;
2699 1226 2796 1291 Τίς
2826 1220 2919 1280 οὖν
2952 1224 3047 1279 τοῦ
3081 1225 3336 1292 Σόλωνος,
3373 1225 3406 1297 ἢ
3441 1226 3682 1297 Δράκον-

2099 1338 2232 1386 τος,
2276 1322 2310 1393 ῆ
2348 1320 2457 1375 τῶν
2499 1320 2673 1376 ἄλλων
2705 1318 3010 1391 ἀνθρώπων
3048 1318 3273 1392 Ἕλλησί
3325 1337 3385 1373 τε
3420 1322 3516 1375 καὶ
3548 1320 3683 1394 βαρ-

418 1429 526 1487 que
558 1413 721 1468 amici
766 1420 974 1473 essent,
1016 1411 1236 1482 ipsimet
1282 1409 1640 1466 declarabant
1673 1426 1686 1464 :
1718 1417 1814 1465 aut
1854 1410 2002 1465 dicat

2104 1410 2290 1486 δάροις
2333 1412 2635 1485 νομοθετῶν
2671 1413 2828 1486 χρεία
2861 1409 2950 1487 ῆν,
3000 1413 3139 1469 θεῶν
3177 1414 3344 1481 ἐγγὺς
3376 1412 3678 1485 παρόντων,

418 1505 551 1560 mihi
580 1519 715 1561 sane
741 1503 946 1575 quivis,
978 1517 1110 1557 num
1140 1502 1209 1561 de
1245 1502 1355 1558 illis
1388 1502 1563 1573 possit
1591 1503 1805 1559 honesti
1836 1502 1999 1574 quid-

420 1602 588 1673 piam,
615 1603 712 1651 aut
743 1594 891 1665 quod
918 1609 1046 1650 cum
1078 1594 1278 1650 virtute
1301 1595 1656 1665 conjunctum
1688 1597 1781 1661 sit,
1814 1603 2002 1652 osten-

416 1691 589 1746 dere:
632 1695 727 1743 aut
772 1686 1170 1752 divinationes,
1223 1702 1287 1743 ac
1330 1687 1733 1758 praadictiones,
1769 1704 1891 1760 quae
1929 1689 1998 1745 ad

418 1797 582 1837 omne
630 1780 915 1841 hominum
958 1794 1137 1851 genus.
1165 1780 1571 1849 spectaverint:
1605 1790 1700 1835 aut
1722 1781 1891 1852 leges,
1915 1783 2001 1836 in-

2105 1510 2200 1563 καὶ
2224 1506 2312 1561 διὰ
2330 1506 2441 1561 τῶν
2467 1508 2730 1580 χρησμῶν
2760 1509 3190 1581 διαταττομένων
3203 1508 3272 1562 τὰ
3297 1508 3482 1563 δέοντα
3501 1525 3515 1574 ;
3534 1509 3597 1562 Ei
3621 1509 3682 1562 δὲ

2100 1600 2165 1673 δὴ
2182 1602 2315 1673 φαίη
2339 1618 2424 1665 τις
2440 1602 2637 1665 αὐτοὺς
2662 1604 2757 1656 καὶ
2777 1603 2885 1657 οὐδ’
2921 1601 2999 1674 (ι)
3023 1602 3214 1666 ἄλλους
3235 1596 3376 1655 εἶναι
3406 1601 3533 1665 τοὺς
3558 1599 3679 1654 καθ’

2101 1696 2335 1750 ἕκαστον
2361 1694 2512 1758 ἔθνος
2533 1694 2836 1768 ἀνθρώπων
2867 1694 3312 1767 νομοθετοῦντας,
3336 1697 3431 1749 καὶ
3463 1695 3546 1760 τίς
3570 1691 3681 1767 ἆρα

2103 1791 2309 1854 ἐκεῖνος
2341 1792 2435 1845 καὶ
2469 1791 2734 1855 ποταπὸς,
2756 1790 2982 1856 εἰπάτω,
3010 1790 3150 1856 θεὸς,
3184 1792 3213 1845 ὁ
3235 1789 3489 1854 Σκύθαις,
3525 1790 3678 1861 φέρε,

419 1874 844 1944 stitutionesque
865 1872 1073 1939 civiles,
1113 1888 1235 1944 quae
1264 1887 1374 1942 quo
1409 1872 1572 1927 modo
1601 1887 1792 1929 omnes
1825 1874 2002 1928 homi-

2105 1879 2542 1952 άνθρωποόορεῖν
2579 1879 2990 1951 διαταξάμενος,
3025 1880 3058 1951 ἢ
3092 1882 3120 1934 ὁ
3168 1880 3438 1952 μητράσιν
3478 1880 3681 1953 ἑτέροις

420 1982 521 2022 nes
548 1969 730 2022 vivere
763 1972 1033 2037 oporteat,
1070 1965 1473 2036 praeceperint:
1510 1974 1603 2019 aut
1643 1964 2001 2034 philosophia

419 2060 641 2116 decreta
687 2074 750 2114 ac
783 2058 1124 2129 disciplinas,
1166 2073 1290 2128 qua:
1337 2058 1699 2128 philosophiae
1739 2057 2003 2112 amatori-

421 2154 525 2209 bus
564 2152 633 2206 ab
663 2151 798 2222 ipsis
825 2151 932 2206 diis
966 2166 1206 2221 unquam
1250 2150 1531 2220 proposita
1563 2148 1766 2204 fuerint
1804 2167 1817 2203 :
1852 2149 2004 2220 atqui

420 2260 581 2300 nemo
634 2251 719 2301 est
759 2244 853 2315 qui
897 2242 1070 2315 possit
1090 2241 1363 2297 aﬂirmare
1402 2243 1510 2298 tale
1562 2257 1801 2314 unquam
1840 2241 2002 2313 quid-

417 2352 582 2409 quam
624 2338 708 2392 vel
752 2337 1239 2401 celeberrimorum
1298 2336 1647 2392 oraculorum
1700 2335 2000 2401 beneﬁcio,

417 2426 578 2506 305
605 2428 729 2483 vitae
753 2427 1036 2491 hominum
1072 2427 1414 2500 contigisse;
1450 2443 1579 2483 nam
1614 2429 1659 2483 si
1702 2426 1834 2482 talia
1860 2426 2001 2482 fuis-

419 2530 561 2586 sent,
595 2536 875 2591 nunquam
908 2519 1178 2585 homines,
1203 2520 1403 2590 quibus
1424 2536 1456 2574 a
1482 2519 1590 2576 diis
1616 2520 1761 2591 leges
1789 2518 2003 2573 traditae

419 2618 570 2675 sunt,
615 2610 848 2666 diversis
890 2611 975 2671 usi
1004 2618 1193 2666 essent
1225 2618 1391 2681 atque
1424 2611 1568 2665 inter
1614 2626 1674 2666 se
1710 2610 2004 2681 pugnanti-

418 2704 523 2759 hus
571 2703 785 2773 legibus
816 2722 829 2757 :
863 2717 990 2756 nam
1037 2702 1131 2773 qui
1180 2702 1255 2756 dii
1285 2710 1471 2757 essent
1504 2711 1562 2757 et
1603 2703 1681 2758 dii
1726 2702 1875 2767 boni,
1909 2702 2004 2772 qui

421 2794 537 2850 ﬁeri
569 2802 754 2867 posset
794 2804 853 2848 ιιι
885 2809 992 2849 non
1026 2795 1198 2865 aquis
1228 2793 1667 2853 institutionibus
1694 2803 1997 2861 uterentur,

417 2902 589 2963 quare
630 2895 812 2941 autem
860 2901 974 2940 non
1021 2886 1443 2942 modestissimis
1480 2902 1545 2942 ac
1575 2886 1900 2958 iustissimis
1926 2887 2005 2943 le-

414 2964 614 3052 gibus?
671 2977 808 3046 Quis
858 2993 989 3049 ergo
1045 2987 1139 3033 aut
1179 2976 1417 3043 Solonis,
1452 2986 1548 3035 aut
1588 2978 1878 3044 Draconis,
1912 2986 2006 3037 aut

420 3070 648 3127 aliorum
690 3067 783 3140 qui
822 3068 907 3122 vel
950 3066 1153 3123 Griecis
1190 3067 1275 3123 vel
1311 3069 1563 3133 barbaris
1615 3071 1763 3142 leges
1798 3069 2009 3126 descri-

422 3162 650 3232 pserint,
683 3178 818 3219 usus
853 3162 1069 3229 fuisset,
1110 3178 1233 3219 cum
1268 3163 1325 3217 in
1362 3163 1611 3233 proximo
1640 3164 1894 3220 adessent
1925 3163 2003 3219 dii

418 3255 515 3320 qui
542 3255 783 3311 oraculis
812 3263 1038 3326 possent
1072 3271 1195 3326 quae
1238 3255 1466 3311 honesta
1496 3264 1551 3310 et
1581 3256 1892 3312 necessaria
1918 3257 2002 3311 vi-

418 3354 633 3417 derent,
681 3349 1015 3421 praecipere?
1056 3348 1216 3415 Quod
1252 3349 1299 3404 si
1332 3349 1457 3420 quis
1504 3348 1651 3403 dicat
1691 3350 1851 3419 plane
1878 3348 2001 3405 illos

420 3443 570 3512 ipsos
611 3458 723 3496 non
757 3442 894 3499 alios
920 3441 1109 3507 fuisse,
1142 3442 1235 3512 qui
1276 3457 1373 3512 per
1399 3442 1650 3512 singulas
1685 3449 1874 3511 gentes
1903 3442 2004 3497 ho-

418 3522 658 3590 minibus
688 3533 833 3604 leges
861 3533 1128 3601 dederint,
1153 3534 1299 3588 dicat
1340 3533 1527 3597 etiam,
1570 3548 1777 3604 quaeso,
1811 3534 2002 3604 ecquis

420 3629 511 3692 ille
540 3638 633 3684 aut
657 3629 967 3698 cujusmodi
998 3627 1341 3696 lueritdeus,
1368 3630 1467 3698 qui
1487 3625 1741 3699 Scythas,
1768 3627 2002 3698 exempli

418 3720 616 3789 pratia,
636 3720 898 3776 devorare
927 3719 1181 3776 homines
1218 3719 1490 3782 docuerit,
1527 3726 1621 3773 aut
1653 3720 1747 3790 qui
1775 3719 2005 3774 nonnul-

420 3816 486 3880 lis
521 3814 673 3887 leges
696 3813 927 3878 dederit,
984 3821 1043 3868 ut
1067 3812 1338 3869 matribus
1369 3828 1433 3868 ac
1461 3812 1678 3869 ﬁliabus
1706 3812 2002 3867 misceren-

418 3917 528 3977 tur,
559 3918 654 3964 aut
690 3908 786 3980 qui
823 3924 919 3966 eos
951 3910 1040 3981 qui
1085 3910 1522 3974 consenuissent,
1572 3907 1802 3963 canibus
1835 3907 2004 3978 proji-

420 4020 563 4069 cere,
594 4004 764 4075 quasi~
787 4019 902 4062 rem
937 4003 1136 4059 bonam
1176 4002 1546 4073 imperaverit,
1580 4011 1675 4056 aut
1706 4002 1799 4071 qui
1842 4016 2001 4055 soro-

422 4110 509 4150 res
560 4094 765 4151 habere
812 4094 869 4148 in
914 4094 1265 4149 matrimonio
1313 4093 1650 4167 permiserit,
1695 4100 1789 4147 aut
1821 4107 2003 4149 mares

418 4186 1064 4245 maribuscommisceri.
1094 4186 1162 4243 Et
1182 4187 1313 4259 quid
1341 4202 1427 4242 me
1467 4195 1707 4259 Oportet,
1734 4186 2005 4241 narratio~

421 4294 530 4335 nes.
555 4295 587 4332 a
626 4279 839 4350 legibus
876 4286 931 4334 et
971 4281 1118 4335 omni
1153 4281 1279 4351 jure
1310 4282 1521 4347 alienas
1565 4281 1633 4337 de
1666 4280 1735 4336 iis
1764 4295 1886 4350 quae
1913 4286 2006 4333 aut

420 4368 564 4450 apud
588 4366 827 4436 Graecos,
859 4378 952 4425 aut
974 4370 1118 4444 apud
1152 4371 1419 4428 barbaros
1447 4370 1663 4437 ﬁerent,
1688 4385 2002 4438 numerare,

422 4466 483 4523 ut
506 4466 759 4519 auctores
786 4463 910 4519 illos
934 4465 1282 4519 oraculorum
1314 4463 1616 4529 mirabiles,
1644 4463 1787 4534 apud
1818 4473 1999 4520 utros-

2104 1972 2200 2026 καὶ
2225 1971 2529 2044 θυγατράσι
2568 1972 2858 2044 μίγνυσθαι
2883 1970 3271 2043 νομοθετήσας,
3310 1971 3341 2042 ἢ
3370 1975 3399 2025 ό
3430 1974 3558 2025 κυσὶ
3579 1989 3682 2025 πα-

2109 2063 2394 2136 ραϐάλλειν
2438 2065 2566 2127 τοὺς
2605 2063 3002 2136 γεγηρακότας,
3059 2064 3134 2127 ὼς
3180 2062 3400 2130 ἀγαθὸν,
3435 2061 3680 2114 διατετα⁸

2101 2156 2321 2227 γμένος,
2360 2156 2393 2228 ἢ
2430 2159 2459 2211 ὁ
2497 2155 2791 2229 ἐπιτρέψας
2822 2154 3056 2225 ἀδελφὰς
3091 2158 3284 2226 γαμεῖν
3326 2154 3418 2207 καὶ
3444 2154 3676 2225 ἄρρενας

2102 2249 2327 2321 ἄρρεσιν
2361 2249 2779 2320 ἐπιμίγνυσθαις
2803 2250 2913 2303 Καὶ
2946 2249 2998 2302 τί
3035 2266 3101 2319 με
3121 2248 3200 2301 δεῖ
3220 2247 3345 2310 τοὺς
3374 2246 3672 2317 ἐκθέσμους

2101 2341 2211 2396 τῶν
2248 2343 2381 2415 παρ’
2408 2342 2633 2413 Ἕλλησι
2669 2342 2763 2395 καὶ
2797 2342 3094 2415 βαρϐάρως
3126 2340 3313 2409 λόγους
3345 2339 3672 2411 ἀπαριθμεῖν

2103 2435 2184 2498 είς
2215 2433 2434 2504 ἔλεγχον
2453 2432 2549 2487 τοῦ
2585 2434 2657 2504 μὴ
2686 2433 2840 2498 θεοὺς
2865 2433 3168 2503 γεγονέναι,
3200 2432 3465 2505 πονηροὺς
3494 2431 3550 2484 δὲ
3582 2431 3679 2486 καὶ

2104 2527 2417 2598 ἀλιτηρίους
2468 2524 2751 2597 δαίμονας,
2796 2530 2924 2589 τοὺς
2966 2524 3311 2597 θαυμαστοὺς
3344 2523 3522 2579 αὐτῶν
3546 2539 3682 2595 χρη-

2107 2618 2388 2689 σμοδότας,
2425 2618 2518 2671 ἐπὶ
2568 2616 2640 2672 τά
2679 2617 2833 2689 παρὰ
2864 2616 3026 2688 φύσιν
3074 2619 3403 2690 ἀτοπηματα
3434 2617 3497 2671 τὸ
3534 2633 3685 2689 τρισυ

2103 2709 2287 2765 άθλιον
2318 2709 2425 2765 τῶν
2474 2710 2774 2781 ἀνθρώπων
2806 2709 2959 2780 γένος
2992 2708 3497 2780 καταϐεϐληκόταςς
3529 2707 3681 2764 ὁπότ’

2105 2799 2215 2853 οὐδ’
2256 2802 2306 2854 οί
2364 2803 2497 2873 παρ’
2538 2800 2761 2872 Ἕλλησι
2808 2799 3124 2872 βεϐοημένοι
3173 2797 3285 2850 θεοὶ
3330 2799 3424 2851 καὶ
3458 2798 3680 2868 μάντεις

2102 2894 2425 2967 ὀνησιφόρον
2457 2913 2510 2949 τι
2544 2897 2638 2949 καὶ
2662 2895 2936 2960 λυσιτελὲς
2968 2897 3046 2961 εἰς
3070 2895 3249 2967 ψυχῆς
3280 2892 3545 2961 ὠφέλειαν
3567 2893 3680 2955 τοῖς

2106 2987 2408 3058 χριομένοις
2448 2987 2859 3042 ἀποδείκνυνται
2899 2988 3321 3060 παρεσχημένοι.
3352 2986 3416 3039 Τί
3450 2984 3560 3056 γὰρ
3582 2983 3680 3055 δή-

2107 3096 2238 3133 ποτε
2293 3081 2686 3146 καταλιπόντες
2732 3081 2922 3154 ἄνδρες
2955 3081 3214 3153 ’Έλληνες
3258 3078 3354 3152 τὴν
3406 3078 3464 3145 ἐξ
3504 3076 3684 3132 αὐτῶν

2105 3172 2393 3242 ὠφέλειαν,
2434 3175 2528 3228 ἐπὶ
2569 3175 2667 3246 τὴν
2706 3174 2979 3247 βάρὸαρον
3015 3174 3323 3228 ἐστέλλοντο
3360 3172 3482 3243 γῆν,
3513 3175 3684 3242 ἐμπο-

2110 3263 2231 3334 ρίαν
2275 3263 2614 3336 μαθημάτων
2647 3264 2844 3332 ἔξωθέν
2885 3264 3048 3318 ποθεν
3083 3262 3472 3335 ἐρανιζόμενοι,
3510 3260 3683 3332 παρὸν

2103 3356 2442 3422 διδασκάλοις
2465 3360 2579 3423 τοῖς
2601 3358 2743 3423 θεοῖς
2773 3358 3039 3431 χρῆσθαι;
3070 3357 3216 3411 Θεῶν
3250 3355 3360 3427 γὰρ
3394 3354 3427 3426 ἢ
3454 3354 3548 3407 καὶ
3566 3353 3682 3405 δαι-

2106 3450 2282 3521 μόνων
2306 3452 2524 3521 ἀγαθῶν
2557 3452 3022 3524 χρηματιζόντων,
3050 3451 3146 3504 καὶ⁸
3178 3448 3307 3503 τοτὲ
3344 3447 3442 3518 μὲν
3466 3444 3551 3498 διὰ
3583 3443 3689 3514 τῆς

2104 3545 2464 3619 προγνώσεως
2503 3547 2596 3599 καὶ
2634 3545 2734 3615 τῆς
2781 3543 2947 3616 ἄλλης
2984 3541 3437 3614 παραδοξοποιίας
3473 3538 3570 3611 τὴν
3603 3537 3685 3592 οί⁸

2103 3642 2256 3696 κείαν
2291 3640 2518 3709 δύναμιν
2557 3636 3029 3708 παραφαινόντων,
3066 3633 3187 3687 τοτὲ
3211 3633 3267 3687 δέ
3286 3632 3375 3687 διὰ
3408 3634 3507 3705 τῆς
3529 3632 3682 3687 ἀδια-

2103 3731 2314 3787 πτώτου
2347 3730 2455 3783 τῶν
2495 3729 2831 3801 μαθημάτων
2870 3725 3126 3798 ἀληθείας
3157 3726 3255 3795 τὴν
3281 3723 3453 3795 ἀληθῆ
3490 3723 3687 3792 σοφίαν

2102 3822 2547 3884 ἐκδιδασκόντων,
2583 3820 2636 3873 τί
2668 3820 2784 3873 ποτ’
2813 3814 2880 3891 ἦν
2913 3818 3021 3890 ἄρα
3045 3817 3107 3870 τὸ
3149 3816 3223 3888 μὴ
3253 3812 3463 3878 τούτοις
3504 3812 3683 3885 μαθη-

2101 3914 2358 3985 τευθῆναι
2397 3913 2701 3983 φιλοσόφων
2734 3912 2949 3977 παῖδας,
2984 3910 3158 3965 ἄλλων
3194 3908 3252 3963 δὲ
3292 3909 3385 3963 ἀπ’
3408 3906 3568 3962 ἄλλου
3593 3906 3682 3960 δο-

2103 4006 2328 4077 γμάτων
2360 4005 2520 4059 τινῶν
2546 4002 2786 4068 ἐπινοίας
2810 4002 3203 4076 ποριζομένων,
3237 4004 3301 4056 ἐκ
3333 4000 3433 4071 τῆς
3468 3999 3685 4071 μακρᾶς

2104 4097 2399 4166 διαφωνίας
2446 4096 2696 4160 ποικίλας
2740 4094 2983 4167 αἱρέσεις
3028 4092 3333 4164 φιλοσόφων
3381 4091 3685 4160 συστῆναιε

2117 4187 2256 4241 Ἀλλ’
2301 4190 2351 4241 εἰ
2392 4186 2467 4259 μὴ
2510 4190 2796 4259 προσεῖχον
2821 4186 3007 4249 αὐτοῖς
3036 4184 3088 4237 οἱ
3114 4182 3301 4237 πολλοὶ
3332 4182 3441 4235 τῶν
3476 4179 3686 4252 ἀνθρώ-

2106 4297 2244 4345 πων,
2273 4280 2399 4343 τοὺς
2424 4279 2669 4343 εὐσεϐεῖς
2700 4272 2856 4332 δὀὖν
2880 4274 2977 4330 καὶ
3018 4273 3160 4337 θεοῖς
3188 4273 3512 4346 προσιόντας
3544 4272 3683 4344 χρῆν

2103 4371 2277 4444 δήπου
2310 4370 2372 4424 τὸ
2403 4369 2737 4433 ἀδιάπτωτον
2774 4369 2840 4422 ἐκ
2867 4368 2969 4440 τῆς
2991 4365 3100 4420 τῶν
3122 4364 3259 4418 θεῶν
3284 4362 3555 4433 ὠφελείας
3582 4380 3681 4416 πε-

2106 4463 2381 4535 πορίσθαι.
2421 4459 2579 4523 Τίνες
2614 4453 2706 4523 οὖν
2737 4452 2918 4523 obeat;
2963 4455 3056 4520 οὒς
3082 4454 3191 4527 γάρ
3214 4454 3279 4509 ἂν
3311 4457 3438 4525 φῇς,
3461 4453 3685 4516 τούτους

422 4565 530 4620 que
575 4565 687 4606 non
727 4552 879 4619 deos,
933 4554 1026 4609 sed
1060 4570 1256 4629 pravos
1287 4570 1353 4609 ac
1391 4554 1687 4611 sceleratos
1728 4555 2002 4611 daamones

2109 4555 2466 4625 ἁπελέγχουσι
2510 4549 2895 4622 πλανωμένους
2934 4550 2984 4602 οί
3037 4547 3486 4614 άντιδοξάζοντες.
3527 4543 3688 4598 Ἀλλά

421 4641 595 4699 fuisse
616 4643 1026 4701 demonstrem?
1052 4647 1253 4719 quippe
1272 4649 1365 4720 qui
1389 4647 1827 4712 infelicissimum
1861 4665 2008 4703 mor—

421 4733 612 4795 talium
645 4748 840 4806 genus,
877 4735 932 4790 in
961 4738 1333 4809 absurditates
1373 4739 1441 4793 ab
1468 4741 1616 4805 omni
1655 4747 1850 4795 natura
1875 4740 2007 4794 alie-

422 4840 523 4881 nas
554 4826 889 4897 coniecerim
917 4830 1171 4899 :quando
1203 4845 1272 4888 ne
1303 4830 1380 4884 dii
1405 4831 1625 4901 quidem
1656 4832 1733 4886 illi
1758 4839 1811 4887 et
1832 4838 2004 4895 vates,

422 4918 514 4985 qui
549 4918 693 5000 apud
723 4919 944 4976 Graecos
981 4921 1118 4975 fama
1171 4923 1540 4989 celebrantur,
1573 4934 1632 4982 ut
1663 4924 2007 4981 conducibile

420 5010 718 5081 quidquam
750 5020 803 5069 et
828 5030 931 5069 suo
960 5014 1133 5084 pretio
1154 5015 1569 5093 testimandum,‘
1588 5018 1657 5073 ad
1678 5019 1871 5074 animae
1900 5019 2007 5073 uti-

423 5102 631 5158 litatem
669 5104 738 5159 iis
785 5105 1135 5169 tradiderint,
1168 5106 1262 5177 qui
1293 5107 1360 5163 ad
1404 5109 1627 5163 oracula
1658 5110 2003 5178 accederent,

422 5192 791 5263 demonstrari
820 5197 1075 5269 possint?
1102 5198 1216 5253 Cur
1248 5200 1394 5255 enim
1423 5217 1661 5272 unquam
1702 5201 1879 5259 Graeci
1905 5204 2006 5259 ho-

423 5276 620 5350 mines.
648 5272 841 5344 rellcto
863 5288 1083 5356 illorum
1131 5307 1258 5357 usu,
1296 5292 1585 5348 barbaram
1618 5302 1822 5356 terram
1853 5302 2006 5369 pete-

418 5397 479 5436 re
516 5381 668 5436 soliti
714 5389 879 5447 sunt,
930 5389 992 5448 ut
1036 5391 1401 5449 mercatorum
1445 5387 1651 5451 instar,
1686 5388 2016 5458 disciplinas,

420 5473 772 5529 extrinsecus
809 5473 1030 5530 allunde
1058 5477 1465 5547 conquirerent,
1504 5494 1628 5532 cum
1664 5479 1719 5533 in
1758 5481 2007 5549 proximo

418 5575 613 5621 essent
666 5565 745 5619 dii
791 5567 992 5638 quibus
1034 5568 1316 5643 magistris
1374 5572 1704 5627 uterentur?
1758 5569 1812 5625 Si
1862 5571 2005 5626 enim

418 5657 490 5711 dii
554 5666 648 5713 aut
694 5658 881 5714 etiam
929 5660 1059 5715 boni
1118 5662 1396 5730 daemones
1451 5663 1909 5735 respondissent,
1955 5671 2008 5718 et

420 5747 562 5804 alias
579 5749 797 5818 quidem
825 5750 1254 5810 divinationibus
1280 5757 1512 5825 aliisque
1534 5756 1814 5813 miraculis
1829 5762 2008 5812 osten-

496 5845 571 5918 (l)
620 5843 781 5903 Οὐδ’.
821 5842 983 5900 Forte
1017 5847 1137 5900 οὐκ.
1168 5844 1326 5907 Eon.

2109 4647 2237 4720 γὰρ,
2266 4647 2341 4710 ὼς
2375 4645 2539 4709 ἔοικε,
2569 4643 2840 4714 δαιμόνων
2866 4639 2935 4714 ἦν
2973 4640 3222 4715 μαντεία,
3260 4640 3421 4712 μέχρι
3453 4639 3686 4693 κλέπτου

2111 4741 2322 4813 φωρᾶς,
2351 4737 2384 4809 ἢ
2431 4735 2660 4800 σκεύους
2683 4734 2979 4803 ἀπωλείας,
3030 4737 3064 4808 ἡ
3088 4751 3234 4798 τινος
3258 4732 3416 4788 άλλου
3446 4730 3686 4785 τοιούτου

2110 4831 2398 4901 φθάνοντα,
2420 4823 2495 4882 ὧν
2526 4828 2627 4882 οὐκ
2660 4829 2885 4893 ἀπεικὸς
2915 4825 2982 4900 ἦν
3003 4827 3219 4891 αὐτοὺς,
3250 4826 3309 4878 ἐν
3338 4823 3417 4896 τῷ
3442 4823 3569 4894 περὶ
3585 4822 3688 4891 γῆν

2110 4924 2232 4997 ἀέρι
2264 4921 2363 4985 τὰς
2393 4919 2677 4993 διατριϐὰς
2703 4919 3080 4992 ποιουμένους,
3114 4918 3212 4990 τὴν
3234 4917 3436 4988 εἴδησιν
3457 4912 3690 4984 ἐσχηκέ-

2108 5035 2196 5079 ναι
2215 5035 2228 5048 ’
2270 5012 2435 5071 καλοῦ
2467 5014 2524 5067 δὲ
2575 5015 2669 5071 καὶ
2716 5013 2879 5091 σοφοῦ
2925 5012 3153 5085 μηδενὸς
3201 5008 3501 5080 ἐπηϐόλους
3550 5002 3691 5058 εἶναι

2108 5109 2375 5181 δόγματος
2422 5107 2731 5179 φιλοσόφου,
2793 5107 2867 5178 μὴ
2898 5105 3189 5169 πολιτείας,
3236 5101 3309 5173 μὴ
3344 5100 3505 5171 νόμου
3545 5094 3691 5168 όρθῷ

2108 5202 2251 5273 λόγῳ
2270 5201 2523 5272 κειμένου
2543 5218 2554 5230 ·
2582 5198 2781 5270 μᾶλλον
2808 5198 2886 5264 δὲ,
2908 5198 2956 5250 εί
2983 5196 3087 5269 χρὴ
3116 5192 3374 5264 ἐλευθέρᾳ
3406 5192 3555 5261 φωνῇ
3586 5189 3685 5240 τά·-

2108 5294 2269 5368 ληθὲς
2303 5295 2507 5369 εἰπεῖν,
2534 5293 2756 5356 τούτους
2787 5291 3032 5354 ἅπαντας
3054 5287 3397 5368 ἀρχεκάκους
3433 5280 3681 5356 ἡγεῖσθαι

2108 5389 2244 5459 χρῆν
2266 5386 2546 5459 γεγονέναι
2564 5401 2577 5414 ·
2600 5386 2651 5439 οἱ
2683 5384 2747 5457 δὴ
2778 5383 2906 5455 περὶ
2929 5381 3078 5452 σφῶν
3105 5378 3302 5442 αὐτῶν,
3329 5375 3571 5453 μοιχείας
3591 5372 3689 5426 καὶ

2109 5474 2516 5551 ἁρῤενομιξίας,
2568 5474 2951 5545 μητρογαμίας
3000 5488 3082 5533 τε,
3126 5468 3221 5522 καὶ
3261 5463 3500 5534 ἀδελφῶν
3530 5459 3692 5525 ἐκθέ-

2110 5588 2282 5644 σμους
2311 5568 2613 5633 κοινωνίας,
2639 5566 2733 5623 καὶ
2760 5564 2957 5637 μυρίας
2975 5563 3136 5626 άλλας
3164 5558 3475 5630 θεομαχίας,
3494 5552 3693 5624 ἔχθρας

2108 5683 2168 5719 τε
2225 5665 2318 5717 κα)⁸
2373 5662 2641 5733 πολέμους
2697 5660 2833 5714 θεῶν
2884 5658 3020 5730 πρὸς
3070 5654 3246 5717 θεοὺς,
3289 5648 3589 5721 ἀνθρώπων
3631 5663 3691 5699 τε

2110 5756 2274 5828 ᾠδαῖς
2326 5756 2418 5809 καὶ
2468 5753 2658 5825 ὕμνοις
2703 5753 2793 5806 καὶ
2836 5751 3151 5834 διηγήμασι,
3191 5743 3504 5817 μυστηρίων
3537 5755 3601 5811 τι,
3634 5740 3691 5807 ἐν
