4126 6418
441 428 541 485 ω

1311 417 1964 478 ΒΕΜΟΝδΤΙὶΑἸῚΟΝΙΞ
2001 414 2456 472 EVANGELICE
2495 414 2623 471 LIB.
2661 415 2727 473 Ὺ.

3570 422 3678 478 διε

438 549 764 619 ἀπορρήτοις
819 545 1056 609 τελεταῖς
1107 545 1367 615 λεγόντων
1421 542 1777 614 ἀκροώμενοι.
1822 542 2000 618 Οὐδεὶς

2109 541 2322 596 dissent
2359 532 2468 594 vim
2506 554 2691 608 suam,
2733 537 2869 594 alias
2903 554 3033 596 vero
3057 555 3126 597 ex
3158 540 3432 597 constanti
3482 549 3536 597 et
3580 559 3679 598 ne-

438 638 567 708 γοῦν
601 636 777 692 αὐτῶν
801 636 1019 691 πώποτε
1043 638 1133 690 ἐπὶ
1159 639 1270 698 τοῖς
1301 635 1628 707 εἰρημένοις,
1661 633 1736 695 ὡς
1761 633 1846 685 ἐπ’
1875 633 2003 685 ἀκο-

438 730 673 795 λάστοις,
724 731 817 783 καὶ
870 728 1005 801 μηδὲ
1052 728 1322 800 σώφροσιν
1370 724 1674 797 ἀνθρώποις
1705 722 2001 794 ἁρμόζουσι

440 820 654 892 φρονεῖν
685 819 717 890 ἢ
750 818 925 887 λέγειν
957 818 1025 871 τὰ
1048 817 1289 881 τοιαῦτα,
1323 816 1707 885 ἀγανακτήσας
1735 814 1996 884 φαίνεται.

440 914 548 967 Καὶ
577 913 629 966 τί
656 928 721 983 με
749 911 855 983 χρὴ
882 911 1258 974 διατείνεσθαι,
1292 910 1464 981 παρὸν
1488 908 1547 973 ἐξ
1572 908 1692 972 ἑνὸς
1722 906 1817 961 τοῦ
1849 908 2003 978 μεγί-

444 1020 564 1055 στου
592 1003 1026 1073 παραδείγματος
1067 1002 1128 1055 τὸ
1175 1002 1320 1072 ὠμὸν
1356 1001 1449 1054 καὶ
1483 999 1863 1072 ἀπάνθρωπον,
1908 998 2002 1052 καὶ

440 1092 515 1156 ὡς
533 1092 743 1164 ἀληθῶς
773 1093 1096 1166 μιαρδνιτῶν
1127 1091 1467 1164 δηλουμένων
1494 1094 1751 1163 συνορᾷν;
1778 1091 1920 1159 λέγω
1943 1090 2001 1143 δὲ

437 1185 501 1235 ἐκ
548 1183 646 1254 τῆς
686 1183 1153 1255 ἀνθρωποθυσίας.
1205 1183 1277 1236 Τὸ
1329 1181 1436 1254 γὰρ
1479 1182 1552 1254 μὴ
1600 1182 1757 1254 μόνον
1793 1181 2000 1251 ἀλόγων

435 1272 588 1338 ζώων
644 1276 880 1343 σφαγαῖς
933 1274 1163 1345 χαίρειν,
1217 1272 1351 1327 ἀλλά
1400 1275 1493 1326 καὶ
1551 1274 1851 1345 ἀνθρώπων
1896 1273 2002 1326 ἀπ-

432 1365 667 1431 ωλείαις,
681 1365 837 1429 ποίας
848 1365 1126 1437 ὠμότητος
1140 1365 1443 1437 ὑπερϐολὴν
1465 1366 1562 1436 οὐχ
1575 1366 1966 1437 ὑπερηκόντισε
1981 1381 1996 1430 ;

429 1456 602 1511 ταῦτα
644 1458 753 1530 γὰρ
792 1455 883 1530 ἦν.
912 1458 987 1522 ὡς
1017 1457 1173 1529 ἔφην,
1197 1458 1264 1511 τά
1297 1457 1384 1512 διά
1418 1458 1516 1530 τῆς
1542 1457 1998 1530 προπαρασκευῆς

431 1548 490 1614 ἐξ
508 1547 684 1602 αὐτῶν
714 1547 832 1602 τῶν
862 1545 1183 1617 Ἑλληνικῶν
1211 1545 1509 1613 φιλοσόφων
1541 1562 1599 1597 τε
1629 1546 1724 1598 καὶ
1758 1559 1998 1614 συγγρα-

431 1634 577 1703 φέων
616 1634 1111 1707 μεμαρτυρημένα·
1148 1632 1208 1698 ἐξ
1241 1627 1316 1690 ὧν
1352 1635 1445 1687 καὶ
1483 1634 1716 1705 μάλιστα
1747 1633 1998 1705 δαίμονες

428 1727 581 1792 ὅντες
606 1729 830 1799 πονηροὶ
876 1728 1228 1792 πολυπλόκοις
1271 1729 1554 1799 μηχαναῖς,
1592 1727 1711 1780 τοτὲ
1749 1728 1844 1797 μὲν
1877 1730 1997 1792 ταῖς

428 1818 520 1872 διά
554 1819 839 1891 μαντειῶν,
872 1820 994 1874 τοτὲ
1018 1821 1074 1874 δὲ
1097 1824 1218 1884 ταῖς
1241 1820 1306 1873 δι’
1326 1820 1528 1874 οἰωνῶν
1559 1820 1590 1891 ἦ
1629 1820 1931 1892 συμϐόλων,
1960 1821 1994 1891 ἢ

431 1909 707 1981 θυμάτων,
742 1911 775 1982 ἢ
824 1912 931 1966 τῶν
985 1912 1400 1983 παραπλησίων,
1427 1912 1489 1964 τὸ
1520 1910 1853 1983 ἀνθρώπειον
1885 1911 2002 1964 δια-
2029 1893 2072 1948 Β

433 2001 752 2074 στρέφοντες
776 2004 929 2073 γένος
959 2004 1278 2058 δείκνυνται.
1312 2005 1510 2075 Διόπερ
1541 2004 1879 2074 ἀποφαντέον
1911 2003 2003 2056 a6-

427 2092 537 2146 τῶν
571 2092 638 2146 τά
675 2095 979 2165 χρηστήρια
1038 2095 1112 2165 μὴ
1155 2092 1251 2147 τοῦ
1304 2094 1395 2147 ἐπὶ
1443 2092 1659 2147 πάντων
1715 2092 1998 2162 γεγονέναι

425 2181 582 2237 Θεοῦ.
646 2184 852 2238 Οὐκοῦν
910 2185 1032 2239 οὐδὲ
1080 2185 1388 2257 συγκρίνειν
1422 2184 1562 2238 αὐτά
1586 2187 1698 2247 τοῖς
1734 2182 2001 2255 Ἐϐραίων

424 2276 729 2346 προφήταις
761 2275 976 2347 θεμιτὸν
1022 2277 1087 2331 ἂν
1123 2276 1230 2346 εἴη,
1257 2269 1330 2329 ὧν
1362 2278 1391 2329 ὁ
1429 2275 1643 2346 πρῶτος
1677 2273 1999 2345 ἱεροφάντης

424 2366 518 2418 καὶ
547 2366 793 2435 θεολόγος
824 2368 1061 2436 γεγονὼς
1091 2366 1314 2438 Μωσῆς,
1355 2366 1453 2421 θέα
1494 2367 1634 2420 ὅσων
1669 2364 1889 2434 ἀγαθῶν
1916 2365 1996 2437 τῷ

426 2455 527 2528 βίῳ
558 2457 843 2528 παραίτιος
868 2457 1126 2527 κατέστη.

2109 636 2344 690 cessaris
2390 633 2801 704 disciplinarum
2832 632 3079 718 veritate,
3131 647 3316 689 veram
3359 633 3675 690 docuissent

2110 724 2463 793 sapientiam,
2514 724 2645 794 quid
2692 722 2910 777 tandem
2955 723 3339 794 impedimento
3381 723 3573 780 fuisset
3608 741 3675 778 ne

2109 815 2177 870 ab
2223 816 2330 872 illis
2370 816 2819 885 philosophorum
2862 814 2957 870 ﬁlii
3002 816 3452 880 institueremur,
3498 824 3557 870 ut
3598 816 3673 871 ita

2108 907 2218 961 illis
2262 907 2562 970 institutis,
2608 921 2875 977 nusquam
2914 906 3032 961 alia:
3079 907 3147 962 ab
3184 908 3306 965 aliis
3345 907 3631 978 opiniones
3656 947 3670 971 ,

2108 997 2227 1051 aliae
2274 999 2589 1058 sententiae,
2635 997 2741 1051 alia
2793 995 3012 1052 decreta
3070 996 3455 1062 traderentur,
3498 1013 3675 1067 neque

2108 1103 2235 1142 vero
2273 1103 2341 1142 ex
2395 1088 2555 1159 longa
2604 1086 2954 1154 diversitate,
3006 1089 3171 1142 variae
3224 1089 3673 1159 philosophorum

2107 1190 2271 1235 sectae
2316 1179 2712 1235 nascerentur?
2757 1179 2911 1245 Quod
2967 1178 3013 1233 si
3056 1179 3179 1233 illos
3228 1180 3506 1250 popularis
3558 1188 3676 1236 tur-

2106 1271 2175 1325 ba
2217 1286 2324 1326 non
2365 1270 2717 1333 attendebat,
2772 1279 2827 1324 at
2884 1270 3078 1325 saltem
3140 1270 3246 1340 piis
3301 1271 3676 1343 religiosisque

2106 1357 2437 1424 hominibus,
2471 1358 2565 1428 qui
2586 1358 2710 1412 illos
2732 1357 3102 1423 consulerent,
3126 1366 3466 1414 constantem
3489 1375 3679 1430 quam-

2106 1450 2229 1506 dam
2259 1450 2560 1505 doctrinam
2579 1492 2594 1516 ,
2624 1449 2888 1504 beneficio
2916 1449 3132 1503 illorum
3166 1450 3499 1520 suppeditari
3520 1468 3678 1524 opor—

2106 1541 2270 1596 tebat.
2301 1541 2463 1612 206
2492 1540 2595 1596 Sed
2623 1542 2715 1613 qui
2748 1550 2877 1598 sunt
2895 1540 2948 1593 hi
2972 1540 3228 1595 tandem?
3252 1557 3374 1597 nam
3401 1559 3678 1613 quoscun-

2103 1648 2209 1705 que
2236 1633 2444 1688 dixeris
2482 1635 2640 1698 tales,
2675 1649 2770 1689 eos
2805 1642 2865 1688 ut
2898 1644 3146 1691 errantes
3185 1636 3521 1706 redarguunt
3546 1637 3674 1708 qui-

2103 1740 2318 1796 cunque
2349 1725 2562 1781 diversa
2597 1734 2691 1779 aut
2720 1727 2994 1781 contraria
3024 1727 3286 1783 sentiunt.
3319 1727 3587 1785 Caeterum
3615 1737 3676 1784 ut

2103 1833 2202 1889 par
2249 1823 2354 1880 est,
2401 1815 2705 1870 daemonum
2749 1824 2906 1872 erant
2953 1819 3207 1886 oracula,
3239 1835 3360 1890 quae
3390 1836 3564 1892 usque
3605 1820 3674 1875 ad

2101 1908 2240 1964 furis
2299 1907 2762 1976 compilationem,
2822 1920 2917 1964 aut
2962 1910 3312 1980 supellectilis
3365 1911 3671 1978 interitum,

2103 2008 2197 2053 aut
2237 1997 2384 2053 aliud
2416 1998 2693 2068 quidpiam
2722 2000 2964 2070 ejusdem
2993 2003 3210 2072 generis
3240 2002 3347 2056 vim
3378 2019 3532 2061 suam
3556 2018 3679 2074 por-

2101 2092 2361 2162 rigerent,
2393 2106 2626 2161 quarum
2653 2106 2786 2148 sane
2822 2107 3008 2149 rerum
3042 2093 3186 2148 haud
3232 2094 3552 2151 incredibile
3591 2107 3678 2152 est

2101 2182 2249 2243 illos,
2284 2189 2471 2252 utpote
2502 2183 2596 2252 qui
2647 2183 2704 2237 in
2736 2184 2839 2239 hoc
2864 2201 2989 2241 aere
3017 2185 3108 2254 qui
3142 2193 3343 2241 terram
3369 2189 3556 2252 ambit,
3579 2204 3677 2243 va-

2102 2273 2219 2343 gari
2252 2273 2656 2340 consueverint,
2684 2274 2944 2332 habuisse
2975 2279 3287 2343 scientiam;
3316 2278 3559 2334 honestae
3578 2294 3677 2334 au—

2100 2371 2208 2421 tem
2239 2373 2437 2421 etcum
2475 2366 2740 2436 sapientia
2775 2367 3081 2437 conjunctae
3102 2369 3202 2432 rei,
3231 2369 3346 2424 sive
3396 2372 3678 2426 sententiae

2100 2462 2263 2526 atque
2302 2457 2439 2512 artis
2488 2456 2801 2514 inventores
2836 2458 3026 2523 fuisse,
3074 2475 3354 2530 nunquam
3387 2460 3673 2529 ostendes;
3718 2516 3723 2519 _

425 2568 534 2609 non
568 2554 900 2623 reipublicae,
933 2568 1044 2607 non
1084 2553 1219 2618 legis
1252 2561 1453 2607 arecta
1513 2552 1722 2607 ratione
1784 2550 2057 2622 profectas,
2092 2565 2203 2606 non
2261 2551 2498 2606 instituti
2552 2551 2856 2622 cujuspiam
2908 2553 3198 2610 laudabilis
3235 2595 3249 2620 ,
3309 2554 3418 2609 imo
3448 2570 3575 2611 vero
3628 2557 3675 2612 si

424 2644 708 2714 aliquanto
762 2644 989 2700 liberius
1045 2645 1227 2699 dicere
1269 2651 1525 2714 oportet,
1577 2643 1714 2698 illos.
1750 2643 1993 2698 omnium
2032 2642 2300 2697 malorum
2345 2651 2596 2700 auctores
2639 2652 2694 2699 et
2755 2646 3029 2715 principes
3092 2646 3365 2701 exstitisse
3404 2645 3675 2702 aﬂirmare

423 2752 653 2793 necesse
709 2746 792 2793 est
860 2756 875 2791 :
935 2737 1031 2807 qui
1064 2736 1131 2791 de
1172 2736 1369 2806 seipsis
1412 2736 1715 2801 adulteria,
1753 2744 1809 2791 et
1845 2734 2155 2805 impudicos
2211 2736 2445 2792 marium
2497 2738 2744 2803 abusus,
2793 2722 2864 2793 et.
2897 2754 3023 2794 cum
3069 2740 3336 2795 matribus
3413 2749 3465 2795 et
3518 2756 3675 2797 soro-

421 2832 577 2888 ribus
622 2831 876 2902 nuptias,
931 2829 1365 2900 concubitusque
1402 2827 1643 2884 nefarios
1666 2870 1695 2896 ,,
1745 2836 1800 2884 et
1863 2828 1968 2882 alia
2018 2827 2846 2902 innumerabiliaquzedeorum
2886 2841 3098 2888 natura:
3147 2834 3526 2899 adversantur,
3562 2835 3672 2891 iui—

424 2923 773 2994 micitiasque
799 2929 853 2979 et
873 2922 1011 2978 bella
1032 2920 1257 2976 deorum
1306 2919 1573 2975 adversus
1605 2918 1851 2984 deos,,in
1899 2918 2146 2989 ipsorum
2200 2919 2483 2977 hominum
2542 2924 2773 2980 canticis
2825 2931 2991 2995 atque
3018 2924 3234 2996 hymnis
3264 2934 3319 2981 et
3353 2927 3673 2982 narrationi‘

421 3021 526 3078 bus
551 3027 611 3076 et
637 3035 922 3077 sacrorum
951 3018 1170 3075 arcanis
1198 3018 1418 3084 ritibus,
1452 3015 1586 3073 ferri
1628 3033 1741 3073 non
1764 3023 2104 3080 recusarent,
2143 3030 2209 3072 ac
2247 3020 2429 3089 potius
2460 3021 2821 3078 libentissime
2862 3021 3132 3077 audirent.
3183 3022 3346 3078 Certe
3393 3038 3672 3094 nunquam

422 3130 611 3171 eorum
652 3116 943 3188 quisquam
992 3129 1053 3170 se
1101 3121 1293 3169 contra
1339 3113 1607 3169 homines.
1633 3111 2004 3184 indignatione
2032 3120 2347 3184 correptum
2378 3114 2642 3179 ostendit,
2673 3114 2819 3186 quod
2851 3116 3036 3186 qualia
3078 3115 3223 3170 dicta
3254 3130 3283 3168 a
3316 3116 3475 3172 nobis
3520 3124 3672 3182 sunt,

422 3211 555 3265 talia
587 3210 723 3281 ipsis
750 3194 844 3265 aut
877 3209 1188 3281 cogitando,
1247 3217 1349 3264 aut
1386 3208 1619 3264 dicendo
1647 3209 1809 3280 quasi
1864 3207 2110 3278 nequitia
2161 3208 2343 3278 plena,
2401 3226 2581 3283 neque
2644 3212 2755 3266 ulla
2791 3210 3058 3267 modestia
3100 3209 3299 3266 referta
3344 3211 3671 3267 tribuerunt.

424 3304 499 3359 Et
522 3306 653 3375 quid
684 3320 773 3361 me
799 3311 1015 3376 Oportet
1040 3305 1290 3360 oratione
1321 3304 1575 3376 progredi
1596 3304 1850 3376 longius?
1902 3318 2027 3358 cum
2062 3302 2222 3372 plane
2271 3304 2339 3361 de
2370 3321 2484 3362 uno
2513 3306 2758 3361 omnium
2793 3306 3165 3376 exemplorum
3222 3305 3483 3369 maximo,
3514 3306 3670 3363 liceat

423 3402 478 3451 et
513 3394 889 3451 crudelitatem
927 3403 983 3452 et
1007 3394 1400 3451 immanitatem
1443 3401 1498 3450 et
1537 3400 1738 3449 tetrum
1800 3408 1862 3449 r-e
1916 3410 2047 3450 vera
2080 3397 2390 3454 institutum
2438 3396 2658 3451 illorum
2701 3396 2933 3451 intueri?
2965 3396 3088 3452 dico
3118 3402 3300 3451 autem
3324 3395 3394 3453 dc
3424 3407 3675 3452 mactan-

424 3488 620 3543 dorum
645 3488 926 3544 hominum
985 3490 1114 3544 ritu.
1164 3487 1323 3556 Quod
1376 3488 1529 3544 enim
1572 3504 1682 3543 non
1735 3488 1912 3544 solum
1966 3490 2253 3547 brutorum
2310 3490 2628 3545 animalium
2701 3488 2986 3546 sacriﬁciis
3052 3490 3392 3561 gauderent,
3479 3505 3668 3547 verum

423 3581 587 3636 etiam
619 3580 900 3637 hominum
947 3583 1193 3653 ipsorum
1242 3583 1484 3646 interitu,
1516 3582 1676 3653 cujus
1733 3582 1953 3638 tandem
2010 3585 2350 3640 crudelitatis
2408 3598 2694 3651 excessum
2754 3598 2864 3637 non
2914 3583 3304 3653 superaverit?
3358 3580 3483 3637 Haec
3527 3582 3674 3638 enim

421 3679 602 3740 erant,
636 3679 698 3728 ut
732 3674 866 3739 dixi,
901 3690 1023 3745 quae
1060 3675 1117 3729 in
1163 3676 1558 3746 praeparatione
1617 3682 1673 3729 et
1714 3675 2021 3747 philosophi
2059 3683 2114 3731 et
2168 3676 2413 3731 historici
2472 3675 2615 3746 apud
2647 3673 2865 3730 Graecos
2899 3676 3175 3730 memoriae
3207 3675 3542 3745 prodiderint
3568 3694 3582 3730 :
3607 3691 3675 3731 ex

425 3768 625 3839 quibus
660 3772 897 3826 maxime
941 3785 1123 3840 quam
1159 3771 1453 3840 perniciosi
1508 3770 1620 3826 sint
1677 3770 1989 3836 daemones,
2030 3785 2302 3841 quamque
2351 3768 2745 3839 multiplicibus
2788 3768 3076 3832 machinis,
3130 3769 3292 3823 modo
3310 3770 3526 3839 quidem
3550 3785 3676 3824 ora-

424 3864 629 3929 culum,
667 3864 828 3919 modo
860 3880 991 3921 vero
1006 3866 1404 3937 auspiciorum,
1436 3874 1530 3920 aut
1563 3868 1863 3938 signorum,
1899 3873 1992 3921 aut
2025 3867 2362 3931 hostiarum,
2405 3874 2498 3919 aut
2529 3866 2759 3920 aliorum
2803 3864 3081 3929 similium,
3128 3864 3409 3919 hominum
3456 3881 3677 3936 perver-

426 3965 544 4012 tant
607 3966 773 4029 atque
832 3960 1109 4030 implicent
1169 3976 1382 4031 genus,
1458 3961 1992 4018 demonstrabantur.
2033 3962 2214 4030 Quare
2262 3961 2676 4025 aﬂirmandum,
2726 3961 2941 4016 illorum
2999 3961 3278 4014 oraculum
3330 3975 3673 4032 nequaquam

424 4064 738 4121 supremum
768 4051 939 4109 Deum
969 4062 1243 4109 auctorem
1273 4054 1551 4112 habuisse.
1586 4055 1773 4127 Neque
1823 4058 1991 4129 igitur
2022 4058 2113 4112 illa
2174 4058 2453 4129 prophetis
2510 4055 2862 4113 Hebraeorum
2924 4069 3244 4126 comparare
3276 4055 3357 4110 fas
3393 4062 3497 4121 est,
3537 4071 3676 4126 quo-

425 4160 548 4201 rum
591 4148 803 4218 primus
851 4149 1098 4215 initiator
1139 4165 1204 4205 ac
1240 4150 1527 4222 theologus
1582 4153 1790 4208 exstitit
1854 4153 2050 4210 Moses.
2091 4153 2194 4219 Qui
2254 4152 2473 4223 quidem
2524 4158 2854 4229 quantorum
2903 4149 3254 4221 qualiumque
3297 4149 3564 4205 bonorum
3618 4148 3675 4204 in

425 4243 536 4299 vita
562 4252 751 4300 auctor
773 4243 956 4310 fuerit,
976 4244 1089 4315 jam
1115 4245 1242 4301 hinc
1262 4244 1422 4301 facile
1442 4248 1799 4318 contemplari
1827 4257 2002 4319 potes.

495 4356 716 4437 Πρῶτον
733 4359 830 4429 μὲν
848 4359 1131 4441 δογμάτων
1146 4359 1512 4430 εὐαγγελικῶν
1529 4362 1620 4416 καὶ
1636 4361 1850 4434 ἀληθῶν
1868 4366 1994 4436 περὶ

2166 4364 2326 4435 207
2340 4363 2582 4420 Primum
2602 4365 2921 4431 sententias,
2936 4362 3327 4435 opinionesque
3337 4362 3675 4433 evangelicas

426 4445 768 4520 cnﬁmmoﬁ
795 4451 890 4504 καὶ
908 4449 1237 4524 δημιουργοῦ
1265 4452 1372 4506 τῶν
1400 4454 1654 4508 ἁπάντων
1684 4455 1841 4521 Θεοῦ,
1865 4456 1994 4528 περί

423 4555 486 4594 τε
509 4537 613 4600 τοῦ⁵
628 4539 882 4612 δευτέρου
917 4542 1089 4594 αἰτίου
1133 4541 1240 4594 τῶν
1295 4544 1411 4621 μετ’
1446 4544 1605 4598 αὐτὸν
1637 4545 1868 4615 λογικῶν
1901 4545 1995 4601 καὶ

425 4628 627 4709 νοερῶν
651 4630 867 4695 οὐσιῶν,
899 4631 1026 4703 περί
1058 4649 1117 4684 τε
1147 4634 1506 4703 κοσμογονίας
1529 4637 1623 4695 καὶ
1648 4636 1995 4709 ἀνθρωπογο-

427 4720 544 4785 νίας
570 4720 789 4794 Γραφὴν
835 4721 986 4794 ίεράν
1030 4722 1313 4789 ἐξέδωκεν,
1364 4723 1444 4777 ἔτι
1472 4742 1533 4778 τε
1584 4725 1691 4779 τῶν
1729 4725 1997 4785 θεοσεϐῶν

428 4813 665 4886 ἱστορίας
691 4814 799 4869 τῶν
830 4814 997 4868 πάλαι
1024 4814 1283 4884 θεοφιλῶν
1322 4815 1609 4887 Ἐϐραίων,
1636 4817 1823 4889 ὥσπερ
1844 4816 1996 4881 τινὰς

425 4906 634 4978 ἀρετῶν
683 4906 895 4971 εἰκόνας
959 4906 1487 4979 ὑποτυπωσάμενος,
1532 4912 1613 4972 εἰς
1672 4907 1833 4979 ζῆλον
1887 4909 1997 4963 τῶν

426 4996 646 5065 ἀγαθῶν
672 4986 879 5068 ἀνδρῶν
903 4998 1030 5062 τοὺς
1056 4998 1345 5069 ὑπηκόους
1362 4999 1648 5069 ἀνεκίνησε
1666 5016 1680 5029 ο
1714 5000 1808 5052 καὶ
1835 5015 1997 5071 νομο-

427 5088 612 5153 θεσίας
662 5088 845 5141 ἐνθέου
877 5089 971 5142 καὶ
1014 5089 1349 5161 καταλλήλου
1381 5093 1491 5153 τοῖς
1545 5091 1665 5144 τότε
1696 5090 1996 5162 χρωμένοις

426 5180 603 5250 φωτὸς
649 5180 930 5252 ἀπήρξατο
979 5180 1185 5251 λόγων·
1229 5186 1321 5237 καί
1367 5183 1661 5256 θρησκείας
1711 5181 2025 5248 θεοσεϐοῦς,

428 5267 668 5337 πέφηνεν
716 5268 1077 5337 εἰσαγωγεύς·
1123 5272 1217 5325 καὶ
1266 5273 1359 5325 ἐπὶ
1414 5274 1550 5326 πᾶσι
1598 5271 1706 5325 τῶν
1767 5276 1998 5345 μακροῖς

429 5356 653 5430 ὕστερον
689 5359 901 5430 χρόνοις
933 5358 1150 5414 ἔσεσθαι
1196 5360 1493 5432 μελλόντων
1533 5363 1634 5426 τὰς
1665 5364 1998 5436 προρρήσεις

428 5451 873 5522 ἀναπεφώνηκεν,
894 5453 969 5518 ὡς
998 5455 1191 5526 μικρὸν
1217 5454 1441 5528 ὕστερον
1471 5474 1574 5529 μνη
1583 5458 1995 5530 μονευθήσεται.

431 5543 540 5597 Καὶ
572 5544 809 5609 τοιοῦτος
846 5544 945 5616 μὲν
991 5537 1176 5611 οὗτοςο
1211 5546 1350 5601 κατά
1394 5547 1464 5602 τὰ
1519 5549 1661 5604 αὐτὰ
1706 5551 1764 5605 δὲ
1817 5552 1912 5605 καὶ
1948 5553 1998 5605 οἱ

435 5638 549 5705 μετ’
578 5636 738 5690 αὐτὸν
778 5637 1053 5709 προφῆται
1111 5637 1386 5711 πάρεργον
1445 5639 1576 5711 μὲν,
1619 5642 1771 5695 εἵπου
1796 5659 1849 5695 τι
1889 5641 1998 5696 τῶν

432 5728 721 5800 ἐφημέρων
755 5728 1015 5800 ἐζητεῖτο,
1057 5730 1150 5783 καὶ
1172 5729 1342 5784 τοῦτα
1360 5729 1656 5802 προῦλεγον
1705 5735 1816 5798 τοῖς
1857 5736 1995 5806 ἐρω-

433 5815 592 5869 τῶσι·
640 5818 698 5874 τὸ
746 5817 802 5870 δὲ
836 5816 1125 5890 κεφάλαιον
1175 5820 1272 5892 τῆς
1319 5822 1649 5896 προφητείας
1682 5822 1861 5887 αὐτοῖς
1905 5824 1995 5877 ἐπὶ

2096 4468 2162 4509 ac
2188 4470 2345 4540 veras
2400 4455 2646 4524 protulit,
2674 4453 2743 4508 de
2771 4453 3014 4509 omnium
3044 4469 3225 4507 rerum
3255 4461 3478 4509 auctore
3509 4461 3673 4523 atque

2095 4546 2289 4617 opiﬁce
2314 4543 2455 4612 Deo;
2497 4552 2615 4599 tum
2636 4545 2705 4600 de
2730 4544 2973 4615 ejusdem
2997 4540 3168 4609 Filio,
3210 4543 3561 4599 rationalium
3591 4542 3677 4597 in-

2097 4637 2569 4708 telligentiumque
2606 4644 2927 4691 naturarum
2955 4644 3199 4697 auctore,
3226 4651 3415 4691 earum
3443 4633 3631 4704 utique
3656 4672 3673 4697 ,

2095 4747 2216 4803 quae
2246 4734 2369 4801 post
2414 4731 2594 4801 ipsum
2656 4731 2921 4787 exsistere
2970 4730 3387 4801 intelliguntur:
3431 4727 3559 4780 item
3608 4725 3677 4781 de

2096 4824 2285 4877 mundi
2338 4830 2502 4893 atque
2545 4823 2784 4878 hominis
2828 4825 3140 4886 creatione,
3198 4820 3679 4891 Seripturam‘sa-

2096 4928 2245 4968 cram
2274 4915 2518 4969 exaravit
2563 4920 2726 4984 atque
2785 4914 2976 4969 edidit.
3011 4912 3280 4969 Praeterea
3324 4923 3450 4965 cum
3502 4907 3678 4963 histo-

2096 5005 2209 5060 rias
2236 5005 2614 5075 religiosorum
2662 5006 2986 5069 hominum,
3019 5011 3073 5061 et
3104 5001 3198 5074 qui
3242 5000 3371 5055 olim
3399 4996 3508 5052 Deo
3536 4997 3677 5068 grati

2098 5094 2240 5163 apud
2290 5092 2546 5151 Hebraeos
2589 5094 2861 5159 vixerint,
2900 5093 3057 5164 quasi
3110 5090 3355 5162 qumdam
3414 5086 3677 5141 virtutum

2097 5184 2427 5255 exemplaria
2461 5187 2834 5255 expresserit,
2903 5200 2998 5240 eos
3029 5184 3122 5254 qui
3167 5181 3272 5237 sibi
3319 5178 3546 5234 dictanti
3581 5192 3678 5249 pa-

2097 5285 2314 5343 rerent,
2364 5278 2433 5334 ad
2472 5278 3108 5355 imitationem-virorum.
3158 5275 3426 5330 bonorum
3462 5271 3675 5326 excita-

2096 5368 2197 5424 vit.
2234 5366 2363 5439 Legi
2396 5384 2525 5424 vero
2548 5370 2767 5434 diviuai,
2797 5376 2959 5440 atque
3004 5366 3072 5421 iis
3100 5364 3192 5437 qui
3228 5371 3361 5419 tunc
3393 5368 3678 5417 uterentur

2100 5456 2542 5523 accommodatae,
2572 5459 2784 5528 primus
2811 5455 3077 5511 orationis
3124 5451 3471 5521 splendorem
3519 5450 3676 5507 adhi-

2099 5547 2217 5601 buit
2241 5547 2723 5620 adorationemque
2753 5546 3061 5616 religiosam
3098 5559 3164 5599 ac
3200 5558 3386 5599 veram
3421 5542 3675 5598 introdu-

2099 5637 2197 5692 xit.
2225 5636 2507 5694 Postremo
2530 5637 2628 5700 iis,
2656 5638 2749 5708 qui
2780 5648 2901 5707 post
2931 5652 2990 5692 se
3023 5636 3210 5693 multis
3243 5636 3460 5691 saeculis
3506 5634 3674 5691 futuri

2106 5740 2281 5796 erant,
2328 5729 2704 5801 praedictiones
2743 5729 3076 5796 enuntiavit,
3113 5729 3256 5787 sicut
3290 5730 3452 5800 paulo
3485 5734 3608 5797 post
3644 5740 3674 5779 a

2106 5824 2283 5881 nobis.
2322 5823 2837 5882 commemorabitur
2857 5842 2878 5880 ἰ
2918 5832 2969 5880 et
3018 5825 3106 5882 hic
3141 5825 3356 5893 quidem
3402 5823 3544 5879 talis.
3592 5817 3674 5873 Ad
