4110 6430
428 326 534 381 545

995 326 1268 385 EUSEBH
1298 326 1777 384 CESARIENSIS
1814 326 1965 384 OPP.
2004 327 2210 385 PARS.
2247 325 2317 385 ll.
2353 357 2425 373 --
2453 326 2963 387 APOLOGETICA.

3574 335 3676 393 3M

430 439 680 494 eumdem
705 452 836 494 vero
864 433 1083 494 modum
1105 438 1267 495 etiam
1292 438 1569 509 propheta!
1589 440 1682 510 qui
1708 448 1830 512 post
1849 440 1973 494 illun

2107 438 2361 509 μεγάλοις
2417 439 2769 493 ωνετελεῖτο.
2804 440 2879 494 Οὐ
2909 440 3019 512 γὰρ
3049 442 3141 495 ἐπὶ
3182 446 3412 516 μαντείᾳ
3447 446 3556 500 τῶν
3582 448 3679 517 ἐφ-

425 533 775 588 exstiterunt.
837 533 1105 588 Caeterum
1148 539 1308 587 extra
1354 535 1689 602 propos'tum
1718 533 1998 590 existime-

424 631 536 691 tur,
564 624 740 679 sicubi
769 639 958 679 eorum
989 624 1268 694 quidpiam
1307 640 1430 694 qua:
1453 626 1506 678 in
1528 625 1675 680 diem
1709 627 1878 696 quaeri
1903 642 1997 681 so-

423 712 554 777 lent,
591 712 695 781 ipsi
728 711 1140 781 respondissent
1167 712 1602 769 sciscitantibus.
1644 713 1867 769 Summa
1891 731 1993 769 au-

419 810 527 859 tem
565 802 744 858 omnis
770 804 984 858 illorum
1013 805 1314 875 prophetize
1336 805 1389 859 in
1426 806 1593 862 rebus
1621 809 1833 878 magnis
1862 823 1991 863 con-

418 896 757 951 sumebatur.
790 895 906 951 Non
941 897 1087 952 enim
1120 898 1176 953 in
1203 898 1541 953 divinatione
1562 913 1745 953 rerum
1782 914 1906 969 quae
1938 900 1993 954 in

416 986 558 1042 diem
602 997 696 1044 aut
726 990 781 1045 in
814 1005 1053 1060 praesens
1101 998 1316 1061 tempus
1357 999 1760 1062 quaererentur,
1817 1007 1994 1062 neque

414 1080 601 1150 parvis
629 1089 725 1136 aut
757 1081 1057 1137 humilibus
1107 1083 1340 1154 negotiis
1392 1098 1588 1145 suum,
1635 1084 1778 1153 quod
1816 1098 1846 1137 a
1882 1081 1993 1142 Deo

415 1182 761 1243 acceperant,
803 1190 1022 1237 munus,
1052 1174 1275 1246 dignum
1328 1176 1610 1244 putabant.
1671 1175 1777 1232 Sed
1828 1192 1993 1249 super

413 1265 561 1321 omni
585 1280 787 1338 genere
807 1266 1089 1321 hominum
1138 1266 1309 1321 divini
1358 1267 1414 1322 in
1462 1268 1569 1324 illis
1601 1267 1838 1339 Spiritus
1867 1271 1993 1326 illu-

413 1362 608 1415 stratio
635 1361 826 1430 ingens
854 1360 1099 1430 amplexa
1148 1366 1268 1415 erat
1293 1367 1673 1429 argumentum
1697 1401 1711 1422 ,
1758 1377 1865 1417 non
1897 1364 1988 1417 illa

413 1453 631 1522 quidem
662 1459 721 1506 ut
769 1451 838 1506 de
869 1451 1184 1521 :egrotantis
1224 1451 1465 1507 hominis
1496 1467 1726 1523 corpore
1748 1494 1762 1517 ,
1813 1469 1990 1525 neque

411 1545 480 1597 de
510 1544 840 1614 temporaria
862 1542 964 1597 hac
993 1550 1047 1598 et
1079 1542 1333 1598 omnibus
1358 1541 1565 1599 morbis
1592 1544 1826 1598 obnoxia
1857 1546 1984 1613 vita,

411 1635 805 1691 divinationem
855 1634 1241 1705 proﬁteretur:
1280 1648 1383 1690 nec
1421 1635 1627 1705 alioqui
1658 1636 1727 1691 de
1757 1636 1988 1706 quibus-

411 1727 536 1781 dam
571 1726 773 1783 mediis.
801 1735 964 1796 atque
1013 1726 1469 1788 indilierentibus,
1503 1741 1624 1796 qua:
1675 1743 1882 1799 neque,
1937 1731 1983 1785 si

2100 547 2134 600 η
2142 531 2320 601 μέρων
2340 532 2433 585 καὶ
2458 530 2594 603 πρὸς
2611 532 2702 585 τὸν
2734 531 2975 603 παρόντα
2996 534 3183 605 καιρὸν
3210 535 3677 609 ἐπιζητουμένων,

2097 621 2219 675 οὐδέ
2251 638 2314 690 γε
2362 623 2610 694 σμικρῶν
2664 623 2761 677 καὶ
2808 625 3077 678 ταπεινῶν
3123 626 3191 679 τά
3239 627 3340 699 τῆς
3386 628 3680 702 θεοφορίας

2095 713 2371 783 ήξιοῦντο’
2403 716 2515 769 ἀλλ’
2542 717 2635 769 ἐπὶ
2689 717 2784 771 τοῦ
2833 718 3031 781 παντὸς
3081 718 3382 790 ἀνθρώπων
3425 724 3674 796 γένουςή

2095 804 2189 857 τοῦ
2215 804 2359 859 θείου
2387 807 2702 876 Πνεῦματος
2746 807 2804 859 ὲν
2849 807 3033 871 αὐτοῖς
3073 808 3335 879 ἑλλαμψις
3359 851 3372 875 ,
3411 812 3673 883 μεγίστην

2095 895 2348 953 ὑπόθεσιν
2378 897 2724 969 περιέχουσα,
2758 898 2819 951 οὐ
2842 898 2968 969 περὶ
2995 897 3275 963 νοσοῦντος
3305 896 3592 973 ἀνθρώπου
3613 904 3675 957 τὸ

2095 987 2276 1060 σῶμα,
2309 988 2432 1043 οὐδὲ
2483 989 2614 1061 περὶ
2660 988 2763 1058 τῆς
2803 990 3138 1063 προσκαίρου
3185 993 3281 1046 καί
3326 993 3673 1060 πολυπαθοῦς

2091 1081 2293 1152 ταύτης
2340 1080 2486 1153 ζωῆς
2536 1082 2636 1153 τὴν
2681 1081 2981 1157 πρόρρησιν
3039 1083 3516 1157 ἐπαγγελλομένη,
3550 1089 3671 1142 οὐδὲ

2092 1171 2220 1243 περί
2242 1189 2385 1235 τινος
2415 1171 2775 1237 ἀπολωλότος,
2799 1172 2907 1225 οὐδ’
2936 1173 3111 1237 ἄλλως
3136 1176 3263 1246 περί
3298 1193 3459 1230 τινων
3490 1178 3670 1249 μέσων

2092 1266 2184 1318 καὶ
2230 1263 2539 1337 ἀδιαφόρων
2561 1307 2578 1333 ,
2613 1265 2650 1320 ἀ
2705 1265 2827 1320 οὐτε
2886 1268 3127 1339 παρόντα
3174 1268 3350 1340 ψυχῆς
3390 1269 3668 1340 βελτιώσει

2092 1357 2495 1429 συμϐάλλεται,
2548 1358 2671 1412 οὐτε
2729 1358 2804 1430 μὴ
2847 1361 3089 1431 παρόντα
3134 1360 3338 1432 ζημίαν
3385 1361 3420 1432 ἢ
3461 1361 3666 1434 βλάϐην

2090 1452 2364 1521 περιποιεῖ
2402 1448 2558 1522 (ἀλλ’
2605 1445 2675 1523 ἦν
2712 1451 2833 1522 μὲν,
2874 1452 2951 1515 ὡς
2996 1451 3155 1523 ἔφην,
3208 1454 3297 1507 ὅτε
3344 1455 3439 1508 καὶ
3492 1453 3666 1510 ταῦτα

2090 1541 2411 1615 προῦλεγον,
2433 1545 2496 1598 οὐ
2524 1544 2666 1597 κατά
2685 1543 2777 1597 τὸν
2804 1544 3213 1617 προηγούμενον
3238 1545 3296 1599 δὲ
3321 1546 3501 1611 λόγον⁸
3526 1545 3665 1603 ἀλλά
3760 1628 3769 1633 ί

2088 1634 2230 1688 κατά
2259 1634 2579 1690 ἀκολουθίαν
2611 1636 2709 1707 τῆς
2733 1637 2840 1692 τῶν
2870 1638 3194 1708 κρειττόνων
3225 1636 3580 1709 καταλήψεως
3601 1637 3625 1710 )
3644 1656 3659 1671 ο

2089 1724 2308 1795 μείζονα
2332 1728 2428 1798 μὲν
2450 1727 2751 1800 ὑπόθεσινῆ
2770 1728 2912 1782 κατά
2929 1729 2997 1782 τά
3014 1729 3276 1801 εἰρημένα
3290 1733 3583 1801 περιείἷχεν.¹
3597 1731 3661 1786 ΕΞ

410 1820 614 1884 adsint,
645 1820 709 1874 ad
744 1795 1042 1888 profectum
1073 1819 1270 1873 anima:
1302 1795 1668 1873 conducibilia
1693 1859 1709 1883 ,
1762 1795 1973 1891 neque.

2085 1816 2130 1868 δ’
2141 1812 2235 1871 οὑν
2255 1795 2343 1882 τις
2356 1819 2452 1890 τήν
2468 1820 2645 1873 πᾶσαν
2658 1795 2919 1891 περιοχὴν
2933 1822 3031 1890 τῆς
3053 1795 3299 1884 Μωσέως
3311 1795 3550 1892 γραῆς,
3568 1821 3662 1875 καὶ

409 1912 454 1964 si
482 1925 591 1966 non
619 1910 800 1965 adsint
821 1950 837 1973 ,
865 1910 1123 1967 damnum
1153 1909 1373 1982 aliquod
1404 1919 1499 1965 aut
1523 1911 1816 1980 perniciem
1852 1911 1982 1967 all‘e-

406 2012 571 2063 raut,
616 2004 830 2059 tametsi
872 2017 1262 2072 nonnunquam
1302 2002 1416 2056 haec
1464 2017 1681 2073 quoque
1720 2003 1978 2073 praedice-

406 2093 559 2157 hant,
591 2109 702 2153 non
726 2094 984 2164 primaria
1014 2094 1247 2164 quadam
1276 2093 1520 2159 ratione,
1571 2092 1672 2149 sed
1701 2094 1847 2165 quod
1893 2109 1980 2150 re-

404 2200 524 2239 rum
560 2186 869 2256 graviorum
902 2186 1305 2257 perceptionem
1339 2186 1758 2252 comitarentur,
1788 2187 1979 2256 eisque

402 2284 586 2331 essent
614 2277 889 2347 adjuncta.
941 2277 1011 2331 At
1053 2291 1185 2332 vero
1206 2292 1328 2347 qua:
1374 2278 1430 2331 in
1465 2277 1651 2332 causis
1694 2276 1865 2333 divini
1908 2278 1978 2332 ab

401 2371 513 2426 illis
535 2371 834 2441 accipiendi
872 2369 1150 2441 Spiritus,
1192 2368 1261 2424 ad
1309 2369 1718 2427 vaticinandum
1772 2371 1977 2441 princi-

401 2477 520 2530 pem
551 2463 730 2518 locum
753 2463 1064 2519 obtinerent
1083 2502 1098 2525 ,
1126 2478 1191 2517 ea
1220 2463 1400 2532 majus
1426 2463 1701 2534 quoddam
1725 2464 1975 2519 contine-

396 2553 531 2609 hant
558 2560 961 2623 argumentum,
985 2567 1149 2622 quam
1184 2559 1242 2606 ut
1279 2554 1345 2607 ad
1378 2568 1441 2608 ea
1468 2570 1591 2625 quae
1639 2554 1785 2609 dicta
1812 2562 1970 2619 sunt,

397 2645 673 2714 pertinere
702 2652 947 2714 possent.
979 2643 1135 2710 Quod
1167 2646 1212 2700 si
1235 2646 1363 2716 quis
1385 2654 1556 2702 totum
1583 2649 1742 2717 quasi
1769 2663 1972 2718 corpus

394 2751 587 2795 eorum
613 2752 735 2805 quae
766 2752 795 2790 a
827 2735 975 2793 Mose
1016 2744 1071 2791 et
1099 2738 1223 2793 aliis
1252 2748 1375 2808 post
1428 2736 1632 2794 Mosem
1687 2740 1973 2810 prephetis

396 2830 597 2899 scripta
628 2839 778 2894 sunt,
818 2832 1238 2903 diligentissime
1263 2832 1550 2901 exploret.
1606 2832 1852 2904 profecto
1906 2849 1970 2890 ea

395 2925 528 2979 nihil
561 2924 709 2979 aliud
738 2925 985 2995 amplexa
1030 2924 1290 2986 inveniat,
1315 2940 1478 2995 quam
1527 2926 1966 2982 adhortationem

393 3026 559 3088 atque
579 3018 886 3073 doctrinam
919 3016 1088 3071 divini
1118 3017 1302 3073 cultus
1323 3058 1339 3080 ,
1390 3019 1483 3087 qui
1539 3018 1649 3074 Deo
1700 3021 1962 3084 universi,

391 3112 497 3180 ipsi
527 3111 716 3181 utique
742 3108 920 3179 opiﬁci
969 3123 1152 3163 rerum
1181 3110 1423 3163 omnium
1458 3111 1529 3164 sit
1583 3111 1924 3168 exhibendus
1945 3154 1961 3177 ,

392 3204 868 3275 cognitionemque
917 3215 981 3255 ac
1015 3201 1338 3273 theologiam
1371 3217 1681 3272 supremam
1715 3204 1781 3259 de
1809 3202 1966 3260 Filio.

390 3296 481 3362 qui
514 3309 620 3349 una
668 3309 793 3347 cum
833 3291 992 3348 Patre
1025 3294 1142 3363 ipse
1186 3310 1407 3364 quoque
1452 3310 1633 3349 rerum
1661 3297 1731 3350 sit
1757 3305 1965 3352 auctor.

391 3388 557 3458 208
585 3385 857 3441 Prsterea
878 3385 1312 3442 debortationcm
1351 3394 1515 3457 atque
1557 3388 1896 3443 eversionem
1936 3404 1968 3443 a

392 3481 570 3536 fallaci
608 3480 905 3536 multorum
955 3480 1181 3536 deorum
1211 3480 1361 3534 cultu
1384 3519 1401 3544 ,
1459 3480 1526 3534 ad
1562 3480 1676 3536 haec
1726 3489 1968 3537 veterum

390 3577 702 3637 sanctorum
747 3570 1022 3634 virorum,
1081 3571 1174 3641 qui
1225 3571 1387 3641 primi
1434 3572 1597 3628 talem
1650 3573 1967 3644 religionem

389 3662 834 3729 observaverint.
870 3663 1190 3721 memoriam
1249 3663 1740 3736 prtedictionesque
1788 3675 1842 3722 et
1878 3683 1966 3722 re-

389 3753 690 3825 sponsade
735 3753 805 3810 iis
852 3755 948 3824 qui
1000 3753 1189 3815 multis
1213 3762 1338 3824 post
1375 3756 1595 3811 szeculis
1634 3755 1703 3809 ad
1748 3756 1967 3810 illorum

389 3848 523 3902 vita:
544 3847 813 3919 regulam,
838 3861 995 3904 suam
1019 3847 1124 3918 ipsi
1154 3846 1320 3902 vitam
1357 3846 1625 3904 directuri
1659 3855 1841 3913 erant,
1871 3865 1969 3921 per

387 3934 676 3991 adventum
702 3934 878 3992 Deiad
903 3934 1154 3991 homines
1183 3943 1348 4007 atque
1378 3938 1747 4007 praesentiam,
1768 3939 1963 4010 ipsius,

387 4029 635 4107 inquam.
667 4027 813 4090 Filii.
840 4037 896 4085 et
918 4031 1034 4100 ipse
1068 4028 1312 4100 ejusdem
1332 4030 1591 4087 docendae
1616 4033 1835 4101 pietatis
1856 4048 1963 4087 mu-

385 4135 516 4175 nere
569 4118 877 4180 iuncturus.
912 4130 967 4175 et
1008 4120 1077 4175 ad
1101 4120 1335 4176 salutem
1372 4122 1498 4177 vita:
1526 4122 1804 4177 hominum
1834 4121 1966 4179 aﬂ‘e-

386 4212 611 4269 rendam
642 4221 926 4276 venturus,
958 4213 1011 4267 in
1045 4214 1328 4282 responsis
1350 4214 1654 4279 dicebatur,
1685 4215 1843 4285 cujus
1871 4215 1966 4271 be-

389 4305 586 4362 neﬁcio
619 4305 695 4359 illi
725 4306 942 4361 cunctis
968 4306 1226 4378 gentibus
1254 4313 1308 4362 et
1341 4305 1548 4363 Graecis
1571 4308 1735 4363 simul
1764 4319 1817 4364 et
1838 4308 1966 4364 bar—

384 4396 566 4463 baris,
616 4396 867 4452 eumdem
912 4397 1085 4453 divini
1116 4399 1297 4454 cultus
1328 4415 1560 4467 morem,
1606 4417 1767 4473 quem
1820 4413 1968 4459 vete-

2086 1910 2195 1964 τῶν
2223 1913 2339 1981 μετ’
2368 1913 2528 1965 αὑτὸν
2556 1911 2799 1983 ἀκριϐῶς
2824 1912 3237 1984 διερευνήσειεν,
3260 1912 3410 1984 εῦροι
3432 1914 3500 1967 ἂν
3525 1930 3661 1985 προ-

2086 2004 2294 2075 τροπὴν
2323 2004 2418 2056 καὶ
2455 2002 2797 2058 διδασκαλίαν
2843 2000 3123 2067 εὐσεϐείας
3157 2005 3257 2076 τῆς
3302 2007 3382 2069 εἰς
3410 2006 3503 2060 τὸν
3550 2006 3661 2062 τῶν

2084 2093 2221 2145 ὅλων
2246 2091 2399 2157 Θεὸν,
2424 2093 2586 2146 αὑτὸν
2615 2093 2680 2166 δὴ
2727 2095 2819 2147 τὸν
2851 2095 3178 2167 δημιουργὸν
3211 2096 3468 2150 ἁπάντων
3500 2114 3655 2169 περι-

2086 2184 2342 2254 έχουσαν,
2368 2184 2567 2253 γνῶσίν
2600 2202 2660 2238 τε
2697 2186 2791 2239 καὶ
2826 2184 3106 2253 θεολογίαν
3126 2187 3223 2257 τὴν
3266 2188 3523 2240 ἀνωτάτω
3554 2184 3649 2240 τοῦ

2082 2275 2333 2349 δευτέρου
2366 2278 2561 2341 αἰτίου,
2596 2278 2775 2348 πάσης
2800 2277 2857 2331 δὲ
2898 2277 3157 2331 πολυθέου
3189 2278 3396 2350 πλάνης
3426 2278 3651 2351 ἀποτρο-

2084 2369 2211 2441 πήν,
2240 2366 2357 2424 εἷτα
2383 2371 2494 2422 τῶν
2554 2370 2725 2423 πάλαι
2759 2368 3023 2440 θεοφιλῶν
3059 2370 3270 2441 ἀνδρῶν
3313 2369 3419 2423 τῶν
3451 2370 3517 2440 δὴ
3556 2371 3651 2423 καὶ

2080 2462 2487 2534 ἀπαρξαμένων
2549 2461 2652 2531 τῆς
2703 2460 2998 2532 εἰρημένης
3057 2460 3338 2523 εὐσεϐείας
3392 2461 3655 2532 μνήμην,

2079 2556 2413 2627 προρρήσεις
2444 2571 2503 2608 τε
2549 2553 2644 2611 καὶ
2677 2554 3053 2624 ἀναφωνήσεις
3094 2554 3237 2606 κατά
3282 2553 3375 2607 τὸν
3434 2553 3658 2607 ἐκείνων

2080 2645 2224 2717 βίον,
2270 2647 2518 2718 ὑστέροις
2567 2645 2697 2699 ποτὲ
2735 2645 2945 2716 χρόνοις
2988 2643 3288 2716 μελλόντων
3341 2641 3654 2714 βιώσεσθαι,

2076 2738 2143 2792 δι’
2181 2738 2501 2810 ἐπιφανείας
2534 2738 2628 2791 καὶ
2674 2736 2977 2808 παρουσίας
3028 2736 3107 2798 εἰς
3147 2733 3469 2805 ἀνθρώπους
3490 2730 3650 2799 Θεοῦ,

2079 2832 2248 2886 αὐτοῦ
2288 2832 2353 2903 δὴ
2389 2831 2484 2885 τοῦ
2513 2830 2767 2900 δευτέρου
2800 2828 3003 2897 Κυρίου
3026 2867 3041 2892 ,
3081 2828 3173 2880 καὶ
3204 2824 3337 2879 Θεοῦ
3387 2823 3524 2896 μετά
3558 2824 3655 2878 τὸν

2074 2925 2334 2979 ἀνωτάτω
2367 2924 2607 2995 Πατέρα,
2644 2922 2736 2975 καί
2758 2920 2921 2977 αὑτοῦ
2943 2919 3368 2994 χρηματίζοντος
3397 2917 3651 2973 διδασκά-

2073 3013 2164 3066 λου
2191 3014 2291 3084 τῆς
2315 3012 2488 3083 αὐτῆς
2512 3010 2813 3074 εὐσεϐείας,
2842 3010 2937 3064 καὶ
2973 3010 3223 3081 Σωτῆρος
3252 3006 3651 3079 επιφανησομέο

2071 3121 2164 3160 νου
2207 3104 2287 3176 τῷ
2318 3104 2428 3159 τῶν
2481 3102 2781 3176 ἀνθρώπων
2823 3101 2944 3172 βίῳ,
2989 3100 3056 3154 δι’
3081 3094 3142 3155 οῦ
3178 3101 3310 3154 πᾶσι
3341 3102 3452 3163 τοῖς
3499 3097 3649 3151 ἔθνε-

2072 3212 2192 3260 σιν,
2245 3195 2503 3268 Ἔλλησιν
2552 3194 2690 3266 όμοῦ
2741 3194 2836 3248 καὶ
2887 3192 3199 3265 βαρϐάροις,
3232 3190 3528 3261 προῦλεγον
3558 3190 3652 3245 τὸν

2069 3288 2168 3359 τῆς
2191 3286 2500 3351 θεοσεϐείας
2524 3285 2633 3341 τῶν
2661 3286 2828 3340 πάλαι
2860 3283 3123 3353 θεοφιλῶν
3158 3282 3424 3355 Ἐϐραίων
3451 3282 3656 3352 τρόπον

2069 3376 2563 3450 παραδοθήσεσθαι.
2599 3377 2783 3431 Ταῦτα
2812 3376 3051 3446 Μωσῆς,
3103 3372 3277 3429 ταῦτα
3322 3374 3381 3429 δὲ
3422 3373 3653 3428 καὶτῶν

2068 3470 2269 3525 λοιπῶν
2296 3469 2592 3542 προφητῶν
2613 3468 2820 3532 παῖδες,
2851 3468 2902 3522 οἳ
2930 3468 3129 3531 πάντες
3154 3465 3216 3533 ἐξ
3241 3467 3359 3530 ἑνὸς
3386 3467 3650 3536 στόματος

2069 3563 2496 3635 προεκήρυττον.
2529 3562 2639 3616 Καὶ
2682 3559 2825 3615 τοῦτ’
2858 3555 2929 3631 ἦν
2958 3560 3019 3613 τὸ
3068 3560 3168 3631 τῆς
3210 3561 3291 3624 εἰς
3334 3557 3651 3631 ἀνθρώπους

2067 3656 2162 3710 τοῦ
2192 3654 2336 3709 θείου
2371 3654 2687 3726 Πνεύματος
2718 3654 2987 3724 ἐπιφορᾶς
3035 3654 3244 3715 αίτιον,
3278 3649 3484 3716 διδάξαι
3530 3649 3653 3704 θεοε-Δ

2068 3746 2303 3816 γνωσίαν
2332 3744 2671 3817 ἀνθρώπους,
2704 3743 2798 3799 xal.
2834 3742 2933 3813 τὴν
2974 3741 3233 3796 ἀνωτάτω
3260 3740 3392 3812 περὶ
3438 3737 3650 3811 Πατρὸς

2068 3840 2163 3893 καὶ
2196 3837 2329 3892 Υίοῦ
2374 3836 2687 3904 θεολογίαν,
2724 3833 3012 3888 παιδεῦσαί
3066 3851 3127 3888 τε
3171 3833 3371 3902 τρόπον
3415 3830 3649 3902 ἀληθοῦς

2067 3929 2372 3993 εὐσεϐείας,
2409 3927 2503 3983 καὶ
2536 3926 2908 3999 μνημονεῦσαι
2932 3925 3040 3980 τῶν
3078 3924 3245 3980 πάλαι
3286 3922 3647 3995 κατωρθωκό-

2066 4040 2196 4085 των,
2219 4021 2312 4075 τόν
2336 4037 2395 4073 τε
2422 4018 2561 4090 μετά
2583 4017 2789 4072 τούτων
2811 4017 3030 4089 ἔλεγχον
3056 4014 3143 4070 διὰ
3165 4014 3393 4087 μακρῶν
3416 4013 3653 4082 ἐκφᾶναι,

2066 4114 2258 4183 λόγων,
2282 4112 2536 4167 θεσπίσαι
2563 4128 2621 4165 τε
2653 4111 2753 4183 τὴν
2791 4109 3093 4181 παρουσίαν
3118 4108 3212 4163 τοῦ
3255 4106 3505 4176 Σωτῆρος
3547 4101 3645 4155 καὶ

2066 4202 2387 4260 διδασκάλου
2409 4202 2503 4256 τοῦ
2539 4202 2740 4266 παντὸς
2760 4200 3062 4273 ἀνθρώπων
3087 4198 3298 4268 γένους,
3324 4197 3417 4251 καὶ
3454 4194 3553 4265 τὴν
3569 4192 3643 4247 δ.⁹

2067 4297 2229 4352 αὐτοῦ
2257 4297 2357 4367 τῆς
2383 4296 2619 4360 παλαιᾶς
2635 4294 2694 4362 ἐξ
2726 4293 2993 4367 Ἐϐραίων
3016 4290 3323 4354 θεοσεϐείας
3348 4290 3426 4352 εἰς
3467 4288 3644 4341 πάντα

2066 4390 2135 4444 τὰ
2187 4389 2315 4460 ἔθνη
2357 4388 2641 4460 μετάδοσιν
2692 4383 3056 4458 προκηρύξαι.
3120 4382 3304 4437 Ταῦτα
3361 4376 3429 4452 ἦν
3470 4378 3538 4432 τά
3582 4377 3642 4445 ἐξ

382 4504 473 4545 res
503 4487 853 4545 liebrmorum
901 4490 1185 4563 religionis
1236 4500 1510 4548 amatores
1567 4504 1961 4560 servaverant,

2076 4482 2258 4546 αἰῶνος
2303 4480 2524 4552 στήλαις
2558 4479 2655 4533 καί
2695 4477 2895 4550 βίϐλοις
2961 4478 3134 4548 ἱεραῖς
3175 4475 3283 4527 τῶν
3349 4470 3643 4563 προφητῶν

382 4580 721 4651 prodendum
772 4597 895 4638 esse
951 4584 1240 4640 canebant.
1282 4584 1408 4641 llaec
1440 4584 1640 4652 Moses,
1682 4586 1796 4643 haec
1832 4587 1959 4643 reli-

381 4674 483 4742 qui
529 4674 658 4737 item
710 4674 1008 4747 prophetae,
1039 4677 1132 4748 qui
1191 4693 1383 4734 omnes
1417 4678 1471 4733 in
1507 4694 1617 4733 uno
1646 4695 1742 4735 ore
1763 4720 1777 4743 ,
1812 4681 1959 4751 quod

380 4773 499 4824 erat
525 4764 790 4829 futurum,
816 4767 1178 4837 nuntiabant;
1217 4778 1379 4840 atque
1397 4770 1512 4825 luec
1532 4780 1652 4827 erat
1673 4787 1841 4829 causa
1860 4787 1962 4827 cur

380 4856 600 4914 divinus
621 4856 862 4930 Spiritus
881 4858 1090 4919 afﬂaret
1116 4860 1368 4918 homines
1416 4870 1473 4917 et
1525 4864 1829 4935 corriperet
1848 4903 1863 4929 ,
1899 4871 1961 4919 ut

386 4946 642 5006 videlicet
671 4948 765 5005 Dei
795 4950 1166 5022 cognitionem
1213 4952 1384 5024 ipsos,
1444 4970 1865 5027 supremamque
1893 4956 1961 5013 de

379 5037 544 5104 Patre
571 5055 635 5096 ac
668 5039 710 5095 F
714 5042 810 5097 ilio
838 5042 1169 5115 theologiam
1205 5045 1460 5115 doceret,
1504 5046 1811 5119 iisdemque
1847 5057 1961 5103 tra-

380 5127 537 5189 deret
564 5147 705 5188 νει-αι
749 5134 897 5191 illius
920 5136 1140 5204 pietatis
1172 5152 1378 5193 morem
1408 5177 1423 5199 ,
1457 5144 1517 5203 et
1533 5138 1600 5194 ad
1643 5140 1960 5196 memoriam

378 5220 655 5293 redigeret
682 5239 778 5279 eos
807 5225 904 5296 qui
933 5225 1209 5295 quondam
1232 5241 1423 5281 omnes
1447 5226 1750 5285 honestatis
1778 5233 1964 5300 partes

379 5312 836 5389 complevissent,
870 5332 1086 5373 necnon
1122 5333 1217 5375 eos
1267 5320 1359 5389 qui
1387 5321 1790 5392 posterioribus
1828 5328 1964 5375 tem-

379 5403 606 5471 poribus
629 5419 658 5458 a
680 5405 883 5475 pietate
911 5407 1128 5480 rituque
1155 5407 1424 5477 majorum
1461 5423 1688 5463 suorum
1724 5406 1963 5462 excidis-

379 5504 536 5557 sent.
578 5510 782 5565 eosque
828 5497 992 5570 longa
1023 5499 1274 5555 oratione
1318 5499 1784 5571 reprehenderet:
1835 5498 1974 5563 item,

379 5595 602 5643 caneret
645 5588 935 5645 adventum
984 5589 1285 5650 Salvatoris
1327 5608 1390 5648 ac
1422 5592 1671 5650 Doctoris
1724 5592 1973 5659 universi,

379 5678 605 5733 humani
640 5682 880 5751 generis,
911 5690 968 5738 et
998 5698 1096 5753 per
1124 5684 1277 5740 illum
1304 5685 1360 5739 in
1393 5693 1624 5743 cunctas
1656 5692 1846 5756 gentes
1870 5699 1968 5738 an.

380 5772 547 5856 tique
563 5769 916 5827 Hebraeorum
935 5773 1213 5845 religionis
1233 5776 1680 5861 propagationem
1704 5768 1964 5842 futuram,

2062 4575 2368 4649 συμφώνως
2412 4570 2910 4644 ἀναπεφωνημένα.
2951 4567 3102 4621 Αὐτά
3146 4565 3211 4637 δὴ
3236 4562 3438 4627 ταῦτα,
3482 4562 3519 4617 ὃ.
3549 4562 3643 4617 καὶ

2060 4671 2226 4741 ἡμῖν,
2278 4668 2461 4730 αὐτοῖς
2501 4663 2800 4736 ὀφθαλμοῖς
2851 4659 2988 4734 μετὰ
3026 4661 3117 4713 τὸν
3169 4658 3381 4730 μακρὸν
3431 4655 3600 4711 αἰῶνα
3624 4696 3639 4720 ,

2060 4763 2231 4818 εἰσέτι
2283 4762 2377 4815 νῦν
2439 4758 2790 4832 πληρούμενα
2839 4756 3129 4827 συνοράται
3157 4770 3171 4783 ·
3232 4753 3331 4824 μιᾷ
3389 4750 3446 4805 δὲ
3489 4749 3641 4820 φωνῇ

2061 4861 2261 4925 πάντες
2298 4854 2442 4915 οὗτοι
2474 4857 2569 4912 καὶ
2590 4856 2720 4929 θείῳ
2745 4853 3028 4925 Πνεὺματι
3068 4851 3315 4923 κάτοχοι,
3346 4852 3513 4904 πᾶσιν
3549 4850 3644 4903 ἀν-

2062 4951 2299 5025 θρώποις
2343 4952 2404 5005 τὸ
2451 4950 2566 5021 φῶς
2615 4949 2714 5019 τῆς
2757 4943 2990 5019 ἀληθοῦς
3040 4944 3445 5017 προεκήρυττον
3489 4941 3643 4994 εὐσε-

2061 5043 2244 5107 ϐείας·
2280 5042 2504 5112 ἁγνείαν
2542 5058 2602 5094 τε
2638 5039 2816 5111 ψυχῆς
2856 5038 2950 5093 καὶ
2985 5035 3259 5107 σώματος,
3303 5031 3538 5104 παντελῆ
3580 5049 3638 5086 τε

2062 5134 2325 5208 κάθαρσιν
2347 5133 2605 5196 διανοίας,
2630 5132 2696 5204 ἣν
2721 5130 2875 5186 αὐτοί
2897 5129 3161 5202 πρότερον
3183 5125 3504 5197 ἠσκηκότες,
3530 5123 3642 5184 τοῖς

2064 5226 2323 5298 ὑπηκόοις
2349 5223 2747 5297 προύϐάλλοντο
2767 5261 2783 5286 ,
2834 5220 3013 5293 πάσης
3046 5217 3345 5274 ἀκολάστου
3392 5213 3641 5285 πράξεως

2062 5318 2187 5384 τοὺς
2235 5318 2556 5391 προσιόντας
2606 5314 2960 5387 ἀπείργοντες
2996 5352 3011 5377 ,
3060 5311 3193 5384 μηδὲ
3225 5311 3324 5380 τῆς
3380 5303 3639 5361 πολυθέου

2064 5410 2272 5481 πλάνης
2308 5406 2704 5481 ἀπομιμεῖσθαι
2735 5404 2832 5470 τὰς
2877 5404 3178 5474 ὲκθέσμους
3232 5394 3638 5468 ἐπιτηδεύσεις,

2067 5498 2446 5573 προτροπάδην
2462 5498 2519 5551 δὲ
2539 5497 2762 5568 φεύγειν
2772 5494 3111 5558 διδάσκοντες
3132 5492 3311 5544 πᾶσαν
3323 5482 3643 5558 δαιμονικὴν

2067 5591 2400 5663 ἐγχείρησιν,
2427 5589 2522 5643 καὶ
2555 5590 2654 5652 τὰς
2686 5587 2851 5641 πάλαι
2890 5581 3386 5655 περισπουδάστους
3426 5578 3639 5642 ὲκείνας

2066 5681 2551 5756 ἀνθρωποθυσίας,
2610 5678 2711 5743 τάς
2761 5696 2820 5732 τε
2864 5676 3098 5748 αἰσχρὰς
3163 5673 3258 5727 καὶ
3313 5670 3639 5743 ὲπιρῤήτους

2072 5775 2198 5848 περὶ
2237 5773 2374 5828 θεῶν
2412 5772 2689 5845 διηγήσεις
2707 5811 2731 5853 ,Χ
2752 5765 2826 5826 ῶν
2871 5769 3259 5859 ἀπείργοντες,
3297 5762 3442 5839 μόνῳ
3472 5776 3641 5831 προσ-ε
