  <div class='ocr_page' id='page_1' title='image "/cluster/home/n/w/nwhite01/storage/ocr_20150623/22:no.4/coo.31924054873025/186.png"; bbox 0 0 4110 6434; ppageno 0'>
   <div class='ocr_carea' id='block_1_1' title="bbox 425 395 530 450">
    <p class='ocr_par' dir='ltr' id='par_1_1' title="bbox 425 395 530 450">
     <span class='ocr_line' id='line_1_1' title="bbox 425 395 530 450; baseline 0 0"><span class='ocrx_word' id='word_1_1' title='bbox 425 395 530 450; x_wconf 68' lang='grc' dir='ltr'><strong>3ιὸ</strong></span> 
     </span>
    </p>
   </div>
   <div class='ocr_carea' id='block_1_2' title="bbox 1337 387 2751 452">
    <p class='ocr_par' dir='ltr' id='par_1_2' title="bbox 1337 387 2751 452">
     <span class='ocr_line' id='line_1_2' title="bbox 1337 387 2751 452; baseline -0.001 -3"><span class='ocrx_word' id='word_1_2' title='bbox 1337 393 1983 452; x_wconf 72' lang='lat' dir='ltr'><strong>DEMONSTRATIONIS</strong></span> <span class='ocrx_word' id='word_1_3' title='bbox 2022 387 2480 450; x_wconf 65' lang='lat' dir='ltr'><strong>EVANGELICE</strong></span> <span class='ocrx_word' id='word_1_4' title='bbox 2516 391 2643 446; x_wconf 85' lang='lat' dir='ltr'><strong>LIB.</strong></span> <span class='ocrx_word' id='word_1_5' title='bbox 2686 391 2751 447; x_wconf 61' lang='grc' dir='ltr'><strong>ἴ.</strong></span> 
     </span>
    </p>
   </div>
   <div class='ocr_carea' id='block_1_3' title="bbox 3568 392 3672 451">
    <p class='ocr_par' dir='ltr' id='par_1_3' title="bbox 3568 392 3672 451">
     <span class='ocr_line' id='line_1_3' title="bbox 3568 392 3672 451; baseline 0 0"><span class='ocrx_word' id='word_1_6' title='bbox 3568 392 3672 451; x_wconf 70' lang='grc'><strong>546</strong></span> 
     </span>
    </p>
   </div>
   <div class='ocr_carea' id='block_1_4' title="bbox 427 511 1969 589">
    <p class='ocr_par' dir='ltr' id='par_1_4' title="bbox 427 516 1965 589">
     <span class='ocr_line' id='line_1_4' title="bbox 427 516 1965 589; baseline 0.001 -20"><span class='ocrx_word' id='word_1_7' title='bbox 427 516 637 586; x_wconf 79' lang='grc' dir='ltr'>ἀνέχειν</span> <span class='ocrx_word' id='word_1_8' title='bbox 689 518 1067 572; x_wconf 70' lang='grc' dir='ltr'>συντϐούλευον</span> <span class='ocrx_word' id='word_1_9' title='bbox 1115 517 1192 589; x_wconf 81' lang='grc' dir='ltr'>τῷ</span> <span class='ocrx_word' id='word_1_10' title='bbox 1217 519 1434 573; x_wconf 85' lang='grc' dir='ltr'>πάντων</span> <span class='ocrx_word' id='word_1_11' title='bbox 1477 518 1791 589; x_wconf 83' lang='grc' dir='ltr'><strong>δημιουργῷ</strong></span> <span class='ocrx_word' id='word_1_12' title='bbox 1847 517 1965 588; x_wconf 87' lang='grc' dir='ltr'><strong>Θεῷ</strong></span> 
     </span>
    </p>
   </div>
   <div class='ocr_carea' id='block_1_5' title="bbox 2070 511 3674 589">
    <p class='ocr_par' dir='ltr' id='par_1_5' title="bbox 2093 511 3674 585">
     <span class='ocr_line' id='line_1_5' title="bbox 2093 511 3674 585; baseline -0.002 -15"><span class='ocrx_word' id='word_1_13' title='bbox 2093 517 2391 571; x_wconf 76' lang='lat' dir='ltr'><strong>nuntiaret.</strong></span> <span class='ocrx_word' id='word_1_14' title='bbox 2445 515 2570 570; x_wconf 78' lang='lat' dir='ltr'><strong>Haec</strong></span> <span class='ocrx_word' id='word_1_15' title='bbox 2602 522 2728 571; x_wconf 91' lang='lat' dir='ltr'><strong>sunt</strong></span> <span class='ocrx_word' id='word_1_16' title='bbox 2761 529 2881 585; x_wconf 76' lang='lat' dir='ltr'><strong>quae</strong></span> <span class='ocrx_word' id='word_1_17' title='bbox 2921 513 2989 568; x_wconf 90' lang='lat' dir='ltr'><strong>ab</strong></span> <span class='ocrx_word' id='word_1_18' title='bbox 3043 511 3201 566; x_wconf 91' lang='lat' dir='ltr'><strong>initio</strong></span> <span class='ocrx_word' id='word_1_19' title='bbox 3227 519 3280 566; x_wconf 91' lang='lat' dir='ltr'><strong>et</strong></span> <span class='ocrx_word' id='word_1_20' title='bbox 3310 511 3501 566; x_wconf 87' lang='lat' dir='ltr'><strong>titulus</strong></span> <span class='ocrx_word' id='word_1_21' title='bbox 3531 521 3583 567; x_wconf 91' lang='lat' dir='ltr'><strong>et</strong></span> <span class='ocrx_word' id='word_1_22' title='bbox 3604 513 3674 567; x_wconf 79' lang='lat' dir='ltr'><strong>li-</strong></span> 
     </span>
    </p>
   </div>
   <div class='ocr_carea' id='block_1_6' title="bbox 426 604 1990 684">
    <p class='ocr_par' dir='ltr' id='par_1_6' title="bbox 426 604 1990 684">
     <span class='ocr_line' id='line_1_6' title="bbox 426 604 1990 684; baseline -0.001 -23"><span class='ocrx_word' id='word_1_23' title='bbox 426 604 514 661; x_wconf 73' lang='grc' dir='ltr'>οἷα</span> <span class='ocrx_word' id='word_1_24' title='bbox 545 608 724 680; x_wconf 81' lang='grc' dir='ltr'>ἐφόρῳ</span> <span class='ocrx_word' id='word_1_25' title='bbox 769 611 860 664; x_wconf 71' lang='grc' dir='ltr'><strong>καὶ</strong></span> <span class='ocrx_word' id='word_1_26' title='bbox 907 612 1063 684; x_wconf 84' lang='grc' dir='ltr'>κριτῇ</span> <span class='ocrx_word' id='word_1_27' title='bbox 1113 611 1430 683; x_wconf 79' lang='grc' dir='ltr'><strong>τυγχάνοντι</strong></span> <span class='ocrx_word' id='word_1_28' title='bbox 1459 611 1566 663; x_wconf 87' lang='grc' dir='ltr'><strong>τῶν</strong></span> <span class='ocrx_word' id='word_1_29' title='bbox 1599 612 1654 663; x_wconf 87' lang='grc' dir='ltr'><strong>ἐν</strong></span> <span class='ocrx_word' id='word_1_30' title='bbox 1685 609 1990 680; x_wconf 85' lang='grc' dir='ltr'>ἀνθρώποις</span> 
     </span>
    </p>
   </div>
   <div class='ocr_carea' id='block_1_7' title="bbox 427 700 1992 774">
    <p class='ocr_par' dir='ltr' id='par_1_7' title="bbox 427 700 1992 774">
     <span class='ocr_line' id='line_1_7' title="bbox 427 700 1992 774; baseline -0.003 -17"><span class='ocrx_word' id='word_1_31' title='bbox 427 701 810 774; x_wconf 80' lang='grc' dir='ltr'><strong>πραττομένων</strong></span> <span class='ocrx_word' id='word_1_32' title='bbox 829 719 843 732; x_wconf 78' lang='grc' dir='ltr'><strong><em>ο</em></strong></span> <span class='ocrx_word' id='word_1_33' title='bbox 881 703 1012 773; x_wconf 72' lang='grc' dir='ltr'>μηδὲ</span> <span class='ocrx_word' id='word_1_34' title='bbox 1041 705 1252 770; x_wconf 80' lang='grc' dir='ltr'><strong>ἀγνοεῖν</strong></span> <span class='ocrx_word' id='word_1_35' title='bbox 1280 703 1372 755; x_wconf 73' lang='grc' dir='ltr'>τὸν</span> <span class='ocrx_word' id='word_1_36' title='bbox 1405 701 1665 772; x_wconf 85' lang='grc' dir='ltr'>μέλλοντα</span> <span class='ocrx_word' id='word_1_37' title='bbox 1691 704 1768 765; x_wconf 84' lang='grc' dir='ltr'>εἰς</span> <span class='ocrx_word' id='word_1_38' title='bbox 1791 700 1992 771; x_wconf 79' lang='grc' dir='ltr'>ἀνθρώ-</span> 
     </span>
    </p>
   </div>
   <div class='ocr_carea' id='block_1_8' title="bbox 428 790 1991 866">
    <p class='ocr_par' dir='ltr' id='par_1_8' title="bbox 428 790 1991 866">
     <span class='ocr_line' id='line_1_8' title="bbox 428 790 1991 866; baseline -0.001 -23"><span class='ocrx_word' id='word_1_39' title='bbox 428 808 560 855; x_wconf 89' lang='grc' dir='ltr'>πους</span> <span class='ocrx_word' id='word_1_40' title='bbox 605 792 886 862; x_wconf 70' lang='grc' dir='ltr'>ἐπιδημεῖν</span> <span class='ocrx_word' id='word_1_41' title='bbox 918 793 1148 866; x_wconf 82' lang='grc' dir='ltr'>Χριστὸν</span> <span class='ocrx_word' id='word_1_42' title='bbox 1191 791 1284 846; x_wconf 89' lang='grc' dir='ltr'><strong>τοῦ</strong></span> <span class='ocrx_word' id='word_1_43' title='bbox 1334 792 1489 855; x_wconf 85' lang='grc' dir='ltr'>Θεοῦ,</span> <span class='ocrx_word' id='word_1_44' title='bbox 1523 792 1745 862; x_wconf 76' lang='grc' dir='ltr'>Σωτῆρα</span> <span class='ocrx_word' id='word_1_45' title='bbox 1793 790 1991 853; x_wconf 82' lang='grc' dir='ltr'>παντὸς</span> 
     </span>
    </p>
   </div>
   <div class='ocr_carea' id='block_1_9' title="bbox 423 877 1988 953">
    <p class='ocr_par' dir='ltr' id='par_1_9' title="bbox 423 877 1988 953">
     <span class='ocr_line' id='line_1_9' title="bbox 423 877 1988 953; baseline -0.001 -19"><span class='ocrx_word' id='word_1_46' title='bbox 423 881 611 949; x_wconf 83' lang='grc' dir='ltr'>γένους</span> <span class='ocrx_word' id='word_1_47' title='bbox 660 877 982 953; x_wconf 81' lang='grc' dir='ltr'>ἀνθρώπων,</span> <span class='ocrx_word' id='word_1_48' title='bbox 1016 884 1110 936; x_wconf 76' lang='grc' dir='ltr'><strong>καὶ</strong></span> <span class='ocrx_word' id='word_1_49' title='bbox 1159 882 1471 937; x_wconf 84' lang='grc' dir='ltr'>διδάσκαλον</span> <span class='ocrx_word' id='word_1_50' title='bbox 1519 882 1805 953; x_wconf 83' lang='grc' dir='ltr'>βαρϐάρων</span> <span class='ocrx_word' id='word_1_51' title='bbox 1855 880 1988 951; x_wconf 86' lang='grc' dir='ltr'>ὁμοῦ</span> 
     </span>
    </p>
   </div>
   <div class='ocr_carea' id='block_1_10' title="bbox 421 971 1990 1044">
    <p class='ocr_par' dir='ltr' id='par_1_10' title="bbox 421 971 1990 1044">
     <span class='ocr_line' id='line_1_10' title="bbox 421 971 1990 1044; baseline -0.003 -18"><span class='ocrx_word' id='word_1_52' title='bbox 421 971 517 1028; x_wconf 79' lang='grc' dir='ltr'>καὶ</span> <span class='ocrx_word' id='word_1_53' title='bbox 555 972 814 1042; x_wconf 79' lang='grc' dir='ltr'><strong>Ἐλλήνων</strong></span> <span class='ocrx_word' id='word_1_54' title='bbox 845 974 1124 1038; x_wconf 83' lang='grc' dir='ltr'>εὐσεϐείας</span> <span class='ocrx_word' id='word_1_55' title='bbox 1178 976 1273 1044; x_wconf 82' lang='grc' dir='ltr'>τῆς</span> <span class='ocrx_word' id='word_1_56' title='bbox 1319 972 1550 1044; x_wconf 75' lang='grc' dir='ltr'><strong>ἀληθοῦς</strong></span> <span class='ocrx_word' id='word_1_57' title='bbox 1579 972 1990 1042; x_wconf 88' lang='grc' dir='ltr'>καταστησόμε-</span> 
     </span>
    </p>
   </div>
   <div class='ocr_carea' id='block_1_11' title="bbox 421 1061 1988 1136">
    <p class='ocr_par' dir='ltr' id='par_1_11' title="bbox 421 1061 1988 1136">
     <span class='ocr_line' id='line_1_11' title="bbox 421 1061 1988 1136; baseline 0 -20"><span class='ocrx_word' id='word_1_58' title='bbox 421 1079 531 1120; x_wconf 87' lang='grc' dir='ltr'>νον.</span> <span class='ocrx_word' id='word_1_59' title='bbox 561 1063 821 1118; x_wconf 85' lang='grc' dir='ltr'>Τοσοῦτόν</span> <span class='ocrx_word' id='word_1_60' title='bbox 847 1082 899 1118; x_wconf 89' lang='grc' dir='ltr'><strong>τι</strong></span> <span class='ocrx_word' id='word_1_61' title='bbox 939 1061 1006 1136; x_wconf 78' lang='grc' dir='ltr'>ἦν</span> <span class='ocrx_word' id='word_1_62' title='bbox 1034 1065 1095 1118; x_wconf 84' lang='grc' dir='ltr'>τὸ</span> <span class='ocrx_word' id='word_1_63' title='bbox 1121 1065 1372 1136; x_wconf 85' lang='grc' dir='ltr'>διάφορον</span> <span class='ocrx_word' id='word_1_64' title='bbox 1404 1065 1508 1118; x_wconf 87' lang='grc' dir='ltr'><strong>τῶν</strong></span> <span class='ocrx_word' id='word_1_65' title='bbox 1555 1065 1657 1118; x_wconf 81' lang='grc' dir='ltr'><strong>ὑπὸ</strong></span> <span class='ocrx_word' id='word_1_66' title='bbox 1708 1064 1799 1118; x_wconf 87' lang='grc' dir='ltr'><strong>τοῦ</strong></span> <span class='ocrx_word' id='word_1_67' title='bbox 1845 1064 1988 1116; x_wconf 80' lang='grc' dir='ltr'>θείου</span> 
     </span>
    </p>
   </div>
   <div class='ocr_carea' id='block_1_12' title="bbox 422 1154 1990 1227">
    <p class='ocr_par' dir='ltr' id='par_1_12' title="bbox 422 1154 1990 1227">
     <span class='ocr_line' id='line_1_12' title="bbox 422 1154 1990 1227; baseline 0.001 -20"><span class='ocrx_word' id='word_1_68' title='bbox 422 1154 734 1226; x_wconf 80' lang='grc' dir='ltr'>Πνεῦματος</span> <span class='ocrx_word' id='word_1_69' title='bbox 758 1157 1002 1226; x_wconf 88' lang='grc' dir='ltr'>κατόχων</span> <span class='ocrx_word' id='word_1_70' title='bbox 1051 1157 1144 1210; x_wconf 78' lang='grc' dir='ltr'><strong>καὶ</strong></span> <span class='ocrx_word' id='word_1_71' title='bbox 1194 1155 1301 1210; x_wconf 87' lang='grc' dir='ltr'><strong>τῶν</strong></span> <span class='ocrx_word' id='word_1_72' title='bbox 1352 1157 1456 1210; x_wconf 81' lang='grc' dir='ltr'><strong>ὑπὸ</strong></span> <span class='ocrx_word' id='word_1_73' title='bbox 1499 1157 1815 1227; x_wconf 81' lang='grc' dir='ltr'>δαιμονικῆς</span> <span class='ocrx_word' id='word_1_74' title='bbox 1841 1158 1990 1227; x_wconf 86' lang='grc' dir='ltr'>ἐνερ-</span> 
     </span>
    </p>
   </div>
   <div class='ocr_carea' id='block_1_13' title="bbox 419 1243 1990 1320">
    <p class='ocr_par' dir='ltr' id='par_1_13' title="bbox 419 1243 1990 1320">
     <span class='ocr_line' id='line_1_13' title="bbox 419 1243 1990 1320; baseline 0.001 -22"><span class='ocrx_word' id='word_1_75' title='bbox 419 1247 573 1315; x_wconf 84' lang='grc' dir='ltr'>γείας</span> <span class='ocrx_word' id='word_1_76' title='bbox 603 1247 959 1318; x_wconf 80' lang='grc' dir='ltr'>μαντεύεσθαι</span> <span class='ocrx_word' id='word_1_77' title='bbox 994 1247 1492 1320; x_wconf 78' lang='grc' dir='ltr'><strong>προσποιουμένων.</strong></span> <span class='ocrx_word' id='word_1_78' title='bbox 1521 1243 1654 1301; x_wconf 83' lang='grc' dir='ltr'>Εἶτα</span> <span class='ocrx_word' id='word_1_79' title='bbox 1684 1248 1744 1300; x_wconf 87' lang='grc' dir='ltr'><strong>τὸ</strong></span> <span class='ocrx_word' id='word_1_80' title='bbox 1769 1248 1865 1318; x_wconf 85' lang='grc' dir='ltr'>μὲν</span> <span class='ocrx_word' id='word_1_81' title='bbox 1889 1263 1990 1300; x_wconf 86' lang='grc' dir='ltr'>πο-</span> 
     </span>
    </p>
   </div>
   <div class='ocr_carea' id='block_1_14' title="bbox 417 1333 1990 1410">
    <p class='ocr_par' dir='ltr' id='par_1_14' title="bbox 417 1333 1990 1410">
     <span class='ocr_line' id='line_1_14' title="bbox 417 1333 1990 1410; baseline -0.002 -18"><span class='ocrx_word' id='word_1_82' title='bbox 417 1339 579 1410; x_wconf 82' lang='grc' dir='ltr'>νηρὸν</span> <span class='ocrx_word' id='word_1_83' title='bbox 631 1339 927 1410; x_wconf 85' lang='grc' dir='ltr'>δαιμόνιον,</span> <span class='ocrx_word' id='word_1_84' title='bbox 968 1333 1058 1392; x_wconf 77' lang='grc' dir='ltr'>οἶα</span> <span class='ocrx_word' id='word_1_85' title='bbox 1120 1339 1342 1402; x_wconf 90' lang='grc' dir='ltr'>σκότους</span> <span class='ocrx_word' id='word_1_86' title='bbox 1390 1340 1607 1404; x_wconf 82' lang='grc' dir='ltr'>οἰκεῖον,</span> <span class='ocrx_word' id='word_1_87' title='bbox 1656 1338 1843 1393; x_wconf 83' lang='grc' dir='ltr'><strong>σκότον</strong></span> <span class='ocrx_word' id='word_1_88' title='bbox 1895 1337 1990 1391; x_wconf 80' lang='grc' dir='ltr'>καὶ</span> 
     </span>
    </p>
   </div>
   <div class='ocr_carea' id='block_1_15' title="bbox 414 1426 1987 1500">
    <p class='ocr_par' dir='ltr' id='par_1_15' title="bbox 414 1426 1987 1500">
     <span class='ocr_line' id='line_1_15' title="bbox 414 1426 1987 1500; baseline -0.002 -18"><span class='ocrx_word' id='word_1_89' title='bbox 414 1427 581 1497; x_wconf 80' lang='grc' dir='ltr'>ἀχλὺν</span> <span class='ocrx_word' id='word_1_90' title='bbox 613 1427 935 1498; x_wconf 86' lang='grc' dir='ltr'>περιϐάλλον</span> <span class='ocrx_word' id='word_1_91' title='bbox 960 1430 1026 1498; x_wconf 80' lang='grc' dir='ltr'>τῇ</span> <span class='ocrx_word' id='word_1_92' title='bbox 1053 1427 1196 1500; x_wconf 81' lang='grc' dir='ltr'>ψυχῇ</span> <span class='ocrx_word' id='word_1_93' title='bbox 1232 1427 1318 1481; x_wconf 78' lang='grc' dir='ltr'><strong>διὰ</strong></span> <span class='ocrx_word' id='word_1_94' title='bbox 1342 1427 1442 1497; x_wconf 77' lang='grc' dir='ltr'>τῆς</span> <span class='ocrx_word' id='word_1_95' title='bbox 1475 1429 1870 1498; x_wconf 82' lang='grc' dir='ltr'>ἐμφοιτήσεως,</span> <span class='ocrx_word' id='word_1_96' title='bbox 1896 1426 1987 1479; x_wconf 87' lang='grc' dir='ltr'><strong>τοῦ</strong></span> 
     </span>
    </p>
   </div>
   <div class='ocr_carea' id='block_1_16' title="bbox 418 1513 1986 1592">
    <p class='ocr_par' dir='ltr' id='par_1_16' title="bbox 418 1513 1986 1592">
     <span class='ocr_line' id='line_1_16' title="bbox 418 1513 1986 1592; baseline -0.001 -21"><span class='ocrx_word' id='word_1_97' title='bbox 418 1517 696 1589; x_wconf 75' lang='grc' dir='ltr'>ὑποφήτου</span> <span class='ocrx_word' id='word_1_98' title='bbox 745 1513 832 1572; x_wconf 74' lang='grc' dir='ltr'>οἷα</span> <span class='ocrx_word' id='word_1_99' title='bbox 881 1519 1073 1591; x_wconf 83' lang='grc' dir='ltr'>νεκρὸν</span> <span class='ocrx_word' id='word_1_100' title='bbox 1123 1519 1354 1592; x_wconf 77' lang='grc' dir='ltr'>ἐξήπλου</span> <span class='ocrx_word' id='word_1_101' title='bbox 1401 1518 1494 1578; x_wconf 84' lang='grc' dir='ltr'><strong>τοῦ</strong></span> <span class='ocrx_word' id='word_1_102' title='bbox 1541 1519 1684 1574; x_wconf 84' lang='grc' dir='ltr'><strong>κατά</strong></span> <span class='ocrx_word' id='word_1_103' title='bbox 1716 1518 1873 1588; x_wconf 86' lang='grc' dir='ltr'>φύσιν</span> <span class='ocrx_word' id='word_1_104' title='bbox 1899 1518 1986 1570; x_wconf 90' lang='grc' dir='ltr'>λο-</span> 
     </span>
    </p>
   </div>
   <div class='ocr_carea' id='block_1_17' title="bbox 412 1607 1990 1682">
    <p class='ocr_par' dir='ltr' id='par_1_17' title="bbox 412 1607 1990 1682">
     <span class='ocr_line' id='line_1_17' title="bbox 412 1607 1990 1682; baseline 0.002 -22"><span class='ocrx_word' id='word_1_105' title='bbox 412 1607 612 1678; x_wconf 87' lang='grc' dir='ltr'>γισμοῦ</span> <span class='ocrx_word' id='word_1_106' title='bbox 654 1609 1143 1680; x_wconf 87' lang='grc' dir='ltr'>παρενηνεγμένον,</span> <span class='ocrx_word' id='word_1_107' title='bbox 1175 1611 1284 1664; x_wconf 79' lang='grc' dir='ltr'>οὐδ’</span> <span class='ocrx_word' id='word_1_108' title='bbox 1317 1610 1575 1682; x_wconf 88' lang='grc' dir='ltr'>ἐπόμενον</span> <span class='ocrx_word' id='word_1_109' title='bbox 1612 1613 1723 1674; x_wconf 89' lang='grc' dir='ltr'>τοῖς</span> <span class='ocrx_word' id='word_1_110' title='bbox 1765 1609 1990 1680; x_wconf 85' lang='grc' dir='ltr'>λεγομέ-</span> 
     </span>
    </p>
   </div>
   <div class='ocr_carea' id='block_1_18' title="bbox 413 1697 1988 1775">
    <p class='ocr_par' dir='ltr' id='par_1_18' title="bbox 413 1697 1988 1775">
     <span class='ocr_line' id='line_1_18' title="bbox 413 1697 1988 1775; baseline 0.003 -23"><span class='ocrx_word' id='word_1_111' title='bbox 413 1715 524 1762; x_wconf 88' lang='grc' dir='ltr'>νοις</span> <span class='ocrx_word' id='word_1_112' title='bbox 551 1697 584 1770; x_wconf 85' lang='grc' dir='ltr'>ἢ</span> <span class='ocrx_word' id='word_1_113' title='bbox 620 1700 1017 1771; x_wconf 85' lang='grc' dir='ltr'>πραττομένοις</span> <span class='ocrx_word' id='word_1_114' title='bbox 1044 1701 1110 1755; x_wconf 86' lang='grc' dir='ltr'>δι’</span> <span class='ocrx_word' id='word_1_115' title='bbox 1136 1701 1322 1767; x_wconf 80' lang='grc' dir='ltr'>αὑτοῦ,</span> <span class='ocrx_word' id='word_1_116' title='bbox 1357 1703 1630 1768; x_wconf 83' lang='grc' dir='ltr'><strong>παντελῶς</strong></span> <span class='ocrx_word' id='word_1_117' title='bbox 1660 1704 1704 1757; x_wconf 86' lang='grc' dir='ltr'>δ’</span> <span class='ocrx_word' id='word_1_118' title='bbox 1729 1703 1988 1775; x_wconf 84' lang='grc' dir='ltr'>ἀναίσθη-</span> 
     </span>
    </p>
   </div>
   <div class='ocr_carea' id='block_1_19' title="bbox 411 1788 1981 1864">
    <p class='ocr_par' dir='ltr' id='par_1_19' title="bbox 411 1788 1981 1864">
     <span class='ocr_line' id='line_1_19' title="bbox 411 1788 1981 1864; baseline 0.003 -24"><span class='ocrx_word' id='word_1_119' title='bbox 411 1803 503 1840; x_wconf 87' lang='grc' dir='ltr'><strong>τον</strong></span> <span class='ocrx_word' id='word_1_120' title='bbox 528 1788 620 1841; x_wconf 76' lang='grc' dir='ltr'>καὶ</span> <span class='ocrx_word' id='word_1_121' title='bbox 651 1788 973 1860; x_wconf 88' lang='grc' dir='ltr'>παράφρονα</span> <span class='ocrx_word' id='word_1_122' title='bbox 991 1806 1003 1819; x_wconf 92' lang='grc'><strong>·</strong></span> <span class='ocrx_word' id='word_1_123' title='bbox 1038 1791 1166 1862; x_wconf 75' lang='grc' dir='ltr'>παρ’</span> <span class='ocrx_word' id='word_1_124' title='bbox 1198 1791 1225 1843; x_wconf 89' lang='grc' dir='ltr'><strong>ὃ</strong></span> <span class='ocrx_word' id='word_1_125' title='bbox 1252 1789 1346 1843; x_wconf 74' lang='grc' dir='ltr'>καὶ</span> <span class='ocrx_word' id='word_1_126' title='bbox 1378 1792 1652 1861; x_wconf 81' lang='grc' dir='ltr'>μαντείαν,</span> <span class='ocrx_word' id='word_1_127' title='bbox 1685 1791 1874 1864; x_wconf 84' lang='grc' dir='ltr'>ὥσπερ</span> <span class='ocrx_word' id='word_1_128' title='bbox 1899 1810 1981 1845; x_wconf 68' lang='grc' dir='ltr'>τιν</span> 
     </span>
    </p>
   </div>
   <div class='ocr_carea' id='block_1_20' title="bbox 2092 601 3670 677">
    <p class='ocr_par' dir='ltr' id='par_1_20' title="bbox 2092 601 3670 677">
     <span class='ocr_line' id='line_1_20' title="bbox 2092 601 3670 677; baseline -0.002 -17"><span class='ocrx_word' id='word_1_129' title='bbox 2092 607 2206 664; x_wconf 91' lang='lat' dir='ltr'><strong>bris</strong></span> <span class='ocrx_word' id='word_1_130' title='bbox 2240 608 2414 664; x_wconf 85' lang='lat' dir='ltr'><strong>sacris</strong></span> <span class='ocrx_word' id='word_1_131' title='bbox 2443 605 2826 677; x_wconf 88' lang='lat' dir='ltr'><strong>prophetarum</strong></span> <span class='ocrx_word' id='word_1_132' title='bbox 2851 643 2866 667; x_wconf 91' lang='lat'><strong>,</strong></span> <span class='ocrx_word' id='word_1_133' title='bbox 2899 601 3155 658; x_wconf 85' lang='lat' dir='ltr'><strong>concordi</strong></span> <span class='ocrx_word' id='word_1_134' title='bbox 3208 618 3342 656; x_wconf 82' lang='lat' dir='ltr'><strong>voce</strong></span> <span class='ocrx_word' id='word_1_135' title='bbox 3391 605 3670 658; x_wconf 73' lang='lat' dir='ltr'><strong>enuntiata</strong></span> 
     </span>
    </p>
   </div>
   <div class='ocr_carea' id='block_1_21' title="bbox 2092 696 3670 768">
    <p class='ocr_par' dir='ltr' id='par_1_21' title="bbox 2092 696 3670 768">
     <span class='ocr_line' id='line_1_21' title="bbox 2092 696 3670 768; baseline 0 -18"><span class='ocrx_word' id='word_1_136' title='bbox 2092 697 2336 761; x_wconf 85' lang='lat' dir='ltr'><strong>fuerunt;</strong></span> <span class='ocrx_word' id='word_1_137' title='bbox 2362 699 2499 768; x_wconf 89' lang='lat' dir='ltr'><strong>ipsa,</strong></span> <span class='ocrx_word' id='word_1_138' title='bbox 2530 700 2772 768; x_wconf 88' lang='lat' dir='ltr'><strong>inquam,</strong></span> <span class='ocrx_word' id='word_1_139' title='bbox 2803 696 2937 762; x_wconf 61' lang='lat' dir='ltr'><strong>hare,</strong></span> <span class='ocrx_word' id='word_1_140' title='bbox 2958 711 3078 765; x_wconf 89' lang='lat' dir='ltr'><strong>quae</strong></span> <span class='ocrx_word' id='word_1_141' title='bbox 3099 696 3261 750; x_wconf 88' lang='lat' dir='ltr'><strong>etiam</strong></span> <span class='ocrx_word' id='word_1_142' title='bbox 3286 711 3389 750; x_wconf 86' lang='lat' dir='ltr'><strong>nos</strong></span> <span class='ocrx_word' id='word_1_143' title='bbox 3413 703 3536 765; x_wconf 91' lang='lat' dir='ltr'><strong>post</strong></span> <span class='ocrx_word' id='word_1_144' title='bbox 3551 696 3670 750; x_wconf 90' lang='lat' dir='ltr'><strong>lon-</strong></span> 
     </span>
    </p>
   </div>
   <div class='ocr_carea' id='block_1_22' title="bbox 2090 787 3669 861">
    <p class='ocr_par' dir='ltr' id='par_1_22' title="bbox 2090 787 3669 861">
     <span class='ocr_line' id='line_1_22' title="bbox 2090 787 3669 861; baseline -0.003 -16"><span class='ocrx_word' id='word_1_145' title='bbox 2090 791 2376 861; x_wconf 86' lang='lat' dir='ltr'><strong>gissimum</strong></span> <span class='ocrx_word' id='word_1_146' title='bbox 2420 797 2656 859; x_wconf 89' lang='lat' dir='ltr'><strong>tempus,</strong></span> <span class='ocrx_word' id='word_1_147' title='bbox 2689 789 2956 842; x_wconf 86' lang='lat' dir='ltr'><strong>hodierno</strong></span> <span class='ocrx_word' id='word_1_148' title='bbox 2993 787 3111 855; x_wconf 92' lang='lat' dir='ltr'><strong>ipso</strong></span> <span class='ocrx_word' id='word_1_149' title='bbox 3141 787 3228 842; x_wconf 89' lang='lat' dir='ltr'><strong>die</strong></span> <span class='ocrx_word' id='word_1_150' title='bbox 3249 787 3509 855; x_wconf 90' lang='lat' dir='ltr'><strong>compleri</strong></span> <span class='ocrx_word' id='word_1_151' title='bbox 3536 802 3669 841; x_wconf 88' lang='lat' dir='ltr'><strong>oeu-</strong></span> 
     </span>
    </p>
   </div>
   <div class='ocr_carea' id='block_1_23' title="bbox 2089 878 3668 944">
    <p class='ocr_par' dir='ltr' id='par_1_23' title="bbox 2089 878 3668 944">
     <span class='ocr_line' id='line_1_23' title="bbox 2089 878 3668 944; baseline -0.002 -8"><span class='ocrx_word' id='word_1_152' title='bbox 2089 884 2159 937; x_wconf 89' lang='lat' dir='ltr'><strong>lis</strong></span> <span class='ocrx_word' id='word_1_153' title='bbox 2189 882 2390 938; x_wconf 88' lang='lat' dir='ltr'><strong>nostris</strong></span> <span class='ocrx_word' id='word_1_154' title='bbox 2420 882 2712 936; x_wconf 85' lang='lat' dir='ltr'><strong>intuemur.</strong></span> <span class='ocrx_word' id='word_1_155' title='bbox 2745 879 2808 933; x_wconf 79' lang='lat' dir='ltr'><strong>Hi</strong></span> <span class='ocrx_word' id='word_1_156' title='bbox 2842 895 2969 934; x_wconf 84' lang='lat' dir='ltr'><strong>vero</strong></span> <span class='ocrx_word' id='word_1_157' title='bbox 2996 895 3186 934; x_wconf 89' lang='lat' dir='ltr'><strong>omnes</strong></span> <span class='ocrx_word' id='word_1_158' title='bbox 3208 894 3319 933; x_wconf 90' lang='lat' dir='ltr'><strong>uno</strong></span> <span class='ocrx_word' id='word_1_159' title='bbox 3339 893 3454 944; x_wconf 92' lang='lat' dir='ltr'><strong>ore,</strong></span> <span class='ocrx_word' id='word_1_160' title='bbox 3482 878 3668 934; x_wconf 88' lang='lat' dir='ltr'><strong>divino</strong></span> 
     </span>
    </p>
   </div>
   <div class='ocr_carea' id='block_1_24' title="bbox 2093 971 3668 1042">
    <p class='ocr_par' dir='ltr' id='par_1_24' title="bbox 2093 971 3668 1042">
     <span class='ocr_line' id='line_1_24' title="bbox 2093 971 3668 1042; baseline -0.003 -14"><span class='ocrx_word' id='word_1_161' title='bbox 2093 973 2298 1042; x_wconf 85' lang='lat' dir='ltr'><strong>Spiritu</strong></span> <span class='ocrx_word' id='word_1_162' title='bbox 2328 972 2514 1039; x_wconf 83' lang='lat' dir='ltr'><strong>afflati,</strong></span> <span class='ocrx_word' id='word_1_163' title='bbox 2550 972 2763 1026; x_wconf 86' lang='lat' dir='ltr'><strong>cunctis</strong></span> <span class='ocrx_word' id='word_1_164' title='bbox 2792 971 3106 1025; x_wconf 87' lang='lat' dir='ltr'><strong>hominibus</strong></span> <span class='ocrx_word' id='word_1_165' title='bbox 3153 971 3334 1024; x_wconf 89' lang='lat' dir='ltr'><strong>lumen</strong></span> <span class='ocrx_word' id='word_1_166' title='bbox 3378 985 3519 1024; x_wconf 71' lang='lat' dir='ltr'><strong>vera:</strong></span> <span class='ocrx_word' id='word_1_167' title='bbox 3563 971 3668 1042; x_wconf 87' lang='lat' dir='ltr'><strong>pie-</strong></span> 
     </span>
    </p>
   </div>
   <div class='ocr_carea' id='block_1_25' title="bbox 2091 1059 3668 1134">
    <p class='ocr_par' dir='ltr' id='par_1_25' title="bbox 2091 1059 3668 1134">
     <span class='ocr_line' id='line_1_25' title="bbox 2091 1059 3668 1134; baseline -0.003 -19"><span class='ocrx_word' id='word_1_168' title='bbox 2091 1064 2218 1118; x_wconf 87' lang='lat' dir='ltr'><strong>tatis</strong></span> <span class='ocrx_word' id='word_1_169' title='bbox 2250 1063 2582 1134; x_wconf 81' lang='lat' dir='ltr'><strong>aperiebant,</strong></span> <span class='ocrx_word' id='word_1_170' title='bbox 2617 1069 2778 1131; x_wconf 91' lang='lat' dir='ltr'><strong>atque</strong></span> <span class='ocrx_word' id='word_1_171' title='bbox 2810 1061 3004 1114; x_wconf 70' lang='lat' dir='ltr'><strong>anima:</strong></span> <span class='ocrx_word' id='word_1_172' title='bbox 3047 1065 3102 1113; x_wconf 87' lang='lat' dir='ltr'><strong>et</strong></span> <span class='ocrx_word' id='word_1_173' title='bbox 3158 1059 3404 1129; x_wconf 91' lang='lat' dir='ltr'><strong>corporis</strong></span> <span class='ocrx_word' id='word_1_174' title='bbox 3451 1059 3668 1114; x_wconf 84' lang='lat' dir='ltr'><strong>castita-</strong></span> 
     </span>
    </p>
   </div>
   <div class='ocr_carea' id='block_1_26' title="bbox 2090 1149 3666 1225">
    <p class='ocr_par' dir='ltr' id='par_1_26' title="bbox 2090 1149 3666 1225">
     <span class='ocr_line' id='line_1_26' title="bbox 2090 1149 3666 1225; baseline -0.005 -15"><span class='ocrx_word' id='word_1_175' title='bbox 2090 1165 2196 1210; x_wconf 86' lang='lat' dir='ltr'><strong>tem</strong></span> <span class='ocrx_word' id='word_1_176' title='bbox 2237 1154 2640 1225; x_wconf 82' lang='lat' dir='ltr'><strong>perfectamque</strong></span> <span class='ocrx_word' id='word_1_177' title='bbox 2671 1150 2868 1206; x_wconf 89' lang='lat' dir='ltr'><strong>mentis</strong></span> <span class='ocrx_word' id='word_1_178' title='bbox 2897 1151 3276 1219; x_wconf 80' lang='lat' dir='ltr'><strong>purgationem</strong></span> <span class='ocrx_word' id='word_1_179' title='bbox 3312 1149 3666 1203; x_wconf 89' lang='lat' dir='ltr'><strong>commenda-</strong></span> 
     </span>
    </p>
   </div>
   <div class='ocr_carea' id='block_1_27' title="bbox 2089 1240 3661 1312">
    <p class='ocr_par' dir='ltr' id='par_1_27' title="bbox 2089 1240 3661 1312">
     <span class='ocr_line' id='line_1_27' title="bbox 2089 1240 3661 1312; baseline -0.004 -14"><span class='ocrx_word' id='word_1_180' title='bbox 2089 1245 2238 1300; x_wconf 86' lang='lat' dir='ltr'><strong>bant.</strong></span> <span class='ocrx_word' id='word_1_181' title='bbox 2275 1245 2446 1311; x_wconf 87' lang='lat' dir='ltr'><strong>Quam</strong></span> <span class='ocrx_word' id='word_1_182' title='bbox 2472 1258 2597 1298; x_wconf 92' lang='lat' dir='ltr'><strong>cum</strong></span> <span class='ocrx_word' id='word_1_183' title='bbox 2620 1243 2722 1312; x_wconf 90' lang='lat' dir='ltr'><strong>ipsi</strong></span> <span class='ocrx_word' id='word_1_184' title='bbox 2750 1242 2901 1312; x_wconf 89' lang='lat' dir='ltr'><strong>prius</strong></span> <span class='ocrx_word' id='word_1_185' title='bbox 2924 1241 3316 1305; x_wconf 80' lang='lat' dir='ltr'><strong>exercuissent,</strong></span> <span class='ocrx_word' id='word_1_186' title='bbox 3346 1241 3414 1295; x_wconf 89' lang='lat' dir='ltr'><strong>iis</strong></span> <span class='ocrx_word' id='word_1_187' title='bbox 3437 1240 3530 1309; x_wconf 90' lang='lat' dir='ltr'><strong>qui</strong></span> <span class='ocrx_word' id='word_1_188' title='bbox 3557 1240 3661 1294; x_wconf 91' lang='lat' dir='ltr'><strong>sibi</strong></span> 
     </span>
    </p>
   </div>
   <div class='ocr_carea' id='block_1_28' title="bbox 2091 1332 3663 1405">
    <p class='ocr_par' dir='ltr' id='par_1_28' title="bbox 2091 1332 3663 1405">
     <span class='ocr_line' id='line_1_28' title="bbox 2091 1332 3663 1405; baseline -0.001 -17"><span class='ocrx_word' id='word_1_189' title='bbox 2091 1336 2465 1391; x_wconf 84' lang='lat' dir='ltr'><strong>auscultarent</strong></span> <span class='ocrx_word' id='word_1_190' title='bbox 2485 1374 2500 1399; x_wconf 93' lang='lat'><strong>,</strong></span> <span class='ocrx_word' id='word_1_191' title='bbox 2547 1333 2923 1405; x_wconf 87' lang='lat' dir='ltr'><strong>proponebant</strong></span> <span class='ocrx_word' id='word_1_192' title='bbox 2946 1373 2959 1396; x_wconf 86' lang='lat'><strong>,</strong></span> <span class='ocrx_word' id='word_1_193' title='bbox 2997 1339 3050 1386; x_wconf 90' lang='lat' dir='ltr'><strong>et</strong></span> <span class='ocrx_word' id='word_1_194' title='bbox 3084 1333 3151 1386; x_wconf 90' lang='lat' dir='ltr'><strong>ab</strong></span> <span class='ocrx_word' id='word_1_195' title='bbox 3179 1332 3328 1387; x_wconf 91' lang='lat' dir='ltr'><strong>omni</strong></span> <span class='ocrx_word' id='word_1_196' title='bbox 3360 1333 3539 1387; x_wconf 91' lang='lat' dir='ltr'><strong>minus</strong></span> <span class='ocrx_word' id='word_1_197' title='bbox 3568 1333 3663 1386; x_wconf 87' lang='lat' dir='ltr'><strong>ho-</strong></span> 
     </span>
    </p>
   </div>
   <div class='ocr_carea' id='block_1_29' title="bbox 2090 1421 3662 1495">
    <p class='ocr_par' dir='ltr' id='par_1_29' title="bbox 2090 1421 3662 1495">
     <span class='ocr_line' id='line_1_29' title="bbox 2090 1421 3662 1495; baseline -0.004 -16"><span class='ocrx_word' id='word_1_198' title='bbox 2090 1436 2243 1480; x_wconf 90' lang='lat' dir='ltr'><strong>nesta</strong></span> <span class='ocrx_word' id='word_1_199' title='bbox 2271 1429 2484 1481; x_wconf 85' lang='lat' dir='ltr'><strong>actione</strong></span> <span class='ocrx_word' id='word_1_200' title='bbox 2510 1441 2605 1480; x_wconf 90' lang='lat' dir='ltr'><strong>eos</strong></span> <span class='ocrx_word' id='word_1_201' title='bbox 2633 1425 2724 1495; x_wconf 91' lang='lat' dir='ltr'><strong>qui</strong></span> <span class='ocrx_word' id='word_1_202' title='bbox 2750 1423 2814 1478; x_wconf 89' lang='lat' dir='ltr'><strong>ad</strong></span> <span class='ocrx_word' id='word_1_203' title='bbox 2845 1439 2904 1478; x_wconf 90' lang='lat' dir='ltr'><strong>se</strong></span> <span class='ocrx_word' id='word_1_204' title='bbox 2930 1421 3270 1488; x_wconf 88' lang='lat' dir='ltr'><strong>accederent,</strong></span> <span class='ocrx_word' id='word_1_205' title='bbox 3301 1421 3662 1492; x_wconf 82' lang='lat' dir='ltr'><strong>prohibebant</strong></span> 
     </span>
    </p>
   </div>
   <div class='ocr_carea' id='block_1_30' title="bbox 2089 1511 3662 1586">
    <p class='ocr_par' dir='ltr' id='par_1_30' title="bbox 2089 1511 3662 1586">
     <span class='ocr_line' id='line_1_30' title="bbox 2089 1511 3662 1586; baseline -0.004 -16"><span class='ocrx_word' id='word_1_206' title='bbox 2089 1515 2560 1586; x_wconf 88' lang='lat' dir='ltr'><strong>deterrebantque,</strong></span> <span class='ocrx_word' id='word_1_207' title='bbox 2590 1531 2657 1571; x_wconf 91' lang='lat' dir='ltr'><strong>ne</strong></span> <span class='ocrx_word' id='word_1_208' title='bbox 2689 1513 2870 1569; x_wconf 89' lang='lat' dir='ltr'><strong>studia</strong></span> <span class='ocrx_word' id='word_1_209' title='bbox 2914 1511 3004 1565; x_wconf 89' lang='lat' dir='ltr'><strong>illa</strong></span> <span class='ocrx_word' id='word_1_210' title='bbox 3050 1511 3256 1566; x_wconf 89' lang='lat' dir='ltr'><strong>nefaria</strong></span> <span class='ocrx_word' id='word_1_211' title='bbox 3315 1512 3662 1565; x_wconf 88' lang='lat' dir='ltr'><strong>imitarentur</strong></span> 
     </span>
    </p>
   </div>
   <div class='ocr_carea' id='block_1_31' title="bbox 2087 1602 3655 1680">
    <p class='ocr_par' dir='ltr' id='par_1_31' title="bbox 2087 1602 3655 1680">
     <span class='ocr_line' id='line_1_31' title="bbox 2087 1602 3655 1680; baseline -0.006 -16"><span class='ocrx_word' id='word_1_212' title='bbox 2087 1624 2217 1680; x_wconf 76' lang='lat' dir='ltr'><strong>quae</strong></span> <span class='ocrx_word' id='word_1_213' title='bbox 2230 1609 2295 1663; x_wconf 89' lang='lat' dir='ltr'><strong>ab</strong></span> <span class='ocrx_word' id='word_1_214' title='bbox 2318 1623 2500 1664; x_wconf 89' lang='lat' dir='ltr'><strong>errore</strong></span> <span class='ocrx_word' id='word_1_215' title='bbox 2517 1607 2732 1662; x_wconf 90' lang='lat' dir='ltr'><strong>colendi</strong></span> <span class='ocrx_word' id='word_1_216' title='bbox 2751 1605 2953 1660; x_wconf 88' lang='lat' dir='ltr'><strong>multos</strong></span> <span class='ocrx_word' id='word_1_217' title='bbox 2970 1603 3102 1660; x_wconf 91' lang='lat' dir='ltr'><strong>deos</strong></span> <span class='ocrx_word' id='word_1_218' title='bbox 3133 1603 3373 1674; x_wconf 88' lang='lat' dir='ltr'><strong>profecta</strong></span> <span class='ocrx_word' id='word_1_219' title='bbox 3401 1602 3615 1657; x_wconf 80' lang='lat' dir='ltr'><strong>fuerant</strong></span> <span class='ocrx_word' id='word_1_220' title='bbox 3642 1621 3655 1654; x_wconf 89' lang='lat'><strong>:</strong></span> 
     </span>
    </p>
   </div>
   <div class='ocr_carea' id='block_1_32' title="bbox 2089 1694 3660 1772">
    <p class='ocr_par' dir='ltr' id='par_1_32' title="bbox 2089 1694 3660 1772">
     <span class='ocr_line' id='line_1_32' title="bbox 2089 1694 3660 1772; baseline -0.005 -16"><span class='ocrx_word' id='word_1_221' title='bbox 2089 1713 2204 1757; x_wconf 85' lang='lat' dir='ltr'><strong>tum</strong></span> <span class='ocrx_word' id='word_1_222' title='bbox 2236 1701 2499 1772; x_wconf 88' lang='lat' dir='ltr'><strong>praecipiti</strong></span> <span class='ocrx_word' id='word_1_223' title='bbox 2531 1701 2772 1771; x_wconf 90' lang='lat' dir='ltr'><strong>quodam</strong></span> <span class='ocrx_word' id='word_1_224' title='bbox 2799 1715 2968 1756; x_wconf 88' lang='lat' dir='ltr'><strong>cursu</strong></span> <span class='ocrx_word' id='word_1_225' title='bbox 2995 1698 3284 1761; x_wconf 86' lang='lat' dir='ltr'><strong>docebant,</strong></span> <span class='ocrx_word' id='word_1_226' title='bbox 3324 1706 3385 1750; x_wconf 93' lang='lat' dir='ltr'><strong>ut</strong></span> <span class='ocrx_word' id='word_1_227' title='bbox 3412 1694 3660 1765; x_wconf 79' lang='lat' dir='ltr'><strong>fugerent</strong></span> 
     </span>
    </p>
   </div>
   <div class='ocr_carea' id='block_1_33' title="bbox 2089 1777 3659 1856">
    <p class='ocr_par' dir='ltr' id='par_1_33' title="bbox 2089 1777 3659 1856">
     <span class='ocr_line' id='line_1_33' title="bbox 2089 1777 3659 1856; baseline -0.006 -10"><span class='ocrx_word' id='word_1_228' title='bbox 2089 1777 2678 1846; x_wconf 63' lang='lat' dir='ltr'><strong>omnem&#39;daemonicam</strong></span> <span class='ocrx_word' id='word_1_229' title='bbox 2695 1787 3394 1856; x_wconf 88' lang='lat' dir='ltr'><strong>traditionem,priscasqne</strong></span> <span class='ocrx_word' id='word_1_230' title='bbox 3409 1786 3530 1840; x_wconf 89' lang='lat' dir='ltr'><strong>illas</strong></span> <span class='ocrx_word' id='word_1_231' title='bbox 3547 1799 3659 1837; x_wconf 86' lang='lat' dir='ltr'><strong>om-</strong></span> 
     </span>
    </p>
   </div>
   <div class='ocr_carea' id='block_1_34' title="bbox 411 1855 1969 1952">
    <p class='ocr_par' dir='ltr' id='par_1_34' title="bbox 411 1855 1969 1952">
     <span class='ocr_line' id='line_1_34' title="bbox 411 1855 1969 1952; baseline 0.003 -20"><span class='ocrx_word' id='word_1_232' title='bbox 411 1877 478 1932; x_wconf 83' lang='grc' dir='ltr'><strong>νά</strong></span> <span class='ocrx_word' id='word_1_233' title='bbox 514 1855 986 1948; x_wconf 46' lang='grc' dir='ltr'>μανίανξείκότως</span> <span class='ocrx_word' id='word_1_234' title='bbox 1020 1855 1228 1934; x_wconf 81' lang='grc' dir='ltr'>ἐοίκασι</span> <span class='ocrx_word' id='word_1_235' title='bbox 1271 1855 1601 1952; x_wconf 43' lang='grc' dir='ltr'>τὴν-τοιάνδε</span> <span class='ocrx_word' id='word_1_236' title='bbox 1632 1855 1969 1936; x_wconf 70' lang='grc' dir='ltr'>κατάπτωσω</span> 
     </span>
    </p>
   </div>
   <div class='ocr_carea' id='block_1_35' title="bbox 2070 1855 3659 1952">
    <p class='ocr_par' dir='ltr' id='par_1_35' title="bbox 2086 1876 3659 1942">
     <span class='ocr_line' id='line_1_35' title="bbox 2086 1876 3659 1942; baseline -0.005 -4"><span class='ocrx_word' id='word_1_237' title='bbox 2086 1884 2141 1938; x_wconf 92' lang='lat' dir='ltr'><strong>ni</strong></span> <span class='ocrx_word' id='word_1_238' title='bbox 2160 1883 2342 1938; x_wconf 88' lang='lat' dir='ltr'><strong>studio</strong></span> <span class='ocrx_word' id='word_1_239' title='bbox 2356 1882 2657 1936; x_wconf 89' lang='lat' dir='ltr'><strong>celebratas</strong></span> <span class='ocrx_word' id='word_1_240' title='bbox 2666 1881 2948 1934; x_wconf 90' lang='lat' dir='ltr'><strong>hominum</strong></span> <span class='ocrx_word' id='word_1_241' title='bbox 2966 1878 3348 1942; x_wconf 88' lang='lat' dir='ltr'><strong>mactationes,</strong></span> <span class='ocrx_word' id='word_1_242' title='bbox 3362 1876 3659 1930; x_wconf 88' lang='lat' dir='ltr'><strong>obscenas-</strong></span> 
     </span>
    </p>
   </div>
   <div class='ocr_carea' id='block_1_36' title="bbox 409 1969 1982 2046">
    <p class='ocr_par' dir='ltr' id='par_1_36' title="bbox 409 1969 1982 2046">
     <span class='ocr_line' id='line_1_36' title="bbox 409 1969 1982 2046; baseline 0.004 -25"><span class='ocrx_word' id='word_1_243' title='bbox 409 1969 827 2043; x_wconf 79' lang='grc' dir='ltr'>ἐπικεκληκέναι</span> <span class='ocrx_word' id='word_1_244' title='bbox 846 1989 859 2002; x_wconf 89' lang='grc'><strong>·</strong></span> <span class='ocrx_word' id='word_1_245' title='bbox 886 1971 949 2024; x_wconf 81' lang='grc' dir='ltr'>τὸ</span> <span class='ocrx_word' id='word_1_246' title='bbox 993 1972 1050 2025; x_wconf 91' lang='grc' dir='ltr'><strong>δέ</strong></span> <span class='ocrx_word' id='word_1_247' title='bbox 1091 1990 1153 2042; x_wconf 86' lang='grc' dir='ltr'><strong>γε</strong></span> <span class='ocrx_word' id='word_1_248' title='bbox 1181 1973 1394 2042; x_wconf 82' lang='grc' dir='ltr'>ἀληθῶς</span> <span class='ocrx_word' id='word_1_249' title='bbox 1417 1975 1510 2028; x_wconf 79' lang='grc' dir='ltr'><strong>καὶ</strong></span> <span class='ocrx_word' id='word_1_250' title='bbox 1531 1974 1707 2028; x_wconf 79' lang='grc' dir='ltr'>ἔνθεον</span> <span class='ocrx_word' id='word_1_251' title='bbox 1737 1975 1982 2046; x_wconf 82' lang='grc' dir='ltr'>Πνεῦμα,</span> 
     </span>
    </p>
   </div>
   <div class='ocr_carea' id='block_1_37' title="bbox 409 2062 1985 2142">
    <p class='ocr_par' dir='ltr' id='par_1_37' title="bbox 409 2062 1985 2142">
     <span class='ocr_line' id='line_1_37' title="bbox 409 2062 1985 2142; baseline 0.004 -28"><span class='ocrx_word' id='word_1_252' title='bbox 409 2063 712 2130; x_wconf 85' lang='grc' dir='ltr'>φωτοειδὲς,</span> <span class='ocrx_word' id='word_1_253' title='bbox 746 2063 946 2135; x_wconf 82' lang='grc' dir='ltr'>μᾶλλον</span> <span class='ocrx_word' id='word_1_254' title='bbox 971 2065 1026 2119; x_wconf 86' lang='grc' dir='ltr'>δὲ</span> <span class='ocrx_word' id='word_1_255' title='bbox 1056 2066 1170 2135; x_wconf 88' lang='grc' dir='ltr'><strong>φῶς</strong></span> <span class='ocrx_word' id='word_1_256' title='bbox 1199 2067 1329 2120; x_wconf 79' lang='grc' dir='ltr'>αὐτὸ</span> <span class='ocrx_word' id='word_1_257' title='bbox 1365 2068 1649 2139; x_wconf 82' lang='grc' dir='ltr'>τυγχάνον,</span> <span class='ocrx_word' id='word_1_258' title='bbox 1740 2067 1804 2121; x_wconf 77' lang='grc' dir='ltr'><strong>ἂν</strong></span> <span class='ocrx_word' id='word_1_259' title='bbox 1834 2067 1985 2121; x_wconf 89' lang='grc' dir='ltr'>ἐπέλ-</span> 
     </span>
    </p>
   </div>
   <div class='ocr_carea' id='block_1_38' title="bbox 403 2151 1984 2232">
    <p class='ocr_par' dir='ltr' id='par_1_38' title="bbox 403 2151 1984 2232">
     <span class='ocr_line' id='line_1_38' title="bbox 403 2151 1984 2232; baseline 0.007 -28"><span class='ocrx_word' id='word_1_260' title='bbox 403 2151 474 2224; x_wconf 82' lang='grc' dir='ltr'>θῃ</span> <span class='ocrx_word' id='word_1_261' title='bbox 499 2153 666 2225; x_wconf 83' lang='grc' dir='ltr'>ψυχῇ,</span> <span class='ocrx_word' id='word_1_262' title='bbox 693 2155 882 2227; x_wconf 84' lang='grc' dir='ltr'>καινὴν</span> <span class='ocrx_word' id='word_1_263' title='bbox 912 2159 1249 2230; x_wconf 82' lang='grc' dir='ltr'>παραχρῆμα</span> <span class='ocrx_word' id='word_1_264' title='bbox 1278 2160 1370 2212; x_wconf 74' lang='grc' dir='ltr'><strong>καὶ</strong></span> <span class='ocrx_word' id='word_1_265' title='bbox 1397 2159 1785 2232; x_wconf 80' lang='grc' dir='ltr'>λαμπροτάτην</span> <span class='ocrx_word' id='word_1_266' title='bbox 1807 2160 1984 2230; x_wconf 79' lang='grc' dir='ltr'>φωτὸς</span> 
     </span>
    </p>
   </div>
   <div class='ocr_carea' id='block_1_39' title="bbox 404 2241 1983 2319">
    <p class='ocr_par' dir='ltr' id='par_1_39' title="bbox 404 2241 1983 2319">
     <span class='ocr_line' id='line_1_39' title="bbox 404 2241 1983 2319; baseline 0.005 -25"><span class='ocrx_word' id='word_1_267' title='bbox 404 2241 616 2313; x_wconf 79' lang='grc' dir='ltr'>ἡμέραν</span> <span class='ocrx_word' id='word_1_268' title='bbox 662 2245 719 2298; x_wconf 84' lang='grc' dir='ltr'><strong>ἐν</strong></span> <span class='ocrx_word' id='word_1_269' title='bbox 767 2245 906 2317; x_wconf 77' lang='grc' dir='ltr'>αὐτῇ</span> <span class='ocrx_word' id='word_1_270' title='bbox 935 2248 1345 2319; x_wconf 75' lang='grc' dir='ltr'>κατειργάζετο,</span> <span class='ocrx_word' id='word_1_271' title='bbox 1379 2248 1762 2319; x_wconf 82' lang='grc' dir='ltr'>διαυγεστέραν</span> <span class='ocrx_word' id='word_1_272' title='bbox 1793 2267 1852 2302; x_wconf 91' lang='grc' dir='ltr'><strong>τε</strong></span> <span class='ocrx_word' id='word_1_273' title='bbox 1890 2251 1983 2302; x_wconf 77' lang='grc' dir='ltr'><strong>καὶ</strong></span> 
     </span>
    </p>
   </div>
   <div class='ocr_carea' id='block_1_40' title="bbox 403 2332 1982 2412">
    <p class='ocr_par' dir='ltr' id='par_1_40' title="bbox 403 2332 1982 2412">
     <span class='ocr_line' id='line_1_40' title="bbox 403 2332 1982 2412; baseline 0.004 -27"><span class='ocrx_word' id='word_1_274' title='bbox 403 2332 886 2408; x_wconf 83' lang='grc' dir='ltr'>θεωρητικωτέραν</span> <span class='ocrx_word' id='word_1_275' title='bbox 932 2339 1065 2392; x_wconf 80' lang='grc' dir='ltr'>πολὺ</span> <span class='ocrx_word' id='word_1_276' title='bbox 1115 2338 1276 2391; x_wconf 88' lang='grc' dir='ltr'>πλέον</span> <span class='ocrx_word' id='word_1_277' title='bbox 1326 2338 1422 2392; x_wconf 89' lang='grc' dir='ltr'>νῦν</span> <span class='ocrx_word' id='word_1_278' title='bbox 1461 2339 1495 2410; x_wconf 81' lang='grc' dir='ltr'>ἢ</span> <span class='ocrx_word' id='word_1_279' title='bbox 1530 2341 1791 2412; x_wconf 89' lang='grc' dir='ltr'>πρότερον</span> <span class='ocrx_word' id='word_1_280' title='bbox 1814 2339 1982 2411; x_wconf 74' lang='grc' dir='ltr'>αὐτὴν</span> 
     </span>
    </p>
   </div>
   <div class='ocr_carea' id='block_1_41' title="bbox 405 2421 1982 2501">
    <p class='ocr_par' dir='ltr' id='par_1_41' title="bbox 405 2421 1982 2501">
     <span class='ocr_line' id='line_1_41' title="bbox 405 2421 1982 2501; baseline 0.006 -27"><span class='ocrx_word' id='word_1_281' title='bbox 405 2421 572 2492; x_wconf 72' lang='grc' dir='ltr'>αὐτῆς</span> <span class='ocrx_word' id='word_1_282' title='bbox 593 2425 914 2493; x_wconf 84' lang='grc' dir='ltr'>ἀποφαῖνον,</span> <span class='ocrx_word' id='word_1_283' title='bbox 958 2425 1099 2479; x_wconf 82' lang='grc' dir='ltr'>ὥστε</span> <span class='ocrx_word' id='word_1_284' title='bbox 1118 2430 1308 2498; x_wconf 80' lang='grc' dir='ltr'>νήφειν</span> <span class='ocrx_word' id='word_1_285' title='bbox 1334 2429 1427 2482; x_wconf 76' lang='grc' dir='ltr'>καὶ</span> <span class='ocrx_word' id='word_1_286' title='bbox 1445 2430 1824 2501; x_wconf 88' lang='grc' dir='ltr'>ἐγρηγορέναι,</span> <span class='ocrx_word' id='word_1_287' title='bbox 1856 2447 1982 2483; x_wconf 89' lang='grc' dir='ltr'>συν-</span> 
     </span>
    </p>
   </div>
   <div class='ocr_carea' id='block_1_42' title="bbox 404 2513 1982 2591">
    <p class='ocr_par' dir='ltr' id='par_1_42' title="bbox 404 2513 1982 2591">
     <span class='ocr_line' id='line_1_42' title="bbox 404 2513 1982 2591; baseline 0.007 -26"><span class='ocrx_word' id='word_1_288' title='bbox 404 2513 535 2584; x_wconf 84' lang='grc' dir='ltr'>ορᾷν</span> <span class='ocrx_word' id='word_1_289' title='bbox 563 2530 621 2566; x_wconf 90' lang='grc' dir='ltr'><strong>τε</strong></span> <span class='ocrx_word' id='word_1_290' title='bbox 641 2515 858 2569; x_wconf 83' lang='grc' dir='ltr'>πάντων</span> <span class='ocrx_word' id='word_1_291' title='bbox 893 2517 1126 2588; x_wconf 86' lang='grc' dir='ltr'>μάλιστα</span> <span class='ocrx_word' id='word_1_292' title='bbox 1160 2521 1252 2572; x_wconf 73' lang='grc' dir='ltr'><strong>καὶ</strong></span> <span class='ocrx_word' id='word_1_293' title='bbox 1285 2520 1594 2591; x_wconf 80' lang='grc' dir='ltr'>συγκρίνειν</span> <span class='ocrx_word' id='word_1_294' title='bbox 1627 2522 1697 2574; x_wconf 85' lang='grc' dir='ltr'>τὰ</span> <span class='ocrx_word' id='word_1_295' title='bbox 1735 2522 1982 2586; x_wconf 82' lang='grc' dir='ltr'>θεσπιζό-</span> 
     </span>
    </p>
   </div>
   <div class='ocr_carea' id='block_1_43' title="bbox 406 2603 1980 2683">
    <p class='ocr_par' dir='ltr' id='par_1_43' title="bbox 406 2603 1980 2683">
     <span class='ocr_line' id='line_1_43' title="bbox 406 2603 1980 2683; baseline 0.008 -30"><span class='ocrx_word' id='word_1_296' title='bbox 406 2616 542 2669; x_wconf 86' lang='grc' dir='ltr'>μενα</span> <span class='ocrx_word' id='word_1_297' title='bbox 560 2617 575 2630; x_wconf 74' lang='grc'><strong>⁸</strong></span> <span class='ocrx_word' id='word_1_298' title='bbox 606 2605 735 2672; x_wconf 87' lang='grc' dir='ltr'>παρ’</span> <span class='ocrx_word' id='word_1_299' title='bbox 761 2605 789 2656; x_wconf 86' lang='grc' dir='ltr'><strong>ὃ</strong></span> <span class='ocrx_word' id='word_1_300' title='bbox 817 2622 907 2675; x_wconf 91' lang='grc' dir='ltr'><strong>μοι</strong></span> <span class='ocrx_word' id='word_1_301' title='bbox 937 2606 1199 2678; x_wconf 87' lang='grc' dir='ltr'>δοκοῦμεν</span> <span class='ocrx_word' id='word_1_302' title='bbox 1227 2603 1285 2662; x_wconf 83' lang='grc' dir='ltr'>εὖ</span> <span class='ocrx_word' id='word_1_303' title='bbox 1317 2610 1411 2662; x_wconf 75' lang='grc' dir='ltr'><strong>καὶ</strong></span> <span class='ocrx_word' id='word_1_304' title='bbox 1443 2610 1655 2680; x_wconf 86' lang='grc' dir='ltr'>ἀληθῶς</span> <span class='ocrx_word' id='word_1_305' title='bbox 1699 2615 1980 2683; x_wconf 76' lang='grc' dir='ltr'>προφήτας</span> 
     </span>
    </p>
   </div>
   <div class='ocr_carea' id='block_1_44' title="bbox 402 2693 1981 2776">
    <p class='ocr_par' dir='ltr' id='par_1_44' title="bbox 402 2693 1981 2776">
     <span class='ocr_line' id='line_1_44' title="bbox 402 2693 1981 2776; baseline 0.009 -33"><span class='ocrx_word' id='word_1_306' title='bbox 402 2693 693 2747; x_wconf 86' lang='grc' dir='ltr'>ἀποκαλεῖν</span> <span class='ocrx_word' id='word_1_307' title='bbox 715 2698 840 2760; x_wconf 80' lang='grc' dir='ltr'>τοὺς</span> <span class='ocrx_word' id='word_1_308' title='bbox 862 2699 1122 2760; x_wconf 79' lang='grc' dir='ltr'>τοιούσδε,</span> <span class='ocrx_word' id='word_1_309' title='bbox 1144 2699 1293 2771; x_wconf 84' lang='grc' dir='ltr'><strong>παρά</strong></span> <span class='ocrx_word' id='word_1_310' title='bbox 1312 2701 1374 2753; x_wconf 76' lang='grc' dir='ltr'>τὸ</span> <span class='ocrx_word' id='word_1_311' title='bbox 1399 2703 1714 2773; x_wconf 80' lang='grc' dir='ltr'>προφαίνειν</span> <span class='ocrx_word' id='word_1_312' title='bbox 1735 2705 1829 2758; x_wconf 76' lang='grc' dir='ltr'><strong>καὶ</strong></span> <span class='ocrx_word' id='word_1_313' title='bbox 1848 2722 1981 2776; x_wconf 85' lang='grc' dir='ltr'>προ-</span> 
     </span>
    </p>
   </div>
   <div class='ocr_carea' id='block_1_45' title="bbox 403 2783 1976 2864">
    <p class='ocr_par' dir='ltr' id='par_1_45' title="bbox 403 2783 1976 2864">
     <span class='ocr_line' id='line_1_45' title="bbox 403 2783 1976 2864; baseline 0.009 -30"><span class='ocrx_word' id='word_1_314' title='bbox 403 2783 657 2850; x_wconf 77' lang='grc' dir='ltr'>φωτίζειν</span> <span class='ocrx_word' id='word_1_315' title='bbox 685 2786 742 2838; x_wconf 91' lang='grc' dir='ltr'>ἐν</span> <span class='ocrx_word' id='word_1_316' title='bbox 772 2787 954 2850; x_wconf 85' lang='grc' dir='ltr'>αὐτοῖς</span> <span class='ocrx_word' id='word_1_317' title='bbox 981 2790 1041 2841; x_wconf 88' lang='grc' dir='ltr'><strong>τὸ</strong></span> <span class='ocrx_word' id='word_1_318' title='bbox 1069 2789 1207 2842; x_wconf 83' lang='grc' dir='ltr'>θεῖον</span> <span class='ocrx_word' id='word_1_319' title='bbox 1235 2791 1456 2862; x_wconf 82' lang='grc' dir='ltr'>Πνεῦμα</span> <span class='ocrx_word' id='word_1_320' title='bbox 1485 2794 1559 2864; x_wconf 86' lang='grc' dir='ltr'>μὴ</span> <span class='ocrx_word' id='word_1_321' title='bbox 1585 2793 1744 2859; x_wconf 89' lang='grc' dir='ltr'>μόνον</span> <span class='ocrx_word' id='word_1_322' title='bbox 1770 2792 1836 2847; x_wconf 78' lang='grc' dir='ltr'>τὰ</span> <span class='ocrx_word' id='word_1_323' title='bbox 1871 2813 1976 2847; x_wconf 89' lang='grc' dir='ltr'>πα-</span> 
     </span>
    </p>
   </div>
   <div class='ocr_carea' id='block_1_46' title="bbox 403 2874 1973 2955">
    <p class='ocr_par' dir='ltr' id='par_1_46' title="bbox 403 2874 1973 2955">
     <span class='ocr_line' id='line_1_46' title="bbox 403 2874 1973 2955; baseline 0.006 -28"><span class='ocrx_word' id='word_1_324' title='bbox 403 2874 581 2944; x_wconf 88' lang='grc' dir='ltr'>ρόντα,</span> <span class='ocrx_word' id='word_1_325' title='bbox 611 2875 747 2929; x_wconf 89' lang='grc' dir='ltr'><strong>ἀλλά</strong></span> <span class='ocrx_word' id='word_1_326' title='bbox 790 2878 884 2930; x_wconf 81' lang='grc' dir='ltr'><strong>καὶ</strong></span> <span class='ocrx_word' id='word_1_327' title='bbox 933 2878 1042 2931; x_wconf 90' lang='grc' dir='ltr'><strong>τῶν</strong></span> <span class='ocrx_word' id='word_1_328' title='bbox 1095 2879 1394 2949; x_wconf 84' lang='grc' dir='ltr'>μελλόντων</span> <span class='ocrx_word' id='word_1_329' title='bbox 1439 2881 1609 2954; x_wconf 85' lang='grc' dir='ltr'>ἀληθῆ</span> <span class='ocrx_word' id='word_1_330' title='bbox 1643 2883 1737 2935; x_wconf 75' lang='grc' dir='ltr'><strong>καὶ</strong></span> <span class='ocrx_word' id='word_1_331' title='bbox 1775 2883 1973 2955; x_wconf 85' lang='grc' dir='ltr'>ἀκριϐῆ</span> 
     </span>
    </p>
   </div>
   <div class='ocr_carea' id='block_1_47' title="bbox 400 2963 1975 3043">
    <p class='ocr_par' dir='ltr' id='par_1_47' title="bbox 400 2963 1975 3043">
     <span class='ocr_line' id='line_1_47' title="bbox 400 2963 1975 3043; baseline 0.008 -30"><span class='ocrx_word' id='word_1_332' title='bbox 400 2963 620 3030; x_wconf 77' lang='grc' dir='ltr'>γνῶσιν.</span> <span class='ocrx_word' id='word_1_333' title='bbox 654 2965 932 3035; x_wconf 86' lang='grc' dir='ltr'>Σκέψασθε</span> <span class='ocrx_word' id='word_1_334' title='bbox 961 2967 1016 3022; x_wconf 84' lang='grc' dir='ltr'>δὲ</span> <span class='ocrx_word' id='word_1_335' title='bbox 1045 2970 1094 3021; x_wconf 82' lang='grc' dir='ltr'><strong>εί</strong></span> <span class='ocrx_word' id='word_1_336' title='bbox 1127 2969 1201 3040; x_wconf 83' lang='grc' dir='ltr'>μὴ</span> <span class='ocrx_word' id='word_1_337' title='bbox 1233 2969 1365 3022; x_wconf 83' lang='grc' dir='ltr'>πολὺ</span> <span class='ocrx_word' id='word_1_338' title='bbox 1404 2971 1666 3043; x_wconf 79' lang='grc' dir='ltr'>κρείττων</span> <span class='ocrx_word' id='word_1_339' title='bbox 1694 2965 1848 3035; x_wconf 74' lang='grc' dir='ltr'>οὗτος</span> <span class='ocrx_word' id='word_1_340' title='bbox 1881 2973 1975 3026; x_wconf 83' lang='grc' dir='ltr'><strong>καὶ</strong></span> 
     </span>
    </p>
   </div>
   <div class='ocr_carea' id='block_1_48' title="bbox 397 3056 1975 3134">
    <p class='ocr_par' dir='ltr' id='par_1_48' title="bbox 397 3056 1975 3134">
     <span class='ocr_line' id='line_1_48' title="bbox 397 3056 1975 3134; baseline 0.004 -25"><span class='ocrx_word' id='word_1_341' title='bbox 397 3056 602 3130; x_wconf 76' lang='grc' dir='ltr'>ἀληθὴς</span> <span class='ocrx_word' id='word_1_342' title='bbox 633 3059 660 3112; x_wconf 86' lang='grc' dir='ltr'><strong>ό</strong></span> <span class='ocrx_word' id='word_1_343' title='bbox 688 3059 863 3130; x_wconf 87' lang='grc' dir='ltr'>λόγος,</span> <span class='ocrx_word' id='word_1_344' title='bbox 896 3060 1118 3130; x_wconf 82' lang='grc' dir='ltr'>φάσκων</span> <span class='ocrx_word' id='word_1_345' title='bbox 1171 3062 1392 3133; x_wconf 81' lang='grc' dir='ltr'>Πνεῦμα</span> <span class='ocrx_word' id='word_1_346' title='bbox 1441 3063 1580 3117; x_wconf 90' lang='grc' dir='ltr'>θεῖον</span> <span class='ocrx_word' id='word_1_347' title='bbox 1611 3064 1812 3134; x_wconf 83' lang='grc' dir='ltr'>ψυχαῖς</span> <span class='ocrx_word' id='word_1_348' title='bbox 1857 3064 1975 3116; x_wconf 83' lang='grc' dir='ltr'>ἐπι-</span> 
     </span>
    </p>
   </div>
   <div class='ocr_carea' id='block_1_49' title="bbox 2091 1965 3655 2042">
    <p class='ocr_par' dir='ltr' id='par_1_49' title="bbox 2091 1965 3655 2042">
     <span class='ocr_line' id='line_1_49' title="bbox 2091 1965 3655 2042; baseline -0.003 -20"><span class='ocrx_word' id='word_1_349' title='bbox 2091 1984 2197 2039; x_wconf 90' lang='lat' dir='ltr'><strong>que</strong></span> <span class='ocrx_word' id='word_1_350' title='bbox 2227 1969 2294 2024; x_wconf 92' lang='lat' dir='ltr'><strong>de</strong></span> <span class='ocrx_word' id='word_1_351' title='bbox 2314 1969 2422 2023; x_wconf 90' lang='lat' dir='ltr'><strong>diis</strong></span> <span class='ocrx_word' id='word_1_352' title='bbox 2455 1975 2509 2023; x_wconf 89' lang='lat' dir='ltr'><strong>et</strong></span> <span class='ocrx_word' id='word_1_353' title='bbox 2542 1968 2808 2024; x_wconf 87' lang='lat' dir='ltr'><strong>nefandas</strong></span> <span class='ocrx_word' id='word_1_354' title='bbox 2839 1966 3218 2021; x_wconf 89' lang='lat' dir='ltr'><strong>narrationes:</strong></span> <span class='ocrx_word' id='word_1_355' title='bbox 3253 1981 3281 2018; x_wconf 86' lang='lat' dir='ltr'><strong>a</strong></span> <span class='ocrx_word' id='word_1_356' title='bbox 3311 1965 3510 2042; x_wconf 81' lang='lat' dir='ltr'><strong>quibus</strong></span> <span class='ocrx_word' id='word_1_357' title='bbox 3532 1979 3655 2018; x_wconf 91' lang='lat' dir='ltr'><strong>curn</strong></span> 
     </span>
    </p>
   </div>
   <div class='ocr_carea' id='block_1_50' title="bbox 2085 2054 3654 2134">
    <p class='ocr_par' dir='ltr' id='par_1_50' title="bbox 2085 2054 3654 2134">
     <span class='ocr_line' id='line_1_50' title="bbox 2085 2054 3654 2134; baseline -0.003 -22"><span class='ocrx_word' id='word_1_358' title='bbox 2085 2058 2334 2113; x_wconf 83' lang='lat' dir='ltr'><strong>homines</strong></span> <span class='ocrx_word' id='word_1_359' title='bbox 2354 2059 2727 2128; x_wconf 86' lang='lat' dir='ltr'><strong>prohiberent,</strong></span> <span class='ocrx_word' id='word_1_360' title='bbox 2748 2073 2918 2134; x_wconf 76' lang='lat' dir='ltr'><strong>unum</strong></span> <span class='ocrx_word' id='word_1_361' title='bbox 2935 2055 3173 2111; x_wconf 84' lang='lat' dir='ltr'><strong>universi</strong></span> <span class='ocrx_word' id='word_1_362' title='bbox 3196 2057 3442 2126; x_wconf 78' lang='lat' dir='ltr'><strong>Opificem</strong></span> <span class='ocrx_word' id='word_1_363' title='bbox 3459 2054 3654 2120; x_wconf 87' lang='lat' dir='ltr'><strong>Deum,</strong></span> 
     </span>
    </p>
   </div>
   <div class='ocr_carea' id='block_1_51' title="bbox 2086 2145 3656 2220">
    <p class='ocr_par' dir='ltr' id='par_1_51' title="bbox 2086 2145 3656 2220">
     <span class='ocr_line' id='line_1_51' title="bbox 2086 2145 3656 2220; baseline -0.003 -15"><span class='ocrx_word' id='word_1_364' title='bbox 2086 2149 2250 2220; x_wconf 76' lang='lat'><strong>209</strong></span> <span class='ocrx_word' id='word_1_365' title='bbox 2281 2150 2437 2220; x_wconf 89' lang='lat' dir='ltr'><strong>quasi</strong></span> <span class='ocrx_word' id='word_1_366' title='bbox 2469 2150 2754 2219; x_wconf 84' lang='lat' dir='ltr'><strong>praesidem</strong></span> <span class='ocrx_word' id='word_1_367' title='bbox 2789 2163 2854 2202; x_wconf 91' lang='lat' dir='ltr'><strong>ac</strong></span> <span class='ocrx_word' id='word_1_368' title='bbox 2887 2148 3130 2217; x_wconf 89' lang='lat' dir='ltr'><strong>judicem</strong></span> <span class='ocrx_word' id='word_1_369' title='bbox 3163 2147 3406 2200; x_wconf 85' lang='lat' dir='ltr'><strong>omnium</strong></span> <span class='ocrx_word' id='word_1_370' title='bbox 3434 2161 3554 2216; x_wconf 68' lang='lat' dir='ltr'><strong>quae</strong></span> <span class='ocrx_word' id='word_1_371' title='bbox 3585 2145 3656 2200; x_wconf 89' lang='lat' dir='ltr'><strong>ab</strong></span> 
     </span>
    </p>
   </div>
   <div class='ocr_carea' id='block_1_52' title="bbox 2085 2233 3651 2306">
    <p class='ocr_par' dir='ltr' id='par_1_52' title="bbox 2085 2233 3651 2306">
     <span class='ocr_line' id='line_1_52' title="bbox 2085 2233 3651 2306; baseline -0.003 -15"><span class='ocrx_word' id='word_1_372' title='bbox 2085 2238 2400 2291; x_wconf 90' lang='lat' dir='ltr'><strong>hominibus</strong></span> <span class='ocrx_word' id='word_1_373' title='bbox 2444 2245 2697 2306; x_wconf 84' lang='lat' dir='ltr'><strong>agantur,</strong></span> <span class='ocrx_word' id='word_1_374' title='bbox 2747 2243 2808 2290; x_wconf 94' lang='lat' dir='ltr'><strong>ut</strong></span> <span class='ocrx_word' id='word_1_375' title='bbox 2837 2234 3200 2298; x_wconf 89' lang='lat' dir='ltr'><strong>attenderent,</strong></span> <span class='ocrx_word' id='word_1_376' title='bbox 3243 2233 3651 2288; x_wconf 87' lang='lat' dir='ltr'><strong>hortabantur:</strong></span> 
     </span>
    </p>
   </div>
   <div class='ocr_carea' id='block_1_53' title="bbox 2084 2325 3655 2400">
    <p class='ocr_par' dir='ltr' id='par_1_53' title="bbox 2084 2325 3655 2400">
     <span class='ocr_line' id='line_1_53' title="bbox 2084 2325 3655 2400; baseline -0.001 -18"><span class='ocrx_word' id='word_1_377' title='bbox 2084 2339 2248 2400; x_wconf 89' lang='lat' dir='ltr'><strong>atque</strong></span> <span class='ocrx_word' id='word_1_378' title='bbox 2302 2330 2520 2383; x_wconf 89' lang='lat' dir='ltr'><strong>interim</strong></span> <span class='ocrx_word' id='word_1_379' title='bbox 2573 2345 2641 2383; x_wconf 87' lang='lat' dir='ltr'><strong>ne</strong></span> <span class='ocrx_word' id='word_1_380' title='bbox 2680 2330 2998 2398; x_wconf 82' lang='lat' dir='ltr'><strong>ignorarent</strong></span> <span class='ocrx_word' id='word_1_381' title='bbox 3047 2342 3194 2390; x_wconf 90' lang='lat' dir='ltr'><strong>eum,</strong></span> <span class='ocrx_word' id='word_1_382' title='bbox 3245 2325 3339 2395; x_wconf 89' lang='lat' dir='ltr'><strong>qui</strong></span> <span class='ocrx_word' id='word_1_383' title='bbox 3389 2331 3655 2387; x_wconf 63' lang='lat' dir='ltr'><strong>venturus</strong></span> 
     </span>
    </p>
   </div>
   <div class='ocr_carea' id='block_1_54' title="bbox 2081 2415 3652 2488">
    <p class='ocr_par' dir='ltr' id='par_1_54' title="bbox 2081 2415 3652 2488">
     <span class='ocr_line' id='line_1_54' title="bbox 2081 2415 3652 2488; baseline -0.003 -15"><span class='ocrx_word' id='word_1_384' title='bbox 2081 2427 2198 2473; x_wconf 87' lang='lat' dir='ltr'><strong>erat</strong></span> <span class='ocrx_word' id='word_1_385' title='bbox 2229 2419 2296 2473; x_wconf 88' lang='lat' dir='ltr'><strong>ad</strong></span> <span class='ocrx_word' id='word_1_386' title='bbox 2320 2419 2589 2482; x_wconf 88' lang='lat' dir='ltr'><strong>homines,</strong></span> <span class='ocrx_word' id='word_1_387' title='bbox 2627 2419 2906 2474; x_wconf 85' lang='lat' dir='ltr'><strong>Christum</strong></span> <span class='ocrx_word' id='word_1_388' title='bbox 2945 2419 3130 2488; x_wconf 88' lang='lat' dir='ltr'><strong>utique</strong></span> <span class='ocrx_word' id='word_1_389' title='bbox 3168 2415 3284 2480; x_wconf 91' lang='lat' dir='ltr'><strong>Dei,</strong></span> <span class='ocrx_word' id='word_1_390' title='bbox 3315 2415 3652 2468; x_wconf 86' lang='lat' dir='ltr'><strong>Salvatorem</strong></span> 
     </span>
    </p>
   </div>
   <div class='ocr_carea' id='block_1_55' title="bbox 2082 2504 3652 2578">
    <p class='ocr_par' dir='ltr' id='par_1_55' title="bbox 2082 2504 3652 2578">
     <span class='ocr_line' id='line_1_55' title="bbox 2082 2504 3652 2578; baseline -0.004 -15"><span class='ocrx_word' id='word_1_391' title='bbox 2082 2509 2324 2564; x_wconf 85' lang='lat' dir='ltr'><strong>universi</strong></span> <span class='ocrx_word' id='word_1_392' title='bbox 2362 2510 2585 2563; x_wconf 89' lang='lat' dir='ltr'><strong>humani</strong></span> <span class='ocrx_word' id='word_1_393' title='bbox 2611 2511 2850 2578; x_wconf 87' lang='lat' dir='ltr'><strong>generis,</strong></span> <span class='ocrx_word' id='word_1_394' title='bbox 2882 2524 2946 2562; x_wconf 90' lang='lat' dir='ltr'><strong>ac</strong></span> <span class='ocrx_word' id='word_1_395' title='bbox 2972 2509 3258 2562; x_wconf 89' lang='lat' dir='ltr'><strong>Doctorem</strong></span> <span class='ocrx_word' id='word_1_396' title='bbox 3310 2521 3417 2560; x_wconf 88' lang='lat' dir='ltr'><strong>non</strong></span> <span class='ocrx_word' id='word_1_397' title='bbox 3469 2504 3652 2558; x_wconf 90' lang='lat' dir='ltr'><strong>minus</strong></span> 
     </span>
    </p>
   </div>
   <div class='ocr_carea' id='block_1_56' title="bbox 2079 2598 3648 2669">
    <p class='ocr_par' dir='ltr' id='par_1_56' title="bbox 2079 2598 3648 2669">
     <span class='ocr_line' id='line_1_56' title="bbox 2079 2598 3648 2669; baseline -0.002 -16"><span class='ocrx_word' id='word_1_398' title='bbox 2079 2599 2328 2654; x_wconf 83' lang='lat' dir='ltr'><strong>barbaris</strong></span> <span class='ocrx_word' id='word_1_399' title='bbox 2377 2615 2540 2668; x_wconf 80' lang='lat' dir='ltr'><strong>quam</strong></span> <span class='ocrx_word' id='word_1_400' title='bbox 2593 2599 2797 2653; x_wconf 64' lang='lat' dir='ltr'><strong>Graecis</strong></span> <span class='ocrx_word' id='word_1_401' title='bbox 2849 2616 2984 2654; x_wconf 77' lang='lat' dir='ltr'><strong>vera:</strong></span> <span class='ocrx_word' id='word_1_402' title='bbox 3034 2600 3250 2669; x_wconf 89' lang='lat' dir='ltr'><strong>pictatis</strong></span> <span class='ocrx_word' id='word_1_403' title='bbox 3295 2598 3648 2651; x_wconf 89' lang='lat' dir='ltr'><strong>destinatum.</strong></span> 
     </span>
    </p>
   </div>
   <div class='ocr_carea' id='block_1_57' title="bbox 2079 2686 3648 2758">
    <p class='ocr_par' dir='ltr' id='par_1_57' title="bbox 2079 2686 3648 2758">
     <span class='ocr_line' id='line_1_57' title="bbox 2079 2686 3648 2758; baseline -0.003 -16"><span class='ocrx_word' id='word_1_404' title='bbox 2079 2688 2206 2744; x_wconf 64' lang='lat' dir='ltr'><strong>Hazc</strong></span> <span class='ocrx_word' id='word_1_405' title='bbox 2259 2704 2390 2744; x_wconf 89' lang='lat' dir='ltr'><strong>sane</strong></span> <span class='ocrx_word' id='word_1_406' title='bbox 2443 2696 2560 2744; x_wconf 88' lang='lat' dir='ltr'><strong>erat</strong></span> <span class='ocrx_word' id='word_1_407' title='bbox 2614 2689 2923 2745; x_wconf 72' lang='lat' dir='ltr'><strong>differentia</strong></span> <span class='ocrx_word' id='word_1_408' title='bbox 2958 2691 3102 2745; x_wconf 86' lang='lat' dir='ltr'><strong>inter</strong></span> <span class='ocrx_word' id='word_1_409' title='bbox 3130 2705 3226 2744; x_wconf 85' lang='lat' dir='ltr'><strong>eos</strong></span> <span class='ocrx_word' id='word_1_410' title='bbox 3258 2689 3350 2758; x_wconf 88' lang='lat' dir='ltr'><strong>qui</strong></span> <span class='ocrx_word' id='word_1_411' title='bbox 3385 2686 3648 2757; x_wconf 89' lang='lat' dir='ltr'><strong>Spiritum</strong></span> 
     </span>
    </p>
   </div>
   <div class='ocr_carea' id='block_1_58' title="bbox 2079 2777 3650 2852">
    <p class='ocr_par' dir='ltr' id='par_1_58' title="bbox 2079 2777 3650 2852">
     <span class='ocr_line' id='line_1_58' title="bbox 2079 2777 3650 2852; baseline -0.001 -18"><span class='ocrx_word' id='word_1_412' title='bbox 2079 2781 2175 2836; x_wconf 89' lang='lat' dir='ltr'><strong>Dei</strong></span> <span class='ocrx_word' id='word_1_413' title='bbox 2201 2791 2540 2852; x_wconf 89' lang='lat' dir='ltr'><strong>receperant,</strong></span> <span class='ocrx_word' id='word_1_414' title='bbox 2573 2790 2627 2837; x_wconf 90' lang='lat' dir='ltr'><strong>et</strong></span> <span class='ocrx_word' id='word_1_415' title='bbox 2655 2798 2751 2837; x_wconf 89' lang='lat' dir='ltr'><strong>eos</strong></span> <span class='ocrx_word' id='word_1_416' title='bbox 2780 2782 2872 2852; x_wconf 91' lang='lat' dir='ltr'><strong>qui</strong></span> <span class='ocrx_word' id='word_1_417' title='bbox 2919 2781 3221 2836; x_wconf 79' lang='lat' dir='ltr'><strong>daemonico</strong></span> <span class='ocrx_word' id='word_1_418' title='bbox 3273 2781 3536 2835; x_wconf 90' lang='lat' dir='ltr'><strong>instinctu</strong></span> <span class='ocrx_word' id='word_1_419' title='bbox 3564 2777 3650 2832; x_wconf 83' lang='lat' dir='ltr'><strong>di-</strong></span> 
     </span>
    </p>
   </div>
   <div class='ocr_carea' id='block_1_59' title="bbox 2077 2866 3645 2941">
    <p class='ocr_par' dir='ltr' id='par_1_59' title="bbox 2077 2866 3645 2941">
     <span class='ocr_line' id='line_1_59' title="bbox 2077 2866 3645 2941; baseline -0.003 -17"><span class='ocrx_word' id='word_1_420' title='bbox 2077 2871 2407 2926; x_wconf 87' lang='lat' dir='ltr'><strong>vinationem</strong></span> <span class='ocrx_word' id='word_1_421' title='bbox 2469 2870 2888 2941; x_wconf 78' lang='lat' dir='ltr'><strong>profitebantur.</strong></span> <span class='ocrx_word' id='word_1_422' title='bbox 2939 2869 3144 2925; x_wconf 86' lang='lat' dir='ltr'><strong>Deinde</strong></span> <span class='ocrx_word' id='word_1_423' title='bbox 3171 2883 3396 2940; x_wconf 89' lang='lat' dir='ltr'><strong>pravum</strong></span> <span class='ocrx_word' id='word_1_424' title='bbox 3428 2866 3645 2938; x_wconf 89' lang='lat' dir='ltr'><strong>quidem</strong></span> 
     </span>
    </p>
   </div>
   <div class='ocr_carea' id='block_1_60' title="bbox 2077 2958 3644 3033">
    <p class='ocr_par' dir='ltr' id='par_1_60' title="bbox 2077 2958 3644 3033">
     <span class='ocr_line' id='line_1_60' title="bbox 2077 2958 3644 3033; baseline -0.005 -14"><span class='ocrx_word' id='word_1_425' title='bbox 2077 2963 2506 3033; x_wconf 88' lang='lat' dir='ltr'><strong>unumquodque</strong></span> <span class='ocrx_word' id='word_1_426' title='bbox 2574 2963 2899 3018; x_wconf 81' lang='lat' dir='ltr'><strong>daemonium</strong></span> <span class='ocrx_word' id='word_1_427' title='bbox 2969 2971 3226 3031; x_wconf 90' lang='lat' dir='ltr'><strong>tanquam</strong></span> <span class='ocrx_word' id='word_1_428' title='bbox 3296 2958 3644 3012; x_wconf 75' lang='lat' dir='ltr'><strong>tenebrarum</strong></span> 
     </span>
    </p>
   </div>
   <div class='ocr_carea' id='block_1_61' title="bbox 2076 3050 3644 3122">
    <p class='ocr_par' dir='ltr' id='par_1_61' title="bbox 2076 3050 3644 3122">
     <span class='ocr_line' id='line_1_61' title="bbox 2076 3050 3644 3122; baseline -0.005 -12"><span class='ocrx_word' id='word_1_429' title='bbox 2076 3055 2331 3121; x_wconf 87' lang='lat' dir='ltr'><strong>amicum,</strong></span> <span class='ocrx_word' id='word_1_430' title='bbox 2379 3054 2620 3108; x_wconf 89' lang='lat' dir='ltr'><strong>animum</strong></span> <span class='ocrx_word' id='word_1_431' title='bbox 2667 3054 2906 3108; x_wconf 88' lang='lat' dir='ltr'><strong>tenebris</strong></span> <span class='ocrx_word' id='word_1_432' title='bbox 2947 3061 3002 3107; x_wconf 88' lang='lat' dir='ltr'><strong>et</strong></span> <span class='ocrx_word' id='word_1_433' title='bbox 3056 3052 3286 3122; x_wconf 89' lang='lat' dir='ltr'><strong>caligine</strong></span> <span class='ocrx_word' id='word_1_434' title='bbox 3341 3050 3644 3114; x_wconf 78' lang='lat' dir='ltr'><strong>involvens,</strong></span> 
     </span>
    </p>
   </div>
   <div class='ocr_carea' id='block_1_62' title="bbox 397 3138 1969 3241">
    <p class='ocr_par' dir='ltr' id='par_1_62' title="bbox 397 3149 1969 3226">
     <span class='ocr_line' id='line_1_62' title="bbox 397 3149 1969 3226; baseline 0.005 -26"><span class='ocrx_word' id='word_1_435' title='bbox 397 3150 588 3220; x_wconf 77' lang='grc' dir='ltr'>φοιτᾷν</span> <span class='ocrx_word' id='word_1_436' title='bbox 624 3149 1080 3222; x_wconf 87' lang='grc' dir='ltr'>κεκαθαρμέναις,</span> <span class='ocrx_word' id='word_1_437' title='bbox 1109 3152 1203 3205; x_wconf 75' lang='grc' dir='ltr'>καὶ</span> <span class='ocrx_word' id='word_1_438' title='bbox 1249 3152 1324 3224; x_wconf 80' lang='grc' dir='ltr'>νῷ</span> <span class='ocrx_word' id='word_1_439' title='bbox 1373 3152 1574 3226; x_wconf 87' lang='grc' dir='ltr'>λογικῷ</span> <span class='ocrx_word' id='word_1_440' title='bbox 1623 3155 1718 3208; x_wconf 74' lang='grc' dir='ltr'><strong>καὶ</strong></span> <span class='ocrx_word' id='word_1_441' title='bbox 1764 3155 1969 3224; x_wconf 82' lang='grc' dir='ltr'>διαυγεῖ</span> 
     </span>
    </p>
   </div>
   <div class='ocr_carea' id='block_1_63' title="bbox 2070 3138 3644 3241">
    <p class='ocr_par' dir='ltr' id='par_1_63' title="bbox 2076 3138 3644 3216">
     <span class='ocr_line' id='line_1_63' title="bbox 2076 3138 3644 3216; baseline -0.007 -15"><span class='ocrx_word' id='word_1_442' title='bbox 2076 3161 2302 3201; x_wconf 88' lang='lat' dir='ltr'><strong>accessu</strong></span> <span class='ocrx_word' id='word_1_443' title='bbox 2343 3159 2444 3200; x_wconf 91' lang='lat' dir='ltr'><strong>suo</strong></span> <span class='ocrx_word' id='word_1_444' title='bbox 2472 3159 2856 3216; x_wconf 88' lang='lat' dir='ltr'><strong>quemcunque</strong></span> <span class='ocrx_word' id='word_1_445' title='bbox 2893 3142 2996 3197; x_wconf 91' lang='lat' dir='ltr'><strong>sibi</strong></span> <span class='ocrx_word' id='word_1_446' title='bbox 3031 3142 3362 3212; x_wconf 71' lang='lat' dir='ltr'><strong>subiecerat,</strong></span> <span class='ocrx_word' id='word_1_447' title='bbox 3408 3138 3644 3192; x_wconf 75' lang='lat' dir='ltr'><strong>naturali</strong></span> 
     </span>
    </p>
   </div>
   <div class='ocr_carea' id='block_1_64' title="bbox 395 3236 1970 3318">
    <p class='ocr_par' dir='ltr' id='par_1_64' title="bbox 395 3236 1970 3318">
     <span class='ocr_line' id='line_1_64' title="bbox 395 3236 1970 3318; baseline 0.006 -29"><span class='ocrx_word' id='word_1_448' title='bbox 395 3236 531 3310; x_wconf 72' lang='grc' dir='ltr'>πρὸς</span> <span class='ocrx_word' id='word_1_449' title='bbox 555 3239 818 3311; x_wconf 81' lang='grc' dir='ltr'>ὑποδοχὴν</span> <span class='ocrx_word' id='word_1_450' title='bbox 841 3239 935 3293; x_wconf 90' lang='grc' dir='ltr'><strong>τοῦ</strong></span> <span class='ocrx_word' id='word_1_451' title='bbox 969 3241 1124 3294; x_wconf 87' lang='grc' dir='ltr'>Θείου</span> <span class='ocrx_word' id='word_1_452' title='bbox 1156 3245 1712 3315; x_wconf 82' lang='grc' dir='ltr'>παρεσκευασμέναις,</span> <span class='ocrx_word' id='word_1_453' title='bbox 1746 3245 1779 3318; x_wconf 85' lang='grc' dir='ltr'>ἢ</span> <span class='ocrx_word' id='word_1_454' title='bbox 1806 3247 1833 3299; x_wconf 88' lang='grc' dir='ltr'>ὁ</span> <span class='ocrx_word' id='word_1_455' title='bbox 1861 3245 1970 3299; x_wconf 83' lang='grc' dir='ltr'><strong>τῶν</strong></span> 
     </span>
    </p>
   </div>
   <div class='ocr_carea' id='block_1_65' title="bbox 396 3327 1972 3403">
    <p class='ocr_par' dir='ltr' id='par_1_65' title="bbox 396 3327 1972 3403">
     <span class='ocr_line' id='line_1_65' title="bbox 396 3327 1972 3403; baseline 0.004 -24"><span class='ocrx_word' id='word_1_456' title='bbox 396 3327 456 3380; x_wconf 77' lang='grc' dir='ltr'><strong>ἐν</strong></span> <span class='ocrx_word' id='word_1_457' title='bbox 484 3327 675 3400; x_wconf 88' lang='grc' dir='ltr'>ἀψύχῳ</span> <span class='ocrx_word' id='word_1_458' title='bbox 704 3328 804 3402; x_wconf 76' lang='grc' dir='ltr'>ὕλῃ</span> <span class='ocrx_word' id='word_1_459' title='bbox 835 3331 929 3383; x_wconf 71' lang='grc' dir='ltr'>καὶ</span> <span class='ocrx_word' id='word_1_460' title='bbox 954 3331 1188 3395; x_wconf 88' lang='grc' dir='ltr'>σκοτίοις</span> <span class='ocrx_word' id='word_1_461' title='bbox 1219 3336 1408 3403; x_wconf 86' lang='grc' dir='ltr'>μυχοῖς</span> <span class='ocrx_word' id='word_1_462' title='bbox 1431 3333 1883 3386; x_wconf 84' lang='grc' dir='ltr'>ἐναποκλειόντων</span> <span class='ocrx_word' id='word_1_463' title='bbox 1911 3333 1972 3386; x_wconf 85' lang='grc' dir='ltr'><strong>τὸ</strong></span> 
     </span>
    </p>
   </div>
   <div class='ocr_carea' id='block_1_66' title="bbox 392 3415 1972 3490">
    <p class='ocr_par' dir='ltr' id='par_1_66' title="bbox 392 3415 1972 3490">
     <span class='ocr_line' id='line_1_66' title="bbox 392 3415 1972 3490; baseline 0.001 -22"><span class='ocrx_word' id='word_1_464' title='bbox 392 3415 567 3483; x_wconf 85' lang='grc' dir='ltr'>Θεῖον,</span> <span class='ocrx_word' id='word_1_465' title='bbox 595 3417 652 3470; x_wconf 87' lang='grc' dir='ltr'><strong>ἐν</strong></span> <span class='ocrx_word' id='word_1_466' title='bbox 682 3435 741 3472; x_wconf 90' lang='grc' dir='ltr'><strong>τε</strong></span> <span class='ocrx_word' id='word_1_467' title='bbox 771 3418 1042 3487; x_wconf 87' lang='grc' dir='ltr'>γυναικῶν</span> <span class='ocrx_word' id='word_1_468' title='bbox 1074 3419 1168 3471; x_wconf 73' lang='grc' dir='ltr'>καὶ</span> <span class='ocrx_word' id='word_1_469' title='bbox 1201 3419 1410 3490; x_wconf 85' lang='grc' dir='ltr'>ἀνδρῶν</span> <span class='ocrx_word' id='word_1_470' title='bbox 1461 3421 1520 3473; x_wconf 84' lang='grc' dir='ltr'><strong>οὐ</strong></span> <span class='ocrx_word' id='word_1_471' title='bbox 1563 3420 1832 3490; x_wconf 88' lang='grc' dir='ltr'>καθαραῖς</span> <span class='ocrx_word' id='word_1_472' title='bbox 1875 3418 1972 3488; x_wconf 87' lang='grc' dir='ltr'>ψυ-</span> 
     </span>
    </p>
   </div>
   <div class='ocr_carea' id='block_1_67' title="bbox 395 3507 1970 3582">
    <p class='ocr_par' dir='ltr' id='par_1_67' title="bbox 395 3507 1970 3582">
     <span class='ocr_line' id='line_1_67' title="bbox 395 3507 1970 3582; baseline 0.001 -22"><span class='ocrx_word' id='word_1_473' title='bbox 395 3509 538 3578; x_wconf 86' lang='grc' dir='ltr'>χαῖς,</span> <span class='ocrx_word' id='word_1_474' title='bbox 570 3507 668 3580; x_wconf 69' lang='grc' dir='ltr'>ἤδη</span> <span class='ocrx_word' id='word_1_475' title='bbox 699 3509 755 3562; x_wconf 85' lang='grc' dir='ltr'>δὲ</span> <span class='ocrx_word' id='word_1_476' title='bbox 784 3509 875 3562; x_wconf 75' lang='grc' dir='ltr'>καὶ</span> <span class='ocrx_word' id='word_1_477' title='bbox 904 3509 996 3562; x_wconf 78' lang='grc' dir='ltr'>ἐπὶ</span> <span class='ocrx_word' id='word_1_478' title='bbox 1023 3509 1262 3582; x_wconf 90' lang='grc' dir='ltr'>κόρακας</span> <span class='ocrx_word' id='word_1_479' title='bbox 1292 3510 1384 3563; x_wconf 80' lang='grc' dir='ltr'><strong>καὶ</strong></span> <span class='ocrx_word' id='word_1_480' title='bbox 1415 3510 1637 3581; x_wconf 85' lang='grc' dir='ltr'>ἱέρακας</span> <span class='ocrx_word' id='word_1_481' title='bbox 1664 3511 1757 3564; x_wconf 80' lang='grc' dir='ltr'><strong>καὶ</strong></span> <span class='ocrx_word' id='word_1_482' title='bbox 1779 3510 1970 3572; x_wconf 82' lang='grc' dir='ltr'>ἄλλους</span> 
     </span>
    </p>
   </div>
   <div class='ocr_carea' id='block_1_68' title="bbox 392 3595 1969 3672">
    <p class='ocr_par' dir='ltr' id='par_1_68' title="bbox 392 3595 1969 3672">
     <span class='ocr_line' id='line_1_68' title="bbox 392 3595 1969 3672; baseline 0.001 -20"><span class='ocrx_word' id='word_1_483' title='bbox 392 3599 634 3663; x_wconf 83' lang='grc' dir='ltr'>οἰωνοὺς,</span> <span class='ocrx_word' id='word_1_484' title='bbox 666 3599 758 3653; x_wconf 90' lang='grc' dir='ltr'><strong>ἐπί</strong></span> <span class='ocrx_word' id='word_1_485' title='bbox 789 3618 848 3653; x_wconf 87' lang='grc' dir='ltr'><strong>τε</strong></span> <span class='ocrx_word' id='word_1_486' title='bbox 877 3595 1036 3669; x_wconf 78' lang='grc' dir='ltr'>αἶγας</span> <span class='ocrx_word' id='word_1_487' title='bbox 1060 3602 1154 3655; x_wconf 77' lang='grc' dir='ltr'><strong>καὶ</strong></span> <span class='ocrx_word' id='word_1_488' title='bbox 1179 3601 1314 3655; x_wconf 80' lang='grc' dir='ltr'>ἀλλα</span> <span class='ocrx_word' id='word_1_489' title='bbox 1341 3601 1475 3667; x_wconf 80' lang='grc' dir='ltr'>ζῶα,</span> <span class='ocrx_word' id='word_1_490' title='bbox 1503 3603 1591 3656; x_wconf 75' lang='grc' dir='ltr'><strong>ναὶ</strong></span> <span class='ocrx_word' id='word_1_491' title='bbox 1624 3603 1730 3672; x_wconf 78' lang='grc' dir='ltr'>μὴν</span> <span class='ocrx_word' id='word_1_492' title='bbox 1760 3601 1854 3655; x_wconf 73' lang='grc' dir='ltr'><strong>καὶ</strong></span> <span class='ocrx_word' id='word_1_493' title='bbox 1876 3602 1969 3655; x_wconf 73' lang='grc' dir='ltr'><strong>ἐπὶ</strong></span> 
     </span>
    </p>
   </div>
   <div class='ocr_carea' id='block_1_69' title="bbox 392 3688 1966 3764">
    <p class='ocr_par' dir='ltr' id='par_1_69' title="bbox 392 3688 1966 3764">
     <span class='ocr_line' id='line_1_69' title="bbox 392 3688 1966 3764; baseline 0.002 -21"><span class='ocrx_word' id='word_1_494' title='bbox 392 3688 598 3743; x_wconf 82' lang='grc' dir='ltr'>ὑδάτων</span> <span class='ocrx_word' id='word_1_495' title='bbox 639 3691 942 3755; x_wconf 83' lang='grc' dir='ltr'>συστάσεις,</span> <span class='ocrx_word' id='word_1_496' title='bbox 972 3691 1028 3746; x_wconf 84' lang='grc' dir='ltr'><strong>ἐν</strong></span> <span class='ocrx_word' id='word_1_497' title='bbox 1058 3709 1118 3745; x_wconf 90' lang='grc' dir='ltr'><strong>τε</strong></span> <span class='ocrx_word' id='word_1_498' title='bbox 1149 3692 1598 3764; x_wconf 83' lang='grc' dir='ltr'>ἡπατοσκοπίαις,</span> <span class='ocrx_word' id='word_1_499' title='bbox 1636 3693 1728 3746; x_wconf 74' lang='grc' dir='ltr'><strong>καὶ</strong></span> <span class='ocrx_word' id='word_1_500' title='bbox 1771 3693 1966 3763; x_wconf 80' lang='grc' dir='ltr'>αἵμασι</span> 
     </span>
    </p>
   </div>
   <div class='ocr_carea' id='block_1_70' title="bbox 389 3782 1966 3855">
    <p class='ocr_par' dir='ltr' id='par_1_70' title="bbox 389 3782 1966 3855">
     <span class='ocr_line' id='line_1_70' title="bbox 389 3782 1966 3855; baseline 0.001 -21"><span class='ocrx_word' id='word_1_501' title='bbox 389 3782 626 3855; x_wconf 81' lang='grc' dir='ltr'>νοσερῶν</span> <span class='ocrx_word' id='word_1_502' title='bbox 663 3784 758 3836; x_wconf 72' lang='grc' dir='ltr'>καὶ</span> <span class='ocrx_word' id='word_1_503' title='bbox 785 3783 1371 3854; x_wconf 73' lang='grc' dir='ltr'>εἰδεχθῶνςκνωδάλων,</span> <span class='ocrx_word' id='word_1_504' title='bbox 1403 3785 1649 3855; x_wconf 76' lang='grc' dir='ltr'>ἑρπετῶν</span> <span class='ocrx_word' id='word_1_505' title='bbox 1663 3801 1723 3837; x_wconf 89' lang='grc' dir='ltr'><strong>τε</strong></span> <span class='ocrx_word' id='word_1_506' title='bbox 1747 3783 1966 3837; x_wconf 78' lang='grc' dir='ltr'>ἰοϐόλων</span> 
     </span>
    </p>
   </div>
   <div class='ocr_carea' id='block_1_71' title="bbox 389 3869 1966 3946">
    <p class='ocr_par' dir='ltr' id='par_1_71' title="bbox 389 3869 1966 3946">
     <span class='ocr_line' id='line_1_71' title="bbox 389 3869 1966 3946; baseline 0.001 -21"><span class='ocrx_word' id='word_1_507' title='bbox 389 3869 654 3943; x_wconf 84' lang='grc' dir='ltr'>σώμασιν,</span> <span class='ocrx_word' id='word_1_508' title='bbox 684 3869 794 3927; x_wconf 76' lang='grc' dir='ltr'>οἷον</span> <span class='ocrx_word' id='word_1_509' title='bbox 831 3875 1137 3946; x_wconf 88' lang='grc' dir='ltr'>δρακόντων</span> <span class='ocrx_word' id='word_1_510' title='bbox 1186 3875 1280 3928; x_wconf 74' lang='grc' dir='ltr'>καὶ</span> <span class='ocrx_word' id='word_1_511' title='bbox 1323 3875 1524 3944; x_wconf 84' lang='grc' dir='ltr'>γαλῶν,</span> <span class='ocrx_word' id='word_1_512' title='bbox 1561 3875 1654 3928; x_wconf 85' lang='grc' dir='ltr'><strong>καί</strong></span> <span class='ocrx_word' id='word_1_513' title='bbox 1684 3893 1844 3930; x_wconf 89' lang='grc' dir='ltr'>τινων</span> <span class='ocrx_word' id='word_1_514' title='bbox 1872 3874 1966 3928; x_wconf 81' lang='grc' dir='ltr'>ἀλ-</span> 
     </span>
    </p>
   </div>
   <div class='ocr_carea' id='block_1_72' title="bbox 383 3961 1962 4038">
    <p class='ocr_par' dir='ltr' id='par_1_72' title="bbox 383 3961 1962 4038">
     <span class='ocr_line' id='line_1_72' title="bbox 383 3961 1962 4038; baseline 0.003 -22"><span class='ocrx_word' id='word_1_515' title='bbox 383 3961 492 4017; x_wconf 88' lang='grc' dir='ltr'><strong>λων</strong></span> <span class='ocrx_word' id='word_1_516' title='bbox 518 3964 964 4036; x_wconf 84' lang='grc' dir='ltr'>τοιουτοτρόπων,</span> <span class='ocrx_word' id='word_1_517' title='bbox 994 3965 1061 4018; x_wconf 86' lang='grc' dir='ltr'>δι’</span> <span class='ocrx_word' id='word_1_518' title='bbox 1090 3961 1164 4019; x_wconf 83' lang='grc' dir='ltr'><strong>ὧν</strong></span> <span class='ocrx_word' id='word_1_519' title='bbox 1195 3965 1294 4037; x_wconf 77' lang='grc' dir='ltr'><strong>τὴν</strong></span> <span class='ocrx_word' id='word_1_520' title='bbox 1343 3966 1452 4018; x_wconf 90' lang='grc' dir='ltr'><strong>τῶν</strong></span> <span class='ocrx_word' id='word_1_521' title='bbox 1502 3967 1801 4037; x_wconf 86' lang='grc' dir='ltr'>μελλόντων</span> <span class='ocrx_word' id='word_1_522' title='bbox 1829 3965 1962 4038; x_wconf 83' lang='grc' dir='ltr'>πρό-</span> 
     </span>
    </p>
   </div>
   <div class='ocr_carea' id='block_1_73' title="bbox 385 4058 1962 4132">
    <p class='ocr_par' dir='ltr' id='par_1_73' title="bbox 385 4058 1962 4132">
     <span class='ocr_line' id='line_1_73' title="bbox 385 4058 1962 4132; baseline 0.003 -21"><span class='ocrx_word' id='word_1_523' title='bbox 385 4074 586 4126; x_wconf 89' lang='grc' dir='ltr'>γνωσιν</span> <span class='ocrx_word' id='word_1_524' title='bbox 617 4060 667 4111; x_wconf 85' lang='grc' dir='ltr'>οἱ</span> <span class='ocrx_word' id='word_1_525' title='bbox 695 4059 986 4130; x_wconf 88' lang='grc' dir='ltr'>θαυμάσιοι</span> <span class='ocrx_word' id='word_1_526' title='bbox 1013 4058 1106 4113; x_wconf 80' lang='grc' dir='ltr'>τὸν</span> <span class='ocrx_word' id='word_1_527' title='bbox 1144 4061 1236 4113; x_wconf 78' lang='grc' dir='ltr'><strong>ἐπὶ</strong></span> <span class='ocrx_word' id='word_1_528' title='bbox 1270 4061 1486 4114; x_wconf 85' lang='grc' dir='ltr'>πάντων</span> <span class='ocrx_word' id='word_1_529' title='bbox 1515 4061 1647 4115; x_wconf 75' lang='grc' dir='ltr'><strong>Θεὸν</strong></span> <span class='ocrx_word' id='word_1_530' title='bbox 1686 4063 1962 4132; x_wconf 83' lang='grc' dir='ltr'>ἐκφαίνειν</span> 
     </span>
    </p>
   </div>
   <div class='ocr_carea' id='block_1_74' title="bbox 385 4149 1958 4226">
    <p class='ocr_par' dir='ltr' id='par_1_74' title="bbox 385 4149 1958 4226">
     <span class='ocr_line' id='line_1_74' title="bbox 385 4149 1958 4226; baseline 0.001 -21"><span class='ocrx_word' id='word_1_531' title='bbox 385 4149 737 4223; x_wconf 85' lang='grc' dir='ltr'>ὑπειλήφασι.</span> <span class='ocrx_word' id='word_1_532' title='bbox 770 4150 940 4205; x_wconf 89' lang='grc' dir='ltr'>Τοῦτο</span> <span class='ocrx_word' id='word_1_533' title='bbox 983 4152 1028 4204; x_wconf 78' lang='grc' dir='ltr'>δ’</span> <span class='ocrx_word' id='word_1_534' title='bbox 1059 4152 1270 4224; x_wconf 88' lang='grc' dir='ltr'>ἀνδρῶν</span> <span class='ocrx_word' id='word_1_535' title='bbox 1311 4149 1380 4224; x_wconf 77' lang='grc' dir='ltr'><strong>ἦν</strong></span> <span class='ocrx_word' id='word_1_536' title='bbox 1429 4151 1504 4226; x_wconf 86' lang='grc' dir='ltr'>μὴ</span> <span class='ocrx_word' id='word_1_537' title='bbox 1537 4155 1958 4225; x_wconf 89' lang='grc' dir='ltr'>συνεωρακότων</span> 
     </span>
    </p>
   </div>
   <div class='ocr_carea' id='block_1_75' title="bbox 383 4242 1961 4316">
    <p class='ocr_par' dir='ltr' id='par_1_75' title="bbox 383 4242 1961 4316">
     <span class='ocr_line' id='line_1_75' title="bbox 383 4242 1961 4316; baseline 0.001 -19"><span class='ocrx_word' id='word_1_538' title='bbox 383 4242 518 4297; x_wconf 88' lang='grc' dir='ltr'>Θεοῦ</span> <span class='ocrx_word' id='word_1_539' title='bbox 551 4243 730 4312; x_wconf 86' lang='grc' dir='ltr'>φύσιν,</span> <span class='ocrx_word' id='word_1_540' title='bbox 771 4242 903 4313; x_wconf 89' lang='grc' dir='ltr'>μηδέ</span> <span class='ocrx_word' id='word_1_541' title='bbox 933 4260 996 4312; x_wconf 91' lang='grc' dir='ltr'><strong>γε</strong></span> <span class='ocrx_word' id='word_1_542' title='bbox 1027 4243 1170 4299; x_wconf 82' lang='grc' dir='ltr'>θείου</span> <span class='ocrx_word' id='word_1_543' title='bbox 1193 4245 1506 4316; x_wconf 89' lang='grc' dir='ltr'>Πνεύματος</span> <span class='ocrx_word' id='word_1_544' title='bbox 1533 4245 1759 4316; x_wconf 85' lang='grc' dir='ltr'>δύναμιν</span> <span class='ocrx_word' id='word_1_545' title='bbox 1783 4248 1961 4299; x_wconf 89' lang='grc' dir='ltr'>ἐπινε-</span> 
     </span>
    </p>
   </div>
   <div class='ocr_carea' id='block_1_76' title="bbox 382 4333 1954 4409">
    <p class='ocr_par' dir='ltr' id='par_1_76' title="bbox 382 4333 1954 4409">
     <span class='ocr_line' id='line_1_76' title="bbox 382 4333 1954 4409; baseline 0.003 -22"><span class='ocrx_word' id='word_1_546' title='bbox 382 4333 673 4404; x_wconf 89' lang='grc' dir='ltr'>νοηκότων,</span> <span class='ocrx_word' id='word_1_547' title='bbox 709 4334 954 4405; x_wconf 72' lang='grc' dir='ltr'>οὐδαμῶς</span> <span class='ocrx_word' id='word_1_548' title='bbox 1007 4335 1104 4407; x_wconf 85' lang='grc' dir='ltr'>μὲν</span> <span class='ocrx_word' id='word_1_549' title='bbox 1158 4336 1637 4408; x_wconf 86' lang='grc' dir='ltr'>ἐμφιλοχωροῦσαν</span> <span class='ocrx_word' id='word_1_550' title='bbox 1668 4337 1892 4409; x_wconf 90' lang='grc' dir='ltr'>ἀψύχοις</span> <span class='ocrx_word' id='word_1_551' title='bbox 1921 4338 1954 4408; x_wconf 81' lang='grc' dir='ltr'><strong>ἢ</strong></span> 
     </span>
    </p>
   </div>
   <div class='ocr_carea' id='block_1_77' title="bbox 379 4423 1952 4501">
    <p class='ocr_par' dir='ltr' id='par_1_77' title="bbox 379 4423 1952 4501">
     <span class='ocr_line' id='line_1_77' title="bbox 379 4423 1952 4501; baseline 0.003 -23"><span class='ocrx_word' id='word_1_552' title='bbox 379 4424 594 4494; x_wconf 84' lang='grc' dir='ltr'>ἀλόγοις</span> <span class='ocrx_word' id='word_1_553' title='bbox 643 4423 820 4490; x_wconf 83' lang='grc' dir='ltr'>ζώοις,</span> <span class='ocrx_word' id='word_1_554' title='bbox 853 4425 968 4479; x_wconf 81' lang='grc' dir='ltr'>ἀλλ’</span> <span class='ocrx_word' id='word_1_555' title='bbox 995 4427 1103 4480; x_wconf 78' lang='grc' dir='ltr'>οὐδ’</span> <span class='ocrx_word' id='word_1_556' title='bbox 1134 4429 1190 4481; x_wconf 90' lang='grc' dir='ltr'><strong>ἐν</strong></span> <span class='ocrx_word' id='word_1_557' title='bbox 1237 4427 1472 4496; x_wconf 85' lang='grc' dir='ltr'>λογικοῖς</span> <span class='ocrx_word' id='word_1_558' title='bbox 1523 4427 1745 4497; x_wconf 75' lang='grc' dir='ltr'>ἅπασιν,</span> <span class='ocrx_word' id='word_1_559' title='bbox 1777 4431 1826 4482; x_wconf 79' lang='grc' dir='ltr'><strong>εί</strong></span> <span class='ocrx_word' id='word_1_560' title='bbox 1881 4431 1952 4501; x_wconf 81' lang='grc' dir='ltr'>μή</span> 
     </span>
    </p>
   </div>
   <div class='ocr_carea' id='block_1_78' title="bbox 2074 3233 3645 3307">
    <p class='ocr_par' dir='ltr' id='par_1_78' title="bbox 2074 3233 3645 3307">
     <span class='ocr_line' id='line_1_78' title="bbox 2074 3233 3645 3307; baseline -0.005 -11"><span class='ocrx_word' id='word_1_561' title='bbox 2074 3257 2177 3296; x_wconf 91' lang='lat' dir='ltr'><strong>usu</strong></span> <span class='ocrx_word' id='word_1_562' title='bbox 2209 3240 2439 3295; x_wconf 89' lang='lat' dir='ltr'><strong>rationis</strong></span> <span class='ocrx_word' id='word_1_563' title='bbox 2471 3239 2842 3302; x_wconf 89' lang='lat' dir='ltr'><strong>deturbatum,</strong></span> <span class='ocrx_word' id='word_1_564' title='bbox 2873 3237 3030 3307; x_wconf 89' lang='lat' dir='ltr'><strong>quasi</strong></span> <span class='ocrx_word' id='word_1_565' title='bbox 3059 3243 3331 3291; x_wconf 90' lang='lat' dir='ltr'><strong>mortuum</strong></span> <span class='ocrx_word' id='word_1_566' title='bbox 3364 3233 3645 3290; x_wconf 86' lang='lat' dir='ltr'><strong>distende-</strong></span> 
     </span>
    </p>
   </div>
   <div class='ocr_carea' id='block_1_79' title="bbox 2071 3312 3643 3402">
    <p class='ocr_par' dir='ltr' id='par_1_79' title="bbox 2071 3312 3643 3402">
     <span class='ocr_line' id='line_1_79' title="bbox 2071 3312 3643 3402; baseline -0.007 -14"><span class='ocrx_word' id='word_1_567' title='bbox 2071 3333 2184 3388; x_wconf 90' lang='lat' dir='ltr'><strong>bat.</strong></span> <span class='ocrx_word' id='word_1_568' title='bbox 2222 3331 2411 3402; x_wconf 81' lang='lat' dir='ltr'><strong>itaque</strong></span> <span class='ocrx_word' id='word_1_569' title='bbox 2445 3331 2535 3386; x_wconf 87' lang='lat' dir='ltr'><strong>ille</strong></span> <span class='ocrx_word' id='word_1_570' title='bbox 2555 3337 2815 3399; x_wconf 88' lang='lat' dir='ltr'><strong>tanquam</strong></span> <span class='ocrx_word' id='word_1_571' title='bbox 2857 3312 3003 3382; x_wconf 85' lang='lat' dir='ltr'><strong>omni</strong></span> <span class='ocrx_word' id='word_1_572' title='bbox 3041 3343 3203 3383; x_wconf 89' lang='lat' dir='ltr'><strong>sensu</strong></span> <span class='ocrx_word' id='word_1_573' title='bbox 3237 3326 3528 3396; x_wconf 89' lang='lat' dir='ltr'><strong>spoliatus,</strong></span> <span class='ocrx_word' id='word_1_574' title='bbox 3560 3323 3643 3378; x_wconf 89' lang='lat' dir='ltr'><strong>fa-</strong></span> 
     </span>
    </p>
   </div>
   <div class='ocr_carea' id='block_1_80' title="bbox 2070 3416 3637 3492">
    <p class='ocr_par' dir='ltr' id='par_1_80' title="bbox 2070 3416 3637 3492">
     <span class='ocr_line' id='line_1_80' title="bbox 2070 3416 3637 3492; baseline -0.004 -16"><span class='ocrx_word' id='word_1_575' title='bbox 2070 3432 2300 3492; x_wconf 91' lang='lat' dir='ltr'><strong>ctusque</strong></span> <span class='ocrx_word' id='word_1_576' title='bbox 2329 3437 2538 3484; x_wconf 90' lang='lat' dir='ltr'><strong>amens,</strong></span> <span class='ocrx_word' id='word_1_577' title='bbox 2569 3421 2699 3490; x_wconf 83' lang='lat' dir='ltr'><strong>quid</strong></span> <span class='ocrx_word' id='word_1_578' title='bbox 2739 3435 2769 3473; x_wconf 89' lang='lat' dir='ltr'><strong>a</strong></span> <span class='ocrx_word' id='word_1_579' title='bbox 2812 3434 2872 3475; x_wconf 89' lang='lat' dir='ltr'><strong>se</strong></span> <span class='ocrx_word' id='word_1_580' title='bbox 2899 3419 2983 3472; x_wconf 90' lang='lat' dir='ltr'><strong>vel</strong></span> <span class='ocrx_word' id='word_1_581' title='bbox 3023 3417 3296 3473; x_wconf 87' lang='lat' dir='ltr'><strong>diceretur</strong></span> <span class='ocrx_word' id='word_1_582' title='bbox 3327 3416 3410 3470; x_wconf 90' lang='lat' dir='ltr'><strong>vel</strong></span> <span class='ocrx_word' id='word_1_583' title='bbox 3447 3431 3637 3484; x_wconf 82' lang='lat' dir='ltr'><strong>agere-</strong></span> 
     </span>
    </p>
   </div>
   <div class='ocr_carea' id='block_1_81' title="bbox 2070 3507 3638 3582">
    <p class='ocr_par' dir='ltr' id='par_1_81' title="bbox 2070 3507 3638 3582">
     <span class='ocr_line' id='line_1_81' title="bbox 2070 3507 3638 3582; baseline -0.005 -14"><span class='ocrx_word' id='word_1_584' title='bbox 2070 3523 2178 3578; x_wconf 90' lang='lat' dir='ltr'><strong>tur,</strong></span> <span class='ocrx_word' id='word_1_585' title='bbox 2205 3512 2520 3582; x_wconf 86' lang='lat' dir='ltr'><strong>neutiquam</strong></span> <span class='ocrx_word' id='word_1_586' title='bbox 2549 3511 2903 3582; x_wconf 82' lang='lat' dir='ltr'><strong>intelligentia</strong></span> <span class='ocrx_word' id='word_1_587' title='bbox 2938 3511 3392 3580; x_wconf 88' lang='lat' dir='ltr'><strong>consequebatur.</strong></span> <span class='ocrx_word' id='word_1_588' title='bbox 3429 3507 3507 3561; x_wconf 82' lang='lat' dir='ltr'><strong>Ex</strong></span> <span class='ocrx_word' id='word_1_589' title='bbox 3531 3522 3638 3577; x_wconf 89' lang='lat' dir='ltr'><strong>qua</strong></span> 
     </span>
    </p>
   </div>
   <div class='ocr_carea' id='block_1_82' title="bbox 2067 3591 3638 3669">
    <p class='ocr_par' dir='ltr' id='par_1_82' title="bbox 2067 3591 3638 3669">
     <span class='ocr_line' id='line_1_82' title="bbox 2067 3591 3638 3669; baseline -0.004 -9"><span class='ocrx_word' id='word_1_590' title='bbox 2067 3621 2128 3662; x_wconf 91' lang='lat' dir='ltr'><strong>re</strong></span> <span class='ocrx_word' id='word_1_591' title='bbox 2162 3605 2357 3660; x_wconf 89' lang='lat' dir='ltr'><strong>merito</strong></span> <span class='ocrx_word' id='word_1_592' title='bbox 2391 3603 2704 3659; x_wconf 90' lang='lat' dir='ltr'><strong>istiusmodi</strong></span> <span class='ocrx_word' id='word_1_593' title='bbox 2752 3602 3066 3658; x_wconf 89' lang='lat' dir='ltr'><strong>alienationi</strong></span> <span class='ocrx_word' id='word_1_594' title='bbox 3114 3615 3311 3654; x_wconf 90' lang='lat' dir='ltr'><strong>nomen</strong></span> <span class='ocrx_word' id='word_1_595' title='bbox 3358 3591 3638 3669; x_wconf 81' lang='lat' dir='ltr'><strong>imposue-</strong></span> 
     </span>
    </p>
   </div>
   <div class='ocr_carea' id='block_1_83' title="bbox 2067 3689 3638 3765">
    <p class='ocr_par' dir='ltr' id='par_1_83' title="bbox 2067 3689 3638 3765">
     <span class='ocr_line' id='line_1_83' title="bbox 2067 3689 3638 3765; baseline -0.004 -14"><span class='ocrx_word' id='word_1_596' title='bbox 2067 3705 2218 3760; x_wconf 91' lang='lat' dir='ltr'><strong>runt,</strong></span> <span class='ocrx_word' id='word_1_597' title='bbox 2252 3697 2398 3765; x_wconf 91' lang='lat' dir='ltr'><strong>quod</strong></span> <span class='ocrx_word' id='word_1_598' title='bbox 2438 3709 2562 3748; x_wconf 91' lang='lat' dir='ltr'><strong>cum</strong></span> <span class='ocrx_word' id='word_1_599' title='bbox 2593 3693 2984 3748; x_wconf 86' lang='lat' dir='ltr'><strong>divinationem</strong></span> <span class='ocrx_word' id='word_1_600' title='bbox 3031 3691 3316 3761; x_wconf 78' lang='lat' dir='ltr'><strong>signiticet,</strong></span> <span class='ocrx_word' id='word_1_601' title='bbox 3373 3705 3405 3743; x_wconf 94' lang='lat' dir='ltr'><strong>a</strong></span> <span class='ocrx_word' id='word_1_602' title='bbox 3452 3689 3638 3744; x_wconf 76' lang='lat' dir='ltr'><strong>furore</strong></span> 
     </span>
    </p>
   </div>
   <div class='ocr_carea' id='block_1_84' title="bbox 2064 3781 3637 3852">
    <p class='ocr_par' dir='ltr' id='par_1_84' title="bbox 2064 3781 3637 3852">
     <span class='ocr_line' id='line_1_84' title="bbox 2064 3781 3637 3852; baseline -0.004 -9"><span class='ocrx_word' id='word_1_603' title='bbox 2064 3788 2281 3843; x_wconf 86' lang='lat' dir='ltr'><strong>videtur</strong></span> <span class='ocrx_word' id='word_1_604' title='bbox 2321 3801 2444 3843; x_wconf 87' lang='lat' dir='ltr'><strong>esse</strong></span> <span class='ocrx_word' id='word_1_605' title='bbox 2484 3785 2800 3841; x_wconf 86' lang='lat' dir='ltr'><strong>deductum.</strong></span> <span class='ocrx_word' id='word_1_606' title='bbox 2856 3782 3032 3838; x_wconf 85' lang='lat' dir='ltr'><strong>Verus</strong></span> <span class='ocrx_word' id='word_1_607' title='bbox 3079 3791 3260 3836; x_wconf 89' lang='lat' dir='ltr'><strong>autem</strong></span> <span class='ocrx_word' id='word_1_608' title='bbox 3308 3781 3637 3852; x_wconf 78' lang='lat' dir='ltr'><strong>divinosque</strong></span> 
     </span>
    </p>
   </div>
   <div class='ocr_carea' id='block_1_85' title="bbox 2067 3873 3633 3952">
    <p class='ocr_par' dir='ltr' id='par_1_85' title="bbox 2067 3873 3633 3952">
     <span class='ocr_line' id='line_1_85' title="bbox 2067 3873 3633 3952; baseline -0.006 -17"><span class='ocrx_word' id='word_1_609' title='bbox 2067 3880 2308 3952; x_wconf 89' lang='lat' dir='ltr'><strong>Spiritus</strong></span> <span class='ocrx_word' id='word_1_610' title='bbox 2341 3893 2464 3934; x_wconf 93' lang='lat' dir='ltr'><strong>cum</strong></span> <span class='ocrx_word' id='word_1_611' title='bbox 2513 3876 2907 3939; x_wconf 88' lang='lat' dir='ltr'><strong>lucidissimus,</strong></span> <span class='ocrx_word' id='word_1_612' title='bbox 2947 3889 3011 3928; x_wconf 90' lang='lat' dir='ltr'><strong>ac</strong></span> <span class='ocrx_word' id='word_1_613' title='bbox 3052 3874 3232 3944; x_wconf 86' lang='lat' dir='ltr'><strong>potius</strong></span> <span class='ocrx_word' id='word_1_614' title='bbox 3266 3873 3384 3942; x_wconf 85' lang='lat' dir='ltr'><strong>ipsa</strong></span> <span class='ocrx_word' id='word_1_615' title='bbox 3417 3875 3514 3927; x_wconf 77' lang='lat' dir='ltr'><strong>lux.</strong></span> <span class='ocrx_word' id='word_1_616' title='bbox 3540 3874 3633 3937; x_wconf 88' lang='lat' dir='ltr'><strong>sit,</strong></span> 
     </span>
    </p>
   </div>
   <div class='ocr_carea' id='block_1_86' title="bbox 2065 3967 3634 4041">
    <p class='ocr_par' dir='ltr' id='par_1_86' title="bbox 2065 3967 3634 4041">
     <span class='ocr_line' id='line_1_86' title="bbox 2065 3967 3634 4041; baseline -0.005 -14"><span class='ocrx_word' id='word_1_617' title='bbox 2065 3973 2132 4027; x_wconf 90' lang='lat' dir='ltr'><strong>ad</strong></span> <span class='ocrx_word' id='word_1_618' title='bbox 2161 3985 2543 4041; x_wconf 89' lang='lat' dir='ltr'><strong>quamcunque</strong></span> <span class='ocrx_word' id='word_1_619' title='bbox 2575 3968 2813 4021; x_wconf 88' lang='lat' dir='ltr'><strong>animam</strong></span> <span class='ocrx_word' id='word_1_620' title='bbox 2838 3972 3170 4027; x_wconf 87' lang='lat' dir='ltr'><strong>accesserat,</strong></span> <span class='ocrx_word' id='word_1_621' title='bbox 3201 3969 3256 4018; x_wconf 91' lang='lat' dir='ltr'><strong>in</strong></span> <span class='ocrx_word' id='word_1_622' title='bbox 3283 3979 3344 4019; x_wconf 87' lang='lat' dir='ltr'><strong>ea</strong></span> <span class='ocrx_word' id='word_1_623' title='bbox 3372 3967 3634 4020; x_wconf 91' lang='lat' dir='ltr'><strong>continuo</strong></span> 
     </span>
    </p>
   </div>
   <div class='ocr_carea' id='block_1_87' title="bbox 2061 4060 3633 4136">
    <p class='ocr_par' dir='ltr' id='par_1_87' title="bbox 2061 4060 3633 4136">
     <span class='ocr_line' id='line_1_87' title="bbox 2061 4060 3633 4136; baseline -0.004 -16"><span class='ocrx_word' id='word_1_624' title='bbox 2061 4080 2262 4120; x_wconf 90' lang='lat' dir='ltr'><strong>novum</strong></span> <span class='ocrx_word' id='word_1_625' title='bbox 2321 4079 2386 4120; x_wconf 91' lang='lat' dir='ltr'><strong>ac</strong></span> <span class='ocrx_word' id='word_1_626' title='bbox 2436 4062 2941 4136; x_wconf 85' lang='lat' dir='ltr'><strong>splendidissimum</strong></span> <span class='ocrx_word' id='word_1_627' title='bbox 2993 4061 3132 4115; x_wconf 90' lang='lat' dir='ltr'><strong>lucis</strong></span> <span class='ocrx_word' id='word_1_628' title='bbox 3176 4060 3317 4115; x_wconf 88' lang='lat' dir='ltr'><strong>diem</strong></span> <span class='ocrx_word' id='word_1_629' title='bbox 3349 4073 3633 4128; x_wconf 72' lang='lat' dir='ltr'><strong>compara-</strong></span> 
     </span>
    </p>
   </div>
   <div class='ocr_carea' id='block_1_88' title="bbox 2059 4153 3628 4229">
    <p class='ocr_par' dir='ltr' id='par_1_88' title="bbox 2059 4153 3628 4229">
     <span class='ocr_line' id='line_1_88' title="bbox 2059 4153 3628 4229; baseline -0.004 -16"><span class='ocrx_word' id='word_1_630' title='bbox 2059 4160 2174 4223; x_wconf 89' lang='lat' dir='ltr'><strong>bat,</strong></span> <span class='ocrx_word' id='word_1_631' title='bbox 2205 4157 2562 4229; x_wconf 88' lang='lat' dir='ltr'><strong>eamdemque</strong></span> <span class='ocrx_word' id='word_1_632' title='bbox 2590 4164 2643 4211; x_wconf 90' lang='lat' dir='ltr'><strong>et</strong></span> <span class='ocrx_word' id='word_1_633' title='bbox 2676 4155 2908 4211; x_wconf 88' lang='lat' dir='ltr'><strong>nitidam</strong></span> <span class='ocrx_word' id='word_1_634' title='bbox 2948 4162 3002 4210; x_wconf 88' lang='lat' dir='ltr'><strong>et</strong></span> <span class='ocrx_word' id='word_1_635' title='bbox 3041 4153 3109 4208; x_wconf 89' lang='lat' dir='ltr'><strong>ad</strong></span> <span class='ocrx_word' id='word_1_636' title='bbox 3152 4153 3628 4222; x_wconf 87' lang='lat' dir='ltr'><strong>contemplandum</strong></span> 
     </span>
    </p>
   </div>
   <div class='ocr_carea' id='block_1_89' title="bbox 2061 4244 3630 4316">
    <p class='ocr_par' dir='ltr' id='par_1_89' title="bbox 2061 4244 3630 4316">
     <span class='ocr_line' id='line_1_89' title="bbox 2061 4244 3630 4316; baseline -0.003 -14"><span class='ocrx_word' id='word_1_637' title='bbox 2061 4248 2332 4314; x_wconf 88' lang='lat' dir='ltr'><strong>idoneam,</strong></span> <span class='ocrx_word' id='word_1_638' title='bbox 2355 4250 2528 4303; x_wconf 91' lang='lat' dir='ltr'><strong>multo</strong></span> <span class='ocrx_word' id='word_1_639' title='bbox 2559 4247 2793 4316; x_wconf 89' lang='lat' dir='ltr'><strong>amplius</strong></span> <span class='ocrx_word' id='word_1_640' title='bbox 2822 4261 2970 4300; x_wconf 93' lang='lat' dir='ltr'><strong>nunc</strong></span> <span class='ocrx_word' id='word_1_641' title='bbox 2992 4261 3153 4316; x_wconf 90' lang='lat' dir='ltr'><strong>quam</strong></span> <span class='ocrx_word' id='word_1_642' title='bbox 3179 4244 3330 4315; x_wconf 89' lang='lat' dir='ltr'><strong>prius</strong></span> <span class='ocrx_word' id='word_1_643' title='bbox 3350 4259 3473 4300; x_wconf 90' lang='lat' dir='ltr'><strong>esse</strong></span> <span class='ocrx_word' id='word_1_644' title='bbox 3497 4259 3630 4298; x_wconf 88' lang='lat' dir='ltr'><strong>con-</strong></span> 
     </span>
    </p>
   </div>
   <div class='ocr_carea' id='block_1_90' title="bbox 2059 4335 3627 4409">
    <p class='ocr_par' dir='ltr' id='par_1_90' title="bbox 2059 4335 3627 4409">
     <span class='ocr_line' id='line_1_90' title="bbox 2059 4335 3627 4409; baseline -0.004 -13"><span class='ocrx_word' id='word_1_645' title='bbox 2059 4342 2351 4405; x_wconf 82' lang='lat' dir='ltr'><strong>suevisset,</strong></span> <span class='ocrx_word' id='word_1_646' title='bbox 2387 4340 2668 4394; x_wconf 88' lang='lat' dir='ltr'><strong>reddebat.</strong></span> <span class='ocrx_word' id='word_1_647' title='bbox 2701 4336 2892 4409; x_wconf 85' lang='lat' dir='ltr'><strong>Itaque</strong></span> <span class='ocrx_word' id='word_1_648' title='bbox 2924 4353 3047 4392; x_wconf 92' lang='lat' dir='ltr'><strong>cum</strong></span> <span class='ocrx_word' id='word_1_649' title='bbox 3083 4338 3318 4392; x_wconf 82' lang='lat' dir='ltr'><strong>maxime</strong></span> <span class='ocrx_word' id='word_1_650' title='bbox 3357 4343 3412 4392; x_wconf 84' lang='lat' dir='ltr'><strong>et</strong></span> <span class='ocrx_word' id='word_1_651' title='bbox 3455 4335 3627 4391; x_wconf 85' lang='lat' dir='ltr'><strong>sobrii</strong></span> 
     </span>
    </p>
   </div>
   <div class='ocr_carea' id='block_1_91' title="bbox 2058 4430 3624 4504">
    <p class='ocr_par' dir='ltr' id='par_1_91' title="bbox 2058 4430 3624 4504">
     <span class='ocr_line' id='line_1_91' title="bbox 2058 4430 3624 4504; baseline -0.004 -16"><span class='ocrx_word' id='word_1_652' title='bbox 2058 4441 2237 4498; x_wconf 88' lang='lat' dir='ltr'><strong>erant,</strong></span> <span class='ocrx_word' id='word_1_653' title='bbox 2261 4441 2316 4488; x_wconf 89' lang='lat' dir='ltr'><strong>et</strong></span> <span class='ocrx_word' id='word_1_654' title='bbox 2344 4433 2660 4503; x_wconf 81' lang='lat' dir='ltr'><strong>vigilabant,</strong></span> <span class='ocrx_word' id='word_1_655' title='bbox 2693 4439 2747 4486; x_wconf 92' lang='lat' dir='ltr'><strong>et</strong></span> <span class='ocrx_word' id='word_1_656' title='bbox 2777 4447 2885 4504; x_wconf 71' lang='lat' dir='ltr'><strong>pra:</strong></span> <span class='ocrx_word' id='word_1_657' title='bbox 2919 4431 3041 4484; x_wconf 91' lang='lat' dir='ltr'><strong>aliis</strong></span> <span class='ocrx_word' id='word_1_658' title='bbox 3087 4430 3342 4485; x_wconf 89' lang='lat' dir='ltr'><strong>omnibus</strong></span> <span class='ocrx_word' id='word_1_659' title='bbox 3375 4444 3497 4499; x_wconf 64' lang='lat' dir='ltr'><strong>quae</strong></span> <span class='ocrx_word' id='word_1_660' title='bbox 3529 4443 3624 4484; x_wconf 90' lang='lat' dir='ltr'><strong>ca-</strong></span> 
     </span>
    </p>
   </div>
   <div class='ocr_carea' id='block_1_92' title="bbox 381 4511 1969 4595">
    <p class='ocr_par' dir='ltr' id='par_1_92' title="bbox 381 4517 1953 4592">
     <span class='ocr_line' id='line_1_92' title="bbox 381 4517 1953 4592; baseline 0.003 -22"><span class='ocrx_word' id='word_1_661' title='bbox 381 4533 511 4571; x_wconf 79' lang='grc' dir='ltr'>ποτε</span> <span class='ocrx_word' id='word_1_662' title='bbox 581 4518 690 4589; x_wconf 80' lang='grc' dir='ltr'><strong>ἄρα</strong></span> <span class='ocrx_word' id='word_1_663' title='bbox 735 4517 768 4588; x_wconf 83' lang='grc' dir='ltr'><strong>ἢ</strong></span> <span class='ocrx_word' id='word_1_664' title='bbox 821 4517 995 4587; x_wconf 84' lang='grc' dir='ltr'>μόνων</span> <span class='ocrx_word' id='word_1_665' title='bbox 1025 4519 1210 4590; x_wconf 87' lang='grc' dir='ltr'>ψυχῶν</span> <span class='ocrx_word' id='word_1_666' title='bbox 1253 4519 1348 4572; x_wconf 76' lang='grc' dir='ltr'>καὶ</span> <span class='ocrx_word' id='word_1_667' title='bbox 1393 4521 1670 4592; x_wconf 83' lang='grc' dir='ltr'>ὲναρέτοις</span> <span class='ocrx_word' id='word_1_668' title='bbox 1725 4520 1953 4591; x_wconf 82' lang='grc' dir='ltr'>ψυχαῖς,</span> 
     </span>
    </p>
   </div>
   <div class='ocr_carea' id='block_1_93' title="bbox 2070 4511 3626 4595">
    <p class='ocr_par' dir='ltr' id='par_1_93' title="bbox 2070 4523 3626 4595">
     <span class='ocr_line' id='line_1_93' title="bbox 2070 4523 3626 4595; baseline -0.001 -15"><span class='ocrx_word' id='word_1_669' title='bbox 2070 4527 2283 4589; x_wconf 88' lang='lat' dir='ltr'><strong>nehant,</strong></span> <span class='ocrx_word' id='word_1_670' title='bbox 2317 4525 2420 4595; x_wconf 91' lang='lat' dir='ltr'><strong>ipsi</strong></span> <span class='ocrx_word' id='word_1_671' title='bbox 2457 4525 2811 4580; x_wconf 89' lang='lat' dir='ltr'><strong>intuebantur</strong></span> <span class='ocrx_word' id='word_1_672' title='bbox 2860 4532 2914 4580; x_wconf 90' lang='lat' dir='ltr'><strong>et</strong></span> <span class='ocrx_word' id='word_1_673' title='bbox 2961 4523 3371 4593; x_wconf 79' lang='lat' dir='ltr'><strong>comparabant.</strong></span> <span class='ocrx_word' id='word_1_674' title='bbox 3409 4523 3487 4578; x_wconf 81' lang='lat' dir='ltr'><strong>Ex</strong></span> <span class='ocrx_word' id='word_1_675' title='bbox 3515 4537 3626 4594; x_wconf 89' lang='lat' dir='ltr'><strong>quo</strong></span> 
     </span>
    </p>
   </div>
   <div class='ocr_carea' id='block_1_94' title="bbox 379 4607 1953 4685">
    <p class='ocr_par' dir='ltr' id='par_1_94' title="bbox 379 4607 1953 4685">
     <span class='ocr_line' id='line_1_94' title="bbox 379 4607 1953 4685; baseline 0.003 -26"><span class='ocrx_word' id='word_1_676' title='bbox 379 4607 523 4670; x_wconf 88' lang='grc' dir='ltr'>οἴους</span> <span class='ocrx_word' id='word_1_677' title='bbox 567 4608 698 4678; x_wconf 82' lang='grc' dir='ltr'>ἡμῖν</span> <span class='ocrx_word' id='word_1_678' title='bbox 743 4609 944 4679; x_wconf 89' lang='grc' dir='ltr'>ἀρτίως</span> <span class='ocrx_word' id='word_1_679' title='bbox 973 4610 1000 4661; x_wconf 84' lang='grc' dir='ltr'>ὁ</span> <span class='ocrx_word' id='word_1_680' title='bbox 1023 4608 1177 4676; x_wconf 78' lang='grc' dir='ltr'>λόγός</span> <span class='ocrx_word' id='word_1_681' title='bbox 1203 4610 1330 4674; x_wconf 85' lang='grc' dir='ltr'>τοὺς</span> <span class='ocrx_word' id='word_1_682' title='bbox 1369 4609 1634 4682; x_wconf 87' lang='grc' dir='ltr'>Ἑϐραίων</span> <span class='ocrx_word' id='word_1_683' title='bbox 1670 4611 1953 4685; x_wconf 82' lang='grc' dir='ltr'>ὑπέγραψε</span> 
     </span>
    </p>
   </div>
   <div class='ocr_carea' id='block_1_95' title="bbox 381 4699 1953 4775">
    <p class='ocr_par' dir='ltr' id='par_1_95' title="bbox 381 4699 1953 4775">
     <span class='ocr_line' id='line_1_95' title="bbox 381 4699 1953 4775; baseline 0.004 -23"><span class='ocrx_word' id='word_1_684' title='bbox 381 4700 689 4772; x_wconf 82' lang='grc' dir='ltr'>προφήτας·</span> <span class='ocrx_word' id='word_1_685' title='bbox 722 4699 816 4764; x_wconf 83' lang='grc' dir='ltr'><strong>οὒς</strong></span> <span class='ocrx_word' id='word_1_686' title='bbox 845 4699 940 4754; x_wconf 89' lang='grc' dir='ltr'><strong>τοῦ</strong></span> <span class='ocrx_word' id='word_1_687' title='bbox 972 4701 1116 4754; x_wconf 88' lang='grc' dir='ltr'>θείου</span> <span class='ocrx_word' id='word_1_688' title='bbox 1147 4702 1460 4774; x_wconf 86' lang='grc' dir='ltr'>Πνεύματός</span> <span class='ocrx_word' id='word_1_689' title='bbox 1497 4721 1674 4775; x_wconf 87' lang='grc' dir='ltr'>φαμεν</span> <span class='ocrx_word' id='word_1_690' title='bbox 1719 4703 1953 4775; x_wconf 82' lang='grc' dir='ltr'>ἀξιωθῆ-</span> 
     </span>
    </p>
   </div>
   <div class='ocr_carea' id='block_1_96' title="bbox 379 4792 1954 4867">
    <p class='ocr_par' dir='ltr' id='par_1_96' title="bbox 379 4792 1954 4867">
     <span class='ocr_line' id='line_1_96' title="bbox 379 4792 1954 4867; baseline 0.004 -23"><span class='ocrx_word' id='word_1_691' title='bbox 379 4807 464 4845; x_wconf 91' lang='grc' dir='ltr'><strong>ναι</strong></span> <span class='ocrx_word' id='word_1_692' title='bbox 501 4792 750 4862; x_wconf 81' lang='grc' dir='ltr'>μεγάλων</span> <span class='ocrx_word' id='word_1_693' title='bbox 790 4793 974 4847; x_wconf 76' lang='grc' dir='ltr'>ἕνεκεν</span> <span class='ocrx_word' id='word_1_694' title='bbox 1007 4794 1348 4864; x_wconf 83' lang='grc' dir='ltr'>πραγμάτων</span> <span class='ocrx_word' id='word_1_695' title='bbox 1373 4796 1696 4867; x_wconf 80' lang='grc' dir='ltr'>οἰκουμένης</span> <span class='ocrx_word' id='word_1_696' title='bbox 1736 4797 1954 4866; x_wconf 81' lang='grc' dir='ltr'>ἀπάσης</span> 
     </span>
    </p>
   </div>
   <div class='ocr_carea' id='block_1_97' title="bbox 379 4881 1949 4956">
    <p class='ocr_par' dir='ltr' id='par_1_97' title="bbox 379 4881 1949 4956">
     <span class='ocr_line' id='line_1_97' title="bbox 379 4881 1949 4956; baseline 0.003 -21"><span class='ocrx_word' id='word_1_697' title='bbox 379 4881 679 4955; x_wconf 86' lang='grc' dir='ltr'>ἀνθρώπων</span> <span class='ocrx_word' id='word_1_698' title='bbox 719 4883 995 4954; x_wconf 83' lang='grc' dir='ltr'>βελτιώσει</span> <span class='ocrx_word' id='word_1_699' title='bbox 1038 4885 1506 4956; x_wconf 90' lang='grc' dir='ltr'>συμϐαλλομένων.</span> <span class='ocrx_word' id='word_1_700' title='bbox 1536 4888 1597 4939; x_wconf 82' lang='grc' dir='ltr'><strong>Εἰ</strong></span> <span class='ocrx_word' id='word_1_701' title='bbox 1623 4886 1680 4939; x_wconf 91' lang='grc' dir='ltr'><strong>δέ</strong></span> <span class='ocrx_word' id='word_1_702' title='bbox 1715 4888 1826 4940; x_wconf 86' lang='grc' dir='ltr'>ποτ’</span> <span class='ocrx_word' id='word_1_703' title='bbox 1849 4887 1949 4939; x_wconf 83' lang='grc' dir='ltr'>αὑ-</span> 
     </span>
    </p>
   </div>
   <div class='ocr_carea' id='block_1_98' title="bbox 377 4973 1949 5048">
    <p class='ocr_par' dir='ltr' id='par_1_98' title="bbox 377 4973 1949 5048">
     <span class='ocr_line' id='line_1_98' title="bbox 377 4973 1949 5048; baseline 0.002 -22"><span class='ocrx_word' id='word_1_704' title='bbox 377 4975 488 5038; x_wconf 87' lang='grc' dir='ltr'>τοῖς</span> <span class='ocrx_word' id='word_1_705' title='bbox 520 4974 674 5037; x_wconf 82' lang='grc' dir='ltr'>σκιᾶς</span> <span class='ocrx_word' id='word_1_706' title='bbox 703 4973 856 5046; x_wconf 85' lang='grc' dir='ltr'>δίκην</span> <span class='ocrx_word' id='word_1_707' title='bbox 885 4975 1238 5047; x_wconf 75' lang='grc' dir='ltr'>ἐπηκολούθει</span> <span class='ocrx_word' id='word_1_708' title='bbox 1266 4976 1325 5030; x_wconf 75' lang='grc' dir='ltr'>τὸ</span> <span class='ocrx_word' id='word_1_709' title='bbox 1350 4977 1444 5030; x_wconf 76' lang='grc' dir='ltr'><strong>καὶ</strong></span> <span class='ocrx_word' id='word_1_710' title='bbox 1470 4977 1538 5030; x_wconf 91' lang='grc' dir='ltr'><strong>τά</strong></span> <span class='ocrx_word' id='word_1_711' title='bbox 1573 4977 1817 5048; x_wconf 88' lang='grc' dir='ltr'>παρόντα</span> <span class='ocrx_word' id='word_1_712' title='bbox 1841 4977 1949 5030; x_wconf 90' lang='grc' dir='ltr'><strong>τῶν</strong></span> 
     </span>
    </p>
   </div>
   <div class='ocr_carea' id='block_1_99' title="bbox 383 5061 1948 5138">
    <p class='ocr_par' dir='ltr' id='par_1_99' title="bbox 383 5061 1948 5138">
     <span class='ocr_line' id='line_1_99' title="bbox 383 5061 1948 5138; baseline 0.003 -23"><span class='ocrx_word' id='word_1_713' title='bbox 383 5063 561 5132; x_wconf 87' lang='grc' dir='ltr'>μέσων</span> <span class='ocrx_word' id='word_1_714' title='bbox 588 5063 681 5115; x_wconf 77' lang='grc' dir='ltr'><strong>καὶ</strong></span> <span class='ocrx_word' id='word_1_715' title='bbox 706 5061 1010 5134; x_wconf 85' lang='grc' dir='ltr'>ἀδιαφόρων</span> <span class='ocrx_word' id='word_1_716' title='bbox 1037 5065 1341 5136; x_wconf 86' lang='grc' dir='ltr'>γνωρίζειν,</span> <span class='ocrx_word' id='word_1_717' title='bbox 1373 5066 1466 5119; x_wconf 78' lang='grc' dir='ltr'>καὶ</span> <span class='ocrx_word' id='word_1_718' title='bbox 1501 5065 1782 5138; x_wconf 85' lang='grc' dir='ltr'>προλέγειν</span> <span class='ocrx_word' id='word_1_719' title='bbox 1811 5067 1948 5120; x_wconf 90' lang='grc' dir='ltr'><strong>κατά</strong></span> 
     </span>
    </p>
   </div>
   <div class='ocr_carea' id='block_1_100' title="bbox 378 5153 1946 5230">
    <p class='ocr_par' dir='ltr' id='par_1_100' title="bbox 378 5153 1946 5230">
     <span class='ocr_line' id='line_1_100' title="bbox 378 5153 1946 5230; baseline 0.004 -22"><span class='ocrx_word' id='word_1_720' title='bbox 378 5154 566 5226; x_wconf 81' lang='grc' dir='ltr'>καιρὸν</span> <span class='ocrx_word' id='word_1_721' title='bbox 604 5153 672 5226; x_wconf 67' lang='grc' dir='ltr'>τὰ</span> <span class='ocrx_word' id='word_1_722' title='bbox 699 5156 1034 5227; x_wconf 85' lang='grc' dir='ltr'>ἀγνοούμενα</span> <span class='ocrx_word' id='word_1_723' title='bbox 1064 5160 1176 5221; x_wconf 90' lang='grc' dir='ltr'>τοῖς</span> <span class='ocrx_word' id='word_1_724' title='bbox 1209 5157 1485 5230; x_wconf 89' lang='grc' dir='ltr'>ἐρωτῶσιν</span> <span class='ocrx_word' id='word_1_725' title='bbox 1515 5160 1823 5228; x_wconf 85' lang='grc' dir='ltr'>ἀναγκαίως</span> <span class='ocrx_word' id='word_1_726' title='bbox 1853 5162 1946 5214; x_wconf 72' lang='grc' dir='ltr'><strong>καὶ</strong></span> 
     </span>
    </p>
   </div>
   <div class='ocr_carea' id='block_1_101' title="bbox 377 5247 1946 5326">
    <p class='ocr_par' dir='ltr' id='par_1_101' title="bbox 377 5247 1946 5326">
     <span class='ocr_line' id='line_1_101' title="bbox 377 5247 1946 5326; baseline 0.003 -25"><span class='ocrx_word' id='word_1_727' title='bbox 377 5247 532 5302; x_wconf 87' lang='grc' dir='ltr'>τοῦτο</span> <span class='ocrx_word' id='word_1_728' title='bbox 568 5251 682 5312; x_wconf 88' lang='grc' dir='ltr'>τοῖς</span> <span class='ocrx_word' id='word_1_729' title='bbox 725 5249 894 5303; x_wconf 82' lang='grc' dir='ltr'>πάλαι</span> <span class='ocrx_word' id='word_1_730' title='bbox 927 5251 1110 5315; x_wconf 77' lang='grc' dir='ltr'>αὐτοῖς</span> <span class='ocrx_word' id='word_1_731' title='bbox 1155 5250 1512 5323; x_wconf 81' lang='grc' dir='ltr'>πλησιάζουσι</span> <span class='ocrx_word' id='word_1_732' title='bbox 1564 5256 1843 5326; x_wconf 85' lang='grc' dir='ltr'>παρεῖχον,</span> <span class='ocrx_word' id='word_1_733' title='bbox 1870 5253 1946 5318; x_wconf 86' lang='grc' dir='ltr'>ὼς</span> 
     </span>
    </p>
   </div>
   <div class='ocr_carea' id='block_1_102' title="bbox 374 5338 1944 5421">
    <p class='ocr_par' dir='ltr' id='par_1_102' title="bbox 374 5338 1944 5421">
     <span class='ocr_line' id='line_1_102' title="bbox 374 5338 1944 5421; baseline 0.005 -29"><span class='ocrx_word' id='word_1_734' title='bbox 374 5338 440 5392; x_wconf 78' lang='grc' dir='ltr'><strong>ἀν</strong></span> <span class='ocrx_word' id='word_1_735' title='bbox 475 5341 548 5412; x_wconf 86' lang='grc' dir='ltr'>μὴ</span> <span class='ocrx_word' id='word_1_736' title='bbox 578 5340 782 5395; x_wconf 88' lang='grc' dir='ltr'>δοκοῖεν</span> <span class='ocrx_word' id='word_1_737' title='bbox 809 5342 858 5395; x_wconf 84' lang='grc' dir='ltr'>οἱ</span> <span class='ocrx_word' id='word_1_738' title='bbox 881 5342 1046 5421; x_wconf 77' lang='grc' dir='ltr'>λίχνοι</span> <span class='ocrx_word' id='word_1_739' title='bbox 1068 5345 1196 5417; x_wconf 75' lang='grc' dir='ltr'>περὶ</span> <span class='ocrx_word' id='word_1_740' title='bbox 1216 5346 1316 5409; x_wconf 85' lang='grc' dir='ltr'><strong>τάς</strong></span> <span class='ocrx_word' id='word_1_741' title='bbox 1343 5345 1678 5418; x_wconf 83' lang='grc' dir='ltr'>προγνώσεις</span> <span class='ocrx_word' id='word_1_742' title='bbox 1709 5347 1944 5415; x_wconf 82' lang='grc' dir='ltr'>εὐλόγως</span> 
     </span>
    </p>
   </div>
   <div class='ocr_carea' id='block_1_103' title="bbox 375 5429 1940 5507">
    <p class='ocr_par' dir='ltr' id='par_1_103' title="bbox 375 5429 1940 5507">
     <span class='ocr_line' id='line_1_103' title="bbox 375 5429 1940 5507; baseline 0.006 -27"><span class='ocrx_word' id='word_1_743' title='bbox 375 5429 684 5484; x_wconf 87' lang='grc' dir='ltr'>ἀποκλίνειν</span> <span class='ocrx_word' id='word_1_744' title='bbox 719 5433 813 5486; x_wconf 73' lang='grc' dir='ltr'>ἐπὶ</span> <span class='ocrx_word' id='word_1_745' title='bbox 854 5432 924 5485; x_wconf 88' lang='grc' dir='ltr'><strong>τά</strong></span> <span class='ocrx_word' id='word_1_746' title='bbox 953 5432 1056 5501; x_wconf 79' lang='grc' dir='ltr'>ἔξω</span> <span class='ocrx_word' id='word_1_747' title='bbox 1101 5435 1210 5487; x_wconf 89' lang='grc' dir='ltr'><strong>τῶν</strong></span> <span class='ocrx_word' id='word_1_748' title='bbox 1255 5435 1565 5504; x_wconf 81' lang='grc' dir='ltr'>ἀλλοφύλων</span> <span class='ocrx_word' id='word_1_749' title='bbox 1594 5435 1762 5489; x_wconf 87' lang='grc' dir='ltr'>ἐθνῶν</span> <span class='ocrx_word' id='word_1_750' title='bbox 1805 5453 1940 5507; x_wconf 83' lang='grc' dir='ltr'>μαν-</span> 
     </span>
    </p>
   </div>
   <div class='ocr_carea' id='block_1_104' title="bbox 376 5522 1938 5599">
    <p class='ocr_par' dir='ltr' id='par_1_104' title="bbox 376 5522 1938 5599">
     <span class='ocr_line' id='line_1_104' title="bbox 376 5522 1938 5599; baseline 0.005 -25"><span class='ocrx_word' id='word_1_751' title='bbox 376 5524 492 5575; x_wconf 89' lang='grc' dir='ltr'>τεῖα</span> <span class='ocrx_word' id='word_1_752' title='bbox 526 5524 716 5578; x_wconf 84' lang='grc' dir='ltr'>σπάνει</span> <span class='ocrx_word' id='word_1_753' title='bbox 748 5525 1039 5596; x_wconf 88' lang='grc' dir='ltr'>προφητῶν</span> <span class='ocrx_word' id='word_1_754' title='bbox 1063 5526 1295 5582; x_wconf 81' lang='grc' dir='ltr'>οἰκείων.</span> <span class='ocrx_word' id='word_1_755' title='bbox 1315 5527 1474 5581; x_wconf 87' lang='grc' dir='ltr'>Ἀλλά</span> <span class='ocrx_word' id='word_1_756' title='bbox 1504 5527 1676 5580; x_wconf 88' lang='grc' dir='ltr'>ταῦτα</span> <span class='ocrx_word' id='word_1_757' title='bbox 1713 5528 1811 5599; x_wconf 85' lang='grc' dir='ltr'>μὲν</span> <span class='ocrx_word' id='word_1_758' title='bbox 1837 5522 1938 5582; x_wconf 85' lang='grc' dir='ltr'>ὧδε</span> 
     </span>
    </p>
   </div>
   <div class='ocr_carea' id='block_1_105' title="bbox 375 5610 1939 5690">
    <p class='ocr_par' dir='ltr' id='par_1_105' title="bbox 375 5610 1939 5690">
     <span class='ocr_line' id='line_1_105' title="bbox 375 5610 1939 5690; baseline 0.006 -26"><span class='ocrx_word' id='word_1_759' title='bbox 375 5610 526 5676; x_wconf 80' lang='grc' dir='ltr'>τέλος</span> <span class='ocrx_word' id='word_1_760' title='bbox 551 5615 739 5684; x_wconf 84' lang='grc' dir='ltr'>ἐχέτω,</span> <span class='ocrx_word' id='word_1_761' title='bbox 771 5616 870 5688; x_wconf 83' lang='grc' dir='ltr'>τῆς</span> <span class='ocrx_word' id='word_1_762' title='bbox 903 5618 960 5670; x_wconf 91' lang='grc' dir='ltr'><strong>ἐν</strong></span> <span class='ocrx_word' id='word_1_763' title='bbox 1005 5621 1115 5682; x_wconf 89' lang='grc' dir='ltr'>τοῖς</span> <span class='ocrx_word' id='word_1_764' title='bbox 1156 5618 1419 5690; x_wconf 83' lang='grc' dir='ltr'>Ἐϐραίων</span> <span class='ocrx_word' id='word_1_765' title='bbox 1454 5621 1758 5690; x_wconf 74' lang='grc' dir='ltr'>προφήταις</span> <span class='ocrx_word' id='word_1_766' title='bbox 1791 5620 1939 5684; x_wconf 85' lang='grc' dir='ltr'>θείας</span> 
     </span>
    </p>
   </div>
   <div class='ocr_carea' id='block_1_106' title="bbox 377 5703 1940 5783">
    <p class='ocr_par' dir='ltr' id='par_1_106' title="bbox 377 5703 1940 5783">
     <span class='ocr_line' id='line_1_106' title="bbox 377 5703 1940 5783; baseline 0.005 -25"><span class='ocrx_word' id='word_1_767' title='bbox 377 5703 650 5775; x_wconf 84' lang='grc' dir='ltr'>δυνάμεως</span> <span class='ocrx_word' id='word_1_768' title='bbox 682 5707 808 5762; x_wconf 76' lang='grc' dir='ltr'>ὄντα</span> <span class='ocrx_word' id='word_1_769' title='bbox 840 5711 1384 5782; x_wconf 72' lang='grc' dir='ltr'>παραπατικά.Ὢρα</span> <span class='ocrx_word' id='word_1_770' title='bbox 1412 5711 1476 5783; x_wconf 83' lang='grc' dir='ltr'>δὴ</span> <span class='ocrx_word' id='word_1_771' title='bbox 1499 5707 1591 5765; x_wconf 82' lang='grc' dir='ltr'><strong>οῦν</strong></span> <span class='ocrx_word' id='word_1_772' title='bbox 1617 5713 1816 5776; x_wconf 81' lang='grc' dir='ltr'>αὐτοῖς,</span> <span class='ocrx_word' id='word_1_773' title='bbox 1849 5708 1940 5775; x_wconf 20' lang='grc' dir='ltr'>οἷα,</span> 
     </span>
    </p>
   </div>
   <div class='ocr_carea' id='block_1_107' title="bbox 377 5793 1934 5884">
    <p class='ocr_par' dir='ltr' id='par_1_107' title="bbox 377 5793 1934 5884">
     <span class='ocr_line' id='line_1_107' title="bbox 377 5793 1934 5884; baseline 0.004 -35"><span class='ocrx_word' id='word_1_774' title='bbox 377 5793 438 5866; x_wconf 81' lang='grc' dir='ltr'><strong>δὴ</strong></span> <span class='ocrx_word' id='word_1_775' title='bbox 466 5795 667 5862; x_wconf 80' lang='grc' dir='ltr'>ἐνθέοις</span> <span class='ocrx_word' id='word_1_776' title='bbox 691 5798 913 5884; x_wconf 83' lang='grc' dir='ltr'>ἀνδράσι</span> <span class='ocrx_word' id='word_1_777' title='bbox 939 5801 1030 5860; x_wconf 75' lang='grc' dir='ltr'><strong>καὶ</strong></span> <span class='ocrx_word' id='word_1_778' title='bbox 1059 5805 1261 5873; x_wconf 83' lang='grc' dir='ltr'>σοφοῖς,</span> <span class='ocrx_word' id='word_1_779' title='bbox 1289 5801 1350 5855; x_wconf 89' lang='grc' dir='ltr'><strong>ού</strong></span> <span class='ocrx_word' id='word_1_780' title='bbox 1381 5801 1499 5855; x_wconf 82' lang='grc' dir='ltr'>κατ’</span> <span class='ocrx_word' id='word_1_781' title='bbox 1528 5800 1813 5873; x_wconf 73' lang='grc' dir='ltr'>ἄνθρωπον</span> <span class='ocrx_word' id='word_1_782' title='bbox 1843 5803 1934 5866; x_wconf 76' lang='grc' dir='ltr'>γέ-</span> 
     </span>
    </p>
   </div>
   <div class='ocr_carea' id='block_1_108' title="bbox 2056 4612 3625 4684">
    <p class='ocr_par' dir='ltr' id='par_1_108' title="bbox 2056 4612 3625 4684">
     <span class='ocr_line' id='line_1_108' title="bbox 2056 4612 3625 4684; baseline 0.003 -19"><span class='ocrx_word' id='word_1_783' title='bbox 2056 4612 2188 4666; x_wconf 90' lang='lat' dir='ltr'><strong>mihi</strong></span> <span class='ocrx_word' id='word_1_784' title='bbox 2223 4614 2358 4668; x_wconf 91' lang='lat' dir='ltr'><strong>bene</strong></span> <span class='ocrx_word' id='word_1_785' title='bbox 2384 4627 2619 4682; x_wconf 89' lang='lat' dir='ltr'><strong>vereque</strong></span> <span class='ocrx_word' id='word_1_786' title='bbox 2650 4612 2900 4667; x_wconf 86' lang='lat' dir='ltr'><strong>videmur</strong></span> <span class='ocrx_word' id='word_1_787' title='bbox 2937 4627 3031 4668; x_wconf 90' lang='lat' dir='ltr'><strong>eos</strong></span> <span class='ocrx_word' id='word_1_788' title='bbox 3074 4613 3168 4684; x_wconf 92' lang='lat' dir='ltr'><strong>qui</strong></span> <span class='ocrx_word' id='word_1_789' title='bbox 3216 4614 3351 4668; x_wconf 91' lang='lat' dir='ltr'><strong>tales</strong></span> <span class='ocrx_word' id='word_1_790' title='bbox 3400 4613 3625 4669; x_wconf 87' lang='lat' dir='ltr'><strong>exstite-</strong></span> 
     </span>
    </p>
   </div>
   <div class='ocr_carea' id='block_1_109' title="bbox 2054 4703 3622 4774">
    <p class='ocr_par' dir='ltr' id='par_1_109' title="bbox 2054 4703 3622 4774">
     <span class='ocr_line' id='line_1_109' title="bbox 2054 4703 3622 4774; baseline 0.001 -16"><span class='ocrx_word' id='word_1_791' title='bbox 2054 4705 2185 4768; x_wconf 87' lang='lat' dir='ltr'><strong>rint,</strong></span> <span class='ocrx_word' id='word_1_792' title='bbox 2217 4719 2414 4759; x_wconf 89' lang='lat' dir='ltr'><strong>vocare</strong></span> <span class='ocrx_word' id='word_1_793' title='bbox 2441 4705 2755 4774; x_wconf 89' lang='lat' dir='ltr'><strong>prophetas,</strong></span> <span class='ocrx_word' id='word_1_794' title='bbox 2783 4703 2928 4774; x_wconf 92' lang='lat' dir='ltr'><strong>quod</strong></span> <span class='ocrx_word' id='word_1_795' title='bbox 2953 4703 3169 4759; x_wconf 87' lang='lat' dir='ltr'><strong>divinus</strong></span> <span class='ocrx_word' id='word_1_796' title='bbox 3203 4704 3259 4758; x_wconf 92' lang='lat' dir='ltr'><strong>in</strong></span> <span class='ocrx_word' id='word_1_797' title='bbox 3282 4704 3361 4760; x_wconf 90' lang='lat' dir='ltr'><strong>eis</strong></span> <span class='ocrx_word' id='word_1_798' title='bbox 3385 4703 3622 4773; x_wconf 89' lang='lat' dir='ltr'><strong>Spiritus</strong></span> 
     </span>
    </p>
   </div>
   <div class='ocr_carea' id='block_1_110' title="bbox 2053 4792 3618 4864">
    <p class='ocr_par' dir='ltr' id='par_1_110' title="bbox 2053 4792 3618 4864">
     <span class='ocr_line' id='line_1_110' title="bbox 2053 4792 3618 4864; baseline 0.002 -19"><span class='ocrx_word' id='word_1_799' title='bbox 2053 4802 2178 4848; x_wconf 91' lang='lat' dir='ltr'><strong>ante</strong></span> <span class='ocrx_word' id='word_1_800' title='bbox 2204 4792 2514 4857; x_wconf 92' lang='lat' dir='ltr'><strong>ostendere,</strong></span> <span class='ocrx_word' id='word_1_801' title='bbox 2540 4801 2594 4848; x_wconf 88' lang='lat' dir='ltr'><strong>et</strong></span> <span class='ocrx_word' id='word_1_802' title='bbox 2626 4794 2831 4849; x_wconf 92' lang='lat' dir='ltr'><strong>lumine</strong></span> <span class='ocrx_word' id='word_1_803' title='bbox 2865 4809 2966 4850; x_wconf 90' lang='lat' dir='ltr'><strong>suo</strong></span> <span class='ocrx_word' id='word_1_804' title='bbox 2987 4795 3307 4864; x_wconf 76' lang='lat' dir='ltr'><strong>anticipare,</strong></span> <span class='ocrx_word' id='word_1_805' title='bbox 3341 4809 3450 4848; x_wconf 87' lang='lat' dir='ltr'><strong>non</strong></span> <span class='ocrx_word' id='word_1_806' title='bbox 3479 4809 3618 4864; x_wconf 66' lang='lat' dir='ltr'><strong>prae-</strong></span> 
     </span>
    </p>
   </div>
   <div class='ocr_carea' id='block_1_111' title="bbox 2051 4880 3614 4946">
    <p class='ocr_par' dir='ltr' id='par_1_111' title="bbox 2051 4880 3614 4946">
     <span class='ocr_line' id='line_1_111' title="bbox 2051 4880 3614 4946; baseline -0.002 -10"><span class='ocrx_word' id='word_1_807' title='bbox 2051 4881 2286 4936; x_wconf 86' lang='lat' dir='ltr'><strong>sentium</strong></span> <span class='ocrx_word' id='word_1_808' title='bbox 2338 4880 2520 4946; x_wconf 92' lang='lat' dir='ltr'><strong>modo,</strong></span> <span class='ocrx_word' id='word_1_809' title='bbox 2572 4896 2756 4936; x_wconf 88' lang='lat' dir='ltr'><strong>verum</strong></span> <span class='ocrx_word' id='word_1_810' title='bbox 2811 4883 2971 4936; x_wconf 90' lang='lat' dir='ltr'><strong>etiam</strong></span> <span class='ocrx_word' id='word_1_811' title='bbox 3042 4881 3350 4935; x_wconf 91' lang='lat' dir='ltr'><strong>futurorum</strong></span> <span class='ocrx_word' id='word_1_812' title='bbox 3409 4895 3614 4945; x_wconf 88' lang='lat' dir='ltr'><strong>veram,</strong></span> 
     </span>
    </p>
   </div>
   <div class='ocr_carea' id='block_1_112' title="bbox 2049 4971 3618 5044">
    <p class='ocr_par' dir='ltr' id='par_1_112' title="bbox 2049 4971 3618 5044">
     <span class='ocr_line' id='line_1_112' title="bbox 2049 4971 3618 5044; baseline -0.001 -16"><span class='ocrx_word' id='word_1_813' title='bbox 2049 4984 2361 5043; x_wconf 87' lang='lat' dir='ltr'><strong>certamque</strong></span> <span class='ocrx_word' id='word_1_814' title='bbox 2385 4974 2748 5044; x_wconf 80' lang='lat' dir='ltr'><strong>cognitionem</strong></span> <span class='ocrx_word' id='word_1_815' title='bbox 2771 4973 3134 5028; x_wconf 85' lang='lat' dir='ltr'><strong>consueverit.</strong></span> <span class='ocrx_word' id='word_1_816' title='bbox 3171 4971 3460 5033; x_wconf 65' lang='lat' dir='ltr'><strong>Caeterum,</strong></span> <span class='ocrx_word' id='word_1_817' title='bbox 3485 4986 3618 5026; x_wconf 86' lang='lat' dir='ltr'><strong>con-</strong></span> 
     </span>
    </p>
   </div>
   <div class='ocr_carea' id='block_1_113' title="bbox 2047 5062 3617 5135">
    <p class='ocr_par' dir='ltr' id='par_1_113' title="bbox 2047 5062 3617 5135">
     <span class='ocr_line' id='line_1_113' title="bbox 2047 5062 3617 5135; baseline -0.001 -17"><span class='ocrx_word' id='word_1_818' title='bbox 2047 5065 2405 5134; x_wconf 89' lang='lat' dir='ltr'><strong>templamini,</strong></span> <span class='ocrx_word' id='word_1_819' title='bbox 2439 5081 2645 5135; x_wconf 83' lang='lat' dir='ltr'><strong>quaeso,</strong></span> <span class='ocrx_word' id='word_1_820' title='bbox 2683 5064 2912 5134; x_wconf 88' lang='lat' dir='ltr'><strong>longene</strong></span> <span class='ocrx_word' id='word_1_821' title='bbox 2964 5063 3158 5118; x_wconf 89' lang='lat' dir='ltr'><strong>melior</strong></span> <span class='ocrx_word' id='word_1_822' title='bbox 3191 5062 3306 5118; x_wconf 68' lang='lat' dir='ltr'><strong>haec</strong></span> <span class='ocrx_word' id='word_1_823' title='bbox 3340 5069 3395 5115; x_wconf 91' lang='lat' dir='ltr'><strong>et</strong></span> <span class='ocrx_word' id='word_1_824' title='bbox 3433 5062 3617 5117; x_wconf 84' lang='lat' dir='ltr'><strong>verior</strong></span> 
     </span>
    </p>
   </div>
   <div class='ocr_carea' id='block_1_114' title="bbox 2045 5156 3615 5228">
    <p class='ocr_par' dir='ltr' id='par_1_114' title="bbox 2045 5156 3615 5228">
     <span class='ocr_line' id='line_1_114' title="bbox 2045 5156 3615 5228; baseline -0.003 -15"><span class='ocrx_word' id='word_1_825' title='bbox 2045 5159 2240 5222; x_wconf 90' lang='lat' dir='ltr'><strong>oratio,</strong></span> <span class='ocrx_word' id='word_1_826' title='bbox 2271 5173 2391 5228; x_wconf 70' lang='lat' dir='ltr'><strong>qua:</strong></span> <span class='ocrx_word' id='word_1_827' title='bbox 2420 5159 2495 5212; x_wconf 91' lang='lat' dir='ltr'><strong>ait</strong></span> <span class='ocrx_word' id='word_1_828' title='bbox 2517 5157 2760 5214; x_wconf 86' lang='lat' dir='ltr'><strong>divinum</strong></span> <span class='ocrx_word' id='word_1_829' title='bbox 2794 5157 3054 5227; x_wconf 89' lang='lat' dir='ltr'><strong>Spiritum</strong></span> <span class='ocrx_word' id='word_1_830' title='bbox 3093 5157 3147 5210; x_wconf 91' lang='lat' dir='ltr'><strong>in</strong></span> <span class='ocrx_word' id='word_1_831' title='bbox 3181 5156 3391 5209; x_wconf 89' lang='lat' dir='ltr'><strong>animas</strong></span> <span class='ocrx_word' id='word_1_832' title='bbox 3414 5169 3615 5224; x_wconf 79' lang='lat' dir='ltr'><strong>expur-</strong></span> 
     </span>
    </p>
   </div>
   <div class='ocr_carea' id='block_1_115' title="bbox 2044 5245 3611 5328">
    <p class='ocr_par' dir='ltr' id='par_1_115' title="bbox 2044 5245 3611 5328">
     <span class='ocr_line' id='line_1_115' title="bbox 2044 5245 3611 5328; baseline -0.003 -24"><span class='ocrx_word' id='word_1_833' title='bbox 2044 5260 2220 5322; x_wconf 86' lang='lat' dir='ltr'><strong>gatas,</strong></span> <span class='ocrx_word' id='word_1_834' title='bbox 2255 5260 2309 5305; x_wconf 86' lang='lat' dir='ltr'><strong>et</strong></span> <span class='ocrx_word' id='word_1_835' title='bbox 2337 5251 2401 5306; x_wconf 91' lang='lat' dir='ltr'><strong>ad</strong></span> <span class='ocrx_word' id='word_1_836' title='bbox 2439 5251 2844 5328; x_wconf 81' lang='lat' dir='ltr'><strong>suscipiendam</strong></span> <span class='ocrx_word' id='word_1_837' title='bbox 2871 5249 3217 5303; x_wconf 87' lang='lat' dir='ltr'><strong>Divinitatem</strong></span> <span class='ocrx_word' id='word_1_838' title='bbox 3251 5245 3611 5316; x_wconf 84' lang='lat' dir='ltr'><strong>intelligentia</strong></span> 
     </span>
    </p>
   </div>
   <div class='ocr_carea' id='block_1_116' title="bbox 2042 5338 3608 5415">
    <p class='ocr_par' dir='ltr' id='par_1_116' title="bbox 2042 5338 3608 5415">
     <span class='ocr_line' id='line_1_116' title="bbox 2042 5338 3608 5415; baseline -0.004 -17"><span class='ocrx_word' id='word_1_839' title='bbox 2042 5350 2097 5398; x_wconf 93' lang='lat' dir='ltr'><strong>et</strong></span> <span class='ocrx_word' id='word_1_840' title='bbox 2129 5345 2341 5398; x_wconf 91' lang='lat' dir='ltr'><strong>ratione</strong></span> <span class='ocrx_word' id='word_1_841' title='bbox 2384 5344 2554 5398; x_wconf 88' lang='lat' dir='ltr'><strong>nitida</strong></span> <span class='ocrx_word' id='word_1_842' title='bbox 2607 5352 2971 5415; x_wconf 89' lang='lat' dir='ltr'><strong>comparatas,</strong></span> <span class='ocrx_word' id='word_1_843' title='bbox 3021 5339 3230 5411; x_wconf 84' lang='lat' dir='ltr'><strong>ingredi</strong></span> <span class='ocrx_word' id='word_1_844' title='bbox 3263 5338 3506 5400; x_wconf 90' lang='lat' dir='ltr'><strong>solitum,</strong></span> <span class='ocrx_word' id='word_1_845' title='bbox 3541 5354 3608 5391; x_wconf 88' lang='lat' dir='ltr'><strong>an</strong></span> 
     </span>
    </p>
   </div>
   <div class='ocr_carea' id='block_1_117' title="bbox 2041 5429 3606 5505">
    <p class='ocr_par' dir='ltr' id='par_1_117' title="bbox 2041 5429 3606 5505">
     <span class='ocr_line' id='line_1_117' title="bbox 2041 5429 3606 5505; baseline -0.006 -15"><span class='ocrx_word' id='word_1_846' title='bbox 2041 5450 2229 5490; x_wconf 88' lang='lat' dir='ltr'><strong>eorum</strong></span> <span class='ocrx_word' id='word_1_847' title='bbox 2263 5435 2354 5505; x_wconf 91' lang='lat' dir='ltr'><strong>qui</strong></span> <span class='ocrx_word' id='word_1_848' title='bbox 2397 5435 2451 5488; x_wconf 90' lang='lat' dir='ltr'><strong>in</strong></span> <span class='ocrx_word' id='word_1_849' title='bbox 2483 5436 2710 5490; x_wconf 89' lang='lat' dir='ltr'><strong>materia</strong></span> <span class='ocrx_word' id='word_1_850' title='bbox 2750 5434 2991 5488; x_wconf 88' lang='lat' dir='ltr'><strong>inanima</strong></span> <span class='ocrx_word' id='word_1_851' title='bbox 3022 5439 3076 5487; x_wconf 90' lang='lat' dir='ltr'><strong>et</strong></span> <span class='ocrx_word' id='word_1_852' title='bbox 3114 5429 3475 5484; x_wconf 89' lang='lat' dir='ltr'><strong>tenebricosis</strong></span> <span class='ocrx_word' id='word_1_853' title='bbox 3518 5445 3606 5481; x_wconf 78' lang='lat' dir='ltr'><strong>se-</strong></span> 
     </span>
    </p>
   </div>
   <div class='ocr_carea' id='block_1_118' title="bbox 2039 5521 3600 5598">
    <p class='ocr_par' dir='ltr' id='par_1_118' title="bbox 2039 5521 3600 5598">
     <span class='ocr_line' id='line_1_118' title="bbox 2039 5521 3600 5598; baseline -0.006 -16"><span class='ocrx_word' id='word_1_854' title='bbox 2039 5528 2306 5592; x_wconf 91' lang='lat' dir='ltr'><strong>cessibus,</strong></span> <span class='ocrx_word' id='word_1_855' title='bbox 2358 5526 2599 5582; x_wconf 90' lang='lat' dir='ltr'><strong>divinum</strong></span> <span class='ocrx_word' id='word_1_856' title='bbox 2650 5527 2796 5598; x_wconf 91' lang='lat' dir='ltr'><strong>quod</strong></span> <span class='ocrx_word' id='word_1_857' title='bbox 2848 5527 2938 5590; x_wconf 92' lang='lat' dir='ltr'><strong>sit,</strong></span> <span class='ocrx_word' id='word_1_858' title='bbox 2984 5523 3269 5578; x_wconf 76' lang='lat' dir='ltr'><strong>includunt</strong></span> <span class='ocrx_word' id='word_1_859' title='bbox 3297 5529 3512 5591; x_wconf 44' lang='lat' dir='ltr'><strong>{atque</strong></span> <span class='ocrx_word' id='word_1_860' title='bbox 3545 5521 3600 5573; x_wconf 89' lang='lat' dir='ltr'><strong>in</strong></span> 
     </span>
    </p>
   </div>
   <div class='ocr_carea' id='block_1_119' title="bbox 2039 5613 3597 5688">
    <p class='ocr_par' dir='ltr' id='par_1_119' title="bbox 2039 5613 3597 5688">
     <span class='ocr_line' id='line_1_119' title="bbox 2039 5613 3597 5688; baseline -0.003 -16"><span class='ocrx_word' id='word_1_861' title='bbox 2039 5618 2362 5674; x_wconf 90' lang='lat' dir='ltr'><strong>feminarum</strong></span> <span class='ocrx_word' id='word_1_862' title='bbox 2393 5619 2745 5687; x_wconf 88' lang='lat' dir='ltr'><strong>virorumque</strong></span> <span class='ocrx_word' id='word_1_863' title='bbox 2776 5617 3005 5688; x_wconf 90' lang='lat' dir='ltr'><strong>impuris</strong></span> <span class='ocrx_word' id='word_1_864' title='bbox 3031 5617 3252 5682; x_wconf 89' lang='lat' dir='ltr'><strong>animis,</strong></span> <span class='ocrx_word' id='word_1_865' title='bbox 3295 5631 3506 5672; x_wconf 78' lang='lat' dir='ltr'><strong>necnon</strong></span> <span class='ocrx_word' id='word_1_866' title='bbox 3541 5613 3597 5668; x_wconf 89' lang='lat' dir='ltr'><strong>in</strong></span> 
     </span>
    </p>
   </div>
   <div class='ocr_carea' id='block_1_120' title="bbox 2037 5710 3604 5782">
    <p class='ocr_par' dir='ltr' id='par_1_120' title="bbox 2037 5710 3604 5782">
     <span class='ocr_line' id='line_1_120' title="bbox 2037 5710 3604 5782; baseline -0.003 -16"><span class='ocrx_word' id='word_1_867' title='bbox 2037 5713 2216 5768; x_wconf 88' lang='lat' dir='ltr'><strong>corvis</strong></span> <span class='ocrx_word' id='word_1_868' title='bbox 2271 5721 2432 5781; x_wconf 90' lang='lat' dir='ltr'><strong>atque</strong></span> <span class='ocrx_word' id='word_1_869' title='bbox 2480 5711 2831 5782; x_wconf 88' lang='lat' dir='ltr'><strong>accipitribus</strong></span> <span class='ocrx_word' id='word_1_870' title='bbox 2862 5710 3162 5781; x_wconf 82' lang='lat' dir='ltr'><strong>avibusque</strong></span> <span class='ocrx_word' id='word_1_871' title='bbox 3199 5710 3430 5773; x_wconf 69' lang='lat' dir='ltr'><strong>cazteris,</strong></span> <span class='ocrx_word' id='word_1_872' title='bbox 3466 5723 3604 5779; x_wconf 60' lang='lat' dir='ltr'><strong>prae-</strong></span> 
     </span>
    </p>
   </div>
   <div class='ocr_carea' id='block_1_121' title="bbox 2037 5797 3600 5874">
    <p class='ocr_par' dir='ltr' id='par_1_121' title="bbox 2037 5797 3600 5874">
     <span class='ocr_line' id='line_1_121' title="bbox 2037 5797 3600 5874; baseline -0.004 -16"><span class='ocrx_word' id='word_1_873' title='bbox 2037 5813 2183 5867; x_wconf 84' lang='lat' dir='ltr'><strong>terea</strong></span> <span class='ocrx_word' id='word_1_874' title='bbox 2215 5801 2270 5857; x_wconf 88' lang='lat' dir='ltr'><strong>in</strong></span> <span class='ocrx_word' id='word_1_875' title='bbox 2301 5801 2479 5874; x_wconf 81' lang='lat' dir='ltr'><strong>capris</strong></span> <span class='ocrx_word' id='word_1_876' title='bbox 2502 5808 2550 5856; x_wconf 88' lang='lat' dir='ltr'><strong>et</strong></span> <span class='ocrx_word' id='word_1_877' title='bbox 2584 5801 2811 5870; x_wconf 81' lang='lat' dir='ltr'><strong>reliquis</strong></span> <span class='ocrx_word' id='word_1_878' title='bbox 2842 5801 3191 5867; x_wconf 82' lang='lat' dir='ltr'><strong>animalibus,</strong></span> <span class='ocrx_word' id='word_1_879' title='bbox 3223 5801 3520 5874; x_wconf 81' lang='lat' dir='ltr'><strong>quinetiam</strong></span> <span class='ocrx_word' id='word_1_880' title='bbox 3545 5797 3600 5852; x_wconf 84' lang='lat' dir='ltr'><strong>in</strong></span> 
     </span>
    </p>
   </div>
  </div>
