4110 6454
494 422 601 478 547

1112 419 1382 477 EUSEBII
1420 416 1905 476 CAESARIENSIS
1942 419 2090 475 OPP.
2122 419 2320 477 PARS.
2361 419 2428 477 lt.
2467 450 2537 461 —
2567 414 3062 473 APOLOGETICA.

3636 418 3743 474 548

496 554 761 609 aquarum
785 539 1221 600 collectionibus,
1251 538 1306 591 in
1330 536 1657 607 extispiciis,
1690 538 1745 591 in
1776 538 2068 593 cruoribus

2172 537 2434 608 νομένοις,
2449 538 2567 591 κατ’
2586 536 2869 589 ἐπίπνοιαν
2891 534 2948 588 δὲ
2965 531 3108 587 θείου
3125 530 3268 586 Πνεύ
3276 548 3445 602 ματος
3460 549 3528 585 πε
3538 531 3744 587 ίθεσθαι

495 631 809 686 odiosarum
844 646 906 685 ac
938 630 1264 685 deformium
1320 630 1648 694 helluarum,
1681 631 1737 684 in
1767 637 2069 686 venenato-

495 738 617 775 rum
648 725 981 792 serpentium
1014 722 1361 792 corporibus,
1387 730 1446 775 ut
1468 720 1769 776 draconum
1791 732 1845 776 et
1867 730 2073 776 muste-

495 813 693 880 larum,
724 824 778 868 et
808 814 1042 869 aliorum
1088 814 1330 884 ejusdem
1354 813 1591 884 generis,
1627 828 1724 883 per
1754 828 1877 883 qua:
1925 811 2074 866 iutu-

495 920 679 962 rarum
714 920 898 961 rerum
929 907 1297 978 cognitionem
1334 922 1365 959 a
1396 920 1655 975 supremo
1694 903 1806 960 Deo
1836 903 2071 959 indicari

493 1000 548 1048 et
578 994 755 1064 prodi,
780 996 1128 1053 admirabiles
1152 996 1243 1051 isti
1266 1003 1319 1050 et
1342 995 1543 1065 egregii
1570 1003 1849 1061 auctores,
1876 1001 2069 1048 contra

493 1100 632 1154 quos
662 1086 919 1151 dicimus,
965 1097 1316 1157 putaverunt.
1352 1087 1518 1157 210
1547 1086 1719 1141 Porro
1783 1086 1929 1141 istuc
1970 1085 2071 1139 ho-

495 1177 704 1230 minum
734 1177 839 1231 fuit
868 1179 1073 1233 nullam
1099 1179 1298 1234 divina:
1324 1189 1534 1233 natura:
1572 1177 2073 1232 rationem‘baben-

494 1272 654 1335 tium,
696 1287 874 1342 neque
905 1286 1034 1326 vero
1065 1286 1313 1342 quaenam
1367 1271 1438 1327 sit
1484 1270 1653 1324 divini
1700 1269 1936 1339 Spiritus
1962 1268 2068 1333 vis,

495 1363 989 1431 considerantium,
1019 1381 1141 1436 quae
1171 1365 1321 1418 nullo
1348 1362 1509 1418 modo
1534 1362 1774 1416 inanima
1796 1362 2069 1430 brutaque

495 1453 755 1507 animalia
793 1455 1030 1529 incolere
1075 1454 1294 1526 gaudet,
1329 1468 1393 1507 ac
1428 1468 1496 1508 ne
1529 1453 1817 1506 rationalia
1848 1450 2068 1521 quidem

495 1551 715 1608 cuncta,
741 1545 836 1599 sed
865 1560 928 1599 ea
948 1540 1166 1599 ‘tantum
1196 1546 1250 1599 in
1281 1560 1516 1614 quorum
1548 1543 1746 1598 animis
1780 1543 1955 1596 virtus
1985 1541 2070 1594 in-

495 1634 569 1688 sit
617 1636 880 1705 perfecta,
922 1637 1111 1706 quales
1141 1637 1303 1706 paulo
1341 1647 1463 1690 ante
1491 1636 1786 1705 prophetas
1815 1632 2070 1687 Hebraeo-

496 1740 618 1778 rum
640 1726 818 1780 oratio
841 1734 1031 1782 nostra
1056 1725 1369 1797 descripsit,
1402 1740 1540 1796 quos
1571 1725 1814 1787 diximus
1846 1738 2071 1794 magna-

494 1831 620 1870 rum
651 1831 834 1872 rerum
881 1832 1070 1882 causa,
1109 1817 1293 1872 divino
1330 1816 1537 1887 Spiritu
1568 1816 1762 1886 dignos
1814 1830 1937 1869 csse
1969 1814 2068 1867 ha-

2170 631 2496 693 διδάσκουσι,
2525 625 2870 680 παιδεύεσθαί
2901 643 2962 678 τε
2990 624 3061 679 τά
3088 624 3219 696 παρ’
3247 624 3433 686 αὐτοῖς
3478 622 3742 694 δόγματα,

2172 721 2266 773 καὶ
2307 720 2404 783 τὰς
2435 718 2677 782 εὐσεϐεῖς
2712 718 2806 771 καὶ
2838 713 3206 778 ἀδιαπτώτους
3234 714 3536 783 θεολογίας,
3566 715 3742 769 οὐκέτ’

2171 810 2496 882 ἀμφιϐολίαν
2534 810 2745 881 ἔχοντα,
2779 810 2852 880 μή
2884 824 2960 877 πη
2988 809 3187 879 ἀρετῆς
3228 805 3323 861 καὶ
3364 807 3624 879 ἀληθείας
3647 808 3744 863 ἀλ-

2168 903 2376 974 λότριον
2401 901 2715 971 ἐπάγονται.
2745 901 2867 973 Φέρ⁹
2895 897 2987 954 οῦν
3018 900 3119 971 ήδη
3146 899 3351 964 λοιπὸν,
3381 900 3743 966 ἀναλαϐόντες

2168 993 2228 1059 ἐξ
2256 993 2505 1064 ὑπαρχῆς
2545 993 2636 1046 τὸν
2677 992 2853 1060 λόγον,
2881 991 2979 1063 τὴν
3012 993 3071 1045 ὲν
3097 994 3209 1054 τοῖς
3234 991 3587 1060 Εὐαγγελίοις
3614 992 3743 1065 περὶ

2166 1086 2266 1157 τὴν
2294 1084 2388 1138 τοῦ
2409 1084 2658 1155 Σωτῆρος
2681 1084 2836 1155 ἡμῶν
2862 1083 3037 1155 Ἰησοῦ
3064 1084 3157 1137 τοῦ
3186 1083 3419 1155 Χριστοῦ
3444 1083 3741 1155 θεολογίαν,

2167 1175 2275 1228 ἀπὸ
2330 1175 2429 1246 τῆς
2491 1175 2830 1245 πῳφητικῆς
2884 1174 3186 1245 μαρτυρίας
3246 1173 3744 1245 πιστωσώμεθα.Ἦ

2171 1267 2270 1338 μὲν
2313 1263 2406 1321 οῦν
2447 1266 3080 1337 εὐαγγελικὴξμαρτυρία
3112 1260 3215 1318 ὧδε
3246 1265 3338 1319 τὸν
3367 1267 3599 1338 Χριστὸν
3627 1267 3744 1322 θεο-

2166 1359 2346 1428 λογεί·
2382 1378 2399 1410 ι
2424 1361 2510 1413 Ἐν
2542 1362 2681 1430 ἀρχῇ
2716 1354 2783 1430 ἦν
2830 1361 2857 1412 ό
2899 1357 3089 1426 Λόγος,
3115 1359 3208 1410 καὶ
3244 1359 3273 1410 ό
3311 1359 3480 1426 Λόγος
3506 1354 3574 1430 ἦν
3605 1359 3743 1431 πρὸς

2166 1452 2258 1505 τὸν
2288 1452 2437 1516 Θεὸν,
2464 1453 2557 1506 καὶ
2585 1452 2717 1514 Θεὸς
2748 1446 2815 1522 ἦν
2846 1451 2874 1502 ό
2903 1449 3091 1518 Λόγος.
3124 1451 3311 1504 Πάντα
3335 1450 3401 1503 δι’
3432 1450 3592 1505 αὐτοῦ
3620 1452 3742 1521 ὲτέ-

2168 1558 2310 1605 νετο,
2345 1542 2437 1595 καὶ
2469 1542 2636 1613 χωρὶς
2684 1540 2851 1594 αὑτοῦ
2886 1542 3102 1608 ἐγένετο
3146 1541 3267 1594 οὐδὲ
3293 1541 3373 1595 ἓν.
3409 1561 3427 1593 ι
3474 1542 3646 1596 Καλεῐ
3690 1543 3739 1596 δ’

2167 1634 2327 1689 αὐτὸν
2359 1635 2451 1688 καὶ
2473 1634 2588 1703 φῶς
2612 1634 2817 1704 νοερὸν,
2849 1632 3005 1687 καλεῖ
3046 1633 3102 1686 δὲ
3147 1635 3242 1686 καὶ
3277 1634 3500 1706 Κύριον,
3527 1635 3743 1707 ὡσπερ-

2165 1726 2259 1778 οῦν
2305 1727 2399 1779 καὶ
2443 1726 2594 1779 Θεόν.
2626 1727 2734 1779 Καὶ
2771 1729 2800 1781 ό
2847 1725 3132 1789 θεσπέσιος
3184 1726 3241 1779 δὲ
3278 1726 3510 1792 Παῦλος,
3535 1724 3622 1782 οἶα
3646 1728 3741 1782 τοῦ

2166 1818 2401 1890 Χριστοῦ
2440 1817 2685 1889 μαθητὴς
2716 1816 2790 1871 ὢν
2820 1818 2912 1870 καὶ
2941 1816 3261 1880 ἀπόστολος,
3286 1817 3500 1890 συνᾴδει
3528 1820 3595 1893 τῇ
3622 1818 3742 1873 θεο-

493 1907 663 1971 bitos,
693 1917 881 1979 utpote
913 1908 1005 1978 qui
1038 1908 1189 1963 orbis
1223 1908 1465 1962 universi
1499 1906 1816 1961 hominibus
1845 1920 1908 1960 ea
1934 1920 2065 1975 pro-

2168 1910 2346 1981 λογίᾳ,
2378 1909 2551 1963 ταῦτα
2594 1910 2721 1981 περὶ
2759 1908 2920 1963 αὑτοῦ
2963 1907 3172 1974 διεξιών
3194 1927 3206 1939 ·
3246 1910 3377 1973 «Ὃς
3404 1911 3553 1964 ἐστιν
3584 1909 3744 1967 εἰκὼν

495 1998 687 2054 derent
718 2014 839 2069 quae
867 1999 933 2053 ad
974 1999 1217 2069 ipsorum
1253 1999 1308 2052 in
1358 2001 1561 2053 virtute
1607 1996 1909 2067 profectum
1940 2011 2069 2050 con-

496 2090 789 2157 ducerent;
855 2090 998 2161 quod
1056 2091 1101 2145 si
1153 2090 1375 2161 quando
1437 2090 1560 2145 illos
1613 2090 1788 2144 instar
1839 2089 2066 2153 umbrae,

495 2181 661 2234 etiam
713 2195 896 2235 rerum
932 2182 1281 2251 praesentium
1329 2196 1392 2235 ac
1425 2181 1731 2235 mediarum
1781 2188 1944 2250 atque
1984 2180 2069 2232 in-

494 2270 861 2326 diﬂ‘erentium
891 2273 1132 2342 cognitio
1165 2273 1424 2327 comitata
1472 2279 1577 2334 εει,
1624 2288 1797 2342 usque
1846 2272 1981 2325 adeo
2011 2276 2069 2324 ut

493 2360 906 2416 sciscitantibus
958 2378 1078 2432 quia
1126 2363 1459 2432 ignorarent,
1510 2361 1577 2415 ad
1606 2368 1821 2430 tempus
1851 2374 2071 2431 quoque

493 2452 874 2523 yaadicerent.
921 2454 1083 2508 etiam
1117 2454 1224 2510 hoc
1258 2454 1434 2524 ipsum
1469 2454 1784 2509 necessario
1823 2453 1932 2508 illis
1975 2452 2068 2523 qui

491 2539 560 2596 ad
598 2542 747 2613 ipsos
777 2542 1135 2608 accederent,
1178 2544 1488 2612 praebebant
1518 2563 1531 2596 :
1586 2543 1846 2597 nimirum
1878 2560 1948 2599 ne
1978 2544 2068 2599 isti

493 2632 699 2686 curiosi
737 2647 801 2687 ac
860 2626 1120 2703 perquam
1171 2634 1312 2687 avidi
1364 2633 1785 2697 divinationum,
1816 2634 1942 2703 jure
1996 2635 2065 2690 ad

494 2730 737 2777 extrema
769 2724 997 2778 aliarum
1027 2725 1309 2778 nationum
1338 2724 1581 2787 oracula,
1615 2725 1842 2793 penuria
1875 2724 2065 2780 dome-

495 2814 761 2867 sticorum
809 2814 1223 2885 prophetarum,
1278 2814 1536 2869 secedere
1583 2815 1920 2870 viderentur.
1959 2814 2064 2870 Sed

493 2901 609 2956 haac
632 2902 903 2957 hactenus
928 2903 1074 2956 dicta
1106 2903 1236 2966 sint,
1272 2904 1340 2957 ad
1376 2902 1524 2956 illam
1565 2905 1676 2957 vim
1703 2904 1943 2958 divinam
1973 2905 2069 2960 de-

494 2992 907 3048 monstrandam
936 3009 1057 3064 qua:
1080 2994 1135 3047 in
1171 2994 1454 3065 prophetis
1484 2993 1834 3048 Hebrmorum
1867 2995 2066 3050 inerat.

494 3081 736 3154 Tempus
775 3084 943 3154 igitur
982 3084 1095 3153 jam
1130 3092 1301 3139 estut
1333 3084 1413 3138 illi
1442 3092 1704 3153 tanquam
1743 3084 1780 3138 ii
1821 3084 1915 3155 qui
1962 3087 2067 3139 viri

494 3176 665 3230 divini
713 3176 1119 3245 sapientesque,
1167 3190 1277 3229 non
1325 3176 1567 3230 humano
1618 3191 1791 3239 more,
1836 3176 2068 3231 exstite-

2168 2004 2261 2055 τοῦ
2291 2001 2424 2058 Θεοῦ
2454 2002 2702 2073 ἀοράτου,
2735 2001 3084 2073 Πρωτότοκος
3110 2001 3291 2072 πάσης
3303 2002 3548 2069 κτίσεως,
3578 2004 3657 2057 ὅτι
3687 2004 3744 2057 ἐν

2169 2093 2319 2165 αὐτῷ
2335 2093 2555 2163 ἐκτίσθη
2586 2092 2655 2145 τὰ
2669 2094 2863 2156 πάντα,
2878 2093 2947 2145 τὰ
2964 2095 3020 2145 ὲν
3049 2095 3163 2156 τοῖς
3187 2094 3435 2165 οὐρανοῖς
3450 2095 3542 2147 καὶ
3562 2094 3631 2147 τὰ
3650 2096 3742 2148 ἐπὶ

2166 2187 2265 2255 τῆς
2299 2186 2419 2257 γῆς,
2438 2185 2548 2238 εἴτε
2575 2184 2775 2256 θρόνοι,
2794 2186 2903 2238 εἴτε
2922 2185 3263 2257 κυριότητες,
3290 2187 3396 2238 εἴτε
3421 2188 3602 2258 ἀρχαὶ,
3631 2187 3737 2240 εἴτε

2169 2276 2428 2341 ἐξουσίαι.
2455 2274 2535 2328 Τὰ
2567 2274 2744 2327 πάντα
2771 2275 2837 2326 δι’
2870 2274 3037 2327 αὑτοῦ
3065 2276 3159 2329 καὶ
3180 2278 3259 2339 είς
3288 2276 3445 2329 αὐτὸν
3478 2275 3734 2339 ἔκτισται,

2168 2370 2261 2422 καὶ
2280 2367 2441 2431 αὐτός
2456 2368 2571 2419 ἐστι
2594 2367 2699 2437 πρὸ
2718 2368 2954 2430 πάντων,
2979 2368 3071 2420 καὶ
3085 2366 3154 2419 τὰ
3176 2367 3348 2421 πάντα
3365 2367 3430 2420 δι’
3444 2366 3604 2420 αὐτοῦ
3619 2383 3740 2420 συν-

2170 2462 2387 2531 έστηκε.
2412 2480 2430 2512 ι
2446 2458 2724 2530 Κέκληται
2758 2460 2852 2511 καὶ
2876 2458 3011 2511 Θεοῦ
3033 2458 3261 2528 δύναμις
3288 2460 3377 2513 καὶ
3394 2458 3528 2512 Θεοῦ
3560 2457 3738 2527 σοφία.

2167 2551 2316 2604 Αὐτά
2350 2550 2414 2621 δὴ
2448 2546 2539 2603 οὖν
2570 2550 2744 2603 ταῦτα
2790 2549 3077 2621 πρόκειται
3105 2550 3198 2603 καὶ
3225 2548 3319 2602 νῦν
3349 2548 3456 2602 ἀπὸ
3482 2547 3589 2601 τῶν
3615 2548 3740 2618 παρ’

2180 2642 2449 2713 Ἐὁραίοις
2489 2639 2845 2711 προφητικῶν
2873 2640 3100 2710 γραφῶν
3133 2639 3515 2706 ὲξανθίσασθαι
3534 2678 3549 2702 ,
3573 2639 3647 2702 ὡς
3677 2637 3745 2692 ἂν

2166 2733 2255 2786 διὰ
2282 2734 2381 2802 τῆς
2414 2736 2471 2787 ὲν
2506 2731 2786 2804 ἑκατέροις
2826 2734 2938 2795 τοῖς
2989 2730 3179 2802 μέρεσι
3217 2732 3535 2801 συμφωνίας
3570 2731 3602 2801 ή
3649 2728 3742 2783 τοῦ

2167 2828 2401 2899 ἀληθοῦς
2428 2825 2701 2891 ἀπόδειξις
2736 2825 3129 2899 παρασταθείη.
3158 2826 3278 2897 Χρὴ
3306 2825 3363 2879 δὲ
3393 2826 3466 2896 μὴ
3500 2825 3738 2892 ἀγνοεῖν,

2167 2921 2248 2973 ὃτι
2276 2920 2323 2971 οἱ
2355 2918 2453 2988 μὲν
2483 2918 2615 2970 θεῖοι
2646 2918 2905 2989 χρησμοὶ,
2935 2917 3068 2971 πολὺ
3096 2918 3155 2971 τὸ
3184 2917 3276 2970 καὶ
3306 2917 3442 2988 πρὸς
3471 2915 3615 2980 λέξιν
3644 2915 3739 2971 καὶ

2167 3010 2306 3081 πρὸς
2348 3009 2591 3062 διάνοιαν
2653 3009 2929 3083 ὑπερφυὲς
2965 3012 3032 3081 τῇ
3090 3008 3351 3081 Ἐϐραίων
3396 3011 3545 3078 φωνῇ
3588 3023 3745 3080 περι-

2168 3103 2402 3173 έχοντες,
2451 3102 2705 3175 διαφόρου
2749 3103 2847 3173 τῆς
2870 3102 2964 3156 ἐπὶ
3008 3103 3068 3156 τὺ
3112 3101 3418 3173 Ἑλληνικὸν
3451 3099 3743 3172 ἑρμηνείας

2167 3197 2519 3266 τετυχήκασι,
2536 3194 2628 3247 τοῦ
2650 3194 3033 3266 δυσθεωρήτου
3063 3194 3239 3265 χάριν.
3275 3195 3337 3247 Οί
3363 3193 3406 3246 δ’
3431 3188 3522 3246 οὖν
3553 3191 3744 3263 ἄνδρες

492 3275 643 3329 runt,
673 3266 766 3320 sed
792 3265 951 3321 amati
975 3267 1159 3322 divino
1185 3266 1409 3338 Spiritu,
1433 3284 1553 3338 quae
1571 3267 1839 3322 credenda
1864 3274 2068 3330 essent,

2173 3265 2382 3358 ἀθρόως
2424 3286 2661 3357 Ἑϐραῖοι
2704 3265 3008 3357 συμφώνως
3049 3286 3216 3349 αὐτὰς
3253 3283 3741 3355 μεταϐεϐλήκασιν.

493 3356 804 3423 docuerint,
865 3373 966 3413 sua
1015 3359 1259 3429 ipsorum
1310 3360 1551 3423 decreta,
1604 3367 1656 3413 et
1709 3374 1833 3413 cum
1869 3359 2069 3428 pietate

493 3452 821 3520 conjunctas
854 3453 1312 3522 incorruptasque
1368 3453 1695 3523 tbeologias,
1750 3453 1868 3507 sine
1918 3452 2066 3505 omni

493 3559 723 3614 prorsus
748 3545 1106 3614 ambiguitate
1133 3560 1234 3599 nos
1265 3545 1516 3610 doceant,
1543 3554 1603 3599 ut
1632 3547 1913 3600 videamus
1935 3561 2063 3598 num

492 3651 727 3706 usquam
768 3636 1067 3708 quidquam
1121 3651 1151 3690 a
1208 3637 1411 3692 virtute
1455 3653 1519 3691 ac
1553 3638 1784 3692 veritate
1827 3638 2062 3691 alienum

492 3727 811 3797 importem.
877 3727 1120 3796 Agedum
1184 3727 1349 3796 igitur
1415 3727 1524 3796 jam
1584 3726 1863 3796 deinceps,
1925 3742 2067 3781 novo

492 3818 730 3890 quodam
763 3818 977 3874 dicendi
1008 3819 1164 3873 initio
1187 3828 1491 3889 assumpto.
1527 3835 1648 3889 quae
1678 3819 1732 3873 in
1757 3819 2067 3887 Evangeliis

493 3910 563 3967 de
595 3910 881 3967 Salvatore
928 3927 1119 3967 nosrro
1162 3910 1289 3966 Jesu
1332 3911 1550 3966 Christo
1581 3912 1851 3982 theologia
1892 3911 2068 3966 conti-

488 4013 670 4067 netur,
706 4017 825 4057 eam
874 4002 1208 4072 propheticis
1265 4017 1486 4072 quoque
1534 4002 1865 4057 testimoniis
1913 4018 2066 4057 com-

489 4093 805 4163 probemus.
854 4091 1180 4162 Evangelica
1236 4090 1402 4162 igitur
1444 4093 1756 4147 testiﬁcatio
1800 4094 1960 4147 talem
2007 4094 2074 4148 de

2167 3377 2248 3446 οἷς
2284 3382 2512 3453 μάλιστα
2545 3382 2635 3434 τὸν
2664 3381 2787 3434 νοῦν
2815 3378 3171 3452 προσέξομεν,
3207 3379 3289 3431 ὅτι
3326 3377 3391 3449 δὴ
3427 3378 3521 3430 καὶ
3552 3378 3616 3446 τῇ
3646 3372 3739 3428 τοῦ

2168 3475 2405 3547 Χριστοῦ
2453 3473 2749 3544 Ἐκκλησία
2782 3472 2991 3536 τούτοις
3022 3471 3323 3541 κεχρῆσθαι
3363 3468 3535 3538 φίλον.
3577 3468 3639 3519 El
3682 3464 3740 3518 δέ

2170 3584 2271 3620 που
2300 3567 2499 3634 γίνοιτο
2534 3567 2713 3638 χρεία,
2744 3565 2865 3618 οὐδὲ
2892 3564 2990 3628 τὰς
3022 3564 3131 3619 τῶν
3169 3562 3308 3634 μετὰ
3345 3561 3516 3615 ταῦτα
3546 3557 3741 3614 νεωτὲ-

2168 3678 2274 3731 ρων
2316 3661 2667 3731 ἐρμηνευτῶν
2705 3660 2967 3723 ἐκδόσεις,
3000 3653 3088 3721 αἷς
3130 3655 3299 3709 εἰσέτι
3330 3654 3424 3709 νῦν
3469 3651 3741 3713 Ἰουδαίοις

2164 3749 2399 3821 χρῆσθαι
2423 3750 2595 3819 φίλον,
2629 3747 3096 3822 παραιτησόμεθα·
3118 3747 3192 3809 ὡς
3220 3746 3284 3799 ἂν
3313 3742 3647 3816 πανταχόθεν
3674 3741 3744 3796 τὰ

2169 3841 2268 3910 τῆς
2316 3840 2642 3906 ἀποδείξεως
2688 3842 2816 3911 ἡμῖν
2868 3836 3216 3909 βεϐαιοτέρας
3260 3835 3412 3906 τύχοι
3464 3831 3741 3901 παραστάα

2177 3950 2334 3997 σεως.
2368 3933 2582 3986 Τούτων
2624 3936 2756 4003 ἡμῖν
2790 3929 3360 4003 πεπροοιμιασμένων,
3392 3925 3616 3980 καὶτῶν
3653 3924 3739 3976 ὲν-

2173 4023 2309 4076 οέων
2339 4023 2530 4093 φωνῶν
2564 4024 2665 4095 ἤδη
2692 4023 2875 4076 λοιπὸν
2904 4019 3242 4094 ὲφαψόμεθα.

488 4183 709 4239 Christo
757 4185 962 4255 profert
1016 4186 1344 4247 theologiam
1382 4205 1394 4240 :
1436 4204 1454 4237 ι
1512 4184 1571 4240 in
1620 4187 1891 4256 principio
1937 4193 2055 4240 erat
2095 4183 2358 4248 Verbum,
2415 4191 2470 4238 et
2528 4181 2765 4239 Verbum
2805 4194 2920 4237 erat
2981 4179 3120 4251 apud
3154 4176 3324 4232 Deum
3363 4194 3375 4229 :
3418 4171 3601 4228 omnia
3641 4181 3737 4238 per

488 4275 668 4344 ipsum
701 4276 842 4329 facta
868 4284 1019 4341 sunt,
1066 4284 1121 4332 et
1165 4278 1283 4333 sine
1309 4280 1431 4347 ipso
1468 4278 1673 4332 factum
1700 4286 1786 4334 est
1816 4279 1953 4333 nihil
1974 4279 2042 4338 9'.
2085 4299 2103 4332 ι
2142 4277 2315 4332 Vocat
2345 4293 2509 4347 porro
2565 4278 2718 4331 illum
2746 4278 2921 4331 lucem
2948 4274 3359 4341 intelligentiam,
3393 4272 3553 4320 vocat
3573 4262 3737 4317 etiam

490 4363 804 4430 Dominum,
862 4367 1005 4423 sicut
1054 4369 1271 4424 interim
1322 4369 1489 4424 Deum
1539 4386 1777 4440 quoque.
1830 4370 2056 4425 Divinus
2095 4377 2276 4426 autem
2323 4368 2549 4434 Paulus,
2611 4378 2868 4439 tanquam
2906 4364 3105 4420 Christi
3154 4358 3454 4428 discipulus
3516 4360 3570 4409 et
3605 4365 3737 4421 apo—

492 4462 687 4526 stoius,
719 4462 892 4519 eidem
928 4465 1220 4536 theologia:
1263 4466 1586 4532 concordat,
1633 4465 1725 4520 ubi
1779 4466 1847 4520 de
1889 4466 1984 4520 illo
2016 4465 2131 4521 haec
2170 4473 2358 4519 narrat
2388 4484 2400 4519 :
2433 4483 2451 4514 ι
2488 4464 2592 4530 Qui
2616 4473 2700 4518 est
2722 4464 2900 4532 imago
2929 4459 3023 4514 Dei
3065 4454 3378 4516 invisibilis,
3409 4445 3738 4522 primogeni-

490 4564 581 4612 tus
612 4561 790 4614 omnis
818 4570 1100 4627 creatum,
1147 4562 1409 4631 quoniam
1443 4562 1498 4615 in
1530 4562 1649 4631 ipso
1680 4562 1902 4616 condita
1960 4568 2090 4616 sunt
2123 4561 2404 4623 universa,
2467 4559 2522 4613 in
2561 4560 2700 4614 caelo
2726 4569 2778 4612 et
2806 4557 2860 4609 in
2890 4565 3057 4626 terra,
3088 4549 3324 4606 visibilia
3345 4556 3398 4602 et
3420 4539 3735 4602 invisibilia,

491 4647 604 4703 sive
619 4648 823 4718 throni,
841 4652 955 4706 sive
973 4652 1394 4715 dominationes,
1434 4653 1549 4707 sive
1569 4652 1935 4723 principatus,
1961 4652 2075 4706 sive
2110 4658 2429 4720 potestates,
2448 4649 2633 4703 omnia
2650 4663 2745 4718 per
2763 4648 2941 4717 ipsum
2962 4654 3015 4699 et
3040 4643 3095 4696 in
3132 4642 3253 4710 ipso
3297 4644 3482 4692 creata
3502 4641 3650 4696 sunt,
3672 4634 3730 4684 et

492 4746 609 4810 ipse
635 4749 719 4796 est
757 4751 882 4798 ante
919 4745 1123 4807 omnia,
1172 4753 1226 4800 et
1272 4746 1457 4799 omnia
1496 4760 1592 4815 per
1630 4746 1810 4815 ipsum
1858 4746 2192 4799 constant".
2220 4763 2238 4795 ι
2274 4741 2518 4795 Vocatur
2550 4750 2731 4797 autem
2780 4747 2834 4794 ct
2866 4737 2961 4792 Dei
3013 4737 3186 4788 virtus
3242 4735 3298 4784 et
3331 4727 3425 4781 Dei
3452 4724 3734 4794 sapientia.

488 4834 646 4902 211
684 4834 805 4888 Haac
838 4835 953 4904 ipsa
1002 4835 1167 4905 igitur
1196 4835 1301 4891 hoc
1363 4846 1605 4905 tempore
1642 4836 1710 4890 de
1754 4834 2085 4905 prephcticis
2124 4833 2481 4889 Hebrzeorum
2522 4833 2923 4897 monumentis,
2974 4827 3131 4899 quasi
3169 4825 3236 4879 de
3296 4820 3464 4877 variis
3514 4819 3737 4874 ﬂoribus

489 4927 789 4996 colligenda
819 4930 976 4984 nobis
1030 4930 1307 5000 proposita
1364 4938 1491 4985 sunt
1520 4938 1581 4984 ut
1611 4946 1708 5001 per
1750 4931 2033 5000 utriusque
2094 4931 2265 5001 partis
2323 4932 2743 4986 consensionem
2797 4922 3188 4982 demonStratio
3225 4924 3437 4974 constet
3468 4912 3732 4972 veritatis.

488 5015 777 5084 Caeterum,
833 5021 1088 5089 ignorare
1139 5023 1450 5091 neutiquam
1488 5030 1722 5091 oportet,
1770 5023 2226 5092 quemadmodum
2258 5023 2443 5077 divina
2478 5023 2725 5090 oracula,
2775 5034 2899 5074 cum
2934 5017 3165 5071 multum
3198 5012 3365 5082 quod,
3397 5017 3509 5063 tum
3534 5006 3589 5059 in
3616 5018 3738 5058 ver-

490 5108 596 5173 bis,
628 5115 740 5162 tum
774 5109 830 5162 in
880 5111 1185 5177 sententiis,
1219 5112 1447 5167 mirifice
1482 5114 1731 5178 excellat,
1766 5112 2031 5169 llebraica
2063 5114 2247 5185 lingua
2280 5115 2617 5180 contineant,
2653 5114 2860 5168 variam
2896 5110 3273 5176 diversamque
3321 5104 3374 5157 in
3416 5100 3602 5155 Gmeca
3631 5099 3738 5152 lin-

491 5218 597 5271 gua
627 5204 1158 5273 interpretationem,
1214 5207 1285 5261 ob
1342 5206 1712 5263 diiiicultatem
1772 5209 2197 5279 contemplandi,
2246 5212 2439 5265 sortita
2495 5211 2626 5265 sint.
2687 5207 2795 5263 Sed
2846 5221 2971 5263 cum
3009 5205 3137 5260 olim
3180 5200 3283 5255 viri
3319 5197 3529 5253 Hebraei
3579 5193 3736 5248 multi

489 5296 656 5350 simul
691 5300 1064 5365 convenerint,
1115 5306 1170 5355 et
1203 5316 1309 5355 una
1367 5302 1665 5373 eademque
1722 5319 1852 5359 voce
1914 5304 2005 5358 illa
2047 5306 2229 5360 omnia
2268 5306 2659 5369 converterint,
2693 5319 2790 5359 eos
2855 5300 3091 5356 maxime
3142 5310 3453 5366 sequemur,
3497 5289 3736 5361 quando-

489 5387 706 5453 quidem
734 5389 937 5445 Christi
964 5408 1181 5461 quoque
1214 5393 1470 5448 Ecclesiae
1526 5394 1720 5449 iisdem
1758 5396 1839 5449 uti
1870 5395 2092 5465 placuit.
2140 5396 2326 5452 Sicubi
2358 5406 2539 5453 autem
2586 5413 2690 5451 usu
2743 5394 2975 5458 venerit,
3008 5409 3077 5451 ne
3099 5390 3378 5461 iuniorum
3408 5385 3625 5457 quidem
3652 5382 3736 5436 in-

491 5487 789 5547 terpretum
819 5496 989 5538 novas
1016 5483 1304 5551 editiones,
1335 5501 1473 5555 quas
1503 5487 1665 5541 etiam
1716 5502 1861 5541 nunc
1902 5487 2072 5542 Judaei
2112 5489 2345 5543 libenter
2371 5496 2656 5559 usurpant,
2722 5486 3100 5543 recusabimus
3154 5502 3165 5536 :
3228 5488 3286 5534 ut
3311 5493 3376 5536 ea
3404 5492 3524 5549 qua:
3547 5473 3614 5527 ad
3640 5488 3738 5528 no-

497 5576 668 5621 stram
721 5568 858 5624 hanc
891 5571 1410 5628 demonstrationem
1467 5576 1759 5646 pertinent,
1792 5591 1860 5630 ex
1906 5577 2054 5631 omni
2094 5580 2547 5648 parte,stabilius
2596 5579 2916 5649 ﬁrmiusque
2969 5575 3295 5633 consistant.
3321 5570 3458 5626 Cum
3482 5565 3739 5623 haechae.

491 5665 654 5716 lenus
678 5661 888 5727 praefati
912 5665 1106 5732 simus,
1144 5667 1417 5737 reliquum
1463 5669 1577 5739 jam
1606 5679 1711 5737 est,
1738 5677 1797 5725 ut
1832 5670 1888 5726 in
1918 5669 2068 5743 ipsas
2101 5672 2317 5729 divinas
2349 5689 2512 5730 voces
2545 5674 2885 5730 insistamus.

564 5770 610 5805 "
631 5770 788 5829 Joan.
820 5790 860 5841 ι,
892 5774 1005 5831 1-5.
1083 5777 1128 5808 ’⁸
1152 5776 1363 5834 Coloss.
1394 5794 1432 5845 ι,
1471 5779 1660 5835 1547.
