4110 6420
362 391 466 448 549

888 507 1285 562 ΚΕΦΔΔΔΙΟΝ
1312 509 1395 560 Δθ.

376 619 476 689 Ὦς
500 622 637 690 παρ’
676 619 963 690 Ἑβραίοις
987 620 1020 671 ό
1047 618 1391 686 σοφώτατος
1419 615 1791 690 intonat-fy:
1819 619 1941 690 ῃα-

430 686 690 761 patula“;
715 688 838 745 οἶδέ
877 704 1009 761 τινα
1039 689 1417 761 πρωτότοκον
1445 686 1554 761 τοῦ
1585 686 1732 741 Θεοῦ
1762 686 1943 761 (Βῶρος

433 756 559 832 μή
589 756 677 830 ῆνή
712 761 809 815 καὶ
841 760 1064 832 σοφίαν
1102 758 1269 832 Θεοῦ,
1310 757 1429 832 καίΔ
1449 756 1711 832 Wa
1734 756 1944 832 Δαὑτοῦ

441 825 887 904 προσαγορεύει,
920 825 1238 898 ὧσπεροῦν
1270 828 1369 882 καὶ
1398 825 1570 897 ἡμεῖς
1600 825 1940 897 δοξάζομεν.

451 1031 471 1065 ι
519 1009 658 1081 Ἐγὼ
684 1012 718 1081 ἡ
738 1008 908 1078 Σοφία
936 1006 1326 1078 κατεσκὴνωσα
1355 1004 1569 1076 βουλὴν,
1598 1005 1693 1058 καὶ
1720 1004 1943 1073 γνῶσιν,

375 1106 470 1161 καὶ
495 1104 701 1158 ἔννοιαν
742 1102 852 1171 ἐγὼ
879 1098 1318 1171 ὲπεκαλεσάμην.
1354 1097 1518 1161 Φόϐος
1551 1097 1757 1169 Κυρίου
1800 1098 1949 1168 μισεῖ

373 1198 605 1262 ἀδικίαν,
632 1195 789 1267 ὕϐριν
818 1211 878 1247 τε
909 1194 1005 1248 καὶ
1038 1190 1438 1264 ὑπερηφανίαν,
1467 1192 1562 1243 καὶ
1591 1190 1745 1253 ὁδοὺς
1777 1204 1946 1260 πονη-

376 1288 504 1362 ρῶν.
535 1287 834 1359 Μεμίσηκα
860 1284 917 1338 δὲ
945 1282 1056 1352 ἐγὼ
1086 1281 1523 1354 διεστραμμένας
1552 1280 1704 1343 ὁδοὺς
1738 1277 1945 1333 κακῶν.

382 1378 523 1452 Ἐμὴ
576 1377 740 1449 βουλὴ
786 1376 881 1431 καὶ
933 1374 1222 1445 ἀσφάλεια,
1268 1373 1375 1446 ἐ,μὴ
1421 1372 1702 1443 φρόνησις,
1747 1371 1854 1441 ἐμὴ
1890 1369 1948 1422 δὲ

374 1471 548 1544 ισχύς.
580 1472 658 1523 Δι’
689 1467 823 1540 ἐμοῦ
850 1467 1085 1539 βασιλεῖς
1112 1465 1473 1538 βασιλεύουσι,
1502 1465 1594 1519 καὶ
1618 1465 1667 1516 οἱ
1695 1462 1949 1516 δυνάσται

370 1564 643 1638 γράφουσι
679 1559 1063 1632 δικαιοσύνην*
1105 1560 1174 1613 δι’
1220 1546 1354 1630 ἐμοῦ
1403 1559 1728 1630 μεγιστᾶνες
1776 1572 1949 1627 μεγα-

370 1656 643 1722 λύνονται,
685 1655 781 1709 καὶ⁹
804 1653 1056 1725 τύραννοι
1087 1651 1153 1705 δι’
1183 1650 1317 1722 ἐμοῦ
1362 1649 1622 1721 κρατοῦσι
1664 1649 1767 1720 γῆς
1788 1665 1802 1679 ο
1839 1646 1951 1717 ἐγὼ

371 1751 499 1814 τοὺς
526 1748 628 1821 ἐμὲ
660 1744 1199 1818 φιλοῦντας”ἀγαπῶ’
1231 1746 1280 1798 οἱ
1303 1744 1360 1797 δὲ
1400 1744 1502 1816 ἐμὲ
1533 1741 1823 1813 ζητοῦντες
1861 1742 1952 1795 εὑ-

377 1844 602 1917 ρήσουσι
631 1842 820 1915 χάριν·
856 1840 1082 1903 πλοῦτος
1109 1839 1203 1893 καὶ
1243 1838 1366 1905 δόξα
1394 1837 1520 1909 ἐμοὶ¹
1560 1836 1817 1908 ὑπάρχει,
1855 1837 1951 1889 καί⁵

375 1935 568 2005 κτῆσις
593 1933 801 1987 πολλῶν
829 1932 923 1987 καὶ
949 1930 1279 2003 δικαιοσύνη.
1319 1930 1535 1983 Βέλτιον
1556 1930 1657 2000 ἐμὲ
1686 1928 1950 2002 καρπίζε-

376 2025 500 2079 σθαι
544 2025 681 2097 ὑπὲρ
730 2023 951 2096 χρυσίον
999 2024 1093 2077 καὶ
1134 2021 1279 2076 λίθον
1328 2021 1506 2093 τίμιον
1554 2020 1751 2075 πολύν·
1787 2019 1856 2074 τά
1893 2019 1950 2073 δὲ

371 2113 483 2184 ἐμὰ
536 2115 851 2186 γεννήματα
909 2116 1160 2186 κρεῖσσον
1206 2112 1465 2186 ἀργυρίου
1520 2109 1801 2166 ὲκλεκτοῦ.
1861 2110 1949 2163 Ἐν

368 2205 511 2270 ὁδοῖς
544 2204 894 2278 δικαιοσύνης
941 2204 1249 2277 περιπατῶ,
1282 2206 1375 2258 καὶ
1413 2205 1471 2257 ὲν
1506 2202 1643 2266 ὁδοῖς
1674 2201 1948 2255 δικαιοσύ-

368 2315 467 2370 νης
512 2299 959 2371 ἀναστρέφομαι,
996 2298 1083 2352 ίνα
1124 2298 1332 2369 μερίσω
1374 2298 1485 2359 τοῖς
1525 2296 1626 2365 ἐμὲ
1666 2292 1951 2362 ἀγαπῶσιν

372 2387 628 2461 ὓπαρξιν,
663 2391 758 2442 καὶ
800 2390 926 2452 τοὺς
960 2388 1266 2459 θησαυροὺς
1300 2386 1478 2439 αὑτῶν
1512 2383 1779 2456 ἐμπλήσω
1816 2386 1952 2453 ἀγα-

371 2476 517 2533 θῶνο
549 2479 644 2532 saw
677 2479 982 2548 ἀναγγείλω
1014 2481 1141 2550 ὑμῖν
1173 2479 1242 2532 τὰ
1274 2478 1395 2532 καθ’
1430 2477 1643 2549 ἡμέραν
1670 2478 1948 2549 γινόμενα,

376 2570 737 2641 μνημονεύσω
771 2571 841 2624 τὰ
868 2570 927 2638 ἐξ
956 2570 1150 2633 αἰῶνος
1178 2569 1503 2641 ἀριθμῆσαι.
1537 2568 1741 2640 Κύριος
1770 2569 1951 2623 ἐκτισέ

376 2676 446 2732 με
474 2663 648 2733 ἀρχὴν
670 2661 806 2715 ὁδῶν
828 2660 991 2715 αὑτοῦ
1017 2664 1097 2726 είς
1122 2662 1259 2733 ἔργα
1285 2660 1451 2715 αὑτοῦ
1470 2678 1484 2691 ·
1513 2661 1619 2732 πρὸ
1638 2660 1732 2714 τοῦ
1758 2660 1952 2725 αἰῶνος

374 2752 705 2824 ὲθεμελίωσέ
752 2771 842 2825 με,
890 2755 948 2807 ὲν
978 2755 1119 2825 ἀρχῇ
1157 2753 1263 2824 πρὸ
1297 2753 1389 2806 τοῦ
1432 2752 1530 2824 τὴν
1564 2752 1669 2822 γῆν
1704 2751 1948 2822 ποιῆσαι,

374 2845 469 2897 καὶ
490 2845 595 2917 πρὸ
616 2845 709 2898 τοῦ
738 2846 837 2908 τὰς
858 2844 1124 2909 ἀϐύσσους
1152 2845 1396 2915 ποιῆσαι,
1420 2846 1524 2916 πρὸ
1546 2845 1640 2899 τοῦ
1671 2842 1950 2916 προελθεῖν

374 2936 474 3001 τὰς
496 2937 678 3007 πηγὰς
703 2936 811 2991 τῶν
839 2937 1065 3002 ὑδάτων,
1096 2937 1202 3007 πρὸ
1223 2936 1317 2991 τοῦ
1348 2936 1448 3010 ὅρη
1473 2936 1817 3009 ἑδρασθῆναι,
1844 2936 1952 3008 πρὸ

374 3028 432 3084 δὲ
482 3028 699 3082 πάντων
749 3027 953 3099 βουνῶν
988 3028 1152 3098 γεννᾷ
1198 3044 1287 3098 με.
1325 3026 1528 3098 Κύριος
1576 3026 1798 3098 ἐποίησε
1841 3026 1950 3097 χώ-

377 3136 478 3197 ρας
505 3125 789 3196 ἀοικήτους
821 3123 916 3177 καὶ
957 3122 1100 3194 ἄκρα
1128 3120 1420 3191 οἰκούμενα
1452 3120 1551 3191 τῆς
1579 3119 1671 3173 ὑπ’
1700 3120 1946 3191 οὐρανόν.

1270 383 1931 448 DEMONSTRATIONIS
1961 384 2421 445 EVANGELICE
2462 385 2591 443 LIB.
2636 385 2702 440 ν.
3513 390 3618 447 550

1965 513 2012 570 Α

2670 503 2903 561 CAPUT
2937 504 2977 559 ί.

2046 620 2502 687 Quemadmodum
2529 620 2670 690 apud
2709 620 2959 675 Hebra'os
2989 620 3417 689 sapientissimus
3453 620 3616 678 Salo-

2120 708 2261 763 mon,
2297 693 2353 744 in
2388 690 2686 745 Proverbiis
2712 694 2854 746 novit
2892 696 3187 763 quamdam
3214 694 3617 763 primogenitam

2119 760 2217 832 Dei
2237 762 2481 814 virtutem
2500 803 2519 827 ,
2547 778 2703 828 quant
2729 771 2778 815 et
2808 760 3121 831 sapientiam
3152 761 3270 827 Dei,
3306 778 3355 817 et
3384 760 3618 832 ejusdem

2115 831 2347 905 sobolem
2376 832 2621 905 appellat
2652 848 2670 886 :
2724 833 2860 886 sicut
2887 834 3099 886 interim
3126 850 3221 888 nos
3247 831 3449 905 quoque
3472 851 3620 889 eam-

2114 901 2231 957 dem
2247 902 2633 972 gloriﬁcamus.

2121 1032 2141 1066 ι
2178 1013 2292 1084 Ego
2337 1012 2615 1083 Sapientia
2644 1013 2886 1068 babitavi
2916 1014 3228 1079 consilium,
3265 1022 3319 1070 et
3348 1014 3617 1085 cognitio-

2046 1122 2191 1173 nem,
2215 1115 2269 1162 et
2295 1106 2679 1177 cogitationem
2725 1120 2825 1177 ego
2858 1106 3145 1162 invocavi:
3194 1108 3357 1163 timor
3404 1085 3618 1164 Domini

2046 1198 2163 1253 odit
2189 1198 2533 1267 injustitiam,
2568 1198 3061 1269 contumeliamque
3085 1206 3141 1254 et
3189 1202 3525 1270 superbiam,
3563 1211 3621 1258 et

2049 1292 2166 1347 vias
2195 1306 2487 1362 pravorum
2519 1306 2534 1343 :
2564 1291 2655 1345 odi
2689 1306 2817 1345 vero
2835 1306 2936 1362 ego
2982 1308 3267 1362 perversas
3295 1294 3411 1350 vias
3440 1297 3616 1351 malo-

2048 1396 2170 1435 rum
2206 1401 2219 1435 :
2272 1397 2452 1437 meum
2480 1388 2563 1437 est
2588 1381 2880 1437 consilium
2912 1390 2967 1438 et
3000 1384 3273 1447 stabilitas
3301 1403 3316 1440 :
3372 1400 3496 1441 mea
3533 1395 3619 1443 est

2050 1471 2360 1543 prudentia,
2391 1488 2513 1527 mea
2548 1482 2729 1527 autem
2760 1471 3028 1528 fortitudo
3065 1494 3078 1529 :
3112 1491 3209 1545 per
3234 1491 3321 1532 me
3353 1492 3507 1547 reges
3528 1494 3618 1535 re-

2050 1574 2238 1637 gnant,
2261 1573 2316 1621 et
2346 1576 2593 1636 potentes
2616 1566 3142 1636 scribunt‘justitiam
3172 1585 3297 1639 :per
3325 1584 3413 1624 me
3441 1571 3622 1642 magni

2049 1656 2153 1710 viri
2181 1655 2596 1725 magniﬁcantur
2616 1694 2630 1717 ,
2660 1663 2714 1708 et
2743 1655 2961 1726 tyranni
2996 1671 3094 1726 per
3123 1671 3211 1712 me
3235 1655 3488 1712 obtinent
3510 1665 3623 1713 ter-

2052 1764 2171 1803 ram
2201 1768 2214 1804 :
2243 1764 2343 1819 ego
2376 1756 2621 1802 amantes
2672 1762 2760 1802 me
2801 1747 2988 1819 diligo,
3026 1757 3081 1804 et
3108 1749 3201 1820 qui
3247 1756 3500 1820 quaerunt
3538 1766 3625 1806 me

1982 1869 2023 1926 Β
2054 1843 2330 1898 invenient
2358 1840 2590 1910 gratiam
2619 1858 2632 1893 :
2660 1839 2861 1895 divitiae
2886 1847 2941 1896 et
2969 1840 3138 1911 gloria
3158 1840 3290 1895 mihi
3322 1840 3542 1907 adsunt,
3570 1849 3627 1898 et

2052 1934 2330 2006 possessio
2345 1933 2639 1987 multorum
2652 1931 2887 2001 justitia.
2906 1930 3098 1987 Melius
3109 1940 3194 1987 est
3210 1930 3316 1987 frui
3332 1949 3436 1998 me,
3459 1948 3626 2005 quam

2050 2043 2186 2083 auro
2218 2035 2274 2082 et
2301 2027 2480 2097 lapide
2511 2028 2751 2098 pretioso
2778 2026 2986 2081 multo:
3023 2027 3127 2081 mei
3155 2042 3285 2082 vero
3309 2025 3475 2092 fetus,
3509 2041 3628 2082 me-

2050 2119 2218 2174 liores
2248 2125 2474 2189 argento
2502 2118 2698 2173 electo.
2732 2117 2894 2187 212
2919 2114 2980 2171 In
3005 2117 3351 2187 viisjustitia:
3382 2116 3624 2183 ambulo,

2050 2219 2106 2267 et
2137 2212 2282 2267 inter
2303 2211 2422 2267 vias
2450 2211 2698 2266 veritatis
2730 2225 2944 2274 versor,
2980 2218 3041 2264 ut
3071 2208 3311 2264 dividam
3350 2208 3629 2279 diligenti-

2050 2304 2156 2360 bus
2188 2319 2275 2359 me
2303 2303 2693 2367 substantiam,
2724 2309 2779 2358 et
2806 2303 3096 2358 thesauros
3128 2316 3319 2356 eorum
3377 2301 3628 2370 impleam

2049 2394 2248 2451 bonis:
2281 2395 2329 2451 si
2364 2394 2766 2450 annuntiavero
2825 2394 2980 2448 vobis
3026 2408 3146 2462 qua:
3172 2391 3419 2461 quotidie
3468 2391 3626 2457 ﬁunt,

2049 2502 2426 2544 memoravero
2471 2502 2594 2557 quae
2638 2502 2669 2541 a
2724 2487 2925 2543 saeculo
2949 2494 3076 2542 sunt
3108 2484 3177 2538 ad
3208 2482 3627 2539 numerandum.

2050 2581 2319 2637 Dominus
2349 2580 2556 2637 creavit
2580 2596 2666 2635 me
2682 2579 2898 2633 initium
2920 2578 3133 2632 viarum
3160 2590 3384 2631 suarum
3415 2575 3471 2628 in
3494 2588 3629 2643 ope~

2049 2687 2113 2726 ra
2148 2686 2246 2727 sua
2284 2689 2298 2726 :
2345 2680 2469 2726 ante
2511 2670 2775 2725 saeculum
2826 2668 3076 2723 fundavit
3107 2682 3227 2731 me,
3268 2666 3325 2721 in
3358 2665 3630 2735 principio

2051 2769 2341 2832 antequam
2373 2767 2577 2815 terram
2612 2759 2838 2823 faceret,
2872 2765 2926 2813 et
2959 2766 3252 2827 antequam
3277 2757 3508 2827 abyssos
3542 2753 3626 2808 fa-

2050 2860 2219 2918 oeret,
2270 2858 2561 2922 antequam
2603 2849 2886 2920 prodirent
2918 2847 3096 2904 fontes
3144 2861 3432 2917 aquarum,
3468 2853 3624 2900 ante-

2051 2960 2216 3016 quam
2251 2950 2466 2999 montes
2494 2943 2609 2999 suis
2639 2942 2863 2997 sedibus
2892 2940 3257 3000 ﬁrmarentur.
3275 2946 3402 2994 ante
3435 2952 3630 2994 omnes

2051 3030 2218 3089 colles
2248 3031 2421 3102 gignit
2451 3046 2569 3086 me:
2597 3029 2862 3087 Dominus
2884 3029 3012 3085 fecit
3040 3030 3309 3101 regiones,
3324 3036 3378 3083 et
3399 3043 3492 3083 eas
3509 3043 3631 3099 quin

2052 3140 2162 3179 non
2221 3124 2570 3188 habitantur,
2607 3130 2662 3179 et
2708 3123 2946 3178 vertices
2980 3122 3073 3192 qui
3109 3122 3463 3187 habitantur,
3504 3120 3628 3189 ejus

380 3202 577 3270 Ἦνίκα
620 3213 882 3288 ἡτοίμαζε
923 3214 1015 3268 τὸν
1064 3214 1314 3285 οὐρανὸν,
1365 3213 1743 3285 συμπαρὴμην
1781 3212 1948 3285 αὑτῷ,

2053 3229 2173 3286 quae
2204 3214 2308 3270 sub
2339 3214 2478 3270 caelo
2506 3219 2590 3271 est
2621 3233 2636 3269 :
2689 3215 2906 3285 quando
2945 3215 3173 3285 parabat
3202 3214 3427 3280 coelum,
3465 3211 3631 3268 simul

373 3308 470 3362 καὶ
508 3309 598 3362 ὅτε
648 3306 890 3381 ἀφώριζε
937 3307 1028 3361 τὸν
1081 3306 1274 3360 ἑαυτοῦ
1328 3304 1515 3378 θρόνον
1560 3307 1648 3360 ἐπ’
1698 3306 1946 3377 ἀνέμων·

374 3400 539 3472 ἡνίκα
586 3400 781 3471 ισχυρὰ
811 3399 984 3453 ἐποίει
1016 3398 1086 3452 τὰ
1113 3398 1225 3452 ἀνω
1266 3399 1425 3469 νέφη,
1456 3400 1551 3451 καὶ
1588 3398 1663 3461 ὡς
1694 3398 1952 3466 ἀσφαλεῖς

376 3490 541 3544 ἐτίθει
573 3491 755 3561 πηγὰς
783 3491 883 3559 τῆς
915 3491 1009 3543 ὑπ’
1038 3489 1285 3561 οὐρανὸν,
1320 3490 1378 3541 ὲν
1407 3487 1485 3558 τῷ
1513 3487 1722 3541 τιθέναι
1755 3491 1820 3559 τῇ
1858 3488 1953 3541 θα-

375 3582 551 3655 λάσσῃ
577 3581 918 3654 ἀκριϐασμδν
948 3580 1132 3645 αὑτοῦ,
1184 3580 1278 3635 καὶ
1311 3579 1477 3633 ὕδατα
1499 3580 1560 3633 οὑ
1588 3578 1953 3650 παρελεύσον-

374 3691 464 3728 ται
503 3675 678 3747 στόμα
729 3672 893 3728 αὑτοῦ
919 3691 933 3704 ·
969 3673 1128 3746 ἡνίκα
1176 3672 1372 3745 ίσχυρά
1408 3674 1578 3727 ἐποίει
1611 3672 1680 3725 τὰ
1729 3672 1953 3742 θεμέλια

374 3766 473 3837 τῆς
506 3767 629 3837 γῆς,
662 3766 809 3837 ἡμην
852 3765 982 3838 παρ’
1030 3764 1180 3836 αὑτῴ
1228 3764 1564 3837 ἁρμόζουσα.
1622 3763 1762 3833 Ἐγὼ
1806 3764 1954 3834 ἥμην

376 3849 780 3929 ᾖπροσέχαιρε.
802 3854 939 3908 Καθ’
960 3853 1172 3925 ἡμέραν
1201 3853 1259 3906 δὲ
1291 3853 1663 3924 εὑφραινόμην
1692 3855 1749 3905 ὲν
1783 3869 1952 3922 προσ-

378 3944 513 4016 ώπῳ
568 3942 756 4006 αὑτοῦ,
803 3943 861 3996 ὲν
910 3944 1073 3996 παντὶ
1114 3941 1311 4013 καιρῷ,
1355 3942 1444 3994 ὅτε
1486 3940 1817 4012 ηὐφραίνετο
1854 3937 1953 4010 τὴν

376 4036 700 4108 οἰκουμένην
745 4034 1083 4100 συντελέσας,
1120 4033 1215 4088 καὶ
1245 4033 1576 4105 ηὐφραίνετο
1607 4034 1664 4086 ἐν
1694 4033 1829 4096 υἱοῖς
1862 4032 1954 4084 ἀν⁴

368 4127 634 4199 θρὼπων.
686 4128 750 4181 Ἠ
784 4127 890 4200 πρὸ
925 4127 1033 4180 τῶν
1060 4126 1333 4198 γεννητῶν
1372 4125 1492 4179 θεία
1519 4126 1615 4178 καὶ
1650 4124 1953 4196 πανάρετος

379 4219 557 4285 οὑσία,
605 4219 640 4291 ἡ
675 4217 837 4293 νοερὰ
873 4216 967 4270 καὶ
1004 4216 1347 4287 πρωτότοκος
1380 4216 1480 4286 τῆς
1521 4217 1819 4285 άγεννὴτου
1850 4214 1951 4284 φύο

380 4325 517 4373 σεως
555 4308 739 4372 εἰκὼν,
773 4311 802 4362 ὁ
826 4309 1047 4379 γνήσιος
1078 4307 1173 4361 καὶ
1213 4306 1505 4379 μονογενὴς
1536 4306 1628 4359 τοῦ
1662 4306 1771 4360 τῶν
1816 4306 1954 4359 ὅλων

379 4402 514 4475 Θεοῦ
564 4402 710 4468 Υἱὸς,
764 4399 1113 4471 πολυώνυμός
1163 4416 1245 4465 τις
1288 4398 1383 4464 ὢν,
1432 4400 1529 4453 καὶ
1558 4399 1644 4453 διὰ
1686 4399 1953 4452 πλείστων

379 4496 736 4568 προσρήσεων
770 4494 1205 4565 θεολογούμενος,
1244 4493 1324 4564 τῷ
1373 4492 1474 4562 τῆς
1504 4492 1692 4560 σοφίας
1726 4491 1818 4544 ἐπὶ
1858 4489 1951 4543 τοῦ

380 4560 644 4658 παρόντος
696 4560 962 4657 ἀξιώματί
1002 4560 1060 4638 τέ
1104 4587 1197 4640 καὶ
1247 4560 1588 4654 προσηγορίᾳ
1642 4583 1949 4653 τετίμηται.
1984 4560 2029 4615 D

380 4679 550 4748 Λόγον
575 4679 631 4732 δὲ
659 4678 793 4732 Θεοῦ
835 4679 1016 4741 αὑτὸν,
1052 4680 1146 4735 καὶ
1164 4678 1304 4747 Φῶς,
1346 4678 1441 4732 καὶ
1475 4677 1649 4748 Ζωὴν,
1685 4677 1777 4729 καὶ
1801 4674 1954 4745 Ἀλή-

383 4768 554 4835 θειαν,
581 4770 676 4825 καὶ
707 4772 801 4839 ἐπὶ
833 4772 966 4824 πᾶσι
998 4771 1230 4843 Χριστὸν
1264 4769 1399 4827 Θεοῦ
1433 4769 1659 4840 δύναμιν
1695 4768 1789 4821 καὶ
1820 4765 1954 4819 Θεοῦ

383 4861 582 4931 Σοφίαν
626 4861 1051 4934 προσαγορεύειν
1098 4859 1519 4932 μεμαθήκαμεν.
1551 4860 1614 4912 El
1672 4857 1733 4930 δὴ
1776 4852 1868 4910 οὑν
1888 4856 1956 4910 τὰ

386 4952 526 5025 μετά
565 4955 752 5023 χεῖρας
795 4953 958 5015 αὐτὸς
987 4952 1115 5023 περ)⁸
1154 4950 1367 5021 ἑαυτοῦ,
1408 4951 1485 5014 ὠς
1525 4949 1591 5004 ἂν
1621 4947 1754 5004 Θεοῦ
1788 4947 1958 5017 Σοφία

383 5044 533 5110 ζῶσα
572 5044 666 5099 καὶ
699 5044 820 5115 καθ’
850 5043 1019 5114 αὑτὴν
1054 5042 1366 5112 ὑφεστῶσα,
1398 5042 1488 5096 διὰ
1515 5041 1609 5095 τοῦ
1643 5040 1956 5109 σοφωτάτου

384 5135 724 5208 Σολομῶντος
750 5132 1084 5209 διεξέρχεται
1109 5137 1306 5206 λέγων,
1350 5155 1369 5187 ι
1416 5136 1558 5204 Ἐγὼ
1586 5136 1620 5205 ἡ
1645 5134 1817 5203 Σοφία
1856 5149 1958 5186 κα-

385 5227 700 5296 τεσκήνωσα
755 5225 969 5297 βουλὴν,
1033 5227 1125 5281 καὶ
1154 5227 1377 5296 γνῶσιν,
1434 5226 1530 5279 καί
1583 5224 1791 5278 ἔννοιαν
1848 5221 1960 5290 ὲγὼ

384 5317 800 5389 ἑπεκαλεσάμην
854 5336 876 5371 ι
919 5318 1014 5372 καὶ
1054 5318 1126 5373 τά
1176 5319 1385 5382 τούτοις
1431 5319 1782 5388 ὲπαγόμενα·
1824 5314 1960 5368 ἀλλά

389 5411 481 5465 καὶ
551 5410 628 5474 ὡς
679 5412 778 5483 τὴν
830 5412 939 5468 τῶν
1008 5414 1143 5469 ὅλων
1218 5414 1484 5485 διοίκησιν
1563 5411 1658 5465 καί⁹
1704 5410 1959 5482 πρόνοιαν

390 5503 809 5577 ἀναδεδεγμένος
854 5505 1139 5578 ἐπιφέρει*
1181 5524 1201 5557 ι
1243 5506 1321 5557 Δι’
1355 5503 1489 5575 ἐμοῦ
1525 5501 1765 5574 βασιλεῖς
1808 5500 1963 5571 βασι-

391 5594 625 5664 λεύουσι,
682 5599 779 5669 καί
823 5600 873 5669 ot
922 5599 1179 5654 δυνάσται
1245 5597 1513 5668 γράφουσι
1578 5592 1957 5664 δικαιοσύνην·

392 5685 457 5737 δι’
510 5687 641 5757 ἐμοῦ
697 5691 1017 5760 μεγιστᾶνες
1086 5688 1505 5762 μεγαλύνονται·
1587 5706 1606 5740 s
1676 5681 1814 5752 εἶτα,
1887 5684 1967 5739 εί-.

466 5841 510 5887 9⁷
536 5841 693 5909 Prav.
728 5861 843 5913 vnt,
880 5847 1067 5911 12-31.

2051 3323 2176 3362 cum
2208 3323 2274 3363 eo
2303 3307 2547 3373 aderam,
2583 3307 2802 3377 quando
2865 3307 3186 3377 segregabat
3235 3304 3431 3361 sedem.
3474 3319 3629 3360 suam

2054 3412 2219 3468 super
2272 3405 2487 3460 ventos,
2529 3399 2750 3467 quando
2802 3396 2973 3452 fortes
3028 3397 3265 3452 faciebat
3319 3396 3632 3466 superiores

2052 3491 2248 3555 nubes,
2277 3496 2329 3543 et
2359 3499 2417 3543 ut
2445 3488 2672 3544 stabiles
2705 3489 2940 3559 ponebat
2975 3487 3157 3544 fontes
3188 3488 3330 3557 ejus,
3381 3502 3503 3557 qua:
3526 3487 3631 3543 sub

2052 3582 2193 3635 caelo
2211 3589 2317 3638 est.
2341 3580 2469 3634 dum
2496 3589 2721 3650 poneret
2745 3583 2883 3635 mari
2896 3580 3429 3636 consummationem
3448 3594 3628 3645 suam,

2053 3680 2107 3726 et
2137 3686 2295 3741 aqua:
2327 3687 2439 3725 non
2470 3672 2827 3742 praeteribunt
2857 3687 2921 3726 os
2942 3671 3085 3739 ejus,
3107 3669 3328 3739 quando
3364 3669 3527 3724 fortia
3555 3668 3633 3724 fa-

2054 3764 2232 3818 ciebat
2255 3762 2611 3818 fundamenta
2635 3770 2825 3827 terrae,
2864 3777 3012 3817 eram
3038 3761 3182 3829 apud
3212 3761 3363 3815 illum
3408 3776 3632 3831 compo-

2053 3874 2192 3916 nens
2218 3879 2231 3914 :
2256 3874 2355 3928 ego
2382 3871 2530 3912 eram
2563 3855 2706 3927 apud
2727 3869 2891 3926 quam
2922 3853 3212 3923 gaudebat,
3246 3852 3488 3921 quotidie
3501 3866 3632 3907 vero

2054 3953 2276 4007 laetabar
2310 3946 2364 4003 in
2397 3947 2548 4001 vultu
2596 3946 2742 4002 illius
2791 3945 2847 3998 in
2873 3943 3020 3998 omni
3064 3953 3350 4014 tempore:
3412 3942 3631 4012 quando

2054 4044 2339 4099 laetabatur
2367 4039 2514 4111 quod
2539 4039 2728 4093 orbem
2764 4046 3033 4091 terrarum
3062 4034 3412 4105 perfecisset,
3449 4041 3504 4090 et
3537 4035 3629 4089 Ite-

2052 4134 2350 4189 tabaturin
2392 4131 2519 4186 (iliis
2565 4129 2847 4185 hominum
2882 4129 2951 4181 ⁹⁷.
2989 4147 3008 4180 ›
3048 4127 3291 4180 Divinam
3324 4134 3378 4180 et
3412 4139 3628 4179 omnem

2054 4229 2110 4282 in
2139 4242 2198 4282 se
2231 4226 2438 4280 habens
2497 4224 2777 4286 virtutem,
2809 4236 2930 4290 qua:
2956 4220 3170 4275 cunctis
3216 4219 3381 4273 rebus
3432 4218 3633 4286 genitis

2054 4321 2330 4391 antiquior
2359 4324 2442 4373 est
2474 4316 2739 4381 essentia,
2770 4330 2891 4385 qua:
2926 4314 3235 4384 intelligens
3265 4324 3319 4368 et
3357 4314 3632 4383 primoge-

2054 4414 2169 4467 nita
2202 4410 2457 4481 ingenitae
2517 4415 2727 4462 natura:
2783 4407 2963 4475 imago
2992 4412 3114 4468 est,
3159 4405 3434 4475 legitimus
3468 4412 3632 4472 atque

2055 4507 2253 4561 unicus
2275 4505 2499 4559 maximi
2523 4503 2615 4558 Dei
2656 4501 2853 4568 Filius,
2890 4501 2982 4571 qui
3009 4500 3197 4555 multis
3225 4499 3536 4553 nominibus
3554 4497 3636 4552 di-

2056 4598 2200 4652 citur
2229 4637 2244 4662 ,
2277 4596 2345 4652 de
2376 4611 2485 4666 quo
2520 4602 2581 4648 ut
2609 4594 2677 4649 de
2709 4593 2820 4649 Deo
2861 4593 3111 4663 pluribus
3173 4590 3632 4662 appellationibus

2056 4690 2351 4759 loquimur,
2384 4687 2487 4741 hoc
2532 4687 2585 4740 in
2622 4687 2741 4739 loco
2773 4685 3064 4755 Sapientia:
3096 4684 3416 4753 dignitatem
3473 4689 3633 4750 atque

2057 4781 2497 4851 appellationem,
2527 4777 2752 4832 honoris
2784 4784 2839 4833 et
2873 4776 3250 4847 amplitudinis
3277 4774 3452 4846 gratia
3475 4785 3634 4825 acce-

2059 4873 2156 4943 pit,
2178 4870 2409 4926 Verbum
2425 4878 2605 4925 autem
2635 4868 2726 4923 Dei
2748 4868 3019 4930 eumdem,
3038 4876 3091 4922 et
3111 4866 3334 4929 Lucem,
3357 4871 3410 4919 et
3428 4861 3629 4923 Vitam,

2058 4971 2112 5016 et
2146 4959 2464 5020 Veritatem.
2499 4967 2553 5014 et
2581 4967 2857 5029 postremo
2891 4956 3171 5011 Christum
3210 4954 3299 5008 Dei
3347 4950 3631 5014 Virtutem,

2059 5062 2113 5109 et
2144 5053 2239 5107 Dei
2292 5049 2627 5121 Sapientiam
2688 5050 2963 5122 appellare
2991 5048 3103 5117 jam
3148 5045 3484 5099 didicimus:
3517 5040 3633 5111 jam

2061 5146 2225 5217 igitur
2254 5145 2308 5199 in
2340 5144 2426 5200 his
2451 5159 2571 5214 quas
2599 5158 2745 5199 nunc
2769 5144 2823 5197 in
2848 5141 3100 5196 manibus
3125 5144 3271 5201 sunt,
3300 5135 3419 5205 ipse
3453 5134 3520 5188 de
3545 5147 3634 5187 se—

2062 5239 2202 5308 ipso,
2231 5244 2489 5308 tanquam
2514 5237 2609 5293 Dei
2638 5236 2826 5291 vivens
2852 5232 3153 5304 Sapientia,
3178 5239 3229 5283 et
3256 5241 3379 5297 quae
3408 5240 3503 5296 per
3537 5239 3627 5279 se-

2061 5331 2237 5401 ipsam
2296 5328 2593 5392 consistat,
2632 5342 2730 5397 per
2756 5323 3221 5395 sapientissimum
3277 5318 3628 5373 Salomonem

2061 5422 2227 5478 verba
2258 5420 2423 5485 facit,
2492 5419 2622 5474 dum
2655 5418 2788 5472 dicit
2817 5433 2860 5469 ει
2911 5414 3022 5485 Ego
3053 5411 3334 5481 Sapientia
3390 5407 3632 5464 habitavi

2062 5516 2378 5579 consilium,
2437 5520 2493 5569 et
2524 5510 2924 5582 cognitionem,
2982 5515 3039 5562 et
3091 5504 3481 5574 cogitationem
3531 5516 3633 5572 ego

2064 5607 2335 5672 invocavi,
2376 5627 2395 5660 ι
2433 5614 2639 5676 etquae
2669 5603 2756 5659 his
2803 5599 3060 5671 adjuncta
3115 5604 3264 5654 sunt.
3310 5596 3418 5652 Sed
3465 5594 3632 5651 etiam

2065 5696 2219 5771 quasi
2254 5696 2301 5753 is
2331 5697 2423 5767 qui
2467 5695 2640 5767 ipsius
2694 5692 2933 5758 universi
2989 5689 3524 5750 administrationem
3579 5691 3634 5740 et
