4110 6456
464 368 564 433 551

1100 367 1372 434 EUSEBH
1409 371 1893 434 CIESANENSIS
1918 375 2071 432 OPP.
2110 374 2310 431 PARS.
2349 375 2418 432 ll.
2456 405 2525 416 —
2560 374 3056 434 APOLOGETICA.

3607 385 3713 442 552

465 495 866 564 providentiam
902 495 1198 564 acceperit,
1231 495 1498 566 adjungit,
1535 515 1554 546 ‹
1611 493 1715 551 Per
1758 510 1849 550 me
1891 506 2038 564 reges

2148 489 2264 543 πὼν
2339 491 2732 562 μνημονεύσειν
2802 493 2870 546 τὰ
2941 495 3000 558 ἐξ
3068 494 3298 559 αἰῶνος,
3355 496 3554 566 ἐπάγει
3621 500 3713 553 λέ-

466 596 698 658 regnant
739 630 753 653 ,
795 594 848 641 et
886 595 1132 656 potentes
1172 588 1423 642 scribunt
1458 587 1729 657 justitiam
1761 627 1775 650 ,
1816 601 1914 656 per
1951 601 2039 640 me

467 681 648 750 magni
701 678 802 732 viri
856 678 1321 748 magnificantur;
1370 698 1388 730 ι
1433 680 1629 734 deinde
1671 679 1762 734 ubi
1802 679 1942 733 dixit
1981 694 2039 733 se

466 783 892 830 meruoratnrum
924 788 1044 842 qua:
1063 787 1092 826 a
1113 774 1312 827 sazcnlo
1337 783 1483 836 sunt,
1526 773 1775 843 adjungit
1812 773 2034 828 dicens:

469 883 490 918 ι
543 865 805 920 Dominus
845 865 1051 918 creavit
1089 880 1177 918 me
1217 865 1432 918 initium
1466 865 1679 918 viarum
1719 880 1941 921 suarum
1983 865 2036 919 in

465 973 629 1026 opera
668 973 790 1020 sua,
850 966 973 1011 ante
1034 958 1291 1012 smculum
1350 956 1596 1012 fundavit
1645 974 1748 1012 me.
1800 978 1817 1010 ι
1874 957 2036 1028 213

474 1047 684 1114 Quibus
735 1049 916 1103 verbis
971 1048 1188 1103 interim
1233 1048 1470 1118 seipsum
1534 1049 1794 1118 genitum,
1864 1061 2038 1115 neque

463 1139 712 1193 eumdem
757 1154 880 1192 cum
935 1139 1179 1210 lngenito
1220 1140 1378 1193 docet
1401 1155 1555 1203 esse,
1588 1155 1712 1193 eum
1766 1153 1896 1193 sane
1942 1138 2035 1207 qui

464 1239 592 1285 ante
643 1246 805 1285 omne
842 1245 1014 1285 aevum
1045 1230 1341 1285 essentiam
1386 1232 1677 1301 acceperit,
1721 1238 1773 1284 et
1818 1230 1871 1283 in
1923 1243 2040 1281 mo-

465 1325 594 1379 dum
649 1324 986 1379 fundamenti
1033 1325 1244 1378 cunctis
1272 1325 1468 1395 genitis
1519 1323 1681 1377 rebus
1724 1325 2038 1392 prannissus

466 1419 558 1473 sit.
593 1416 669 1471 Ex
703 1433 812 1486 quo
843 1417 1085 1471 divinum
1121 1417 1439 1484 Apostolum
1471 1422 1846 1485 argumentum
1880 1428 2036 1467 acce-

465 1507 616 1578 pisse
643 1507 903 1561 credibile
927 1515 1031 1569 est,
1062 1513 1121 1560 ut
1150 1506 1217 1560 de
1245 1507 1340 1558 illo
1371 1505 1598 1568 diceret,
1638 1523 1654 1554 ι
1676 1504 1777 1569 Qui
1809 1510 1894 1557 est
1914 1505 2042 1557 ima-

471 1614 542 1669 go
596 1598 688 1654 Dei
737 1598 1060 1661 invisibilis,
1101 1597 1492 1667 primogenitus
1538 1597 1715 1652 omnis
1757 1603 2036 1663 creaturae,

466 1690 725 1761 quoniam
761 1690 814 1743 in
845 1690 1211 1759 ipsocondita
1262 1699 1388 1744 sunt
1413 1689 1690 1752 universa,
1722 1689 1775 1742 in
1819 1689 1958 1744 cmlo
1987 1698 2041 1744 et

466 1782 524 1836 in
569 1790 714 1836 terra
747 1781 812 1833 “.
864 1798 883 1831 ι
931 1779 1208 1849 Siquidem
1242 1779 1636 1848 primogenitus
1673 1778 1854 1833 omnis
1885 1794 2040 1834 crea-

465 1882 605 1928 tura:
632 1873 811 1927 dictus
839 1879 923 1927 est
955 1872 1006 1925 in
1042 1872 1173 1926 illo:
1211 1891 1229 1922 ι
1274 1870 1534 1925 Dominus
1572 1871 1774 1924 creavit
1809 1885 1895 1924 me
1935 1871 2041 1924 ini-

469 1965 609 2018 tium
643 1965 849 2018 viarum
900 1978 1122 2018 snarnm
1160 1963 1212 2016 in
1261 1977 1424 2033 opera
1471 1977 1589 2016 sua.
1631 1981 1649 2012 ι
1684 1959 1816 2016 Jure
1863 1972 2038 2016 autem

468 2055 650 2126 imago
715 2055 806 2111 Dei
858 2055 1220 2125 intelligetur,
1279 2061 1463 2124 utpote
1515 2054 1608 2123 qui
1665 2054 1913 2123 genitura
1970 2054 2041 2107 sit

466 2147 717 2217 ingenitae
749 2156 975 2201 naturae.
1008 2145 1120 2201 Hoc
1171 2147 1335 2217 igitur
1393 2146 1446 2199 in
1501 2146 1585 2199 his
1640 2161 1760 2216 qua:
1823 2147 1875 2201 in
1925 2163 2040 2201 ma-

467 2240 630 2295 nibus
661 2248 788 2294 sunt
836 2240 1147 2302 conﬁtetur,
1169 2240 1258 2294 ubi
1283 2241 1357 2293 ait
1386 2260 1397 2294 :
1437 2258 1455 2290 ι
1483 2242 1783 2310 Antequam
1829 2248 2043 2295 montes

470 2334 586 2390 suis
617 2334 838 2390 sedibus
872 2332 1241 2396 ﬁrmarentur,
1276 2353 1294 2383 ι
1322 2341 1397 2397 et,
1429 2353 1447 2384 ι
1474 2333 1612 2388 Ante
1633 2347 1823 2386 omnes
1849 2334 2036 2394 colles,

464 2424 638 2496 gignit
674 2439 778 2478 me.
817 2443 836 2476 ι
869 2423 1000 2478 inde
1029 2424 1180 2477 illum
1220 2422 1411 2476 Filium
1444 2425 1686 2485 unicum,
1723 2432 1772 2477 et
1805 2423 2038 2493 primum

471 2517 710 2586 genitum
747 2516 838 2571 Dei
873 2515 1109 2570 Verbum
1135 2516 1494 2586 appellamus,
1524 2517 1616 2586 qui
1648 2517 1867 2586 quidem
1896 2517 2037 2572 idem

470 2609 544 2662 sit
573 2621 696 2660 cum
725 2620 788 2660 ea
823 2605 1101 2677 Sapientia
1136 2606 1202 2661 de
1231 2621 1336 2675 qua
1368 2607 1572 2661 dictum
1619 2616 1725 2663 est.
1758 2605 2040 2674 Quomodo

468 2705 649 2750 autem
677 2698 982 2766 genituram
1010 2698 1161 2752 illum
1196 2714 1317 2753 esse
1348 2697 1440 2753 Dei
1471 2699 1740 2763 dicamus,
1768 2700 1908 2754 alius
1937 2700 2041 2754 erit

465 2794 522 2840 et
545 2788 802 2857 proprius
832 2789 1122 2859 indagandi
1147 2790 1318 2856 locus,
1350 2793 1606 2860 quoniam
1641 2807 1815 2860 neque
1845 2808 2041 2847 secun-

473 2879 601 2934 dum
643 2881 1054 2950 projectionem,
1086 2897 1263 2952 neque
1306 2883 1602 2937 secundum
1643 2882 2036 2949 diductionem,

468 2978 564 3024 aut
592 2971 938 3035 divisionem,
983 2980 1077 3025 aut
1111 2971 1550 3038 diminutionem,
1595 2983 1687 3028 aut
1718 2977 2035 3040 sectionem,

467 3074 561 3116 aut
581 3064 805 3118 omnino
830 3063 1128 3118 secundum
1147 3065 1350 3134 aliquid
1369 3081 1554 3121 eorum
1575 3083 1694 3137 quae
1713 3067 1767 3122 in
1789 3069 2038 3139 genitura

2140 595 2271 646 γωψ
2321 597 2340 630 ι
2397 581 2598 650 Κτύριος
2644 581 2825 634 ἔκτισέ
2879 601 2948 654 με
2998 584 3170 654 ἀρχὴν
3215 585 3348 640 οδῶν
3401 588 3569 642 αὐτοῦ
3636 592 3716 654 είς

2139 670 2275 740 ἔργα
2339 672 2533 724 αὐτοῦ·
2600 674 2706 744 πρὸ
2754 674 2847 727 τοῦ
2909 675 3102 739 αἰῶνος
3153 676 3482 748 ἐθεμελίωσέ
3541 699 3607 752 με
3644 701 3655 711 ·
3689 703 3708 734 ο

2138 766 2206 817 δι’
2236 758 2309 819 ὧν
2339 766 2472 836 ὁμοῦ
2503 767 2595 821 καὶ
2635 769 2857 837 γενητὸν
2901 769 3112 832 ἐαυτὸν,
3149 771 3268 840 οὐχὶ
3311 771 3368 823 δὲ
3415 772 3506 825 τὸν
3552 775 3712 830 αὐτὸν

2139 855 2264 908 ὅντα
2289 855 2365 926 τῷ
2393 857 2692 928 Ἀγεννήτῳ
2731 857 2987 922 διδάσκει,
3031 858 3137 928 πρὸ
3171 861 3370 923 παντὸς
3399 861 3594 926 αἰῶνος
3620 864 3712 917 οὐ-

2141 948 2434 1022 σιωμένον,
2471 948 2720 1019 θεμελίου
2749 967 2806 1003 τε
2849 952 3046 1022 τρόπον
3077 951 3183 1004 τῶν
3217 954 3490 1023 γεννητῶν
3535 958 3710 1013 ἁπάν-

2139 1057 2244 1092 των
2279 1039 2546 1111 προϐεὸλη
2556 1041 2730 1110 μένον.
2757 1040 2915 1093 Ὅθεν
2937 1042 3027 1094 τὸν
3053 1040 3192 1094 θεῖον
3219 1043 3538 1100 Ἀπόστολον
3569 1050 3712 1115 εἰκὸς

2139 1130 2456 1202 ὁρμώμενον
2489 1133 2614 1203 περὶ
2656 1133 2818 1185 αὐτοῦ
2851 1133 3013 1202 φάναι
3040 1151 3052 1162 ·
3080 1154 3098 1184 ι
3132 1136 3229 1198 Ὃς
3258 1137 3404 1190 ἐστιν
3435 1138 3594 1194 εἰκὼν
3620 1142 3711 1195 τοῦ

2153 1223 2426 1293 ’Λοράτου,
2458 1225 2797 1295 πρωτότοκος
2823 1225 3005 1294 πάσης
3053 1227 3280 1292 κτίσεως
3302 1245 3315 1258 ⁸
3360 1231 3439 1282 ὅτι
3471 1233 3529 1284 ἐν
3567 1233 3716 1303 αὐτῷ

2140 1313 2362 1384 ἐκτίσθη
2395 1314 2463 1367 τὰ
2497 1315 2693 1379 πάντα,
2731 1316 2798 1369 τὰ
2834 1319 2890 1369 ἐν
2913 1316 2991 1387 τῷ
3015 1318 3228 1389 οὐρανῷ
3272 1321 3364 1373 καὶ
3401 1321 3472 1374 τὰ
3499 1324 3592 1376 ἐπὶ
3617 1326 3715 1395 τῆς

2139 1407 2258 1477 γῆς.
2295 1426 2312 1457 ι
2362 1408 2708 1478 Πρωτότοκος
2751 1409 2850 1479 μὲν
2894 1409 3002 1480 γὰρ
3048 1410 3228 1482 πάσης
3277 1412 3558 1484 ἀνείρηται
3604 1418 3718 1470 κτί-

2142 1515 2296 1561 σεως,
2332 1499 2468 1554 κατὰ
2501 1499 2580 1564 τὸ,
2618 1519 2636 1550 ι
2692 1501 2895 1572 Κύριος
2928 1501 3106 1554 ἔκτισέ
3139 1521 3207 1573 με
3241 1504 3414 1576 ἀρχὴν
3455 1507 3589 1561 ὁδῶν
3621 1513 3718 1563 a6-

2138 1588 2232 1642 τοῦ
2259 1591 2335 1653 εἰς
2359 1589 2493 1660 ἔργα
2519 1589 2682 1644 αὐτοῦ
2707 1608 2720 1621 ⁸
2765 1612 2782 1642 ι
2821 1595 2991 1646 νοοῖτο
3011 1593 3054 1645 δ’
3086 1593 3151 1646 ἂν
3185 1595 3408 1662 εἰκότως
3439 1599 3599 1655 εἰκὼν
3623 1603 3714 1656 τοῦ

2139 1682 2295 1746 Θεοῦ,
2323 1682 2397 1745 ὡς
2428 1681 2492 1735 ἂν
2529 1682 2772 1753 γέννημα
2796 1684 2895 1754 τῆς
2938 1686 3234 1757 ἁγεννῄτου
3267 1688 3482 1756 φύσεως
3520 1695 3718 1764 τυγχά-

2141 1793 2266 1828 νων.
2302 1773 2472 1826 Τοῦτο
2501 1774 2557 1828 δέ
2591 1771 2683 1827 οὖν
2722 1775 2778 1827 ἐν
2820 1779 2931 1840 τοῖς
2967 1777 3103 1846 μετὰ
3131 1781 3321 1849 χεῖρας
3356 1781 3622 1852 ὁμολογεῖ,
3649 1785 3718 1838 δι’

2071 1833 2116 1892 Β
2142 1861 2216 1920 ὧν
2250 1886 2379 1940 φησι
2403 1886 2415 1898 ·
2459 1889 2477 1919 ι
2525 1870 2637 1941 Πρὸ
2677 1870 2768 1924 τοῦ
2805 1833 3340 1943 δρηέδρασθῆνιίιίι
3389 1833 3721 1948 καῖ,-.ιῄῖ1ρδ

2143 1960 2200 2013 δὲ
2247 1961 2462 2014 πάντων
2505 1960 2708 2030 βουνῶν
2749 1963 2911 2032 γεννᾷ
2961 1978 3046 2033 με.
3089 1980 3108 2013 ι
3165 1963 3360 2017 Ἔνθεν
3395 1967 3556 2021 αὐτὸν
3595 1969 3720 2022 Υίὺν

2147 2053 2431 2124 μονογενῆ,
2481 2053 2574 2105 καὶ
2616 2053 2956 2124 πρωτότοκον
3000 2052 3091 2106 τοῦ
3141 2053 3280 2108 Θεοῦ
3327 2058 3499 2126 Λόγον
3531 2061 3720 2128 ἀναγοο

2145 2144 2374 2217 ρεύομεν
2401 2145 2489 2196 τὸν
2520 2145 2679 2198 αὐτὸν
2723 2144 2849 2196 ὄντα
2879 2146 2944 2214 τῇ
2983 2143 3288 2218 δηλουμένη
3317 2148 3505 2221 Σοφίᾳ.
3536 2152 3715 2213 Ὅπως

2142 2237 2198 2289 δὲ
2227 2237 2468 2308 γέννημα
2494 2237 2628 2290 Θεοῦ
2674 2237 2832 2290 αὐτὸν
2871 2233 3008 2290 εἷναί
3051 2255 3256 2309 φαμεν,
3298 2241 3434 2305 ιδίας
3461 2235 3531 2296 ἂν
3551 2243 3713 2297 δέοιτο

2142 2327 2474 2394 ἐξετάσεως·
2516 2329 2636 2381 ἐπεὶ⁵
2688 2330 2824 2400 μήτε
2859 2330 3000 2383 κατὰ
3031 2330 3336 2398 διάστασιν,
3367 2335 3400 2406 ἢ
3439 2334 3709 2406 διαίρεσιν,

2142 2420 2175 2490 ἢ
2210 2419 2452 2490 μείωσιν,
2478 2421 2512 2492 ἢ
2547 2420 2738 2491 τομὴν,
2763 2420 2795 2490 ἣ
2829 2421 2971 2473 κατά
2993 2438 3044 2474 τι
3068 2422 3206 2486 ὅλως
3235 2424 3343 2477 τῶν
3369 2426 3459 2478 ἐπί
3480 2426 3572 2496 τῆς
3597 2425 3716 2495 θνη-

2141 2509 2240 2579 τῆς
2267 2509 2533 2577 γενέσεως
2579 2508 3030 2580 ἐπιτελουμένων,
3074 2512 3175 2582 τὴν
3217 2514 3524 2586 ἀπόρρητον
3556 2515 3714 2569 αὐτοῦ

2142 2598 2549 2668 γενεσιουργίαν
2592 2597 2930 2667 ἐπινοοῦμεν.
2985 2601 3121 2655 Οὐδὲ
3161 2602 3271 2674 γὰρ
3319 2603 3478 2674 θέμις
3519 2604 3624 2658 τῶν
3660 2607 3716 2658 ἐν

2142 2692 2387 2757 γενητοῖς
2434 2705 2543 2742 τισι
2584 2690 2682 2760 τὴν
2715 2691 2953 2762 ἄρρητον
3002 2693 3098 2744 καὶ
3143 2695 3578 2764 ἀκατονόμαστον
3617 2700 3714 2750 αύ-

2143 2781 2235 2834 τοῦ
2271 2780 2480 2849 γένεσίν
2502 2797 2561 2832 τε
2591 2781 2682 2832 καὶ
2704 2781 2955 2836 οὐσίωσιν
2981 2785 3295 2855 ἀφομοιοῦν,
3323 2787 3440 2840 οὐδέ
3467 2805 3587 2842 τινα
3606 2789 3711 2844 τῶν

2143 2871 2442 2940 ἐπικαίρων
2493 2870 2588 2923 καὶ
2620 2869 2828 2940 θνητῶν
2880 2875 3251 2944 παραϐάλλειν
3300 2877 3444 2948 αὐτῷ
3487 2877 3706 2932 εἰκόνα·

2143 2964 2264 3015 ἐπεὶ
2299 2961 2431 3032 μηδέ
2480 2962 2621 3015 κατὰ
2656 2964 2754 3027 τὰς
2802 2967 2930 3036 παρ’
2960 2968 3095 3037 ἡμῖν
3144 2968 3250 3022 τῶν
3283 2967 3434 3033 ζώων
3475 2969 3709 3038 γενέσεις

2142 3062 2328 3114 οὐσίαν
2361 3060 2418 3128 ἐξ
2465 3061 2650 3124 οὐσίας
2680 3061 2819 3114 κατὰ
2853 3063 3024 3128 πάθος
3053 3066 3085 3136 ἢ
3133 3067 3412 3140 διαίρεσιν,
3457 3068 3712 3140 μεριστὴν

473 3155 686 3210 mortali
737 3155 877 3226 exigi
929 3155 1125 3218 solent,
1159 3156 1483 3213 ineﬂ‘abilem
1519 3159 1665 3215 illius
1701 3161 2038 3231 procreatio-

2145 3156 2238 3207 καὶ
2267 3153 2538 3225 χωριστὴν
2578 3155 2642 3206 ἐκ
2665 3153 2756 3207 τοῦ
2793 3153 3008 3228 Πατρὸς
3038 3161 3452 3232 προεληλυθέναι
3477 3160 3566 3214 τὸν
3588 3161 3713 3214 Υἱὸν

473 3261 596 3298 nem
643 3246 945 3314 cogitamus
983 3267 996 3300 :
1031 3263 1206 3317 neque
1240 3247 1322 3304 fas
1365 3257 1448 3304 est
1480 3251 1602 3305 ullis
1645 3252 1844 3321 genitis
1875 3251 2040 3307 rebus

473 3335 623 3391 illius
661 3344 754 3390 aut
783 3338 1107 3408 genituram,
1148 3349 1241 3394 aut
1271 3344 1736 3413 propagationem,
1773 3359 1895 3415 quae
1919 3345 2042 3415 qui-

467 3427 590 3482 dem
627 3429 789 3484 nullis
820 3445 994 3500 neque
1017 3433 1214 3494 verbis,
1248 3449 1421 3504 neque
1449 3436 1763 3491 nominibus
1793 3451 2044 3506 compre-

469 3519 630 3575 hendi
659 3530 857 3591 potest,
890 3525 1121 3579 similem
1146 3526 1422 3593 arbitrari,
1449 3544 1624 3598 neque
1651 3545 1779 3584 vero
1803 3529 2039 3598 aliquam

467 3611 545 3665 illi
577 3627 765 3667 eorum
801 3630 922 3684 quae
966 3618 1293 3686 temporaria
1325 3625 1378 3672 et
1424 3621 1674 3674 mortalia
1709 3628 1856 3681 sunt,
1891 3636 2042 3673 com-

471 3718 666 3773 parare
707 3706 994 3777 imaginem
1031 3727 1046 3763 :
1079 3711 1335 3778 quoniam
1372 3725 1548 3780 neque
1600 3713 1900 3766 secundum
1948 3726 2041 3767 eas

471 3791 784 3847 animalium
816 3797 1243 3865 procreationes,
1291 3814 1412 3869 quae
1443 3799 1584 3870 apud
1618 3816 1718 3855 nos
1760 3802 2038 3864 visuntur,

468 3882 762 3938 essentiam
805 3886 872 3940 de
899 3889 1156 3953 essentia,
1199 3904 1428 3960 eamque
1470 3891 1798 3946 divisibilem
1834 3901 1927 3944 aut
1957 3908 2042 3947 se-

470 3977 792 4046 parabilem,
817 3976 1011 4033 Filinm
1043 3981 1110 4036 de
1141 3980 1320 4047 Patre,
1346 3983 1602 4052 patiendo
1626 3995 1719 4038 aut
1750 3984 2042 4040 dividendo

468 4068 759 4140 prodiisse,
792 4071 879 4139 pie
907 4071 1086 4126 dicere
1117 4087 1411 4143 possumus
1443 4092 1455 4127 :
1481 4083 1664 4142 partes
1691 4076 1835 4129 enim
1864 4077 2041 4131 nullas

468 4161 654 4227 habet,
688 4164 1088 4233 insecabileque
1113 4172 1218 4227 est,
1245 4166 1389 4235 quod
1419 4167 1662 4221 divinum
1687 4175 1789 4231 est,
1817 4184 1924 4221 non
1954 4183 2042 4222 se-

468 4262 648 4320 catur,
684 4268 792 4309 non
840 4255 1119 4320 dividitur,
1160 4271 1268 4310 non
1296 4259 1630 4325 extenditur,
1664 4275 1771 4312 non
1804 4261 2038 4328 corripi-

469 4353 580 4410 tur,
613 4361 723 4400 non
773 4346 1130 4411 diminuitur,
1161 4364 1269 4403 non
1314 4349 1512 4420 majus,
1543 4366 1651 4404 non
1702 4351 1881 4419 pejus,
1931 4366 2038 4404 non

470 4439 662 4493 melius
688 4439 778 4506 tit;
802 4455 909 4494 non
926 4441 1087 4495 habet
1116 4442 1168 4494 in
1196 4441 1376 4512 seipso
1397 4442 1598 4512 aliquid
1624 4443 1768 4512 quod
1799 4458 1827 4495 a
1858 4445 2039 4512 seipso

2144 3246 2306 3316 φάναι
2356 3247 2518 3298 ὅσιον.
2574 3247 2800 3318 Ἀμερὲς
2847 3247 2954 3318 γὰρ
3001 3251 3095 3302 καὶ
3124 3252 3320 3322 ἄτομον
3350 3251 3411 3304 τὸ
3451 3251 3618 3316 Θεῖον,
3651 3252 3711 3304 οὐ

2143 3337 2492 3406 τεμνόμενον,
2537 3337 2596 3389 οὐ
2643 3336 3038 3409 διαιρούμενον,
3077 3342 3178 3395 οὐκ
3222 3343 3606 3413 ἐκτεινόμενον,
3651 3341 3713 3396 οὐ

2146 3428 2481 3500 μειούμενον,
2512 3429 2571 3480 οὐ
2614 3429 3051 3502 συστελλόμενον,
3087 3435 3146 3487 οὐ
3193 3434 3392 3504 μεῖζον,
3424 3435 3482 3488 οὐ
3514 3437 3711 3506 χεῖρον,

2143 3521 2202 3572 οὐ
2236 3523 2478 3592 κρεῖττον
2514 3521 2678 3573 αὐτοῦ
2715 3523 3023 3594 γινόμενον,
3067 3526 3166 3579 οὐκ
3212 3526 3329 3596 ἕχον
3373 3545 3423 3579 τι
3461 3528 3516 3579 ἐν
3541 3525 3713 3596 ἐαυτῷ

2141 3608 2326 3679 ἔτερόν
2357 3626 2408 3661 τι
2449 3609 2633 3674 αὐτοῦ,
2671 3611 2755 3663 ἴνα
2785 3613 2878 3666 καὶ
2913 3615 3145 3686 πρόηται
3183 3615 3359 3670 τοῦτο.
3387 3617 3499 3670 Πᾶν
3526 3617 3628 3686 γὰρ
3652 3615 3714 3669 τὸ

2144 3697 2198 3749 ἐν
2221 3715 2326 3750 τινι
2357 3697 2439 3763 ὃν,
2477 3698 2509 3770 ἢ
2545 3698 2621 3763 ὡς
2649 3701 3016 3774 συμϐεϐηκὸς,
3050 3700 3160 3759 οἷον
3183 3707 3372 3760 λευκὸν
3401 3710 3456 3762 ἐν
3481 3705 3708 3778 σώματι,

2142 3792 2174 3863 ἢ
2203 3792 2277 3856 ὡς
2305 3792 2490 3865 ἓτερον
2521 3794 2579 3846 ἐν
2614 3794 2785 3866 ἑτέρῳ
2816 3799 3093 3868 τυγχάνει,
3134 3799 3209 3863 ὡς
3242 3800 3300 3852 τὸ
3330 3801 3387 3852 ἐν
3415 3801 3479 3870 τῇ
3513 3816 3709 3868 κυοφο-

2146 3884 2312 3958 ρούσῃ
2352 3885 2490 3939 κατὰ
2533 3887 2769 3959 γαστρὸς
2801 3891 3307 3964 κυοφορούμενον,ἢ
3340 3893 3413 3955 ὡς
3458 3891 3616 3962 μέρος
3653 3892 3709 3944 ἐν

2141 3979 2216 4050 τῷ
2264 3979 2387 4051 ὅλῳ,
2418 3981 2492 4044 ὡς
2522 3981 2586 4034 ἂν
2627 3986 2685 4036 ἐν
2731 3984 2942 4056 σώματι
2972 3987 3094 4058 χεὶρ
3125 3985 3157 4057 ἢ
3186 3986 3338 4050 ποῦς,
3385 3986 3416 4056 ἢ
3459 3983 3710 4046 δάκτυλος

2143 4071 2236 4124 τοῦ
2267 4073 2462 4137 παντὸς
2485 4073 2613 4127 ὄντα
2647 4075 2810 4150 μέρη,
2835 4069 2910 4131 ὧν
2941 4078 3224 4148 ἀποκοπὴν
3253 4078 3286 4148 ἦ
3313 4094 3432 4130 τινα
3472 4074 3637 4146 τομὴν
3671 4074 3705 4142 ﬁ

2141 4163 2401 4235 διαίρεσιν
2435 4166 2796 4234 πεπονθότων,
2824 4171 3011 4234 ἀτελὲς
3036 4171 3128 4225 καὶ
3150 4169 3381 4232 κολοϐὸν,
3418 4167 3491 4230 ὡς
3519 4167 3582 4220 ἂν
3614 4163 3708 4218 τοῦ

2144 4255 2341 4326 μέρους
2360 4258 2902 4332 ἠκρωτηριασμένοι),
2927 4264 3305 4317 ἀπολέλειπται
3325 4263 3383 4314 τὸ
3411 4262 3532 4313 πᾶν.
3551 4255 3708 4311 Ἀλλὰ

2140 4345 2249 4417 γὰρ
2288 4348 2380 4400 καὶ
2411 4348 2472 4402 τὸ
2509 4352 2677 4406 εἰκόνι
2707 4354 2882 4425 τοιᾷδε
2917 4356 3012 4409 καὶ
3045 4354 3292 4428 ὁμοιώσει
3338 4349 3566 4424 χρῆσθαι
3615 4347 3708 4400 ἐπὶ

2141 4441 2238 4511 τῆς
2269 4442 2562 4513 ἀγεννήτου
2593 4445 2808 4512 φύσεως
2837 4449 2932 4503 τοῦ
2964 4451 3071 4502 τῶν
3117 4449 3248 4502 δλων
3289 4444 3441 4508 θεοῦ,
3489 4442 3579 4496 καὶ
3609 4439 3707 4510 τῆς

465 4529 540 4585 sit
576 4530 744 4596 aliud,
791 4531 1000 4586 utillud
1037 4532 1216 4601 possit
1250 4534 1489 4601 abjicere
1521 4552 1533 4586 :
1577 4533 1842 4602 quidquid
1888 4535 2031 4587 enim

2139 4533 2232 4584 τοῦ
2293 4533 2630 4602 Μονογενοῦς
2675 4540 2839 4594 αὐτοῦ
2887 4544 2981 4597 καὶ
3023 4541 3369 4615 Πρωτοτόκου
3428 4535 3704 4606 γενέσεως.

467 4619 523 4677 in
550 4623 734 4694 aliquo
767 4632 870 4687 est,
909 4632 1003 4679 aut
1032 4633 1117 4680 est
1148 4634 1405 4696 tanquam
1437 4625 1716 4689 accidens,
1758 4634 1819 4679 ιιι
1851 4627 2036 4682 album

466 4712 522 4767 in
557 4729 804 4783 corpore,
841 4721 936 4769 aut
976 4725 1230 4786 tanquam
1262 4716 1409 4771 aliud
1460 4717 1514 4769 in
1543 4717 1671 4780 alio,
1703 4724 1763 4770 ut
1810 4717 1863 4770 in
1898 4731 2038 4786 pra:-

465 4815 667 4878 gnante
707 4805 850 4863 fetus
892 4824 1051 4878 quem
1095 4810 1148 4862 in
1194 4817 1347 4864 utero
1391 4816 1593 4880 gestat,
1639 4817 1733 4862 aut
1776 4816 2036 4878 tanquam

465 4914 594 4969 pars
619 4899 674 4953 in
708 4905 844 4964 toto,
880 4909 938 4952 ut
966 4899 1021 4954 in
1065 4913 1294 4969 corpore
1325 4913 1541 4962 manus,
1577 4899 1657 4953 vel
1687 4914 1804 4968 pes,
1839 4899 1922 4952 vel
1954 4898 2040 4951 di-

466 4991 632 5060 gitus,
664 5007 784 5061 quae
817 4991 982 5046 totius
1013 4999 1141 5047 sunt
1175 5001 1375 5061 partes,
1399 5005 1630 5061 quarum
1663 4991 1708 5045 si
1740 4990 2039 5045 abscissio-

465 5097 612 5146 nem,
664 5091 758 5136 aut
801 5083 1098 5138 sectionem
1144 5083 1402 5152 aliquam,
1448 5089 1542 5135 aut
1582 5082 1904 5136 divisionem
1939 5097 2038 5150 pa-

467 5177 673 5228 tiantur
720 5189 972 5244 corpora,
1017 5174 1392 5244 imperfectum
1442 5188 1506 5227 ac
1556 5173 1806 5226 mutilum
1859 5173 2037 5241 ipsum

467 5269 664 5326 totum,
699 5265 864 5319 veluti
917 5279 1120 5319 summa
1164 5271 1313 5334 parte
1344 5246 1646 5333 amputata,
1685 5262 2033 5330 relinquitur.

467 5355 536 5407 At
565 5352 709 5410 enim
752 5355 806 5408 in
851 5353 1090 5424 ingenita
1125 5354 1346 5407 maximi
1388 5353 1481 5409 Dei
1514 5363 1706 5407 natura
1728 5392 1741 5415 ,
1775 5351 1941 5423 214
1983 5361 2038 5408 et

467 5447 521 5501 in
556 5447 702 5502 unici
727 5447 969 5517 ejusdem
999 5447 1283 5517 primoque
1297 5447 1462 5516 geniti
1490 5446 1610 5500 Filii
1637 5446 2033 5515 procreatione,

465 5541 628 5594 talem
673 5554 939 5610 usurpare
979 5539 1268 5611 imaginem
1318 5546 1412 5592 aut
1438 5537 1874 5600 similitudinem,
1919 5551 2036 5590 om-

467 5632 618 5687 nium
648 5631 953 5701 quasimpia
982 5640 1131 5698 sunt,
1156 5631 1389 5687 maxime
1419 5631 1646 5702 impium
1672 5629 1760 5687 sit.
1794 5625 1911 5684 Non
1937 5628 2036 5700 igi-

539 5815 790 5872 "Colos.
830 5831 868 5882 ι,
912 5815 1002 5870 15.

2140 4625 2355 4676 πάντων
2380 4625 2445 4678 ἂν
2480 4626 2565 4689 εἴη
2594 4631 2976 4688 ἀσεϐέστατον.
3010 4636 3084 4688 Οὐ
3125 4633 3302 4686 τοίνυν
3329 4631 3401 4694 ὡς
3438 4629 3619 4699 ἕτερον
3652 4628 3708 4679 ἐν

2139 4717 2328 4788 ἑτέρῳ,
2356 4717 2413 4783 ἐξ
2446 4720 2688 4789 ἀπείρων
2739 4726 2834 4778 καὶ
2875 4727 3128 4799 ἀνάρχων
3171 4725 3381 4780 αἰώνων
3418 4718 3483 4793 ἦν
3522 4722 3552 4775 ό,
3585 4718 3709 4780 Υιδς

2139 4810 2428 4881 ἀγέννητος
2457 4814 2514 4865 ἐν
2537 4815 2614 4886 τῷ
2637 4819 2832 4890 Πατρὶ,
2869 4821 3034 4893 μέρος
3061 4820 3135 4873 ὢν
3173 4817 3357 4880 αὐτοῦ,
3389 4815 3416 4868 ὃ
3448 4811 3710 4885 μεταϐλη-

2139 4899 2228 4953 θέν
2260 4900 2483 4972 ὕστερον
2510 4906 2604 4958 κα)¹
2642 4908 2875 4962 κενωθέν
2905 4911 3059 4975 ἐκτὸς
3091 4909 3251 4963 αὐτοῦ
3283 4907 3469 4978 γέγονε
3494 4922 3506 4934 ·
3539 4903 3707 4975 τροπῇ

2138 4993 2246 5065 γὰρ
2286 4995 2422 5066 αὐτῇ
2467 4997 2568 5068 ἤδη
2615 5000 2771 5053 τοῦτο
2809 5003 3005 5056 οἰκεῖον
3033 5021 3045 5033 ’
3092 5007 3185 5056 καὶ
3222 5000 3315 5054 δύο
3349 5000 3399 5068 γ’
3444 4997 3509 5050 ἂν
3539 4994 3709 5057 οὕτως

2138 5086 2405 5155 ἁγέννητα
2433 5082 2563 5152 εἶεν,
2592 5090 2653 5142 τὸ
2692 5093 3066 5164 προϐεὸληκὸς
3105 5093 3196 5146 καὶ
3229 5092 3289 5144 τὸ
3335 5083 3707 5161 προϐεϐλημέ-

2137 5195 2244 5232 νον.
2277 5180 2388 5231 Καὶ
2432 5181 2512 5243 τίς
2536 5177 2604 5252 ἦν
2643 5186 2976 5250 κατάστασις
3018 5187 3280 5259 κρείττων
3305 5203 3318 5251 ;
3347 5181 3492 5254 *Αρα
3532 5183 3564 5253 ἡ
3610 5177 3710 5250 πρὸ

2137 5269 2234 5338 τῆς
2287 5270 2494 5339 τροπῆς
2546 5271 2643 5341 τῆς
2693 5276 2832 5328 κατὰ
2882 5278 2982 5348 τὴν
3031 5276 3296 5348 προϐολὴν
3345 5275 3710 5336 διαστάσεως;

2137 5360 2348 5416 Οὔκουν
2378 5362 2452 5425 ὡς
2485 5362 2648 5436 μέρος
2677 5366 2709 5436 ἥ
2764 5368 2925 5435 μέλος
2970 5369 3281 5440 ἁγεννήτως
3326 5365 3602 5438 ἡνωμένον
3627 5368 3713 5420 ἀεὶ

2137 5453 2418 5524 πρότερον,
2468 5453 2750 5510 ἐπειτα¹δὲ
2801 5460 3023 5514 διαστὰν
3071 5462 3165 5514 καὶ
3209 5461 3374 5531 χωρὶς
3425 5459 3712 5528 γενόμενον

2135 5545 2227 5599 τοῦ
2258 5544 2400 5607 ὅλου,
2426 5545 2516 5597 τὸν
2547 5547 2675 5600 Υίὸν
2719 5549 2828 5603 ἀπὸ
2863 5551 2958 5604 τοῦ
2989 5551 3201 5623 Πατρὺς
3233 5547 3343 5606 οἷόν
3371 5569 3429 5603 τε
3456 5552 3709 5604 ἐπινοεῖν.

2141 5638 2386 5708 Ἀῥρητα
2418 5637 2523 5709 γὰρ
2567 5641 2660 5694 καὶ
2703 5641 2959 5713 ἄντικρυς
2987 5644 3161 5716 ἀσεϐῆ
3209 5643 3402 5710 ταῦτα,
3439 5643 3571 5716 ὖλης
3610 5640 3709 5714 μιν
