4110 6426
372 422 478 478 333

1291 414 1950 473 DEMONSTRATIONIS
1988 410 2448 472 EVANGEUCIE
2495 410 2627 469 LIB.
2672 409 2739 468 ν.

3518 418 3622 474 554

368 539 497 594 ὄντα
538 538 805 610 σωμάτων
848 539 1043 599 οἰκεῖα,
1084 536 1181 608 τῆς
1209 536 1265 589 δὲ
1299 535 1596 607 ἀσωμάτου
1642 537 1737 589 καὶ
1778 534 1932 590 ἀῦλοι

2052 543 2143 589 tur
2175 544 2436 605 tanquam
2484 533 2631 589 aliud
2665 534 2719 588 in
2754 533 2883 599 alio,
2914 548 2981 588 ex
3012 532 3242 589 inﬁnitis
3270 543 3324 589 et
3357 536 3625 607 principio

370 631 580 698 φύσεως
620 629 889 700 ἀλλότρια.
922 626 1011 679 Διὸ
1057 625 1199 678 κατὰ
1246 626 1435 697 καιρὸν
1487 626 1710 689 εἰκότως
1754 625 1814 681 ἀν
1854 642 1939 687 τις

371 720 601 775 ἐνταῦθα
633 721 791 774 πάλιν
815 721 895 783 rb,
936 739 954 770 ι
984 717 1093 791 Τὴν
1123 719 1337 787 γένεσιν
1374 718 1539 771 αὑτοῦ
1565 718 1648 780 τίς
1677 717 1937 788 διηγήσε-

369 830 486 879 ται;
530 835 549 867 ι
587 814 978 883 ἀναφθέγξαιτο
1042 813 1140 867 ἄν·
1194 812 1379 883 ἐπειδὴ
1424 813 1517 871 καὶ
1549 812 1645 883 τὴν
1692 811 1940 864 ἐναντίαν

369 907 540 960 ἐλθεῖν
564 908 663 960 οὐκ
690 907 986 970 ἀκίνδυνον,
1018 907 1111 959 καὶ
1142 904 1328 966 ἁπλῶς
1352 903 1524 959 οἱίτωι⁵
1548 902 1607 970 ἐξ
1645 902 1746 957 οὐκ
1770 903 1941 956 ὄντων

366 999 622 1070 γεννητὸν
686 999 775 1052 rbv
817 999 943 1051 Υἱδν
989 1000 1103 1061 τοῖς
1152 996 1357 1060 λοιποῖς
1404 998 1679 1066 γεννητοῖς
1740 995 1941 1065 ὁμοίως

367 1090 781 1163 ἀποφήνασθαι·
828 1089 959 1161 ἄλλη
1007 1089 1114 1161 γὰρ
1162 1088 1293 1141 Υίοῦ
1342 1088 1572 1155 γένεσις,
1613 1087 1705 1139 καὶ
1737 1086 1869 1158 ἄλλη
1904 1089 1937 1156 ἡ

365 1183 451 1238 διὰ
485 1182 578 1238 τοῦ
623 1183 751 1237 Υίοῦ
796 1181 1143 1254 δημιουργία.
1192 1180 1351 1234 Ἀλλὰ
1380 1180 1487 1254 γὰρ
1522 1179 1772 1251 ὥσπερὴ
1821 1179 1941 1233 θεία

365 1275 404 1328 Γ
410 1276 552 1345 ραφὴ
583 1274 702 1328 τοτὲ
733 1274 832 1344 μὲν
860 1273 1202 1344 πρωτότοκον
1232 1271 1412 1342 πάσης
1445 1271 1671 1334 κτίσεως
1697 1270 1786 1324 τὸν
1814 1269 1941 1323 Υἱδν

364 1366 681 1439 ἀναγορεύει
715 1366 773 1434 ἐξ
801 1366 967 1420 αὐτοῦ
996 1364 1309 1436 προσώπου,
1339 1364 1421 1427 rb,
1480 1382 1498 1415 ι
1529 1363 1732 1435 Κύριος
1761 1363 1941 1416 ἕκτισέ

367 1477 433 1530 με
458 1460 630 1531 ἀρχὴν
655 1458 788 1513 ὀδών
820 1458 1006 1523 αὐτοῦ,
1042 1477 1059 1509 ι
1099 1457 1380 1526 φάσκουσα
1407 1473 1420 1486 ’
1457 1456 1577 1509 τοτὲ
1609 1456 1666 1509 δὲ
1699 1454 1941 1526 γέννημα

363 1549 453 1604 τοῦ
493 1552 703 1622 [ἰατρὸς
746 1547 912 1615 εἶναι,
940 1549 1088 1618 λέγει
1129 1550 1268 1603 κατὰ
1301 1551 1380 1615 rb,
1428 1569 1446 1602 ι
1485 1550 1598 1621 Πρὸ
1639 1549 1695 1602 δὲ
1727 1549 1941 1603 πάντων

366 1640 569 1712 βουνῶν
602 1642 768 1713 γεννᾷ
804 1658 870 1712 με
900 1658 913 1672 °
958 1660 976 1693 ι
1011 1640 1182 1714 ταύτῃ
1227 1643 1319 1696 κα)⁸
1363 1644 1488 1712 ἡμῖν
1521 1639 1747 1694 ’ἐπεσθαι
1776 1639 1941 1708 ὑγιῶς

365 1732 431 1785 ἂν
469 1733 601 1804 ἔχοι,
631 1732 725 1786 καὶ
756 1732 817 1787 rb
850 1733 955 1807 πρὸ
979 1734 1193 1788 πάντων
1218 1733 1425 1786 αἰώνων
1450 1731 1588 1785 εἶναι
1615 1732 1785 1800 Λόγον
1813 1731 1942 1784 ὄντα

362 1825 497 1878 θεοῦ
530 1825 939 1897 δημιουργικὸν,
967 1826 1061 1878 καὶ
1088 1826 1149 1878 rb
1177 1825 1352 1896 Πατρὶ
1388 1827 1640 1889 συνεῖναι,
1678 1822 1938 1895 μονογενῆ

2039 628 2357 682 carentibus
2403 626 2641 693 sazculis,
2665 634 2784 681 erat
2822 624 2995 682 Filius
3030 628 3307 698 ingenitus
3353 630 3410 685 in
3446 628 3623 697 Patre,

2041 720 2134 790 qui
2165 733 2295 788 pars
2326 719 2474 774 illius
2499 718 2748 788 quaedam
2777 726 2944 787 esset,
2967 735 3089 790 qua:
3108 721 3326 791 quidem
3348 723 3624 791 posterius

2039 820 2374 865 commutata
2428 821 2484 865 et
2531 809 2701 880 ejecta
2749 817 2905 866 extra
2937 813 3090 867 illum
3138 814 3429 870 secesserit
3460 834 3474 869 :
3502 815 3614 886 jam

2038 901 2184 957 enim
2216 902 2362 958 istud
2393 906 2770 962 conversionis
2799 906 3078 976 preprium
3113 904 3272 972 foret,
3300 912 3356 961 et
3388 907 3469 961 sic
3493 922 3624 962 sane

2039 993 2151 1049 duo
2197 1005 2383 1050 essent
2434 998 2705 1069 ingenita,
2746 1013 2915 1051 unum
2966 999 3020 1051 id
3066 999 3213 1069 quod
3262 1000 3618 1071 projeeisset,

2041 1086 2271 1141 alterum
2304 1090 2451 1158 quod
2479 1090 2779 1160 projectum
2819 1092 2998 1145 esset!
3029 1090 3095 1146 Et
3125 1092 3368 1162 quinam,
3412 1109 3620 1165 quaeso,

2042 1185 2218 1234 status
2247 1182 2478 1236 melior?
2503 1180 2644 1235 Num
2677 1182 2724 1237 is
2755 1182 2848 1252 qui
2880 1189 3006 1238 ante
3050 1187 3461 1242 conversionem
3495 1186 3617 1249 fuit,

2042 1287 2150 1341 quo
2178 1287 2275 1341 per
2304 1274 2693 1345 projectionem
2716 1275 2962 1330 diductio
2984 1275 3125 1330 facta
3147 1278 3272 1331 est?
3293 1277 3437 1348 Ergo
3459 1282 3620 1349 quasi

2042 1378 2169 1433 pars
2200 1366 2282 1419 vel
2306 1366 2609 1421 membrum
2639 1373 2798 1422 antea
2819 1382 3034 1437 semper
3055 1364 3290 1439 i‘ngenite
3316 1370 3618 1438 adhaerens,

2041 1455 2238 1511 deinde
2270 1457 2549 1512 diductum
2594 1467 2647 1515 et
2688 1475 2935 1515 seorsum
2971 1460 3159 1516 abiens
3188 1478 3218 1515 a
3246 1471 3381 1529 toto,
3414 1465 3495 1519 sic
3528 1464 3621 1519 Fi-

2042 1548 2149 1602 lius
2189 1563 2219 1602 a
2248 1548 2408 1607 Patre
2457 1553 2684 1622 cogitari
2718 1554 2936 1623 poterit.
2978 1552 3083 1609 Sed
3124 1556 3267 1608 enim
3312 1556 3534 1612 infanda
3565 1567 3620 1613 ot

2041 1653 2270 1707 prorsus
2300 1640 2462 1711 impia
2489 1642 2624 1708 haec,
2651 1661 2772 1714 qua
2801 1648 3045 1702 materia:
3074 1648 3292 1718 quidem
3322 1665 3619 1720 corporum

2042 1732 2373 1785 conveniunt
2408 1740 2462 1786 et
2494 1732 2772 1789 adlimrent
2804 1742 2864 1790 ut
2912 1738 3155 1807 propria,
3199 1737 3268 1791 ab
3294 1743 3618 1807 incorporea

2041 1837 2172 1876 vero
2208 1832 2261 1878 et
2293 1824 2535 1878 materiae
2571 1833 2797 1895 experte
2826 1834 3043 1890 natura,
3078 1828 3375 1884 abhorrent
3403 1829 3617 1884 aliena-

365 1933 424 1968 τε
462 1916 590 1968 Υἱὸν
636 1911 772 1968 εἶναι
808 1914 902 1968 τοῦ
945 1914 1053 1967 τῶν
1083 1915 1217 1968 ὅλων
1256 1914 1407 1980 Θεοῦ,
1444 1914 1713 1986 ὐπουργὸν
1751 1931 1809 1967 τε
1845 1912 1932 1968 καὶ

2041 1931 2146 1987 que
2173 1924 2318 1971 sunt.
2357 1916 2623 1983 Quocirca
2652 1920 2848 1973 merito
2887 1920 3161 1990 quispiam
3189 1921 3291 1975 hoc
3322 1921 3376 1975 in
3409 1923 3529 1977 loco
3563 1931 3619 1978 et

368 2007 625 2079 συνεργὸν
654 2007 731 2078 τῷ
763 2007 936 2076 Πατρὶ
971 2007 1069 2077 τῆς
1096 2005 1204 2058 τῶν
1239 2006 1375 2059 ὅλων
1413 2005 1719 2070 οὐσιώσεώς
1758 2023 1816 2059 τε
1845 2007 1939 2060 καὶ

359 2097 767 2167 διακοσμήσεως
811 2096 1204 2167 γεγεννημένον
1246 2098 1545 2168 ὁμολογεῖν,
1581 2098 1645 2151 Εἰ
1690 2097 1800 2168 γὰρ
1845 2093 1938 2151 οῦν

359 2188 453 2239 καὶ
481 2187 606 2241 ἄλλο
626 2206 679 2240 τι
702 2187 941 2259 ἄρρητον
968 2188 1061 2241 κα)⁸
1086 2188 1466 2259 ἀκατάληπτον
1491 2191 1623 2261 ἡμῖν
1654 2192 1713 2243 ὲν
1736 2192 1802 2260 τῇ
1831 2189 1938 2242 τῶν

354 2278 491 2332 ὅλων
521 2280 900 2334 ἀπολέλειπται
927 2281 1106 2350 φύσει,
1136 2282 1302 2353 μυρία
1331 2282 1388 2334 δὲ
1416 2281 1484 2334 τά
1511 2280 1755 2345 τοιαῦτα,
1780 2283 1938 2334 ὁποῖα

357 2369 541 2424 καὶτὰ
576 2374 686 2436 τοῖς
717 2372 1016 2441 θεοφιλέσιν
1062 2372 1445 2442 ἐπηγγελμένα
1490 2374 1768 2442 τυγχάνει,
1805 2389 1823 2424 ι
1872 2374 1938 2426 Ἀ

354 2462 630 2534 ὀφθαλμὸς
657 2464 756 2518 οὐκ
778 2460 905 2530 εἶδε,
938 2466 1032 2518 καὶ
1052 2462 1142 2529 οῦς
1175 2467 1275 2518 οὐκ
1298 2466 1517 2537 ἤκουσε,
1547 2464 1640 2517 καὶ
1678 2466 1769 2518 ἐπὶ
1800 2482 1937 2536 καρ-

355 2553 474 2608 δίαν
500 2554 916 2627 ἀνθρώπουζιιῦκ
938 2557 1126 2628 ἀνέϐη,
1168 2576 1185 2607 ι
1218 2555 1361 2610 κατὰ
1383 2557 1474 2611 τὸν
1503 2555 1646 2628 ἱερὸν
1683 2557 1938 2610 Ἀπόστο-

355 2645 477 2699 λον“
529 2646 664 2700 πολὺ
711 2649 972 2720 πρότερον
1020 2648 1204 2719 πάσης
1251 2648 1459 2712 ἐννοίας
1511 2649 1792 2709 ἐπέκεινα,
1834 2648 1935 2719 ἄῤ-

359 2738 496 2809 ρητα
543 2738 637 2792 καὶ
680 2739 1116 2809 ἀκατονόμαστα,
1162 2739 1491 2809 ἀνεπινόητά
1535 2756 1595 2792 τε
1644 2739 1738 2793 καὶ
1784 2740 1938 2793 ἀνεν-

357 2826 573 2901 θὺμητα
603 2828 807 2897 γένοιτο
837 2829 902 2884 ἂν
926 2829 994 2882 τὰ
1018 2830 1145 2903 περὶ
1182 2830 1280 2901 τῆς
1310 2828 1533 2901 πρώτης
1564 2829 1659 2882 τοῦ
1701 2830 1937 2897 Μονογε-

358 2920 481 2984 νοῦς
524 2921 619 2975 τοῦ
657 2921 789 2976 Θεοῦ
829 2922 1109 2990 γενέσεως,
1138 2921 1263 2975 ἄλλο
1314 2921 1478 2993 μηδὲν
1509 2922 1669 2974 πλέον
1702 2922 1934 2991 ἐχόντων

356 3011 515 3082 ἡμῶν
536 3013 664 3085 περὶ
692 3013 855 3067 αὐτοῦ
879 3013 1057 3082 λέγειν
1078 3031 1134 3066 τε
1172 3014 1266 3067 καὶ
1285 3017 1425 3068 νοεῖν
1449 3014 1483 3085 ἡ
1504 3030 1517 3044 ’
1562 3031 1583 3063 ι
1609 3013 1720 3085 Τὴν
1742 3014 1933 3082 γενεὰν

356 3103 521 3157 αὐτοῦ
548 3105 632 3168 τίς
659 3106 1006 3178 διηγήσεται;
1048 3126 1067 3160 ι
1102 3108 1165 3160 Ei
1198 3107 1255 3159 δέ
1286 3124 1369 3169 τις
1400 3104 1591 3159 τούτου
1626 3105 1933 3177 περαιτέρω

355 3196 548 3269 χωρῶν
578 3198 749 3273 τόλμῃ
765 3199 1059 3271 προαχθείη
1085 3200 1153 3253 τὰ
1189 3199 1363 3269 πάντη
1398 3198 1729 3270 ἀπερινόητα
1748 3199 1927 3271 ὁρατι-
1959 3241 2003 3301 c

357 3293 475 3351 κοῖς
502 3291 597 3344 καὶ
630 3295 959 3363 σωματικοῖς
981 3292 1347 3363 παραϐάλλειν
1383 3291 1761 3363 ὑποδείγμασι,
1791 3292 1931 3361 τάχα

355 3382 423 3437 ἂν
454 3383 597 3437 εῖποι
620 3384 719 3455 τῆς
745 3384 837 3437 τοῦ
872 3384 1084 3456 Πατρδς
1123 3385 1415 3456 ἀγεννήτω
1457 3384 1669 3454 φύσεως
1706 3384 1801 3438 καὶ
1832 3384 1931 3455 τῆς

354 3476 734 3550 ἀνεκφράστου
762 3478 966 3543 οὐσίας,
1002 3478 1190 3550 ὥσπερ
1218 3479 1445 3534 εὐωδίαν
1486 3477 1608 3532 τινὰ
1638 3478 1731 3531 καὶ
1756 3478 1931 3546 φωτὸς

353 3570 524 3643 αὐγὴν
553 3571 643 3625 τὸν
692 3572 820 3625 Υἰὸν
850 3572 908 3639 ἐξ
940 3572 1181 3645 ἀπείρων
1227 3573 1456 3638 αἰώνων,
1498 3573 1696 3645 μᾶλλον
1735 3571 1791 3625 δὲ
1824 3570 1930 3643 πρὸ

356 3661 572 3717 πάντων
620 3663 830 3718 αἰώνων
888 3664 1207 3732 ὑποστῆναι,
1246 3665 1536 3736 γενόμενόν
1580 3681 1637 3718 τε
1669 3668 1925 3726 συνεῖναι,

359 3752 452 3806 καὶ
491 3755 882 3827 συγγενόμενον
933 3757 1020 3810 ἀεὶ¹
1073 3756 1152 3829 τῷ
1200 3757 1375 3828 Πατρὶ
1433 3757 1509 3819 ὡς
1557 3756 1635 3826 τῷ
1679 3754 1835 3827 μύρῳ
1867 3753 1929 3808 rb

354 3844 572 3908 εὑῶδες,
612 3848 706 3900 καὶ
733 3846 811 3918 τῷ
847 3847 986 3916 φωτὶ
1045 3846 1143 3920 τὴν
1184 3848 1377 3918 αὐγὴν,
1412 3846 1526 3899 ἀλλ’
1564 3847 1625 3900 οὐ
1663 3848 1774 3908 τοῖς
1799 3846 1929 3898 ὑπο-

352 3936 605 4006 δείγμασι
637 3937 775 3991 κατὰ
825 3938 1001 3991 πάντα
1024 3938 1224 4009 τρόπον
1254 3938 1474 4009 ὁμοίως,
1515 3936 1797 4007 ώσπεροῦν
1825 3935 1924 4007 ἤδη

354 4028 616 4101 πρότερον
667 4029 900 4102 εἴρηται.
958 4030 1039 4083 Τά
1088 4031 1187 4102 μὲν
1234 4029 1342 4100 γάρ
1374 4030 1553 4100 ἄψυχα
1597 4027 1823 4098 σώματα
1866 4027 1927 4080 rb

353 4118 697 4192 συμϐεϐηκὸς
728 4124 785 4173 ὲν
821 4121 1068 4191 ποιότησι
1106 4121 1403 4191 κέκτηνται
1424 4138 1435 4150 ο
1474 4121 1509 4191 ἦ
1536 4137 1591 4174 τε
1616 4120 1724 4191 γάρ
1747 4120 1922 4191 αὐγὴ,

353 4210 631 4283 σύμφυτος
658 4209 790 4268 οὖσα
832 4217 897 4286 τῇ
948 4213 1042 4268 τοῦ
1091 4214 1266 4284 φωτὸς
1309 4212 1486 4283 φύσει,
1521 4214 1613 4266 καὶ
1654 4210 1926 4274 οὐσιωδῶς

354 4305 769 4377 συνυπάρχουσα
820 4304 898 4377 τῷ
927 4305 1085 4375 φωτὶ,
1126 4307 1226 4360 οὐκ
1257 4306 1323 4360 ἂν
1355 4304 1568 4358 δύναιτο
1625 4303 1780 4366 ἐκτὸς
1825 4303 1924 4372 ὐφ-

351 4399 569 4452 εστάναι
600 4398 692 4452 τοῦ
716 4401 775 4453 ὲν
873 4401 1019 4452 ἐστιν
1039 4418 1051 4430 ·
1087 4401 1116 4452 ὁ
1144 4399 1200 4453 δέ
1225 4416 1288 4468 γε
1321 4397 1411 4452 τοῦ
1438 4396 1571 4451 Θεοῦ
1603 4396 1774 4464 Λόγος
1797 4394 1920 4449 καθ’

353 4488 544 4544 ἑαυτὸν
570 4489 825 4543 οὐσίωταί
853 4507 911 4543 τε
938 4490 1032 4542 καὶ
1065 4489 1357 4560 ὑφέστηκε,
1379 4488 1471 4542 καὶ
1490 4488 1588 4541 οὐκ
1616 4485 1922 4555 ἀγεννήτως

2039 2016 2346 2078 opportune
2379 2024 2574 2065 rursus
2618 2009 2751 2064 illud
2789 2010 3026 2081 proferet
3063 2029 3077 2066 :
3123 2030 3141 2063 ι
3197 2011 3614 2069 Generationem

2038 2100 2159 2168 ejus
2199 2100 2325 2169 quis
2367 2100 2690 2155 enarrabit?
2721 2102 2766 2133 ”
2803 2122 2821 2153 ι
2863 2100 3142 2171 Siquidem
3185 2104 3240 2157 in
3282 2107 3614 2160 contrariam

2038 2190 2189 2246 abire
2215 2201 2444 2261 partem,
2481 2200 2532 2245 et
2559 2186 2881 2262 simpliciter
2914 2194 2995 2248 sic
3022 2195 3331 2258 enuntiare,
3356 2209 3421 2249 ex
3446 2197 3616 2251 nihilo

2037 2282 2277 2351 genitum
2308 2297 2431 2336 esse
2458 2280 2655 2335 Filium
2685 2282 2871 2337 eadem
2898 2285 3108 2339 ratione
3128 2300 3234 2355 qua
3262 2286 3469 2357 reliqua
3493 2302 3617 2357 quae

2037 2369 2181 2423 facta
2216 2377 2364 2434 sunt,
2404 2386 2513 2424 non
2547 2371 2755 2442 absque
2792 2372 3041 2441 periculo
3070 2374 3140 2428 sit
3171 2392 3183 2427 :
3218 2375 3322 2435 alia
3354 2383 3439 2430 est
3467 2376 3613 2431 enim

2036 2459 2158 2515 Filii
2206 2462 2504 2532 generatio,
2537 2470 2591 2517 et
2642 2465 2749 2518 alia
2793 2480 2890 2534 per
2912 2462 3108 2518 Filium
3156 2466 3385 2520 aliarum
3432 2481 3614 2522 rerum

2035 2556 2258 2610 creatio.
2287 2555 2469 2623 Quare
2497 2572 2622 2611 cum
2651 2558 2834 2611 divina
2882 2556 3163 2628 Scriptura
3195 2558 3357 2614 modo
3394 2560 3612 2630 quidem

2034 2646 2455 2717 primogenitum
2508 2647 2687 2703 omnis
2732 2661 2997 2705 creatura:
3024 2649 3220 2705 Filium
3251 2653 3504 2722 appellet,
3545 2670 3612 2709 ex

2034 2737 2209 2805 ipsius
2234 2753 2467 2807 persona
2498 2739 2578 2792 sic
2619 2739 2809 2795 dicens
2844 2758 2856 2794 :
2900 2759 2919 2792 ι
2961 2739 3228 2797 Dominus
3277 2744 3482 2798 creavit
3528 2760 3614 2799 me

2033 2826 2247 2880 initium
2283 2827 2491 2882 viarum
2523 2844 2768 2894 suarum,
2811 2850 2830 2883 ι
2869 2831 3031 2886 modo
3077 2841 3258 2888 autem
3305 2826 3611 2905 genituram

2032 2915 2212 2973 Patris
2253 2919 2431 2980 dicat,
2464 2919 2557 2973 ubi
2604 2922 2720 2976 ait:
2764 2940 2782 2972 ι
2825 2921 2891 2976 Ει
2924 2930 3054 2977 ante
3099 2939 3290 2980 omnes
3323 2927 3491 2982 colles
3531 2927 3615 2997 gi-

2032 3010 2147 3077 gnit
2179 3025 2283 3074 me,
2327 3030 2346 3063 ι
2382 3012 2521 3065 hanc
2554 3012 2680 3068 item
2704 3029 2804 3070 nos
2827 3016 2980 3085 sequi
3013 3016 3129 3071 sani
3149 3017 3342 3087 judicii
3373 3022 3465 3084 sit,
3484 3034 3613 3074 con-

2034 3101 2282 3171 ﬁterique
2311 3113 2436 3160 ante
2466 3108 2649 3160 omnia
2677 3108 2877 3163 saecula
2906 3124 3027 3165 esse
3057 3108 3294 3165 Verbum
3333 3110 3425 3167 Dei
3455 3128 3614 3168 crea-

2034 3193 2170 3247 toris
2203 3194 2608 3261 administrum,
2639 3213 2869 3268 esseque
2902 3215 3011 3254 una
3045 3216 3167 3255 cum
3198 3200 3379 3269 Patre,
3416 3215 3469 3259 et
3496 3206 3614 3258 uni—

2035 3299 2157 3336 cum
2182 3298 2304 3339 esse
2334 3287 2554 3341 maximi
2588 3288 2678 3342 Dei
2703 3287 2921 3357 Filium,
2950 3290 3043 3360 qui
3076 3289 3226 3346 Patri
3248 3294 3338 3349 det
3361 3309 3607 3365 operam,

2032 3374 2259 3443 ejusque
2293 3377 2366 3431 sit
2394 3378 2599 3440 socius,
2647 3378 2775 3433 dum
2824 3383 3008 3436 omnia
3038 3398 3159 3451 quae
3193 3392 3343 3449 sunt,
3383 3386 3513 3441 facit
3548 3400 3608 3442 ut

2032 3467 2161 3534 sint,
2186 3458 2482 3540 eademque
2502 3471 2761 3541 disponit.
2797 3472 3007 3528 Etenim
3038 3476 3084 3530 si
3118 3478 3245 3531 item
3276 3479 3422 3533 aliud
3445 3474 3609 3550 quid-

2030 3562 2197 3630 piam,
2231 3562 2375 3631 quod
2398 3578 2574 3633 neque
2596 3565 2726 3629 dici,
2762 3581 2940 3635 neque
2969 3571 3354 3639 comprehendi
3381 3587 3410 3625 a
3445 3576 3606 3631 nobis

2031 3653 2225 3720 possit,
2275 3654 2330 3707 in
2375 3664 2569 3708 natura
2610 3656 2852 3712 universi
2901 3660 3163 3714 remansit
3218 3663 3371 3730 (sunt
3421 3673 3603 3721 autem

2029 3740 2448 3796 innumerabilia
2487 3743 2911 3813 hujuscemodi),
2945 3748 3108 3816 quale
3155 3750 3342 3818 utique
3375 3752 3608 3811 habetur

2028 3833 2173 3901 quod
2206 3832 2299 3888 Dei
2324 3834 2515 3890 amicis
2532 3835 2862 3904 promissum
2894 3845 2997 3900 est,
3026 3856 3045 3889 ι
3070 3838 3226 3904 Quod
3261 3841 3455 3896 oculus
3487 3859 3595 3898 non

2028 3925 2182 3991 vidit,
2228 3941 2327 3981 nec
2353 3928 2503 3981 auris
2534 3927 2761 3992 audivit,
2791 3944 2894 3983 nec
2928 3930 2983 3983 in
3009 3945 3105 3986 cor
3131 3932 3372 3988 hominis
3403 3950 3613 3990 ascen‘

2027 4015 2126 4082 dit,
2172 4034 2193 4067 ι
2222 4025 2278 4071 ιιι
2312 4025 2536 4072 sanctus
2564 4019 2641 4071 ait
2668 4017 2963 4088 Apostolus
2994 4021 3034 4086 ί,
3066 4022 3236 4076 multo
3256 4022 3409 4092 prius
3436 4040 3602 4094 supra

2026 4123 2243 4163 omnem
2277 4110 2662 4179 cogitationem
2703 4112 2949 4166 ferantur
2981 4128 3044 4168 ac
3078 4130 3257 4184 neque
3285 4115 3391 4169 dici
3423 4132 3605 4187 neque

2025 4200 2388 4264 denominari,
2421 4218 2596 4272 neque
2620 4204 2869 4273 intelligi,
2896 4220 2997 4260 nec
3024 4206 3206 4261 animo
3234 4208 3445 4278 concipi
3474 4225 3602 4280 pos-

2025 4289 2156 4349 sint,
2193 4305 2315 4360 quae
2351 4290 2418 4345 ad
2454 4294 2687 4363 primam
2725 4295 2870 4349 unici
2910 4294 3003 4351 Dei
3037 4295 3158 4351 Filii
3194 4301 3598 4369 generationem

2024 4380 2314 4447 pertinent.
2342 4380 2417 4437 De
2439 4399 2549 4453 quo
2578 4400 2708 4440 sane
2733 4386 2869 4440 nihil
2905 4387 3171 4445 habemus
3187 4391 3422 4461 amplius
3452 4392 3600 4463 quod

2023 4468 2272 4527 dicamus
2297 4481 2392 4526 aut
2429 4474 2729 4545 cogitemus
2753 4492 2913 4545 quam
2940 4478 3104 4534 illud:
3135 4500 3153 4532 ι
3179 4479 3597 4539 Generationem

354 4584 685 4655 συνυπάρχει
712 4582 790 4654 τῷ
816 4584 1009 4655 Πατρὶ,
1038 4583 1151 4638 ἀλλ’
1178 4585 1254 4647 ὡς
1290 4581 1580 4655 μονογενὴς
1603 4580 1733 4644 Υἱὸς
1764 4581 1919 4650 μόνος

2031 4560 2142 4631 ejus
2160 4562 2321 4632 215
2342 4566 2467 4633 quis
2486 4567 2802 4622 enarrabit?
2823 4587 2842 4620 ι
2866 4567 3021 4635 Quod
3038 4570 3082 4623 si
3104 4571 3230 4640 quis
3245 4571 3347 4627 hoc
3371 4573 3601 4629 ulterius

352 4674 457 4747 πρὸ
481 4676 695 4730 πάντων
722 4673 825 4727 τῶν
840 4672 1049 4728 αίώνων
1074 4675 1138 4728 ὲκ
1153 4674 1246 4729 τοῦ
1264 4673 1474 4744 [ἰατρὸς
1505 4670 1916 4741 γεγεννημένοςο

348 4765 386 4836 ἦ
411 4783 470 4820 τε
495 4765 710 4829 εὐωδία,
734 4766 1074 4837 ἀπορροήτις
1105 4761 1240 4819 οὖσα
1268 4762 1552 4834 σωματικὴ
1584 4761 1677 4815 τοῦ
1699 4762 1920 4814 ὑποκει-

354 4857 537 4929 μένου,
574 4859 692 4913 καθ’
722 4859 917 4932 ἑαυτὴν
948 4858 1103 4921 ἐκτὸς
1131 4856 1225 4909 τοῦ
1250 4854 1464 4928 πρώτου
1487 4853 1659 4908 αἰτίου
1691 4852 1753 4906 rb
1780 4851 1919 4923 πλη-

352 4948 536 5014 σιάζον
569 4950 869 5022 πληροῦσα,
907 4949 1061 5004 οὐδὲν
1099 4943 1261 5020 ἦττον
1306 4945 1591 5016 σωματικὴ
1650 4938 1783 4998 οὐσα
1826 4942 1921 4997 καὶ

349 5043 488 5115 αὑτὴ
512 5044 786 5116 τυγχάνει.
813 5044 886 5097 Οὑ
914 5041 1085 5113 ταύτῃ
1102 5036 1193 5095 οῦν
1214 5043 1345 5112 ἡμῖν
1374 5038 1695 5109 νοηθήσεται
1728 5037 1822 5090 καὶ
1852 5036 1922 5089 τά

351 5135 481 5207 περὶ
528 5134 630 5206 τῆς
686 5133 910 5205 πρώτης
975 5131 1280 5194 οὐσιώσεως
1331 5128 1426 5183 τοῦ
1452 5127 1700 5197 Σωτῆρος
1740 5124 1916 5196 ἡμῶν.

351 5224 487 5280 οὐδὲ
518 5223 626 5296 γὰρ
657 5221 718 5288 ἐξ
763 5223 950 5285 οὐσίας
981 5222 1079 5293 τῆς
1111 5221 1403 5290 ἀγεννήτου
1435 5216 1575 5271 κατά
1598 5233 1651 5269 τι
1681 5213 1849 5277 πάθος
1884 5213 1917 5284 ἢ

348 5316 609 5388 διαίρεσιν
634 5314 982 5384 οὐσιωρένος,
1016 5312 1135 5366 οὐδέ
1167 5329 1229 5381 γε
1264 5312 1513 5383 ἀνάρχως
1550 5307 1919 5377 συνυφέστηκε

349 5406 428 5478 τῷ
452 5407 627 5479 Πατρί
646 5423 660 5437 ’
690 5405 811 5459 ἐπεὶ
836 5407 864 5457 ὁ
895 5406 991 5475 μὲν
1021 5402 1334 5473 ἀγέννητος,
1369 5404 1398 5454 ὁ
1428 5401 1486 5454 δὲ
1510 5398 1764 5470 γεννητός
1782 5414 1796 5427 ·
1825 5397 1919 5451 καὶ

351 5501 379 5550 b
403 5500 500 5569 μὲν
528 5497 737 5571 Πατὴρ,
784 5500 812 5551 ὁ
848 5496 905 5549 δὲ
936 5495 1081 5559 Υἱός.
1137 5494 1519 5566 Προῦπάρχειν
1552 5492 1610 5546 δὲ
1650 5493 1744 5545 καὶ
1780 5507 1918 5563 προ-

355 5590 646 5656 ϋφεστάναι
680 5588 895 5659 Πατέρα
918 5585 1047 5639 Υίοῦ
1065 5626 1079 5651 ,
1109 5587 1218 5648 πᾶς
1246 5583 1493 5637 ὁστισοῦν
1513 5581 1913 5655 ὁμολογήσειεν.

354 5675 455 5748 Είη
481 5677 524 5730 δ’
553 5680 617 5732 ἂν
648 5677 821 5749 ταύτῃ
852 5676 943 5731 καὶ
968 5674 1128 5730 εἰκὼν
1162 5673 1318 5741 Θεοῦ,
1351 5673 1605 5744 ἀρρήτως
1635 5671 1794 5727 πάλιν
1826 5672 1917 5727 καὶ

427 5855 472 5888 "
505 5852 608 5910 lsa.
640 5868 760 5921 vui,
789 5853 839 5909 8.
917 5858 934 5888 ³
961 5852 1128 5912 lCor.
1150 5866 1211 5916 ιι,
1243 5848 1296 5904 9.

2021 4657 2380 4725 progrediens
2428 4673 2495 4712 eo
2549 4660 2884 4728 provehatur
2911 4662 3175 4728 audaciae,
3208 4670 3269 4718 ut
3299 4680 3421 4734 qua:
3447 4666 3599 4719 nulla

2022 4763 2254 4818 prorsus
2286 4749 2644 4820 intelligentia
2666 4753 3057 4822 comprehendi
3087 4762 3341 4825 possunt,
3370 4770 3434 4809 ea
3463 4757 3599 4812 visi~

2022 4840 2227 4896 bilibus
2274 4851 2329 4896 et
2382 4843 2667 4912 corporeis
2710 4845 2975 4915 exemplis
3020 4847 3309 4910 assimilet,
3364 4844 3593 4902 forsitan

2022 4932 2189 4997 dicat,
2226 4934 2449 5005 ingenui
2487 4934 2666 4991 Patris
2705 4945 2914 4992 naturae
2963 4946 3127 5009 atque
3186 4937 3477 4993 ineli'abilis
3504 4953 3593 4994 es-

2022 5027 2229 5092 sentire,
2255 5028 2413 5098 quasi
2439 5026 2795 5099 fragrantiam
2814 5031 3130 5100 quamdam,
3152 5046 3217 5085 ac
3248 5031 3389 5086 lucis
3410 5031 3594 5101 splen-

2021 5119 2229 5183 dorem,
2265 5120 2443 5191 ipsum
2480 5121 2672 5176 Filium
2700 5138 2767 5177 ex
2792 5122 3021 5179 inﬁnitis
3051 5123 3288 5186 saeculis,
3324 5136 3387 5176 ac
3412 5122 3595 5192 potius

2021 5217 2150 5264 ante
2176 5213 2360 5266 omnia
2392 5213 2595 5267 saecula
2628 5213 2943 5280 exstitisse;
2975 5213 3217 5282 dumque
3250 5213 3465 5268 exsistit
3515 5213 3594 5268 si-

2021 5304 2133 5357 mul
2165 5319 2308 5369 esse,
2352 5319 2530 5375 neque
2557 5303 2771 5358 Patrem
2813 5320 3054 5375 unquam
3088 5303 3414 5374 relinquere,
3450 5306 3594 5359 sicut

2019 5410 2122 5449 nec
2151 5403 2486 5465 unguentum
2547 5396 2722 5449 bonus
2757 5395 2929 5460 odor,
2963 5410 3064 5451 nec
3114 5394 3288 5449 lucem
3335 5396 3593 5464 splendor

2019 5490 2278 5559 relinquit
2299 5506 2313 5555 ;
2332 5505 2530 5545 verum
2548 5487 2795 5556 exempla
2825 5487 2941 5542 haec
2973 5503 3081 5542 non
3106 5487 3421 5542 omnimodo
3449 5489 3592 5543 inte-

2018 5596 2170 5651 gram
2196 5590 2456 5652 praestant
2485 5577 2921 5644 similitudinem,
2953 5581 3047 5637 sed
3066 5580 3339 5651 quomodo
3362 5581 3474 5650 jam
3492 5597 3592 5634 an-

2019 5678 2105 5728 tea
2134 5673 2341 5728 dictum
2373 5681 2452 5727 est
2483 5688 2498 5726 :
2538 5681 2663 5724 nam
2688 5678 2923 5734 corpora
2958 5670 3253 5727 inauimata
3288 5670 3464 5740 ipsum
3497 5682 3595 5724 ao-
