  <div class='ocr_page' id='page_1' title='image "/cluster/home/n/w/nwhite01/storage/ocr_20150623/22:no.4/coo.31924054873025/191.png"; bbox 0 0 4110 6436; ppageno 0'>
   <div class='ocr_carea' id='block_1_1' title="bbox 469 366 577 425">
    <p class='ocr_par' dir='ltr' id='par_1_1' title="bbox 469 366 577 425">
     <span class='ocr_line' id='line_1_1' title="bbox 469 366 577 425; baseline 0.019 -2"><span class='ocrx_word' id='word_1_1' title='bbox 469 366 577 425; x_wconf 75' lang='lat'><strong>355</strong></span> 
     </span>
    </p>
   </div>
   <div class='ocr_carea' id='block_1_2' title="bbox 1111 370 3081 433">
    <p class='ocr_par' dir='ltr' id='par_1_2' title="bbox 1111 370 3081 433">
     <span class='ocr_line' id='line_1_2' title="bbox 1111 370 3081 433; baseline 0.001 -6"><span class='ocrx_word' id='word_1_2' title='bbox 1111 371 1381 428; x_wconf 81' lang='lat' dir='ltr'><strong>EUSEBII</strong></span> <span class='ocrx_word' id='word_1_3' title='bbox 1417 372 1904 429; x_wconf 64' lang='lat' dir='ltr'><strong>CESARIENSIS</strong></span> <span class='ocrx_word' id='word_1_4' title='bbox 1943 370 2094 427; x_wconf 85' lang='lat' dir='ltr'><strong>OPP.</strong></span> <span class='ocrx_word' id='word_1_5' title='bbox 2131 371 2331 430; x_wconf 74' lang='lat' dir='ltr'><strong>PARS.</strong></span> <span class='ocrx_word' id='word_1_6' title='bbox 2374 374 2439 430; x_wconf 90' lang='grc'><strong>11.</strong></span> <span class='ocrx_word' id='word_1_7' title='bbox 2478 405 2547 415; x_wconf 88' lang='grc'><strong>-</strong></span> <span class='ocrx_word' id='word_1_8' title='bbox 2580 373 3081 433; x_wconf 76' lang='lat' dir='ltr'><strong>APOLOGETICA.</strong></span> 
     </span>
    </p>
   </div>
   <div class='ocr_carea' id='block_1_3' title="bbox 3613 376 3716 435">
    <p class='ocr_par' dir='ltr' id='par_1_3' title="bbox 3613 376 3716 435">
     <span class='ocr_line' id='line_1_3' title="bbox 3613 376 3716 435; baseline -0.01 0"><span class='ocrx_word' id='word_1_9' title='bbox 3613 376 3716 435; x_wconf 73' lang='lat'><strong>356</strong></span> 
     </span>
    </p>
   </div>
   <div class='ocr_carea' id='block_1_4' title="bbox 465 486 2017 565">
    <p class='ocr_par' dir='ltr' id='par_1_4' title="bbox 465 486 2017 561">
     <span class='ocr_line' id='line_1_4' title="bbox 465 486 2017 561; baseline 0.002 -19"><span class='ocrx_word' id='word_1_10' title='bbox 465 486 659 543; x_wconf 89' lang='lat' dir='ltr'><strong>cidens</strong></span> <span class='ocrx_word' id='word_1_11' title='bbox 690 488 1119 557; x_wconf 90' lang='lat' dir='ltr'><strong>inqualitatihus</strong></span> <span class='ocrx_word' id='word_1_12' title='bbox 1150 491 1417 559; x_wconf 90' lang='lat' dir='ltr'><strong>retinent;</strong></span> <span class='ocrx_word' id='word_1_13' title='bbox 1450 492 1708 561; x_wconf 78' lang='lat' dir='ltr'><strong>splendor</strong></span> <span class='ocrx_word' id='word_1_14' title='bbox 1733 493 2017 555; x_wconf 88' lang='lat' dir='ltr'><strong>enim,cun</strong></span> 
     </span>
    </p>
   </div>
   <div class='ocr_carea' id='block_1_5' title="bbox 2117 486 3718 565">
    <p class='ocr_par' dir='ltr' id='par_1_5' title="bbox 2117 491 3718 565">
     <span class='ocr_line' id='line_1_5' title="bbox 2117 491 3718 565; baseline 0.002 -19"><span class='ocrx_word' id='word_1_15' title='bbox 2117 541 2119 546; x_wconf 92' lang='lat'><strong>.</strong></span> <span class='ocrx_word' id='word_1_16' title='bbox 2146 491 2566 560; x_wconf 82' lang='grc' dir='ltr'>ἀνεπιλογίστως</span> <span class='ocrx_word' id='word_1_17' title='bbox 2604 495 2755 565; x_wconf 83' lang='grc' dir='ltr'>ἡμῖν,</span> <span class='ocrx_word' id='word_1_18' title='bbox 2786 493 2984 559; x_wconf 83' lang='grc' dir='ltr'>ζῶντος</span> <span class='ocrx_word' id='word_1_19' title='bbox 3009 493 3144 547; x_wconf 99' lang='grc' dir='ltr'>Θεοῦ</span> <span class='ocrx_word' id='word_1_20' title='bbox 3171 493 3322 560; x_wconf 81' lang='grc' dir='ltr'><strong>ζῶσά</strong></span> <span class='ocrx_word' id='word_1_21' title='bbox 3347 512 3451 559; x_wconf 90' lang='grc' dir='ltr'>τις,</span> <span class='ocrx_word' id='word_1_22' title='bbox 3478 495 3572 548; x_wconf 80' lang='grc' dir='ltr'>καὶ</span> <span class='ocrx_word' id='word_1_23' title='bbox 3596 491 3718 551; x_wconf 82' lang='grc' dir='ltr'>καθ’</span> 
     </span>
    </p>
   </div>
   <div class='ocr_carea' id='block_1_6' title="bbox 468 579 2037 656">
    <p class='ocr_par' dir='ltr' id='par_1_6' title="bbox 468 579 2037 656">
     <span class='ocr_line' id='line_1_6' title="bbox 468 579 2037 656; baseline 0.004 -24"><span class='ocrx_word' id='word_1_24' title='bbox 468 579 644 649; x_wconf 85' lang='lat' dir='ltr'><strong>ipsam</strong></span> <span class='ocrx_word' id='word_1_25' title='bbox 668 582 808 636; x_wconf 91' lang='lat' dir='ltr'><strong>lucis</strong></span> <span class='ocrx_word' id='word_1_26' title='bbox 834 591 1083 636; x_wconf 88' lang='lat' dir='ltr'><strong>naturam</strong></span> <span class='ocrx_word' id='word_1_27' title='bbox 1119 584 1431 649; x_wconf 73' lang='lat' dir='ltr'><strong>comitetur,</strong></span> <span class='ocrx_word' id='word_1_28' title='bbox 1466 601 1568 640; x_wconf 88' lang='lat' dir='ltr'><strong>nec</strong></span> <span class='ocrx_word' id='word_1_29' title='bbox 1596 587 1767 656; x_wconf 87' lang='lat' dir='ltr'><strong>ipsam</strong></span> <span class='ocrx_word' id='word_1_30' title='bbox 1798 601 2037 656; x_wconf 86' lang='lat' dir='ltr'><strong>unquam</strong></span> 
     </span>
    </p>
   </div>
   <div class='ocr_carea' id='block_1_7' title="bbox 464 671 2039 747">
    <p class='ocr_par' dir='ltr' id='par_1_7' title="bbox 464 671 2039 747">
     <span class='ocr_line' id='line_1_7' title="bbox 464 671 2039 747; baseline 0.005 -23"><span class='ocrx_word' id='word_1_31' title='bbox 464 671 608 727; x_wconf 84' lang='lat' dir='ltr'><strong>lucis</strong></span> <span class='ocrx_word' id='word_1_32' title='bbox 635 675 927 728; x_wconf 82' lang='lat' dir='ltr'><strong>essentiam</strong></span> <span class='ocrx_word' id='word_1_33' title='bbox 985 676 1281 744; x_wconf 84' lang='lat' dir='ltr'><strong>relinquat,</strong></span> <span class='ocrx_word' id='word_1_34' title='bbox 1308 684 1466 730; x_wconf 83' lang='lat' dir='ltr'><strong>extra</strong></span> <span class='ocrx_word' id='word_1_35' title='bbox 1494 677 1561 731; x_wconf 91' lang='lat' dir='ltr'><strong>ad</strong></span> <span class='ocrx_word' id='word_1_36' title='bbox 1601 678 1803 747; x_wconf 81' lang='lat' dir='ltr'><strong>ipsum,</strong></span> <span class='ocrx_word' id='word_1_37' title='bbox 1846 678 1899 731; x_wconf 94' lang='lat' dir='ltr'><strong>in</strong></span> <span class='ocrx_word' id='word_1_38' title='bbox 1930 694 2039 747; x_wconf 92' lang='lat' dir='ltr'><strong>quo</strong></span> 
     </span>
    </p>
   </div>
   <div class='ocr_carea' id='block_1_8' title="bbox 462 768 2037 838">
    <p class='ocr_par' dir='ltr' id='par_1_8' title="bbox 462 768 2037 838">
     <span class='ocr_line' id='line_1_8' title="bbox 462 768 2037 838; baseline 0.003 -19"><span class='ocrx_word' id='word_1_39' title='bbox 462 774 566 827; x_wconf 90' lang='lat' dir='ltr'><strong>est,</strong></span> <span class='ocrx_word' id='word_1_40' title='bbox 592 772 740 820; x_wconf 87' lang='lat' dir='ltr'><strong>stare</strong></span> <span class='ocrx_word' id='word_1_41' title='bbox 791 781 899 819; x_wconf 89' lang='lat' dir='ltr'><strong>non</strong></span> <span class='ocrx_word' id='word_1_42' title='bbox 947 774 1127 837; x_wconf 84' lang='lat' dir='ltr'><strong>potest</strong></span> <span class='ocrx_word' id='word_1_43' title='bbox 1156 787 1168 820; x_wconf 91' lang='lat'>:</span> <span class='ocrx_word' id='word_1_44' title='bbox 1205 777 1258 822; x_wconf 90' lang='lat' dir='ltr'><strong>at</strong></span> <span class='ocrx_word' id='word_1_45' title='bbox 1303 783 1431 822; x_wconf 86' lang='lat' dir='ltr'><strong>vero</strong></span> <span class='ocrx_word' id='word_1_46' title='bbox 1458 768 1637 838; x_wconf 83' lang='lat' dir='ltr'><strong>ipsum</strong></span> <span class='ocrx_word' id='word_1_47' title='bbox 1672 768 1765 824; x_wconf 88' lang='lat' dir='ltr'><strong>Dei</strong></span> <span class='ocrx_word' id='word_1_48' title='bbox 1801 768 2037 825; x_wconf 78' lang='lat' dir='ltr'><strong>Verbum</strong></span> 
     </span>
    </p>
   </div>
   <div class='ocr_carea' id='block_1_9' title="bbox 460 856 2038 925">
    <p class='ocr_par' dir='ltr' id='par_1_9' title="bbox 460 856 2038 925">
     <span class='ocr_line' id='line_1_9' title="bbox 460 856 2038 925; baseline 0.007 -19"><span class='ocrx_word' id='word_1_49' title='bbox 460 868 559 923; x_wconf 91' lang='lat' dir='ltr'><strong>per</strong></span> <span class='ocrx_word' id='word_1_50' title='bbox 587 856 825 925; x_wconf 88' lang='lat' dir='ltr'><strong>seipsum</strong></span> <span class='ocrx_word' id='word_1_51' title='bbox 858 863 912 909; x_wconf 79' lang='lat' dir='ltr'><strong>et</strong></span> <span class='ocrx_word' id='word_1_52' title='bbox 959 858 1256 913; x_wconf 85' lang='lat' dir='ltr'><strong>essentiam</strong></span> <span class='ocrx_word' id='word_1_53' title='bbox 1291 860 1503 914; x_wconf 86' lang='lat' dir='ltr'><strong>obtinet</strong></span> <span class='ocrx_word' id='word_1_54' title='bbox 1531 868 1585 915; x_wconf 93' lang='lat' dir='ltr'><strong>et</strong></span> <span class='ocrx_word' id='word_1_55' title='bbox 1629 862 1905 925; x_wconf 85' lang='lat' dir='ltr'><strong>consistit,</strong></span> <span class='ocrx_word' id='word_1_56' title='bbox 1937 878 2038 917; x_wconf 89' lang='lat' dir='ltr'><strong>nec</strong></span> 
     </span>
    </p>
   </div>
   <div class='ocr_carea' id='block_1_10' title="bbox 459 946 2034 1022">
    <p class='ocr_par' dir='ltr' id='par_1_10' title="bbox 459 946 2034 1022">
     <span class='ocr_line' id='line_1_10' title="bbox 459 946 2034 1022; baseline 0.007 -24"><span class='ocrx_word' id='word_1_57' title='bbox 459 946 667 1017; x_wconf 84' lang='lat' dir='ltr'><strong>absque</strong></span> <span class='ocrx_word' id='word_1_58' title='bbox 691 948 947 1018; x_wconf 81' lang='lat' dir='ltr'><strong>gignendi</strong></span> <span class='ocrx_word' id='word_1_59' title='bbox 992 951 1207 1005; x_wconf 82' lang='lat' dir='ltr'><strong>ratione</strong></span> <span class='ocrx_word' id='word_1_60' title='bbox 1236 967 1361 1005; x_wconf 91' lang='lat' dir='ltr'><strong>cum</strong></span> <span class='ocrx_word' id='word_1_61' title='bbox 1411 952 1572 1008; x_wconf 84' lang='lat' dir='ltr'><strong>Patre</strong></span> <span class='ocrx_word' id='word_1_62' title='bbox 1602 955 1817 1009; x_wconf 83' lang='lat' dir='ltr'><strong>exsistit</strong></span> <span class='ocrx_word' id='word_1_63' title='bbox 1849 955 2034 1022; x_wconf 90' lang='lat' dir='ltr'><strong>simul,</strong></span> 
     </span>
    </p>
   </div>
   <div class='ocr_carea' id='block_1_11' title="bbox 458 1039 2035 1114">
    <p class='ocr_par' dir='ltr' id='par_1_11' title="bbox 458 1039 2035 1114">
     <span class='ocr_line' id='line_1_11' title="bbox 458 1039 2035 1114; baseline 0.006 -21"><span class='ocrx_word' id='word_1_64' title='bbox 458 1039 553 1093; x_wconf 91' lang='lat' dir='ltr'><strong>sed</strong></span> <span class='ocrx_word' id='word_1_65' title='bbox 584 1048 841 1110; x_wconf 87' lang='lat' dir='ltr'><strong>tanquam</strong></span> <span class='ocrx_word' id='word_1_66' title='bbox 888 1042 1085 1097; x_wconf 91' lang='lat' dir='ltr'><strong>unicus</strong></span> <span class='ocrx_word' id='word_1_67' title='bbox 1122 1041 1315 1109; x_wconf 86' lang='lat' dir='ltr'><strong>Filius,</strong></span> <span class='ocrx_word' id='word_1_68' title='bbox 1347 1046 1441 1114; x_wconf 89' lang='lat' dir='ltr'><strong>qui</strong></span> <span class='ocrx_word' id='word_1_69' title='bbox 1478 1047 1629 1102; x_wconf 92' lang='lat' dir='ltr'><strong>solus</strong></span> <span class='ocrx_word' id='word_1_70' title='bbox 1677 1054 1803 1101; x_wconf 90' lang='lat' dir='ltr'><strong>ante</strong></span> <span class='ocrx_word' id='word_1_71' title='bbox 1850 1050 2035 1103; x_wconf 84' lang='lat' dir='ltr'><strong>omnia</strong></span> 
     </span>
    </p>
   </div>
   <div class='ocr_carea' id='block_1_12' title="bbox 456 1130 2033 1204">
    <p class='ocr_par' dir='ltr' id='par_1_12' title="bbox 456 1130 2033 1204">
     <span class='ocr_line' id='line_1_12' title="bbox 456 1130 2033 1204; baseline 0.006 -21"><span class='ocrx_word' id='word_1_72' title='bbox 456 1130 653 1184; x_wconf 67' lang='lat' dir='ltr'><strong>saecula</strong></span> <span class='ocrx_word' id='word_1_73' title='bbox 688 1147 751 1186; x_wconf 83' lang='lat' dir='ltr'><strong>ex</strong></span> <span class='ocrx_word' id='word_1_74' title='bbox 783 1132 943 1187; x_wconf 79' lang='lat' dir='ltr'><strong>Patre</strong></span> <span class='ocrx_word' id='word_1_75' title='bbox 969 1135 1039 1188; x_wconf 86' lang='lat' dir='ltr'><strong>sit</strong></span> <span class='ocrx_word' id='word_1_76' title='bbox 1069 1136 1285 1204; x_wconf 90' lang='lat' dir='ltr'><strong>genitus</strong></span> <span class='ocrx_word' id='word_1_77' title='bbox 1315 1154 1327 1189; x_wconf 92' lang='lat'>:</span> <span class='ocrx_word' id='word_1_78' title='bbox 1363 1135 1541 1191; x_wconf 89' lang='lat' dir='ltr'><strong>bonus</strong></span> <span class='ocrx_word' id='word_1_79' title='bbox 1574 1137 1699 1191; x_wconf 89' lang='lat' dir='ltr'><strong>item</strong></span> <span class='ocrx_word' id='word_1_80' title='bbox 1734 1137 1888 1200; x_wconf 83' lang='lat' dir='ltr'><strong>odor,</strong></span> <span class='ocrx_word' id='word_1_81' title='bbox 1908 1153 2033 1191; x_wconf 92' lang='lat' dir='ltr'><strong>eum</strong></span> 
     </span>
    </p>
   </div>
   <div class='ocr_carea' id='block_1_13' title="bbox 455 1223 2033 1300">
    <p class='ocr_par' dir='ltr' id='par_1_13' title="bbox 455 1223 2033 1300">
     <span class='ocr_line' id='line_1_13' title="bbox 455 1223 2033 1300; baseline 0.005 -25"><span class='ocrx_word' id='word_1_82' title='bbox 455 1223 690 1291; x_wconf 72' lang='lat' dir='ltr'><strong>subjecti</strong></span> <span class='ocrx_word' id='word_1_83' title='bbox 717 1225 969 1295; x_wconf 88' lang='lat' dir='ltr'><strong>corporis</strong></span> <span class='ocrx_word' id='word_1_84' title='bbox 1008 1227 1282 1281; x_wconf 88' lang='lat' dir='ltr'><strong>emanatio</strong></span> <span class='ocrx_word' id='word_1_85' title='bbox 1314 1228 1563 1298; x_wconf 62' lang='lat' dir='ltr'><strong>quaedam</strong></span> <span class='ocrx_word' id='word_1_86' title='bbox 1611 1231 1700 1294; x_wconf 88' lang='lat' dir='ltr'><strong>sit,</strong></span> <span class='ocrx_word' id='word_1_87' title='bbox 1735 1229 1852 1299; x_wconf 89' lang='lat' dir='ltr'><strong>ipsa</strong></span> <span class='ocrx_word' id='word_1_88' title='bbox 1895 1245 2033 1300; x_wconf 90' lang='lat' dir='ltr'><strong>quo-</strong></span> 
     </span>
    </p>
   </div>
   <div class='ocr_carea' id='block_1_14' title="bbox 452 1321 2034 1394">
    <p class='ocr_par' dir='ltr' id='par_1_14' title="bbox 452 1321 2034 1394">
     <span class='ocr_line' id='line_1_14' title="bbox 452 1321 2034 1394; baseline 0.006 -24"><span class='ocrx_word' id='word_1_89' title='bbox 452 1332 558 1385; x_wconf 88' lang='lat' dir='ltr'><strong>que</strong></span> <span class='ocrx_word' id='word_1_90' title='bbox 589 1332 878 1387; x_wconf 84' lang='lat' dir='ltr'><strong>corporea,</strong></span> <span class='ocrx_word' id='word_1_91' title='bbox 912 1334 1091 1389; x_wconf 90' lang='lat' dir='ltr'><strong>neque</strong></span> <span class='ocrx_word' id='word_1_92' title='bbox 1119 1321 1350 1375; x_wconf 89' lang='lat' dir='ltr'><strong>seorsim</strong></span> <span class='ocrx_word' id='word_1_93' title='bbox 1405 1336 1436 1374; x_wconf 88' lang='lat' dir='ltr'><strong>a</strong></span> <span class='ocrx_word' id='word_1_94' title='bbox 1493 1322 1667 1391; x_wconf 88' lang='lat' dir='ltr'><strong>prima</strong></span> <span class='ocrx_word' id='word_1_95' title='bbox 1716 1337 1883 1378; x_wconf 88' lang='lat' dir='ltr'><strong>causa</strong></span> <span class='ocrx_word' id='word_1_96' title='bbox 1939 1340 2034 1394; x_wconf 91' lang='lat' dir='ltr'><strong>per</strong></span> 
     </span>
    </p>
   </div>
   <div class='ocr_carea' id='block_1_15' title="bbox 453 1408 2033 1483">
    <p class='ocr_par' dir='ltr' id='par_1_15' title="bbox 453 1408 2033 1483">
     <span class='ocr_line' id='line_1_15' title="bbox 453 1408 2033 1483; baseline 0.006 -21"><span class='ocrx_word' id='word_1_97' title='bbox 453 1408 691 1476; x_wconf 88' lang='lat' dir='ltr'><strong>seipsum</strong></span> <span class='ocrx_word' id='word_1_98' title='bbox 712 1409 931 1478; x_wconf 84' lang='lat' dir='ltr'><strong>impleat</strong></span> <span class='ocrx_word' id='word_1_99' title='bbox 958 1411 1033 1473; x_wconf 91' lang='lat' dir='ltr'><strong>id,</strong></span> <span class='ocrx_word' id='word_1_100' title='bbox 1060 1412 1206 1480; x_wconf 90' lang='lat' dir='ltr'><strong>quod</strong></span> <span class='ocrx_word' id='word_1_101' title='bbox 1234 1412 1337 1481; x_wconf 90' lang='lat' dir='ltr'><strong>ipsi</strong></span> <span class='ocrx_word' id='word_1_102' title='bbox 1368 1414 1676 1483; x_wconf 80' lang='lat' dir='ltr'><strong>proximum</strong></span> <span class='ocrx_word' id='word_1_103' title='bbox 1701 1423 1805 1482; x_wconf 89' lang='lat' dir='ltr'><strong>est,</strong></span> <span class='ocrx_word' id='word_1_104' title='bbox 1832 1416 2033 1471; x_wconf 79' lang='lat' dir='ltr'><strong>nihilo-</strong></span> 
     </span>
    </p>
   </div>
   <div class='ocr_carea' id='block_1_16' title="bbox 450 1500 2026 1575">
    <p class='ocr_par' dir='ltr' id='par_1_16' title="bbox 450 1500 2026 1575">
     <span class='ocr_line' id='line_1_16' title="bbox 450 1500 2026 1575; baseline 0.004 -22"><span class='ocrx_word' id='word_1_105' title='bbox 450 1500 636 1557; x_wconf 89' lang='lat' dir='ltr'><strong>minus</strong></span> <span class='ocrx_word' id='word_1_106' title='bbox 670 1501 835 1555; x_wconf 89' lang='lat' dir='ltr'><strong>etiam</strong></span> <span class='ocrx_word' id='word_1_107' title='bbox 869 1502 987 1572; x_wconf 89' lang='lat' dir='ltr'><strong>ipse</strong></span> <span class='ocrx_word' id='word_1_108' title='bbox 1025 1519 1055 1556; x_wconf 91' lang='lat' dir='ltr'><strong>a</strong></span> <span class='ocrx_word' id='word_1_109' title='bbox 1092 1511 1287 1558; x_wconf 89' lang='lat' dir='ltr'><strong>natura</strong></span> <span class='ocrx_word' id='word_1_110' title='bbox 1325 1519 1591 1575; x_wconf 87' lang='lat' dir='ltr'><strong>corporea</strong></span> <span class='ocrx_word' id='word_1_111' title='bbox 1647 1521 1757 1560; x_wconf 93' lang='lat' dir='ltr'><strong>non</strong></span> <span class='ocrx_word' id='word_1_112' title='bbox 1801 1508 2026 1561; x_wconf 89' lang='lat' dir='ltr'><strong>recedit.</strong></span> 
     </span>
    </p>
   </div>
   <div class='ocr_carea' id='block_1_17' title="bbox 449 1592 2030 1670">
    <p class='ocr_par' dir='ltr' id='par_1_17' title="bbox 449 1592 2030 1670">
     <span class='ocr_line' id='line_1_17' title="bbox 449 1592 2030 1670; baseline 0.008 -25"><span class='ocrx_word' id='word_1_113' title='bbox 449 1592 567 1648; x_wconf 87' lang='lat' dir='ltr'><strong>Non</strong></span> <span class='ocrx_word' id='word_1_114' title='bbox 598 1595 679 1650; x_wconf 89' lang='lat' dir='ltr'><strong>sic</strong></span> <span class='ocrx_word' id='word_1_115' title='bbox 711 1596 877 1665; x_wconf 79' lang='lat' dir='ltr'><strong>igitur</strong></span> <span class='ocrx_word' id='word_1_116' title='bbox 906 1612 936 1649; x_wconf 91' lang='lat' dir='ltr'><strong>a</strong></span> <span class='ocrx_word' id='word_1_117' title='bbox 972 1598 1130 1651; x_wconf 85' lang='lat' dir='ltr'><strong>nobis</strong></span> <span class='ocrx_word' id='word_1_118' title='bbox 1158 1614 1219 1653; x_wconf 90' lang='lat' dir='ltr'><strong>ea</strong></span> <span class='ocrx_word' id='word_1_119' title='bbox 1263 1615 1385 1669; x_wconf 70' lang='lat' dir='ltr'><strong>qua:</strong></span> <span class='ocrx_word' id='word_1_120' title='bbox 1424 1600 1487 1653; x_wconf 86' lang='lat' dir='ltr'><strong>ad</strong></span> <span class='ocrx_word' id='word_1_121' title='bbox 1520 1601 1752 1670; x_wconf 89' lang='lat' dir='ltr'><strong>primam</strong></span> <span class='ocrx_word' id='word_1_122' title='bbox 1783 1599 2030 1657; x_wconf 81' lang='lat' dir='ltr'><strong>Salvato-</strong></span> 
     </span>
    </p>
   </div>
   <div class='ocr_carea' id='block_1_18' title="bbox 449 1686 2026 1763">
    <p class='ocr_par' dir='ltr' id='par_1_18' title="bbox 449 1686 2026 1763">
     <span class='ocr_line' id='line_1_18' title="bbox 449 1686 2026 1763; baseline 0.006 -26"><span class='ocrx_word' id='word_1_123' title='bbox 449 1686 527 1741; x_wconf 89' lang='lat' dir='ltr'><strong>ris</strong></span> <span class='ocrx_word' id='word_1_124' title='bbox 580 1688 754 1742; x_wconf 85' lang='lat' dir='ltr'><strong>nostri</strong></span> <span class='ocrx_word' id='word_1_125' title='bbox 821 1690 1267 1759; x_wconf 87' lang='lat' dir='ltr'><strong>propagationcm</strong></span> <span class='ocrx_word' id='word_1_126' title='bbox 1317 1690 1623 1760; x_wconf 86' lang='lat' dir='ltr'><strong>pertinent,</strong></span> <span class='ocrx_word' id='word_1_127' title='bbox 1678 1692 2026 1763; x_wconf 87' lang='lat' dir='ltr'><strong>intelligenda</strong></span> 
     </span>
    </p>
   </div>
   <div class='ocr_carea' id='block_1_19' title="bbox 447 1783 2024 1855">
    <p class='ocr_par' dir='ltr' id='par_1_19' title="bbox 447 1783 2024 1855">
     <span class='ocr_line' id='line_1_19' title="bbox 447 1783 2024 1855; baseline 0.004 -23"><span class='ocrx_word' id='word_1_128' title='bbox 447 1787 617 1846; x_wconf 89' lang='lat' dir='ltr'><strong>sunt;</strong></span> <span class='ocrx_word' id='word_1_129' title='bbox 659 1796 837 1850; x_wconf 90' lang='lat' dir='ltr'><strong>neque</strong></span> <span class='ocrx_word' id='word_1_130' title='bbox 854 1783 1000 1836; x_wconf 90' lang='lat' dir='ltr'><strong>enim</strong></span> <span class='ocrx_word' id='word_1_131' title='bbox 1032 1798 1099 1837; x_wconf 76' lang='lat' dir='ltr'><strong>ex</strong></span> <span class='ocrx_word' id='word_1_132' title='bbox 1132 1790 1329 1836; x_wconf 89' lang='lat' dir='ltr'><strong>natura</strong></span> <span class='ocrx_word' id='word_1_133' title='bbox 1356 1783 1478 1852; x_wconf 87' lang='lat' dir='ltr'><strong>ejus</strong></span> <span class='ocrx_word' id='word_1_134' title='bbox 1497 1785 1590 1853; x_wconf 89' lang='lat' dir='ltr'><strong>qui</strong></span> <span class='ocrx_word' id='word_1_135' title='bbox 1623 1784 1895 1855; x_wconf 88' lang='lat' dir='ltr'><strong>ingenitus</strong></span> <span class='ocrx_word' id='word_1_136' title='bbox 1918 1793 2024 1850; x_wconf 88' lang='lat' dir='ltr'><strong>est,</strong></span> 
     </span>
    </p>
   </div>
   <div class='ocr_carea' id='block_1_20' title="bbox 2145 584 3719 661">
    <p class='ocr_par' dir='ltr' id='par_1_20' title="bbox 2145 584 3719 661">
     <span class='ocr_line' id='line_1_20' title="bbox 2145 584 3719 661; baseline 0.006 -25"><span class='ocrx_word' id='word_1_137' title='bbox 2145 584 2313 655; x_wconf 80' lang='grc' dir='ltr'>αὐτὴν</span> <span class='ocrx_word' id='word_1_138' title='bbox 2365 587 2652 656; x_wconf 82' lang='grc' dir='ltr'>ὑφεστῶσα</span> <span class='ocrx_word' id='word_1_139' title='bbox 2711 588 2908 653; x_wconf 86' lang='grc' dir='ltr'>ἀΰλως,</span> <span class='ocrx_word' id='word_1_140' title='bbox 2962 589 3057 642; x_wconf 69' lang='grc' dir='ltr'><strong>καὶ</strong></span> <span class='ocrx_word' id='word_1_141' title='bbox 3093 589 3422 661; x_wconf 83' lang='grc' dir='ltr'>ἀσωμάτως,</span> <span class='ocrx_word' id='word_1_142' title='bbox 3477 591 3572 645; x_wconf 72' lang='grc' dir='ltr'>καὶ</span> <span class='ocrx_word' id='word_1_143' title='bbox 3622 589 3719 646; x_wconf 89' lang='grc' dir='ltr'><strong>τοῦ</strong></span> 
     </span>
    </p>
   </div>
   <div class='ocr_carea' id='block_1_21' title="bbox 2145 679 3717 757">
    <p class='ocr_par' dir='ltr' id='par_1_21' title="bbox 2145 679 3717 757">
     <span class='ocr_line' id='line_1_21' title="bbox 2145 679 3717 757; baseline 0.005 -27"><span class='ocrx_word' id='word_1_144' title='bbox 2145 679 2388 732; x_wconf 74' lang='grc' dir='ltr'><strong>ἐναντίου</strong></span> <span class='ocrx_word' id='word_1_145' title='bbox 2424 681 2623 746; x_wconf 86' lang='grc' dir='ltr'>παντὸς</span> <span class='ocrx_word' id='word_1_146' title='bbox 2672 682 2908 753; x_wconf 86' lang='grc' dir='ltr'>ἀμιγῶς,</span> <span class='ocrx_word' id='word_1_147' title='bbox 2944 681 3058 735; x_wconf 75' lang='grc' dir='ltr'>ἀλλ’</span> <span class='ocrx_word' id='word_1_148' title='bbox 3084 683 3182 753; x_wconf 86' lang='grc' dir='ltr'><strong>οὐχ</strong></span> <span class='ocrx_word' id='word_1_149' title='bbox 3216 684 3304 737; x_wconf 78' lang='grc' dir='ltr'>οἵα</span> <span class='ocrx_word' id='word_1_150' title='bbox 3335 700 3416 748; x_wconf 90' lang='grc' dir='ltr'><strong>τις</strong></span> <span class='ocrx_word' id='word_1_151' title='bbox 3465 684 3626 738; x_wconf 82' lang='grc' dir='ltr'>πάλιν</span> <span class='ocrx_word' id='word_1_152' title='bbox 3682 686 3717 757; x_wconf 73' lang='grc' dir='ltr'><strong>ἡ</strong></span> 
     </span>
    </p>
   </div>
   <div class='ocr_carea' id='block_1_22' title="bbox 2145 773 3716 846">
    <p class='ocr_par' dir='ltr' id='par_1_22' title="bbox 2145 773 3716 846">
     <span class='ocr_line' id='line_1_22' title="bbox 2145 773 3716 846; baseline 0.006 -23"><span class='ocrx_word' id='word_1_153' title='bbox 2145 773 2274 843; x_wconf 86' lang='grc' dir='ltr'>παρ’</span> <span class='ocrx_word' id='word_1_154' title='bbox 2309 773 2439 843; x_wconf 79' lang='grc' dir='ltr'>ἡμῖν</span> <span class='ocrx_word' id='word_1_155' title='bbox 2491 775 2675 839; x_wconf 77' lang='grc' dir='ltr'>εἰκὼν,</span> <span class='ocrx_word' id='word_1_156' title='bbox 2712 774 2897 845; x_wconf 81' lang='grc' dir='ltr'>ἓτερον</span> <span class='ocrx_word' id='word_1_157' title='bbox 2929 774 3026 845; x_wconf 80' lang='grc' dir='ltr'><strong>μὲν</strong></span> <span class='ocrx_word' id='word_1_158' title='bbox 3056 774 3253 846; x_wconf 77' lang='grc' dir='ltr'>ἔχουσα</span> <span class='ocrx_word' id='word_1_159' title='bbox 3273 776 3334 829; x_wconf 79' lang='grc' dir='ltr'>τὸ</span> <span class='ocrx_word' id='word_1_160' title='bbox 3359 779 3479 830; x_wconf 79' lang='grc' dir='ltr'>κατ’</span> <span class='ocrx_word' id='word_1_161' title='bbox 3528 777 3716 834; x_wconf 88' lang='grc' dir='ltr'>οὐσίαν</span> 
     </span>
    </p>
   </div>
   <div class='ocr_carea' id='block_1_23' title="bbox 2145 862 3715 937">
    <p class='ocr_par' dir='ltr' id='par_1_23' title="bbox 2145 862 3715 937">
     <span class='ocr_line' id='line_1_23' title="bbox 2145 862 3715 937; baseline 0.004 -22"><span class='ocrx_word' id='word_1_162' title='bbox 2145 864 2521 934; x_wconf 82' lang='grc' dir='ltr'>ὑποκείμενον,</span> <span class='ocrx_word' id='word_1_163' title='bbox 2549 866 2737 937; x_wconf 73' lang='grc' dir='ltr'>ἕτερον</span> <span class='ocrx_word' id='word_1_164' title='bbox 2769 866 2825 919; x_wconf 79' lang='grc' dir='ltr'>δὲ</span> <span class='ocrx_word' id='word_1_165' title='bbox 2853 867 2914 919; x_wconf 80' lang='grc' dir='ltr'>τὺ</span> <span class='ocrx_word' id='word_1_166' title='bbox 2926 862 3087 930; x_wconf 83' lang='grc' dir='ltr'>εἶδος,</span> <span class='ocrx_word' id='word_1_167' title='bbox 3124 866 3239 919; x_wconf 80' lang='grc' dir='ltr'>ἀλλ’</span> <span class='ocrx_word' id='word_1_168' title='bbox 3252 866 3371 921; x_wconf 84' lang='grc' dir='ltr'>ὅλον</span> <span class='ocrx_word' id='word_1_169' title='bbox 3399 866 3552 934; x_wconf 82' lang='grc' dir='ltr'>αὐτὸ,</span> <span class='ocrx_word' id='word_1_170' title='bbox 3576 864 3715 933; x_wconf 78' lang='grc' dir='ltr'>εἶδος</span> 
     </span>
    </p>
   </div>
   <div class='ocr_carea' id='block_1_24' title="bbox 2142 953 3714 1030">
    <p class='ocr_par' dir='ltr' id='par_1_24' title="bbox 2142 953 3714 1030">
     <span class='ocr_line' id='line_1_24' title="bbox 2142 953 3714 1030; baseline 0.004 -24"><span class='ocrx_word' id='word_1_171' title='bbox 2142 953 2238 1019; x_wconf 80' lang='grc' dir='ltr'><strong>ὢν,</strong></span> <span class='ocrx_word' id='word_1_172' title='bbox 2274 957 2367 1010; x_wconf 77' lang='grc' dir='ltr'><strong>καὶ</strong></span> <span class='ocrx_word' id='word_1_173' title='bbox 2427 958 2714 1030; x_wconf 57' lang='grc' dir='ltr'>αὐτοουσίςι</span> <span class='ocrx_word' id='word_1_174' title='bbox 2742 958 2821 1030; x_wconf 83' lang='grc' dir='ltr'>τῷ</span> <span class='ocrx_word' id='word_1_175' title='bbox 2856 958 3032 1029; x_wconf 78' lang='grc' dir='ltr'>Πατρὶ</span> <span class='ocrx_word' id='word_1_176' title='bbox 3070 958 3515 1029; x_wconf 79' lang='grc' dir='ltr'>ἀφομοιούμενος.</span> <span class='ocrx_word' id='word_1_177' title='bbox 3557 956 3714 1012; x_wconf 85' lang='grc' dir='ltr'>Οῦτω</span> 
     </span>
    </p>
   </div>
   <div class='ocr_carea' id='block_1_25' title="bbox 2140 1045 3710 1120">
    <p class='ocr_par' dir='ltr' id='par_1_25' title="bbox 2140 1045 3710 1120">
     <span class='ocr_line' id='line_1_25' title="bbox 2140 1045 3710 1120; baseline 0.004 -23"><span class='ocrx_word' id='word_1_178' title='bbox 2140 1045 2198 1098; x_wconf 81' lang='grc' dir='ltr'>δὲ</span> <span class='ocrx_word' id='word_1_179' title='bbox 2249 1047 2342 1100; x_wconf 78' lang='grc' dir='ltr'><strong>καὶ</strong></span> <span class='ocrx_word' id='word_1_180' title='bbox 2394 1047 2743 1119; x_wconf 76' lang='grc' dir='ltr'>ζωτικωτάτη</span> <span class='ocrx_word' id='word_1_181' title='bbox 2792 1048 2886 1103; x_wconf 89' lang='grc' dir='ltr'><strong>τοῦ</strong></span> <span class='ocrx_word' id='word_1_182' title='bbox 2938 1048 3148 1120; x_wconf 84' lang='grc' dir='ltr'>Πατρδς</span> <span class='ocrx_word' id='word_1_183' title='bbox 3206 1048 3402 1102; x_wconf 80' lang='grc' dir='ltr'><strong>εὐωδία</strong></span> <span class='ocrx_word' id='word_1_184' title='bbox 3435 1048 3710 1120; x_wconf 75' lang='grc' dir='ltr'><strong>τυγχάνει,</strong></span> 
     </span>
    </p>
   </div>
   <div class='ocr_carea' id='block_1_26' title="bbox 2140 1133 3711 1209">
    <p class='ocr_par' dir='ltr' id='par_1_26' title="bbox 2140 1133 3711 1209">
     <span class='ocr_line' id='line_1_26' title="bbox 2140 1133 3711 1209; baseline -0.003 -19"><span class='ocrx_word' id='word_1_185' title='bbox 2140 1138 2392 1209; x_wconf 75' lang='grc' dir='ltr'>ἀρρήτως</span> <span class='ocrx_word' id='word_1_186' title='bbox 2424 1139 2555 1208; x_wconf 75' lang='grc' dir='ltr'>ἡμῖν</span> <span class='ocrx_word' id='word_1_187' title='bbox 2605 1137 2765 1191; x_wconf 85' lang='grc' dir='ltr'>πάλιν</span> <span class='ocrx_word' id='word_1_188' title='bbox 2797 1137 2891 1190; x_wconf 68' lang='grc' dir='ltr'><strong>καὶ</strong></span> <span class='ocrx_word' id='word_1_189' title='bbox 2949 1134 3403 1204; x_wconf 87' lang='grc' dir='ltr'>ἀνεπιλογίστως·</span> <span class='ocrx_word' id='word_1_190' title='bbox 3449 1134 3573 1187; x_wconf 74' lang='grc' dir='ltr'>ἐπεὶ</span> <span class='ocrx_word' id='word_1_191' title='bbox 3615 1133 3711 1188; x_wconf 71' lang='lat' dir='ltr'><strong>xui.</strong></span> 
     </span>
    </p>
   </div>
   <div class='ocr_carea' id='block_1_27' title="bbox 2140 1224 3709 1299">
    <p class='ocr_par' dir='ltr' id='par_1_27' title="bbox 2140 1224 3709 1299">
     <span class='ocr_line' id='line_1_27' title="bbox 2140 1224 3709 1299; baseline -0.003 -18"><span class='ocrx_word' id='word_1_192' title='bbox 2140 1229 2316 1281; x_wconf 78' lang='grc' dir='ltr'>πάντα</span> <span class='ocrx_word' id='word_1_193' title='bbox 2347 1229 2447 1281; x_wconf 85' lang='grc' dir='ltr'>ὅσα</span> <span class='ocrx_word' id='word_1_194' title='bbox 2470 1230 2584 1281; x_wconf 76' lang='grc' dir='ltr'>ἐστὶ</span> <span class='ocrx_word' id='word_1_195' title='bbox 2608 1229 2736 1299; x_wconf 89' lang='grc' dir='ltr'><strong>περί</strong></span> <span class='ocrx_word' id='word_1_196' title='bbox 2774 1228 2935 1281; x_wconf 77' lang='grc' dir='ltr'>αὐτὸν</span> <span class='ocrx_word' id='word_1_197' title='bbox 2964 1226 3159 1297; x_wconf 83' lang='grc' dir='ltr'>ἀληθῆ,</span> <span class='ocrx_word' id='word_1_198' title='bbox 3183 1227 3394 1297; x_wconf 71' lang='grc' dir='ltr'>ἄρρητα</span> <span class='ocrx_word' id='word_1_199' title='bbox 3418 1224 3483 1279; x_wconf 82' lang='grc' dir='ltr'>ἂν</span> <span class='ocrx_word' id='word_1_200' title='bbox 3504 1226 3587 1295; x_wconf 85' lang='grc' dir='ltr'><strong>εῐη</strong></span> <span class='ocrx_word' id='word_1_201' title='bbox 3611 1226 3709 1278; x_wconf 88' lang='grc' dir='ltr'>ἀν-</span> 
     </span>
    </p>
   </div>
   <div class='ocr_carea' id='block_1_28' title="bbox 2139 1313 3705 1388">
    <p class='ocr_par' dir='ltr' id='par_1_28' title="bbox 2139 1313 3705 1388">
     <span class='ocr_line' id='line_1_28' title="bbox 2139 1313 3705 1388; baseline 0.001 -21"><span class='ocrx_word' id='word_1_202' title='bbox 2139 1313 2370 1387; x_wconf 88' lang='grc' dir='ltr'>θρώπων</span> <span class='ocrx_word' id='word_1_203' title='bbox 2389 1319 2613 1386; x_wconf 84' lang='grc' dir='ltr'>φωναῖς,</span> <span class='ocrx_word' id='word_1_204' title='bbox 2644 1317 2737 1369; x_wconf 76' lang='grc' dir='ltr'><strong>καὶ</strong></span> <span class='ocrx_word' id='word_1_205' title='bbox 2763 1317 3042 1387; x_wconf 71' lang='grc' dir='ltr'><strong>λογισμοῖς</strong></span> <span class='ocrx_word' id='word_1_206' title='bbox 3066 1316 3273 1388; x_wconf 78' lang='grc' dir='ltr'><strong>θνητῶν</strong></span> <span class='ocrx_word' id='word_1_207' title='bbox 3301 1315 3705 1384; x_wconf 81' lang='grc' dir='ltr'>ἁνεπιλὸγιστα,</span> 
     </span>
    </p>
   </div>
   <div class='ocr_carea' id='block_1_29' title="bbox 2138 1405 3706 1478">
    <p class='ocr_par' dir='ltr' id='par_1_29' title="bbox 2138 1405 3706 1478">
     <span class='ocr_line' id='line_1_29' title="bbox 2138 1405 3706 1478; baseline 0.002 -20"><span class='ocrx_word' id='word_1_208' title='bbox 2138 1405 2278 1458; x_wconf 85' lang='grc' dir='ltr'><strong>κατά</strong></span> <span class='ocrx_word' id='word_1_209' title='bbox 2304 1407 2395 1460; x_wconf 80' lang='grc' dir='ltr'><strong>τὸν</strong></span> <span class='ocrx_word' id='word_1_210' title='bbox 2428 1407 2628 1478; x_wconf 77' lang='grc' dir='ltr'>ἀκριϐῆ</span> <span class='ocrx_word' id='word_1_211' title='bbox 2661 1408 2834 1476; x_wconf 81' lang='grc' dir='ltr'>λόγον.</span> <span class='ocrx_word' id='word_1_212' title='bbox 2886 1406 3043 1459; x_wconf 77' lang='grc' dir='ltr'>Ἀλλά</span> <span class='ocrx_word' id='word_1_213' title='bbox 3082 1406 3190 1478; x_wconf 91' lang='grc' dir='ltr'><strong>γάρ</strong></span> <span class='ocrx_word' id='word_1_214' title='bbox 3221 1406 3297 1470; x_wconf 87' lang='grc' dir='ltr'><strong>ώς</strong></span> <span class='ocrx_word' id='word_1_215' title='bbox 3327 1408 3456 1478; x_wconf 78' lang='grc' dir='ltr'>ἡμῖν</span> <span class='ocrx_word' id='word_1_216' title='bbox 3487 1406 3706 1462; x_wconf 78' lang='grc' dir='ltr'>ἀκούειν</span> 
     </span>
    </p>
   </div>
   <div class='ocr_carea' id='block_1_30' title="bbox 2137 1496 3705 1570">
    <p class='ocr_par' dir='ltr' id='par_1_30' title="bbox 2137 1496 3705 1570">
     <span class='ocr_line' id='line_1_30' title="bbox 2137 1496 3705 1570; baseline 0.002 -21"><span class='ocrx_word' id='word_1_217' title='bbox 2137 1496 2308 1565; x_wconf 82' lang='grc' dir='ltr'>φίλον,</span> <span class='ocrx_word' id='word_1_218' title='bbox 2356 1498 2579 1551; x_wconf 85' lang='grc' dir='ltr'>τοιῶσδε</span> <span class='ocrx_word' id='word_1_219' title='bbox 2638 1500 2731 1552; x_wconf 70' lang='grc' dir='ltr'><strong>καὶ</strong></span> <span class='ocrx_word' id='word_1_220' title='bbox 2758 1499 2826 1552; x_wconf 80' lang='grc' dir='ltr'>τὰ</span> <span class='ocrx_word' id='word_1_221' title='bbox 2876 1499 3030 1567; x_wconf 83' lang='grc' dir='ltr'>λόγια</span> <span class='ocrx_word' id='word_1_222' title='bbox 3067 1498 3324 1552; x_wconf 77' lang='grc' dir='ltr'>παιδεύει.</span> <span class='ocrx_word' id='word_1_223' title='bbox 3364 1499 3433 1551; x_wconf 83' lang='grc' dir='ltr'><em>Ἢ</em></span> <span class='ocrx_word' id='word_1_224' title='bbox 3460 1500 3579 1570; x_wconf 67' lang='grc' dir='ltr'>οὐχ).</span> <span class='ocrx_word' id='word_1_225' title='bbox 3610 1498 3705 1553; x_wconf 80' lang='grc' dir='ltr'>καὶ</span> 
     </span>
    </p>
   </div>
   <div class='ocr_carea' id='block_1_31' title="bbox 2136 1590 3706 1667">
    <p class='ocr_par' dir='ltr' id='par_1_31' title="bbox 2136 1590 3706 1667">
     <span class='ocr_line' id='line_1_31' title="bbox 2136 1590 3706 1667; baseline 0.003 -24"><span class='ocrx_word' id='word_1_226' title='bbox 2136 1590 2371 1663; x_wconf 75' lang='grc' dir='ltr'>Χριστοῦ</span> <span class='ocrx_word' id='word_1_227' title='bbox 2405 1592 2631 1645; x_wconf 78' lang='grc' dir='ltr'>εὐωδίαν</span> <span class='ocrx_word' id='word_1_228' title='bbox 2662 1592 2823 1656; x_wconf 71' lang='grc' dir='ltr'>αὐτὸς</span> <span class='ocrx_word' id='word_1_229' title='bbox 2853 1593 3063 1657; x_wconf 79' lang='grc' dir='ltr'>ἑαυτὸν,</span> <span class='ocrx_word' id='word_1_230' title='bbox 3090 1592 3329 1656; x_wconf 76' lang='grc' dir='ltr'>καὶτοὺς</span> <span class='ocrx_word' id='word_1_231' title='bbox 3359 1592 3506 1664; x_wconf 89' lang='grc' dir='ltr'>αὐτῷ</span> <span class='ocrx_word' id='word_1_232' title='bbox 3529 1611 3706 1667; x_wconf 82' lang='grc' dir='ltr'>παρα-</span> 
     </span>
    </p>
   </div>
   <div class='ocr_carea' id='block_1_32' title="bbox 2135 1681 3702 1759">
    <p class='ocr_par' dir='ltr' id='par_1_32' title="bbox 2135 1681 3702 1759">
     <span class='ocr_line' id='line_1_32' title="bbox 2135 1681 3702 1759; baseline 0.003 -25"><span class='ocrx_word' id='word_1_233' title='bbox 2135 1681 2395 1754; x_wconf 87' lang='grc' dir='ltr'>πλησίους</span> <span class='ocrx_word' id='word_1_234' title='bbox 2457 1684 2487 1736; x_wconf 86' lang='grc' dir='ltr'>ὁ</span> <span class='ocrx_word' id='word_1_235' title='bbox 2537 1684 2679 1756; x_wconf 86' lang='grc' dir='ltr'>ἱερὸς</span> <span class='ocrx_word' id='word_1_236' title='bbox 2717 1683 3038 1748; x_wconf 80' lang='grc' dir='ltr'>Ἀπόστολος</span> <span class='ocrx_word' id='word_1_237' title='bbox 3071 1687 3333 1757; x_wconf 86' lang='grc' dir='ltr'>προσεῖπε</span> <span class='ocrx_word' id='word_1_238' title='bbox 3360 1685 3447 1739; x_wconf 81' lang='grc' dir='ltr'>διὰ</span> <span class='ocrx_word' id='word_1_239' title='bbox 3463 1686 3562 1759; x_wconf 82' lang='grc' dir='ltr'>τὴν</span> <span class='ocrx_word' id='word_1_240' title='bbox 3608 1684 3702 1739; x_wconf 87' lang='grc' dir='ltr'><strong>τοῦ</strong></span> 
     </span>
    </p>
   </div>
   <div class='ocr_carea' id='block_1_33' title="bbox 2134 1775 3705 1849">
    <p class='ocr_par' dir='ltr' id='par_1_33' title="bbox 2134 1775 3705 1849">
     <span class='ocr_line' id='line_1_33' title="bbox 2134 1775 3705 1849; baseline 0.001 -22"><span class='ocrx_word' id='word_1_241' title='bbox 2134 1775 2369 1847; x_wconf 80' lang='grc' dir='ltr'>Χριστοῦ</span> <span class='ocrx_word' id='word_1_242' title='bbox 2436 1776 2743 1847; x_wconf 74' lang='grc' dir='ltr'>πνεύματος</span> <span class='ocrx_word' id='word_1_243' title='bbox 2787 1778 3055 1849; x_wconf 77' lang='grc' dir='ltr'>μετοχήν;</span> <span class='ocrx_word' id='word_1_244' title='bbox 3111 1776 3281 1848; x_wconf 88' lang='grc' dir='ltr'>μύρον</span> <span class='ocrx_word' id='word_1_245' title='bbox 3305 1794 3366 1830; x_wconf 89' lang='grc' dir='ltr'><strong>τε</strong></span> <span class='ocrx_word' id='word_1_246' title='bbox 3408 1776 3705 1831; x_wconf 77' lang='grc' dir='ltr'>ὲκκενωθὲν</span> 
     </span>
    </p>
   </div>
   <div class='ocr_carea' id='block_1_34' title="bbox 446 1855 2017 1941">
    <p class='ocr_par' dir='ltr' id='par_1_34' title="bbox 446 1869 2017 1941">
     <span class='ocr_line' id='line_1_34' title="bbox 446 1869 2017 1941; baseline 0.007 -19"><span class='ocrx_word' id='word_1_247' title='bbox 446 1869 734 1939; x_wconf 89' lang='lat' dir='ltr'><strong>partiendo</strong></span> <span class='ocrx_word' id='word_1_248' title='bbox 756 1871 960 1941; x_wconf 89' lang='lat' dir='ltr'><strong>aliquid</strong></span> <span class='ocrx_word' id='word_1_249' title='bbox 976 1881 1069 1926; x_wconf 91' lang='lat' dir='ltr'><strong>aut</strong></span> <span class='ocrx_word' id='word_1_250' title='bbox 1086 1871 1380 1928; x_wconf 88' lang='lat' dir='ltr'><strong>dividendo</strong></span> <span class='ocrx_word' id='word_1_251' title='bbox 1410 1882 1661 1928; x_wconf 88' lang='lat' dir='ltr'><strong>naturam</strong></span> <span class='ocrx_word' id='word_1_252' title='bbox 1684 1884 1769 1930; x_wconf 91' lang='lat' dir='ltr'><strong>est</strong></span> <span class='ocrx_word' id='word_1_253' title='bbox 1790 1886 1983 1933; x_wconf 86' lang='lat' dir='ltr'><strong>nactus</strong></span> <span class='ocrx_word' id='word_1_254' title='bbox 2010 1896 2017 1933; x_wconf 90' lang='lat'><strong>:</strong></span> 
     </span>
    </p>
   </div>
   <div class='ocr_carea' id='block_1_35' title="bbox 2117 1855 3701 1941">
    <p class='ocr_par' dir='ltr' id='par_1_35' title="bbox 2132 1866 3701 1941">
     <span class='ocr_line' id='line_1_35' title="bbox 2132 1866 3701 1941; baseline 0.001 -21"><span class='ocrx_word' id='word_1_255' title='bbox 2132 1868 2161 1920; x_wconf 89' lang='grc' dir='ltr'>ὁ</span> <span class='ocrx_word' id='word_1_256' title='bbox 2186 1868 2431 1939; x_wconf 83' lang='grc' dir='ltr'>οὐράνιος</span> <span class='ocrx_word' id='word_1_257' title='bbox 2462 1868 2710 1940; x_wconf 83' lang='grc' dir='ltr'>Νυμφίος</span> <span class='ocrx_word' id='word_1_258' title='bbox 2757 1870 2813 1920; x_wconf 82' lang='grc' dir='ltr'><strong>ὲν</strong></span> <span class='ocrx_word' id='word_1_259' title='bbox 2853 1872 2963 1932; x_wconf 88' lang='grc' dir='ltr'>τοῖς</span> <span class='ocrx_word' id='word_1_260' title='bbox 3005 1869 3279 1939; x_wconf 78' lang='grc' dir='ltr'>’ᾼσμασιν</span> <span class='ocrx_word' id='word_1_261' title='bbox 3312 1866 3701 1941; x_wconf 75' lang='grc' dir='ltr'>ἀνηγόρευταις</span> 
     </span>
    </p>
   </div>
   <div class='ocr_carea' id='block_1_36' title="bbox 446 1963 2031 2034">
    <p class='ocr_par' dir='ltr' id='par_1_36' title="bbox 446 1963 2031 2034">
     <span class='ocr_line' id='line_1_36' title="bbox 446 1963 2031 2034; baseline 0.005 -19"><span class='ocrx_word' id='word_1_262' title='bbox 446 1976 622 2030; x_wconf 88' lang='lat' dir='ltr'><strong>neque</strong></span> <span class='ocrx_word' id='word_1_263' title='bbox 654 1978 784 2016; x_wconf 89' lang='lat' dir='ltr'><strong>vero</strong></span> <span class='ocrx_word' id='word_1_264' title='bbox 814 1964 1022 2032; x_wconf 83' lang='lat' dir='ltr'><strong>absque</strong></span> <span class='ocrx_word' id='word_1_265' title='bbox 1060 1963 1336 2034; x_wconf 91' lang='lat' dir='ltr'><strong>principio</strong></span> <span class='ocrx_word' id='word_1_266' title='bbox 1387 1979 1512 2018; x_wconf 91' lang='lat' dir='ltr'><strong>cum</strong></span> <span class='ocrx_word' id='word_1_267' title='bbox 1544 1964 1707 2020; x_wconf 88' lang='lat' dir='ltr'><strong>Patre</strong></span> <span class='ocrx_word' id='word_1_268' title='bbox 1741 1966 1903 2021; x_wconf 90' lang='lat' dir='ltr'><strong>simul</strong></span> <span class='ocrx_word' id='word_1_269' title='bbox 1940 1984 2031 2023; x_wconf 85' lang='lat' dir='ltr'><strong>ex-</strong></span> 
     </span>
    </p>
   </div>
   <div class='ocr_carea' id='block_1_37' title="bbox 443 2053 2101 2130">
    <p class='ocr_par' dir='ltr' id='par_1_37' title="bbox 443 2053 2101 2130">
     <span class='ocr_line' id='line_1_37' title="bbox 443 2053 2101 2130; baseline 0.005 -23"><span class='ocrx_word' id='word_1_270' title='bbox 443 2053 607 2117; x_wconf 80' lang='lat' dir='ltr'><strong>stitit,</strong></span> <span class='ocrx_word' id='word_1_271' title='bbox 639 2055 861 2125; x_wconf 87' lang='lat' dir='ltr'><strong>quando</strong></span> <span class='ocrx_word' id='word_1_272' title='bbox 893 2056 984 2110; x_wconf 92' lang='lat' dir='ltr'><strong>ille</strong></span> <span class='ocrx_word' id='word_1_273' title='bbox 1013 2056 1235 2125; x_wconf 90' lang='lat' dir='ltr'><strong>quidem</strong></span> <span class='ocrx_word' id='word_1_274' title='bbox 1264 2058 1564 2127; x_wconf 87' lang='lat' dir='ltr'><strong>ingenitus,</strong></span> <span class='ocrx_word' id='word_1_275' title='bbox 1602 2057 1690 2113; x_wconf 89' lang='lat' dir='ltr'><strong>hic</strong></span> <span class='ocrx_word' id='word_1_276' title='bbox 1725 2074 1853 2113; x_wconf 83' lang='lat' dir='ltr'><strong>vero</strong></span> <span class='ocrx_word' id='word_1_277' title='bbox 1875 2060 2029 2130; x_wconf 85' lang='lat' dir='ltr'><strong>geni-</strong></span> <span class='ocrx_word' id='word_1_278' title='bbox 2088 2104 2101 2115; x_wconf 73' lang='lat'><strong>.</strong></span> 
     </span>
    </p>
   </div>
   <div class='ocr_carea' id='block_1_38' title="bbox 444 2145 2025 2212">
    <p class='ocr_par' dir='ltr' id='par_1_38' title="bbox 444 2145 2025 2212">
     <span class='ocr_line' id='line_1_38' title="bbox 444 2145 2025 2212; baseline 0.004 -13"><span class='ocrx_word' id='word_1_279' title='bbox 444 2155 533 2202; x_wconf 90' lang='lat' dir='ltr'><strong>tus</strong></span> <span class='ocrx_word' id='word_1_280' title='bbox 564 2154 668 2209; x_wconf 89' lang='lat' dir='ltr'><strong>est,</strong></span> <span class='ocrx_word' id='word_1_281' title='bbox 711 2155 765 2201; x_wconf 91' lang='lat' dir='ltr'><strong>et</strong></span> <span class='ocrx_word' id='word_1_282' title='bbox 798 2146 888 2201; x_wconf 90' lang='lat' dir='ltr'><strong>ille</strong></span> <span class='ocrx_word' id='word_1_283' title='bbox 942 2145 1124 2212; x_wconf 89' lang='lat' dir='ltr'><strong>Pater,</strong></span> <span class='ocrx_word' id='word_1_284' title='bbox 1159 2147 1249 2202; x_wconf 88' lang='lat' dir='ltr'><strong>hic</strong></span> <span class='ocrx_word' id='word_1_285' title='bbox 1298 2146 1469 2204; x_wconf 87' lang='lat' dir='ltr'><strong>Filius</strong></span> <span class='ocrx_word' id='word_1_286' title='bbox 1506 2168 1518 2202; x_wconf 91' lang='lat'>:</span> <span class='ocrx_word' id='word_1_287' title='bbox 1549 2156 1604 2202; x_wconf 90' lang='lat' dir='ltr'><strong>at</strong></span> <span class='ocrx_word' id='word_1_288' title='bbox 1634 2164 1763 2204; x_wconf 88' lang='lat' dir='ltr'><strong>vero</strong></span> <span class='ocrx_word' id='word_1_289' title='bbox 1804 2149 2025 2206; x_wconf 88' lang='lat' dir='ltr'><strong>Patrem</strong></span> 
     </span>
    </p>
   </div>
   <div class='ocr_carea' id='block_1_39' title="bbox 440 2237 2023 2308">
    <p class='ocr_par' dir='ltr' id='par_1_39' title="bbox 440 2237 2023 2308">
     <span class='ocr_line' id='line_1_39' title="bbox 440 2237 2023 2308; baseline 0.004 -17"><span class='ocrx_word' id='word_1_290' title='bbox 440 2237 727 2302; x_wconf 78' lang='lat' dir='ltr'><strong>exsistere,</strong></span> <span class='ocrx_word' id='word_1_291' title='bbox 766 2244 820 2292; x_wconf 91' lang='lat' dir='ltr'><strong>et</strong></span> <span class='ocrx_word' id='word_1_292' title='bbox 851 2247 1102 2291; x_wconf 90' lang='lat' dir='ltr'><strong>naturam</strong></span> <span class='ocrx_word' id='word_1_293' title='bbox 1155 2255 1311 2295; x_wconf 87' lang='lat' dir='ltr'><strong>suam</strong></span> <span class='ocrx_word' id='word_1_294' title='bbox 1362 2240 1614 2296; x_wconf 89' lang='lat' dir='ltr'><strong>obtinere</strong></span> <span class='ocrx_word' id='word_1_295' title='bbox 1648 2258 1754 2295; x_wconf 89' lang='lat' dir='ltr'><strong>non</strong></span> <span class='ocrx_word' id='word_1_296' title='bbox 1801 2260 1830 2296; x_wconf 83' lang='lat' dir='ltr'><strong>a</strong></span> <span class='ocrx_word' id='word_1_297' title='bbox 1863 2241 2023 2308; x_wconf 85' lang='lat' dir='ltr'><strong>Filio,</strong></span> 
     </span>
    </p>
   </div>
   <div class='ocr_carea' id='block_1_40' title="bbox 440 2332 2026 2405">
    <p class='ocr_par' dir='ltr' id='par_1_40' title="bbox 440 2332 2026 2405">
     <span class='ocr_line' id='line_1_40' title="bbox 440 2332 2026 2405; baseline 0.004 -20"><span class='ocrx_word' id='word_1_298' title='bbox 440 2333 822 2402; x_wconf 88' lang='lat' dir='ltr'><strong>unusquisque</strong></span> <span class='ocrx_word' id='word_1_299' title='bbox 855 2332 1014 2387; x_wconf 82' lang='lat' dir='ltr'><strong>facile</strong></span> <span class='ocrx_word' id='word_1_300' title='bbox 1045 2333 1415 2397; x_wconf 85' lang='lat' dir='ltr'><strong>confitebitur,</strong></span> <span class='ocrx_word' id='word_1_301' title='bbox 1448 2334 1637 2389; x_wconf 90' lang='lat' dir='ltr'><strong>eadem</strong></span> <span class='ocrx_word' id='word_1_302' title='bbox 1666 2350 1831 2405; x_wconf 89' lang='lat' dir='ltr'><strong>porro</strong></span> <span class='ocrx_word' id='word_1_303' title='bbox 1858 2338 2026 2391; x_wconf 88' lang='lat' dir='ltr'><strong>ratio-</strong></span> 
     </span>
    </p>
   </div>
   <div class='ocr_carea' id='block_1_41' title="bbox 440 2422 2025 2494">
    <p class='ocr_par' dir='ltr' id='par_1_41' title="bbox 440 2422 2025 2494">
     <span class='ocr_line' id='line_1_41' title="bbox 440 2422 2025 2494; baseline 0.008 -19"><span class='ocrx_word' id='word_1_304' title='bbox 440 2437 511 2477; x_wconf 89' lang='lat' dir='ltr'><strong>ne</strong></span> <span class='ocrx_word' id='word_1_305' title='bbox 541 2422 719 2493; x_wconf 87' lang='lat' dir='ltr'><strong>imago</strong></span> <span class='ocrx_word' id='word_1_306' title='bbox 746 2422 840 2477; x_wconf 89' lang='lat' dir='ltr'><strong>Dei</strong></span> <span class='ocrx_word' id='word_1_307' title='bbox 866 2424 990 2487; x_wconf 90' lang='lat' dir='ltr'><strong>erit,</strong></span> <span class='ocrx_word' id='word_1_308' title='bbox 1016 2423 1091 2477; x_wconf 90' lang='lat' dir='ltr'><strong>ita</strong></span> <span class='ocrx_word' id='word_1_309' title='bbox 1127 2424 1372 2494; x_wconf 82' lang='lat' dir='ltr'><strong>quidem,</strong></span> <span class='ocrx_word' id='word_1_310' title='bbox 1398 2434 1457 2480; x_wconf 90' lang='lat' dir='ltr'><strong>ut</strong></span> <span class='ocrx_word' id='word_1_311' title='bbox 1490 2443 1684 2483; x_wconf 88' lang='lat' dir='ltr'><strong>rursus</strong></span> <span class='ocrx_word' id='word_1_312' title='bbox 1725 2431 1890 2487; x_wconf 91' lang='lat' dir='ltr'><strong>nullis</strong></span> <span class='ocrx_word' id='word_1_313' title='bbox 1928 2446 2025 2487; x_wconf 81' lang='lat' dir='ltr'><strong>ne-</strong></span> 
     </span>
    </p>
   </div>
   <div class='ocr_carea' id='block_1_42' title="bbox 436 2515 2025 2590">
    <p class='ocr_par' dir='ltr' id='par_1_42' title="bbox 436 2515 2025 2590">
     <span class='ocr_line' id='line_1_42' title="bbox 436 2515 2025 2590; baseline 0.006 -21"><span class='ocrx_word' id='word_1_314' title='bbox 436 2529 543 2585; x_wconf 89' lang='lat' dir='ltr'><strong>que</strong></span> <span class='ocrx_word' id='word_1_315' title='bbox 584 2515 789 2580; x_wconf 81' lang='lat' dir='ltr'><strong>verbis,</strong></span> <span class='ocrx_word' id='word_1_316' title='bbox 824 2530 1001 2585; x_wconf 89' lang='lat' dir='ltr'><strong>neque</strong></span> <span class='ocrx_word' id='word_1_317' title='bbox 1043 2516 1372 2583; x_wconf 86' lang='lat' dir='ltr'><strong>rationibus,</strong></span> <span class='ocrx_word' id='word_1_318' title='bbox 1430 2521 1707 2590; x_wconf 85' lang='lat' dir='ltr'><strong>quomodo</strong></span> <span class='ocrx_word' id='word_1_319' title='bbox 1742 2523 1836 2584; x_wconf 91' lang='lat' dir='ltr'><strong>sit.</strong></span> <span class='ocrx_word' id='word_1_320' title='bbox 1873 2538 2025 2578; x_wconf 90' lang='lat' dir='ltr'><strong>com-</strong></span> 
     </span>
    </p>
   </div>
   <div class='ocr_carea' id='block_1_43' title="bbox 437 2605 2024 2679">
    <p class='ocr_par' dir='ltr' id='par_1_43' title="bbox 437 2605 2024 2679">
     <span class='ocr_line' id='line_1_43' title="bbox 437 2605 2024 2679; baseline 0.006 -20"><span class='ocrx_word' id='word_1_321' title='bbox 437 2605 775 2677; x_wconf 88' lang='lat' dir='ltr'><strong>prehendere</strong></span> <span class='ocrx_word' id='word_1_322' title='bbox 811 2608 1088 2675; x_wconf 89' lang='lat' dir='ltr'><strong>possimus</strong></span> <span class='ocrx_word' id='word_1_323' title='bbox 1109 2647 1124 2671; x_wconf 93' lang='lat'><strong>,</strong></span> <span class='ocrx_word' id='word_1_324' title='bbox 1153 2607 1355 2679; x_wconf 85' lang='lat' dir='ltr'><strong>quippe</strong></span> <span class='ocrx_word' id='word_1_325' title='bbox 1400 2624 1523 2664; x_wconf 86' lang='lat' dir='ltr'><strong>cum</strong></span> <span class='ocrx_word' id='word_1_326' title='bbox 1565 2612 1796 2667; x_wconf 77' lang='lat' dir='ltr'><strong>viventis</strong></span> <span class='ocrx_word' id='word_1_327' title='bbox 1824 2611 1918 2668; x_wconf 92' lang='lat' dir='ltr'><strong>Dei</strong></span> <span class='ocrx_word' id='word_1_328' title='bbox 1940 2614 2024 2668; x_wconf 80' lang='lat' dir='ltr'><strong>vi-</strong></span> 
     </span>
    </p>
   </div>
   <div class='ocr_carea' id='block_1_44' title="bbox 436 2697 2023 2769">
    <p class='ocr_par' dir='ltr' id='par_1_44' title="bbox 436 2697 2023 2769">
     <span class='ocr_line' id='line_1_44' title="bbox 436 2697 2023 2769; baseline 0.008 -22"><span class='ocrx_word' id='word_1_329' title='bbox 436 2712 569 2753; x_wconf 82' lang='lat' dir='ltr'><strong>vens</strong></span> <span class='ocrx_word' id='word_1_330' title='bbox 604 2697 720 2767; x_wconf 89' lang='lat' dir='ltr'><strong>ipsa</strong></span> <span class='ocrx_word' id='word_1_331' title='bbox 748 2697 820 2751; x_wconf 91' lang='lat' dir='ltr'><strong>sit</strong></span> <span class='ocrx_word' id='word_1_332' title='bbox 851 2705 904 2752; x_wconf 94' lang='lat' dir='ltr'><strong>et</strong></span> <span class='ocrx_word' id='word_1_333' title='bbox 945 2713 1040 2767; x_wconf 90' lang='lat' dir='ltr'><strong>per</strong></span> <span class='ocrx_word' id='word_1_334' title='bbox 1062 2699 1300 2769; x_wconf 89' lang='lat' dir='ltr'><strong>seipsam</strong></span> <span class='ocrx_word' id='word_1_335' title='bbox 1334 2701 1671 2768; x_wconf 88' lang='lat' dir='ltr'><strong>consistens,</strong></span> <span class='ocrx_word' id='word_1_336' title='bbox 1702 2704 1821 2759; x_wconf 90' lang='lat' dir='ltr'><strong>sine</strong></span> <span class='ocrx_word' id='word_1_337' title='bbox 1849 2713 2023 2760; x_wconf 81' lang='lat' dir='ltr'><strong>mate-</strong></span> 
     </span>
    </p>
   </div>
   <div class='ocr_carea' id='block_1_45' title="bbox 436 2788 2020 2859">
    <p class='ocr_par' dir='ltr' id='par_1_45' title="bbox 436 2788 2020 2859">
     <span class='ocr_line' id='line_1_45' title="bbox 436 2788 2020 2859; baseline 0.004 -17"><span class='ocrx_word' id='word_1_338' title='bbox 436 2788 537 2851; x_wconf 86' lang='lat' dir='ltr'><strong>ria,</strong></span> <span class='ocrx_word' id='word_1_339' title='bbox 572 2788 691 2844; x_wconf 91' lang='lat' dir='ltr'><strong>sine</strong></span> <span class='ocrx_word' id='word_1_340' title='bbox 724 2803 979 2859; x_wconf 90' lang='lat' dir='ltr'><strong>eorpore,</strong></span> <span class='ocrx_word' id='word_1_341' title='bbox 1014 2789 1150 2843; x_wconf 87' lang='lat' dir='ltr'><strong>nihil</strong></span> <span class='ocrx_word' id='word_1_342' title='bbox 1189 2806 1419 2859; x_wconf 83' lang='lat' dir='ltr'><strong>prorsus</strong></span> <span class='ocrx_word' id='word_1_343' title='bbox 1467 2792 1678 2849; x_wconf 86' lang='lat' dir='ltr'><strong>habens</strong></span> <span class='ocrx_word' id='word_1_344' title='bbox 1725 2794 2020 2849; x_wconf 86' lang='lat' dir='ltr'><strong>admistum</strong></span> 
     </span>
    </p>
   </div>
   <div class='ocr_carea' id='block_1_46' title="bbox 434 2882 2019 2959">
    <p class='ocr_par' dir='ltr' id='par_1_46' title="bbox 434 2882 2019 2959">
     <span class='ocr_line' id='line_1_46' title="bbox 434 2882 2019 2959; baseline 0.004 -23"><span class='ocrx_word' id='word_1_345' title='bbox 434 2882 730 2949; x_wconf 89' lang='lat' dir='ltr'><strong>contrarii;</strong></span> <span class='ocrx_word' id='word_1_346' title='bbox 758 2897 936 2952; x_wconf 91' lang='lat' dir='ltr'><strong>neque</strong></span> <span class='ocrx_word' id='word_1_347' title='bbox 973 2897 1105 2936; x_wconf 86' lang='lat' dir='ltr'><strong>vero</strong></span> <span class='ocrx_word' id='word_1_348' title='bbox 1148 2882 1458 2951; x_wconf 91' lang='lat' dir='ltr'><strong>cujusmodi</strong></span> <span class='ocrx_word' id='word_1_349' title='bbox 1505 2886 1613 2939; x_wconf 87' lang='lat' dir='ltr'><strong>ulla</strong></span> <span class='ocrx_word' id='word_1_350' title='bbox 1651 2888 1721 2941; x_wconf 90' lang='lat' dir='ltr'><strong>sit</strong></span> <span class='ocrx_word' id='word_1_351' title='bbox 1751 2887 1893 2959; x_wconf 84' lang='lat' dir='ltr'><strong>apud</strong></span> <span class='ocrx_word' id='word_1_352' title='bbox 1917 2904 2019 2944; x_wconf 90' lang='lat' dir='ltr'><strong>nos</strong></span> 
     </span>
    </p>
   </div>
   <div class='ocr_carea' id='block_1_47' title="bbox 433 2972 2014 3048">
    <p class='ocr_par' dir='ltr' id='par_1_47' title="bbox 433 2972 2014 3048">
     <span class='ocr_line' id='line_1_47' title="bbox 433 2972 2014 3048; baseline 0.006 -22"><span class='ocrx_word' id='word_1_353' title='bbox 433 2972 635 3045; x_wconf 84' lang='lat' dir='ltr'><strong>imago,</strong></span> <span class='ocrx_word' id='word_1_354' title='bbox 674 2990 797 3044; x_wconf 72' lang='lat' dir='ltr'><strong>qua:</strong></span> <span class='ocrx_word' id='word_1_355' title='bbox 830 2982 884 3029; x_wconf 91' lang='lat' dir='ltr'><strong>et</strong></span> <span class='ocrx_word' id='word_1_356' title='bbox 934 2974 1083 3028; x_wconf 90' lang='lat' dir='ltr'><strong>aliud</strong></span> <span class='ocrx_word' id='word_1_357' title='bbox 1129 2977 1385 3031; x_wconf 69' lang='lat' dir='ltr'><strong>essentia:</strong></span> <span class='ocrx_word' id='word_1_358' title='bbox 1437 2978 1744 3048; x_wconf 86' lang='lat' dir='ltr'><strong>subjectum</strong></span> <span class='ocrx_word' id='word_1_359' title='bbox 1797 2980 2014 3046; x_wconf 77' lang='lat' dir='ltr'><strong>habeat,</strong></span> 
     </span>
    </p>
   </div>
   <div class='ocr_carea' id='block_1_48' title="bbox 431 3064 2015 3139">
    <p class='ocr_par' dir='ltr' id='par_1_48' title="bbox 431 3064 2015 3139">
     <span class='ocr_line' id='line_1_48' title="bbox 431 3064 2015 3139; baseline 0.004 -20"><span class='ocrx_word' id='word_1_360' title='bbox 431 3073 484 3119; x_wconf 89' lang='lat' dir='ltr'><strong>et</strong></span> <span class='ocrx_word' id='word_1_361' title='bbox 524 3066 689 3119; x_wconf 86' lang='lat' dir='ltr'><strong>aliam</strong></span> <span class='ocrx_word' id='word_1_362' title='bbox 723 3065 981 3134; x_wconf 90' lang='lat' dir='ltr'><strong>speciem,</strong></span> <span class='ocrx_word' id='word_1_363' title='bbox 1008 3064 1105 3119; x_wconf 85' lang='lat' dir='ltr'><strong>sed</strong></span> <span class='ocrx_word' id='word_1_364' title='bbox 1131 3081 1253 3135; x_wconf 67' lang='lat' dir='ltr'><strong>qua:</strong></span> <span class='ocrx_word' id='word_1_365' title='bbox 1289 3074 1405 3121; x_wconf 91' lang='lat' dir='ltr'><strong>tota</strong></span> <span class='ocrx_word' id='word_1_366' title='bbox 1436 3067 1555 3137; x_wconf 86' lang='lat' dir='ltr'><strong>ipsa</strong></span> <span class='ocrx_word' id='word_1_367' title='bbox 1584 3069 1653 3123; x_wconf 92' lang='lat' dir='ltr'><strong>sit</strong></span> <span class='ocrx_word' id='word_1_368' title='bbox 1685 3070 1919 3139; x_wconf 87' lang='lat' dir='ltr'><strong>species,</strong></span> <span class='ocrx_word' id='word_1_369' title='bbox 1960 3079 2015 3125; x_wconf 88' lang='lat' dir='ltr'><strong>et</strong></span> 
     </span>
    </p>
   </div>
   <div class='ocr_carea' id='block_1_49' title="bbox 431 3156 2011 3236">
    <p class='ocr_par' dir='ltr' id='par_1_49' title="bbox 431 3156 2011 3236">
     <span class='ocr_line' id='line_1_49' title="bbox 431 3156 2011 3236; baseline 0.006 -27"><span class='ocrx_word' id='word_1_370' title='bbox 431 3171 551 3226; x_wconf 82' lang='lat' dir='ltr'><strong>Ipsa</strong></span> <span class='ocrx_word' id='word_1_371' title='bbox 597 3156 860 3236; x_wconf 78' lang='lat' dir='ltr'><strong>essentia,</strong></span> <span class='ocrx_word' id='word_1_372' title='bbox 919 3156 1333 3213; x_wconf 88' lang='lat' dir='ltr'><strong>similitudinem</strong></span> <span class='ocrx_word' id='word_1_373' title='bbox 1387 3160 1632 3216; x_wconf 78' lang='lat' dir='ltr'><strong>referens</strong></span> <span class='ocrx_word' id='word_1_374' title='bbox 1684 3160 1886 3218; x_wconf 87' lang='lat' dir='ltr'><strong>Patris.</strong></span> <span class='ocrx_word' id='word_1_375' title='bbox 1919 3161 2011 3218; x_wconf 89' lang='lat' dir='ltr'><strong>Sic</strong></span> 
     </span>
    </p>
   </div>
   <div class='ocr_carea' id='block_1_50' title="bbox 430 3246 2012 3322">
    <p class='ocr_par' dir='ltr' id='par_1_50' title="bbox 430 3246 2012 3322">
     <span class='ocr_line' id='line_1_50' title="bbox 430 3246 2012 3322; baseline 0.008 -22"><span class='ocrx_word' id='word_1_376' title='bbox 430 3254 616 3303; x_wconf 86' lang='lat' dir='ltr'><strong>autem</strong></span> <span class='ocrx_word' id='word_1_377' title='bbox 651 3246 834 3304; x_wconf 88' lang='lat' dir='ltr'><strong>Patris</strong></span> <span class='ocrx_word' id='word_1_378' title='bbox 866 3264 1087 3319; x_wconf 90' lang='lat' dir='ltr'><strong>quoque</strong></span> <span class='ocrx_word' id='word_1_379' title='bbox 1111 3247 1414 3320; x_wconf 79' lang='lat' dir='ltr'><strong>fragrantia</strong></span> <span class='ocrx_word' id='word_1_380' title='bbox 1435 3252 1562 3314; x_wconf 84' lang='lat' dir='ltr'><strong>erit.</strong></span> <span class='ocrx_word' id='word_1_381' title='bbox 1600 3269 1720 3322; x_wconf 69' lang='lat' dir='ltr'><strong>qure</strong></span> <span class='ocrx_word' id='word_1_382' title='bbox 1747 3253 2012 3312; x_wconf 77' lang='lat' dir='ltr'><strong>efﬁcacis-</strong></span> 
     </span>
    </p>
   </div>
   <div class='ocr_carea' id='block_1_51' title="bbox 429 3337 2010 3409">
    <p class='ocr_par' dir='ltr' id='par_1_51' title="bbox 429 3337 2010 3409">
     <span class='ocr_line' id='line_1_51' title="bbox 429 3337 2010 3409; baseline 0.005 -15"><span class='ocrx_word' id='word_1_383' title='bbox 429 3337 624 3394; x_wconf 87' lang='lat' dir='ltr'><strong>simam</strong></span> <span class='ocrx_word' id='word_1_384' title='bbox 666 3338 959 3409; x_wconf 72' lang='lat' dir='ltr'><strong>largiendze</strong></span> <span class='ocrx_word' id='word_1_385' title='bbox 987 3340 1113 3394; x_wconf 65' lang='lat' dir='ltr'><strong>vitae</strong></span> <span class='ocrx_word' id='word_1_386' title='bbox 1155 3340 1267 3393; x_wconf 85' lang='lat' dir='ltr'><strong>vim</strong></span> <span class='ocrx_word' id='word_1_387' title='bbox 1300 3340 1519 3409; x_wconf 86' lang='lat' dir='ltr'><strong>habeat,</strong></span> <span class='ocrx_word' id='word_1_388' title='bbox 1544 3343 1639 3398; x_wconf 84' lang='lat' dir='ltr'><strong>sed</strong></span> <span class='ocrx_word' id='word_1_389' title='bbox 1688 3344 1763 3398; x_wconf 84' lang='lat' dir='ltr'><strong>ita</strong></span> <span class='ocrx_word' id='word_1_390' title='bbox 1814 3360 2010 3404; x_wconf 88' lang='lat' dir='ltr'><strong>rursus</strong></span> 
     </span>
    </p>
   </div>
   <div class='ocr_carea' id='block_1_52' title="bbox 428 3429 2006 3506">
    <p class='ocr_par' dir='ltr' id='par_1_52' title="bbox 428 3429 2006 3506">
     <span class='ocr_line' id='line_1_52' title="bbox 428 3429 2006 3506; baseline 0.006 -23"><span class='ocrx_word' id='word_1_391' title='bbox 428 3443 603 3499; x_wconf 90' lang='lat' dir='ltr'><strong>neque</strong></span> <span class='ocrx_word' id='word_1_392' title='bbox 632 3429 742 3483; x_wconf 88' lang='lat' dir='ltr'><strong>dici</strong></span> <span class='ocrx_word' id='word_1_393' title='bbox 782 3444 813 3483; x_wconf 92' lang='lat' dir='ltr'><strong>a</strong></span> <span class='ocrx_word' id='word_1_394' title='bbox 849 3430 1030 3496; x_wconf 89' lang='lat' dir='ltr'><strong>nobis,</strong></span> <span class='ocrx_word' id='word_1_395' title='bbox 1057 3446 1235 3500; x_wconf 86' lang='lat' dir='ltr'><strong>neque</strong></span> <span class='ocrx_word' id='word_1_396' title='bbox 1272 3432 1581 3488; x_wconf 88' lang='lat' dir='ltr'><strong>rationibus</strong></span> <span class='ocrx_word' id='word_1_397' title='bbox 1598 3434 1778 3506; x_wconf 89' lang='lat' dir='ltr'><strong>colligi</strong></span> <span class='ocrx_word' id='word_1_398' title='bbox 1797 3437 2006 3505; x_wconf 90' lang='lat' dir='ltr'><strong>possit:</strong></span> 
     </span>
    </p>
   </div>
   <div class='ocr_carea' id='block_1_53' title="bbox 427 3520 2011 3594">
    <p class='ocr_par' dir='ltr' id='par_1_53' title="bbox 427 3520 2011 3594">
     <span class='ocr_line' id='line_1_53' title="bbox 427 3520 2011 3594; baseline 0.004 -20"><span class='ocrx_word' id='word_1_399' title='bbox 427 3520 697 3591; x_wconf 87' lang='lat' dir='ltr'><strong>siquidem</strong></span> <span class='ocrx_word' id='word_1_400' title='bbox 727 3522 913 3577; x_wconf 90' lang='lat' dir='ltr'><strong>omnia</strong></span> <span class='ocrx_word' id='word_1_401' title='bbox 950 3537 1291 3594; x_wconf 66' lang='lat' dir='ltr'><strong>quaecunque</strong></span> <span class='ocrx_word' id='word_1_402' title='bbox 1321 3524 1388 3579; x_wconf 90' lang='lat' dir='ltr'><strong>de</strong></span> <span class='ocrx_word' id='word_1_403' title='bbox 1418 3525 1514 3579; x_wconf 92' lang='lat' dir='ltr'><strong>illo</strong></span> <span class='ocrx_word' id='word_1_404' title='bbox 1551 3541 1679 3580; x_wconf 83' lang='lat' dir='ltr'><strong>vera</strong></span> <span class='ocrx_word' id='word_1_405' title='bbox 1707 3534 1856 3591; x_wconf 91' lang='lat' dir='ltr'><strong>sunt,</strong></span> <span class='ocrx_word' id='word_1_406' title='bbox 1873 3526 2011 3581; x_wconf 89' lang='lat' dir='ltr'><strong>inef-</strong></span> 
     </span>
    </p>
   </div>
   <div class='ocr_carea' id='block_1_54' title="bbox 425 3610 2002 3690">
    <p class='ocr_par' dir='ltr' id='par_1_54' title="bbox 425 3610 2002 3690">
     <span class='ocr_line' id='line_1_54' title="bbox 425 3610 2002 3690; baseline 0.004 -23"><span class='ocrx_word' id='word_1_407' title='bbox 425 3610 611 3667; x_wconf 81' lang='lat' dir='ltr'><strong>fabilia</strong></span> <span class='ocrx_word' id='word_1_408' title='bbox 644 3623 775 3669; x_wconf 89' lang='lat' dir='ltr'><strong>sunt</strong></span> <span class='ocrx_word' id='word_1_409' title='bbox 804 3616 1088 3669; x_wconf 89' lang='lat' dir='ltr'><strong>hominum</strong></span> <span class='ocrx_word' id='word_1_410' title='bbox 1122 3616 1384 3679; x_wconf 81' lang='lat' dir='ltr'><strong>vocibus,</strong></span> <span class='ocrx_word' id='word_1_411' title='bbox 1420 3624 1475 3672; x_wconf 91' lang='lat' dir='ltr'><strong>et</strong></span> <span class='ocrx_word' id='word_1_412' title='bbox 1511 3618 1824 3673; x_wconf 88' lang='lat' dir='ltr'><strong>mortalium</strong></span> <span class='ocrx_word' id='word_1_413' title='bbox 1853 3619 2002 3690; x_wconf 85' lang='lat' dir='ltr'><strong>cogi-</strong></span> 
     </span>
    </p>
   </div>
   <div class='ocr_carea' id='block_1_55' title="bbox 425 3707 2007 3783">
    <p class='ocr_par' dir='ltr' id='par_1_55' title="bbox 425 3707 2007 3783">
     <span class='ocr_line' id='line_1_55' title="bbox 425 3707 2007 3783; baseline 0.004 -24"><span class='ocrx_word' id='word_1_414' title='bbox 425 3707 749 3771; x_wconf 81' lang='lat' dir='ltr'><strong>tationibus,</strong></span> <span class='ocrx_word' id='word_1_415' title='bbox 793 3711 1099 3765; x_wconf 84' lang='lat' dir='ltr'><strong>secundum</strong></span> <span class='ocrx_word' id='word_1_416' title='bbox 1136 3710 1466 3780; x_wconf 79' lang='lat' dir='ltr'><strong>exquisitam</strong></span> <span class='ocrx_word' id='word_1_417' title='bbox 1496 3711 1765 3766; x_wconf 87' lang='lat' dir='ltr'><strong>rationem</strong></span> <span class='ocrx_word' id='word_1_418' title='bbox 1796 3712 2007 3783; x_wconf 90' lang='lat' dir='ltr'><strong>incogi-</strong></span> 
     </span>
    </p>
   </div>
   <div class='ocr_carea' id='block_1_56' title="bbox 423 3801 2006 3874">
    <p class='ocr_par' dir='ltr' id='par_1_56' title="bbox 423 3801 2006 3874">
     <span class='ocr_line' id='line_1_56' title="bbox 423 3801 2006 3874; baseline 0.003 -19"><span class='ocrx_word' id='word_1_419' title='bbox 423 3802 629 3856; x_wconf 87' lang='lat' dir='ltr'><strong>tabilia.</strong></span> <span class='ocrx_word' id='word_1_420' title='bbox 664 3803 829 3874; x_wconf 76' lang='lat'><strong>216</strong></span> <span class='ocrx_word' id='word_1_421' title='bbox 857 3801 965 3858; x_wconf 87' lang='lat' dir='ltr'><strong>Sed</strong></span> <span class='ocrx_word' id='word_1_422' title='bbox 1013 3804 1160 3858; x_wconf 92' lang='lat' dir='ltr'><strong>enim</strong></span> <span class='ocrx_word' id='word_1_423' title='bbox 1199 3818 1421 3874; x_wconf 89' lang='lat' dir='ltr'><strong>quoquo</strong></span> <span class='ocrx_word' id='word_1_424' title='bbox 1466 3803 1632 3859; x_wconf 91' lang='lat' dir='ltr'><strong>modo</strong></span> <span class='ocrx_word' id='word_1_425' title='bbox 1676 3804 1867 3860; x_wconf 90' lang='lat' dir='ltr'><strong>audire</strong></span> <span class='ocrx_word' id='word_1_426' title='bbox 1903 3819 2006 3860; x_wconf 90' lang='lat' dir='ltr'><strong>nos</strong></span> 
     </span>
    </p>
   </div>
   <div class='ocr_carea' id='block_1_57' title="bbox 424 3893 2005 3962">
    <p class='ocr_par' dir='ltr' id='par_1_57' title="bbox 424 3893 2005 3962">
     <span class='ocr_line' id='line_1_57' title="bbox 424 3893 2005 3962; baseline 0.004 -16"><span class='ocrx_word' id='word_1_427' title='bbox 424 3899 593 3962; x_wconf 69' lang='lat' dir='ltr'><strong>juvat,</strong></span> <span class='ocrx_word' id='word_1_428' title='bbox 632 3893 818 3949; x_wconf 83' lang='lat' dir='ltr'><strong>itidem</strong></span> <span class='ocrx_word' id='word_1_429' title='bbox 875 3910 1033 3949; x_wconf 86' lang='lat' dir='ltr'><strong>sacra</strong></span> <span class='ocrx_word' id='word_1_430' title='bbox 1074 3911 1177 3950; x_wconf 87' lang='lat' dir='ltr'><strong>nos</strong></span> <span class='ocrx_word' id='word_1_431' title='bbox 1231 3895 1490 3951; x_wconf 86' lang='lat' dir='ltr'><strong>erudiunt</strong></span> <span class='ocrx_word' id='word_1_432' title='bbox 1520 3898 1764 3952; x_wconf 88' lang='lat' dir='ltr'><strong>oracula.</strong></span> <span class='ocrx_word' id='word_1_433' title='bbox 1805 3898 2005 3953; x_wconf 80' lang='lat' dir='ltr'><strong>Annon</strong></span> 
     </span>
    </p>
   </div>
   <div class='ocr_carea' id='block_1_58' title="bbox 423 3984 2005 4057">
    <p class='ocr_par' dir='ltr' id='par_1_58' title="bbox 423 3984 2005 4057">
     <span class='ocr_line' id='line_1_58' title="bbox 423 3984 2005 4057; baseline 0.007 -20"><span class='ocrx_word' id='word_1_434' title='bbox 423 3984 627 4040; x_wconf 83' lang='lat' dir='ltr'><strong>Christi</strong></span> <span class='ocrx_word' id='word_1_435' title='bbox 654 3985 856 4039; x_wconf 89' lang='lat' dir='ltr'><strong>bonum</strong></span> <span class='ocrx_word' id='word_1_436' title='bbox 880 3985 1104 4040; x_wconf 85' lang='lat' dir='ltr'><strong>odorem</strong></span> <span class='ocrx_word' id='word_1_437' title='bbox 1143 3986 1261 4056; x_wconf 89' lang='lat' dir='ltr'><strong>ipse</strong></span> <span class='ocrx_word' id='word_1_438' title='bbox 1300 3987 1566 4057; x_wconf 83' lang='lat' dir='ltr'><strong>seipsum,</strong></span> <span class='ocrx_word' id='word_1_439' title='bbox 1589 3998 1639 4043; x_wconf 87' lang='lat' dir='ltr'><strong>et</strong></span> <span class='ocrx_word' id='word_1_440' title='bbox 1680 3990 1766 4045; x_wconf 90' lang='lat' dir='ltr'><strong>sui</strong></span> <span class='ocrx_word' id='word_1_441' title='bbox 1798 3991 2005 4048; x_wconf 86' lang='lat' dir='ltr'><strong>similes</strong></span> 
     </span>
    </p>
   </div>
   <div class='ocr_carea' id='block_1_59' title="bbox 422 4077 2000 4151">
    <p class='ocr_par' dir='ltr' id='par_1_59' title="bbox 422 4077 2000 4151">
     <span class='ocr_line' id='line_1_59' title="bbox 422 4077 2000 4151; baseline 0.006 -22"><span class='ocrx_word' id='word_1_442' title='bbox 422 4082 648 4134; x_wconf 83' lang='lat' dir='ltr'><strong>sanctus</strong></span> <span class='ocrx_word' id='word_1_443' title='bbox 670 4077 1027 4148; x_wconf 75' lang='lat' dir='ltr'><strong>Apostolus&#39;,</strong></span> <span class='ocrx_word' id='word_1_444' title='bbox 1055 4086 1348 4148; x_wconf 86' lang='lat' dir='ltr'><strong>propterea</strong></span> <span class='ocrx_word' id='word_1_445' title='bbox 1369 4078 1513 4148; x_wconf 90' lang='lat' dir='ltr'><strong>quod</strong></span> <span class='ocrx_word' id='word_1_446' title='bbox 1541 4078 1781 4151; x_wconf 85' lang='lat' dir='ltr'><strong>Spiritus</strong></span> <span class='ocrx_word' id='word_1_447' title='bbox 1796 4082 2000 4140; x_wconf 85' lang='lat' dir='ltr'><strong>Christi</strong></span> 
     </span>
    </p>
   </div>
   <div class='ocr_carea' id='block_1_60' title="bbox 423 4166 2004 4244">
    <p class='ocr_par' dir='ltr' id='par_1_60' title="bbox 423 4166 2004 4244">
     <span class='ocr_line' id='line_1_60' title="bbox 423 4166 2004 4244; baseline 0.005 -24"><span class='ocrx_word' id='word_1_448' title='bbox 423 4166 695 4239; x_wconf 88' lang='lat' dir='ltr'><strong>particeps</strong></span> <span class='ocrx_word' id='word_1_449' title='bbox 716 4175 886 4234; x_wconf 82' lang='lat' dir='ltr'><strong>esset,</strong></span> <span class='ocrx_word' id='word_1_450' title='bbox 915 4170 1253 4241; x_wconf 82' lang='lat' dir='ltr'><strong>appellavit?</strong></span> <span class='ocrx_word' id='word_1_451' title='bbox 1280 4169 1474 4227; x_wconf 85' lang='lat' dir='ltr'><strong>Nonne</strong></span> <span class='ocrx_word' id='word_1_452' title='bbox 1512 4181 1852 4244; x_wconf 83' lang='lat' dir='ltr'><strong>unguentum</strong></span> <span class='ocrx_word' id='word_1_453' title='bbox 1874 4190 2004 4231; x_wconf 83' lang='lat' dir='ltr'><strong>eva-</strong></span> 
     </span>
    </p>
   </div>
   <div class='ocr_carea' id='block_1_61' title="bbox 422 4259 2003 4332">
    <p class='ocr_par' dir='ltr' id='par_1_61' title="bbox 422 4259 2003 4332">
     <span class='ocr_line' id='line_1_61' title="bbox 422 4259 2003 4332; baseline 0.006 -19"><span class='ocrx_word' id='word_1_454' title='bbox 422 4267 645 4314; x_wconf 89' lang='lat' dir='ltr'><strong>cuatum</strong></span> <span class='ocrx_word' id='word_1_455' title='bbox 680 4261 797 4330; x_wconf 89' lang='lat' dir='ltr'><strong>ipse</strong></span> <span class='ocrx_word' id='word_1_456' title='bbox 848 4261 1093 4318; x_wconf 76' lang='lat' dir='ltr'><strong>cmlestis</strong></span> <span class='ocrx_word' id='word_1_457' title='bbox 1123 4259 1372 4332; x_wconf 88' lang='lat' dir='ltr'><strong>Sponsus</strong></span> <span class='ocrx_word' id='word_1_458' title='bbox 1411 4263 1466 4317; x_wconf 88' lang='lat' dir='ltr'><strong>in</strong></span> <span class='ocrx_word' id='word_1_459' title='bbox 1508 4263 1791 4321; x_wconf 81' lang='lat' dir='ltr'><strong>Canticis&#39;</strong></span> <span class='ocrx_word' id='word_1_460' title='bbox 1821 4267 2003 4325; x_wconf 91' lang='lat' dir='ltr'><strong>dictus</strong></span> 
     </span>
    </p>
   </div>
   <div class='ocr_carea' id='block_1_62' title="bbox 422 4351 1998 4425">
    <p class='ocr_par' dir='ltr' id='par_1_62' title="bbox 422 4351 1998 4425">
     <span class='ocr_line' id='line_1_62' title="bbox 422 4351 1998 4425; baseline 0.004 -18"><span class='ocrx_word' id='word_1_461' title='bbox 422 4358 526 4416; x_wconf 85' lang='lat' dir='ltr'><strong>est,</strong></span> <span class='ocrx_word' id='word_1_462' title='bbox 552 4351 762 4407; x_wconf 87' lang='lat' dir='ltr'><strong>idcirco</strong></span> <span class='ocrx_word' id='word_1_463' title='bbox 806 4352 953 4422; x_wconf 89' lang='lat' dir='ltr'><strong>quod</strong></span> <span class='ocrx_word' id='word_1_464' title='bbox 998 4367 1123 4408; x_wconf 90' lang='lat' dir='ltr'><strong>cum</strong></span> <span class='ocrx_word' id='word_1_465' title='bbox 1166 4355 1313 4409; x_wconf 88' lang='lat' dir='ltr'><strong>illam</strong></span> <span class='ocrx_word' id='word_1_466' title='bbox 1358 4354 1533 4425; x_wconf 90' lang='lat' dir='ltr'><strong>ipsius</strong></span> <span class='ocrx_word' id='word_1_467' title='bbox 1563 4359 1998 4425; x_wconf 83' lang='lat' dir='ltr'><strong>evacuationem,</strong></span> 
     </span>
    </p>
   </div>
   <div class='ocr_carea' id='block_1_63' title="bbox 421 4443 1996 4516">
    <p class='ocr_par' dir='ltr' id='par_1_63' title="bbox 421 4443 1996 4516">
     <span class='ocr_line' id='line_1_63' title="bbox 421 4443 1996 4516; baseline 0.003 -17"><span class='ocrx_word' id='word_1_468' title='bbox 421 4458 547 4499; x_wconf 85' lang='lat' dir='ltr'><strong>cum</strong></span> <span class='ocrx_word' id='word_1_469' title='bbox 593 4443 853 4500; x_wconf 88' lang='lat' dir='ltr'><strong>omnibus</strong></span> <span class='ocrx_word' id='word_1_470' title='bbox 883 4451 996 4498; x_wconf 87' lang='lat' dir='ltr'><strong>tam</strong></span> <span class='ocrx_word' id='word_1_471' title='bbox 1044 4443 1358 4500; x_wconf 82' lang='lat' dir='ltr'><strong>visibilibus</strong></span> <span class='ocrx_word' id='word_1_472' title='bbox 1397 4460 1560 4516; x_wconf 89' lang='lat' dir='ltr'><strong>quam</strong></span> <span class='ocrx_word' id='word_1_473' title='bbox 1604 4446 1996 4515; x_wconf 86' lang='lat' dir='ltr'><strong>invisibilibus,</strong></span> 
     </span>
    </p>
   </div>
   <div class='ocr_carea' id='block_1_64' title="bbox 420 4535 2077 4620">
    <p class='ocr_par' dir='ltr' id='par_1_64' title="bbox 420 4535 2077 4620">
     <span class='ocr_line' id='line_1_64' title="bbox 420 4535 2077 4620; baseline 0.005 -32"><span class='ocrx_word' id='word_1_474' title='bbox 420 4542 529 4589; x_wconf 90' lang='lat' dir='ltr'><strong>tam</strong></span> <span class='ocrx_word' id='word_1_475' title='bbox 565 4535 848 4605; x_wconf 88' lang='lat' dir='ltr'><strong>corporeis</strong></span> <span class='ocrx_word' id='word_1_476' title='bbox 890 4551 1058 4606; x_wconf 90' lang='lat' dir='ltr'><strong>quam</strong></span> <span class='ocrx_word' id='word_1_477' title='bbox 1109 4535 1469 4609; x_wconf 88' lang='lat' dir='ltr'><strong>incorporeis,</strong></span> <span class='ocrx_word' id='word_1_478' title='bbox 1504 4546 1614 4593; x_wconf 86' lang='lat' dir='ltr'><strong>tam</strong></span> <span class='ocrx_word' id='word_1_479' title='bbox 1636 4539 1999 4596; x_wconf 88' lang='lat' dir='ltr'><strong>rationalibus</strong></span> <span class='ocrx_word' id='word_1_480' title='bbox 2029 4563 2077 4620; x_wconf 65' lang='grc' dir='ltr'><strong>ι)</strong></span> 
     </span>
    </p>
   </div>
   <div class='ocr_carea' id='block_1_65' title="bbox 419 4624 1995 4697">
    <p class='ocr_par' dir='ltr' id='par_1_65' title="bbox 419 4624 1995 4697">
     <span class='ocr_line' id='line_1_65' title="bbox 419 4624 1995 4697; baseline 0.006 -18"><span class='ocrx_word' id='word_1_481' title='bbox 419 4639 583 4697; x_wconf 87' lang='lat' dir='ltr'><strong>quam</strong></span> <span class='ocrx_word' id='word_1_482' title='bbox 634 4624 813 4682; x_wconf 89' lang='lat' dir='ltr'><strong>brutis</strong></span> <span class='ocrx_word' id='word_1_483' title='bbox 841 4627 1353 4693; x_wconf 80' lang='lat' dir='ltr'><strong>eommunicaverlt,</strong></span> <span class='ocrx_word' id='word_1_484' title='bbox 1406 4637 1524 4684; x_wconf 90' lang='lat' dir='ltr'><strong>tum</strong></span> <span class='ocrx_word' id='word_1_485' title='bbox 1575 4645 1641 4688; x_wconf 85' lang='lat' dir='ltr'><strong>ea</strong></span> <span class='ocrx_word' id='word_1_486' title='bbox 1692 4633 1995 4689; x_wconf 88' lang='lat' dir='ltr'><strong>secundum</strong></span> 
     </span>
    </p>
   </div>
   <div class='ocr_carea' id='block_1_66' title="bbox 418 4716 1998 4793">
    <p class='ocr_par' dir='ltr' id='par_1_66' title="bbox 418 4716 1998 4793">
     <span class='ocr_line' id='line_1_66' title="bbox 418 4716 1998 4793; baseline 0.004 -22"><span class='ocrx_word' id='word_1_487' title='bbox 418 4718 826 4788; x_wconf 90' lang='lat' dir='ltr'><strong>proportionem</strong></span> <span class='ocrx_word' id='word_1_488' title='bbox 851 4717 1014 4788; x_wconf 88' lang='lat' dir='ltr'><strong>digna</strong></span> <span class='ocrx_word' id='word_1_489' title='bbox 1035 4716 1224 4773; x_wconf 70' lang='lat' dir='ltr'><strong>effecta</strong></span> <span class='ocrx_word' id='word_1_490' title='bbox 1249 4728 1399 4782; x_wconf 88' lang='lat' dir='ltr'><strong>sunt,</strong></span> <span class='ocrx_word' id='word_1_491' title='bbox 1428 4735 1550 4791; x_wconf 65' lang='lat' dir='ltr'><strong>qua:</strong></span> <span class='ocrx_word' id='word_1_492' title='bbox 1577 4721 1630 4776; x_wconf 91' lang='lat' dir='ltr'><strong>in</strong></span> <span class='ocrx_word' id='word_1_493' title='bbox 1662 4730 1872 4793; x_wconf 88' lang='lat' dir='ltr'><strong>partem</strong></span> <span class='ocrx_word' id='word_1_494' title='bbox 1906 4737 1998 4779; x_wconf 91' lang='lat' dir='ltr'><strong>ac-</strong></span> 
     </span>
    </p>
   </div>
   <div class='ocr_carea' id='block_1_67' title="bbox 417 4808 1993 4887">
    <p class='ocr_par' dir='ltr' id='par_1_67' title="bbox 417 4808 1993 4887">
     <span class='ocr_line' id='line_1_67' title="bbox 417 4808 1993 4887; baseline 0.005 -24"><span class='ocrx_word' id='word_1_495' title='bbox 417 4808 750 4879; x_wconf 89' lang='lat' dir='ltr'><strong>ciperentur,</strong></span> <span class='ocrx_word' id='word_1_496' title='bbox 817 4819 874 4866; x_wconf 89' lang='lat' dir='ltr'><strong>et</strong></span> <span class='ocrx_word' id='word_1_497' title='bbox 927 4812 1096 4867; x_wconf 89' lang='lat' dir='ltr'><strong>divini</strong></span> <span class='ocrx_word' id='word_1_498' title='bbox 1151 4812 1317 4869; x_wconf 84' lang='lat' dir='ltr'><strong>Verbi</strong></span> <span class='ocrx_word' id='word_1_499' title='bbox 1375 4814 1703 4870; x_wconf 86' lang='lat' dir='ltr'><strong>liberalitate</strong></span> <span class='ocrx_word' id='word_1_500' title='bbox 1759 4815 1993 4887; x_wconf 85' lang='lat' dir='ltr'><strong>quadam</strong></span> 
     </span>
    </p>
   </div>
   <div class='ocr_carea' id='block_1_68' title="bbox 417 4898 1998 4979">
    <p class='ocr_par' dir='ltr' id='par_1_68' title="bbox 417 4898 1998 4979">
     <span class='ocr_line' id='line_1_68' title="bbox 417 4898 1998 4979; baseline 0.007 -25"><span class='ocrx_word' id='word_1_501' title='bbox 417 4898 773 4958; x_wconf 80' lang='lat' dir='ltr'><strong>fruerentur?</strong></span> <span class='ocrx_word' id='word_1_502' title='bbox 796 4902 973 4973; x_wconf 81' lang='lat' dir='ltr'><strong>Hujus</strong></span> <span class='ocrx_word' id='word_1_503' title='bbox 995 4905 1217 4976; x_wconf 90' lang='lat' dir='ltr'><strong>quidem</strong></span> <span class='ocrx_word' id='word_1_504' title='bbox 1250 4906 1423 4961; x_wconf 90' lang='lat' dir='ltr'><strong>divini</strong></span> <span class='ocrx_word' id='word_1_505' title='bbox 1443 4905 1659 4964; x_wconf 85' lang='lat' dir='ltr'><strong>atllatus</strong></span> <span class='ocrx_word' id='word_1_506' title='bbox 1690 4909 1998 4979; x_wconf 83' lang='lat' dir='ltr'><strong>susceptio-</strong></span> 
     </span>
    </p>
   </div>
   <div class='ocr_carea' id='block_1_69' title="bbox 417 4996 1997 5066">
    <p class='ocr_par' dir='ltr' id='par_1_69' title="bbox 417 4996 1997 5066">
     <span class='ocr_line' id='line_1_69' title="bbox 417 4996 1997 5066; baseline 0.007 -19"><span class='ocrx_word' id='word_1_507' title='bbox 417 5009 564 5061; x_wconf 90' lang='lat' dir='ltr'><strong>nem,</strong></span> <span class='ocrx_word' id='word_1_508' title='bbox 594 4996 664 5051; x_wconf 88' lang='lat' dir='ltr'><strong>iis</strong></span> <span class='ocrx_word' id='word_1_509' title='bbox 688 4996 780 5066; x_wconf 90' lang='lat' dir='ltr'><strong>qui</strong></span> <span class='ocrx_word' id='word_1_510' title='bbox 817 4998 1115 5055; x_wconf 90' lang='lat' dir='ltr'><strong>rationales</strong></span> <span class='ocrx_word' id='word_1_511' title='bbox 1155 5014 1351 5055; x_wconf 90' lang='lat' dir='ltr'><strong>sensus</strong></span> <span class='ocrx_word' id='word_1_512' title='bbox 1399 4999 1701 5056; x_wconf 84' lang='lat' dir='ltr'><strong>diminutas</strong></span> <span class='ocrx_word' id='word_1_513' title='bbox 1744 5016 1856 5057; x_wconf 89' lang='lat' dir='ltr'><strong>non</strong></span> <span class='ocrx_word' id='word_1_514' title='bbox 1898 5002 1997 5057; x_wconf 87' lang='lat' dir='ltr'><strong>ha-</strong></span> 
     </span>
    </p>
   </div>
   <div class='ocr_carea' id='block_1_70' title="bbox 416 5086 1998 5165">
    <p class='ocr_par' dir='ltr' id='par_1_70' title="bbox 416 5086 1998 5165">
     <span class='ocr_line' id='line_1_70' title="bbox 416 5086 1998 5165; baseline 0.006 -23"><span class='ocrx_word' id='word_1_515' title='bbox 416 5086 568 5152; x_wconf 86' lang='lat' dir='ltr'><strong>bent,</strong></span> <span class='ocrx_word' id='word_1_516' title='bbox 605 5090 898 5147; x_wconf 89' lang='lat' dir='ltr'><strong>universus</strong></span> <span class='ocrx_word' id='word_1_517' title='bbox 951 5090 1197 5162; x_wconf 88' lang='lat' dir='ltr'><strong>impertit</strong></span> <span class='ocrx_word' id='word_1_518' title='bbox 1240 5092 1499 5158; x_wconf 86' lang='lat' dir='ltr'><strong>mundus,</strong></span> <span class='ocrx_word' id='word_1_519' title='bbox 1535 5110 1709 5165; x_wconf 90' lang='lat' dir='ltr'><strong>usque</strong></span> <span class='ocrx_word' id='word_1_520' title='bbox 1759 5096 1897 5151; x_wconf 89' lang='lat' dir='ltr'><strong>adeo</strong></span> <span class='ocrx_word' id='word_1_521' title='bbox 1935 5103 1998 5151; x_wconf 89' lang='lat' dir='ltr'><strong>ut</strong></span> 
     </span>
    </p>
   </div>
   <div class='ocr_carea' id='block_1_71' title="bbox 416 5186 1993 5257">
    <p class='ocr_par' dir='ltr' id='par_1_71' title="bbox 416 5186 1993 5257">
     <span class='ocr_line' id='line_1_71' title="bbox 416 5186 1993 5257; baseline 0.004 -22"><span class='ocrx_word' id='word_1_522' title='bbox 416 5195 538 5250; x_wconf 69' lang='lat' dir='ltr'><strong>qua:</strong></span> <span class='ocrx_word' id='word_1_523' title='bbox 574 5190 789 5237; x_wconf 89' lang='lat' dir='ltr'><strong>terrena</strong></span> <span class='ocrx_word' id='word_1_524' title='bbox 834 5194 888 5239; x_wconf 88' lang='lat' dir='ltr'><strong>et</strong></span> <span class='ocrx_word' id='word_1_525' title='bbox 926 5186 1261 5255; x_wconf 89' lang='lat' dir='ltr'><strong>corruptioni</strong></span> <span class='ocrx_word' id='word_1_526' title='bbox 1308 5186 1544 5240; x_wconf 82' lang='lat' dir='ltr'><strong>obnoxia</strong></span> <span class='ocrx_word' id='word_1_527' title='bbox 1583 5195 1713 5240; x_wconf 89' lang='lat' dir='ltr'><strong>sunt</strong></span> <span class='ocrx_word' id='word_1_528' title='bbox 1738 5201 1993 5257; x_wconf 88' lang='lat' dir='ltr'><strong>corpora,</strong></span> 
     </span>
    </p>
   </div>
   <div class='ocr_carea' id='block_1_72' title="bbox 416 5274 1992 5347">
    <p class='ocr_par' dir='ltr' id='par_1_72' title="bbox 416 5274 1992 5347">
     <span class='ocr_line' id='line_1_72' title="bbox 416 5274 1992 5347; baseline 0.005 -22"><span class='ocrx_word' id='word_1_529' title='bbox 416 5274 595 5327; x_wconf 90' lang='lat' dir='ltr'><strong>omnis</strong></span> <span class='ocrx_word' id='word_1_530' title='bbox 629 5274 870 5329; x_wconf 71' lang='lat' dir='ltr'><strong>materiae</strong></span> <span class='ocrx_word' id='word_1_531' title='bbox 897 5283 1176 5345; x_wconf 83' lang='lat' dir='ltr'><strong>expertem</strong></span> <span class='ocrx_word' id='word_1_532' title='bbox 1217 5276 1707 5347; x_wconf 87' lang='lat' dir='ltr'><strong>incorruptamque</strong></span> <span class='ocrx_word' id='word_1_533' title='bbox 1738 5276 1992 5347; x_wconf 88' lang='lat' dir='ltr'><strong>fragran-</strong></span> 
     </span>
    </p>
   </div>
   <div class='ocr_carea' id='block_1_73' title="bbox 416 5362 2031 5441">
    <p class='ocr_par' dir='ltr' id='par_1_73' title="bbox 416 5362 2031 5441">
     <span class='ocr_line' id='line_1_73' title="bbox 416 5362 2031 5441; baseline 0.007 -25"><span class='ocrx_word' id='word_1_534' title='bbox 416 5362 548 5417; x_wconf 88' lang='lat' dir='ltr'><strong>tiam</strong></span> <span class='ocrx_word' id='word_1_535' title='bbox 580 5364 884 5431; x_wconf 84' lang='lat' dir='ltr'><strong>redoleant,</strong></span> <span class='ocrx_word' id='word_1_536' title='bbox 917 5368 1047 5421; x_wconf 90' lang='lat' dir='ltr'><strong>dum</strong></span> <span class='ocrx_word' id='word_1_537' title='bbox 1082 5367 1303 5437; x_wconf 90' lang='lat' dir='ltr'><strong>quidem</strong></span> <span class='ocrx_word' id='word_1_538' title='bbox 1339 5386 1595 5441; x_wconf 87' lang='lat' dir='ltr'><strong>superne,</strong></span> <span class='ocrx_word' id='word_1_539' title='bbox 1623 5371 1800 5426; x_wconf 87' lang='lat' dir='ltr'><strong>instar</strong></span> <span class='ocrx_word' id='word_1_540' title='bbox 1825 5370 1993 5429; x_wconf 90' lang='lat' dir='ltr'><strong>fontis</strong></span> <span class='ocrx_word' id='word_1_541' title='bbox 2028 5402 2031 5405; x_wconf 95' lang='lat'><strong><em>-</em></strong></span> 
     </span>
    </p>
   </div>
   <div class='ocr_carea' id='block_1_74' title="bbox 418 5455 1993 5531">
    <p class='ocr_par' dir='ltr' id='par_1_74' title="bbox 418 5455 1993 5531">
     <span class='ocr_line' id='line_1_74' title="bbox 418 5455 1993 5531; baseline 0.008 -24"><span class='ocrx_word' id='word_1_542' title='bbox 418 5464 602 5510; x_wconf 81' lang='lat' dir='ltr'><strong>manat</strong></span> <span class='ocrx_word' id='word_1_543' title='bbox 633 5455 777 5513; x_wconf 92' lang='lat' dir='ltr'><strong>Deus</strong></span> <span class='ocrx_word' id='word_1_544' title='bbox 808 5459 1071 5526; x_wconf 87' lang='lat' dir='ltr'><strong>universi,</strong></span> <span class='ocrx_word' id='word_1_545' title='bbox 1100 5461 1193 5531; x_wconf 93' lang='lat' dir='ltr'><strong>qui</strong></span> <span class='ocrx_word' id='word_1_546' title='bbox 1227 5475 1352 5516; x_wconf 89' lang='lat' dir='ltr'><strong>cum</strong></span> <span class='ocrx_word' id='word_1_547' title='bbox 1398 5463 1542 5518; x_wconf 82' lang='lat' dir='ltr'><strong>unici</strong></span> <span class='ocrx_word' id='word_1_548' title='bbox 1568 5461 1733 5519; x_wconf 82' lang='lat' dir='ltr'><strong>Verbi</strong></span> <span class='ocrx_word' id='word_1_549' title='bbox 1782 5462 1869 5517; x_wconf 89' lang='lat' dir='ltr'><strong>sui</strong></span> <span class='ocrx_word' id='word_1_550' title='bbox 1919 5466 1993 5520; x_wconf 87' lang='lat' dir='ltr'><strong>sit</strong></span> 
     </span>
    </p>
   </div>
   <div class='ocr_carea' id='block_1_75' title="bbox 418 5543 1990 5625">
    <p class='ocr_par' dir='ltr' id='par_1_75' title="bbox 418 5543 1990 5625">
     <span class='ocr_line' id='line_1_75' title="bbox 418 5543 1990 5625; baseline 0.007 -24"><span class='ocrx_word' id='word_1_551' title='bbox 418 5543 602 5612; x_wconf 85' lang='lat' dir='ltr'><strong>Pater,</strong></span> <span class='ocrx_word' id='word_1_552' title='bbox 626 5550 767 5603; x_wconf 89' lang='lat' dir='ltr'><strong>idem</strong></span> <span class='ocrx_word' id='word_1_553' title='bbox 801 5552 873 5605; x_wconf 90' lang='lat' dir='ltr'><strong>sit</strong></span> <span class='ocrx_word' id='word_1_554' title='bbox 902 5551 1138 5621; x_wconf 89' lang='lat' dir='ltr'><strong>primum</strong></span> <span class='ocrx_word' id='word_1_555' title='bbox 1163 5568 1222 5607; x_wconf 89' lang='lat' dir='ltr'><strong>re</strong></span> <span class='ocrx_word' id='word_1_556' title='bbox 1251 5568 1379 5608; x_wconf 90' lang='lat' dir='ltr'><strong>vera</strong></span> <span class='ocrx_word' id='word_1_557' title='bbox 1422 5554 1650 5621; x_wconf 90' lang='lat' dir='ltr'><strong>bonum,</strong></span> <span class='ocrx_word' id='word_1_558' title='bbox 1683 5555 1831 5625; x_wconf 89' lang='lat' dir='ltr'><strong>quod</strong></span> <span class='ocrx_word' id='word_1_559' title='bbox 1860 5556 1990 5612; x_wconf 87' lang='lat' dir='ltr'><strong>boni</strong></span> 
     </span>
    </p>
   </div>
   <div class='ocr_carea' id='block_1_76' title="bbox 417 5638 1990 5721">
    <p class='ocr_par' dir='ltr' id='par_1_76' title="bbox 417 5638 1990 5721">
     <span class='ocr_line' id='line_1_76' title="bbox 417 5638 1990 5721; baseline 0.012 -31"><span class='ocrx_word' id='word_1_560' title='bbox 417 5638 672 5711; x_wconf 79' lang='lat' dir='ltr'><strong>gignendi</strong></span> <span class='ocrx_word' id='word_1_561' title='bbox 697 5643 804 5697; x_wconf 89' lang='lat' dir='ltr'><strong>vim</strong></span> <span class='ocrx_word' id='word_1_562' title='bbox 826 5644 1045 5713; x_wconf 85' lang='lat' dir='ltr'><strong>haheat,</strong></span> <span class='ocrx_word' id='word_1_563' title='bbox 1075 5646 1316 5719; x_wconf 87' lang='lat' dir='ltr'><strong>dumque</strong></span> <span class='ocrx_word' id='word_1_564' title='bbox 1333 5650 1642 5721; x_wconf 87' lang='lat' dir='ltr'><strong>genituram</strong></span> <span class='ocrx_word' id='word_1_565' title='bbox 1678 5649 1911 5718; x_wconf 88' lang='lat' dir='ltr'><strong>obtinet,</strong></span> <span class='ocrx_word' id='word_1_566' title='bbox 1935 5661 1990 5709; x_wconf 90' lang='lat' dir='ltr'><strong>et</strong></span> 
     </span>
    </p>
   </div>
   <div class='ocr_carea' id='block_1_77' title="bbox 489 5819 1379 5889">
    <p class='ocr_par' dir='ltr' id='par_1_77' title="bbox 489 5819 1379 5889">
     <span class='ocr_line' id='line_1_77' title="bbox 489 5819 1379 5889; baseline 0.002 -14"><span class='ocrx_word' id='word_1_567' title='bbox 489 5824 507 5855; x_wconf 82' lang='grc'><em>³</em></span> <span class='ocrx_word' id='word_1_568' title='bbox 543 5821 729 5877; x_wconf 89' lang='lat' dir='ltr'><strong>llCor.</strong></span> <span class='ocrx_word' id='word_1_569' title='bbox 770 5838 828 5876; x_wconf 85' lang='lat' dir='ltr'><strong>ll.</strong></span> <span class='ocrx_word' id='word_1_570' title='bbox 868 5824 953 5879; x_wconf 68' lang='lat'><strong>15.</strong></span> <span class='ocrx_word' id='word_1_571' title='bbox 1028 5819 1225 5874; x_wconf 74' lang='lat' dir='ltr'><strong>&#39;Cant.</strong></span> <span class='ocrx_word' id='word_1_572' title='bbox 1258 5836 1295 5889; x_wconf 86' lang='grc' dir='ltr'><strong>ι,</strong></span> <span class='ocrx_word' id='word_1_573' title='bbox 1328 5821 1379 5877; x_wconf 74' lang='lat'><strong>2.</strong></span> 
     </span>
    </p>
   </div>
   <div class='ocr_carea' id='block_1_78' title="bbox 2130 1959 3706 2031">
    <p class='ocr_par' dir='ltr' id='par_1_78' title="bbox 2130 1959 3706 2031">
     <span class='ocr_line' id='line_1_78' title="bbox 2130 1959 3706 2031; baseline 0.001 -20"><span class='ocrx_word' id='word_1_574' title='bbox 2130 1960 2220 2013; x_wconf 83' lang='grc' dir='ltr'>Διὸ</span> <span class='ocrx_word' id='word_1_575' title='bbox 2238 1959 2338 2030; x_wconf 88' lang='grc' dir='ltr'><strong>τῆς</strong></span> <span class='ocrx_word' id='word_1_576' title='bbox 2374 1960 2538 2014; x_wconf 88' lang='grc' dir='ltr'>αὐτοῦ</span> <span class='ocrx_word' id='word_1_577' title='bbox 2568 1959 2913 2025; x_wconf 83' lang='grc' dir='ltr'>ὲκκενώσεως</span> <span class='ocrx_word' id='word_1_578' title='bbox 2966 1960 3033 2014; x_wconf 86' lang='grc' dir='ltr'>τὰ</span> <span class='ocrx_word' id='word_1_579' title='bbox 3074 1961 3270 2026; x_wconf 79' lang='grc' dir='ltr'>πάντα,</span> <span class='ocrx_word' id='word_1_580' title='bbox 3310 1960 3484 2031; x_wconf 88' lang='grc' dir='ltr'>ὀρατά</span> <span class='ocrx_word' id='word_1_581' title='bbox 3512 1977 3573 2013; x_wconf 90' lang='grc' dir='ltr'><strong>τε</strong></span> <span class='ocrx_word' id='word_1_582' title='bbox 3612 1959 3706 2014; x_wconf 81' lang='grc' dir='ltr'>καὶ</span> 
     </span>
    </p>
   </div>
   <div class='ocr_carea' id='block_1_79' title="bbox 2127 2052 3703 2125">
    <p class='ocr_par' dir='ltr' id='par_1_79' title="bbox 2127 2052 3703 2125">
     <span class='ocr_line' id='line_1_79' title="bbox 2127 2052 3703 2125; baseline 0 -20"><span class='ocrx_word' id='word_1_583' title='bbox 2127 2052 2353 2123; x_wconf 80' lang='grc' dir='ltr'>ἀόρατα,</span> <span class='ocrx_word' id='word_1_584' title='bbox 2410 2052 2636 2125; x_wconf 89' lang='grc' dir='ltr'>σώματά</span> <span class='ocrx_word' id='word_1_585' title='bbox 2690 2071 2746 2107; x_wconf 91' lang='grc' dir='ltr'><strong>τε</strong></span> <span class='ocrx_word' id='word_1_586' title='bbox 2797 2054 2890 2107; x_wconf 76' lang='grc' dir='ltr'><strong>καὶ</strong></span> <span class='ocrx_word' id='word_1_587' title='bbox 2932 2053 3218 2124; x_wconf 65' lang='grc' dir='ltr'>ἀσῦματα,</span> <span class='ocrx_word' id='word_1_588' title='bbox 3269 2053 3463 2123; x_wconf 89' lang='grc' dir='ltr'>λογικά</span> <span class='ocrx_word' id='word_1_589' title='bbox 3502 2071 3560 2107; x_wconf 90' lang='grc' dir='ltr'><strong>τε</strong></span> <span class='ocrx_word' id='word_1_590' title='bbox 3610 2068 3703 2106; x_wconf 84' lang='grc' dir='ltr'><strong>και</strong></span> 
     </span>
    </p>
   </div>
   <div class='ocr_carea' id='block_1_80' title="bbox 2127 2145 3701 2217">
    <p class='ocr_par' dir='ltr' id='par_1_80' title="bbox 2127 2145 3701 2217">
     <span class='ocr_line' id='line_1_80' title="bbox 2127 2145 3701 2217; baseline -0.001 -18"><span class='ocrx_word' id='word_1_591' title='bbox 2127 2145 2317 2214; x_wconf 83' lang='grc' dir='ltr'>ἄλογα,</span> <span class='ocrx_word' id='word_1_592' title='bbox 2356 2147 2713 2217; x_wconf 79' lang='grc' dir='ltr'>μετασχόντα,</span> <span class='ocrx_word' id='word_1_593' title='bbox 2742 2146 3021 2216; x_wconf 80' lang='grc' dir='ltr'>ἀναλόγως</span> <span class='ocrx_word' id='word_1_594' title='bbox 3046 2146 3382 2216; x_wconf 79' lang='grc' dir='ltr'>κατηξίωται</span> <span class='ocrx_word' id='word_1_595' title='bbox 3418 2146 3701 2217; x_wconf 83' lang='grc' dir='ltr'>μετουσίας</span> 
     </span>
    </p>
   </div>
   <div class='ocr_carea' id='block_1_81' title="bbox 2127 2237 3697 2310">
    <p class='ocr_par' dir='ltr' id='par_1_81' title="bbox 2127 2237 3697 2310">
     <span class='ocr_line' id='line_1_81' title="bbox 2127 2237 3697 2310; baseline 0 -20"><span class='ocrx_word' id='word_1_596' title='bbox 2127 2240 2221 2291; x_wconf 79' lang='grc' dir='ltr'>καὶ</span> <span class='ocrx_word' id='word_1_597' title='bbox 2244 2239 2342 2309; x_wconf 91' lang='grc' dir='ltr'><strong>τῆς</strong></span> <span class='ocrx_word' id='word_1_598' title='bbox 2362 2239 2455 2292; x_wconf 87' lang='grc' dir='ltr'><strong>τοῦ</strong></span> <span class='ocrx_word' id='word_1_599' title='bbox 2498 2238 2642 2292; x_wconf 88' lang='grc' dir='ltr'>θείου</span> <span class='ocrx_word' id='word_1_600' title='bbox 2678 2239 2851 2307; x_wconf 79' lang='grc' dir='ltr'>Λόγου</span> <span class='ocrx_word' id='word_1_601' title='bbox 2907 2238 3199 2310; x_wconf 82' lang='grc' dir='ltr'>μετείληφε</span> <span class='ocrx_word' id='word_1_602' title='bbox 3234 2238 3535 2303; x_wconf 79' lang='grc' dir='ltr'>κοινωνίας.</span> <span class='ocrx_word' id='word_1_603' title='bbox 3559 2237 3697 2291; x_wconf 81' lang='grc' dir='ltr'>Ταύ-</span> 
     </span>
    </p>
   </div>
   <div class='ocr_carea' id='block_1_82' title="bbox 2124 2329 3696 2401">
    <p class='ocr_par' dir='ltr' id='par_1_82' title="bbox 2124 2329 3696 2401">
     <span class='ocr_line' id='line_1_82' title="bbox 2124 2329 3696 2401; baseline -0.002 -18"><span class='ocrx_word' id='word_1_604' title='bbox 2124 2347 2223 2401; x_wconf 90' lang='grc' dir='ltr'><strong>της</strong></span> <span class='ocrx_word' id='word_1_605' title='bbox 2241 2347 2304 2399; x_wconf 89' lang='grc' dir='ltr'><strong>γε</strong></span> <span class='ocrx_word' id='word_1_606' title='bbox 2338 2330 2437 2401; x_wconf 90' lang='grc' dir='ltr'><strong>τῆς</strong></span> <span class='ocrx_word' id='word_1_607' title='bbox 2466 2330 2649 2384; x_wconf 76' lang='grc' dir='ltr'>ἐνθέου</span> <span class='ocrx_word' id='word_1_608' title='bbox 2684 2331 2853 2401; x_wconf 83' lang='grc' dir='ltr'>πνοῆς</span> <span class='ocrx_word' id='word_1_609' title='bbox 2869 2332 2968 2401; x_wconf 82' lang='grc' dir='ltr'><strong>τὴν</strong></span> <span class='ocrx_word' id='word_1_610' title='bbox 2984 2330 3273 2401; x_wconf 77' lang='grc' dir='ltr'>ἀντίληψιν</span> <span class='ocrx_word' id='word_1_611' title='bbox 3297 2333 3408 2393; x_wconf 85' lang='grc' dir='ltr'>τοῖς</span> <span class='ocrx_word' id='word_1_612' title='bbox 3430 2329 3526 2393; x_wconf 90' lang='grc' dir='ltr'><strong>τάς</strong></span> <span class='ocrx_word' id='word_1_613' title='bbox 3556 2329 3696 2396; x_wconf 83' lang='grc' dir='ltr'>λογι-</span> 
     </span>
    </p>
   </div>
   <div class='ocr_carea' id='block_1_83' title="bbox 2125 2421 3692 2496">
    <p class='ocr_par' dir='ltr' id='par_1_83' title="bbox 2125 2421 3692 2496">
     <span class='ocr_line' id='line_1_83' title="bbox 2125 2421 3692 2496; baseline -0.003 -19"><span class='ocrx_word' id='word_1_614' title='bbox 2125 2422 2228 2488; x_wconf 78' lang='grc' dir='ltr'>κὰς</span> <span class='ocrx_word' id='word_1_615' title='bbox 2281 2423 2556 2494; x_wconf 76' lang='grc' dir='ltr'>αἰσθήσεις</span> <span class='ocrx_word' id='word_1_616' title='bbox 2593 2423 2672 2495; x_wconf 80' lang='grc' dir='ltr'>μὴ</span> <span class='ocrx_word' id='word_1_617' title='bbox 2722 2425 3141 2495; x_wconf 79' lang='grc' dir='ltr'>πεπηρωμένοις</span> <span class='ocrx_word' id='word_1_618' title='bbox 3173 2426 3203 2477; x_wconf 86' lang='grc' dir='ltr'>ὁ</span> <span class='ocrx_word' id='word_1_619' title='bbox 3258 2424 3475 2496; x_wconf 78' lang='grc' dir='ltr'>σύμπας</span> <span class='ocrx_word' id='word_1_620' title='bbox 3509 2421 3692 2476; x_wconf 82' lang='grc' dir='ltr'>ἀποδί-</span> 
     </span>
    </p>
   </div>
   <div class='ocr_carea' id='block_1_84' title="bbox 2122 2513 3699 2587">
    <p class='ocr_par' dir='ltr' id='par_1_84' title="bbox 2122 2513 3699 2587">
     <span class='ocr_line' id='line_1_84' title="bbox 2122 2513 3699 2587; baseline -0.002 -18"><span class='ocrx_word' id='word_1_621' title='bbox 2122 2515 2253 2569; x_wconf 84' lang='grc' dir='ltr'>δωσι</span> <span class='ocrx_word' id='word_1_622' title='bbox 2303 2515 2526 2587; x_wconf 78' lang='grc' dir='ltr'>κόσμος,</span> <span class='ocrx_word' id='word_1_623' title='bbox 2585 2517 2661 2580; x_wconf 81' lang='grc' dir='ltr'>ὡς</span> <span class='ocrx_word' id='word_1_624' title='bbox 2701 2516 2768 2569; x_wconf 79' lang='grc' dir='ltr'>τὰ</span> <span class='ocrx_word' id='word_1_625' title='bbox 2827 2520 2894 2587; x_wconf 82' lang='grc' dir='ltr'>τῇ</span> <span class='ocrx_word' id='word_1_626' title='bbox 2930 2516 3091 2586; x_wconf 88' lang='grc' dir='ltr'>φύσει</span> <span class='ocrx_word' id='word_1_627' title='bbox 3134 2516 3310 2587; x_wconf 84' lang='grc' dir='ltr'>γεώδη</span> <span class='ocrx_word' id='word_1_628' title='bbox 3346 2518 3442 2570; x_wconf 79' lang='grc' dir='ltr'>καὶ</span> <span class='ocrx_word' id='word_1_629' title='bbox 3486 2513 3699 2587; x_wconf 86' lang='grc' dir='ltr'>φθαρτά</span> 
     </span>
    </p>
   </div>
   <div class='ocr_carea' id='block_1_85' title="bbox 2124 2607 3695 2681">
    <p class='ocr_par' dir='ltr' id='par_1_85' title="bbox 2124 2607 3695 2681">
     <span class='ocr_line' id='line_1_85' title="bbox 2124 2607 3695 2681; baseline -0.002 -21"><span class='ocrx_word' id='word_1_630' title='bbox 2124 2607 2350 2678; x_wconf 86' lang='grc' dir='ltr'>σώματα</span> <span class='ocrx_word' id='word_1_631' title='bbox 2391 2610 2487 2681; x_wconf 86' lang='grc' dir='ltr'><strong>τῆς</strong></span> <span class='ocrx_word' id='word_1_632' title='bbox 2535 2610 2698 2663; x_wconf 79' lang='grc' dir='ltr'>ἁΰλου</span> <span class='ocrx_word' id='word_1_633' title='bbox 2729 2610 2821 2663; x_wconf 70' lang='grc' dir='ltr'>καὶ</span> <span class='ocrx_word' id='word_1_634' title='bbox 2849 2609 3129 2681; x_wconf 76' lang='grc' dir='ltr'>ἀκηράτου</span> <span class='ocrx_word' id='word_1_635' title='bbox 3165 2609 3391 2671; x_wconf 82' lang='grc' dir='ltr'>εὐωδίας</span> <span class='ocrx_word' id='word_1_636' title='bbox 3414 2608 3695 2669; x_wconf 75' lang='grc' dir='ltr'>ἀποπνεῖν,</span> 
     </span>
    </p>
   </div>
   <div class='ocr_carea' id='block_1_86' title="bbox 2122 2694 3695 2773">
    <p class='ocr_par' dir='ltr' id='par_1_86' title="bbox 2122 2694 3695 2773">
     <span class='ocr_line' id='line_1_86' title="bbox 2122 2694 3695 2773; baseline -0.003 -18"><span class='ocrx_word' id='word_1_637' title='bbox 2122 2700 2458 2772; x_wconf 76' lang='grc' dir='ltr'>πηγάζοντος</span> <span class='ocrx_word' id='word_1_638' title='bbox 2490 2703 2587 2773; x_wconf 81' lang='grc' dir='ltr'><strong>μὲν</strong></span> <span class='ocrx_word' id='word_1_639' title='bbox 2625 2702 2831 2757; x_wconf 81' lang='grc' dir='ltr'>ἄνωθεν</span> <span class='ocrx_word' id='word_1_640' title='bbox 2870 2703 2963 2756; x_wconf 90' lang='grc' dir='ltr'><strong>τοῦ</strong></span> <span class='ocrx_word' id='word_1_641' title='bbox 2996 2704 3106 2756; x_wconf 84' lang='grc' dir='ltr'><strong>τῶν</strong></span> <span class='ocrx_word' id='word_1_642' title='bbox 3133 2704 3267 2757; x_wconf 81' lang='grc' dir='ltr'>ὅλων</span> <span class='ocrx_word' id='word_1_643' title='bbox 3291 2701 3449 2765; x_wconf 84' lang='grc' dir='ltr'>Θεοῦ,</span> <span class='ocrx_word' id='word_1_644' title='bbox 3481 2702 3572 2766; x_wconf 76' lang='grc' dir='ltr'>ὃς,</span> <span class='ocrx_word' id='word_1_645' title='bbox 3598 2694 3695 2752; x_wconf 87' lang='grc' dir='ltr'><strong>τοῦ</strong></span> 
     </span>
    </p>
   </div>
   <div class='ocr_carea' id='block_1_87' title="bbox 2124 2786 3695 2866">
    <p class='ocr_par' dir='ltr' id='par_1_87' title="bbox 2124 2786 3695 2866">
     <span class='ocr_line' id='line_1_87' title="bbox 2124 2786 3695 2866; baseline -0.002 -22"><span class='ocrx_word' id='word_1_646' title='bbox 2124 2791 2444 2861; x_wconf 80' lang='grc' dir='ltr'>μονογενοῦς</span> <span class='ocrx_word' id='word_1_647' title='bbox 2469 2791 2634 2846; x_wconf 87' lang='grc' dir='ltr'>αὐτοῦ</span> <span class='ocrx_word' id='word_1_648' title='bbox 2666 2793 2837 2860; x_wconf 76' lang='grc' dir='ltr'>Λόγου</span> <span class='ocrx_word' id='word_1_649' title='bbox 2876 2793 3067 2866; x_wconf 83' lang='grc' dir='ltr'>Πατὴρ</span> <span class='ocrx_word' id='word_1_650' title='bbox 3107 2794 3205 2858; x_wconf 83' lang='grc' dir='ltr'><strong>ὢν,</strong></span> <span class='ocrx_word' id='word_1_651' title='bbox 3255 2791 3413 2855; x_wconf 85' lang='grc' dir='ltr'>αὐτὸς</span> <span class='ocrx_word' id='word_1_652' title='bbox 3435 2789 3501 2844; x_wconf 80' lang='grc' dir='ltr'><strong>ἀν</strong></span> <span class='ocrx_word' id='word_1_653' title='bbox 3527 2788 3609 2860; x_wconf 72' lang='grc' dir='ltr'>εἴη</span> <span class='ocrx_word' id='word_1_654' title='bbox 3631 2786 3695 2841; x_wconf 77' lang='grc' dir='ltr'>τὸ</span> 
     </span>
    </p>
   </div>
   <div class='ocr_carea' id='block_1_88' title="bbox 2119 2881 3690 2955">
    <p class='ocr_par' dir='ltr' id='par_1_88' title="bbox 2119 2881 3690 2955">
     <span class='ocr_line' id='line_1_88' title="bbox 2119 2881 3690 2955; baseline 0 -22"><span class='ocrx_word' id='word_1_655' title='bbox 2119 2881 2335 2953; x_wconf 84' lang='grc' dir='ltr'>πρῶτον</span> <span class='ocrx_word' id='word_1_656' title='bbox 2370 2882 2462 2935; x_wconf 72' lang='grc' dir='ltr'><strong>καὶ</strong></span> <span class='ocrx_word' id='word_1_657' title='bbox 2504 2881 2693 2953; x_wconf 87' lang='grc' dir='ltr'>κύριον</span> <span class='ocrx_word' id='word_1_658' title='bbox 2728 2882 2821 2935; x_wconf 75' lang='grc' dir='ltr'>καὶ</span> <span class='ocrx_word' id='word_1_659' title='bbox 2869 2883 3030 2953; x_wconf 83' lang='grc' dir='ltr'>μόνον</span> <span class='ocrx_word' id='word_1_660' title='bbox 3058 2883 3271 2955; x_wconf 85' lang='grc' dir='ltr'>ἀληθῶς</span> <span class='ocrx_word' id='word_1_661' title='bbox 3303 2881 3522 2951; x_wconf 81' lang='grc' dir='ltr'>ἀγαθὸν,</span> <span class='ocrx_word' id='word_1_662' title='bbox 3554 2881 3690 2949; x_wconf 70' lang='grc' dir='ltr'>ἀγαι-</span> 
     </span>
    </p>
   </div>
   <div class='ocr_carea' id='block_1_89' title="bbox 2120 2968 3689 3049">
    <p class='ocr_par' dir='ltr' id='par_1_89' title="bbox 2120 2968 3689 3049">
     <span class='ocr_line' id='line_1_89' title="bbox 2120 2968 3689 3049; baseline -0.003 -20"><span class='ocrx_word' id='word_1_663' title='bbox 2120 2975 2213 3029; x_wconf 90' lang='grc' dir='ltr'><strong>θοῦ</strong></span> <span class='ocrx_word' id='word_1_664' title='bbox 2249 2976 2568 3047; x_wconf 82' lang='grc' dir='ltr'>γεννητικὸν</span> <span class='ocrx_word' id='word_1_665' title='bbox 2594 3018 2607 3041; x_wconf 90' lang='grc'><strong>,</strong></span> <span class='ocrx_word' id='word_1_666' title='bbox 2654 2976 3067 3049; x_wconf 84' lang='grc' dir='ltr'>δευτερεύοντος</span> <span class='ocrx_word' id='word_1_667' title='bbox 3115 2978 3192 3043; x_wconf 84' lang='grc' dir='ltr'><strong>δὲ,</strong></span> <span class='ocrx_word' id='word_1_668' title='bbox 3237 2977 3331 3031; x_wconf 72' lang='grc' dir='ltr'><strong>καὶ</strong></span> <span class='ocrx_word' id='word_1_669' title='bbox 3381 2976 3528 3029; x_wconf 88' lang='grc' dir='ltr'><strong>ώσὰν</strong></span> <span class='ocrx_word' id='word_1_670' title='bbox 3583 2968 3689 3027; x_wconf 85' lang='grc' dir='ltr'><strong>ἀπὸ</strong></span> 
     </span>
    </p>
   </div>
   <div class='ocr_carea' id='block_1_90' title="bbox 2117 3058 3690 3140">
    <p class='ocr_par' dir='ltr' id='par_1_90' title="bbox 2117 3058 3690 3140">
     <span class='ocr_line' id='line_1_90' title="bbox 2117 3058 3690 3140; baseline -0.004 -19"><span class='ocrx_word' id='word_1_671' title='bbox 2117 3066 2339 3139; x_wconf 86' lang='grc' dir='ltr'>πρώτης</span> <span class='ocrx_word' id='word_1_672' title='bbox 2371 3068 2463 3121; x_wconf 58' lang='grc' dir='ltr'><strong>καὶ⁵</strong></span> <span class='ocrx_word' id='word_1_673' title='bbox 2518 3066 2826 3140; x_wconf 80' lang='grc' dir='ltr'>ἡγουμένης</span> <span class='ocrx_word' id='word_1_674' title='bbox 2854 3068 3045 3132; x_wconf 79' lang='grc' dir='ltr'>οὐσίας</span> <span class='ocrx_word' id='word_1_675' title='bbox 3082 3065 3568 3139; x_wconf 81' lang='grc' dir='ltr'>ἐπιχορηγουμένου</span> <span class='ocrx_word' id='word_1_676' title='bbox 3595 3058 3690 3116; x_wconf 88' lang='grc' dir='ltr'><strong>τοῦ</strong></span> 
     </span>
    </p>
   </div>
   <div class='ocr_carea' id='block_1_91' title="bbox 2118 3156 3691 3233">
    <p class='ocr_par' dir='ltr' id='par_1_91' title="bbox 2118 3156 3691 3233">
     <span class='ocr_line' id='line_1_91' title="bbox 2118 3156 3691 3233; baseline -0.004 -20"><span class='ocrx_word' id='word_1_677' title='bbox 2118 3159 2272 3224; x_wconf 84' lang='grc' dir='ltr'>Υίοῦ,</span> <span class='ocrx_word' id='word_1_678' title='bbox 2317 3160 2377 3224; x_wconf 81' lang='grc' dir='ltr'>ὃς</span> <span class='ocrx_word' id='word_1_679' title='bbox 2423 3161 2515 3214; x_wconf 76' lang='grc' dir='ltr'><strong>καὶ</strong></span> <span class='ocrx_word' id='word_1_680' title='bbox 2545 3161 2703 3232; x_wconf 83' lang='grc' dir='ltr'>μόνος</span> <span class='ocrx_word' id='word_1_681' title='bbox 2738 3160 2838 3231; x_wconf 75' lang='grc' dir='ltr'><strong>τῆς</strong></span> <span class='ocrx_word' id='word_1_682' title='bbox 2873 3161 3148 3233; x_wconf 75' lang='grc' dir='ltr'>πατρικῆς</span> <span class='ocrx_word' id='word_1_683' title='bbox 3177 3160 3363 3223; x_wconf 88' lang='grc' dir='ltr'>οὐσίας</span> <span class='ocrx_word' id='word_1_684' title='bbox 3388 3156 3578 3211; x_wconf 83' lang='grc' dir='ltr'>εὐωδία</span> <span class='ocrx_word' id='word_1_685' title='bbox 3609 3171 3691 3217; x_wconf 85' lang='grc' dir='ltr'><strong>τις</strong></span> 
     </span>
    </p>
   </div>
   <div class='ocr_carea' id='block_1_92' title="bbox 2113 3242 3692 3322">
    <p class='ocr_par' dir='ltr' id='par_1_92' title="bbox 2113 3242 3692 3322">
     <span class='ocr_line' id='line_1_92' title="bbox 2113 3242 3692 3322; baseline -0.005 -18"><span class='ocrx_word' id='word_1_686' title='bbox 2113 3252 2247 3321; x_wconf 82' lang='grc' dir='ltr'>ἡμῖν</span> <span class='ocrx_word' id='word_1_687' title='bbox 2305 3251 2590 3322; x_wconf 86' lang='grc' dir='ltr'>ἁνείρηται</span> <span class='ocrx_word' id='word_1_688' title='bbox 2640 3250 2949 3304; x_wconf 86' lang='grc' dir='ltr'>δουλεύουσι</span> <span class='ocrx_word' id='word_1_689' title='bbox 3000 3250 3163 3320; x_wconf 80' lang='grc' dir='ltr'>λογίῳ</span> <span class='ocrx_word' id='word_1_690' title='bbox 3215 3248 3519 3303; x_wconf 86' lang='grc' dir='ltr'>παιδεύοντι</span> <span class='ocrx_word' id='word_1_691' title='bbox 3565 3242 3692 3316; x_wconf 73' lang='grc' dir='ltr'>περὶ</span> 
     </span>
    </p>
   </div>
   <div class='ocr_carea' id='block_1_93' title="bbox 2114 3337 3690 3415">
    <p class='ocr_par' dir='ltr' id='par_1_93' title="bbox 2114 3337 3690 3415">
     <span class='ocr_line' id='line_1_93' title="bbox 2114 3337 3690 3415; baseline -0.004 -19"><span class='ocrx_word' id='word_1_692' title='bbox 2114 3341 2300 3410; x_wconf 88' lang='grc' dir='ltr'>αὐτοῦ,</span> <span class='ocrx_word' id='word_1_693' title='bbox 2329 3344 2409 3395; x_wconf 81' lang='grc' dir='ltr'><strong>ὅτι</strong></span> <span class='ocrx_word' id='word_1_694' title='bbox 2442 3342 2527 3415; x_wconf 79' lang='grc' dir='ltr'>δὴ,</span> <span class='ocrx_word' id='word_1_695' title='bbox 2570 3362 2589 3394; x_wconf 87' lang='grc'><strong><em>‹</em></strong></span> <span class='ocrx_word' id='word_1_696' title='bbox 2624 3342 2811 3414; x_wconf 80' lang='grc' dir='ltr'>Ἀτμίς</span> <span class='ocrx_word' id='word_1_697' title='bbox 2838 3345 2953 3395; x_wconf 77' lang='grc' dir='ltr'>ἐστι</span> <span class='ocrx_word' id='word_1_698' title='bbox 2990 3342 3087 3412; x_wconf 87' lang='grc' dir='ltr'><strong>τῆς</strong></span> <span class='ocrx_word' id='word_1_699' title='bbox 3107 3340 3200 3394; x_wconf 89' lang='grc' dir='ltr'><strong>τοῦ</strong></span> <span class='ocrx_word' id='word_1_700' title='bbox 3229 3338 3364 3394; x_wconf 90' lang='grc' dir='ltr'>Θεοῦ</span> <span class='ocrx_word' id='word_1_701' title='bbox 3394 3337 3690 3409; x_wconf 80' lang='grc' dir='ltr'>δυνάμεως,</span> 
     </span>
    </p>
   </div>
   <div class='ocr_carea' id='block_1_94' title="bbox 2111 3429 3689 3508">
    <p class='ocr_par' dir='ltr' id='par_1_94' title="bbox 2111 3429 3689 3508">
     <span class='ocr_line' id='line_1_94' title="bbox 2111 3429 3689 3508; baseline -0.006 -19"><span class='ocrx_word' id='word_1_702' title='bbox 2111 3435 2206 3489; x_wconf 66' lang='grc' dir='ltr'>καὶ</span> <span class='ocrx_word' id='word_1_703' title='bbox 2238 3435 2506 3508; x_wconf 71' lang='grc' dir='ltr'>ἀπόρῤοια</span> <span class='ocrx_word' id='word_1_704' title='bbox 2539 3437 2633 3506; x_wconf 85' lang='grc' dir='ltr'><strong>τῆς</strong></span> <span class='ocrx_word' id='word_1_705' title='bbox 2681 3435 2776 3489; x_wconf 89' lang='grc' dir='ltr'><strong>τοῦ</strong></span> <span class='ocrx_word' id='word_1_706' title='bbox 2812 3435 3259 3508; x_wconf 85' lang='grc' dir='ltr'>Παντοκράτορος</span> <span class='ocrx_word' id='word_1_707' title='bbox 3289 3432 3444 3504; x_wconf 80' lang='grc' dir='ltr'>δόξης</span> <span class='ocrx_word' id='word_1_708' title='bbox 3470 3429 3689 3500; x_wconf 74' lang='grc' dir='ltr'>εἱλικρι-</span> 
     </span>
    </p>
   </div>
   <div class='ocr_carea' id='block_1_95' title="bbox 2111 3522 3690 3599">
    <p class='ocr_par' dir='ltr' id='par_1_95' title="bbox 2111 3522 3690 3599">
     <span class='ocr_line' id='line_1_95' title="bbox 2111 3522 3690 3599; baseline -0.016 -2"><span class='ocrx_word' id='word_1_709' title='bbox 2111 3528 2227 3599; x_wconf 71' lang='grc' dir='ltr'>νὴςν</span> <span class='ocrx_word' id='word_1_710' title='bbox 2268 3527 2362 3582; x_wconf 68' lang='grc' dir='ltr'><strong>καὶ</strong></span> <span class='ocrx_word' id='word_1_711' title='bbox 2410 3528 2749 3599; x_wconf 76' lang='grc' dir='ltr'>ἀπαύγασμα</span> <span class='ocrx_word' id='word_1_712' title='bbox 2801 3526 2977 3597; x_wconf 83' lang='grc' dir='ltr'>φωτὸς</span> <span class='ocrx_word' id='word_1_713' title='bbox 3024 3524 3228 3592; x_wconf 82' lang='grc' dir='ltr'>ἀϊδίου,</span> <span class='ocrx_word' id='word_1_714' title='bbox 3283 3523 3377 3579; x_wconf 82' lang='grc' dir='ltr'>καὶ</span> <span class='ocrx_word' id='word_1_715' title='bbox 3432 3522 3690 3590; x_wconf 81' lang='grc' dir='ltr'>ἔσοπτρον</span> 
     </span>
    </p>
   </div>
   <div class='ocr_carea' id='block_1_96' title="bbox 2110 3610 3690 3692">
    <p class='ocr_par' dir='ltr' id='par_1_96' title="bbox 2110 3610 3690 3692">
     <span class='ocr_line' id='line_1_96' title="bbox 2110 3610 3690 3692; baseline -0.001 -19"><span class='ocrx_word' id='word_1_716' title='bbox 2110 3618 2443 3690; x_wconf 87' lang='grc' dir='ltr'>ἀκηλίδωτον</span> <span class='ocrx_word' id='word_1_717' title='bbox 2486 3622 2585 3692; x_wconf 90' lang='grc' dir='ltr'><strong>τῆς</strong></span> <span class='ocrx_word' id='word_1_718' title='bbox 2617 3620 2709 3674; x_wconf 81' lang='grc' dir='ltr'><strong>τοῦ</strong></span> <span class='ocrx_word' id='word_1_719' title='bbox 2747 3619 2883 3674; x_wconf 89' lang='grc' dir='ltr'>Θεοῦ</span> <span class='ocrx_word' id='word_1_720' title='bbox 2918 3620 3216 3692; x_wconf 68' lang='grc' dir='ltr'>ἐνεργείας,</span> <span class='ocrx_word' id='word_1_721' title='bbox 3245 3617 3339 3672; x_wconf 81' lang='grc' dir='ltr'>καὶ</span> <span class='ocrx_word' id='word_1_722' title='bbox 3390 3610 3551 3669; x_wconf 86' lang='grc' dir='ltr'>εἰκὼν</span> <span class='ocrx_word' id='word_1_723' title='bbox 3592 3610 3690 3681; x_wconf 78' lang='grc' dir='ltr'><strong>τῆς</strong></span> 
     </span>
    </p>
   </div>
   <div class='ocr_carea' id='block_1_97' title="bbox 2109 3704 3687 3783">
    <p class='ocr_par' dir='ltr' id='par_1_97' title="bbox 2109 3704 3687 3783">
     <span class='ocr_line' id='line_1_97' title="bbox 2109 3704 3687 3783; baseline 0 -20"><span class='ocrx_word' id='word_1_724' title='bbox 2109 3709 2446 3781; x_wconf 80' lang='grc' dir='ltr'>ἀγαθότητος</span> <span class='ocrx_word' id='word_1_725' title='bbox 2492 3712 2679 3765; x_wconf 87' lang='grc' dir='ltr'>αὐτοῦ.</span> <span class='ocrx_word' id='word_1_726' title='bbox 2725 3731 2743 3764; x_wconf 73' lang='grc' dir='ltr'><strong>ι</strong></span> <span class='ocrx_word' id='word_1_727' title='bbox 2778 3710 2925 3783; x_wconf 80' lang='grc' dir='ltr'>Πλὴν</span> <span class='ocrx_word' id='word_1_728' title='bbox 2990 3709 3127 3764; x_wconf 89' lang='grc' dir='ltr'><strong>ἀλλά</strong></span> <span class='ocrx_word' id='word_1_729' title='bbox 3158 3708 3329 3762; x_wconf 87' lang='grc' dir='ltr'>ταῦτα</span> <span class='ocrx_word' id='word_1_730' title='bbox 3364 3707 3471 3774; x_wconf 85' lang='grc' dir='ltr'>ὅπη</span> <span class='ocrx_word' id='word_1_731' title='bbox 3507 3704 3571 3759; x_wconf 83' lang='grc' dir='ltr'><strong>ἀν</strong></span> <span class='ocrx_word' id='word_1_732' title='bbox 3603 3713 3687 3763; x_wconf 81' lang='grc' dir='ltr'><strong>τις</strong></span> 
     </span>
    </p>
   </div>
   <div class='ocr_carea' id='block_1_98' title="bbox 2108 3793 3687 3876">
    <p class='ocr_par' dir='ltr' id='par_1_98' title="bbox 2108 3793 3687 3876">
     <span class='ocr_line' id='line_1_98' title="bbox 2108 3793 3687 3876; baseline -0.005 -21"><span class='ocrx_word' id='word_1_733' title='bbox 2108 3803 2203 3855; x_wconf 78' lang='grc' dir='ltr'><strong>καὶ</strong></span> <span class='ocrx_word' id='word_1_734' title='bbox 2237 3802 2399 3867; x_wconf 80' lang='grc' dir='ltr'>θέλοι,</span> <span class='ocrx_word' id='word_1_735' title='bbox 2417 3803 2587 3875; x_wconf 79' lang='grc' dir='ltr'>ταύτῃ</span> <span class='ocrx_word' id='word_1_736' title='bbox 2618 3804 2849 3858; x_wconf 83' lang='grc' dir='ltr'>τιθέσθω</span> <span class='ocrx_word' id='word_1_737' title='bbox 2874 3823 2884 3833; x_wconf 91' lang='grc'>·</span> <span class='ocrx_word' id='word_1_738' title='bbox 2913 3806 3043 3876; x_wconf 83' lang='grc' dir='ltr'>ἡμῖν</span> <span class='ocrx_word' id='word_1_739' title='bbox 3080 3801 3135 3856; x_wconf 83' lang='grc' dir='ltr'>δὲ</span> <span class='ocrx_word' id='word_1_740' title='bbox 3160 3801 3384 3872; x_wconf 81' lang='grc' dir='ltr'>ἐξαρκεί</span> <span class='ocrx_word' id='word_1_741' title='bbox 3407 3798 3467 3851; x_wconf 81' lang='grc' dir='ltr'>τὸ</span> <span class='ocrx_word' id='word_1_742' title='bbox 3491 3793 3687 3865; x_wconf 84' lang='grc' dir='ltr'>ἀληθὲς</span> 
     </span>
    </p>
   </div>
   <div class='ocr_carea' id='block_1_99' title="bbox 2107 3882 3686 3967">
    <p class='ocr_par' dir='ltr' id='par_1_99' title="bbox 2107 3882 3686 3967">
     <span class='ocr_line' id='line_1_99' title="bbox 2107 3882 3686 3967; baseline -0.005 -20"><span class='ocrx_word' id='word_1_743' title='bbox 2107 3895 2287 3948; x_wconf 74' lang='grc' dir='ltr'>ἐκεῖνο</span> <span class='ocrx_word' id='word_1_744' title='bbox 2315 3896 2409 3949; x_wconf 76' lang='grc' dir='ltr'>καὶ</span> <span class='ocrx_word' id='word_1_745' title='bbox 2457 3897 2677 3963; x_wconf 76' lang='grc' dir='ltr'>εὐσεϐὲς</span> <span class='ocrx_word' id='word_1_746' title='bbox 2713 3893 2872 3962; x_wconf 78' lang='grc' dir='ltr'>αὖθις</span> <span class='ocrx_word' id='word_1_747' title='bbox 2909 3894 3377 3967; x_wconf 74' lang='grc' dir='ltr'>ἐπαναλαμϐάνειν</span> <span class='ocrx_word' id='word_1_748' title='bbox 3420 3890 3590 3963; x_wconf 75' lang='grc' dir='ltr'>ῥῆμα,</span> <span class='ocrx_word' id='word_1_749' title='bbox 3617 3882 3686 3940; x_wconf 86' lang='grc' dir='ltr'>δι’</span> 
     </span>
    </p>
   </div>
   <div class='ocr_carea' id='block_1_100' title="bbox 2106 3978 3685 4063">
    <p class='ocr_par' dir='ltr' id='par_1_100' title="bbox 2106 3978 3685 4063">
     <span class='ocr_line' id='line_1_100' title="bbox 2106 3978 3685 4063; baseline 0.006 -25"><span class='ocrx_word' id='word_1_750' title='bbox 2106 3978 2168 4038; x_wconf 75' lang='grc' dir='ltr'>οὗ</span> <span class='ocrx_word' id='word_1_751' title='bbox 2208 3988 2301 4040; x_wconf 77' lang='grc' dir='ltr'>καὶ</span> <span class='ocrx_word' id='word_1_752' title='bbox 2320 3988 2421 4057; x_wconf 79' lang='grc' dir='ltr'><strong>τὴν</strong></span> <span class='ocrx_word' id='word_1_753' title='bbox 2453 3987 2605 4043; x_wconf 84' lang='grc' dir='ltr'>λύσιν</span> <span class='ocrx_word' id='word_1_754' title='bbox 2651 3989 2985 4063; x_wconf 76' lang='grc' dir='ltr'>ἐπιθήσομεν</span> <span class='ocrx_word' id='word_1_755' title='bbox 3028 3991 3141 4053; x_wconf 85' lang='grc' dir='ltr'>τοῖς</span> <span class='ocrx_word' id='word_1_756' title='bbox 3189 3984 3537 4061; x_wconf 74' lang='grc' dir='ltr'>ἐξῃτημένοις</span> <span class='ocrx_word' id='word_1_757' title='bbox 3558 3979 3685 4035; x_wconf 72' lang='grc' dir='ltr'><strong>πολ*</strong></span> 
     </span>
    </p>
   </div>
   <div class='ocr_carea' id='block_1_101' title="bbox 2106 4071 3684 4153">
    <p class='ocr_par' dir='ltr' id='par_1_101' title="bbox 2106 4071 3684 4153">
     <span class='ocr_line' id='line_1_101' title="bbox 2106 4071 3684 4153; baseline -0.003 -24"><span class='ocrx_word' id='word_1_758' title='bbox 2106 4075 2263 4138; x_wconf 85' lang='grc' dir='ltr'>λάκις</span> <span class='ocrx_word' id='word_1_759' title='bbox 2297 4077 2397 4149; x_wconf 76' lang='grc' dir='ltr'><strong>ῆδη</strong></span> <span class='ocrx_word' id='word_1_760' title='bbox 2448 4080 2768 4145; x_wconf 86' lang='grc' dir='ltr'>ἐπειπόντες</span> <span class='ocrx_word' id='word_1_761' title='bbox 2791 4099 2804 4111; x_wconf 87' lang='grc'><strong>·</strong></span> <span class='ocrx_word' id='word_1_762' title='bbox 2843 4101 2861 4134; x_wconf 80' lang='grc' dir='ltr'><strong>ι</strong></span> <span class='ocrx_word' id='word_1_763' title='bbox 2900 4082 3011 4153; x_wconf 75' lang='grc' dir='ltr'><strong>Τὴν</strong></span> <span class='ocrx_word' id='word_1_764' title='bbox 3054 4078 3247 4150; x_wconf 86' lang='grc' dir='ltr'>γενεάν</span> <span class='ocrx_word' id='word_1_765' title='bbox 3302 4075 3465 4131; x_wconf 90' lang='grc' dir='ltr'>αὐτοῦ</span> <span class='ocrx_word' id='word_1_766' title='bbox 3502 4073 3584 4136; x_wconf 90' lang='grc' dir='ltr'><strong>τίς</strong></span> <span class='ocrx_word' id='word_1_767' title='bbox 3606 4071 3684 4125; x_wconf 87' lang='grc' dir='ltr'>δι-</span> 
     </span>
    </p>
   </div>
   <div class='ocr_carea' id='block_1_102' title="bbox 2106 4161 3678 4244">
    <p class='ocr_par' dir='ltr' id='par_1_102' title="bbox 2106 4161 3678 4244">
     <span class='ocr_line' id='line_1_102' title="bbox 2106 4161 3678 4244; baseline -0.004 -24"><span class='ocrx_word' id='word_1_768' title='bbox 2106 4171 2409 4239; x_wconf 87' lang='grc' dir='ltr'>ηγήσεται;</span> <span class='ocrx_word' id='word_1_769' title='bbox 2442 4186 2460 4219; x_wconf 69' lang='grc' dir='ltr'><strong>ι</strong></span> <span class='ocrx_word' id='word_1_770' title='bbox 2481 4169 2792 4241; x_wconf 83' lang='grc' dir='ltr'>Ἀνέφικτος</span> <span class='ocrx_word' id='word_1_771' title='bbox 2828 4171 2936 4244; x_wconf 74' lang='grc' dir='ltr'><strong>γὰρ</strong></span> <span class='ocrx_word' id='word_1_772' title='bbox 2977 4170 3052 4234; x_wconf 83' lang='grc' dir='ltr'><strong>ώς</strong></span> <span class='ocrx_word' id='word_1_773' title='bbox 3078 4164 3314 4239; x_wconf 83' lang='grc' dir='ltr'>ἀληθῶς,</span> <span class='ocrx_word' id='word_1_774' title='bbox 3346 4164 3440 4220; x_wconf 74' lang='grc' dir='ltr'><strong>καὶ</strong></span> <span class='ocrx_word' id='word_1_775' title='bbox 3469 4162 3567 4216; x_wconf 90' lang='grc' dir='ltr'><strong>οὐκ</strong></span> <span class='ocrx_word' id='word_1_776' title='bbox 3582 4161 3678 4215; x_wconf 84' lang='grc' dir='ltr'>ἀν-</span> 
     </span>
    </p>
   </div>
   <div class='ocr_carea' id='block_1_103' title="bbox 2105 4252 3678 4333">
    <p class='ocr_par' dir='ltr' id='par_1_103' title="bbox 2105 4252 3678 4333">
     <span class='ocr_line' id='line_1_103' title="bbox 2105 4252 3678 4333; baseline -0.017 -3"><span class='ocrx_word' id='word_1_777' title='bbox 2105 4261 2343 4332; x_wconf 80' lang='grc' dir='ltr'>θρώποις</span> <span class='ocrx_word' id='word_1_778' title='bbox 2360 4262 2519 4333; x_wconf 83' lang='grc' dir='ltr'>μόνον</span> <span class='ocrx_word' id='word_1_779' title='bbox 2541 4305 2556 4330; x_wconf 91' lang='grc'><strong>,</strong></span> <span class='ocrx_word' id='word_1_780' title='bbox 2591 4264 2727 4319; x_wconf 86' lang='grc' dir='ltr'><strong>ἀλλά</strong></span> <span class='ocrx_word' id='word_1_781' title='bbox 2754 4266 2848 4319; x_wconf 74' lang='grc' dir='ltr'>καὶ</span> <span class='ocrx_word' id='word_1_782' title='bbox 2866 4268 2986 4330; x_wconf 86' lang='grc' dir='ltr'>ταῖς</span> <span class='ocrx_word' id='word_1_783' title='bbox 3018 4262 3195 4332; x_wconf 85' lang='grc' dir='ltr'>πάσης</span> <span class='ocrx_word' id='word_1_784' title='bbox 3222 4259 3473 4313; x_wconf 75' lang='grc' dir='ltr'>ἐπέκεινα</span> <span class='ocrx_word' id='word_1_785' title='bbox 3492 4252 3678 4315; x_wconf 86' lang='grc' dir='ltr'>οὐσίας</span> 
     </span>
    </p>
   </div>
   <div class='ocr_carea' id='block_1_104' title="bbox 2103 4344 3679 4426">
    <p class='ocr_par' dir='ltr' id='par_1_104' title="bbox 2103 4344 3679 4426">
     <span class='ocr_line' id='line_1_104' title="bbox 2103 4344 3679 4426; baseline -0.006 -21"><span class='ocrx_word' id='word_1_786' title='bbox 2103 4351 2419 4423; x_wconf 87' lang='grc' dir='ltr'>δυνάμεσιν,</span> <span class='ocrx_word' id='word_1_787' title='bbox 2453 4356 2487 4426; x_wconf 83' lang='grc' dir='ltr'>ἠ</span> <span class='ocrx_word' id='word_1_788' title='bbox 2519 4355 2614 4409; x_wconf 90' lang='grc' dir='ltr'><strong>τοῦ</strong></span> <span class='ocrx_word' id='word_1_789' title='bbox 2652 4356 2989 4426; x_wconf 90' lang='grc' dir='ltr'>Μονογενοῦς</span> <span class='ocrx_word' id='word_1_790' title='bbox 3013 4352 3105 4410; x_wconf 87' lang='grc' dir='ltr'><strong>τοῦ</strong></span> <span class='ocrx_word' id='word_1_791' title='bbox 3142 4350 3277 4407; x_wconf 90' lang='grc' dir='ltr'>Θεοῦ</span> <span class='ocrx_word' id='word_1_792' title='bbox 3309 4347 3562 4420; x_wconf 85' lang='grc' dir='ltr'>τυγχάνει</span> <span class='ocrx_word' id='word_1_793' title='bbox 3588 4344 3679 4415; x_wconf 85' lang='grc' dir='ltr'>γέ-</span> 
     </span>
    </p>
   </div>
   <div class='ocr_carea' id='block_1_105' title="bbox 2103 4437 3677 4520">
    <p class='ocr_par' dir='ltr' id='par_1_105' title="bbox 2103 4437 3677 4520">
     <span class='ocr_line' id='line_1_105' title="bbox 2103 4437 3677 4520; baseline -0.004 -23"><span class='ocrx_word' id='word_1_794' title='bbox 2103 4461 2268 4510; x_wconf 90' lang='grc' dir='ltr'>νεσις,</span> <span class='ocrx_word' id='word_1_795' title='bbox 2300 4445 2583 4520; x_wconf 87' lang='grc' dir='ltr'>ώσπεροῦν</span> <span class='ocrx_word' id='word_1_796' title='bbox 2616 4451 2709 4505; x_wconf 72' lang='grc' dir='ltr'><strong>καὶ</strong></span> <span class='ocrx_word' id='word_1_797' title='bbox 2739 4451 2899 4515; x_wconf 85' lang='grc' dir='ltr'>αὐτὸς</span> <span class='ocrx_word' id='word_1_798' title='bbox 2922 4451 2950 4502; x_wconf 90' lang='grc' dir='ltr'>ὁ</span> <span class='ocrx_word' id='word_1_799' title='bbox 2977 4448 3165 4519; x_wconf 82' lang='grc' dir='ltr'>Σωτὴρ</span> <span class='ocrx_word' id='word_1_800' title='bbox 3190 4445 3282 4499; x_wconf 76' lang='grc' dir='ltr'><strong>καὶ</strong></span> <span class='ocrx_word' id='word_1_801' title='bbox 3300 4442 3501 4515; x_wconf 81' lang='grc' dir='ltr'>Κύριος</span> <span class='ocrx_word' id='word_1_802' title='bbox 3520 4437 3677 4513; x_wconf 82' lang='grc' dir='ltr'>ἡμῶν</span> 
     </span>
    </p>
   </div>
   <div class='ocr_carea' id='block_1_106' title="bbox 2103 4529 3677 4615">
    <p class='ocr_par' dir='ltr' id='par_1_106' title="bbox 2103 4529 3677 4615">
     <span class='ocr_line' id='line_1_106' title="bbox 2103 4529 3677 4615; baseline 0.003 -27"><span class='ocrx_word' id='word_1_803' title='bbox 2103 4537 2229 4601; x_wconf 80' lang='grc' dir='ltr'>τοὺς</span> <span class='ocrx_word' id='word_1_804' title='bbox 2256 4538 2489 4603; x_wconf 82' lang='grc' dir='ltr'>οἰκείους</span> <span class='ocrx_word' id='word_1_805' title='bbox 2524 4542 2771 4615; x_wconf 83' lang='grc' dir='ltr'>μαθητὰς</span> <span class='ocrx_word' id='word_1_806' title='bbox 2811 4541 2952 4596; x_wconf 84' lang='grc' dir='ltr'>αὐτὰ</span> <span class='ocrx_word' id='word_1_807' title='bbox 2987 4540 3051 4612; x_wconf 86' lang='grc' dir='ltr'>δὴ</span> <span class='ocrx_word' id='word_1_808' title='bbox 3083 4538 3252 4594; x_wconf 89' lang='grc' dir='ltr'>ταῦτα</span> <span class='ocrx_word' id='word_1_809' title='bbox 3282 4529 3677 4608; x_wconf 74' lang='grc' dir='ltr'>μυσταγωγῶν.</span> 
     </span>
    </p>
   </div>
   <div class='ocr_carea' id='block_1_107' title="bbox 2108 4617 3671 4705">
    <p class='ocr_par' dir='ltr' id='par_1_107' title="bbox 2108 4617 3671 4705">
     <span class='ocr_line' id='line_1_107' title="bbox 2108 4617 3671 4705; baseline -0.006 -26"><span class='ocrx_word' id='word_1_810' title='bbox 2108 4645 2128 4678; x_wconf 74' lang='grc' dir='ltr'><strong>ι</strong></span> <span class='ocrx_word' id='word_1_811' title='bbox 2160 4626 2347 4692; x_wconf 67' lang='grc' dir='ltr'>Οὐδεὶς</span> <span class='ocrx_word' id='word_1_812' title='bbox 2383 4627 2547 4697; x_wconf 79' lang='grc' dir='ltr'>ἔγνω,</span> <span class='ocrx_word' id='word_1_813' title='bbox 2586 4652 2603 4684; x_wconf 76' lang='grc' dir='ltr'><strong>ι</strong></span> <span class='ocrx_word' id='word_1_814' title='bbox 2633 4630 2787 4705; x_wconf 74' lang='grc' dir='ltr'>φησὶ.</span> <span class='ocrx_word' id='word_1_815' title='bbox 2812 4651 2831 4683; x_wconf 77' lang='grc' dir='ltr'><strong>ι</strong></span> <span class='ocrx_word' id='word_1_816' title='bbox 2860 4631 2951 4684; x_wconf 83' lang='grc' dir='ltr'><strong>τὸν</strong></span> <span class='ocrx_word' id='word_1_817' title='bbox 2984 4627 3227 4699; x_wconf 86' lang='grc' dir='ltr'>Πατέρα,</span> <span class='ocrx_word' id='word_1_818' title='bbox 3249 4626 3298 4678; x_wconf 84' lang='grc' dir='ltr'>εἰ</span> <span class='ocrx_word' id='word_1_819' title='bbox 3324 4622 3400 4695; x_wconf 80' lang='grc' dir='ltr'>μὴ</span> <span class='ocrx_word' id='word_1_820' title='bbox 3423 4623 3451 4675; x_wconf 83' lang='grc' dir='ltr'>ὁ</span> <span class='ocrx_word' id='word_1_821' title='bbox 3478 4617 3671 4682; x_wconf 63' lang='lat' dir='ltr'><strong>mm</strong></span> 
     </span>
    </p>
   </div>
   <div class='ocr_carea' id='block_1_108' title="bbox 2098 4707 3677 4790">
    <p class='ocr_par' dir='ltr' id='par_1_108' title="bbox 2098 4707 3677 4790">
     <span class='ocr_line' id='line_1_108' title="bbox 2098 4707 3677 4790; baseline -0.005 -19"><span class='ocrx_word' id='word_1_822' title='bbox 2098 4710 2144 4787; x_wconf 86' lang='grc' dir='ltr'><strong>ᾧ</strong></span> <span class='ocrx_word' id='word_1_823' title='bbox 2191 4719 2287 4772; x_wconf 73' lang='grc' dir='ltr'><strong>καὶ</strong></span> <span class='ocrx_word' id='word_1_824' title='bbox 2326 4719 2567 4790; x_wconf 79' lang='grc' dir='ltr'>ἐπιλέγει</span> <span class='ocrx_word' id='word_1_825' title='bbox 2586 4741 2598 4754; x_wconf 92' lang='grc'><strong>·</strong></span> <span class='ocrx_word' id='word_1_826' title='bbox 2628 4743 2648 4777; x_wconf 76' lang='grc' dir='ltr'><strong>ι</strong></span> <span class='ocrx_word' id='word_1_827' title='bbox 2694 4724 2805 4779; x_wconf 64' lang='grc' dir='ltr'>Καὶ</span> <span class='ocrx_word' id='word_1_828' title='bbox 2834 4720 3008 4786; x_wconf 76' lang='grc' dir='ltr'>οὐδεὶς</span> <span class='ocrx_word' id='word_1_829' title='bbox 3036 4718 3182 4789; x_wconf 71' lang='grc' dir='ltr'>ἔγνω</span> <span class='ocrx_word' id='word_1_830' title='bbox 3218 4717 3309 4770; x_wconf 84' lang='grc' dir='ltr'><strong>τὸν</strong></span> <span class='ocrx_word' id='word_1_831' title='bbox 3340 4712 3489 4779; x_wconf 86' lang='grc' dir='ltr'>Υἱδν,</span> <span class='ocrx_word' id='word_1_832' title='bbox 3524 4711 3572 4763; x_wconf 79' lang='grc' dir='ltr'><strong>εἰ</strong></span> <span class='ocrx_word' id='word_1_833' title='bbox 3602 4707 3677 4780; x_wconf 78' lang='grc' dir='ltr'>μὴ</span> 
     </span>
    </p>
   </div>
   <div class='ocr_carea' id='block_1_109' title="bbox 2098 4797 3675 4886">
    <p class='ocr_par' dir='ltr' id='par_1_109' title="bbox 2098 4797 3675 4886">
     <span class='ocr_line' id='line_1_109' title="bbox 2098 4797 3675 4886; baseline -0.008 -22"><span class='ocrx_word' id='word_1_834' title='bbox 2098 4813 2129 4864; x_wconf 84' lang='grc' dir='ltr'><strong>ὁ</strong></span> <span class='ocrx_word' id='word_1_835' title='bbox 2158 4811 2369 4883; x_wconf 84' lang='grc' dir='ltr'>Πατήρ.</span> <span class='ocrx_word' id='word_1_836' title='bbox 2395 4831 2415 4864; x_wconf 73' lang='grc' dir='ltr'><strong>ι</strong></span> <span class='ocrx_word' id='word_1_837' title='bbox 2458 4814 2763 4884; x_wconf 74' lang='grc' dir='ltr'>Ἀγνώστου</span> <span class='ocrx_word' id='word_1_838' title='bbox 2788 4817 2965 4871; x_wconf 91' lang='grc' dir='ltr'>τοίνυν</span> <span class='ocrx_word' id='word_1_839' title='bbox 2992 4811 3191 4886; x_wconf 87' lang='grc' dir='ltr'>ὁμοίως</span> <span class='ocrx_word' id='word_1_840' title='bbox 3221 4809 3318 4880; x_wconf 87' lang='grc' dir='ltr'><strong>τῆς</strong></span> <span class='ocrx_word' id='word_1_841' title='bbox 3343 4823 3402 4860; x_wconf 88' lang='grc' dir='ltr'><strong>τε</strong></span> <span class='ocrx_word' id='word_1_842' title='bbox 3419 4803 3547 4877; x_wconf 74' lang='grc' dir='ltr'>περὶ</span> <span class='ocrx_word' id='word_1_843' title='bbox 3580 4797 3675 4854; x_wconf 87' lang='grc' dir='ltr'><strong>τοῦ</strong></span> 
     </span>
    </p>
   </div>
   <div class='ocr_carea' id='block_1_110' title="bbox 2099 4895 3674 4982">
    <p class='ocr_par' dir='ltr' id='par_1_110' title="bbox 2099 4895 3674 4982">
     <span class='ocr_line' id='line_1_110' title="bbox 2099 4895 3674 4982; baseline 0.003 -27"><span class='ocrx_word' id='word_1_844' title='bbox 2099 4903 2315 4975; x_wconf 84' lang='grc' dir='ltr'>Πατρὸς</span> <span class='ocrx_word' id='word_1_845' title='bbox 2347 4903 2442 4957; x_wconf 76' lang='grc' dir='ltr'><strong>καὶ</strong></span> <span class='ocrx_word' id='word_1_846' title='bbox 2501 4907 2600 4978; x_wconf 88' lang='grc' dir='ltr'><strong>τῆς</strong></span> <span class='ocrx_word' id='word_1_847' title='bbox 2634 4907 2883 4982; x_wconf 75' lang='grc' dir='ltr'>περὶτοῦ</span> <span class='ocrx_word' id='word_1_848' title='bbox 2919 4904 3052 4962; x_wconf 84' lang='grc' dir='ltr'>Υίοῦ</span> <span class='ocrx_word' id='word_1_849' title='bbox 3082 4900 3358 4971; x_wconf 82' lang='grc' dir='ltr'>θεολογίας</span> <span class='ocrx_word' id='word_1_850' title='bbox 3377 4898 3490 4959; x_wconf 84' lang='grc' dir='ltr'>τοῖς</span> <span class='ocrx_word' id='word_1_851' title='bbox 3519 4895 3674 4957; x_wconf 66' lang='grc' dir='ltr'><strong>πᾶσιν</strong></span> 
     </span>
    </p>
   </div>
   <div class='ocr_carea' id='block_1_111' title="bbox 2098 4985 3676 5072">
    <p class='ocr_par' dir='ltr' id='par_1_111' title="bbox 2098 4985 3676 5072">
     <span class='ocr_line' id='line_1_111' title="bbox 2098 4985 3676 5072; baseline -0.001 -24"><span class='ocrx_word' id='word_1_852' title='bbox 2098 4993 2239 5066; x_wconf 81' lang='grc' dir='ltr'>πλὴν</span> <span class='ocrx_word' id='word_1_853' title='bbox 2272 4994 2457 5059; x_wconf 80' lang='grc' dir='ltr'>αὐτοῖς</span> <span class='ocrx_word' id='word_1_854' title='bbox 2475 5001 2875 5072; x_wconf 82' lang='grc' dir='ltr'>τυγχανούσης,</span> <span class='ocrx_word' id='word_1_855' title='bbox 2904 5001 2980 5063; x_wconf 84' lang='grc' dir='ltr'><strong>ὡς</strong></span> <span class='ocrx_word' id='word_1_856' title='bbox 3012 4997 3071 5053; x_wconf 80' lang='grc' dir='ltr'>ὲν</span> <span class='ocrx_word' id='word_1_857' title='bbox 3104 4993 3433 5067; x_wconf 72' lang='grc' dir='ltr'>ἀπορρήτοις</span> <span class='ocrx_word' id='word_1_858' title='bbox 3463 4989 3521 5041; x_wconf 75' lang='grc' dir='ltr'><strong>ὲν</strong></span> <span class='ocrx_word' id='word_1_859' title='bbox 3556 4985 3676 5047; x_wconf 82' lang='grc' dir='ltr'>ταῖς</span> 
     </span>
    </p>
   </div>
   <div class='ocr_carea' id='block_1_112' title="bbox 2099 5077 3675 5164">
    <p class='ocr_par' dir='ltr' id='par_1_112' title="bbox 2099 5077 3675 5164">
     <span class='ocr_line' id='line_1_112' title="bbox 2099 5077 3675 5164; baseline -0.003 -22"><span class='ocrx_word' id='word_1_860' title='bbox 2099 5085 2524 5159; x_wconf 88' lang='grc' dir='ltr'>παρατεθείσαις</span> <span class='ocrx_word' id='word_1_861' title='bbox 2567 5090 2663 5144; x_wconf 88' lang='grc' dir='ltr'><strong>τοῦ</strong></span> <span class='ocrx_word' id='word_1_862' title='bbox 2714 5092 3058 5164; x_wconf 86' lang='grc' dir='ltr'>Σολομῶντος</span> <span class='ocrx_word' id='word_1_863' title='bbox 3110 5087 3308 5153; x_wconf 80' lang='grc' dir='ltr'>λέξεσι,</span> <span class='ocrx_word' id='word_1_864' title='bbox 3347 5083 3446 5153; x_wconf 85' lang='grc' dir='ltr'><strong>τῆς</strong></span> <span class='ocrx_word' id='word_1_865' title='bbox 3479 5077 3675 5147; x_wconf 83' lang='grc' dir='ltr'>Σοφίας</span> 
     </span>
    </p>
   </div>
   <div class='ocr_carea' id='block_1_113' title="bbox 2096 5168 3675 5253">
    <p class='ocr_par' dir='ltr' id='par_1_113' title="bbox 2096 5168 3675 5253">
     <span class='ocr_line' id='line_1_113' title="bbox 2096 5168 3675 5253; baseline -0.003 -20"><span class='ocrx_word' id='word_1_866' title='bbox 2096 5179 2389 5233; x_wconf 81' lang='grc' dir='ltr'>ἀκουστέον</span> <span class='ocrx_word' id='word_1_867' title='bbox 2448 5180 2716 5253; x_wconf 89' lang='grc' dir='ltr'>λεγούσης</span> <span class='ocrx_word' id='word_1_868' title='bbox 2738 5199 2753 5213; x_wconf 74' lang='grc' dir='ltr'><strong>ο</strong></span> <span class='ocrx_word' id='word_1_869' title='bbox 2784 5202 2803 5235; x_wconf 79' lang='grc' dir='ltr'><strong>ι</strong></span> <span class='ocrx_word' id='word_1_870' title='bbox 2825 5185 2940 5253; x_wconf 82' lang='grc' dir='ltr'><strong>Πρὸ</strong></span> <span class='ocrx_word' id='word_1_871' title='bbox 2966 5181 3061 5237; x_wconf 91' lang='grc' dir='ltr'><strong>τοῦ</strong></span> <span class='ocrx_word' id='word_1_872' title='bbox 3096 5181 3196 5253; x_wconf 81' lang='grc' dir='ltr'><strong>δρη</strong></span> <span class='ocrx_word' id='word_1_873' title='bbox 3230 5174 3551 5249; x_wconf 74' lang='grc' dir='ltr'>ἑδρασθῆναι</span> <span class='ocrx_word' id='word_1_874' title='bbox 3582 5168 3675 5223; x_wconf 72' lang='grc' dir='ltr'>καὶ</span> 
     </span>
    </p>
   </div>
   <div class='ocr_carea' id='block_1_114' title="bbox 2097 5264 3667 5344">
    <p class='ocr_par' dir='ltr' id='par_1_114' title="bbox 2097 5264 3667 5344">
     <span class='ocr_line' id='line_1_114' title="bbox 2097 5264 3667 5344; baseline -0.009 -19"><span class='ocrx_word' id='word_1_875' title='bbox 2097 5269 2399 5342; x_wconf 88' lang='grc' dir='ltr'>πλασθῆναι</span> <span class='ocrx_word' id='word_1_876' title='bbox 2412 5270 2509 5344; x_wconf 81' lang='grc' dir='ltr'>τὴν</span> <span class='ocrx_word' id='word_1_877' title='bbox 2528 5273 2654 5342; x_wconf 89' lang='grc' dir='ltr'>γῆν,</span> <span class='ocrx_word' id='word_1_878' title='bbox 2676 5274 2783 5344; x_wconf 88' lang='grc' dir='ltr'>πρὸ</span> <span class='ocrx_word' id='word_1_879' title='bbox 2801 5274 2858 5327; x_wconf 81' lang='grc' dir='ltr'>δὲ</span> <span class='ocrx_word' id='word_1_880' title='bbox 2888 5275 3105 5329; x_wconf 83' lang='grc' dir='ltr'>πάντων</span> <span class='ocrx_word' id='word_1_881' title='bbox 3132 5267 3335 5341; x_wconf 83' lang='grc' dir='ltr'>βουνῶν</span> <span class='ocrx_word' id='word_1_882' title='bbox 3357 5264 3522 5335; x_wconf 79' lang='grc' dir='ltr'>γεννᾷ</span> <span class='ocrx_word' id='word_1_883' title='bbox 3545 5279 3631 5332; x_wconf 78' lang='grc' dir='ltr'><strong>με.</strong></span> <span class='ocrx_word' id='word_1_884' title='bbox 3646 5278 3667 5311; x_wconf 72' lang='grc' dir='ltr'><strong>ι</strong></span> 
     </span>
    </p>
   </div>
   <div class='ocr_carea' id='block_1_115' title="bbox 2099 5351 3674 5437">
    <p class='ocr_par' dir='ltr' id='par_1_115' title="bbox 2099 5351 3674 5437">
     <span class='ocr_line' id='line_1_115' title="bbox 2099 5351 3674 5437; baseline -0.009 -20"><span class='ocrx_word' id='word_1_885' title='bbox 2099 5364 2221 5417; x_wconf 85' lang='grc' dir='ltr'>Ἔτι</span> <span class='ocrx_word' id='word_1_886' title='bbox 2257 5362 2315 5416; x_wconf 89' lang='grc' dir='ltr'><strong>δέ</strong></span> <span class='ocrx_word' id='word_1_887' title='bbox 2362 5379 2496 5435; x_wconf 86' lang='grc' dir='ltr'>φησι</span> <span class='ocrx_word' id='word_1_888' title='bbox 2554 5367 2922 5437; x_wconf 88' lang='grc' dir='ltr'>συμπαρεῖναι</span> <span class='ocrx_word' id='word_1_889' title='bbox 2976 5364 3053 5436; x_wconf 82' lang='grc' dir='ltr'>τῷ</span> <span class='ocrx_word' id='word_1_890' title='bbox 3089 5361 3268 5433; x_wconf 75' lang='grc' dir='ltr'>Πατρὶ</span> <span class='ocrx_word' id='word_1_891' title='bbox 3318 5357 3409 5411; x_wconf 80' lang='grc' dir='ltr'><strong>τὸν</strong></span> <span class='ocrx_word' id='word_1_892' title='bbox 3447 5351 3674 5425; x_wconf 84' lang='grc' dir='ltr'>οὐρανὸν</span> 
     </span>
    </p>
   </div>
   <div class='ocr_carea' id='block_1_116' title="bbox 2095 5446 3671 5528">
    <p class='ocr_par' dir='ltr' id='par_1_116' title="bbox 2095 5446 3671 5528">
     <span class='ocr_line' id='line_1_116' title="bbox 2095 5446 3671 5528; baseline -0.008 -18"><span class='ocrx_word' id='word_1_893' title='bbox 2095 5451 2560 5519; x_wconf 74' lang='grc' dir='ltr'>κατασκευάζοντι</span> <span class='ocrx_word' id='word_1_894' title='bbox 2580 5473 2592 5486; x_wconf 93' lang='grc'><strong>·</strong></span> <span class='ocrx_word' id='word_1_895' title='bbox 2626 5474 2645 5507; x_wconf 76' lang='grc' dir='ltr'><strong>ι</strong></span> <span class='ocrx_word' id='word_1_896' title='bbox 2687 5457 2879 5512; x_wconf 87' lang='grc' dir='ltr'>Ἠνίκα</span> <span class='ocrx_word' id='word_1_897' title='bbox 2902 5456 3031 5527; x_wconf 90' lang='grc' dir='ltr'>γοῦν</span> <span class='ocrx_word' id='word_1_898' title='bbox 3044 5453 3307 5528; x_wconf 77' lang='grc' dir='ltr'>ἡτοίμαζε</span> <span class='ocrx_word' id='word_1_899' title='bbox 3325 5446 3671 5521; x_wconf 83' lang='grc' dir='ltr'>τὸνούρανὸν,</span> 
     </span>
    </p>
   </div>
   <div class='ocr_carea' id='block_1_117' title="bbox 2096 5534 3674 5618">
    <p class='ocr_par' dir='ltr' id='par_1_117' title="bbox 2096 5534 3674 5618">
     <span class='ocr_line' id='line_1_117' title="bbox 2096 5534 3674 5618; baseline -0.01 -15"><span class='ocrx_word' id='word_1_900' title='bbox 2096 5546 2473 5618; x_wconf 86' lang='grc' dir='ltr'>συμπαρήμην</span> <span class='ocrx_word' id='word_1_901' title='bbox 2528 5545 2700 5616; x_wconf 80' lang='grc' dir='ltr'>αὐτῷ.</span> <span class='ocrx_word' id='word_1_902' title='bbox 2751 5566 2769 5598; x_wconf 73' lang='grc' dir='ltr'><strong>ι</strong></span> <span class='ocrx_word' id='word_1_903' title='bbox 2816 5547 2927 5601; x_wconf 80' lang='grc' dir='ltr'><strong>Καὶ</strong></span> <span class='ocrx_word' id='word_1_904' title='bbox 2969 5545 3029 5600; x_wconf 81' lang='grc' dir='ltr'>τὸ</span> <span class='ocrx_word' id='word_1_905' title='bbox 3069 5543 3129 5609; x_wconf 79' lang='grc' dir='ltr'>ἐξ</span> <span class='ocrx_word' id='word_1_906' title='bbox 3167 5542 3411 5614; x_wconf 86' lang='grc' dir='ltr'>ἀπείρων</span> <span class='ocrx_word' id='word_1_907' title='bbox 3453 5538 3509 5592; x_wconf 84' lang='grc' dir='ltr'>δὲ</span> <span class='ocrx_word' id='word_1_908' title='bbox 3545 5534 3674 5590; x_wconf 64' lang='lat' dir='ltr'><strong>aleb-</strong></span> 
     </span>
    </p>
   </div>
   <div class='ocr_carea' id='block_1_118' title="bbox 2092 5618 3671 5712">
    <p class='ocr_par' dir='ltr' id='par_1_118' title="bbox 2092 5618 3671 5712">
     <span class='ocr_line' id='line_1_118' title="bbox 2092 5618 3671 5712; baseline -0.003 -19"><span class='ocrx_word' id='word_1_909' title='bbox 2092 5654 2198 5693; x_wconf 83' lang='grc' dir='ltr'><strong>νων</strong></span> <span class='ocrx_word' id='word_1_910' title='bbox 2244 5635 2411 5692; x_wconf 71' lang='grc' dir='ltr'>ἀΐδιον</span> <span class='ocrx_word' id='word_1_911' title='bbox 2453 5637 2553 5710; x_wconf 87' lang='grc' dir='ltr'><strong>τῆς</strong></span> <span class='ocrx_word' id='word_1_912' title='bbox 2580 5639 2690 5712; x_wconf 41' lang='grc' dir='ltr'>,σὺν</span> <span class='ocrx_word' id='word_1_913' title='bbox 2731 5637 2907 5710; x_wconf 75' lang='grc' dir='ltr'>Πατρὶ</span> <span class='ocrx_word' id='word_1_914' title='bbox 2950 5635 3212 5707; x_wconf 82' lang='grc' dir='ltr'>διαμονῆς</span> <span class='ocrx_word' id='word_1_915' title='bbox 3255 5628 3508 5704; x_wconf 71' lang='grc' dir='ltr'>ἐμφαίνει</span> <span class='ocrx_word' id='word_1_916' title='bbox 3532 5666 3548 5695; x_wconf 88' lang='grc'><strong>,</strong></span> <span class='ocrx_word' id='word_1_917' title='bbox 3587 5618 3671 5688; x_wconf 77' lang='grc' dir='ltr'><strong>οἷς</strong></span> 
     </span>
    </p>
   </div>
  </div>
