4110 6422
347 383 374 416 η

341 503 610 572 ἐπιλέγειθ
667 524 686 557 ι
748 507 930 580 Ἥμην
997 511 1124 580 παρ’
1187 509 1333 581 αὐτῷ
1392 510 1736 581 ἀρμόζουσα’
1803 508 1913 578 ἐγὼ

339 594 489 666 ἥμην
657 600 1019 672 προσέχαιρε·
1068 602 1185 654 καθ’
1241 600 1452 673 ἡμέραν
1511 603 1568 655 δὲ
1638 600 1913 674 προσώπῳ

339 687 505 741 αὑτοῦ
551 693 928 763 προσέχαιρον.
979 712 998 744 ι
1042 695 1154 748 Καὶ
1200 694 1471 758 ἀϐύσσους
1505 694 1562 746 δὲ
1597 695 1691 746 καὶ
1730 692 1914 763 πηγὰς

341 780 546 834 ὑδάτων
567 820 580 844 ,
616 782 714 853 ὅρη
748 801 805 836 τε
831 784 923 837 καὶ
955 785 1174 855 βουνοὺς
1193 827 1208 848 ,
1237 787 1331 839 καὶ
1360 787 1460 839 ὃσα
1491 785 1623 838 ἄλλα
1651 784 1793 838 κατὰ
1824 785 1914 838 τὸν

339 871 502 924 τόπον
546 877 742 936 κοινοῖς
787 876 1024 946 ῥήμασιν
1059 871 1140 940 οἷς
1171 877 1589 946 ἐπωνόμασται,
1617 877 1734 946 ἤτοι
1782 877 1915 947 περὶ

337 963 438 1031 τῆς
508 963 599 1016 τοῦ
659 966 864 1036 κόσμου
928 969 1268 1032 συστάσεως,
1338 973 1401 1022 ἐκ
1444 970 1641 1040 μέρους
1704 969 1763 1022 τὸ
1807 971 1913 1022 πᾶν

336 1048 616 1118 δηλοῦντος
668 1054 988 1121 ἀκουστέον,
1035 1057 1067 1128 ἢ
1119 1057 1518 1129 τροπικώτερον
1577 1059 1909 1129 ὲκληπτέον,

336 1141 506 1196 ταῦτα
542 1147 917 1220 μεταφέροντα
953 1149 1020 1202 τὰ
1061 1152 1430 1220 σημαινόμενα
1470 1152 1559 1204 ἐπὶ
1594 1152 1790 1220 νοητὰς
1817 1153 1910 1204 οὑ-

339 1231 458 1294 σίας
504 1235 597 1286 καὶ
644 1234 793 1300 θείας
838 1237 1121 1309 δυνάμεις,
1169 1232 1243 1292 ὧν
1297 1241 1515 1293 πάντων
1571 1242 1912 1312 πρωτότοκος

337 1323 504 1392 Σοφία
532 1327 624 1379 καὶ
655 1330 943 1401 μονογενὴς
971 1332 1063 1384 καὶ
1092 1333 1430 1404 πρωτόγονος
1460 1332 1552 1384 τοῦ
1587 1331 1722 1385 Θεοῦ
1781 1350 1912 1404 προ-

338 1415 546 1486 ῦπέστη
575 1418 766 1486 Λόγος,
788 1421 966 1475 ὅντινα
981 1424 1210 1494 Χριστὸν
1228 1427 1386 1495 ἡμεῖς
1416 1424 1910 1496 προσαγορεύομεν,

335 1507 638 1580 διδασκάλῳ
689 1513 1112 1585 μαθητευόμενοι
1166 1516 1245 1586 τῷ
1303 1517 1610 1587 Ἀποστόλῳ
1663 1517 1906 1586 λέγοντι·

341 1619 360 1650 ι
389 1600 624 1672 Χριστὸς
655 1604 789 1657 Θεοῦ
812 1605 1057 1676 δύναμις,
1075 1608 1170 1663 καὶ
1193 1607 1327 1661 Θεοῦ
1362 1610 1544 1678 σοφία.
1586 1629 1605 1661 ι
1637 1610 1912 1680 Κέκληται

333 1691 391 1745 δὲ
454 1694 686 1748 ἐνταῦθα
732 1696 807 1766 τῷ
847 1698 946 1766 τῆς
989 1699 1184 1768 Σοφίας
1229 1701 1454 1764 εἰκότως
1515 1702 1908 1772 προσρήματι,

335 1783 412 1847 ὡς
446 1785 539 1838 τοῦ
581 1788 742 1856 μόνου
778 1789 941 1858 σοφοῦ
972 1791 1180 1862 Πατρὸς
1209 1792 1305 1855 τὰς
1341 1792 1645 1860 πανσόφους
1673 1792 1763 1844 καὶ
1792 1793 1912 1843 ἐπι-

339 1890 437 1946 στη
449 1877 670 1945 μονικάς
695 1879 800 1931 τῶν
821 1881 954 1933 ὅλων
986 1882 1214 1952 θεωρίας
1244 1901 1370 1937 τε...
1395 1885 1598 1938 Λείπει
1622 1883 1835 1937 τᾶλλα.

341 383 447 440 557
1250 386 1904 444 DEMONSTRATIONIS

2009 384 2400 441 v’ANGELlCzE
2435 384 2564 442 LIB.
2606 385 2673 441 ν.

3493 391 3596 446 558

2014 511 2174 579 quasi
2221 524 2250 562 a
2298 509 2478 580 primo
2515 516 2570 564 et
2609 509 2852 578 ingenito
2900 507 3060 565 Patre
3094 497 3360 568 sutiicitur
3401 513 3597 587 Filius,

2022 601 2114 671 qui
2149 600 2312 654 etiam
2348 599 2499 652 solus
2543 603 2782 666 paterna:
2819 598 3072 652 essentia:
3121 601 3420 670 fragrantia
3447 620 3596 674 qua:-

2021 687 2148 739 dam
2190 687 2372 740 dictus
2413 694 2496 740 est
2532 701 2562 738 a
2592 686 2772 752 nobis,
2825 688 2919 757 qui
2965 690 3188 744 oraculo
3241 691 3596 762 obsequimur

2021 777 2186 830 talem
2220 779 2286 832 de
2314 779 2406 830 illo
2433 778 2740 832 doctrinam
2776 780 3011 834 tradenti
3049 799 3062 834 :
3102 800 3120 832 ‹
3160 780 3344 852 Vapor
3381 792 3486 849 est,
3512 786 3596 840 in-

2020 869 2159 937 quit,
2191 869 2412 922 virtutis
2436 868 2548 933 Dei,
2581 877 2635 922 et
2673 873 2944 925 emanatio
2965 872 3152 942 gloriae
3186 873 3594 944 Omnipotentis

2021 965 2258 1026 sincera,
2279 971 2333 1017 et
2364 964 2618 1033 splendor
2648 965 2786 1019 lucis
2811 975 3046 1032 aeternae,
3081 977 3133 1024 et
3169 971 3448 1038 speculum
3473 972 3593 1028 sine

2021 1055 2232 1107 macula
2282 1054 2376 1109 Dei
2416 1055 2667 1111 etlicacia:
2693 1096 2709 1122 ,
2740 1065 2794 1113 et
2837 1059 3015 1128 imago
3044 1060 3456 1131 bonitatisejus
3481 1064 3522 1118 δ.
3561 1081 3581 1116 ι

2019 1145 2409 1202 Verumtamen
2455 1149 2572 1203 haec
2615 1165 2723 1219 quo
2767 1150 2888 1204 loco
2928 1152 3049 1220 quis
3083 1153 3232 1216 velit,
3288 1155 3361 1207 ibi
3402 1156 3590 1224 utique

2020 1246 2221 1306 ponat:
2255 1239 2416 1292 nobis
2447 1245 2629 1292 autem
2663 1239 2800 1294 satis
2831 1256 3101 1310 superque
3127 1244 3219 1307 sit,
3241 1260 3429 1298 verum
3455 1243 3588 1301 illud

2019 1345 2083 1384 ac
2122 1333 2269 1400 pium
2292 1347 2483 1386 rursus
2512 1332 2740 1385 verbum
2772 1341 3040 1401 repetere,
3076 1350 3185 1404 quo
3208 1337 3372 1390 etiam
3396 1353 3588 1393 eorum

2019 1423 2084 1477 de
2101 1423 2299 1492 quibus
2322 1425 2608 1493 quaesitum
2637 1424 2818 1487 fuerit,
2839 1425 3183 1481 diﬂicultates
3201 1427 3588 1497 dissolvemus,

2018 1515 2197 1584 ipsum
2224 1517 2443 1584 inquam
2485 1516 2640 1577 illud,
2668 1516 2813 1585 quod
2856 1524 3016 1570 antea
3060 1521 3257 1587 smpius
3299 1520 3444 1574 ell'ati
3497 1539 3592 1576 su-

2017 1623 2140 1661 mus
2175 1626 2186 1660 :
2228 1624 2245 1656 ‹
2292 1606 2710 1661 Generationem
2742 1609 2862 1677 ejus
2907 1610 3034 1679 quis
3079 1612 3398 1666 enarrabit?
3439 1633 3458 1666 ›
3511 1615 3594 1672 Ro

2015 1713 2144 1753 vera
2175 1698 2319 1751 enim
2375 1714 2481 1752 non
2539 1698 2715 1751 solum
2745 1715 2775 1752 a
2815 1702 2980 1757 nullis
3026 1702 3367 1768 hominibus,
3395 1705 3489 1760 sed
3522 1720 3592 1764 ne

2017 1792 2084 1845 ab
2119 1791 2244 1844 ullis
2298 1791 2515 1858 quidem
2568 1792 2954 1860 potestatibus,
2999 1810 3120 1862 quae
3175 1796 3316 1848 ultra
3369 1811 3589 1852 onmem

2015 1890 2262 1935 naturam
2293 1883 2587 1942 evaserint,
2623 1882 2771 1935 unici
2812 1881 2905 1936 Dei
2937 1882 3060 1936 Filii
3102 1886 3379 1954 generatio
3414 1893 3594 1954 potest

337 1972 745 2040 comprehendi,
776 1990 906 2028 sane
948 1990 1055 2028 non
1088 1977 1248 2031 aliter
1283 1993 1445 2046 quam
1488 1979 1604 2049 ipse
1645 1979 1894 2033 Salvator
1923 1993 1986 2032 ac
2013 1976 2282 2030 Dominus
2340 1985 2549 2040 noster,
2603 1976 2754 2031 hisce
2815 1979 2950 2048 ipsis
2999 1981 3165 2035 rebus
3197 1998 3327 2037 suos
3365 1982 3590 2038 initians

335 2062 633 2133 discipulos
700 2087 712 2120 :
771 2086 790 2118 ‹
840 2068 1031 2132 Nemo,
1092 2072 1289 2141 inquit,
1369 2074 1520 2128 novit
1582 2074 1796 2129 Patrem
1845 2073 1951 2127 nisi
2010 2071 2182 2126 Filius
2230 2073 2295 2137 l’;
2352 2091 2369 2123 ι
2425 2083 2476 2124 et
2563 2071 2808 2140 adjungit
2861 2074 3110 2142 protinus
3158 2092 3170 2128 :
3225 2094 3242 2125 ι
3303 2073 3369 2128 Et
3430 2091 3592 2133 nemo

331 2157 485 2208 novit
513 2158 728 2224 Filium,
753 2162 858 2217 nisi
893 2163 1055 2220 Pater
1083 2167 1123 2221 ⁸.
1157 2186 1174 2218 ›
1203 2167 1340 2221 Cum
1364 2184 1496 2238 ergo
1523 2169 1794 2238 theologia
1825 2169 1891 2222 de
1922 2167 2079 2221 Patre
2131 2174 2193 2221 et“
2227 2165 2365 2220 Filio
2393 2181 2544 2235 aeque
2581 2167 2871 2233 omnibus,
2907 2179 3111 2239 .przeter
3143 2185 3282 2225 unos
3315 2169 3484 2239 ipsos,
3506 2171 3594 2226 ino-

330 2253 546 2320 cognita
577 2255 666 2315 sit,
687 2259 844 2324 quasi
880 2259 932 2312 in
953 2263 1172 2316 arcanis
1191 2263 1244 2316 in
1271 2264 1380 2319 illis
1409 2264 1721 2318 Salomonis
1744 2263 1924 2317 verbis
1953 2278 2074 2332 quae
2111 2261 2365 2330 superius
2393 2263 2770 2331 apposuimus,
2804 2261 3134 2332 Sapientiam
3158 2265 3346 2319 audire
3375 2273 3592 2334 oportet

329 2341 594 2400 dicentem
611 2349 972 2422 :«Antequam
988 2366 1200 2410 montes
1219 2357 1336 2411 suis
1354 2357 1577 2414 sedibus
1594 2358 1944 2412 firmarentur
1970 2368 2023 2412 et
2037 2357 2425 2412 informaretur
2441 2367 2665 2420 terra,et
2693 2366 2818 2412 ante
2837 2372 3024 2412 omnes
3053 2360 3238 2424 colles,
3255 2359 3426 2429 gignit
3443 2375 3546 2414 me.
3562 2379 3584 2413 ι

329 2436 489 2509 217
530 2441 619 2495 Ait
656 2457 939 2514 praeterea,
995 2465 1054 2504 se
1087 2466 1195 2504 una
1237 2467 1360 2505 cum
1397 2451 1556 2507 Patre
1592 2451 1779 2520 fuisse,
1830 2467 1953 2506 cum
1993 2453 2190 2506 ctutum
2224 2453 2523 2506 instrueret
2569 2472 2582 2506 :
2618 2474 2635 2502 ιι
2673 2453 2924 2518 Quando,
2973 2453 3170 2522 inquit,
3209 2453 3435 2522 parabat
3473 2467 3589 2506 caa-

329 2528 466 2596 lum,
512 2551 621 2589 una
661 2553 786 2592 cum
837 2557 902 2595 eo
931 2543 1170 2596 aderam.
1207 2563 1226 2595 ι
1265 2543 1468 2600 Deinde
1496 2553 1754 2600 aeternam
1792 2546 1861 2600 ab
1898 2545 2128 2600 inﬁnitis
2185 2545 2402 2600 smculis
2435 2561 2560 2598 cum
2606 2543 2770 2600 Patre
2800 2545 3136 2598 mansionem
3171 2543 3462 2613 signiﬁcat,
3491 2542 3586 2596 ubi

330 2624 617 2699 adjungit:
658 2651 677 2683 ι
728 2634 889 2689 Eram
919 2652 1042 2691 eum
1095 2639 1190 2693 illo
1232 2654 1588 2710 componens,
1625 2656 1724 2712 ego
1754 2655 1904 2696 eram
1937 2641 2079 2711 apud
2130 2657 2292 2710 quam
2323 2643 2614 2711 gaudebat,
2645 2641 2891 2712 quotidie
2921 2657 3050 2695 vero
3070 2641 3292 2695 laetabar
3337 2640 3390 2693 in
3437 2640 3588 2693 vultu

328 2719 470 2787 ejus.
503 2739 522 2772 ›
566 2719 738 2778 Porro
768 2734 949 2780 autem
989 2728 1217 2798 abyssos
1243 2739 1299 2785 et
1327 2729 1504 2786 fontes
1529 2746 1819 2802 aquarum,
1871 2740 1926 2786 et
1963 2741 2178 2787 montes
2229 2740 2284 2788 et
2323 2733 2514 2797 colles,
2575 2740 2630 2788 et
2671 2733 2778 2786 alia
2819 2749 3161 2804 quacunque
3207 2731 3590 2788 communibus

329 2813 510 2868 verbis
539 2815 641 2870 hoc
685 2818 740 2871 in
771 2819 892 2874 loco
929 2820 1278 2876 denominata
1319 2830 1466 2886 sunt,
1523 2829 1616 2877 aut
1644 2823 1710 2878 de
1739 2824 1928 2878 mundi
1968 2827 2379 2888 constitutione,
2417 2827 2491 2880 ita
2540 2826 2791 2896 accipere
2820 2835 3052 2896 oportet,
3086 2835 3144 2880 ut
3171 2841 3199 2879 a
3231 2834 3382 2896 parte
3412 2836 3586 2882 totum

329 2907 698 2980 intelligatur,
755 2926 847 2968 aut
893 2915 1000 2968 alio
1042 2931 1237 2986 genere
1289 2917 1474 2987 ﬁgura:
1521 2919 1892 2987 interpretari,
1962 2919 2344 2975 transferendo
2391 2920 2698 2989 signiﬁcata
2732 2935 2919 2975 eorum
2971 2919 3036 2973 ad
3081 2920 3449 2989 intelligibiles
3498 2937 3588 2976 es-

329 3003 555 3068 sentias,
603 3016 1010 3079 potestatesque
1057 3011 1270 3066 divinas
1319 3028 1332 3063 :
1375 3029 1512 3084 quas
1555 3028 1744 3078 omnes
1790 3025 1914 3069 ortu
1971 3031 2072 3070 suo
2118 3016 2392 3070 antecedit
2437 3015 2738 3085 Sapientia,
2793 3016 3099 3086 quibusque
3144 3016 3396 3070 omnibus
3445 3015 3587 3069 anti-

327 3095 492 3162 quius
540 3101 747 3154 exstitit
800 3103 1041 3166 unicum,
1082 3104 1367 3175 primoque
1429 3106 1668 3176 genitum
1721 3106 1814 3162 Dei
1867 3107 2127 3171 Verbum,
2170 3125 2330 3180 quem
2373 3125 2472 3164 nos
2519 3109 2798 3163 Christum
2855 3111 3128 3180 appellare
3172 3108 3578 3172 consuevimus,

328 3188 510 3243 edocti
555 3205 585 3243 a
627 3193 887 3260 magistro
912 3196 1170 3265 Apostolo
1236 3199 1487 3253 dicente:
1524 3215 1541 3248 ι
1577 3197 1829 3254 Christus
1871 3198 1963 3255 Dei
1998 3202 2173 3256 virtus
2227 3209 2280 3256 et
2339 3199 2432 3256 Dei
2487 3201 2816 3270 sapientia7.
2862 3220 2882 3252 ›
2920 3199 3026 3254 Sed
3080 3199 3167 3254 hic
3219 3199 3581 3270 appellatione

332 3279 622 3352 Sapientiae
661 3289 851 3342 merito
885 3300 1110 3347 vocatus
1136 3301 1221 3348 est
1253 3292 1420 3365 [sicut
1474 3295 1645 3350 solius
1672 3297 1938 3367 sapientis
1970 3296 2170 3363 Patris,
2209 3298 2646 3368 sapientissimas
2701 3305 2756 3351 et
2803 3297 3042 3351 scientiae
3075 3304 3328 3364 parentes
3362 3295 3582 3351 univer-

331 3390 514 3429 sorum
541 3382 1121 3454 contemplationes]...
1153 3384 1372 3455 Reliqua
1401 3385 1607 3442 desunt.

854 3474 1246 3547 ΚΕΦΑΛΑΙΟΝ
1296 3476 1371 3529 B'.

914 3564 931 3635 (
947 3565 1322 3640 ‘Axé;a.10r.)

413 3649 501 3700 Ἐν
543 3651 599 3706 δὲ
637 3653 712 3724 τῷ
752 3653 987 3727 δευτέρῳ
1037 3659 1299 3730 σκήπτρῳ
1344 3659 1604 3732 βασιλικῷ
1641 3664 1814 3732 τιμᾷο
1847 3665 1904 3714 ὲν

333 3736 389 3790 δὲ
415 3739 491 3809 τῷ
522 3743 717 3813 τρίτῳ,
744 3744 840 3815 τὴν
877 3747 994 3798 κατ’
1025 3747 1224 3818 ἀρετὴν
1258 3749 1405 3819 αὐτῷ
1447 3750 1723 3803 τελείωσιν
1763 3768 1904 3822 μαρ-

331 3834 512 3901 τυρεῖ·
549 3828 646 3884 εἶτ’
679 3836 769 3888 ἐπὶ
798 3837 1005 3902 τούτοις
1035 3840 1193 3892 αὑτὸν
1223 3841 1286 3910 δὴ
1319 3841 1504 3894 τοῦτον
1533 3843 1624 3895 τὸν
1649 3843 1778 3895 Θεὸν
1813 3844 1906 3896 καὶ

333 3921 554 3990 βασιλέα
580 3925 860 3995 κεχρίσθαι
890 3930 1024 4000 πρὸς
1056 3931 1149 3982 τοῦ
1183 3932 1456 3986 ἀνωτάτου
1483 3933 1721 3986 διδάσκει
1745 3932 1902 3995 Θεοῦ,

334 4014 426 4065 καὶ
447 4013 618 4087 ταύτῃ
652 4033 713 4084 γε
747 4018 979 4088 Χριστὸν
1009 4024 1304 4090 γεγονέναι.
1343 4025 1406 4076 Τί
1432 4025 1538 4097 γὰρ
1572 4024 1636 4078 ἂν
1665 4025 1757 4077 καὶ
1786 4026 1903 4076 ὀνο-

336 4103 564 4172 μάσαιτό
591 4124 675 4169 τις
712 4107 802 4160 τὸν
842 4110 914 4180 μὴ
944 4111 1034 4163 ὑπ’
1065 4111 1362 4183 ἀνθρώπων
1387 4115 1505 4184 μὲν,
1539 4116 1630 4168 ὑπ’
1662 4114 1823 4168 αὑτοῦ
1847 4115 1902 4167 δὲ

330 4196 425 4248 τοῦ
456 4197 547 4250 ἐπὶ
582 4199 795 4252 πάντων
836 4201 969 4254 Θεοῦ
1005 4206 1392 4276 κεχρισμένον;
1430 4207 1520 4260 ἐπὶ
1564 4207 1736 4278 τούτῳ
1773 4207 1902 4276 γοῦν

333 4304 524 4358 φησιν·
557 4308 575 4340 t
613 4286 682 4342 Ὦ
703 4291 803 4344 Θεὲ
827 4293 983 4364 (πρὸς
1009 4295 1097 4348 τὸν
1125 4297 1415 4368 χρισθέντα
1443 4298 1898 4368 ἀποτεινόμενος),

331 4380 622 4452 ἠγάπησας
663 4382 1028 4456 δικαιοσύνην,
1080 4388 1173 4440 καὶ
1217 4389 1486 4460 ἐμίσησας
1529 4391 1775 4444 ἀδικίαν·
1814 4389 1902 4442 διὰ

330 4467 487 4523 τοῦτο
513 4472 620 4544 γὰρ
646 4473 827 4545 ἕχρισέ
855 4493 913 4528 σε
940 4478 968 4528 ὁ
997 4477 1128 4542 Θεὸς
1153 4479 1182 4530 ό
1208 4480 1344 4543 Θεός
1377 4498 1490 4535 σου.
1530 4499 1548 4532 ι
1601 4482 1743 4534 Ὠσεὶ
1783 4480 1900 4533 ἕλε-

330 4575 457 4627 γενο
492 4561 549 4614 '0
585 4563 677 4616 ἐπὶ
722 4565 937 4619 πάντων
965 4567 1096 4632 Θεὸς
1151 4569 1334 4641 ἔχρισέ
1365 4587 1422 4622 σε
1447 4571 1624 4624 ἔλαιον
1646 4569 1902 4639 ἀγαλλιά-

334 4669 470 4716 σεως
503 4655 654 4727 παρά
680 4658 804 4721 τοὺς
832 4659 1088 4729 μετόχους
1119 4677 1210 4714 σου
1230 4679 1243 4692 ο
1284 4661 1422 4714 ὥστε
1448 4663 1568 4715 οὐδὲ
1599 4663 1776 4715 κοινὸν
1805 4662 1900 4716 καὶ

330 4743 531 4810 γεῶδες
570 4746 632 4798 τὸ
670 4746 992 4819 δηλούμενον
1032 4750 1188 4804 τοῦτο
1214 4753 1422 4822 χρίσμα
1447 4748 1514 4823 ἦν
1534 4791 1548 4815 ,
1575 4753 1694 4805 οὐδὲ
1718 4753 1898 4822 ὅμοιον

328 4833 408 4905 τῷ
433 4836 582 4907 παρά
599 4839 784 4892 Μωσεῖ
803 4839 1123 4911 νενομοθετη
1133 4843 1276 4912 μένῳ
1303 4843 1398 4895 καὶ
1419 4843 1661 4915 φθαρτῆς
1683 4843 1742 4906 ἐξ
1767 4843 1899 4915 ὕλης

327 4930 836 5002 κατεσκευασμένῳ,
859 4927 902 4999 ᾧ
926 4932 1077 5001 φίλον
1098 4929 1166 5003 ἦν
1192 4937 1317 4998 τοὺς
1339 4934 1600 4997 παλαιοὺς
1635 4934 1898 5006 Ἑϐραίων

327 5023 505 5094 ἱερέας
547 5024 640 5077 καὶ
674 5024 920 5094 βασιλέας
969 5027 1234 5098 χρίεσθαι.
1265 5029 1456 5081 Ἔνθεν
1502 5030 1633 5098 ἡμῖν
1674 5028 1898 5091 εἰκότως

327 5115 421 5166 καὶ
447 5114 575 5177 Θεὸς
593 5115 726 5186 ὁμοῦ
751 5117 842 5170 καὶ
874 5119 1105 5186 Χριστὸς
1127 5120 1487 5191 ἀνηγόρευται
1507 5157 1521 5181 ,
1565 5118 1713 5172 ὼσὰν
1741 5119 1898 5188 μόνος

329 5205 404 5278 μὴ
443 5207 507 5260 δι’
542 5207 862 5280 ἀνθρώπων,
899 5210 1018 5281 μηδ’
1043 5211 1101 5276 ἐξ
1126 5211 1425 5282 ἀνθρώπων
1444 5250 1458 5274 ,
1487 5211 1622 5283 πρὸς
1647 5209 1811 5263 αὐτοῦ
1842 5211 1900 5264 δὲ

323 5298 418 5350 τοῦ
439 5299 549 5353 τῶν
568 5301 703 5352 ὅλων
734 5301 964 5372 Ποιητοῦ
991 5303 1088 5372 τῆς
1116 5303 1296 5356 ἐνθέου
1321 5305 1491 5376 χαρᾶς
1522 5304 1615 5356 καὶ
1641 5302 1897 5371 ἀγαλλιά-

328 5405 462 5452 σεως
491 5392 763 5462 ἀσωμάτῳ
787 5393 879 5445 καὶ
904 5393 1194 5462 θεοπρεπεῖ
1225 5393 1480 5464 χρίσματι
1502 5391 1855 5463 κεχρισμένος
1875 5408 1890 5423 ο

327 5477 516 5554 διόπερ
553 5483 774 5547 ἐνδίκως
801 5485 958 5556 μόνος
983 5484 1201 5554 ἀγαθῶς
1230 5485 1322 5538 καὶ
1354 5485 1558 5556 κυρίως
1589 5484 1736 5556 παρά
1765 5484 1892 5547 τοὺς

329 5569 750 5642 ὀνομαζομένους
775 5574 937 5628 αὐτοῦ
973 5574 1229 5645 μετόχους
1256 5573 1485 5644 Χριστὸς
1513 5573 1579 5626 ἂν
1599 5574 1894 5644 ἀναγορευ-

334 5659 473 5732 θείη.
506 5667 567 5715 οι
598 5666 811 5737 μέτοχοι
835 5667 891 5720 δὲ
908 5666 1070 5722 αὑτοῦ
1093 5666 1232 5730 τίνες
1257 5665 1323 5719 ἂν
1352 5661 1480 5730 εἷεν,
1497 5665 1530 5735 ἢ
1549 5667 1598 5718 ot
1613 5663 1713 5718 οἶοί
1737 5683 1794 5718 τε
1811 5666 1897 5719 λέ-

405 5817 428 5850 δ
457 5817 584 5890 Sap.
624 5838 721 5891 vn,
752 5823 938 5879 25-26.
968 5827 990 5858 ⁸
1023 5825 1208 5883 Matth.
1239 5843 1316 5894 ιι,
1351 5827 1439 5880 27.
1545 5829 1565 5858 ⁸
1593 5828 1723 5883 ibid.

2625 3471 2855 3528 CAPUT
2901 3474 2963 3528 ll.

2567 3565 2713 3636 (Sine
2743 3566 3045 3634 principio.)

2075 3653 2135 3709 In
2167 3657 2409 3710 secundo
2436 3665 2638 3718 autem,
2661 3655 2873 3726 sceptri
2906 3659 3104 3728 regalis
3131 3661 3336 3716 honore
3369 3661 3576 3719 donat:

2007 3745 2062 3800 in
2091 3747 2253 3801 tertio
2275 3763 2404 3802 vero
2435 3747 2690 3816 perfectae
2721 3749 2938 3802 virtutis
2958 3750 3032 3802 illi
3056 3749 3149 3802 dat
3168 3753 3538 3807 testimonium
3559 3798 3579 3822 ,

2005 3845 2193 3907 postea
2235 3839 2411 3907 ipsum
2452 3838 2595 3891 hunc
2630 3853 2794 3907 super
2825 3839 2893 3894 iis
2923 3846 2978 3894 et
3007 3839 3176 3894 Deum
3209 3849 3262 3896 et
3308 3857 3510 3912 regem,
3545 3859 3577 3898 a

2006 3944 2263 3998 supremo
2321 3929 2431 3984 Deo
2490 3937 2716 3984 unctum
2769 3947 2890 3986 esse
2937 3931 3116 3996 docet,
3153 3941 3206 3986 et
3255 3947 3318 3987 ea
3363 3934 3576 3988 ratione

2004 4019 2281 4076 Christum
2307 4022 2583 4077 exstitisse
2619 4041 2632 4075 :
2664 4023 2793 4093 quid
2820 4023 2963 4078 enim
2996 4023 3143 4077 aliud
3175 4024 3440 4093 quispiam
3475 4041 3576 4078 no-

2005 4111 2172 4164 minet
2225 4127 2372 4176 eum,
2406 4113 2498 4183 qui
2553 4128 2663 4166 non
2723 4114 2792 4167 ab
2841 4113 3176 4176 hominibus,
3208 4115 3302 4169 sed
3345 4115 3414 4169 ab
3456 4115 3576 4184 ipso

2004 4215 2259 4271 supremo
2304 4200 2413 4256 Deo
2453 4203 2525 4257 sit
2577 4202 2818 4256 unctus?
2863 4201 2930 4256 de
2975 4202 3079 4256 hoc
3121 4203 3285 4273 igitur
3325 4201 3401 4253 ait
3461 4217 3474 4251 :
3527 4201 3573 4258 Ο

2002 4288 2168 4356 Deus,
2198 4291 2264 4345 ad
2299 4307 2423 4346 eum
2477 4293 2570 4362 qui
2610 4300 2810 4346 unctus
2841 4301 2924 4349 est
2963 4307 3266 4348 sermonem
3307 4289 3570 4359 dirigens,

2005 4378 2272 4435 «dilexisti
2287 4379 2576 4449 justitiam,
2599 4388 2654 4437 et
2701 4382 2864 4438 odisti
2894 4383 3232 4452 iniquitatem
3265 4399 3278 4434 :
3321 4388 3571 4450 propter-

2000 4488 2063 4526 ea
2098 4475 2242 4528 enim
2277 4473 2436 4527 unxit
2498 4483 2552 4529 te
2604 4472 2770 4538 Deus,
2803 4473 2944 4527 Deus
2977 4472 3159 4526 tuus“.
3201 4491 3220 4522 ι
3254 4469 3322 4525 Ut
3349 4472 3393 4526 si
3424 4470 3574 4524 dice-

1999 4571 2114 4630 ret,
2145 4563 2288 4619 Deus
2330 4563 2492 4619 Pater
2537 4565 2691 4618 unxit
2736 4575 2788 4620 te
2841 4565 2962 4619 oleo
3019 4565 3418 4628 exsultatiouis,
3461 4579 3570 4632 pra:

2001 4657 2354 4726 participibus
2385 4657 2495 4711 tuis
2529 4673 2542 4710 :
2575 4655 2647 4710 ita
2683 4672 2860 4727 neque
2881 4671 3171 4711 commune
3203 4665 3256 4711 et
3287 4663 3562 4708 terrenum

1999 4757 2082 4802 est
2110 4748 2214 4801 hoc
2234 4747 2302 4802 de
2337 4763 2445 4817 quo
2471 4748 2648 4818 agitur
2680 4757 3034 4817 unguentum,
3068 4762 3246 4816 neque
3289 4745 3365 4798 illi
3394 4743 3572 4798 simile

2002 4837 2147 4908 quod
2178 4839 2320 4908 apud
2352 4838 2588 4910 Moysem
2621 4839 2737 4910 lege
2762 4839 3031 4895 sancitum
3061 4845 3166 4902 est,
3199 4844 3254 4892 et
3284 4851 3349 4891 ex
3377 4849 3572 4889 corru-

2001 4929 2176 4999 ptioni
2195 4930 2431 4984 obnoxia
2457 4931 2679 4984 materia
2703 4938 3098 5001 comparatum,
3117 4945 3225 5000 quo
3249 4943 3382 4983 sane
3402 4929 3571 4982 moris

2003 5026 2180 5082 fuerat
2209 5035 2417 5082 veteres
2432 5025 2688 5081 Hebraeos
2721 5033 2776 5080 et
2810 5025 3122 5081 sacerdotes
3150 5031 3205 5078 et
3227 5037 3382 5092 reges
3404 5021 3570 5076 inun-

2002 5134 2130 5188 gere
2164 5137 2176 5172 :
2213 5119 2340 5174 inde
2388 5118 2546 5173 nobis
2592 5118 2805 5182 merito,
2837 5125 2891 5172 et
2937 5115 3078 5170 Deus
3126 5113 3290 5169 simul
3323 5119 3377 5166 et
3409 5109 3571 5166 Chri-

2003 5219 2122 5266 stus
2158 5211 2462 5281 appellatus
2494 5217 2598 5272 est,
2629 5220 2886 5279 tanquam
2925 5208 2972 5263 is
2999 5207 3088 5277 qui
3121 5205 3290 5268 solus,
3323 5220 3431 5258 non
3471 5221 3569 5276 per

2001 5301 2272 5365 homines,
2331 5317 2507 5372 neque
2555 5301 2622 5356 ab
2673 5300 3005 5362 hominibus,
3037 5297 3106 5352 ab
3147 5297 3263 5365 ipso
3291 5311 3421 5350 vero
3448 5296 3571 5349 uni-

1998 5392 2141 5446 versi
2175 5391 2414 5447 Auctore
2459 5392 2656 5446 divinae
2691 5391 2888 5444 lmtitiae
2941 5396 3105 5456 atque
3161 5385 3564 5447 exsultationis,

1997 5489 2320 5556 incorporeo
2347 5492 2401 5540 et
2436 5484 2527 5539 Dei
2551 5483 2836 5552 majestate
2860 5481 3022 5550 digno
3048 5485 3326 5550 unguento
3359 5479 3431 5532 sit
3457 5494 3562 5530 un-

1999 5588 2122 5632 ctus
2166 5596 2179 5632 :
2221 5584 2555 5646 quapropter
2588 5576 2735 5643 juste
2779 5574 2949 5634 solus,
2983 5572 3101 5626 sine
3147 5569 3350 5624 malitia
3393 5569 3566 5633 solus,

2001 5668 2140 5723 bene
2169 5674 2223 5721 et
2253 5667 2418 5736 218
2449 5663 2685 5735 proprie,
2712 5679 2822 5734 prae
2844 5662 2910 5716 iis
2947 5662 3037 5732 qui
3069 5661 3240 5732 ipsius
3270 5660 3560 5730 pmticipes

1845 5831 1865 5861 "
1904 5829 1922 5883 1
1986 5830 2111 5883 Cor.
2148 5845 2186 5896 ι,
2215 5828 2309 5882 24.
2385 5826 2406 5858 ⁸
2437 5823 2579 5880 Psal.
2616 5837 2764 5886 ιιιν,
2799 5823 2851 5877 8.
