4110 6432
472 389 580 444 359

1114 381 1382 438 EUSEBII
1414 380 1898 438 C.£SARIENSIS
1928 378 2081 436 OPP.
2117 376 2314 433 PARS.
2350 376 2416 431 II.
2458 405 2528 418 —-
2566 375 3064 434 APOLOGETICA.

3629 376 3734 432 560

461 502 838 562 nominantur,
885 497 1140 552 Christus
1185 497 1505 566 appelletur.
1561 495 1864 568 Participes
1914 513 2044 553 vero

2147 513 2266 565 γειν
2291 513 2305 527 ·
2341 515 2360 548 ι
2391 497 2626 567 Μέτοχοι
2654 497 2763 568 γὰρ
2785 499 3085 567 γεγόναμεν
3113 495 3353 566 Χριστοῦ
3383 512 3396 561 ;
3437 514 3456 546 ι
3496 499 3624 568 περὶ
3661 491 3737 550 ὧν

456 598 578 665 ejus
601 595 820 664 quinam
849 605 1034 661 quaeso
1069 591 1202 652 sint,
1226 589 1334 644 nisi
1361 589 1400 642 ii
1431 591 1524 659 qui
1557 590 1742 645 dicere
1766 598 1995 660 possunt
2023 609 2040 646 :

469 706 487 738 ‹
529 686 828 754 Partioipcs
845 683 989 737 enim
1024 681 1153 735 facti
1175 697 1364 736 sumus
1392 681 1599 736 Christi
1619 683 1676 735 ’ἲ
1704 702 1722 734 ι
1747 681 1821 736 De
1845 682 2044 752 quibus

458 779 664 832 dictum
698 783 784 830 est
818 793 828 826 :
872 794 890 825 ι
939 773 1118 827 Nolite
1152 783 1374 844 tangere
1414 775 1653 829 christos
1680 789 1851 835 meos,
1892 781 1946 828 et
1988 775 2043 828 in

458 871 741 941 prophetis
791 868 927 923 meis
977 869 1148 922 nolite
1197 868 1573 938 maliguari”.
1625 888 1642 920 ›
1692 868 1821 922 Item
1880 867 2043 936 igitur

460 976 585 1014 cum
625 961 680 1013 in
729 959 813 1013 his
868 959 1027 1028 plane
1062 957 1318 1012 Christus
1347 958 1678 1027 apparuerit,
1703 965 1756 1012 et
1784 957 2040 1017 dilectus.

462 1060 516 1107 et
549 1050 713 1115 Deus,
741 1059 796 1105 et
842 1065 962 1112 rex,
993 1057 1210 1120 tempus
1234 1049 1300 1103 de
1331 1049 1422 1103 illo
1451 1059 1510 1103 ut
1547 1064 1878 1118 quaeramus,
1905 1063 2044 1118 quo-

461 1144 645 1206 modo,
676 1143 768 1212 qui
788 1149 896 1195 tam
921 1141 1145 1212 grandis
1180 1141 1270 1202 sit,
1304 1140 1555 1195 inimicos
1577 1141 1775 1194 habere
1804 1140 2039 1203 dicatur,

461 1243 516 1288 ct
543 1248 811 1305 quosnam
847 1233 1006 1294 istos,
1037 1241 1089 1285 et
1118 1238 1339 1300 propter
1368 1245 1528 1299 quam
1565 1245 1809 1289 causam.
1848 1229 2042 1283 adver-

463 1343 558 1383 sus
591 1341 729 1398 quos
775 1340 905 1380 suas
952 1324 1202 1394 sagittas,
1231 1339 1501 1393 suumque
1531 1325 1769 1393 gladium
1803 1325 2040 1386 exacuit,

461 1428 515 1474 et
546 1434 655 1489 quo
685 1426 844 1488 pacto
890 1417 1056 1471 nullis
1098 1418 1265 1472 armis
1316 1417 1586 1470 instructa
1616 1417 1754 1481 acie,
1788 1417 1880 1472 sed
1919 1432 2044 1486 pro-

462 1521 583 1582 pter
616 1517 899 1565 veritatem
931 1519 984 1562 ct
1029 1509 1501 1564 mansuetudinem
1533 1518 1587 1564 ct
1632 1509 1926 1578 justitiam,
1961 1510 2038 1563 in-

462 1603 830 1659 numerabiles
862 1603 964 1657 sibi
1001 1603 1102 1671 ipsi
1137 1603 1414 1674 subegerit
1446 1605 1698 1674 populos.
1737 1603 1839 1670 Qui
1874 1605 2045 1673 igitur

464 1697 581 1752 haec
628 1696 943 1766 diligentius
975 1697 1188 1766 quatrit,
1219 1697 1364 1750 hunc
1393 1704 1612 1766 oportet
1644 1712 1708 1750 ea
1745 1697 2046 1752 transferre

465 1789 532 1842 ad
563 1788 899 1843 Salvatorcm
925 1805 988 1843 ac
1016 1789 1304 1842 Dominum
1335 1797 1584 1844 nostrum
1605 1787 1812 1849 .Iesum,
1837 1790 1929 1859 qui
1955 1797 2037 1844 est

2145 586 2360 657 εἴρηται
2383 603 2396 616 ’
2428 604 2444 636 ι
2483 587 2574 657 Μὴ
2611 587 2846 640 ἀπτεσθε
2869 586 2976 639 τῶν
3001 586 3237 656 χριστῶν
3264 602 3363 654 μου
3385 623 3400 648 ,
3427 587 3520 638 καὶ
3551 588 3608 639 ὲν
3628 591 3739 651 τοῖς

2144 678 2451 748 προφήταις
2483 694 2584 747 μου
2623 677 2698 747 μὴ
2723 677 3110 748 πονηρεύεσθε.
3146 696 3164 728 ›
3196 677 3307 730 Καὶ
3336 676 3400 745 δὴ
3431 677 3738 747 πεφηνότος

2142 769 2230 822 διὰ
2250 768 2453 822 τούτων
2481 769 2664 837 σαφῶς
2692 767 2784 821 τοῦ
2811 768 3045 839 Χριστοῦ
3081 767 3367 839 ἀγαπητοῦ
3390 808 3403 829 ,
3440 769 3535 820 καὶ
3565 768 3700 822 Θεοῦ
3719 809 3734 830 .

2143 863 2236 914 καὶ
2267 861 2530 931 βασιλέως
2556 900 2570 922 ,
2600 859 2718 931 ὥρα
2761 875 2818 911 σε
2859 861 3062 930 ζητεῖν,
3099 862 3127 912 ὁ
3161 859 3477 929 τηλικοῦτος
3503 860 3620 924 πῶς
3650 863 3737 932 ἐχ-

2144 955 2306 1026 θροὺς
2337 955 2481 1025 ἔχειν
2511 955 2755 1022 λέγεται,
2787 955 2882 1006 καὶ
2909 954 3082 1017 τίνας.
3106 955 3200 1007 καὶ
3217 955 3283 1006 δι’
3301 955 3368 1024 ἢν
3389 956 3588 1018 αἰτίαν,
3614 955 3736 1008 καθ’

2143 1043 2218 1102 ὧν
2251 1048 2320 1100 τὰ
2351 1048 2544 1100 ἑαυτοῦ
2575 1048 2728 1118 βέλη,
2756 1046 2850 1100 καὶ
2883 1049 2982 1118 τὴν
3012 1047 3205 1100 ἑαυτοῦ
3236 1049 3508 1118 ῥομφαίαν
3535 1049 3734 1120 ὴκονή-

2145 1159 2308 1205 σατο,
2357 1143 2504 1203 ὅπως
2536 1157 2596 1192 τε
2643 1141 2703 1194 ού
2755 1140 2820 1192 δι’
2858 1139 3143 1210 ὁπλιτικῆς
3188 1139 3575 1210 παρατάξεως,
3618 1139 3734 1193 ἀλλ’

2142 1233 2325 1286 ἕνεκεν
2363 1231 2620 1300 ἀληθείας
2645 1232 2738 1284 καὶ
2771 1212 3076 1302 πραότητος
3123 1230 3216 1282 καὶ
3252 1229 3596 1299 δικαιοσύνης
3641 1247 3736 1300 μυ-

2145 1327 2295 1397 ρίους
2315 1326 2626 1395 ὑπηγάγετο
2642 1324 2818 1394 ἐαυτῷ
2835 1325 3015 1388 λαούς.
3041 1322 3339 1386 Ζττοῦντας
3362 1323 3468 1395 γὰρ
3492 1321 3737 1394 ἀκριϐῶς

2142 1417 2316 1471 ταῦτα
2337 1457 2351 1482 ,
2381 1418 2558 1481 καλῶς
2593 1417 2657 1470 ἂν
2689 1417 2800 1486 ἔχοι
2835 1417 3160 1488 μεταφέρειν
3192 1416 3330 1469 αύτά
3366 1416 3457 1468 ἐπὶ
3490 1416 3581 1468 τὸν
3620 1417 3736 1469 Σω-

2144 1511 2283 1580 τῆρα
2305 1512 2402 1563 καὶ
2425 1509 2628 1581 Κύριον
2658 1509 2814 1580 ἡμῶν
2839 1508 3047 1580 Ἰησοῦν
3073 1509 3165 1560 τὸν
3196 1507 3426 1579 Χριστὸν
3457 1507 3548 1560 τοῦ
3574 1507 3735 1572 Θεοῦ,

2145 1602 2509 1673 ἀνατρέχοντα
2533 1601 2626 1654 ἐπὶ
2653 1602 2721 1653 τά
2749 1599 2998 1665 διεξωδευ
3007 1601 3142 1670 μένα
3176 1601 3418 1671 περὶτῆς
3439 1602 3515 1664 είς
3537 1601 3740 1673 ἀνθρῶο

2149 1711 2281 1756 πους
2307 1693 2472 1747 αὐτοῦ
2496 1695 2752 1765 παρόδου,
2779 1694 2900 1748 καθ’
2928 1695 2993 1764 ἢν
3015 1694 3114 1756 τὰς
3138 1693 3339 1764 ἐχθρὰς
3361 1694 3456 1747 καὶ
3474 1695 3740 1765 ἀοράτους

2149 1786 2405 1857 δυνάμεις
2448 1786 2554 1838 τῶν
2602 1785 2891 1857 μοχθηρῶν
2924 1790 3017 1840 καὶ
3058 1785 3406 1855 λυμαντικῶν
3449 1786 3736 1856 δαιμόνων,

463 1878 718 1933 Christus
746 1876 860 1939 Dei,
892 1888 944 1932 et
980 1879 1047 1932 ad
1104 1893 1166 1931 ea
1216 1893 1498 1932 recurrere
1547 1894 1668 1948 quae
1696 1879 1763 1933 dc
1798 1879 1945 1933 illius
1976 1881 2042 1934 ad

2145 1879 2252 1931 τῶν
2285 1896 2342 1931 τε
2382 1878 2634 1950 πονηρῶν
2672 1879 2766 1932 καί⁵
2794 1877 3121 1948 ἀκαθάρτων
3157 1877 3490 1948 πνευμάτων
3519 1895 3740 1948 τροπω”

465 1969 715 2023 homines
771 1967 1003 2021 adventu
1049 1984 1079 2020 a
1113 1968 1273 2022 nobis
1302 1969 1544 2037 exposita
1580 1978 1708 2024 sunt
1741 1989 1755 2024 :
1794 1970 1884 2025 ubi
1917 1985 2042 2024 cum

466 2061 774 2117 hostilesiet
803 2060 980 2113 visum
1024 2069 1274 2114 nostrum
1306 2059 1624 2131 effugientes
1647 2062 2042 2132 ﬂagitiosorum

464 2166 528 2204 ac
561 2151 850 2204 noxiorum
885 2151 1191 2205 daemonum
1227 2166 1629 2222 pravorumque
1658 2164 1822 2223 atque
1864 2156 2042 2226 impu-

463 2257 647 2297 rorum
666 2244 957 2313 spirituum
988 2251 1286 2312 potestates
1303 2244 1434 2298 dare
1460 2253 1610 2314 terga
1636 2249 1897 2317 coegerit,
1920 2263 2046 2317 per-

463 2351 624 2407 quam
675 2335 1100 2390 innumerabiles
1143 2337 1249 2392 sibi
1283 2338 1387 2408 ipsi
1419 2354 1486 2393 ex
1519 2339 1776 2394 omnibus
1811 2341 2046 2393 nationi-

460 2429 562 2483 bus
587 2428 816 2499 populos
835 2429 1174 2499 comparavit
1228 2449 1242 2484 :
1292 2445 1454 2499 quem
1480 2431 1604 2485 inde
1633 2432 1799 2484 etiam
1851 2449 2043 2487 verum

463 2517 558 2573 Dei
589 2517 867 2574 Christum
905 2520 1182 2590 appellare
1211 2523 1524 2588 conveniat,
1563 2524 1763 2592 quippe
1793 2524 1887 2594 qui
1933 2541 2044 2578 non

461 2612 739 2665 communi
780 2612 923 2674 oleo,
971 2620 1030 2666 ut
1085 2613 1252 2682 prisci
1283 2622 1705 2677 consueverant,
1733 2615 1806 2670 sit
1847 2625 2045 2672 unctus

464 2701 664 2770 (neque
693 2701 858 2756 etiam
894 2702 998 2757 tale
1035 2703 1332 2776 quidquam
1371 2705 1438 2759 de
1467 2705 1560 2759 illo
1591 2708 1870 2762 memoriae
1920 2724 2046 2778 pro-

461 2791 635 2846 ditum
685 2793 812 2865 est),
877 2795 969 2849 sed
1016 2797 1382 2866 prmstautiori
1447 2797 1684 2867 quodam
1753 2799 2047 2870 divinoque

461 2893 762 2956 urguente,
793 2903 857 2941 ex
883 2903 992 2957 quo
1023 2889 1208 2958 utique
1235 2889 1398 2943 etiam
1441 2905 1537 2960 per
1567 2889 1786 2955 Isaiam,
1823 2893 1902 2947 sic
1931 2895 2041 2948 ait:

466 2993 485 3027 ι
521 2975 759 3048 Spiritus
808 2977 1023 3034 Domini
1074 2995 1239 3050 super
1282 2997 1388 3046 me,
1440 2991 1663 3054 propter
1697 2985 1844 3055 quod
1890 2987 2048 3040 unxit

461 3071 639 3124 ine“.
676 3090 694 3120 ι
729 3069 1002 3134 Quocirca
1052 3071 1194 3126 inter
1250 3087 1441 3128 omnes
1491 3076 1873 3144 potissimum,
1925 3077 2048 3147 qui-

461 3176 678 3233 cunque
717 3178 966 3260 lunq-uam
1012 3163 1155 3260 apud
1210 3162 1465 3221 Hebraeos
1518 3169 1859 3260 corporalius
1890 3168 2041 3222 uncti
2071 3204 2112 3260 ο

463 3261 612 3315 sunt,
650 3251 801 3306 solus
835 3253 890 3305 iu
923 3259 1038 3306 toto
1075 3252 1207 3307 orbe
1250 3261 1522 3307 terrarum
1571 3254 1716 3324 apud
1753 3256 2043 3310 universos

462 3342 667 3398 Christi
719 3343 939 3398 nomine
985 3344 1317 3407 celebratur,
1368 3353 1423 3399 ει
1473 3345 1918 3400 Christianorum
1974 3346 2045 3400 ab

463 3431 584 3502 ipso
629 3431 859 3487 deducta
911 3435 1295 3504 appellatione,
1327 3443 1498 3490 totam
1551 3453 1672 3506 quae
1725 3437 2045 3494 habitantur

461 3529 664 3574 terram
712 3523 952 3593 implevit
991 3543 1003 3577 :
1036 3525 1438 3594 quodammodo
1506 3536 1689 3583 autem
1743 3529 1897 3584 illum
1941 3545 2045 3583 nn-

462 3620 611 3667 ctum
641 3629 762 3670 esse
789 3615 1060 3678 dicamus,
1095 3625 1149 3696 e_t
1193 3619 1323 3686 quid
1359 3619 1463 3673 hoc
1493 3619 1568 3673 sit
1601 3629 1962 3692 unguentum,
1989 3631 2045 3677 et

462 3706 716 3777 quisnam
794 3707 1072 3762 unctionis
1129 3709 1346 3772 modus,
1412 3709 1631 3766 abunde
1707 3712 1842 3767 satis
1904 3713 2044 3767 libro

463 3802 644 3869 priore
696 3801 1072 3856 tractavimus.
1115 3801 1285 3854 Porro
1346 3802 1398 3856 in
1454 3802 1620 3872 hujus
1671 3804 1832 3859 labiis
1882 3813 2046 3874 atque

463 3893 713 3947 doctrina
744 3901 895 3946 tanta
929 3893 1100 3947 elI'usa
1131 3904 1216 3947 est
1247 3893 1446 3963 gratia,
1486 3903 1544 3948 ut
1589 3895 1738 3949 brevi
1776 3904 2040 3966 tempore,

462 3998 527 4037 ea
558 3999 680 4054 quae
713 3985 782 4038 ab
815 3984 935 4054 ipso
959 3985 1285 4039 denuntiata
1310 3992 1414 4049 est,
1450 3988 1814 4042 sanctimonia
1844 3999 1898 4042 et
1932 3990 2044 4059 pie-

462 4083 594 4138 tate.
619 4090 837 4130 onmem
861 4075 1040 4130 locum
1071 4077 1400 4146 impleverit.
1433 4077 1622 4149 Itaque
1651 4080 1763 4148 jam
1798 4096 1944 4133 nunc
1989 4081 2042 4134 in

463 4165 720 4221 omnibus
768 4167 1018 4238 gentibus
1053 4167 1198 4236 apud
1243 4184 1339 4224 eos
1385 4171 1480 4239 qui
1522 4172 1827 4226 doctrinam
1870 4173 2042 4240 ipsius

465 4255 764 4324 accipiunt,
797 4257 1148 4325 comprobata
1199 4258 1321 4327 ejus
1375 4261 1692 4331 prophetiae,
1731 4278 1852 4331 quae
1899 4279 2044 4317 nunc

465 4346 521 4399 in
588 4348 839 4402 manibus
909 4357 1028 4412 est,
1119 4350 1347 4405 veritate
1383 4392 1399 4417 ,
1480 4361 1535 4407 et
1611 4353 1757 4423 regis
1824 4361 1879 4408 et
1947 4353 2043 4408 Dei

466 4435 692 4502 gloriam
761 4435 989 4505 adeptus
1034 4445 1139 4504 est,
1195 4446 1249 4492 et
1322 4440 1466 4511 apud
1535 4457 1696 4496 omne
1762 4442 2042 4497 hominum

2146 1971 2412 2040 σάμενος,
2459 1970 2684 2041 μυρίους
2725 1971 2885 2032 ὅσους
2938 1967 3120 2038 ἑαυτῷ
3166 1967 3330 2031 λαοὺς
3383 1966 3442 2032 ἐξ
3489 1969 3741 2021 ἁπάντων

2143 2064 2250 2116 τῶν
2276 2064 2444 2116 ἐθνῶν
2479 2065 2872 2133 συνεστήσατο·
2902 2062 2961 2114 ὃν
2985 2063 3078 2115 καὶ
3108 2061 3346 2134 Χριστὸν
3371 2061 3550 2132 ἀληθῆ
3574 2078 3740 2134 προσ·

2145 2157 2267 2226 ηκοι
2299 2155 2364 2208 ἂν
2395 2155 2489 2208 τοῦ
2516 2154 2650 2208 θεοῦ
2679 2154 2928 2208 ὲνθεῦθεν
2952 2154 3330 2226 ἀναγορεύειν,
3354 2155 3414 2206 ού
3447 2154 3609 2224 κοινῷ
3635 2155 3734 2222 μὲν

2145 2247 2309 2317 ἐλαίῳ
2336 2247 2444 2300 τῶν
2472 2247 2643 2300 πάλαι
2697 2246 2941 2318 συνήθως
2966 2247 3260 2317 χρισθέντα
3307 2248 3321 2317 (
3338 2247 3457 2300 οῦτε
3485 2243 3575 2299 οῦν
3603 2248 3734 2298 ἱστο-

2149 2339 2319 2410 ρεῖται
2357 2357 2407 2392 τι
2459 2340 2589 2412 περὶ
2629 2339 2792 2392 αὑτοῦ
2832 2340 3116 2409 τοιοῦτον),
3148 2340 3417 2411 κρείττονι
3449 2339 3622 2392 δὲκαὶ
3649 2340 3732 2390 ὲν-

2147 2433 2255 2501 θὲῳ
2309 2431 2596 2502 χρίσματι,
2633 2433 2762 2504 παρ’
2811 2432 2840 2485 ὃ
2899 2433 2963 2502 δὴ
3011 2433 3105 2487 καὶ
3153 2433 3242 2486 διὰ
3293 2434 3512 2486 Ἡσαΐου
3567 2429 3727 2501 φησί·

2151 2542 2168 2573 ι
2213 2523 2437 2594 Πνεῦμα
2469 2523 2676 2594 Κυρίου
2703 2523 2788 2576 ἐπ’
2837 2524 2935 2593 ἐμὲ
2964 2565 2978 2588 ,
3012 2519 3073 2578 οῦ
3119 2526 3329 2578 εἵνεκεν
3367 2523 3550 2596 ἐχρισὲ
3585 2539 3667 2592 με.
3711 2537 3728 2569 ι

2149 2615 2310 2668 Ὅθεν
2328 2617 2420 2669 καὶ
2446 2617 2645 2686 μᾶλλον
2673 2616 2928 2669 ἁπάντων
2946 2617 3055 2671 τῶν
3074 2616 3297 2671 πώποτε
3318 2618 3445 2687 παρ’
3471 2612 3738 2685 Ἑϐραίοις

2149 2707 2603 2780 σωματικώτερον
2631 2706 2968 2778 χρισθέντων
3000 2709 3161 2780 μόνος
3192 2709 3292 2762 ἀνά
3329 2710 3510 2761 πᾶσαν
3539 2707 3636 2774 τὴν
3668 2705 3736 2756 oi-

2148 2803 2424 2872 κουμένην
2452 2801 2687 2872 Χριστὸς
2716 2801 2865 2871 παρά
2893 2805 3007 2864 τοῖς
3045 2803 3178 2854 πᾶσι
3211 2799 3483 2870 βεϐόηται.
3513 2797 3606 2849 καὶ
3634 2795 3735 2864 τῆς

2147 2893 2207 2958 ἐξ
2253 2893 2416 2948 αὑτοῦ
2463 2893 2802 2964 Χριστιανῶν
2858 2893 3232 2965 προσηγορίας
3288 2891 3385 2961 τὴν
3439 2888 3730 2959 σύμπασαν

2147 2985 2382 3056 ἔπλησεν
2397 2985 2744 3055 οἰκουμένην.
2765 2986 2954 3048 Ὅπως
2971 2984 3025 3037 δέ
3045 3001 3222 3056 φαμεν
3250 2979 3406 3036 αὑτὸν
3427 2979 3729 3052 κεχρίσθαι,

2147 3079 2241 3132 καὶ
2269 3078 2319 3130 τί
2341 3077 2403 3130 τὸ
2424 3078 2654 3148 χρίσμα,
2693 3079 2785 3130 καὶ
2810 3077 2894 3140 τίς
2927 3078 2955 3129 ό
2987 3079 3088 3148 τῆς
3117 3078 3347 3148 χρίσεως
3377 3074 3598 3146 τρόπος,
3631 3071 3731 3123 αύ-

2147 3170 2364 3239 τάρκως
2391 3171 2450 3222 ὲν
2471 3167 2550 3239 τῷ
2581 3169 2686 3240 πρὸ
2709 3167 2898 3221 τούτου
2932 3169 3324 3240 συγγράμματι
3357 3166 3730 3235 διειλήφαμεν.

2145 3258 2346 3312 Τούτου
2391 3259 2450 3313 δὲ
2483 3261 2541 3313 ἐν
2578 3262 2689 3324 τοῖς
2729 3259 2935 3330 χείλεσι
2969 3260 3062 3312 καὶ
3108 3261 3163 3312 ἐν
3202 3261 3266 3328 τῇ
3305 3253 3618 3324 διδασκαλία
3652 3269 3732 3305 τοο

2147 3349 2321 3421 σαύτη
2345 3349 2620 3422 κατεχύθη
2650 3351 2810 3422 χάρις
2828 3391 2843 3414 ,
2879 3352 2956 3413 ὡς
2981 3352 3038 3402 ὲν
3070 3349 3234 3418 ὀλίγῳ
3259 3349 3434 3402 πάντα
3458 3347 3615 3398 τόπον
3642 3346 3730 3412 ἐμ-

2144 3442 2346 3514 πλῆσαι
2391 3443 2488 3514 τῆς
2532 3443 2669 3514 πρὸς
2715 3443 2878 3496 αὐτοῦ
2928 3441 3390 3510 καταγγελθείσης
3425 3436 3725 3497 εὐσεϐείας·

2144 3533 2283 3587 ὥστε
2301 3534 2400 3604 ἤδη
2423 3535 2479 3587 ὲν
2504 3535 2668 3587 πᾶσιν
2693 3533 2893 3595 ἔθνεσι,
2924 3533 3076 3604 παρά
3103 3534 3213 3594 τοῖς
3259 3530 3357 3601 τὴν
3388 3523 3729 3581 διδασκαλίαν

2145 3628 2310 3682 αὑτοῦ
2354 3627 2664 3699 μετιοῦσιν,
2695 3624 3006 3688 ἀκολούθως
3039 3627 3104 3696 τῇ
3141 3622 3279 3694 μετά
3301 3625 3487 3692 χεῖρας
3519 3632 3727 3688 προφη-

2143 3722 2282 3792 τείᾳ,
2310 3720 2405 3774 καί⁸
2429 3720 2691 3789 βασιλέως
2707 3719 2803 3773 καὶ
2820 3717 2956 3771 Θεοῦ
2973 3716 3130 3784 δόξαν
3158 3710 3573 3786 περιϐεϐλῆσθαι
3596 3747 3609 3770 ,
3635 3706 3727 3760 καὶ

2145 3830 2220 3865 πα
2230 3813 2295 3885 ρά
2309 3813 2472 3865 πᾶσιν
2487 3811 2794 3883 ἀνθρώποις
2809 3810 2850 3865 Χ
2861 3809 3040 3882 ριστὸν
3060 3802 3500 3878 ἀναγορεύεσθαι.
3519 3799 3726 3870 Πρόδη-

2145 3904 2224 3956 λοι
2250 3903 2307 3956 δὲ
2333 3905 2426 3957 καὶ
2447 3905 2497 3956 οί
2519 3903 2725 3975 ἐχθροὶ,
2744 3905 2805 3957 ού
2841 3903 2999 3974 μόνον
3016 3903 3064 3954 οἱ
3082 3902 3208 3971 πρὶν
3233 3895 3513 3966 γεγονότες
3537 3889 3724 3956 αὑτοῧο

2145 3996 2278 4050 ἀλλὰ
2314 3998 2408 4050 καὶ
2445 3998 2494 4049 οἱ
2535 3999 2626 4051 ἀεὶ
2665 3997 3173 4069 προσπολεμοῦντες
3218 3987 3382 4044 αὐτοῦ
3431 3986 3507 4057 τῷ
3547 3984 3722 4052 λόγῳ,

2145 4089 2254 4142 εἴτε
2289 4091 2344 4141 ὲν
2380 4087 2712 4160 ἀνθρώποις,
2751 4091 2861 4143 εἴτε
2893 4091 2988 4142 καὶ
3029 4089 3086 4140 ὲν
3119 4083 3369 4154 ἀοράτως
3414 4076 3722 4146 δυνάμεσιν,

2144 4181 2235 4244 οὒς
2261 4181 2476 4252 ἀοράτῳ
2509 4182 2601 4234 καὶ
2631 4183 2890 4255 λεληθυίᾳ
2921 4179 3148 4250 δυνάμει
3179 4176 3406 4229 πάντοτε
3441 4163 3720 4236 καθαιρῶν

2145 4273 2204 4338 ἐξ
2230 4273 2482 4326 ἁπάντων
2507 4274 2614 4328 τῶν
2641 4275 2813 4328 ἐθνῶν
2855 4274 3138 4334 παντοίους
3182 4263 3356 4335 ἑαυτῴ
3401 4261 3560 4321 λαοὺς
3587 4258 3719 4309 ὑπο*

2144 4364 2379 4434 χειρίους
2437 4367 2754 4437 πεποίηται.
2817 4367 2899 4420 Τά
2952 4365 3006 4418 δὲ
3067 4361 3193 4430 ἑξῆς
3243 4359 3300 4410 ὲν
3354 4352 3430 4424 τῷ
3483 4346 3717 4419 ψαλμῷν

2151 4475 2170 4508 ι
2206 4455 2448 4528 Σμύρνα,
2479 4459 2574 4513 καὶ
2599 4460 2826 4530 στακτὴ,
2861 4459 2954 4512 καὶ
2981 4455 3178 4509 κασσία
3205 4450 3312 4505 ἀπὸ
3344 4446 3448 4501 τῶν
3491 4441 3718 4515 ἱματίων

467 4541 640 4594 genus
672 4526 924 4583 Christus
953 4531 1275 4600 appellatur.
1306 4530 1446 4587 Sunt
1468 4540 1647 4588 autent
1671 4533 1792 4603 ejus
1825 4551 2044 4605 quoque

2148 4564 2263 4610 σου,
2305 4568 2324 4600 ι
2358 4549 2428 4602 τά
2471 4568 2528 4602 τε
2573 4553 2667 4606 ἐπὶ
2708 4553 2938 4614 τούτοις,
2967 4549 3044 4612 ὡς
3077 4546 3204 4620 περὶ
3239 4539 3500 4614 βασιλίδος
3526 4532 3718 4606 δηλού-

467 4618 676 4673 inimici
729 4621 1020 4689 manifesti,
1067 4638 1175 4678 non
1202 4625 1364 4680 modo
1392 4625 1486 4696 qui
1517 4626 1672 4695 prius
1691 4628 2040 4692 exstiterant,

466 4711 564 4765 sed
613 4711 774 4765 etiam
815 4715 908 4782 qui
968 4729 1184 4784 semper
1233 4717 1406 4787 ipsius
1456 4719 1625 4773 verbo
1661 4719 2043 4784 adversantur,

463 4801 631 4872 219
666 4803 792 4859 sive.
819 4805 893 4859 illi
935 4810 990 4862 in
1024 4809 1375 4877 hominibus,
1412 4810 1528 4864 sive
1558 4810 1612 4864 in
1643 4809 2036 4881 effugientibus

463 4897 642 4952 visum
684 4909 932 4954 nostrum
972 4902 1336 4972 potestatibus
1376 4903 1523 4967 siut,
1559 4918 1699 4973 quos
1730 4905 1819 4959 ille
1849 4905 2044 4960 invisi-

367 5011 384 5026 ·
465 4989 562 5044 bili
593 4994 917 5063 occultaque
953 4996 1154 5051 virtute
1184 5011 1253 5050 ex
1286 4997 1542 5053 omnibus
1583 5000 1842 5068 gentibus
1885 5000 2034 5054 aufe-

468 5095 594 5136 rens
633 5091 686 5135 et
724 5083 1084 5149 subvertens,
1125 5087 1305 5144 omnis
1373 5090 1590 5158 generis
1658 5091 1892 5160 p0pulos
1931 5091 2038 5145 sibi

467 5170 570 5240 ipsi
601 5176 978 5230 auscultantes
1006 5177 1207 5233 effecit.
1244 5178 1376 5244 Qua:
1406 5196 1534 5235 vero
1577 5182 1634 5235 in
1664 5183 1855 5236 eodem
1888 5185 2036 5252 psal-

467 5278 557 5316 mo
597 5277 905 5336 sequuntur
933 5288 946 5323 :
978 5287 996 5321 ι
1027 5268 1279 5342 Myrrha,
1333 5281 1388 5328 et
1442 5281 1630 5344 gutta,
1681 5283 1736 5328 et
1781 5274 1960 5329 cassia
2009 5291 2040 5329 a

2150 4657 2286 4710 μενα
2314 4642 2407 4694 καὶ
2436 4642 2707 4717 θυγατρὸς
2739 4647 2830 4700 τὸν
2861 4642 3109 4716 πατρῷον
3147 4635 3292 4692 οἷκον
3327 4629 3716 4698 ἀπολιπούσης,

2145 4733 2239 4785 καὶ
2270 4731 2348 4802 τῷ
2377 4735 2778 4807 προδηλωθέντι
2812 4735 3051 4810 Χριστῷ,
3086 4733 3180 4786 καὶ
3215 4726 3438 4802 βασιλεῖ,
3474 4723 3566 4777 καιὶ
3599 4717 3716 4810 θεῷ

2144 4824 2567 4897 νυμφευθείσης,
2602 4830 2808 4901 Κύριόν
2837 4809 2895 4882 τε
2939 4827 3098 4882 αὑτὸν
3145 4815 3596 4892 ἀναγορευούσης,
3626 4809 3719 4864 ἐπὶ

2141 4917 2239 4986 τὴν
2271 4913 2330 4980 ἐξ
2355 4917 2523 4973 ὲθνῶν
2563 4921 2913 4994 Ἐκκλησίαν,
2943 4921 3040 4991 τὴν
3073 4914 3328 4987 πατρῴαν
3355 4909 3448 4964 καὶ
3481 4907 3689 4974 δαιμονι

2144 5009 2246 5077 κὴν
2271 5009 2712 5081 ἀποστραφεῖσαν
2740 5015 2966 5085 πλάνην,
2997 5007 3381 5081 καθηραμένην
3419 5018 3498 5062 τεν
3528 4997 3620 5051 καὶ
3647 4997 3712 5085 τῇ

2146 5097 2238 5150 τοῦ
2289 5097 2433 5151 θείου
2472 5100 2630 5169 λόγου
2678 5084 2932 5174 κοινωνία
2967 5095 3478 5171 καθαρμοσαμένην,
3511 5084 3684 5154 ἀναφέ

2149 5193 2279 5261 ροιτ’
2325 5191 2389 5244 ἂν
2416 5193 2514 5263 τῆς
2555 5195 2940 5266 προσηκούσης
2971 5194 3305 5264 τυγχάνοντα
3340 5186 3476 5240 κατά
3521 5177 3714 5251 σχολὴν

2148 5285 2460 5357 ἑρμηνείας.

466 5405 809 5464 vestimentis
875 5411 984 5465 tuis
1017 5412 1082 5477 “,
1114 5430 1133 5464 ο
1159 5421 1213 5468 et
1265 5422 1463 5470 caetera
1500 5414 1796 5481 deinceps,
1839 5429 1960 5482 quae
1999 5415 2260 5470 dicuntur
2315 5415 2472 5485 quasi
2505 5416 2572 5470 de
2630 5419 2816 5488 regina
2849 5431 2902 5476 et
2937 5419 3077 5484 tilia,
3131 5433 3252 5488 quae
3292 5424 3569 5486 paternam
3619 5409 3708 5466 do-

464 5508 614 5549 mum
649 5495 944 5564 reliquerit,
975 5509 1202 5565 quzeque
1227 5505 1280 5548 et
1308 5495 1546 5558 Christo,
1583 5502 1637 5547 ct
1662 5491 1795 5561 regi,
1823 5501 1875 5546 et
1903 5491 2012 5548 Deo
2042 5493 2108 5548 de
2136 5509 2247 5564 quo
2274 5494 2478 5550 dictum
2515 5508 2619 5562 est,
2653 5501 2976 5571 desponsata
3019 5504 3106 5567 sit,
3145 5504 3543 5570 Dominumque
3569 5500 3717 5552 illum

469 5590 699 5659 appellet
731 5608 744 5643 :
781 5590 846 5644 ad
879 5606 998 5645 eam
1035 5607 1155 5660 qua:
1182 5591 1248 5646 de
1286 5591 1534 5661 gentibus
1556 5589 1782 5645 collecta
1819 5599 1904 5645 est
1940 5588 2259 5650 Ecclesiam.
2301 5607 2329 5646 a
2362 5595 2539 5662 patrio
2573 5599 2984 5670 dmmouicoque
3031 5613 3217 5652 errore
3242 5611 3488 5652 aversam
3519 5607 3720 5662 expur-

471 5683 779 5756 gatamq‘ue,
828 5701 892 5740 ac
929 5687 1096 5742 divini
1131 5687 1279 5742 verbi
1326 5684 1819 5741 communicatione
1869 5699 2169 5741 connexam
2219 5698 2272 5741 ct
2300 5690 2655 5759 compositam
2703 5695 2892 5750 referri
2937 5704 3211 5764 poterunt,
3263 5693 3356 5748 ubi
3402 5708 3500 5764 per
3549 5688 3721 5743 Otium

473 5780 937 5838 accommodatam
975 5781 1075 5837 sibi
1112 5781 1606 5852 interpretationem
1637 5791 1793 5836 nacta
1827 5779 2046 5838 fuerint.

543 5881 566 5914 ⁸
599 5877 760 5934 Hebr.
795 5893 879 5944 tu,
911 5878 996 5936 14.
1076 5880 1118 5910 ³ο
1147 5877 1287 5935 Psal.
1323 5896 1432 5956 etv,
1463 5882 1553 5938 15.
1631 5882 1670 5919 ³¹
1701 5879 1806 5939 Isa.
1833 5897 1944 5946 LXI,
1984 5883 2034 5938 1.

2114 5883 2155 5915 “
2189 5880 2332 5939 Psal.
2361 5898 2506 5948 xciv,
2541 5883 2592 5938 9.
