4110 6466
358 402 457 465 ὅθί

374 611 472 681 Ὧς
503 622 535 667 ό
566 613 746 679 αυτὸς
777 610 1083 681 προφήτης
1109 606 1221 681 καὶΔ
1234 606 1412 681 sumpt?
1434 599 1789 681 gralptftﬁﬁo
1820 602 1929 681 Kv:

427 667 908 753 ῥίουςᾲέμςὲαιῖῶξ
949 667 1222 753 ὁμολογεῖ
1247 692 1261 706 σ
1296 667 1405 753 ἕνα
1442 667 1804 753 ron—separo?
1831 667 1931 746 ora}

434 739 721 808 ἂνωέάτὶιί
765 739 945 812 Geo},
987 739 1301 813 δεύτερον,
1353 743 1426 796 ὃν
1475 739 1657 814 αὐτὸς
1678 811 1688 814 _
1711 739 1929 814 ἑαυτοῦ

436 823 778 891 ἀναγορεύει
812 809 1049 891 Κύριον.
1083 809 1191 891 Καὶ
1238 816 1318 881 ὡς
1357 811 1634 891 γενέσθαι
1660 809 1784 891 ὑπὸ·
1823 809 1929 891 τοῦ

440 877 584 947 Θεοῦ
615 877 725 959 πρὸ
761 890 870 958 τῆς
896 877 1004 942 τοῦ
1038 889 1266 959 κόσμου
1293 877 1656 959 ’ςρστάοςεως
1692 877 1790 959 καί
1824 877 1932 929 αὺ-

444 962 544 1027 τρς
580 946 685 1015 rd;-
713 946 992 1026 δεύῖερον
1030 946 1249 1022 Κύριον
1274 951 1420 1027 οἶδε,
1456 951 1555 1003 καὶ
1582 949 1662 1027 ὡς
1687 946 1929 1027 alain-tor

439 1014 542 1093 τοῦ
560 1014 785 1098 Πατρός
804 1014 977 1097 ὶερἐ,
992 1028 1090 1098 καὶ
1105 1014 1186 1090 ὦς
1206 1014 1540 1098 σύνρρρνον
1551 1017 1769 1098 rosea}
1784 1014 1935 1098 ’.τεάν-

440 1085 553 1155 των
575 1085 740 1165 Θεέὗ,
759 1085 928 1168 duom
948 1085 1090 1165 ἡμῖν
1104 1085 1235 1163 πέρι
1256 1085 1635 1159 τοῧΧριστοῦ
1650 1085 1930 1151 δοξάζων.

444 1229 466 1265 ι
499 1207 662 1264 Εἶπεν
686 1213 715 1263 ό
743 1210 946 1281 Κύριος
975 1206 1052 1276 τῷ
1080 1204 1266 1275 Κυρίῳ
1301 1220 1402 1274 μου
1422 1219 1435 1232 ·
1461 1200 1641 1255 Κάθου
1657 1202 1722 1253 ὲκ
1747 1196 1933 1262 δεξιῶν

372 1320 495 1374 μου,
526 1302 631 1366 ἕως
667 1302 732 1356 ἂν
761 1300 838 1353 θῶ
860 1302 984 1362 τοὺς
1006 1295 1227 1368 ἐχθρούς
1266 1311 1359 1347 σου
1393 1291 1677 1346 ὑποπόδιον
1698 1289 1804 1343 τῶν
1833 1305 1934 1341 πο-

369 1395 475 1449 δῶν
507 1411 619 1447 σου.
657 1392 878 1447 Ῥάὸδον
919 1390 1199 1460 δυνάμεως
1228 1383 1576 1450 ἐξαποστελεί
1609 1399 1692 1435 σοι
1731 1379 1936 1449 Κύριος

367 1486 435 1540 ἐκ
474 1485 632 1548 Σιὼν,
671 1485 765 1538 καὶ
809 1479 1257 1551 κατακυριεύσεις
1301 1480 1359 1531 ὲν
1407 1475 1556 1546 μέσῳ
1592 1472 1700 1526 τῶν
1728 1468 1934 1541 ἐχθρῶν

369 1591 484 1630 σου.
515 1574 671 1629 Μετὰ
713 1573 805 1627 σοῦ
836 1574 869 1644 ἡ
895 1571 1037 1645 ἁρχὴ
1071 1572 1128 1623 ὲν
1159 1569 1342 1641 ἡμέρᾳ
1379 1567 1481 1637 τῆς
1514 1562 1794 1634 δυνάμεώς
1819 1577 1930 1624 σου,

369 1669 429 1723 ιν
453 1670 572 1731 ταῖς
596 1665 944 1737 λαμπρότησι
969 1663 1076 1716 τῶν
1098 1661 1266 1729 ἁγίων
1296 1675 1408 1712 σου.
1452 1658 1547 1710 Ἐκ
1568 1654 1800 1725 γαστρὸς
1831 1651 1935 1723 πρὸ

380 1757 692 1830 Ἑωσφόρου
720 1753 1024 1825 γεγέννηκά
1044 1769 1122 1818 σε.
1157 1752 1358 1822 Ὠμοσε
1381 1749 1603 1821 Κύριος,
1633 1747 1727 1799 καὶ
1747 1746 1806 1798 ού
1837 1761 1933 1814 με·-

1259 390 1908 453 DEMONSTRATIONIS
1938 385 2396 477 EVéNGELleE
2433 384 2561 438 LIB.
2605 383 2695 439 γυ

883 515 1279 575 ΚΕΦᾹΛΑΙΟΝ
1319 514 1396 569 Ι“’.
1956 517 2006 571 Λ

3491 382 3594 438 '56?

2631 499 2862 557 CAPUT
2914 498 3004 554 III.

2038 599 2192 665 Quod
2233 599 2370 652 idem
2403 597 2665 666 Propheta
2689 596 2848 649 etiam
2874 595 2926 647 in
2948 609 3037 648 cu
3060 593 3265 666 psalmo
3303 593 3380 647 bis
3417 593 3600 650 Domi-

2107 684 2233 721 num
2271 665 2534 722 evidenter
2572 666 2854 733 conﬁtetur
2881 679 2899 716 :
2940 665 3097 718 semel
3121 704 3134 726 ,
3177 680 3295 717 cum
3320 666 3381 717 de
3418 680 3478 719 eo
3518 667 3599 719 lo-

2105 740 2284 808 quitur
2303 740 2392 807 qui
2418 748 2467 790 et
2493 737 2633 789 Deus
2660 745 2709 789 et
2746 736 2917 808 Pater:
2954 744 3065 808 est;
3096 736 3286 808 iterum
3318 750 3443 808 cunt
3457 736 3520 789 de
3540 753 3601 791 eo

2140 824 2256 861 uem
2287 804 2395 876 ipse
2414 823 2568 860 suum
2596 815 2859 872 nuncupat
2880 805 3181 858 Dominum.
3214 804 3283 857 Et
3309 806 3443 875 quod
3466 807 3602 860 hunc

2161 879 2393 930 ominum
2422 878 2740 945 ipsequoque
2761 876 2899 945 novit
2913 876 3274 945 genitumiesse
3286 885 3405 928 ante
3419 876 3604 929 mundi

2106 944 2559 1007 constitutionem,
2578 955 2629 998 et
2658 944 2795 1013 quod
2833 955 3086 998 wternum
3132 944 3312 997 Patris
3358 947 3604 999 sacerdo-

2111 1027 2233 1079 tem,
2265 1025 2315 1070 et
2356 1016 2589 1083 supremi
2641 1014 2739 1066 Dei
2775 1015 3409 1086 consessorem,’similem
3427 1017 3606 1086 utique

2108 1088 2399 1156 opinionem
2411 1087 2463 1139 in
2476 1086 2571 1137 hoc
2586 1093 2779 1138 nostra:
2791 1085 2914 1152 ﬁdei
2925 1085 2986 1137 de
2997 1082 3207 1139 Christo
3222 1101 3330 1155 pra:
3343 1102 3397 1139 se
3409 1082 3603 1155 ferens.

2118 1217 2138 1250 ι
2165 1198 2311 1253 Dixit
2347 1197 2610 1252 Dominus
2647 1194 2880 1250 Domino
2913 1212 3037 1251 meo
3055 1238 3079 1262 ,.
3130 1197 3269 1254 Sede
3313 1215 3344 1253 a
3395 1198 3605 1255 dextris

2040 1291 2179 1347 meis
2208 1331 2221 1355 ,
2266 1290 2441 1346 donec
2481 1305 2678 1359 ponam
2717 1288 2970 1343 inimicos
3007 1296 3131 1343 tuos
3169 1290 3466 1346 scabellum
3507 1306 3606 1361 pe-

2039 1378 2169 1435 dum
2210 1388 2455 1435 tuorum.
2509 1376 2735 1448 Virgam
2774 1378 2993 1432 virtutis
3028 1378 3237 1433 emittet
3271 1379 3371 1433 tibi
3420 1379 3606 1435 Domi-

2039 1487 2145 1526 nus
2172 1485 2241 1526 ex
2273 1469 2405 1524 Sion
2434 1509 2450 1535 ,
2478 1476 2532 1524 et
2560 1468 2933 1523 dominaberis
2957 1468 3014 1521 in
3043 1468 3228 1524 medio
3257 1470 3607 1527 inimicorum

2040 1571 2281 1617 tuorum.
2319 1561 2524 1616 Tecum
2558 1558 2885 1630 principium
2918 1559 2974 1612 in
3006 1557 3096 1615 die
3123 1560 3343 1617 virtutis
3376 1570 3511 1630 tuae,
3549 1563 3607 1618 in

2046 1654 2429 1726 splendoribus
2478 1662 2798 1710 sanctorum
2861 1658 3101 1709 tuorum.
3146 1652 3222 1709 Ex
3277 1664 3431 1711 utero
3482 1667 3607 1712 ante

2039 1747 2354 1803 Luciferum
2392 1749 2555 1817 genui
2594 1754 2668 1804 te.
2726 1745 2939 1801 Juravit
2974 1744 3235 1802 Dominus
3260 1756 3314 1802 et
3349 1764 3457 1803 non
3492 1763 3610 1818 p03-

371 1847 809 1918 ταμεληθήσεται
831 1862 845 1876 ·
896 1846 967 1898 Σὺ
1011 1842 1189 1913 ἱερεὺς
1218 1842 1299 1902 είς
1344 1838 1434 1891 τὸν
1478 1836 1648 1930 αἰῶνα
1676 1834 1814 1888 κατὰ
1836 1834 1933 1904 τὴν

2054 1840 2236 1895 nitebit
2270 1854 2393 1893 eum
2431 1858 2444 1894 :
2494 1837 2575 1892 Tu
2645 1853 2706 1894 es
2750 1838 3010 1894 sacerdos
3052 1838 3108 1893 in
3167 1845 3468 1904 aeternum,
3522 1857 3611 1897 se-

373 1936 526 2001 τάξιν
554 1935 904 2006 Μελχισεδέκ.
937 1932 1139 2004 Κύριος
1173 1934 1236 1983 ὲκ
1263 1928 1448 1993 δεξιῶν
1478 1920 1591 1980 σου.
1630 1947 1649 1978 ι
1682 1926 1785 1979 Τὸν
1825 1926 1935 1977 Σω-

374 2029 515 2099 τῆρα
538 2029 632 2082 καὶ
663 2027 867 2097 Κύριον
905 2024 1083 2097 ἡμῶν,
1113 2023 1203 2075 τὸν
1245 2021 1584 2093 πρωτότοκον
1608 2018 1788 2089 πάσης
1817 2016 1963 2069 κτί-’

374 2133 511 2181 σεως
538 2117 671 2172 Θεοῦ
704 2117 893 2185 Λόγον,
926 2116 1024 2185 τὴν
1054 2114 1159 2184 πρὸ
1206 2112 1401 2177 αἰῶνος
1448 2111 1659 2181 σοφίαν,
1693 2110 1791 2179 τὴν
1841 2109 1938 2180 ἁρ-

369 2207 471 2277 χὴν
492 2207 600 2261 τῶν
624 2207 758 2260 ὁδῶν
788 2207 882 2261 τοῦ
904 2206 1060 2269 Θεοῦ,
1089 2206 1151 2258 τὸ
1179 2205 1517 2276 πρωτότοκον
1538 2203 1633 2256 καὶ
1656 2200 1937 2272 μονογενὲς

367 2295 460 2349 τοῦ
490 2296 702 2368 Πατρὸς
729 2296 996 2368 γέννημα,
1040 2295 1130 2349 τὸν
1156 2298 1222 2365 τῇ
1267 2292 1359 2347 τοῦ
1407 2289 1646 2366 Χριστοῦ
1690 2288 1937 2360 τιμώμε-

366 2402 456 2440 νον
488 2386 849 2458 προσηγορίᾳ,
873 2386 968 2440 καὶ
989 2387 1017 2438 ὁ
1044 2383 1234 2456 παρὼν
1264 2382 1474 2454 ψαλμὸς
1498 2382 1700 2453 Κύριον
1726 2383 1938 2434 ἀποκα-

365 2478 471 2543 λεῖ,
499 2477 762 2532 διδάσκων
794 2477 956 2532 αύτδν
1005 2472 1146 2529 εἶναι
1180 2474 1467 2546 σύνθρονον
1507 2473 1644 2544 ὁμοῦ
1679 2473 1773 2526 καὶ
1812 2470 1939 2523 Υἱδν

365 2568 461 2624 τοῦ
494 2569 590 2623 ἐπὶ
618 2568 835 2622 πάντων
875 2567 1010 2621 Θεοῦ
1042 2583 1101 2620 τε
1130 2568 1221 2621 καὶ
1250 2566 1458 2639 Κυρίου
1486 2563 1593 2617 τῶν
1624 2563 1781 2628 ὅλων,
1810 2561 1941 2616 αἰώ-

367 2662 482 2717 νιόν
508 2678 567 2714 τε
609 2659 704 2713 τοῦ
732 2659 943 2729 Πατρὸς
982 2658 1147 2730 ἱερέα.
1177 2656 1397 2728 Πρῶτον
1421 2654 1484 2725 δὴ
1508 2650 1600 2707 οῦν
1628 2652 1937 2724 ἐπίστησον,

367 2749 447 2813 ὡς
467 2748 569 2821 ήδη
599 2748 758 2802 τοῦτο
779 2746 1028 2817 δεύτερον
1057 2747 1300 2817 γέννημα
1322 2743 1458 2797 Θεοῦ
1483 2743 1937 2815 προσηγόρευται,

370 2841 466 2896 καὶ¹
492 2842 615 2895 ἐπεὶ
653 2838 789 2893 Θεοῦ
825 2855 889 2908 γε
930 2839 1197 2909 πνεύματι
1228 2837 1297 2891 τὰ
1329 2837 1426 2907 τῆς
1453 2834 1788 2907 προφητείας
1811 2836 1941 2906 ἡμῖν

369 2932 621 3004 εἰρῆσθαι
661 2929 1032 2994 πεπίστευται,
1066 2930 1167 3000 ὅρα
1210 2929 1260 2980 εί
1308 2925 1382 2999 μὴ
1409 2926 1538 2979 αὐτὸ
1563 2925 1628 2995 δὴ
1657 2923 1719 2979 τὸ
1761 2926 1819 2977 ὲν
1863 2922 1942 2995 τῷ

370 3026 624 3098 προφήτῃ
691 3021 915 3095 Πνεῦμα
963 3021 1137 3091 ἆγιον,
1192 3017 1385 3074 ἑαυτοῦ
1447 3017 1650 3090 Κύριον
1696 3016 1943 3087 δεύτερον

374 3116 513 3187 μετὰ
543 3116 634 3169 τὸν
656 3114 765 3169 τῶν
791 3114 928 3169 ὅλων
949 3111 1289 3183 ἀναγορεύει⁸
1326 3129 1345 3163 ι
1383 3105 1518 3163 Εἷπε
1549 3128 1568 3159 ι
1602 3105 1732 3177 γὰρ,
1756 3106 1940 3179 φησὶν,

2046 1930 2283 1986 cundum
2342 1930 2589 1984 ordinem
2621 1928 2998 1986 Melchisedec.
3038 1928 3313 1988 Dominus
3342 1946 3373 1985 a
3402 1931 3611 1988 dextris

2042 2022 2153 2077 tuis
2190 2019 2253 2074 ".
2280 2039 2299 2071 ι
2328 2018 2663 2075 Salvatorem
2690 2034 2755 2074 ac
2786 2019 3077 2074 Dominum
3106 2029 3355 2077 nostrum
3377 2061 3392 2086 ,
3425 2022 3609 2093 ipsum

2049 2112 2471 2183 primogenitum
2497 2112 2677 2168 omnis
2702 2122 2965 2169 creatura:
2988 2113 3081 2168 Dei
3102 2112 3336 2169 Verbum
3357 2153 3372 2178 ,
3403 2115 3613 2185 sapien-

2044 2205 2177 2257 tiam
2222 2217 2344 2273 quae
2386 2211 2473 2259 est
2514 2215 2640 2258 ante
2702 2218 2914 2268 :evum,
2958 2204 3174 2259 initium
3219 2204 3430 2257 viarum
3477 2203 3608 2269 Dei,

2043 2293 2464 2364 primogenitum
2489 2302 2542 2350 et
2560 2295 2780 2349 unicum
2804 2294 2985 2352 Patris
3010 2311 3269 2367 germen,
3294 2296 3457 2365 220
3480 2311 3608 2351 eum

2043 2386 2138 2457 qui
2172 2385 2377 2442 Christi
2408 2386 2771 2457 appellatione
2814 2387 3137 2452 honoratur,
3181 2400 3420 2456 praesens
3462 2400 3603 2456 quo-

2044 2491 2151 2548 que
2178 2478 2422 2547 psalmus
2465 2476 2755 2532 Dominum
2795 2485 2986 2544 vocat,
3027 2478 3298 2547 docetque
3333 2491 3459 2532 eum
3489 2491 3613 2532 esse

2044 2583 2424 2625 consessorem
2458 2569 2622 2625 simul
2650 2576 2705 2624 et
2734 2567 2935 2624 Filium
2974 2570 3215 2640 supremi
3244 2568 3373 2635 Dei,
3402 2583 3613 2624 rerum-

2044 2677 2151 2731 que
2181 2663 2427 2716 omnium
2465 2661 2716 2728 Domini,
2749 2671 3121 2732 aeternumque
3150 2659 3328 2717 Patris
3359 2654 3615 2716 sacerdo-

2046 2761 2179 2810 tem.
2235 2753 2483 2809 Primum
2532 2770 2663 2825 ergo
2715 2754 2797 2810 sic
2848 2754 3090 2820 habeto,
3150 2753 3615 2828 quemadmodum

2046 2845 2335 2916 progenies
2370 2845 2463 2899 illa
2505 2844 2747 2900 secunda
2796 2844 2891 2903 Dei
2922 2844 3202 2900 nominata
3230 2851 3350 2911 est,
3389 2853 3444 2899 et
3478 2859 3618 2915 quo-

2046 2936 2195 2990 niam
2236 2937 2421 2992 divino
2465 2951 2685 3006 quoque
2726 2936 2925 3006 spiritu
2969 2936 3063 2991 illa
3107 2935 3406 3007 prophetia:
3446 2934 3616 2990 verba

2050 3029 2176 3084 ﬁdei
2214 3036 2418 3085 nostra:
2442 3029 2738 3084 commissa
2768 3037 2925 3096 sunt;
2965 3028 3088 3084 vide
3117 3043 3247 3082 num
3280 3036 3334 3083 et
3364 3027 3456 3082 ille
3490 3025 3618 3097 Spi-

2046 3121 2186 3176 ritus
2219 3132 2440 3176 sanctus
2475 3122 2529 3175 in
2555 3120 2821 3191 propheta
2841 3160 2855 3185 ,
2883 3121 3084 3176 suimet
3111 3120 3287 3191 ipsius
3322 3118 3615 3175 Dominum

378 3227 398 3259 ο
426 3210 455 3261 ὁ
486 3206 690 3279 Κύριος
717 3205 795 3278 τῷ
826 3205 1017 3278 Κυρίῳ
1047 3221 1146 3276 μου
1174 3220 1187 3233 ·
1220 3201 1404 3257 Κάθου
1430 3202 1495 3254 ὲκ
1526 3199 1715 3265 δεξιῶν
1751 3216 1873 3271 μου.
1917 3218 1936 3251 ι

2054 3214 2347 3271 secundum
2375 3220 2499 3284 post
2526 3228 2650 3269 eum
2675 3212 2770 3282 qui
2792 3212 3056 3273 Dominus
3108 3221 3194 3268 est
3238 3215 3619 3268 universorum

371 3296 476 3351 Τὸν
527 3294 742 3368 πρῶτον
800 3294 1024 3368 Κύριον,
1067 3292 1213 3347 ὼσὰν
1261 3291 1490 3347 καθόλου
1536 3290 1644 3344 τῶν
1692 3289 1947 3343 ἁπάντων

2054 3315 2223 3361 vocet.
2262 3324 2281 3356 ι
2313 3304 2461 3360 Dixit
2491 3325 2509 3358 ι
2556 3307 2701 3361 enim
2722 3345 2739 3370 ,
2772 3304 2983 3375 inquit,
3025 3323 3044 3355 ι
3077 3303 3342 3361 Dominus
3391 3303 3622 3360 Domino

371 3387 669 3460 Δεσπότην,
728 3386 966 3460 Ἑϐραῖοι
1003 3385 1370 3456 ἀνεκφωνήτῳ
1411 3384 1709 3454 προσρήσει
1753 3383 1820 3453 τῇ
1862 3378 1951 3433 διὰ

372 3479 479 3534 τῶν
494 3479 777 3552 τεσσάρων
799 3480 1075 3550 στοιχείων
1104 3477 1452 3549 άνηγόρευοψ
1501 3475 1595 3529 τὸν
1615 3474 1672 3528 δὲ
1699 3473 1949 3544 δεύτερον

371 3572 551 3627 οὐκέθ’
592 3573 815 3644 ὁμοίως,
859 3572 1005 3635 ἰδίως
1037 3570 1080 3624 δ’
1110 3570 1272 3624 αὑτὸν
1299 3568 1503 3640 Κύριον
1534 3566 1828 3639 ὠνόμαζον.
1861 3566 1953 3619 Εἱ-

373 3664 546 3728 κότως
570 3660 663 3718 οῦν
692 3666 721 3717 ό
753 3664 946 3734 Σωτὴρ
981 3663 1074 3717 καὶ
1111 3661 1315 3734 Κύριος
1356 3658 1513 3732 ἡμῶν
1545 3659 1705 3722 αὐτὸς
1748 3655 1953 3727 Ἰησοῦς

372 3754 404 3811 ὁ
426 3754 659 3832 Χριστὸς
687 3753 781 3810 τοῦ
811 3753 969 3819 Θεοῦ,
1005 3752 1261 3825 ἐρόμενός
1296 3767 1426 3805 ποτε
1454 3752 1579 3814 τοὺς
1601 3749 1949 3822 Φαρισαίους,

380 3866 401 3901 ι
424 3848 630 3920 Τίύμῖν
657 3848 785 3920 περὶ
812 3846 907 3900 τοῦ
936 3843 1172 3917 Χριστοῦ
1199 3843 1383 3909 δοκεί;
1412 3842 1557 3906 τίνος
1594 3841 1741 3894 ἐστὶν
1768 3841 1880 3903 υἱός
1900 3856 1947 3906 ;»

374 3941 654 4003 εἰπόντων,
685 3938 779 3991 τοῦ
810 3936 994 4000 Δαὸὶδ,
1029 3934 1293 4002 ἐπιλέγει,
1331 3950 1350 3983 ι
1386 3932 1513 3995 Πῶς
1563 3926 1655 3985 οῦν
1699 3930 1864 3983 Δαϐιδ
1896 3930 1953 3983 ὲν

378 4029 646 4101 πνεύματι
668 4028 870 4101 Κύριον
890 4027 1055 4080 αὑτὸν
1079 4025 1255 4087 καλεῖ,
1288 4023 1484 4091 λέγων,
1512 4018 1678 4076 Εἶπεν
1702 4023 1734 4078 ὁ,
1753 4019 1955 4091 Κύριος

378 4121 456 4191 τῷ
497 4121 687 4194 Κυρίῳ
733 4138 834 4194 μου
859 4137 872 4150 ·
914 4118 1096 4173 Κάθου
1132 4119 1196 4171 ὲκ
1227 4115 1416 4183 δεξιῶν
1443 4130 1582 4187 μους
1613 4133 1631 4165 ι
1676 4112 1957 4187 μονονουχὶ

374 4213 697 4285 ἑρμηνεύων
726 4214 827 4283 τὴν
855 4211 1022 4276 λέξιν,
1058 4210 1133 4274 ὼς
1166 4209 1228 4264 ού
1256 4208 1416 4279 μόνον
1440 4205 1534 4260 τοῦ
1563 4205 1727 4258 Δαὸὶδ
1753 4203 1956 4275 Κύριον

381 4301 541 4357 αὐτὸν
572 4303 1026 4375 ἁναγορεύουσαν,
1062 4300 1197 4354 ἀλλὰ
1225 4298 1335 4371 γὰρ
1368 4298 1463 4352 καὶ
1506 4295 1602 4350 τοῦ
1631 4298 1688 4349 ἐν
1722 4295 1799 4366 τῷ
1827 4311 1959 4366 προ-

383 4394 527 4466 φήτῃ
569 4393 896 4464 πνεύματος.
941 4394 1004 4446 Εἰ
1044 4392 1103 4445 δὲ
1157 4392 1218 4444 τὸ
1264 4388 1482 4461 πνεῦμα
1521 4387 1582 4441 τὸ
1624 4385 1960 4459 προφητικὸν

382 4484 561 4555 (τοῦτο
582 4484 646 4557 δὴ
692 4486 826 4557 ἡμῖν
855 4481 993 4539 εἶναι
1027 4484 1382 4537 πεπίστευται
1423 4480 1482 4534 τὸ
1530 4480 1682 4549 ἅγιον
1715 4477 1960 4549 Πνεῦμα)

381 4577 630 4650 ὁμολογεῖ
655 4576 843 4633 τοῦτον
872 4573 1011 4632 εἶναι
1048 4577 1273 4649 Κύριον,
1295 4576 1355 4629 ὃν
1386 4573 1672 4645 σύνθρονον
1702 4566 1840 4626 εἶναι
1862 4570 1957 4624 τοῦ
1991 4581 2034 4635 ι)

389 4667 595 4741 Πατρὸς
618 4671 945 4735 ἐκδιδάσκει,
972 4670 1065 4724 καὶ
1089 4671 1188 4724 ούκ
1215 4667 1518 4733 ἁπολύτως,
1543 4666 1679 4719 ἀλλὰ
1709 4665 1802 4719 καὶ
1831 4665 1959 4718 έαυ-

388 4757 482 4812 τοῦ
509 4760 728 4831 Κύριον,
758 4762 901 4817 κατὰ
947 4762 1081 4816 πολὺ
1117 4761 1280 4815 πλέον
1331 4760 1426 4813 καὶ
1472 4757 1672 4829 μᾶλλον
1711 4754 1854 4810 τοῦτ’
1894 4753 1961 4808 ἂν

389 4848 590 4904 εἴποιεν
607 4849 664 4901 αἱ
681 4853 814 4921 μετὰ
829 4853 890 4906 τὸ
909 4853 1063 4923 ἅγιον
1086 4851 1313 4924 Πνεῦμα
1327 4850 1544 4918 λογικαὶ
1557 4848 1833 4919 δυνάμεις,
1851 4846 1886 4917 ἦ
1901 4862 1962 4899 τε

393 4937 654 5009 σύμπασα
679 4937 930 5010 ὁρωμένη
955 4959 1013 4991 τε
1041 4942 1098 4994 ὲν
1137 4938 1373 5012 σώμασι,
1418 4938 1513 4994 καὶ
1552 4938 1610 4991 έν
1652 4938 1962 5009 ἀσωμάτοις

392 5029 603 5119 έὶστῶσα
635 5025 1067 5119 δημιουργία,ἦς
1101 5033 1316 5102 ἀπάσης
1332 5032 1557 5093 εἰκότως
1580 5030 1646 5084 ἂν
1721 5029 1964 5119 καταδει-

397 5113 549 5191 λίθείη
577 5118 779 5193 Κύριος
803 5119 832 5170 ὁ
855 5120 1012 5191 μόνος
1042 5122 1136 5175 τοῦ
1158 5123 1369 5196 Πατρδς
1397 5121 1702 5190 σύνθρονος,
1719 5119 1785 5172 δι’
1806 5113 1868 5172 οῦ
1893 5117 1964 5171 τά

395 5211 682 5285 σύμπαντα
715 5210 951 5280 ἐγένετο,
974 5212 1053 5264 ὅτι
1085 5212 1169 5283 δὴ,
1184 5213 1325 5268 κατὰ
1351 5212 1443 5266 τὸν
1478 5212 1776 5283 θαυμάσιον
1826 5206 1965 5259 ἀπό..

400 5306 604 5368 στολον,
635 5321 656 5355 ι
711 5304 768 5356 ὲν
822 5300 969 5373 αὐτῷ
1021 5302 1240 5374 ἐκτίσθη
1278 5303 1346 5357 τὰ
1393 5304 1591 5366 πάντα,
1618 5303 1688 5356 τὰ
1745 5304 1803 5355 ὲν
1853 5303 1965 5363 τοῖς

393 5396 641 5468 οὐρανοῖς
660 5393 839 5449 καὶτὰ
864 5395 957 5448 ἐπὶ
974 5394 1072 5465 τῆς
1092 5395 1214 5466 γῆς,
1236 5394 1344 5446 εῐτε
1371 5394 1540 5467 ὁρατὰ
1563 5393 1674 5448 εἴτε
1699 5394 1924 5466 ἀόρατα.
1940 5410 1958 5442 ι

395 5486 572 5549 Μόνον
602 5484 732 5557 γοῦν
773 5486 918 5549 εἰκὸς
947 5485 1109 5540 αὐτὸν
1148 5486 1246 5557 τῆς
1282 5486 1373 5539 τοῦ
1415 5487 1628 5558 Πατρδς
1657 5483 1967 5557 ὁμοιώσεως

396 5576 540 5650 ἔχειν
569 5579 631 5633 τὸ
675 5578 863 5652 κῦρος,
895 5578 1041 5633 ὡσὰν
1076 5579 1170 5633 καὶ
1210 5579 1369 5650 μόνον
1418 5579 1702 5651 σύνθρονον
1728 5578 1824 5632 τοῦ
1858 5579 1970 5632 Πα-

397 5670 524 5761 τρός
549 5669 1011 5743 ἀναδεηόειγμένον.
1054 5670 1327 5743 Πρόδηλον
1365 5667 1480 5734 οῦν,
1511 5671 1594 5727 ὅτι
1642 5669 1818 5724 οὐδενὶ
1865 5669 1972 5723 τῶν

399 5760 671 5834 γεννητῶν
700 5761 990 5833 θέμιςτῶν
1018 5760 1208 5835 δεξιῶν
1242 5761 1426 5833 λαχεῖν
1456 5761 1557 5832 τῆς
1604 5776 1977 5830 παντοκρατο-

2051 3413 2198 3461 meo,
2233 3396 2373 3453 Sede
2403 3413 2433 3451 a
2458 3397 2690 3453 dextris.
2729 3416 2748 3448 ι
2780 3395 2953 3452 Sicuti
2985 3412 3166 3451 rerum
3200 3396 3363 3451 etiam
3402 3396 3624 3452 univer-

2051 3487 2154 3543 sim
2196 3488 2440 3542 omnium
2480 3487 2789 3553 Dominum,
2815 3486 3026 3543 Hebraei
3070 3486 3424 3543 inenarrabili
3464 3495 3518 3542 et
3557 3502 3626 3542 ex

2053 3585 2293 3649 quatuor
2324 3578 2609 3634 elementis
2641 3577 2944 3648 composita
2972 3575 3215 3632 dictione
3252 3584 3623 3644 vocaverunt;

2054 3683 2155 3724 nec
2200 3667 2312 3738 jam
2362 3668 2594 3738 amplius
2644 3684 2768 3723 eum
2815 3669 2981 3723 simili
3026 3669 3242 3723 ratione
3273 3667 3623 3731 secundum,

2056 3760 2150 3815 sed
2183 3760 2402 3830 proprie
2431 3759 2722 3814 Dominum
2754 3759 3189 3829 appellaverunt.
3231 3757 3424 3815 Merito
3452 3758 3622 3827 igitur

2058 3848 2308 3904 Salvator
2356 3864 2419 3904 ac
2460 3848 2725 3905 Dominus
2777 3859 2966 3905 noster
3002 3849 3119 3918 ipse
3146 3847 3305 3905 Jesus
3338 3849 3432 3918 qui
3462 3848 3621 3903 Chri-

2056 3948 2176 3998 stus
2231 3949 2318 3997 est
2372 3939 2502 4006 Dei,
2555 3940 2900 4013 interrogans
2954 3939 3244 4011 aliquando
3293 3938 3622 4002 Pharisaeos,

2063 4052 2083 4084 ι
2115 4033 2260 4100 Quid
2320 4033 2477 4087 vobis
2534 4033 2752 4089 videtur
2804 4034 2872 4090 de
2917 4032 3176 4089 Christo?
3218 4033 3377 4103 cujus
3422 4042 3506 4088 est
3560 4032 3627 4085 ti—

2057 4126 2166 4181 lius
2205 4124 2295 4179 “2
2330 4144 2349 4176 ι
2397 4140 2523 4181 cum
2580 4127 3034 4198 respondissent,
3090 4124 3352 4193 Davidis,
3421 4124 3629 4192 subdit,

2069 4235 2090 4269 ι
2121 4215 2410 4283 Quomodo
2453 4216 2621 4289 igitur
2652 4216 2822 4273 David
2850 4217 2908 4272 in
2937 4216 3137 4289 Spiritu
3178 4214 3468 4271 Dominum
3505 4230 3630 4270 eum

2072 4315 2266 4372 vocat,
2301 4306 2510 4372 dicens,
2554 4307 2701 4362 Dixit
2739 4306 3003 4363 Dominus
3031 4305 3261 4361 Domino
3292 4320 3416 4361 meo
3445 4322 3460 4359 :
3493 4301 3634 4360 Sede

2066 4414 2097 4453 a
2140 4398 2351 4454 dextris
2393 4400 2530 4454 meis
2565 4400 2608 4431 ¹⁸
2630 4405 2654 4453 '!
2679 4418 2698 4452 ι
2724 4396 3116 4470 prOpemodum
3141 4396 3510 4467 interpretans
3549 4396 3634 4450 di-

2065 4508 2307 4564 ctionem
2334 4546 2349 4570 ,
2399 4519 2523 4577 quae
2569 4516 2678 4556 non
2723 4497 2886 4554 modo
2926 4495 3185 4560 Davidis,
3225 4510 3418 4551 verum
3459 4495 3632 4550 etiam

2064 4609 2293 4682 spiritus
2325 4607 2382 4661 in
2446 4601 2715 4675 propheta
2731 4597 3085 4662 exsistentis,
3127 4594 3420 4650 Dominum
3450 4595 3638 4665 appel-

2063 4712 2163 4766 lat.
2221 4708 2281 4764 Si
2324 4721 2458 4762 vero
2506 4703 2763 4775 spiritum
2808 4699 2963 4753 illum
3014 4696 3432 4768 propheticum,
3479 4695 3634 4749 illum

2066 4825 2247 4886 certe,
2278 4814 2374 4886 qui
2402 4811 2508 4867 ﬁde
2535 4816 2723 4865 nostra
2750 4804 2994 4862 creditus
3050 4811 3136 4859 est
3184 4801 3451 4873 Spiritum
3501 4814 3636 4855 san-

2066 4930 2251 4985 ctum,
2292 4916 2488 4974 annuit
2529 4929 2653 4972 esse
2688 4910 2974 4968 Dominum
2994 4948 3011 4974 ,
3054 4921 3215 4979 quem
3255 4917 3635 4961 consessorem

2065 5024 2247 5080 Patris
2276 5037 2399 5079 esse
2427 5017 2732 5090 proﬁtetur,
2763 5028 2865 5070 nec
2893 5010 3141 5067 absolute
3160 5048 3176 5074 ,
3213 5021 3400 5063 verum
3433 5003 3517 5060 sui
3551 5003 3637 5072 ip-

2070 5129 2185 5191 sius
2224 5125 2514 5182 Dominum
2548 5119 2851 5178 secundum
2883 5117 2939 5173 id
2969 5115 3113 5185 quod
3158 5119 3220 5166 ut
3254 5110 3552 5181 plurimum
3580 5113 3639 5161 et

2070 5233 2245 5304 magis
2288 5231 2534 5287 dicerent
2571 5225 2869 5282 rationales
2898 5220 3187 5275 facultates
3218 5223 3344 5286 post
3374 5211 3640 5283 Spiritum

2073 5350 2324 5400 sanctum
2347 5381 2362 5407 ,
2411 5348 2579 5408 atque
2616 5349 2777 5391 omne
2814 5331 3091 5404 opiﬁcium
3136 5324 3467 5396 aspectabile
3514 5337 3641 5378 cor-

2071 5442 2253 5515 poreis
2301 5449 2355 5498 et
2404 5437 2748 5509 incorporeis
2792 5442 3084 5496 constans,
3131 5432 3291 5500 cujus
3319 5427 3489 5484 totius
3514 5428 3640 5497 jure

2072 5548 2270 5605 merito
2298 5547 2778 5602 demonstraretur
2796 5537 3056 5593 Dominus
3101 5550 3245 5591 unus
3290 5532 3472 5590 Patris
3509 5549 3642 5589 cou-

2072 5667 2278 5715 sessor,
2310 5666 2407 5722 per
2434 5661 2596 5720 quem
2627 5649 2825 5699 cuncta
2856 5639 2997 5694 facta
3026 5645 3194 5705 sunt;
3225 5638 3354 5708 quia
3381 5628 3643 5691 nimirum

2076 5757 2377 5815 secundum
2407 5748 2783 5811 admirabilem
2814 5743 3155 5815 Apostolum,
3181 5759 3200 5795 ι
3221 5742 3278 5797 in
3308 5742 3430 5813 ipso
3459 5747 3645 5796 creata

475 5851 517 5883 “
537 5853 676 5911 Psal.
706 5871 817 5911 clx.
849 5858 962 5911 1-5.
1041 5859 1087 5890 ¹⁵
1119 5856 1308 5915 Matth.
1342 5872 1481 5923 xxu,
1508 5856 1597 5912 42.
1678 5856 1720 5887 ¹⁸
1755 5854 1887 5910 ibid.
1917 5851 2110 5919 45,44.

728 5947 1000 6010 Paraon.
1042 5950 1160 6013 Gn.
1206 5948 1416 6011 XXII.

3296 5929 3373 5991 12
