4110 6436
509 332 618 389 διῒό

1157 330 1427 386 EL'SEBII
1461 330 1945 389 CESARIENSIS
1980 332 2129 390 OPP.
2169 332 2350 391 PARS
2389 330 2453 391 ﬂ.
2493 364 2561 375 -
2597 334 3095 393 APOLOGETICA.

3637 342 3742 399 εει

495 462 624 504 sunt
681 464 893 511 omnia,
939 459 1046 502 tam
1096 462 1215 516 quae
1260 455 1387 501 sunt
1427 446 1483 501 in
1523 448 1712 514 caelis,
1747 464 1909 518 quam
1940 466 2037 521 qua

2167 452 2327 523 ρικῆς
2375 452 2550 524 ἀρχῆς
2575 469 2634 505 τε
2679 454 2774 507 καὶ
2809 453 3104 525 βασιλείας,
3136 454 3186 506 εἰ
3232 453 3307 524 μὴ
3340 455 3448 528 ἄρα
3482 457 3563 511 ἐνὶ
3597 461 3743 533 μόνῳ

491 551 620 596 sunt
648 556 811 612 supra
844 550 1040 595 terram
1062 579 1077 603 ,
1116 542 1230 594 sive
1263 539 1521 606 visibilia,
1544 540 1660 596 sive
1692 541 2011 599 invisibilia.
2039 563 2058 596 ι

491 632 731 703 Λῑίιυυηι
756 632 917 702 igitur
943 641 1048 693 est.
1076 631 1252 685 solum
1275 646 1398 685 eum
1422 643 1663 700 paterna:
1689 634 2064 691 similitudinis

489 727 689 781 habere
707 724 1006 780 dominium
1027 765 1041 789 ,
1065 724 1209 779 sicut
1228 732 1283 779 et
1303 725 1478 781 solum
1501 740 1625 782 esse
1643 725 1819 784 Patris
1838 743 2063 784 conses-

485 832 664 875 sorem
700 817 1037 871 declaratum
1084 824 1188 872 est.
1222 815 1377 872 Patet
1411 816 1574 888 igitur
1608 817 1745 873 nulli
1785 827 2065 876 creatura-

484 924 606 962 rum
635 908 715 963 fas
735 922 857 962 esse
878 906 1063 962 sortiri
1085 909 1365 963 dexteram
1386 908 1774 978 omnipotentis
1794 909 2064 981 principa-

485 1010 572 1055 tus
608 1008 663 1054 et
692 999 945 1070 imperii,
980 1000 1090 1055 nisi
1120 1000 1172 1055 ei
1203 1000 1296 1056 uni
1327 1002 1430 1056 soli
1464 1017 1626 1072 quem
1662 1017 1729 1057 ex
1763 1004 2062 1073 praemissis

482 1092 631 1147 varie
662 1098 717 1146 et
745 1091 1051 1162 the010gice
1083 1092 1603 1149 demonstravimus.
1637 1094 1796 1164 221
1831 1094 2061 1151 Attende

483 1183 666 1254 igitur,
698 1183 1165 1253 quemadmodum
1209 1184 1300 1240 hic
1342 1201 1514 1240 unum
1558 1195 1613 1243 et
1662 1187 1914 1243 eumdem
1967 1205 2061 1245 su-

482 1290 702 1345 premus
738 1284 795 1330 et
834 1276 1018 1330 omnia
1070 1278 1173 1332 sub
1222 1292 1283 1332 se
1326 1278 1534 1334 habens
1580 1278 1875 1347 Dominus,
1925 1296 2060 1338 voce

482 1366 575 1420 illa
640 1367 847 1432 donat,
895 1387 914 1418 ι
955 1364 1097 1423 Sede
1157 1383 1188 1422 a
1258 1368 1466 1424 dextris
1529 1371 1703 1437 meis;
1748 1389 1766 1423 ι
1808 1379 1863 1426 et
1924 1372 2057 1439 illa,

487 1479 506 1511 ι
544 1468 669 1514 ante
689 1457 1002 1513 Luciferum
1032 1461 1195 1531 genui
1239 1467 1311 1516 te.
1346 1479 1365 1512 ι
1402 1458 1609 1516 Deinde
1651 1476 1777 1517 cum
1826 1463 2059 1533 iurisiu-

480 1551 634 1606 randi
672 1551 1113 1620 conlirmatione,
1160 1552 1549 1610 inconcussum
1592 1562 1756 1626 atque
1803 1556 2058 1612 immuta-

482 1646 643 1699 bilem
685 1644 741 1698 in
798 1644 1071 1699 inlinitum
1127 1660 1304 1699 aevum
1356 1648 1705 1716 permansuri
1760 1650 2054 1705 sacerdotii

480 1738 743 1794 honorem
788 1737 840 1792 ei
903 1737 1134 1808 largitur
1166 1756 1179 1791 :
1211 1755 1230 1788 ι
1263 1736 1475 1794 Iuravit
1504 1737 1801 1805 Dominus,
1844 1751 1898 1796 et
1943 1759 2054 1798 non

2163 542 2241 614 τῷ
2283 542 2370 596 διὰ
2423 541 2530 596 τῶν
2579 544 2955 614 προκειμένων
3008 544 3266 608 ποικίλως
3318 544 3741 622 θεολογουμένῳ.

2176 634 2496 704 Ἐπίστησον
2527 628 2639 697 οὖν,
2667 634 2742 697 ὡς
2776 634 2913 705 πρὸς
2956 634 3052 687 ἕνα
3083 636 3175 687 καὶ
3224 635 3314 689 τὸν
3355 637 3517 690 αὑτὸν
3546 640 3574 691 ὁ
3601 642 3748 694 ἀνω-

2163 724 2309 778 τάτω
2346 724 2441 778 καὶ
2481 724 2575 778 ἐπὶ
2612 725 2829 778 πάντων
2864 724 3066 794 Κύριος
3107 726 3203 778 xai.
3234 726 3351 797 τὴν,
3393 747 3411 779 ι
3461 730 3646 783 Κάθου
3680 733 3749 786 ὲκ

2161 813 2351 881 δεξιῶν
2380 832 2501 886 μου,
2534 834 2553 867 ι
2578 816 2829 887 δωρεῖται
2863 814 3065 886 φωνὴν,
3102 817 3195 870 καὶ
3220 818 3338 889 τὴν,
3374 836 3394 869 ι
3426 819 3541 891 Πρὸ
3576 820 3747 876 Ἑωσ-

2162 905 2329 976 φόρου
2384 907 2678 977 γενέννηκά
2725 924 2806 960 σε.
2850 926 2869 959 ι
2926 906 3062 961 Μεθ’
3105 908 3268 978 ὅρκου
3316 909 3374 962 δὲ
3422 909 3743 964 διαϐεϐαιώ-

2163 1012 2320 1061 σεως,
2345 996 2591 1050 ἄσειστον
2623 996 2719 1051 καὶ
2755 996 3111 1069 ἀπαράϐατον
3143 997 3290 1069 αὐτῷ
3328 997 3427 1070 τὴν
3452 999 3617 1071 τιμὴν
3643 1001 3745 1073 τῆς

2159 1087 2237 1149 είς
2269 1088 2493 1160 ἄπειρον
2518 1088 2690 1142 αἰῶνα
2720 1087 2976 1159 διαρκοῦς
3010 1088 3308 1160 ἱερωσύνης
3341 1090 3737 1161 παραδίδωσιν

2164 1197 2183 1231 ι
2221 1180 2423 1250 Ὠμοσε
2444 1180 2667 1252 Κύριος,
2684 1180 2788 1249 ’καὶ
2811 1182 2872 1234 ού
2897 1180 3402 1253 μεταμεληθήσεται
3420 1199 3433 1212 ·
3461 1184 3532 1235 Σὺ
3561 1185 3742 1257 ἱερεὺς

2158 1273 2237 1335 εἰς
2258 1272 2447 1325 αἰῶνα.
2477 1291 2495 1325 ι
2513 1272 2610 1336 Τίς
2640 1272 2685 1326 δ’
2712 1272 2778 1326 ἂν
2806 1275 3104 1340 ὲπινοοίτο;
3131 1272 3246 1327 οὔτι
3275 1274 3340 1347 δὴ
3365 1274 3551 1346 θνητὸς
3573 1275 3742 1349 ἀνὴρ)

2157 1364 2293 1418 ἀλλὰ
2321 1365 2441 1418 οὐδὲ
2473 1365 2574 1436 τῆς
2605 1365 2915 1436 ἀγγελικῆς-
2933 1365 3171 1435 φύσεως,
3212 1367 3317 1420 ὑπὸ
3344 1367 3477 1421 Θεοῦ
3521 1370 3621 1441 μὲν
3649 1378 3738 1439 γἐ.

2157 1458 2503 1529 τεννημένος,
2540 1459 2620 1521 είς
2651 1457 2821 1511 αἰῶνα
2858 1456 2916 1510 δὲ
2961 1458 3279 1529 ἰερωμένος,
3328 1461 3358 1513 ὁ
3397 1461 3491 1513 καὶ
3525 1463 3585 1513 ἐν
3623 1461 3736 1522 τοῖς

2159 1550 2389 1623 πρόσθεν
2419 1549 2617 1603 εἰπών·
2656 1568 2675 1601 ι
2718 1548 2922 1620 Κύριος
2950 1549 3133 1603 ἔκτισέ
3169 1566 3235 1622 με
3261 1551 3435 1623 ἀρχὴν
3461 1551 3593 1604 ὁδῶν
3637 1557 3739 1607 αὐ-

2156 1640 2248 1695 τοῦ
2281 1644 2360 1705 εἰς
2389 1641 2526 1714 ἔργα
2553 1640 2743 1696 αὑτοῦ.
2780 1641 2894 1712 Πρὸ
2923 1641 3018 1695 τοῦ
3059 1641 3254 1707 αἰῶνος
3286 1641 3612 1715 ὲθεμελίωςέ
3642 1662 3736 1715 με,

2157 1735 2214 1787 ὲν
2258 1735 2400 1806 ἀρχῇ
2439 1734 2547 1806 πρὸ
2585 1733 2681 1787 τοῦ
2725 1734 2825 1806 ὅρη
2870 1734 3218 1806 ἑδρασθῆναι,
3263 1736 3370 1807 πρὸ
3416 1736 3474 1790 δὲ
3517 1736 3735 1792 πάντων
3830 1810 3835 1817 ι

479 1831 769 1902 paenitebit
798 1846 958 1886 eum:
994 1829 1077 1884 Tu
1115 1846 1175 1886 es
1225 1830 1483 1887 sacerdos
1527 1833 1581 1887 in
1613 1842 1897 1889 aeternum.
1933 1855 1952 1888 ι
1983 1838 2037 1890 AI

2155 1826 2358 1897 βουνῶν
2402 1831 2567 1900 γεννᾷ
2609 1846 2698 1902 με.
2740 1847 2758 1881 ι
2790 1829 2902 1882 Καὶ
2951 1828 3191 1899 πρόσχες
3235 1827 3293 1881 δὲ
3342 1828 3616 1901 ἐπιμελῶς
3641 1827 3735 1883 τὸν

476 1924 620 1979 enim
674 1924 801 1995 quis
858 1923 949 1977 hic
997 1923 1218 1978 tandem
1275 1914 1645 1996 intelligatur?
1694 1943 1890 1998 nempe
1940 1944 2050 1984 non

477 2018 560 2070 vir
588 2015 836 2071 mortalis
863 2015 1010 2071 ullus
1028 2055 1043 2074 .
1075 2030 1139 2069 ac
1168 2030 1237 2070 ne
1285 2018 1546 2087 angelica:
1573 2018 1793 2089 quidem
1841 2028 2051 2078 natura:

473 2109 783 2181 quispiam,
820 2108 915 2180 qui
958 2123 989 2162 a
1032 2107 1144 2165 Deo
1174 2110 1395 2181 quidem
1450 2113 1522 2167 sit
1562 2112 1771 2179 factus,
1808 2115 1864 2169 in
1892 2122 2053 2172 mter-

475 2219 609 2257 num
661 2217 793 2258 vero
870 2201 1131 2258 sacerdos
1177 2204 1547 2270 constitutus,
1594 2205 1689 2262 sed
1744 2208 1896 2265 solus
1961 2210 2050 2267 ille

469 2293 564 2364 qui
599 2294 656 2348 in
689 2294 759 2350 iis
783 2334 799 2359 ,
833 2309 955 2365 quae
998 2301 1158 2349 antea
1213 2296 1500 2353 cilavimus
1549 2298 1819 2365 oraculis,
1869 2300 2045 2356 dixit:

475 2386 744 2442 «Creavit
797 2402 884 2442 me
943 2384 1157 2440 initium
1215 2386 1427 2441 viarum
1488 2402 1713 2443 suarum
1772 2390 1828 2444 in
1880 2405 2065 2461 opera‘

469 2492 590 2533 sua.
650 2476 792 2532 Ante
853 2477 1113 2531 saeculum
1168 2474 1419 2531 fundavit
1476 2494 1601 2543 me,
1658 2480 1714 2535 in
1773 2481 2046 2552 principio

460 2579 762 2641 antequam
820 2575 1034 2623 montes
1088 2568 1487 2634 stabilirentur,
1553 2578 1609 2625 et
1662 2579 1790 2627 ante
1852 2587 2044 2629 omnes

458 2664 636 2718 colles
669 2661 843 2733 gignit
870 2676 955 2715 me
990 2661 1053 2713 ".
1087 2680 1106 2712 ι
1138 2659 1349 2717 Adhibe
1379 2678 1508 2719 vero
1536 2665 1783 2719 animum
1814 2666 2045 2737 diligen-

469 2768 574 2819 ter,
618 2761 673 2809 et
712 2755 1097 2827 cogitationem
1140 2754 1398 2821 intende,
1440 2763 1558 2812 tum
1603 2758 1672 2813 ad
1721 2769 2041 2829 praesentem

465 2846 736 2916 psalmum
761 2884 777 2910 ,
809 2854 925 2900 tum
957 2842 1025 2898 ad
1068 2858 1164 2900 eas
1228 2861 1350 2915 quae
1386 2853 1545 2900 antea
1606 2847 1869 2918 expositae
1914 2856 2043 2903 sunt

469 2952 654 2993 voces.
678 2936 738 2991 In
762 2936 867 2992 hoc
890 2936 1036 2991 enim
1062 2936 1338 3008 ingenitus
1367 2934 1513 2992 Deus
1542 2952 1666 2992 eum
1695 2937 1789 3007 qui
1823 2937 1894 2993 ab
1921 2938 2042 3009 ipso

462 3036 577 3095 est,
607 3035 663 3084 et
703 3035 893 3084 noster
940 3028 1207 3084 Dominus
1259 3036 1383 3093 est,
1444 3029 1639 3085 sedere
1688 3044 1874 3085 secum
1931 3045 2038 3084 una

458 3121 646 3192 jubet,
697 3119 927 3176 dicens:
961 3138 981 3172 ι
1012 3117 1152 3176 Sede
1195 3135 1226 3175 a
1269 3120 1481 3176 dextris
1514 3121 1670 3175 meis.
1705 3139 1724 3172 ι
1756 3118 1815 3175 in
1868 3121 2039 3177 altero

2153 1916 2295 1981 νοῦν,
2325 1919 2624 1991 ἐπιστήσας
2653 1918 2731 1991 τῷ
2760 1937 2821 1973 τε
2853 1919 3081 1990 παρόντι
3126 1919 3351 1993 ψαλμῷ,
3385 1923 3482 1976 καὶ
3516 1924 3636 1986 ταῖς
3676 1922 3735 1974 ὲν

2150 2008 2228 2080 τῷ
2257 2011 2359 2084 πρὸ
2396 2012 2585 2065 τούτου
2624 2011 3046 2083 παρατεθείσαις
3082 2017 3311 2083 φωναῖς.
3358 2015 3446 2069 Ἐν
3485 2016 3583 2087 μὲν
3625 2015 3735 2085 γὰρ

2151 2102 2323 2173 τούτῳ
2353 2104 2383 2157 ό
2413 2104 2674 2158 ἀνωτάτω
2706 2103 2840 2167 Θεὸς
2874 2102 3162 2176 σύνθρονον
3208 2105 3300 2159 τὸν
3338 2106 3608 2178 δεύτερον,
3638 2107 3731 2159 καὶ

2148 2194 2306 2266 ἡμῶν
2332 2195 2557 2269 Κύριον,
2590 2193 2785 2250 ἑαυτοῦ
2817 2196 3125 2267 καθίστησι,
3152 2196 3357 2267 λέγων’
3394 2218 3414 2250 ι
3452 2197 3631 2252 Κάθου
3663 2198 3733 2251 ἐκ

2146 2285 2332 2352 δεξιῶν
2365 2305 2502 2359 μουσ
2539 2308 2556 2340 ι
2590 2290 2646 2340 ὲν
2695 2287 2753 2340 δὲ
2795 2286 2873 2358 τῷ
2918 2288 3026 2359 πρὸ
3060 2288 3257 2344 τούτου
3291 2291 3380 2345 τὸν
3412 2289 3596 2363 θρόνον
3642 2290 3725 2353 είς

2148 2379 2319 2433 αἰῶνα
2351 2381 2546 2445 αἰῶνος
2581 2382 2874 2457 διαμένειν,
2908 2385 2937 2439 ὁ
2967 2384 3125 2452 λόγος
3168 2382 3390 2455 ἔφησεν,
3429 2382 3563 2454 ὁμοῦ
3595 2381 3729 2437 Θεὸν

2148 2470 2307 2524 αὑτὸν
2340 2472 2685 2545 ἀναγορεύων
2717 2475 2783 2528 δι’
2823 2468 2897 2528 ὧν
2932 2491 3126 2546 φησιν·
3165 2494 3184 2528 ι
3229 2475 3289 2528 Ὀ
3322 2474 3508 2544 θρόνος
3544 2491 3657 2538 σου,
3695 2474 3735 2527 ὁ

2145 2562 2297 2626 Θεὸς,
2328 2566 2407 2627 εἰς
2439 2564 2529 2617 τὸν
2560 2566 2731 2620 αἰῶνα
2761 2566 2853 2619 τοῦ
2887 2566 3101 2630 αἰῶνος.
3146 2586 3164 2618 ι
3205 2566 3375 2620 Πάλιν
3408 2568 3467 2619 ὲν
3515 2565 3612 2637 μὲν
3650 2563 3729 2636 τῷ

2149 2654 2288 2724 μετὰ
2318 2657 2523 2725 χεῖρας,
2564 2674 2582 2706 ‹
2627 2656 2868 2722 Ῥάὸδον,
2905 2677 2925 2709 ι
2957 2658 3113 2730 φησί,
3162 2677 3183 2709 ι
3223 2659 3506 2730 δυνάμεως
3534 2657 3732 2722 ἐξαπο-

2146 2744 2320 2797 στελεῖ
2351 2762 2431 2798 σοι
2460 2746 2661 2816 Κύριος
2687 2750 2751 2801 ὲκ
2779 2748 2947 2802 Σιών·
2989 2769 3007 2801 ι
3038 2752 3101 2804 ὲν
3120 2750 3165 2803 δ’
3192 2750 3406 2820 ἐκείνῳ,
3441 2768 3462 2800 ς
3506 2749 3726 2812 Ῥάϐδος

2144 2835 2435 2907 εὐθύτητος
2463 2841 2496 2910 ή
2528 2839 2722 2910 ῥάϐδος
2747 2841 2847 2912 τῆς
2882 2841 3157 2913 βασιλείας
3185 2860 3298 2897 σου.
3342 2862 3361 2895 ι
3395 2844 3503 2896 Kat
3524 2839 3722 2905 αὖθις-ό

2146 2927 2244 2998 μὲν
2292 2928 2481 3000 παρών
2520 2947 2684 3002 φησι·
2723 2950 2742 2983 ι
2781 2932 2971 2989 Κάθου
3015 2937 3078 2989 ὲκ
3118 2934 3306 3002 δεξιῶν
3354 2951 3476 3005 μου,
3511 2934 3615 2997 ἕως
3653 2934 3725 2987 ἂν
3788 2971 3799 2982 .

2142 3018 2219 3071 θῶ
2249 3020 2376 3084 τοὺς
2415 3020 2642 3093 ἐχθρούς
2681 3041 2776 3077 σου
2815 3025 3107 3083 ὑποπόδιον
3147 3027 3255 3081 τῶν
3280 3026 3454 3081 ποδῶν
3485 3044 3595 3090 σου,
3626 3027 3723 3081 καὶ

2141 3112 2593 3184 κατακυριεύσεις
2636 3115 2697 3168 ὲν
2748 3117 2900 3190 μέσῳ
2943 3119 3053 3174 τῶν
3109 3120 3316 3194 ἐχθρῶν
3363 3136 3490 3174 σου·
3538 3138 3557 3172 ι
3605 3121 3633 3173 ό
3663 3119 3725 3172 δὲ

462 3190 624 3276 vero,
656 3227 817 3282 quem
858 3219 990 3267 ante
1020 3211 1169 3267 hunc
1198 3211 1375 3283 ipsum
1415 3211 1773 3283 exposuimus
1796 3250 1810 3277 ,
1849 3212 2034 3268 sedem

2141 3202 2405 3274 πρόσθεν·
2443 3224 2461 3256 ι
2493 3206 2572 3259 Τά
2608 3206 2732 3281 βέλη
2769 3226 2862 3263 σου
2894 3190 3229 3284 ἠκονημένα,
3264 3211 3465 3266 δυνατὰ
3498 3214 3555 3266 ὲν
3588 3228 3724 3282 καρ-

460 3306 515 3359 in
545 3304 804 3360 saeculum
836 3304 1022 3360 saeculi
1066 3319 1321 3369 manere,
1366 3306 1648 3360 oraculum
1697 3304 2032 3370 aﬂirmabat,

458 3397 630 3454 Deum
667 3397 886 3452 interim
921 3397 1075 3452 illum
1107 3398 1391 3467 appellans
1422 3397 1477 3452 in
1525 3398 1635 3453 illis
1679 3398 1896 3463 verbis,
1941 3398 2033 3453 ubi

454 3489 576 3545 ait:
619 3507 638 3540 ι
678 3486 847 3545 Sedes
894 3495 991 3543 tua
1046 3487 1191 3545 Deus
1240 3488 1295 3543 in
1349 3489 1610 3545 saeculum
1667 3489 1854 3545 saeculi
1902 3489 1968 3545 ".
2008 3508 2027 3542 ι

455 3579 673 3637 Rursus
722 3580 777 3635 in
834 3596 902 3636 eo
953 3580 1049 3652 qui
1104 3595 1254 3636 nunc
1310 3580 1453 3636 inter
1506 3595 1700 3637 manus
1754 3587 2031 3646 versatur,

458 3673 750 3743 «virgam,
805 3672 1022 3741 inquit,
1066 3673 1290 3729 virtutis
1339 3674 1550 3729 emittet
1604 3672 1698 3729 tibi
1766 3672 2031 3729 Dominus

449 3782 518 3823 ex
552 3765 681 3821 Sion
715 3765 780 3830 ⁸⁸,
823 3784 841 3816 ι
878 3766 936 3821 in
986 3765 1081 3820 illo
1128 3771 1309 3820 autem
1336 3807 1352 3831 ,
1405 3785 1423 3817 ι
1460 3766 1615 3838 virga
1664 3765 1983 3821 directionis
2011 3805 2028 3831 ,

447 3858 600 3928 virga
655 3857 811 3929 regni
871 3858 949 3913 tui
982 3857 1046 3911 ".
1084 3875 1103 3908 ι
1139 3855 1206 3911 Et
1254 3873 1450 3914 rursus
1498 3858 1587 3913 hic
1636 3857 1858 3929 quidem
1910 3858 2026 3912 ait:

326 3959 339 4024 ξ
451 3969 475 4003 ς
506 3950 647 4006 Sede
698 3966 727 4004 a
783 3948 993 4006 dextris
1049 3949 1228 4010 meis.
1278 3950 1454 4005 donec
1514 3965 1714 4021 ponam
1775 3951 2029 4005 inimicos

329 4041 335 4105 ἶ
447 4051 574 4097 tuos
626 4041 925 4104 scabellum
972 4041 1173 4112 pedum
1226 4048 1487 4106 tuorum,
1542 4051 1599 4097 et
1653 4042 2028 4098 dominaberis

335 4179 340 4188 .
448 4131 505 4187 in
539 4130 721 4187 medio
752 4130 1105 4187 inimicorum
1151 4139 1371 4185 tuorum
1402 4132 1471 4185 '°.
1503 4150 1522 4181 ›
1547 4130 1643 4187 Ille
1680 4147 1849 4197 vero,
1889 4152 1907 4185 ι
1937 4148 2028 4187 sa-

335 4217 341 4225 ’
444 4222 597 4294 είιιω
642 4229 751 4277 tua:
802 4229 1006 4287 acutae,
1057 4229 1312 4293 potentes
1356 4223 1416 4278 in
1460 4223 1630 4279 corde
1675 4224 2023 4279 inimicorum

445 4312 612 4382 regis.
642 4332 661 4365 ι
686 4310 829 4383 Ergo
859 4313 1025 4367 etiam
1056 4328 1119 4368 ea
1150 4328 1271 4384 qua:
1296 4313 1365 4366 ad
1395 4312 1536 4383 ejus,
1555 4313 1623 4368 de
1649 4328 1758 4381 quo
1788 4314 2021 4385 agimus,

325 4389 331 4397 ’
443 4404 699 4461 inimicos
742 4406 1048 4475 pertinent,
1098 4405 1154 4458 in
1194 4412 1432 4475 utroque
1470 4405 1575 4461 sibi
1623 4407 1741 4475 ipsa
1786 4420 2024 4461 consen-

2136 3295 2223 3366 δίᾳ
2245 3295 2352 3349 τῶν
2380 3296 2591 3369 ἐχθρῶν
2632 3300 2727 3353 τοῦ
2758 3299 3041 3371 βασιλέως.
3077 3322 3099 3355 ι
3134 3303 3342 3358 Οὐκοῦν
3373 3303 3466 3358 καὶ
3494 3302 3562 3356 τά
3594 3301 3724 3374 περὶ

2134 3386 2243 3441 τῶν
2277 3388 2489 3461 ἐχθρῶν
2510 3390 2603 3444 τοῦ
2648 3392 2979 3466 δηλουμένου
3021 3398 3083 3450 ὲν
3118 3397 3449 3469 ἀμφοτέροις
3488 3394 3716 3467 συνᾴδει.

2135 3479 2231 3544 Τίς
2250 3480 2387 3552 δῆτα
2406 3478 2520 3548 οὖν,
2544 3482 2842 3557 ὀφθαλμοῖς
2860 3487 3004 3560 ὁρῶν
3028 3489 3086 3544 ὲν
3113 3488 3306 3561 μέσαις
3334 3490 3453 3551 ταῖς
3481 3487 3718 3551 πόλεσιν,

2135 3570 2191 3626 ἓν
2206 3590 2265 3625 τε
2285 3572 2499 3646 κώμαις
2518 3576 2611 3629 καὶ
2630 3575 2854 3650 χώραις,
2873 3579 2994 3633 καθ’
3017 3579 3146 3652 ὅλης
3166 3598 3226 3634 τε
3254 3581 3353 3653 τῆς
3376 3578 3717 3650 οἰκουμένης.

2134 3663 2398 3729 άνθούσας
2443 3666 2545 3730 τὰς
2588 3668 2682 3721 τοῦ
2723 3670 2977 3742 Σωτῆρος
3026 3670 3183 3743 ἡμῶν
3214 3670 3566 3743 Ἐκκλησίας,
3595 3667 3723 3731 τούς

2131 3772 2190 3808 τε
2227 3757 2364 3829 πρὸς
2405 3758 2569 3812 αὐτοῦ
2613 3763 3037 3833 κυριευομένους
3082 3762 3267 3828 λαοὺς,
3299 3764 3396 3817 καὶ
3418 3761 3720 3835 μυρίανδρα

2133 3847 2314 3921 πλήθη
2331 3849 2439 3904 τῶν
2459 3851 2609 3924 αὐτῷ
2637 3854 3096 3927 καθωσιωμένων,
3119 3856 3453 3928 πανταχόθεν
3478 3856 3583 3910 ύπὺ
3608 3853 3719 3908 τῶν

2129 3942 2420 4013 ὁρωμένων
2454 3961 2514 3999 τε
2544 3946 2604 3999 ὲν
2642 3946 2974 4021 ἀνθρώποις,
3005 3949 3253 4022 ἀοράτων
3286 3967 3345 4003 τε
3374 3950 3468 4004 καὶ
3494 3947 3715 4017 ἀφανῶν

2130 4032 2361 4105 ἐχθρῶν,
2391 4036 2486 4089 καὶ
2535 4037 2811 4110 πολεμίων
2842 4039 2942 4114 τῆς
2972 4041 3067 4096 τοῦ
3106 4038 3718 4115 Χριστοῦδιδασκαλίας

2129 4125 2494 4198 κυκλούμενα,
2523 4129 2625 4184 οὑκ
2648 4131 2715 4187 ἂν
2741 4132 3042 4206 θαυμάσειε
3068 4134 3159 4189 τὸν
3187 4136 3425 4207 παρόντα
3446 4130 3710 4204 χρησμὸνν

2128 4218 2206 4281 εἰς
2257 4219 2548 4291 πρόσωπον
2580 4225 3011 4300 άναφωνηθέντα
3035 4226 3130 4282 τοῦ
3161 4227 3566 4296 θεσπιζομένου,
3608 4220 3704 4273 τόο

2133 4327 2152 4360 ι
2192 4312 2569 4386 Κατακυρίευε
2617 4319 2677 4372 ἐν
2737 4321 2889 4393 μέσῳ
2942 4322 3051 4376 τῶν
3108 4320 3316 4394 ἐχθρῶν
3363 4334 3492 4384 σου;
3547 4334 3565 4367 ι
3597 4315 3709 4368 Καὶ

2126 4405 2424 4479 ἐπειδήπερ
2465 4409 2524 4463 ὲν
2564 4413 2642 4485 τῷ
2684 4416 2921 4488 πρόσθεν
2969 4416 3250 4488 κεκρίσθαι
3290 4412 3369 4486 τῷ
3419 4410 3582 4481 ἐλαίῳ
3610 4408 3711 4479 τῆς

441 4494 611 4550 tiunt.
632 4492 772 4560 Quis
800 4510 931 4565 ergo
960 4496 1122 4550 modo
1153 4497 1272 4552 suis
1297 4495 1476 4551 oculis
1518 4509 1753 4552 cernens
1795 4496 1851 4550 in
1905 4512 2019 4551 me-

2141 4496 2496 4590 ὶγαλλεάσεως
2528 4507 2682 4578 παρὰ
2712 4511 2839 4575 τοὺς
2873 4510 3135 4582 μετόχους
3182 4526 3295 4573 σου,
3326 4507 3514 4579 ἱερέων
3542 4504 3598 4557 δὲ
3630 4503 3709 4556 oi-

439 4587 548 4640 (liis
578 4585 809 4641 urbibus
832 4625 848 4648 ,
882 4586 938 4641 in
972 4587 1112 4643 vicis
1149 4602 1214 4644 ac
1254 4587 1604 4659 regionibus,
1638 4588 1694 4643 in
1727 4596 1846 4644 toto
1885 4589 2020 4645 orbe

438 4676 695 4734 ﬂorentes
748 4676 1048 4735 Salvatoris
1096 4680 1272 4736 nostri
1324 4679 1604 4738 Ecclesias
1636 4723 1650 4745 .
1704 4688 1759 4737 et
1814 4695 1911 4737 eos
1960 4682 2016 4736 in

435 4767 640 4838 quibus
687 4767 1003 4825 dominatur
1050 4771 1282 4841 populos
1304 4813 1319 4835 ,
1349 4779 1404 4826 et
1434 4772 1823 4827 innumerabili
1868 4772 2017 4828 viro-

436 4873 557 4911 rum
588 4859 937 4915 multitudine
966 4860 1200 4917 refertos
1246 4868 1584 4925 conventus,
1635 4861 1730 4933 qui
1766 4863 1842 4917 illi
1883 4878 2018 4919 con-

436 4948 638 5002 secrati
668 4958 825 5013 sunt,
858 4952 1066 5023 quique
1092 4952 1334 5026 undique
1364 4960 1483 5008 tum
1523 4953 1594 5008 ab
1637 4952 1706 5007 iis
1737 4953 1832 5023 qui
1870 4952 2016 5009 inter

436 5036 684 5095 homines
736 5052 1058 5107 cernuntur,
1112 5054 1224 5098 tum
1276 5045 1344 5100 ab
1396 5044 1783 5114 ell'ugientibus
1833 5045 2013 5101 visum

433 5138 684 5182 nostrum
706 5169 721 5192 ,
766 5141 820 5185 et
857 5133 1091 5188 occultis
1140 5134 1380 5189 inimicis
1410 5141 1576 5205 atque
1607 5135 1858 5189 hostibus
1890 5134 2013 5204 ejus

433 5217 698 5274 doctrina:
731 5238 853 5292 quae
886 5238 916 5276 a
958 5224 1182 5279 Christo
1217 5226 1416 5281 tradita
1448 5234 1533 5280 est
1556 5267 1572 5289 ,
1610 5226 2007 5291 circumsessi,

2126 4593 2270 4643 κεϊον
2301 4586 2369 4662 ἦν
2401 4598 2535 4668 παρ’
2575 4599 2847 4673 Ἑϐραίοις
2873 4604 2933 4658 τὸ
2959 4604 3233 4677 χρίεσθαι·
3263 4601 3486 4664 εἰκότως
3511 4602 3540 4653 ὁ
3573 4594 3709 4669 μετὰ

2126 4684 2312 4754 Χεῖρας
2361 4686 2463 4758 ἤδη
2521 4689 2844 4768 λευκότερον
2915 4699 3065 4770 ἱερέα
3130 4696 3291 4753 αὐτὸν
3354 4689 3703 4763 ἐπιφημίζειν

2127 4773 2346 4828 πλείονα
2396 4783 2675 4851 προτιθεὶς
2724 4790 2853 4861 περὶ
2904 4789 3068 4845 αὑτοῦ
3116 4787 3476 4844 διδασκαλίαν,
3530 4778 3596 4831 δι’
3638 4773 3705 4849 ἧς

2128 4866 2288 4936 μόνον
2319 4868 2480 4925 αὐτὸν
2514 4877 2669 4949 παρὰ
2705 4882 2832 4945 τοὺς
2875 4883 3097 4936 πώποτε
3136 4879 3349 4935 αἰώνιον
3380 4870 3528 4945 ἱερέα
3567 4865 3707 4924 εἷναι

2124 4957 2404 5024 παιδεύει,
2450 4964 2588 5038 ὅπερ
2648 4971 2875 5044 οὐδεμιᾷ
2932 4972 3217 5043 ἀνθρώπου
3274 4964 3431 5036 φύσει
3486 4960 3707 5016 δυνατὸν

2125 5048 2477 5120 ὲφαρμόξειν.
2528 5059 2689 5114 Κατὰ
2735 5062 2837 5135 τὴν
2885 5062 3038 5128 τάξιν
3096 5055 3426 5128 Μελχισεδὲκ
3465 5052 3708 5125 ἱερᾶσθαί

2122 5155 2287 5210 φησιν
2324 5142 2505 5209 αὑτὸν,
2538 5151 2677 5220 πρὸς
2725 5152 3128 5223 ἀντιδιαστολὴν
3158 5148 3250 5201 τοῦ
3285 5145 3423 5201 κατὰ
3455 5145 3551 5215 τὴν
3583 5144 3708 5198 Μω-

2122 5231 2259 5296 σέως
2283 5232 2523 5301 διάταξιν
2566 5242 2777 5313 ἱερέως,
2812 5247 2930 5315 ἦτοι
2960 5243 3056 5296 τοῦ
3098 5240 3329 5310 Ἀαρὼν,
3357 5239 3389 5309 ἢ
3442 5255 3531 5291 και
3562 5254 3705 5300 τινος

434 5324 545 5362 non
576 5309 880 5367 admiretur
908 5329 1150 5386 praesens
1200 5315 1520 5381 oraculum,
1574 5314 1721 5385 quod
1774 5314 1841 5368 ad
1890 5315 2010 5385 ejus

2141 5323 2227 5376 τῶν
2255 5324 2311 5391 ἐξ
2337 5327 2547 5382 ἐκείνου
2566 5349 2579 5362 ·
2616 5309 2693 5387 ῶν
2717 5309 2947 5399 ἕκαστος
2992 5335 3067 5406 μὴ
3107 5332 3182 5386 ὢν
3205 5309 3472 5403 πρότερον
3503 5329 3703 5401 ἱερεὺς.

433 5412 725 5468 personam
754 5405 1099 5458 enuntiatum
1129 5413 1243 5469 est,
1275 5415 1329 5460 et
1358 5405 1427 5461 de
1470 5421 1582 5476 quo
1627 5405 1717 5459 hic
1764 5405 2006 5472 canitur,

432 5488 564 5543 illud
619 5492 847 5562 utique:
889 5512 907 5545 ι
951 5495 1243 5552 Dominare
1299 5498 1354 5552 in
1415 5498 1603 5553 medio
1655 5497 2007 5556 inimicorum

432 5585 696 5637 tuorum?
728 5605 744 5636 ι
777 5585 980 5644 Deinde
1018 5591 1276 5660 quoniam
1317 5592 1371 5645 in
1411 5607 1477 5647 eo
1524 5595 1618 5662 qui
1671 5596 2004 5662 antecessit,

429 5675 636 5728 dictum
667 5687 750 5730 est
783 5679 933 5733 illum
982 5692 1206 5737 unctum
1256 5700 1381 5740 esse
1410 5685 1572 5754 222
1601 5685 1722 5740 oleo
1748 5688 1995 5742 exsulta-

2120 5413 2346 5487 ὕστερόν
2372 5434 2503 5473 ποτε
2528 5421 2597 5475 δι’
2614 5424 2917 5497 ἀνθρώπων
2939 5426 3134 5497 ἀλοιφῇ
3156 5441 3261 5478 τινι
3283 5423 3551 5493 σκευαστῇ
3565 5420 3710 5493 χριό-

2121 5522 2300 5571 μενος,
2342 5507 2417 5569 ὡς
2465 5512 2523 5563 ὲν
2568 5513 2759 5577 τύποις
2788 5520 2963 5571 εἰπεῖν
2995 5518 3089 5571 καὶ
3135 5516 3439 5583 συμϐόλοις,
3474 5513 3707 5586 σκιώδης

2115 5614 2198 5661 τις
2229 5598 2323 5651 καὶ
2362 5601 2627 5668 εἰκονικὸς
2658 5607 2894 5677 Χριστὸς
2931 5607 3275 5661 ἀπετελεῖτο-
3304 5605 3442 5660 ἀλλὰ
3474 5606 3567 5658 καὶ
3607 5605 3706 5659 άτε

2108 5689 2300 5760 θνητὸς
2331 5691 2407 5745 ῶν
2434 5695 2534 5747 ούκ
2574 5698 2655 5760 εἰς
2685 5700 2896 5769 μακρὸν
2926 5697 3214 5751 ἀπετίθετο
3245 5698 3344 5766 τὴν
3382 5695 3703 5767 ἱερωσύνην.

502 5790 544 5821 ³⁸
584 5787 745 5847 Prov.
784 5809 903 5857 rm,
938 5795 1125 5852 25-25.
1207 5803 1247 5832 ¹⁷
1287 5799 1430 5861 Psal.
1458 5818 1605 5869 xuv,
1642 5803 1693 5860 7.
1771 5804 1814 5837 ¹⁸
1849 5804 1987 5864 Psal.
2026 5823 2137 5875 CIX,
2162 5808 2217 5865 2.
2311 5813 2353 5843 ι’
2388 5809 2533 5869 Psal.
2566 5828 2708 5881 xuv,
2754 5816 2804 5871 7.

2908 5814 3128 5890 "‘Psal.
3158 5830 3269 5882 cu,
3292 5814 3346 5873 2.
