4110 6426
403 396 507 453 565

1284 400 1933 461 DEMONSTBATIONIS
1967 405 2426 471 EVANGELICE
2464 415 2591 473 LIB.
2633 419 2720 475 Ἴ(

3526 437 3633 496 366

401 510 509 566 Καὶ
543 512 691 584 παρὰ
760 513 858 583 μὲν
901 513 979 584 τῷ
1014 513 1279 569 Ἰουδαίων
1320 517 1466 588 μόνῳ
1521 517 1699 587 ἱερᾶτο
1738 517 1869 588 λαῷ,
1902 519 1945 569 οἱ

2071 519 2233 577 tionis
2262 541 2371 594 pra:
2405 529 2762 601 participibus
2791 534 2936 606 tuis,
2962 543 3018 593 et
3046 540 3384 597 sacerdotum
3417 545 3470 599 id
3514 560 3635 603 erat

403 603 509 675 μὴν
542 605 634 658 καλ⁵
662 604 811 676 παρὰ
840 606 950 668 τοῖς
982 605 1158 669 ἄλλοις
1204 605 1427 661 ἔθνεσιν.
1472 607 1629 661 Ἀλλὰ
1676 608 1795 661 οὐδὲ
1846 609 1962 679 μεθ’

401 697 740 768 ὁρκωμοσίας
761 696 891 750 Θεοῦ
927 698 1016 750 ἐπὶ
1046 698 1143 771 τὴν
1176 698 1511 770 λειτουργίαν
1537 700 1754 772 παρῄει,
1784 702 1963 773 κρίσει

400 787 458 841 δὲ
485 788 779 860 ἀνθρώπων
805 789 1127 861 τιμώμενος
1175 792 1250 856 ὡς
1301 793 1394 846 καί
1427 811 1555 846 ποτε
1587 794 1659 863 μὴ
1699 793 1846 859 ἄξιον
1876 795 1964 847 εὑ-

404 879 679 949 ρίσκεσθαι
722 883 779 935 ἐν
822 883 1002 947 αὐτοῖς
1038 884 1136 955 τῆς
1184 884 1277 937 τοῦ
1317 884 1451 937 Θεοῦ
1497 884 1807 958 θεραπείας,
1853 881 1963 950 οἷος

398 971 801 1042 ἀναγέγραπται
827 976 857 1027 6
889 974 1054 1029 Ἠλεί.
1099 977 1221 1029 Ἔτι
1268 977 1401 1048 «(16;
1429 978 1635 1042 τούτοις
1667 980 1696 1031 6
1734 978 1962 1043 παλαιὸς

398 1064 600 1127 ἐκεῖνος
631 1065 827 1136 ἱερεὺς,
860 1066 889 1118 6
916 1067 1054 1121 κατὰ
1093 1068 1192 1138 τὴν
1223 1069 1461 1134 Μωσέως
1480 1070 1736 1134 διάταξιν,
1778 1072 1841 1124 ὲκ
1869 1071 1962 1142 μό-

397 1173 493 1227 νης
518 1156 820 1229 ἐξεκρίνετο
850 1159 1019 1231 φυλῆς
1057 1161 1155 1232 τῆς
1197 1162 1347 1215 Λευῖο
1399 1163 1503 1216 ἔδει
1542 1164 1599 1218 δὲ
1636 1164 1695 1230 ἐξ
1726 1165 1959 1231 ἅπαντος

394 1249 488 1303 καὶ
510 1248 568 1303 τὸ
592 1251 745 1319 γένος
767 1253 831 1304 ἐκ
855 1253 952 1323 τῆς
971 1252 1062 1305 τοῦ
1089 1253 1295 1327 Ἀαρὼν
1308 1255 1554 1328 διαδοχῆς
1575 1257 1733 1311 αὐτὸν
1751 1258 1955 1328 φέρειν,

393 1338 593 1411 θύμασί
635 1361 696 1397 τε
742 1343 895 1409 ζώων
936 1346 1143 1414 ἀλόγων
1188 1349 1279 1401 καὶ
1312 1349 1525 1419 αἵμασι,
1568 1354 1848 1423 σωματικῇ
1895 1368 1958 1419 γε

392 1432 614 1506 λατρεία
645 1435 966 1506 θεραπεύειν
997 1438 1057 1491 τὸ
1086 1440 1246 1493 θεῖον.
1293 1441 1350 1495 '0
1380 1442 1435 1495 δὲ
1470 1442 1800 1513 Μελχισεδὲκ
1827 1445 1959 1498 ὠνο-

396 1525 692 1595 μασμένος,
722 1527 752 1580 ὃ
780 1528 1247 1600 μεταλαμόἀνεται
1274 1533 1352 1595 είς
1378 1532 1476 1603 τὴν
1510 1534 1729 1589 Ἐλλάδα
1755 1536 1952 1608 φωνὴν,

396 1614 645 1684 βασιλεὺς
675 1617 1034 1689 δικαιοσύνης,
1069 1621 1258 1677 ἔπειτα
1294 1623 1544 1694 βασιλεὺς
1574 1627 1782 1699 Σαλήμ,
1810 1628 1839 1681 ὃ
1863 1628 1955 1683 καὶ

392 1705 522 1790 αύτὸ
552 1706 618 1759 ἂν
662 1707 746 1779 εἴη
800 1708 1050 1778 βασιλεὺς
1092 1715 1344 1788 εἰρήνης,
1397 1720 1644 1791 ἀπάτωρ,
1701 1722 1949 1796 ἀμήτωρ,

2065 612 2344 681 proprium
2375 619 2519 687 apud
2550 619 2807 680 Hebraeos
2839 634 2900 681 ut
2931 639 3307 701 ungerentur:
3343 638 3541 694 merito
3574 641 3629 694 in

2063 717 2130 756 eo
2160 721 2320 774 quem
2352 725 2502 766 nunc
2534 721 2874 782 tractamus,
2921 719 3036 792 jam
3081 724 3286 782 clarius
3327 736 3383 783 et
3425 733 3630 788 certius

2064 792 2217 848 illum
2251 810 2539 856 consecrat
2568 808 2910 866 sacerdotem
2934 851 2950 876 ,
2983 814 3140 883 plura
3166 817 3328 872 etiam
3369 820 3436 877 de
3480 823 3630 880 illius

2061 886 2312 987 doctrina
2344 908 2690 964 proponens,
2735 917 2831 971 per
2869 921 3032 975 quam
3079 909 3256 977 ipsum
3299 913 3474 968 solum
3519 930 3632 987 prae

2061 980 2374 1040 hominibus
2401 989 2496 1057 qui
2528 1007 2769 1062 unquam
2798 1006 2894 1050 aut
2927 998 3132 1056 fuerint
3156 1013 3250 1058 aut
3280 1004 3448 1062 futuri
3481 980 3629 1082 sint,

2060 1081 2323 1128 aeternum
2353 1079 2694 1136 sacerdotem
2735 1099 2860 1140 esse
2901 1087 3275 1158 demonstrat,
3320 1098 3465 1165 quod
3496 1079 3630 1156 sane

2059 1177 2331 1234 nusquam
2372 1175 2432 1222 ut
2477 1170 2575 1225 ulli
2624 1182 2833 1230 naturae
2878 1178 3116 1238 hominis
3161 1188 3626 1260 accommodetur,

2059 1253 2176 1310 ﬁeri
2236 1262 2455 1327 poterit.
2496 1260 2807 1321 Secundum
2846 1271 3091 1329 ordinem
3139 1276 3495 1337 Melchisedec
3540 1253 3630 1339 sa;

2057 1351 2332 1409 cerdolem
2394 1361 2659 1414 constitui
2715 1362 2865 1417 illum
2919 1366 3028 1429 ait,
3083 1378 3143 1422 ut
3190 1371 3261 1425 ab
3305 1389 3370 1427 eo
3417 1375 3630 1433 diﬂ‘erat

2061 1441 2155 1510 qui
2186 1445 2486 1501 secundum
2523 1448 2690 1507 Mosis
2724 1454 3168 1512 constitutionem
3202 1469 3320 1515 erat
3348 1468 3623 1531 sacerdos,

2053 1534 2149 1601 qui
2181 1536 2401 1604 quidem
2436 1548 2530 1593 aut
2568 1541 2748 1597 Aaron
2796 1546 2869 1598 sit
2917 1547 3300 1616 accipiendus,
3347 1566 3443 1610 aut
3487 1558 3628 1615 alius

2053 1628 2325 1698 quispiam
2358 1645 2421 1685 ex
2454 1631 2523 1686 iis
2566 1634 2658 1702 qui
2717 1637 2787 1691 ab
2818 1637 2913 1692 illo
2952 1640 3169 1697 oriundi
3205 1645 3357 1701 sint:
3393 1664 3625 1717 quorum

2052 1719 2282 1788 quisque
2310 1735 2433 1775 cum
2464 1723 2617 1792 prius
2646 1727 2905 1786 sacerdos
2950 1747 3059 1787 non
3101 1745 3249 1791 esset
3271 1778 3286 1802 ,
3344 1744 3623 1809 posterius

390 1781 832 1870 ἀγενεαλόγητος,
860 1804 957 1857 οὐκ
994 1781 1296 1875 ἔχων-κατα
1327 1809 1424 1881 τήν
1460 1781 1695 1883 ἱστορίαν
1722 1781 1821 1869 οὐκ
1853 1781 1945 1889 ἀρέ

2068 1781 2084 1788 -
2194 1781 2212 1788 -
2465 1781 2482 1792 .
2950 1781 3059 1787 -η-
3105 1781 3286 1802 νην,
3345 1781 3623 1809 rem...“

2053 1811 2345 1881 aliquando
2389 1828 2485 1882 per
2532 1816 2783 1875 homines
2835 1836 3114 1895 unguento
3169 1832 3405 1900 quodam
3451 1838 3625 1891 artiﬁ-

392 1886 492 1958 χὴν
518 1891 759 1962 ἡμερῶν,
793 1894 854 1946 οὐ
896 1893 1039 1967 ζωῆς
1081 1898 1251 1991 τέλος,
1280 1878 1394 1955 ἀλλδ
1422 1904 1538 1958 οὐδὲ
1570 1878 1747 1961 κοινόν
1776 1925 1827 1962 τι
1855 1878 1945 1979 φέ-

2144 1878 2161 1881 -
2389 1878 2406 1882 -
2912 1878 3105 1895 ,γη---
3172 1878 3405 1900 .νη-,η

2052 1903 2203 1960 ciose
2239 1906 2490 1966 confecto
2524 1914 2849 1985 ungebatur,
2891 1925 2947 1972 et
2990 1906 3072 1974 sic
3119 1920 3348 1990 ﬁgurate
3374 1966 3390 1991 ,
3439 1935 3499 1981 ut
3548 1928 3627 1984 ita

393 1995 502 2048 ρων
552 1982 686 2052 πρὸς
737 1984 828 2037 τὸν
872 1986 969 2056 τῆς
1009 1986 1103 2040 τοῦ
1141 1982 1345 2061 Ἀαρὼν
1390 1994 1686 2068 ἱερωσύνης
1731 1998 1947 2068 τρόπον.

390 2068 527 2160 Οὔτε
563 2071 671 2143 γὰρ
713 2075 803 2127 ὑπ’
842 2076 1141 2149 ἀνθρώπων
1175 2082 1374 2154 ᾕρητο,
1416 2087 1515 2140 οὐκ
1556 2088 1720 2160 ἐλαίῳ
1760 2107 1952 2145 σκευα-

388 2159 498 2234 στῷ
530 2162 814 2233 κέχριστο,
849 2169 911 2221 οὐ
945 2168 1020 2241 (1)
1045 2172 1202 2240 γένος
1246 2171 1313 2246 ἦν
1358 2176 1467 2230 τῶν
1503 2180 1635 2249 μηδὲ
1680 2159 1954 2250 φανέντων

383 2265 471 2348 πω
488 2266 503 2279 ‘
550 2253 644 2307 καὶ
700 2254 762 2310 τὸ
811 2259 1025 2315 πάντων
1072 2279 1138 2331 γε
1182 2265 1637 2337 παραδοξότατον,
1691 2271 1772 2329 ὅτι
1821 2277 1956 2348 μηδὲ

379 2338 480 2413 τὴν
534 2343 712 2416 σάρκα
768 2352 1163 2422 περιτέτμητο,
1217 2355 1312 2407 καὶ
1362 2356 1514 2428 ὅμως
1559 2357 1649 2414 τὸν
1710 2338 1955 2437 Ἀϐρααμ

381 2433 594 2504 εὐλογεῖ
614 2475 629 2500 ,
686 2440 838 2494 ὼσὰν
905 2443 1040 2498 πολὺ
1105 2444 1367 2517 κρείττων
1434 2452 1598 2507 αὐτοῦ
1651 2433 1952 2528 τυγχάνων.

393 2523 553 2579 mm
611 2529 734 2583 οὐδὲ
786 2530 995 2598 θυσίαις
1049 2535 1145 2591 και
1197 2541 1445 2607 σπονδαῖς
1491 2544 1569 2617 τῷ
1618 2523 1823 2619 mea.
1880 2551 1955 2602 ίε-

383 2618 515 2713 ρᾷτο
543 2618 681 2691 Θεῷ,
720 2623 840 2676 οὐδὲ
888 2625 994 2696 μὴν
1046 2632 1201 2706 παρὰ
1248 2634 1326 2706 τῷ
1369 2638 1427 2690 ὲν
1471 2618 1817 2712 Ἰερουσαλὴμ
1844 2641 1954 2713 ναῷ

378 2707 477 2804 τήν
496 2708 844 2804 λειτουργίαν
885 2716 1147 2785 ὲξετέλευ
1199 2728 1317 2793 πῶς
1360 2729 1469 2802 γὰρ
1510 2707 1587 2803 τῷ
1636 2707 1953 2804 μηδέ-ὅντιτῖ

376 2797 741 2898 Είκ-ότωςοῦν,
765 2809 887 2864 ἐπεὶ
921 2816 1014 2868 καὶ
1027 2816 1106 2887 τῷ
1123 2797 1379 2892 ἡμετέρῳ
1393 2797 1602 2895 Σωτῆρι
1616 2797 1950 2898 ’τῷ-Χριστῷ,

374 2891 529 2991 οὐδὲν
563 2897 662 2991 μὲν
701 2899 780 2972 τῷ
819 2904 1025 2979 Ἀαρὼν
1068 2891 1305 2983 ἐμφερὲς
1335 2891 1947 2991 ἔμελλε-συμϐήσεσθαι.

377 2985 679 3085 ρῦτεγὰρ
738 2997 810 3070 μὴ
855 2997 931 3054 ὢν
974 3003 1275 3078 πρότερον,
1324 3008 1550 3082 ὕστερόν
1597 2985 1737 3065 ποθ’.
1774 3015 1951 3085 ἱερεὺς

374 3079 780 3174 αναδέδεικται,
835 3094 930 3147 καὶ
987 3095 1164 3167 ἱερεὺς
1208 3100 1269 3153 οὐ
1320 3079 1634 3174 γενόμενος,
1677 3079 1947 3161 ἀλλάίῶνς

2052 1996 2269 2068 dicam,
2297 2010 2352 2058 et
2386 2019 2483 2073 per
2509 2007 2665 2077 signa
2696 2009 2941 2079 quaedam
2964 2051 2979 2075 ,
3014 2011 3372 2072 adumbratus
3401 2020 3625 2088 quidam

2022 2080 2107 2148 ‘et
2135 2090 2496 2164 imaginarius
2522 2097 2778 2155 Christus
2806 2100 3139 2158 efﬁciebatur
3168 2123 3181 2158 ε
3217 2080 3473 2175 praeterea
3501 2118 3624 2165 tan-

2008 2200 2016 2208 ·
2053 2199 2216 2253 quam
2248 2185 2297 2240 is
2329 2189 2422 2258 qui
2472 2190 2722 2247 mortalis
2758 2201 2937 2259 esset,
2980 2193 3124 2250 haud
3164 2197 3239 2251 ita
3287 2200 3459 2255 multo
3500 2214 3624 2272 post

2056 2277 2426 2333 sacerdotium
2479 2280 2807 2351 deponebat.
2864 2282 3017 2339 Adde
3064 2287 3211 2356 quod
3263 2290 3407 2360 apud
3451 2308 3623 2348 unum

2052 2363 2365 2425 Iudaeorum
2418 2374 2681 2442 populum
2740 2375 3046 2431 sacerdotio
3101 2377 3451 2449 fungebatur,
3512 2400 3623 2439 non

2055 2468 2237 2516 autem
2280 2464 2423 2533 apud
2451 2465 2589 2521 alias
2621 2467 2750 2523 item
2787 2469 3062 2525 nationes.
3104 2469 3291 2542 Neque
3330 2490 3460 2530 vero
3495 2490 3623 2531 cum

2049 2552 2416 2625 jurejurando
2446 2556 2576 2624 Dei,
2610 2560 2679 2615 ad
2708 2560 2874 2615 talem
2923 2560 3257 2619 functionem
3298 2567 3621 2631 accedebat.

2055 2644 2152 2699 sed
2179 2645 2391 2714 judicio
2437 2648 2719 2705 hominum
2752 2650 2974 2707 electus.
3008 2650 3193 2723 itaque
3232 2670 3623 2728 nonnunquam

2054 2734 2217 2792 etiam
2260 2738 2459 2810 aliquis
2502 2756 2571 2796 ex
2613 2742 2722 2799 illis
2766 2744 3020 2802 inventus
3057 2755 3141 2802 est
3180 2747 3275 2801 tali
3317 2749 3624 2805 ministerio

2053 2843 2164 2883 non
2193 2828 2426 2901 dignus,
2460 2833 2649 2902 qualis
2683 2832 2800 2890 Heli
2845 2836 3005 2906 plane
3048 2837 3360 2910 descriptus
3401 2852 3505 2898 est.
3542 2843 3625 2898 Ad

2053 2920 2200 2987 haec,
2245 2932 2405 2980 vetus
2454 2925 2546 2982 ille
2595 2929 2893 2994 sacerdos,
2939 2931 3031 3000 qui
3084 2947 3114 2986 a
3159 2931 3307 2989 Mose
3332 2933 3623 2991 institutus

2048 3013 2261 3083 fuerat,
2289 3033 2356 3073 ex
2388 3018 2505 3074 sola
2532 3019 2682 3075 tribu
2711 3020 2840 3077 Levi
2873 3023 2997 3095 eligi
3029 3032 3279 3095 poterat:
3322 3034 3377 3082 ει
3401 3035 3626 3097 Oporte-

2052 3108 2152 3163 bat
2197 3110 2424 3164 omnino
2453 3111 2605 3165 illum
2644 3127 2826 3179 genus
2869 3131 3089 3186 quoque
3125 3117 3342 3172 trahere
3387 3117 3454 3173 de
3492 3134 3621 3174 suc-

375 3173 712 3286 prasxtéov
749 3185 857 3258 γὰρ
901 3189 1175 3262 ἐπιμελῶς
1204 3193 1310 3265 τῷε
1359 3216 1378 3249 ι
1415 3173 1487 3251 Σγὺ
1519 3201 1697 3273 ἱερεὺς
1742 3206 1821 3266 εἰς
1858 3205 1945 3258 τὸν

2055 3200 2306 3256 cessione
2362 3203 2536 3272 ipsius
2588 3202 2774 3259 Aaron
2800 3245 2814 3269 ,
2873 3206 3268 3278 sacriﬁciisque
3333 3209 3620 3264 brutorum

373 3267 567 3359 αἰῶνα.
611 3291 631 3325 ι
670 3275 744 3329 Οὐ
778 3277 887 3351 γὰρ
918 3281 1036 3353 ἔσῃ,
1063 3286 1214 3357 φησὶ,
1251 3287 1323 3359 μὴ
1363 3288 1437 3344 ὢν
1475 3267 1675 3347 πάλαιο
1698 3294 1817 3348 ’ἀλλ’
1838 3297 1948 3350 οὐδ’

375 3353 520 3460 ἦσθα
551 3365 650 3435 μὲν
672 3369 872 3438 πάλαι,
896 3372 992 3427 νῦν
1021 3353 1081 3429 δὲν
1103 3353 1183 3430 οὔ·
1204 3353 1339 3434 ἀλλᾶ
1362 3384 1509 3454 παρὰ
1531 3383 1625 3438 τοῦ
1654 3388 1944 3460 φήσαντος,

377 3471 402 3505 ί
459 3455 599 3526 Ἐγώ
621 3462 734 3533 εἰμι
759 3466 787 3517 6
813 3462 908 3530 ὢν,
951 3485 971 3518 ι
1011 3469 1076 3522 σὺ
1104 3465 1188 3537 εἴ,
1216 3474 1309 3526 καὶ
1340 3475 1520 3546 ἱερεὺς
1541 3480 1625 3542 εἰς
1774 3482 1946 3538 αἰῶνα

373 3546 664 3648 διαμένεις.
714 3555 864 3648 Ἐπεὶ
893 3553 986 3614 οὖν
1011 3561 1134 3616 οὔτε
1166 3566 1273 3619 ἀπὸ
1291 3569 1489 3639 ’χρόνου
1516 3575 1617 3643 τῆς
1649 3575 1946 3648 ἱερωσύνης

373 3638 676 3736 ςπήρξατο,
709 3646 832 3702 οὔτε
864 3652 929 3706 ἐκ
954 3654 1127 3726 φυλῆς
1156 3638 1464 3730 ἱερωμένων
1495 3664 1523 3717 6
1549 3638 1801 3736 Ῐξριστὸς,
1825 3638 1944 3723 οὐδε

370 3729 458 3828 δια
491 3740 791 3794 σκευαστοῦ
831 3744 924 3797 καὶ
957 3750 1268 3817 σωματικοῦ
1294 3729 1474 3806 ελαίου
1504 3729 1796 3828 κέχριστο,
1824 3760 1943 3814 οὐδὲ

369 3823 522 3919 τέλος
548 3829 690 3894 ἕξειν
720 3831 912 3904 ἔμελλε
942 3839 1042 3910 τῆς
1068 3842 1373 3915 ’ἱερωσύνης
1391 3886 1406 3911 ,
1445 3823 1773 3919 οὐδὲνμόνοις
1812 3854 1940 3906 Ἰου-

368 3915 556 4011 δαίοις,
584 3922 721 3977 ἀλλὰ
732 3925 831 3979 καλ⁸
849 3930 1011 3985 πᾶσιν
1031 3930 1207 3987 ἔθνεσι
1242 3915 1674 4011 καταστήσεσθαι
1697 3960 1710 3973 ·
1737 3915 1942 4000 τούτων

368 4006 530 4065 ἕνεκα
560 4013 783 4070 πάντων
808 4020 1033 4086 εἰκότως
1051 4023 1212 4079 αὐτὸν
1234 4021 1333 4099 τῆς
1360 4006 1626 4098 μὲνκατὰ
1651 4033 1743 4086 τὸν
1769 4034 1940 4090 τύπον

379 4100 590 4197 Ἀαρὼν
627 4106 966 4183 λειτουργίας
1007 4114 1365 4185 ἀπαλλάττει,
1400 4123 1542 4177 κατὰ
1571 4123 1669 4197 τὴν
1699 4113 1851 4194 τάξιν
1882 4128 1939 4181 δὲ

361 4190 700 4286 μελχισεδὲκ
728 4203 888 4275 ’ἱερέα
932 4207 1095 4277 φησὶν
1134 4208 1372 4266 ἔσεσθαι.
1413 4214 1523 4268 Καὶ
1554 4190 1711 4286 τόγε
1739 4190 1938 4274 ἀποτέ-

363 4282 541 4379 λεσμα
579 4290 673 4344 τοῦ
727 4298 976 4366 χρησμοῦ
1026 4298 1326 4372 θαυμάσιον
1371 4282 1682 4379 συνορῶντιή,
1720 4311 1869 4376 ὅπως
1910 4315 1939 4366 6

573 4384 730 4455 ήμῶν
761 4387 968 4458 Ἰησοῦς
984 4394 1013 4445 6
1033 4394 1263 4466 Χριστὸς
1284 4397 1376 4451 τοῦ
1402 4375 1560 4466 θεοῦ,
1577 4403 1654 4474 τῷ
1676 4404 1768 4458 τοῦ
1797 4375 1940 4460 Μελ-

360 4469 577 4565 χισεδξκ
596 4476 783 4548 τρόπῳ
806 4480 873 4534 τὰ
898 4481 994 4559 τῆς
1022 4484 1080 4536 ὲν
1105 4485 1411 4558 ἀνθρώποις
1442 4469 1751 4565 ἱερουργίας
1770 4497 1935 4550 εἰσέτι

2052 3292 2369 3347 animalium
2415 3301 2470 3348 et
2510 3296 2831 3361 cruoribus,
2879 3301 3261 3369 corporalique
3298 3300 3622 3357 adoratione

2050 3384 2131 3440 rei
2160 3385 2359 3441 divinae
2391 3386 2683 3444 inservire.
2714 3388 2786 3442 At
2813 3405 2943 3445 vero
2963 3431 2978 3455 ,
3025 3393 3118 3462 qui
3150 3391 3508 3450 Melchisedec
3535 3402 3623 3451 est

2047 3478 2394 3543 nominatus,
2427 3479 2574 3549 quod
2604 3496 2804 3535 nomen
2827 3471 2893 3536 in
2926 3492 3169 3538 nostram
3206 3484 3440 3555 linguam
3485 3502 3619 3541 con-

2045 3585 2272 3627 versum
2295 3610 2311 3634 ,
2351 3586 2531 3641 regem
2572 3571 2799 3640 iustitiae
2827 3573 3138 3644 signiﬁcat,
3176 3583 3235 3632 ἐι
3266 3578 3366 3647 qui
3396 3577 3498 3632 fuit
3524 3593 3622 3634 rex

2049 3660 2265 3724 Salen],
2298 3660 2443 3730 quod
2475 3662 2656 3730 ipsum
2684 3663 2812 3717 item
2842 3663 2944 3726 sit,
2992 3680 3086 3721 rex
3125 3665 3313 3735 pacis,
3361 3668 3480 3723 sine
3521 3684 3612 3740 pa-

2044 3759 2161 3818 tre,
2203 3752 2322 3807 sine
2363 3760 2570 3817 matre,
2613 3753 2735 3809 sine
2778 3755 2996 3823 generis
3033 3757 3207 3824 serie,
3249 3772 3359 3812 non
3407 3758 3621 3815 habens

2044 3845 2102 3900 in
2146 3844 2417 3911 historia,
2475 3861 2654 3916 neque
2698 3846 2919 3902 initium
2966 3847 3215 3913 dierum,
3270 3865 3448 3920 neque
3495 3852 3620 3907 vitae

2045 3936 2241 4003 ﬁnem,
2273 3952 2338 3991 ac
2379 3953 2450 3993 ne
2486 3937 2732 3994 referens
2778 3938 3000 4009 quidem
3045 3954 3169 3994 cum
3212 3940 3397 3996 Aaron
3429 3956 3618 3997 sacer-

2042 4029 2178 4089 dotii
2221 4028 2331 4083 ritu
2363 4043 2659 4085 commune
2687 4029 2987 4101 quidquam
3023 4031 3321 4087 invenitur.
3351 4030 3488 4086 Nam
3520 4048 3614 4088 ne-

2042 4136 2149 4192 que
2179 4121 2249 4176 ab
2276 4120 2596 4176 hominibus
2624 4122 2832 4178 eleCtus
2863 4120 3079 4187 fuerat,
3110 4136 3289 4192 neque
3317 4122 3440 4177 oleo
3463 4136 3617 4177 com-

2041 4212 2222 4283 posito
2250 4218 2448 4268 unctus
2468 4251 2483 4276 ,
2514 4227 2691 4282 neque
2717 4211 2785 4267 de
2815 4228 3012 4282 genere
3035 4212 3253 4268 illorum
3278 4213 3458 4269 editus
3478 4255 3492 4278 ,
3521 4216 3614 4284 qui

2040 4305 2285 4361 nondum
2306 4306 2665 4361 exstiterant:
2686 4313 2740 4360 et
2760 4303 2908 4375 quod
2923 4305 3165 4360 omnium
3186 4304 3421 4361 maxime
3447 4306 3621 4361 admi-

2038 4396 2214 4452 rabile
2240 4389 2356 4463 est,
2387 4411 2458 4450 ne
2484 4410 2713 4465 corpore
2744 4395 2964 4465 quidem
2995 4402 3113 4450 erat
3141 4396 3532 4462 circumcisus,
3564 4406 3619 4452 et

2038 4496 2223 4543 tamen
2249 4488 2355 4558 ipsi
2379 4487 2655 4542 Abraham
2684 4486 2993 4552 benedicit,
3027 4494 3289 4557 tanquam
3319 4488 3368 4544 is
3394 4488 3487 4559 qui
3521 4489 3616 4542 illo

360 4561 456 4615 καὶ
475 4563 569 4618 νῦν
596 4566 686 4621 διὰ
716 4569 822 4623 τῶν
852 4572 1017 4627 αὐτοῦ
1051 4575 1398 4651 θεραπευτῶν
1430 4561 1684 4640 ἐπιτελεῖ.
1723 4587 1936 4661 ’Ὠσπερ

2046 4582 2115 4634 sit
2141 4584 2303 4651 longe
2328 4578 2698 4649 praestantior.
2743 4576 2900 4633 Adde
2931 4578 3078 4647 quod
3118 4592 3298 4649 neque
3327 4577 3616 4633 sacriﬁciis

366 4653 470 4725 γὰρ
493 4658 717 4751 εκεῖνος,
744 4664 931 4735 ’ἱερεὺς
956 4665 1126 4722 ἐθνῶν
1145 4672 1445 4743 τυγχάνων,
1480 4677 1716 4750 οὐδαμοῦ
1749 4653 1935 4751 φαίνεί-

310 4742 325 4752 '
362 4757 453 4844 rat
491 4747 699 4844 θυσῖαις
736 4763 1075 4827 σωματικαῖς
1109 4767 1476 4836 κεχρημένος,
1513 4742 1640 4841 οῐνιρ
1679 4770 1737 4824 δὲ
1760 4742 1934 4844 ’μόνῳ

361 4834 475 4937 «cui.
487 4837 635 4911 ἄρτῳ
651 4845 743 4937 τὸν
787 4850 1036 4925 Ἀϐραὰμ
1064 4834 1318 4926 εὐλογῶ,
1344 4860 1434 4914 τὸν
1459 4834 1622 4916 αιτδᾴ
1646 4863 1710 4936 δὴ
1732 4834 1932 4937 τρόπον

739 4938 903 5004 αὐτὸς
923 4945 952 4996 6
975 4945 1169 5020 Σωτὴρ
1194 4950 1288 5002 καὶ
1307 4950 1510 5023 Κύριος
1740 4927 1930 5012 ἔπειτα

358 5019 407 5071 οἱ
451 5017 511 5084 ἐξ
545 5022 709 5121 αὑτοῦ
745 5027 943 5121 πάντες
981 5017 1146 5110 ἱερεῖς
1188 5040 1293 5096 ἀνὰ
1331 5017 1508 5096 πάντα
1555 5017 1626 5099 τὰ
1661 5017 1788 5119 ἔθνη
1832 5048 1931 5121 τὴν

357 5114 730 5208 πνευματικὴν
751 5119 1123 5193 ἐπιτελοῦντες
1143 5131 1282 5185 κατὰ
1302 5134 1428 5198 τοὺς
1447 5114 1932 5208 ὲκκλησιαστίκούς

357 5195 591 5299 θεσμοὺς
625 5205 958 5299 ίερουργίαν,
984 5215 1112 5289 οἴνῳ
1142 5220 1238 5275 καὶ
1264 5195 1418 5296 ἄρτῷ
1435 5264 1451 5289 ,
1485 5225 1576 5279 τοῦ
1593 5195 1653 5280 τε
1683 5195 1931 5299 σώματος

355 5290 521 5392 αὐτοῦ
553 5295 648 5349 καὶ
665 5298 767 5392 τοῦ
795 5305 1065 5376 σωτηρίου
1099 5290 1329 5381 αἵματος
1360 5290 1682 5372 αἰνίττονται
1718 5290 1788 5374 τα
1829 5290 1930 5392 μυ·ἰ

357 5383 572 5482 inﬁma,
589 5388 693 5482 τοῦ
719 5392 1053 5465 Μελχισεδὲκ
1079 5400 1251 5455 ταῦτα
1274 5403 1545 5476 πνεύματι
1575 5408 1704 5481 θείῳ
1728 5383 1926 5482 προτει-

355 5474 691 5551 θεωρηκότος
708 5522 723 5547 ,
756 5487 851 5539 καὶ
881 5487 987 5542 τῶν
1022 5491 1321 5562 μελλόντων
1361 5474 1481 5563 ταῖς
1512 5474 1685 5555 εἰκόσι
1724 5474 1927 5576 προκε-

354 5571 625 5640 χρημένου
644 5614 659 5638 ,
685 5576 761 5640 ὡς
783 5578 816 5647 ή
838 5579 1078 5646 Μωσέως
1124 5585 1313 5658 Γραφὴ
1343 5595 1628 5662 μαρτυρεῖ,
1669 5571 1924 5663 λέγουσα·

358 5678 378 5711 ι
414 5663 523 5718 Καὶ
553 5667 884 5738 Μελχισεδὲκ
917 5672 1169 5747 βασιλεὺς
1200 5678 1388 5753 Σαλήμ
1413 5681 1703 5757 ἐξήνεγκεν
1727 5690 1925 5763 ἄρτους

419 5782 464 5812 ’ί
494 5782 665 5844 Exod.
691 5803 776 5853 ιιι,
809 5790 898 5846 14.

422 5871 499 5946 (1)
529 5876 625 5935 06.
652 5881 807 5940 Anne
834 5879 931 5941 ob?
958 5887 1115 5945 Enn.

2038 4688 2218 4743 neque
2245 4670 2598 4727 libationibus
2620 4708 2638 4736 ,
2683 4669 2953 4727 altissimo
2976 4671 3088 4728 Deo
3126 4673 3475 4743 operabatur,
3514 4685 3615 4726 ne-

2043 4780 2150 4836 que
2172 4778 2304 4820 vero
2329 4765 2384 4819 in
2409 4764 2617 4834 templo
2637 4765 2786 4834 quod
2813 4763 3210 4834 Hierosolymis
3235 4771 3418 4827 esset,
3450 4776 3612 4817 suum

2038 4873 2243 4912 munus
2269 4856 2455 4911 obibat
2479 4872 2492 4910 :
2521 4856 2613 4927 qui
2640 4857 2787 4912 enim
2813 4857 2871 4912 in
2895 4871 2983 4921 eo,
3015 4855 3162 4926 quod
3189 4854 3431 4909 nondum
3459 4854 3616 4909 erat?

2037 4949 2199 5020 223
2231 4948 2298 5002 Et
2327 4947 2525 5003 merito
2574 4950 2739 5013 sane,
2776 4948 2999 5019 quando
3026 4962 3098 5002 ne
3148 4955 3337 5002 nostro
3389 4944 3612 5015 quidem

2037 5041 2311 5098 Salvatori
2361 5041 2582 5097 Christo
2602 5081 2618 5107 ,
2650 5049 2979 5113 eventurum
3011 5040 3309 5111 quidquam
3344 5045 3465 5093 erat
3506 5037 3612 5106 ipsi

2032 5135 2216 5190 Aaron
2268 5133 2468 5190 simile.
2511 5131 2648 5188 Nam
2690 5148 2870 5203 neque
2899 5130 2995 5202 qui
3043 5130 3198 5202 prius
3223 5144 3334 5184 non
3391 5126 3608 5193 fuisset,

2033 5227 2308 5298 posterius
2335 5233 2420 5282 est
2455 5225 2752 5297 aliquando
2770 5222 3039 5281 sacerdos
3056 5221 3369 5277 declaratus
3394 5236 3409 5286 ;
3433 5235 3614 5290 neque

2032 5320 2081 5375 is
2128 5318 2221 5390 qui
2244 5317 2545 5374 exstitisset
2597 5317 2892 5382 sacerdos,
2923 5313 3020 5371 sed
3055 5313 3147 5384 qui
3178 5318 3281 5367 est.
3312 5308 3612 5382 Diligenter

2035 5412 2181 5468 enim
2214 5411 2610 5468 attendendum
2638 5419 2723 5466 est
2770 5408 2905 5464 illud
2939 5426 2955 5462 :
3008 5424 3027 5457 ι
3059 5404 3140 5460 Tu
3164 5420 3224 5460 es
3260 5404 3521 5460 sacerdos
3554 5404 3611 5458 in

2034 5512 2320 5561 aeternum.
2350 5523 2369 5556 ›
2402 5502 2523 5559 Non
2553 5503 2721 5567 enim,
2758 5503 2890 5567 eris,
2916 5501 3016 5567 ait,
3042 5499 3136 5570 qui
3171 5498 3303 5552 olim
3328 5512 3437 5552 non
3484 5496 3605 5551 fue-

2033 5600 2136 5664 ris,
2160 5612 2226 5653 ac
2255 5612 2325 5652 ne
2353 5595 2505 5652 fuisti
2535 5595 2754 5666 quidem
2785 5599 2967 5657 antea,
2998 5605 3144 5647 nunc
3178 5600 3357 5653 autem
3382 5604 3492 5644 non
3525 5605 3611 5651 es,

2038 5691 2134 5750 sed
2162 5691 2231 5747 ab
2254 5705 2320 5747 eo
2347 5690 2441 5760 qui
2466 5688 2624 5753 dixit,
2663 5703 2683 5737 ι
2717 5684 2831 5757 Ego
2862 5701 2983 5741 sum
3014 5686 3107 5757 qui
3138 5685 3346 5749 sum“,
3383 5701 3402 5736 ι
3438 5691 3496 5739 ιιι
3526 5696 3612 5749 ea.
