4110 6422
501 380 609 437 567

1134 380 1399 436 EUSEBII
1439 378 1919 435 C/ESARI‘ENSIS
1956 379 2106 436 OPP.
2148 380 2329 436 PARS
2367 380 2429 437 ll.
2465 411 2537 424 -
2571 380 3069 439 APOLOGICTICA.

3625 389 3730 444 368

500 505 554 552 et
582 497 840 553 sacerdos
870 500 925 553 in
958 507 1216 552 aeternum
1250 510 1558 567 permanes.
1585 495 1855 562 Quoniam
1892 498 2059 568 igitur

2162 502 2255 555 καὶ
2288 497 2447 556 οἶνον.
2483 497 2590 556 Ἦν
2627 502 2682 555 δὲ
2721 503 2899 575 ἱερεὺς
2930 503 3023 556 τοῦ
3055 502 3190 557 Θεοῦ
3224 503 3316 558 τοῦ
3350 505 3569 575 ὑψίστου
3589 548 3604 571 ,
3638 511 3734 565 καὶ

498 604 675 659 neque
701 605 730 643 a
755 599 1017 661 tempore,
1045 588 1338 644 sacerdotii
1373 588 1589 642 initium
1616 591 1848 660 accepit,
1884 605 2060 661 neque

497 684 565 738 de
597 681 739 735 tribu
796 680 1141 735 sacerdotum
1198 686 1423 733 exortus
1452 687 1537 734 est
1559 678 1833 745 Christus,
1885 697 2062 751 neque

496 774 792 832 artiﬁciose
815 774 1083 829 instructo
1118 773 1503 844 corporalique
1531 774 1651 828 oleo
1676 775 1959 839 inunctus,
1993 790 2063 830 ne

496 870 659 924 ﬁnem
690 867 910 937 quidem
945 866 1098 921 illum
1127 868 1424 921 sacerdotii
1454 877 1538 923 est
1572 869 2063 938 habiturus,neque

495 962 623 1015 item
643 960 777 1014 solis
820 957 1048 1021 Iudaeis,
1084 958 1180 1014 sed
1203 959 1463 1015 omnibus
1500 961 1759 1031 gentibus
1797 961 2065 1017 constitu~

493 1051 691 1107 endus.
752 1049 983 1122 Pr0pter
1016 1054 1131 1107 haec
1184 1056 1368 1106 omnia
1389 1094 1405 1118 ,
1437 1054 1633 1111 merito
1660 1055 1812 1107 illum
1841 1069 1871 1107 a
1902 1055 2065 1108 mini-

495 1146 662 1201 sterio
686 1145 870 1200 Aaron
920 1146 1134 1210 liberat,
1161 1147 1305 1216 quod
1355 1147 1582 1218 ﬁguram
1616 1150 1861 1217 gerebat,
1890 1154 1945 1201 et
1977 1162 2065 1202 sev-

493 1237 732 1292 cundum
763 1236 1009 1293 ordinem
1038 1236 1398 1293 Melchisedec
1431 1238 1771 1294 sacerdotem
1818 1239 2062 1293 futurum

492 1328 741 1383 allirmat.
776 1327 841 1381 Et
882 1344 1013 1383 sane
1055 1330 1261 1384 oraculi
1291 1330 1472 1384 exitus
1522 1330 1861 1385 admirabilis
1888 1331 1937 1386 ei
1969 1331 2063 1401 qui

492 1420 889 1489 contempletur
940 1420 1396 1490 quemadmodum
1455 1419 1703 1477 Salvator
1757 1430 1942 1477 noster
1972 1422 2063 1477 Je-

494 1527 610 1575 sus,
645 1513 738 1581 qui
762 1523 846 1567 est
872 1495 1123 1567 Christus
1160 1511 1275 1576 Dei,
1301 1513 1474 1582 ipsius
1534 1512 1893 1568 Mclchisedec
1924 1515 2057 1579 ritu,

496 1620 561 1659 ea
588 1620 710 1675 qua:
731 1605 799 1660 ad
826 1604 1190 1661 sacerdotium
1214 1606 1267 1658 in
1291 1605 1602 1661 hominibus
1628 1607 1921 1675 gerendum
1939 1623 2065 1679 spe-

493 1705 664 1761 ctant,
697 1712 794 1766 per
821 1710 952 1752 suos
1007 1696 1289 1753 ministros
1340 1698 1605 1766 perﬁciat.
1638 1696 1772 1751 Nam
1802 1700 2065 1768 quemad-

493 1786 716 1841 modum
747 1787 837 1843 ille
877 1791 971 1856 qui
1026 1786 1284 1842 sacerdos
1312 1788 1552 1857 gentium
1585 1797 1734 1853 erat,
1790 1805 2060 1861 nusquam

492 1877 710 1934 videtur
766 1878 1055 1934 sacriﬁciis
1109 1878 1486 1948 corporalibus
1530 1878 1774 1943 functus,
1805 1882 1901 1936 sed
1934 1882 2063 1938 vino

492 1970 610 2024 solo
637 1977 691 2024 et
732 1984 888 2040 pane,
916 1969 1046 2023 dum
1067 1970 1171 2039 ipsi
1198 1969 1476 2024 Abraham
1502 1962 1815 2037 benedicit,
1836 1974 1910 2025 ita
1934 1991 2065 2031 sane

490 2062 701 2133 primus
731 2063 846 2132 ipse
873 2061 1127 2117 Salvator
1155 2077 1220 2117 ac
1264 2062 1526 2118 Dominus
1581 2076 1768 2118 noster
1795 2103 1812 2129 ,
1865 2065 2065 2121 deinde

490 2155 582 2224 qui
618 2154 687 2210 ab
727 2155 846 2224 ipso
898 2153 1129 2225 profecti
1163 2166 1311 2220 sunt,
1366 2157 1676 2211 sacerdotes
1708 2158 1763 2211 in
1808 2160 2064 2216 omnibus

489 2244 763 2314 gentibus,
822 2244 1108 2315 spirituale
1141 2246 1443 2302 secundum
1503 2249 1907 2304 ecclesiasticas
1937 2265 2066 2306 san-

490 2337 701 2390 ctiones
753 2335 1046 2392 sacerdotii
1088 2352 1288 2393 munus
1329 2339 1616 2401 obeuntes,
1644 2340 1775 2394 vino
1808 2355 1870 2393 ac
1902 2356 2061 2411 pane,

489 2434 543 2480 et
568 2424 816 2496 corporis
847 2426 998 2481 illius
1022 2437 1077 2487 et
1102 2426 1360 2483 salutaris
1389 2429 1675 2498 sanguinis
1688 2430 1953 2500 mysteria
1972 2447 2063 2486 re-

490 2525 843 2589 praesentant,
891 2533 1013 2587 quae
1040 2533 1172 2574 sane
1202 2519 1466 2590 mysteria
1522 2519 1883 2578 Mclchisedec
1912 2531 2065 2580 tanto

488 2617 616 2663 ante
647 2608 840 2679 spiritu
871 2596 1055 2664 divino
1086 2619 1434 2680 cognoverat,
1466 2621 1520 2667 et
1549 2627 1728 2667 rerum
1756 2612 2062 2669 futurarum

488 2699 816 2770 imaginibus
839 2715 971 2755 usus
997 2700 1194 2764 fuerat,
1220 2702 1362 2755 sicut
1388 2701 1551 2756 etiam
1578 2701 1745 2759 Mosis
1767 2702 2056 2773 Scriptura

488 2790 832 2855 tcStiﬁeatur,
863 2790 955 2846 ubi
990 2791 1067 2844 ait
1103 2810 1116 2846 :
1159 2808 1177 2841 ι
1219 2789 1284 2843 Ει
1311 2789 1671 2846 Melchisedcc
1712 2808 1806 2848 rex
1856 2792 2063 2859 Salem,

488 2882 717 2952 protulit
745 2895 915 2951 panes
965 2887 1020 2935 et
1068 2880 1277 2936 vinum.
1306 2878 1437 2934 Erat
1468 2889 1650 2936 autem
1678 2882 1938 2937 sacerdos
1970 2882 2061 2939 Dei

489 2970 767 3037 altissimi,
801 2978 855 3027 et
904 2971 1185 3026 benedixit
1210 2972 1482 3027 Abraham
1508 2974 1576 3027 ²².
1621 2992 1640 3023 ι
1678 2971 1872 3029 Merito
1899 2974 2064 3045 igitur

487 3070 544 3117 et
577 3076 702 3116 cum
724 3060 1090 3131 jurisjurandi
1126 3062 1432 3132 adjectione
1453 3103 1469 3129 ,
1505 3065 1600 3119 uni
1647 3066 1697 3120 ei
1729 3065 1798 3121 de
1826 3082 1935 3136 quo
1972 3066 2061 3122 hic

2163 592 2421 664 εὑλόγησε
2444 593 2533 648 τὸν
2571 595 2833 667 Ἀϐραάμ.
2868 615 2885 647 ι
2924 596 3162 660 Εἰκότως
3182 592 3274 651 οὖν
3306 599 3399 651 καὶ
3435 600 3553 670 μεθ’
3569 601 3730 673 ὅρκου

2163 684 2525 756 παραλήψεως
2559 686 2704 757 μόνῳ
2737 686 2813 756 τῷ
2856 686 3168 759 δηλουμένῳ
3204 706 3222 739 ι
3264 687 3443 759 ῶμοσε
3473 691 3674 763 Κύριος
3703 697 3734 749 6

2161 776 2313 838 Θεὸς,
2332 776 2427 829 καὶ
2453 779 2513 830 οὑ
2533 778 3058 849 μεταμεληθήσεται⁹
3076 780 3149 835 Σὺ
3161 777 3229 847 εἴ,
3262 801 3279 833 ι
3296 782 3489 850 λέγων,
3515 803 3531 833 ι
3558 786 3733 856 ἱερεὺς

2163 868 2242 930 εἰς
2262 868 2352 920 τὸν
2380 868 2570 933 αἰῶνα,
2593 868 2732 925 κατά
2763 870 2860 941 τὴν
2882 869 3033 936 τάξιν
3054 870 3402 943 Μελχισεδέκ.
3428 893 3447 925 ι
3469 875 3734 931 Ἐπάκου-

2165 975 2254 1013 σον
2288 959 2345 1012 δὲ
2378 954 2465 1013 οἷα
2492 962 2585 1015 καὶ
2614 962 2740 1033 περὶ
2760 962 2924 1016 τῶνδε
2950 964 2978 1015 6
3021 965 3339 1030 Ἀπόστολός
3361 985 3543 1038 φησιν·
3573 987 3593 1020 ¢
3644 969 3734 1027 Ἐν

2161 1043 2205 1118 ᾧ
2229 1091 2244 1113 ,
2291 1054 2673 1125 περισσότερον
2720 1054 3041 1125 βουλόμενος
3088 1059 3117 1109 6
3151 1057 3283 1122 Θεὺς
3325 1060 3587 1123 ἐπιδεῖξαι
3621 1065 3733 1127 τοῖς

2162 1143 2516 1215 κληρονόμοις
2547 1146 2647 1215 τῆς
2673 1146 2940 1215 βασιλείας
2964 1147 3024 1200 τὸ
3051 1149 3380 1218 ἀμετάθετον
3412 1152 3508 1221 τῆς
3538 1152 3734 1224 βουλῆς

2162 1235 2363 1299 αὑτοῦ,
2398 1238 2748 1307 ἐμεσίτευσεν
2786 1238 2964 1309 ὅρκῳ,
3018 1239 3103 1293 ἵνα
3135 1239 3222 1292 διὰ
3263 1239 3355 1292 δύο
3393 1242 3733 1312 πραγμάτων

2163 1327 2534 1398 ἀμεταθέτων,
2567 1330 2625 1383 ἐν
2657 1324 2739 1393 οἷς
2771 1330 3029 1385 ἀδύνατον
3060 1330 3360 1401 ψεύσασθαι
3391 1331 3542 1397 Θεὸν,
3581 1335 3729 1402 ίσγυ-

2166 1421 2266 1490 ράν
2293 1421 2635 1492 παράκλησιν
2668 1421 2876 1491 ἔχωμεν
2907 1424 2957 1475 οἱ
2993 1423 3501 1494 προκαταφυγόντες
3527 1424 3734 1495 κρατῆο

2166 1528 2253 1565 σαι
2276 1512 2376 1582 τῆς
2409 1512 2771 1582 προκειμένης
2797 1512 3027 1576 ἐλπίδος.
3066 1532 3084 1563 ι
3125 1515 3229 1566 Καὶ
3250 1514 3498 1584 ἐπιφέρει
3523 1512 3731 1581 λέγων’

2169 1623 2187 1656 ι
2229 1605 2338 1656 Καὶ
2370 1604 2419 1657 οἱ
2456 1604 2553 1674 μὲν
2588 1604 2827 1668 πλείονές
2861 1607 2964 1656 είσι
2996 1605 3277 1673 γεγονότες
3318 1607 3509 1677 ἱερεῖς,
3543 1604 3630 1658 διά
3672 1605 3737 1660 τὸ

2165 1693 2377 1764 θανάτῳ
2399 1693 2701 1747 κωλύεσθαι
2745 1692 3078 1763 παραμένειν
3106 1708 3118 1721 ⁸
3154 1696 3182 1746 6
3214 1693 3268 1746 δὲ
3290 1733 3304 1758 ,
3337 1695 3424 1748 διὰ
3455 1696 3517 1748 τὸ
3552 1694 3737 1771 μένειν

2163 1784 2359 1849 αὐτὸν,
2408 1785 2754 1857 ἀπαράϐατον
2796 1786 2906 1856 ἔχει
2956 1785 3053 1857 τὴν
3093 1786 3407 1857 ἱερωσύνην.
3447 1786 3610 1846 Ὅθεν
3642 1785 3738 1840 καὶ

2096 1872 2135 1925 Β
2167 1878 2355 1942 σώζειν
2393 1880 2472 1941 είς
2497 1879 2555 1931 τὸ
2582 1878 2838 1942 παντελὲς
2870 1879 3086 1933 δύναται
3119 1881 3242 1942 τοὺς
3268 1880 3740 1951 προσερχομένους

2165 1969 2231 2022 δι’
2257 1969 2421 2022 αὑτοῦ
2454 1969 2531 2040 τῷ
2564 1969 2713 2039 Θεῷ,
2761 1969 2991 2024 πάντοτε
3026 1971 3132 2035 ζῶν
3177 1973 3256 2033 εἰς
3291 1970 3350 2023 τὸ
3389 1972 3741 2041 ἐντυγχάνειν

2167 2058 2304 2129 ὑπὲρ
2335 2057 2533 2111 αὑτῶν.
2571 2058 2821 2122 Τοιοῦτος
2845 2060 2951 2130 γὰρ
2985 2061 3115 2130 ἡμῖν
3147 2058 3242 2111 κα)⁸
3275 2057 3511 2130 ἔπρεπεν
3545 2061 3737 2132 ἀρχιε-

2169 2151 2325 2221 ρεὺς,
2365 2151 2541 2215 ὅσιος,
2575 2150 2812 2215 ἄκακος,
2861 2152 3139 2221 ἀμίαντος,
3191 2151 3589 2223 κεχωρισμένος
3625 2150 3735 2206 ἀπὸ

2164 2241 2269 2295 τῶν
2302 2242 2657 2313 ἁμαρτωλῶν,
2689 2243 2786 2296 καὶ
2815 2242 3137 2313 ὑψηλότερος
3159 2241 3268 2295 τῶν
3298 2241 3538 2315 οὐρανῶν
3573 2244 3729 2311 γενό-

2167 2351 2344 2404 μενος.
2392 2355 2409 2386 ι
2461 2336 2570 2389 Καὶ
2620 2336 2859 2404 ἐπιλέγει
2895 2352 2909 2366 ο
2969 2335 3331 2403 «Κεφάλαιον
3385 2335 3442 2388 δὲ
3478 2334 3574 2387 ἐπὶ
3616 2338 3732 2398 τοῖς

2164 2425 2501 2497 εἰρημένοις,
2552 2424 2789 2478 τοιοῦτον
2833 2424 3027 2496 ἔχομεν
3071 2424 3350 2495 ἀρχιερέα,
3389 2423 3446 2487 ὃς
3482 2422 3735 2476 ἐκάθισεν

2166 2519 2224 2569 ἐν
2263 2516 2413 2586 δεξιᾷ
2466 2516 2566 2586 τῆς
2607 2515 2980 2588 μεγαλοσύνης
3026 2518 3083 2569 ἐν
3121 2516 3362 2587 ὑψηλοῖς,
3409 2514 3519 2569 τῶν
3566 2514 3738 2583 ἁγίων

2164 2607 2492 2680 λειτουργὸς,
2506 2609 2616 2662 ’καὶ
2647 2608 2746 2680 τῆς
2775 2607 2979 2677 σκηνῆς
3006 2608 3102 2677 τῆς
3132 2607 3409 2680 ἀληθινῆς,
3445 2606 3513 2678 ἢν
3538 2605 3740 2676 ἔπηξεν

2164 2701 2192 2754 6
2218 2700 2440 2773 Κύριος,
2459 2699 2895 2772 σῦκ’άνθρωπος.
2935 2720 2953 2751 ι
2985 2698 3166 2752 Ταῦτα
3197 2700 3343 2769 μένὸ
3388 2699 3733 2765 Ἀπόστολος.

2177 2791 2233 2844 '0
2253 2790 2307 2843 δὲ
2335 2788 2544 2860 ψαλμὸς
2567 2789 2792 2853 ὑποὸἀς,
2821 2789 2914 2842 καὶ
2939 2788 2999 2841 τὸ
3024 2787 3190 2852 πάθος
3210 2787 3735 2859 ἐπικεκαλυμμένως

2163 2880 2258 2934 τοῦ
2291 2880 2761 2951 προφητευομένου
2792 2880 2961 2951 δηλοῖ,
2986 2879 3155 2948 λέγων
3175 2895 3187 2908 ’
3230 2897 3249 2930 ι
3302 2879 3397 2932 Ἐκ
3432 2878 3735 2949 χειμάρρου

2162 2973 2221 3025 ἐν
2255 2969 2358 3041 ὁδῷ
2388 2971 2592 3035 πίεται,
2621 2970 2709 3024 διά
2736 2970 2892 3023 τοῦτο
2913 2968 3116 3038 ὑψώσει
3149 2967 3405 3039 κεφαλήν.
3437 2987 3455 3018 ι
3492 2968 3737 3040 Χείμαρο

2163 3065 2255 3132 ρον
2276 3061 2331 3115 δὲ
2356 3062 2444 3114 τὸν
2470 3061 2654 3133 καιρὸν
2675 3060 2781 3114 τῶν
2800 3060 3120 3131 πειρασμῶν
3147 3060 3240 3113 καὶ
3262 3058 3417 3121 ἄλλος
3432 3059 3581 3129 δηλοῖ
3598 3057 3737 3126 ψαλ-

486 3156 701 3223 agimus
736 3153 865 3207 talia
886 3153 1158 3223 promissa
1189 3162 1319 3209 sunt
1348 3174 1360 3209 :
1397 3173 1416 3206 ι
1446 3153 1679 3223 Juravit,
1713 3157 1889 3228 inquit
1914 3197 1927 3222 ,
1962 3156 2060 3213 Do-

2163 3153 2284 3223 μὸί,
2316 3151 2487 3220 λέγων
2514 3168 2559 3204 ἰ
2589 3151 2902 3223 Χειμάρρου
2927 3148 3190 3221 διῆλθενή
3218 3148 3364 3219 ψυχὴ
3394 3147 3570 3219 ἡμῶν.
3599 3150 3740 3218 "Ap:

488 3246 669 3301 minus
690 3243 869 3321 Deus,
902 3253 1089 3301 etnon
1121 3247 1406 3316 paenitebit
1428 3263 1554 3304 eum
1580 3269 1593 3305 :
1622 3258 1680 3303 tu
1711 3264 1770 3304 es
1801 3251 2058 3308 sacerdos

2161 3221 2372 3316 διῆλθεν
2392 3247 2425 3317 ἡ
2448 3245 2594 3316 ψυχὴ
2629 3221 2784 3316 ἡμῶν
2809 3221 2869 3296 τὸ
2907 3243 3049 3315 ὓδωρ
3074 3243 3133 3295 τὸ
3158 3242 3550 3295 ἀνυπόστατον.
3580 3260 3598 3292 ι
3652 3242 3738 3294 Ἐν

487 3352 545 3392 ιη
593 3345 857 3392 aeternum
917 3338 1218 3393 secundum
1289 3340 1536 3395 ordinem
1600 3339 1984 3397 Melchisedec.
2034 3361 2052 3394 ›

485 3427 626 3482 Audi
671 3441 799 3482 vero
825 3426 1006 3497 qualia
1039 3428 1149 3483 sint
1175 3443 1297 3498 qua:
1347 3429 1414 3484 de
1460 3429 1654 3484 iisdem
1692 3431 1858 3486 rebus
1894 3435 2058 3488 etiam

484 3518 779 3588 Apostolus
810 3517 957 3573 dicat
988 3536 1000 3572 :
1033 3538 1050 3570 ι
1078 3517 1138 3574 1n
1172 3534 1279 3590 quo
1304 3519 1673 3577 abundantius
1696 3523 1884 3578 volens
1915 3522 2059 3579 Deus

482 3608 776 3663 ostendere
800 3607 1108 3665 hmredibus
1134 3609 1286 3681 regni
1313 3610 1809 3666 immutabilitatem
1842 3614 2059 3668 consilii

487 3700 594 3765 sui,
620 3699 947 3771 interposuit
994 3700 1383 3771 jusjurandum
1413 3741 1426 3764 ,
1460 3709 1515 3757 ut
1547 3718 1643 3773 per
1675 3702 1811 3760 duas
1840 3720 1925 3759 res
1952 3707 2057 3759 im-

486 3794 776 3851 mutabiles
806 3794 861 3848 in
891 3794 1092 3865 quibus
1116 3794 1457 3863 impossibile
1491 3804 1575 3850 cst
1604 3795 1827 3850 mentiri
1864 3795 2056 3864 Deum,

484 3886 650 3960 224
687 3886 1047 3944 fortissimum
1099 3888 1355 3943 solatium
1419 3886 1754 3952 habeamus,
1804 3888 1898 3959 qui
1928 3904 2062 3944 con-

384 3998 389 4049 ;
483 3978 723 4047 fugimus
751 3977 820 4032 ad
856 3977 1212 4034 obtinendam
1262 3978 1601 4047 propositam
1637 3994 1789 4050 spem
1821 3980 1867 4011 ”
1898 4021 1913 4046 ,
1953 4000 1971 4033 ι
2006 3989 2061 4036 et

486 4067 732 4139 adjungit
761 4086 777 4122 :
818 4086 837 4119 ι
864 4066 928 4123 Ει
966 4068 1058 4122 alii
1088 4068 1309 4139 quidem
1342 4067 1527 4137 plures
1559 4069 1690 4124 facti
1714 4080 1843 4126 sunt
1871 4087 2060 4129 sacer-

483 4158 663 4223 dotes,
695 4158 904 4214 idcirco
931 4159 1077 4230 quod
1107 4170 1281 4215 morte
1316 4162 1743 4231 prohiberentur
1770 4181 2060 4235 permane-

480 4264 586 4305 re:
627 4249 717 4304 hic
753 4257 957 4316 autem,
986 4266 1053 4306 eo
1075 4250 1220 4321 quod
1254 4252 1371 4322 ipse
1394 4261 1634 4319 maneat,
1665 4256 2059 4326 sempiternum

483 4338 649 4394 habet
676 4340 1062 4395 sacerdotium.
1091 4340 1169 4395 Ex
1194 4356 1303 4412 quo
1334 4342 1500 4397 etiam
1538 4359 1758 4400 servare
1789 4346 1845 4401 in
1869 4363 2063 4417 perpe-

482 4436 640 4484 tuum
671 4438 850 4501 potest
901 4432 1223 4489 accedentes
1254 4449 1352 4504 per
1389 4434 1568 4505 ipsum
1605 4435 1672 4490 ad
1700 4437 1891 4504 Deum,
1926 4455 2067 4494 sem-

2158 3334 2236 3407 τῷ
2260 3336 2538 3408 χειμάρρῳ
2552 3335 2728 3391 τοίνυν
2762 3332 2964 3396 πίεται,
2996 3332 3128 3403 φησι
3148 3372 3161 3397 ,
3186 3331 3246 3384 τὸ
3273 3331 3530 3402 ποτήριον
3559 3330 3739 3402 δηλον-

2158 3429 2269 3495 ότι,
2298 3428 2326 3483 6
2360 3428 2602 3501 ᾐνίττετο
2631 3427 2767 3498 πρὸς
2821 3425 2897 3497 τῷ
2931 3426 3105 3499 καιρῷ
3129 3425 3224 3481 τοῦ
3262 3425 3488 3490 πάθους,
3523 3426 3696 3494 λέγων
3720 3439 3739 3457 ο

2167 3544 2185 3576 r
2212 3524 2413 3595 Πάτερ,
2440 3524 2489 3576 εί
2512 3521 2755 3586 δυνατὸν,
2779 3518 3094 3589 παρελθέτω
3108 3520 3169 3573 τὸ
3186 3521 3442 3591 ποτήριον
3467 3518 3624 3572 τοῦτο
3645 3517 3740 3571 ἀπ’

2159 3615 2345 3685 ἐμοῦ.»
2372 3615 2482 3669 Καὶ
2508 3614 2668 3668 πάλιν
2693 3613 2811 3666 ἰΕί
2848 3614 2923 3684 μὴ
2952 3612 3176 3666 δυνατόν
3200 3613 3349 3664 ἐστιν
3375 3611 3506 3665 αὐτὸ
3538 3608 3741 3683 παρελ-

2162 3707 2292 3771 θεῖν,
2316 3707 2409 3761 ἐάν
2432 3706 2507 3778 μὴ
2524 3706 2654 3760 αὑτὸ
2680 3705 2807 3771 πίω,
2831 3704 3113 3776 γενηθήτω
3129 3704 3188 3756 τὸ
3207 3702 3419 3773 θέλημά
3441 3720 3555 3757 σου.
3571 3721 3590 3753 ι
3615 3702 3745 3755 Τοῦο

2160 3817 2220 3853 το
2248 3800 2311 3871 δὴ
2335 3795 2428 3855 οὖν
2455 3797 2661 3852 ἐκπιὼν
2683 3797 2744 3852 τὸ
2786 3798 3043 3868 ποτήριον
3064 3836 3078 3861 ,
3114 3796 3297 3866 ὖψωσε
3330 3795 3572 3866 κεφαλὴν
3594 3836 3610 3860 ,
3647 3797 3743 3849 καὶ

2162 3891 2301 3945 κατά
2321 3890 2411 3945 τὸν
2445 3889 2783 3956 Ἀπόστολον,
2809 3888 2929 3941 ἐπεὶ
2956 3888 3065 3959 γάρ
3104 3906 3121 3939 ι
3154 3886 3377 3957 γέγονεν
3402 3886 3644 3957 ὑπήκοος
3664 3882 3744 3955 τῷ

2162 3984 2336 4055 Πατρὶ
2358 3983 2520 4054 μέχρι
2541 3965 2789 4045 θανάτου,
2812 3978 3041 4033 θανάτου
3062 3978 3118 4031 δὲ
3140 3976 3395 4049 σταυροῦ,
3416 3975 3505 4029 διὰ
3526 3975 3702 4039 τοῦτο,
3717 3993 3736 4025 ι

2162 4075 2347 4145 φησιν,
2376 4093 2394 4126 ι
2421 4074 2776 4145 ὑπερύψωσεν
2801 4070 2960 4125 αὑτὸν
2986 4071 3014 4123 6
3044 4068 3197 4132 Θεὸς,
3232 4068 3450 4139 ἐγείρας
3480 4065 3641 4119 αυτὸν
3675 4066 3739 4115 ἐκ

2160 4164 2269 4218 τῶν
2288 4162 2497 4235 νεκρῶν
2515 4202 2530 4230 ,
2553 4164 2647 4217 καὶ
2666 4161 2893 4226 καθίσας
2918 4161 3077 4214 αὑτὸν
3103 4161 3159 4211 ἐν
3180 4158 3328 4228 δεξιᾷ
3356 4154 3544 4217 αὑτοῦ,
3567 4155 3740 4221 ὑπερ⁸

2164 4255 2275 4309 άνω
2307 4253 2486 4325 πάσης
2511 4253 2684 4326 ἀρχῆς
2710 4292 2726 4318 ,
2760 4252 2853 4305 καὶ
2888 4248 3151 4316 ἐξουσίας,
3183 4247 3277 4301 καὶ
3308 4245 3608 4315 δυνάμεως,
3644 4242 3741 4295 καὶ

2162 4346 2510 4419 κυριότητος,
2559 4347 2652 4399 καὶ
2690 4344 2888 4407 παντὸς
2920 4339 3171 4409 ὀνόματος
3204 4333 3606 4406 ὀνομαζομένου
3626 4370 3641 4395 ,
3675 4331 3739 4385 οὑ

2166 4439 2323 4510 μόνον
2357 4439 2414 4492 ἐν
2442 4436 2521 4510 τῷ
2557 4437 2713 4491 αἰῶνι
2751 4435 2945 4505 τούτῳ,
2975 4428 3108 4510 ἀλλά
3140 4428 3235 4482 καὶ
3274 4431 3333 4481 ἐν
3360 4426 3437 4496 τῷ
3467 4424 3739 4496 μέλλοντι.

485 4535 583 4593 per
605 4522 791 4579 vivens
846 4523 915 4579 ad
966 4524 1413 4581 intercedendum
1442 4544 1540 4599 pro
1570 4528 1697 4585 illis.
1731 4530 1879 4588 Talis
1911 4533 2056 4587 enim

2163 4509 2273 4585 Kal
2296 4530 2470 4584 πάντα
2488 4528 2742 4595 ὑπέταξε,
2770 4526 2978 4599 »φησὶν,
3001 4541 3020 4575 ι
3043 4509 3147 4575 ὑπὸ
3170 4521 3294 4583 τοὺς
3318 4519 3484 4580 πόδας
3504 4514 3693 4579 αὑτοῦ,
3719 4533 3737 4566 ι

485 4613 711 4669 decebat
742 4630 845 4671 nos
902 4616 1170 4687 pontifex,
1227 4627 1476 4687 sanctus,
1528 4621 1827 4690 innocens,
1864 4623 2058 4695 impol—

484 4706 655 4774 lutus,
705 4718 1021 4780 segregatus
1054 4725 1084 4764 a
1114 4713 1536 4783 peccatoribus,
1570 4720 1625 4769 et
1656 4714 1925 4771 excelsior
1953 4729 2060 4770 coe-

482 4796 553 4852 lis
583 4789 762 4855 factus
787 4800 854 4855 ’⁵.
891 4818 910 4852 ι
946 4797 1150 4856 Deinde
1174 4801 1423 4875 adjungit
1458 4824 1471 4858 :
1506 4823 1525 4857 ι
1556 4805 1928 4876 Caputautem
1964 4821 2060 4861 su-

482 4902 578 4957 per
607 4889 676 4945 iis
697 4898 817 4960 qua:
843 4890 990 4946 dicta
1038 4901 1184 4952 sunt.
1223 4892 1408 4951 Talem
1436 4897 1701 4955 habemus
1724 4900 2058 4970 pontilicem,

482 4979 577 5048 qui
610 4982 762 5037 sedet
810 4983 867 5037 in
897 4983 1124 5042 dextera
1167 4988 1482 5059 maiestatis
1513 4990 1571 5046 in
1611 4993 1865 5059 excelsis,
1924 5006 2056 5047 san-

482 5079 695 5129 ctorum
751 5075 1021 5146 minister,
1080 5085 1135 5134 et
1199 5081 1537 5138 tabernaculi
1575 5085 1712 5149 veri,
1753 5087 1899 5156 quod
1939 5086 2056 5141 ﬁxit

483 5163 649 5229 Deus,
696 5174 750 5221 et
781 5182 890 5222 non
918 5168 1080 5225 homo
1129 5171 1196 5226 ”.
1237 5192 1256 5225 ο
1290 5171 1433 5235 Jizec
1465 5174 1686 5245 quidem
1738 5177 2053 5247 Apostolus.

483 5254 734 5313 Psalmus
762 5274 913 5328 vero,
951 5260 1180 5318 inferius
1231 5279 1589 5336 progressus,
1623 5269 1788 5322 etiam
1827 5284 1891 5323 ea
1935 5284 2055 5338 quae

2162 4621 2302 4674 κατά
2325 4620 2423 4693 τὴν
2450 4620 2583 4693 πρὸς
2612 4621 2771 4674 ἀυτὺν
2792 4614 3140 4687 ἐπαγγελίαν,
3171 4611 3238 4683 ἦν
3266 4611 3353 4665 διὰ
3395 4610 3491 4699 τοῦ
3527 4604 3737 4699 ψαλμλοξ

2160 4689 2476 4784 παρίστησι,
2495 4689 2694 4779 λέγων’
2720 4729 2736 4761 ι
2762 4707 2942 4762 Κάθου
2977 4706 3040 4758 ἐκ
3068 4700 3254 4766 δεξιῶν
3288 4716 3411 4771 μου,
3436 4697 3542 4759 ἕως
3572 4693 3635 4748 ἂν
3661 4689 3740 4741 θῶ

2158 4805 2282 4868 τοὺς
2313 4802 2541 4876 ἐχθρούς
2563 4819 2656 4856 σου
2694 4800 2979 4856 ὑποπόδιον
2999 4794 3107 4849 τῶν
3136 4792 3312 4847 ποδῶν
3348 4807 3458 4845 σου.
3488 4785 3741 4885 Κατακρ-

2162 4895 2309 4970 ρίευε
2417 4874 2578 4967 μέσῳ
2600 4893 2707 4947 τῶν
2741 4891 2948 4965 ἐχθρῶν
2978 4906 3094 4942 σου.
3117 4906 3135 4938 ι
3172 4878 3441 4970 Πρόδηλον
3458 4874 3639 4970 πξικίτὶν
3664 4874 3737 4933 ὡς

2161 4964 2240 5042 ἐτι
2264 4987 2360 5043 νῦν
2382 4964 2529 5058 ἡτοῦ
2551 4964 2803 5057 Σωτῆρος
2820 4964 2973 5054 ήμῶν
2992 4980 3216 5049 δύναμις
3232 4973 3326 5026 καὶ
3344 4972 3373 5022 6
3387 4969 3484 5033 τῆς
3498 4964 3741 5058 διδασκα-

2159 5078 2278 5143 λίας
2301 5053 2464 5130 αὑτοῦ
2493 5075 2669 5145 λόγος,
2699 5053 2755 5127 ἐν
2779 5053 2963 5145 μέσοις
2987 5065 3331 5137 τοῖς-ἐχθροῖς
3352 5060 3444 5113 καὶ
3465 5053 3739 5125 πολεμίοις

2162 5169 2351 5234 αὑτοῦ,
2380 5168 2472 5223 καὶ
2525 5167 2634 5219 τῶν
2687 5161 3125 5218 πεπιστευκότων
3171 5158 3250 5219 εἰς
3278 5152 3439 5208 αὑτὸν
3486 5146 3740 5201 ἁπάντων

2165 5262 2570 5332 κατακυριεύει.

482 5362 749 5421 passurus
770 5359 887 5407 erat
920 5353 987 5420 is,
1038 5353 1105 5409 de
1130 5370 1240 5425 quo
1299 5359 1659 5424 vaticinatur,
1688 5369 1875 5430 aperte
1913 5359 2204 5431 signiﬁcat,
2238 5357 2428 5412 dicens
2459 5375 2471 5409 :
2504 5373 2523 5405 ι
2558 5352 2635 5407 De
2671 5357 2916 5406 torrente
2968 5348 3024 5403 in
3083 5345 3173 5401 via
3221 5343 3405 5406 bibet,
3453 5346 3742 5411 propterea

484 5442 740 5496 exaltabit
763 5453 926 5516 caput
958 5446 1025 5502 ".
1069 5466 1087 5498 ι
1121 5445 1443 5505 Torrentem
1466 5466 1654 5522 porro,
1689 5454 2053 5508 tentationum
2094 5463 2307 5521 tempus
2331 5445 2740 5517 intelligendum
2777 5445 2919 5500 alius
2964 5442 3169 5497 indicat
3224 5438 3466 5509 psalmus
3511 5435 3738 5493 diCcDS;

492 5548 512 5581 ι
557 5529 873 5590 Torrentem
918 5540 1267 5607 pertransivit
1319 5544 1500 5597 anima
1533 5551 1745 5600 nostra.
1794 5542 2049 5599 Forsitan
2089 5543 2413 5616 pertransiit
2462 5541 2645 5595 anima
2672 5549 2863 5598 nostra
2881 5552 3078 5609 aquam
3113 5532 3514 5590 intolerabilem
3540 5532 3609 5587 ³⁷.
3643 5548 3664 5583 ι

556 5707 599 5737 ’³
626 5706 761 5789 Gen.
802 5727 913 5781 xxv,
940 5717 1125 5774 18-19.
1210 5720 1253 5751 ³³
1279 5719 1443 5776 Hebr.
1486 5736 1561 5788 vi,
1590 5722 1673 5775 18.
1751 5723 1796 5755 υ
1835 5720 1996 5777 llcbr.
2039 5739 2132 5787 vn,
2161 5721 2353 5777 25-26.
2430 5720 2475 5751 "
2502 5718 2666 5776 llebr.
2704 5734 2822 5787 vnn,
2862 5717 2973 5789 l,2.
3000 5717 3045 5749 “
3069 5713 3213 5770 Psal.
3240 5729 3351 5780 Ctx,
3388 5710 3438 5767 7.
3514 5711 3557 5743 "
3589 5707 3740 5770 Psai.

482 5791 671 5846 cxxm,
702 5784 755 5836 5.
