4110 6420
404 447 509 503 369
1303 436 1952 496 DEMONSTRATIONIS
1988 394 2446 491 ΕἻᾸΝΟΕΙᾸΕᾸΕ
2479 433 2607 488 LIB.
2646 430 2712 487 V.
3517 428 3623 486 370

405 566 465 622 lu
498 574 736 624 torrente
761 565 927 637 igitur
958 565 1123 627 bibet,
1170 562 1368 633 inquit,
1419 562 1644 617 calicem
1680 558 1952 623 videlicet,
1993 571 2152 628 quem
2191 555 2308 626 ipse
2337 555 2440 611 sub
2478 552 2655 624 ipsum
2690 551 2962 624 passionis
3028 556 3242 620 tempus
3277 545 3621 617 signiﬁcavit,

405 659 633 716 dicens:
671 678 691 711 ι
726 657 905 723 Pater,
940 659 986 714 si
1016 656 1275 728 possibile
1301 662 1406 720 est,
1430 663 1671 711 transeat
1698 652 1956 709 calixiste
1990 666 2023 704 a
2053 665 2140 705 me
2164 650 2231 700 ⁸⁸.
2264 668 2283 701 ι
2319 647 2387 702 Et
2426 662 2620 704 rursus
2653 666 2665 701 :
2715 666 2731 699 :
2768 646 2828 701 Si
2886 660 2996 700 non
3062 642 3319 713 possibile
3342 648 3428 696 est
3465 640 3617 694 illum

408 753 661 815 transire,
693 753 799 808 nisi
830 754 979 807 illum
1023 753 1242 817 bibam,
1275 751 1365 805 ﬁat
1392 750 1645 806 voluntas
1678 758 1771 803 tua
1814 748 1882 798 ι’.
1931 763 1950 796 ι
1988 742 2123 799 Cum
2182 741 2349 812 igitur
2400 742 2545 797 hunc
2598 742 2826 797 calicem
2880 740 3129 803 bibisset,
3192 743 3308 792 tum
3361 734 3617 790 exaltavit

407 852 586 912 caput.
618 843 683 898 Et
711 845 851 901 sicut
884 845 959 899 ait
990 844 1298 914 Apostolus,
1328 842 1584 913 quoniam
1621 860 1641 893 ι
1678 841 1852 895 factus
1905 844 1991 892 est
2023 833 2282 889 obediens
2332 832 2481 887 Patri
2530 848 2703 903 usque
2747 833 2819 901 ad
2880 841 3126 895 mortem,
3165 834 3392 884 mortem
3438 834 3617 881 autem

406 936 608 996 crucis,
658 956 679 989 ι
709 936 933 1000 idcirco,
963 937 1159 1007 inquit,
1204 955 1223 987 ι
1259 936 1543 1012 ειειιενὶῑ,
1572 935 1724 988 illum
1784 931 1927 985 Deus
1967 929 2035 992 '°,
2078 926 2359 983 suscitans.
2380 926 2530 981 illum
2553 942 2585 981 a
2616 926 2865 990 mortuis,
2895 933 2949 980 et
2989 925 3176 982 sedere
3220 924 3371 979 illum
3401 921 3528 977 fecit
3561 921 3619 977 in

406 1026 625 1082 dextera
660 1043 780 1091 sua,
828 1041 994 1098 supra
1022 1042 1237 1081 omnem
1266 1025 1663 1097 principatum,
1721 1029 1776 1077 et
1841 1024 2185 1090 potestatem,
2250 1023 2305 1073 et
2334 1017 2613 1080 virtutem,
2669 1024 2725 1071 et
2774 1017 3218 1082 dominationem,
3250 1023 3306 1072 et
3333 1029 3492 1070 omne
3519 1028 3619 1068 no-

406 1134 528 1174 men
559 1121 700 1190 quod
725 1121 1031 1175 nominetur
1058 1136 1169 1175 non
1193 1120 1370 1177 solum
1397 1118 1453 1172 in
1485 1118 1586 1172 hoc
1611 1115 1831 1181 saeculo,
1852 1111 1946 1169 sed
1984 1111 2145 1167 etiam
2169 1111 2224 1164 in
2247 1108 2449 1165 futuro.
2484 1109 2549 1163 Et
2585 1111 2768 1164 omnia
2818 1109 3070 1178 subjecit,
3128 1107 3323 1179 inquit,
3364 1107 3465 1163 sub
3517 1121 3615 1176 pe-

403 1212 563 1267 dibus
592 1213 711 1283 ejus
730 1214 797 1277 “,
831 1232 850 1265 ι
889 1213 1185 1269 secundum
1219 1227 1361 1276 eam,
1388 1225 1508 1282 quae
1532 1209 1601 1264 ad
1621 1210 1802 1279 ipsum
1823 1206 1965 1260 facta
2002 1210 2106 1267 est,
2154 1203 2593 1274 promissionem,
2635 1217 2798 1273 quam
2839 1202 2895 1255 in
2938 1201 3148 1271 psalmo
3205 1198 3471 1262 declarat,
3529 1196 3618 1252 di-

401 1320 571 1361 cens:
619 1326 637 1357 ι
677 1304 817 1362 Sede
857 1306 1117 1361 adextris
1175 1306 1336 1371 meis,
1398 1304 1571 1360 donec
1619 1315 1817 1374 ponam
1880 1298 2130 1355 inimicos
2179 1304 2304 1353 tuos
2366 1297 2664 1353 scabellum
2706 1295 2903 1366 pedum
2944 1301 3180 1349 tuorum.
3241 1291 3528 1347 Dominare
3554 1288 3611 1343 in

404 1396 583 1452 medio
628 1385 972 1453 inimicorum
1031 1407 1270 1452 tuorum.
1311 1416 1330 1450 ι
1361 1396 1590 1453 Constat
1638 1408 1768 1450 vero
1830 1389 2166 1463 planissime,
2196 1389 2650 1459 quemadmodum
2683 1387 2844 1442 hodie
2867 1400 3084 1457 quoque
3109 1382 3405 1440 Salvatoris
3439 1381 3616 1437 nostri

402 1488 599 1561 virtus,
630 1503 694 1544 ac
721 1490 983 1545 doctrinae
1011 1489 1157 1545 illius
1191 1488 1439 1555 verbum,
1473 1488 1530 1542 in
1559 1484 1739 1541 medio
1789 1483 2131 1539 inimicorum
2186 1490 2240 1538 et
2291 1480 2533 1536 hostium
2598 1492 2849 1542 suorum,
2900 1475 3157 1531 omnibus
3205 1474 3530 1545 quicumque
3557 1472 3614 1526 in

402 1584 579 1655 ipsum
605 1583 855 1649 credunt,
885 1584 1216 1639 dominatur.
1281 1622 1295 1631 .

925 1738 1316 1793 ΚΕΦΑΛΑῙΟΝ
1360 1740 1399 1790 Δ
1417 1776 1432 1792 .

413 1873 671 1948 Ὣς..καί⁸
705 1873 970 1948 ᾘσαῖαςᾼ,
1014 1870 1345 1948 Ξτρρφητῶφς
1367 1870 1703 1948 _pérta‘1_r0c_,
1754 1866 1957 1948 σαξρῷς

472 1938 595 1997 οἶδε
637 1944 786 1999 Θεὸν
831 1944 899 1996 ἐν
926 1938 1264 2006 Θεῷἐῖναι,
1309 1938 1502 2011 λέγων
1557 1941 1767 2011 ὁμοίως
1814 1938 1959 2011 ἡμῖν

473 2011 783 2078 δοξάζουσι
810 2011 1039 2081 Πατέρα
1067 2014 1137 2066 ἐν
1167 2010 1295 2078 Υίῷ,
1330 2008 1428 2066 κάι
1467 2008 1604 2066 nar
1633 2010 1704 2063 ἐν
1721 2008 1953 2077 Πατέρι.

470 2201 491 2234 ι
532 2183 671 2253 Ἐγὼ
723 2185 925 2256 Κύριος
969 2187 1204 2258 ἐποίησα
1234 2187 1358 2258 γῆν,
1410 2185 1503 2239 καὶ
1552 2182 1834 2255 ἄνθρωπον
1867 2185 1954 2236 ἐπ’

391 2273 577 2344 αὐτῆς·
607 2274 717 2343 ἐγὼ
739 2279 804 2348 τῇ
837 2277 977 2347 χειρί
1002 2295 1105 2348 μου
1137 2277 1442 2348 ὲστερέωσα
1464 2276 1554 2329 τὸν
1578 2276 1821 2348 οὐρανὸν,
1846 2272 1955 2344 ἐγὼ

392 2365 524 2418 πᾶσι
554 2368 665 2428 τοῖς
692 2366 909 2438 ἄστροις
937 2368 1307 2440 ἐνετειλάμην,
1338 2366 1448 2436 ἐγὼ
1473 2368 1668 2438 ἤγειρα
1700 2368 1789 2421 τὸν
1817 2367 1955 2438 μετὰ

386 2455 729 2527 δικαιοσύνης
752 2456 989 2527 βασιλέα,
1013 2458 1107 2512 καὶ
1134 2460 1302 2512 πᾶσαι
1328 2459 1381 2510 αί
1407 2457 1515 2510 ὁδοὶ
1542 2457 1705 2511 αὐτοῦ
1728 2457 1949 2512 εὐθεῖαι.

388 2541 558 2611 Οὗτος
587 2549 929 2619 οἰκοδομήσει
961 2549 1059 2620 τήν
1094 2549 1245 2604 πόλιν
1274 2566 1396 2620 μου,
1421 2548 1514 2602 καὶ
1538 2547 1636 2621 τὴν
1679 2549 1953 2620 αἰχμαλω-

388 2638 508 2693 σίαν
532 2639 626 2693 τοῦ
650 2639 780 2695 λαοῦ
813 2641 1146 2712 ἐπιστρέψει,
1173 2641 1232 2694 οὐ
1261 2640 1397 2713 μετά
1415 2641 1644 2714 λύτρων,
1670 2641 1788 2694 οὐδὲ
1814 2641 1952 2712 μετὰ

385 2729 590 2802 δώρων,
619 2727 739 2785 εἷπε
754 2731 956 2804 Κύριος
975 2732 1251 2787 Σαϐαὼθ.»
1282 2733 1430 2797 Τέως
1464 2733 1563 2803 μὲν
1590 2732 1759 2786 ταῦτα
1789 2736 1817 2788 ὁ
1841 2733 1950 2789 τῶν

384 2821 519 2876 ὅλων
546 2822 772 2894 ποιητὴς
796 2822 947 2887 Θεὸς,
974 2824 1100 2896 περί
1130 2841 1276 2887 τινος
1301 2822 1563 2893 βασιλέως
1583 2824 1675 2878 κα)⁵
1701 2824 1950 2895 Σωτῆρος

388 2912 671 2982 μέλλοντος
712 2914 1007 2985 οἰκοδομεῖν
1046 2913 1108 2968 τὸ
1142 2913 1244 2985 τῆς
1294 2913 1573 2976 εὐσεϐείας
1616 2912 1945 2984 πολίτευμα,

383 2998 757 3073 λυτρώσασθαι
797 3002 894 3074 τὴν
932 3002 1309 3074 ὲπισυμϐᾶσαν
1353 3001 1660 3074 ἀνθρώποις
1705 3001 1808 3056 ὑπὸ
1850 3003 1949 3074 τῆς

382 3091 698 3165 δαιμονικῆς
740 3094 945 3166 πλάνης
991 3093 1383 3165 αἰχμαλωσίαν,
1409 3092 1499 3147 διὰ
1541 3092 1634 3147 τοῦ
1668 3095 1946 3167 προφήτου

382 3183 662 3250 θεσπίζει·
720 3185 844 3256 ἑξῆς
887 3185 943 3239 δὲ
985 3185 1193 3250 τούτοις
1239 3184 1299 3239 τὸ
1344 3182 1677 3257 προφητικὸν
1732 3185 1947 3257 πνεῦμα

382 3276 480 3348 τὴν
518 3277 793 3349 ὑποταγὴν
836 3278 945 3332 τῶν
978 3278 1286 3347 ἀλλοφύλων
1330 3277 1498 3331 ἐθνῶν
1538 3277 1850 3343 αἰνίττεται,
1878 3278 1945 3348 ὴν

381 3367 806 3439 ὑποταγήσονται
824 3368 900 3440 τῷ
921 3370 1397 3442 προφητευομένφ,
1416 3371 1511 3425 καὶ
1536 3370 1612 3435 ὡς
1638 3373 1947 3444 προσκυνή-

383 3476 565 3513 σουσιν
611 3460 759 3532 αὐτῷ
805 3455 896 3515 οἷα
930 3460 1048 3532 Θεῷ
1096 3463 1144 3516 οἱ
1196 3462 1678 3534 ξποταγησόμενοι,
1732 3464 1824 3517 καὶ
1870 3465 1947 3529 ὡς

381 3552 764 3624 προσεύξονται
802 3554 861 3607 ἐν
892 3546 1071 3625 αὐτῷ,
1097 3553 1186 3608 διὰ
1227 3555 1288 3609 τὸ
1323 3555 1546 3627 μείζονα
1586 3559 1856 3612 κατοικεῖν
1886 3560 1944 3611 ἐν

379 3641 526 3712 αὐτῷ
553 3641 704 3705 Θεὸν,
739 3643 829 3696 τὸν
876 3643 1135 3698 ἀνωτάτω
1177 3645 1374 3718 δηλαδὴ
1408 3645 1646 3718 Πατέρα,
1681 3647 1773 3702 καί
1811 3646 1943 3700 Θεὸν

380 3731 485 3784 τῶν
525 3731 679 3786 ὅλων.
735 3732 815 3786 Τὰ
865 3732 923 3787 δὲ
965 3734 1065 3805 τῆς
1111 3731 1307 3799 λέξεως
1337 3734 1507 3800 οὕτως
1552 3736 1694 3808 ἔχει’
1733 3756 1751 3788 ι
1790 3736 1942 3790 Οὕτω

379 3823 524 3894 λέγει
570 3825 807 3898 Κύριος·
860 3826 1174 3880 Ἑκοπίασεν
1218 3827 1523 3896 Αἴγυπτος,
1573 3831 1666 3882 καὶ
1706 3830 1949 3902 ἐμπορία-

378 3916 680 3982 Αἰθιόπων,
728 3918 822 3972 καὶ
875 3920 924 3972 οἱ
966 3918 1207 3989 Σαϐαεὶμ
1256 3919 1448 3990 ἄνδρες
1495 3919 1683 3990 ὑψηλοὶ
1734 3920 1828 3973 ἐπὶ
1881 3921 1940 3973 σὲ

376 4009 741 4080 διαϐήσονται,
769 4009 862 4063 καὶ
896 4010 978 4063 σοὶ
1012 4009 1222 4063 ἔσονται
1266 4009 1460 4075 δοῦλοι,
1507 4013 1601 4065 καὶ
1632 4012 1806 4065 ὀπίσω
1846 4012 1937 4066 σοῦ

375 4099 828 4170 ἀκολουθήσουσι,
859 4100 1126 4170 δεδεμένοι
1161 4101 1531 4173 χειροπέδαις,
1576 4103 1669 4156 καὶ⁴
1699 4119 1937 4175 προσκυ-

376 4189 596 4261 νήσουσι
638 4192 769 4255 νέοι,
821 4191 914 4245 καὶ
958 4193 1015 4245 ἐν
1068 4191 1149 4243 σοὶ
1191 4192 1595 4262 προσεύξονται,
1642 4194 1722 4247 ὅτι
1763 4198 1820 4249 ἐν
1856 4197 1937 4250 σοι

375 4283 405 4335 ὸ
427 4282 559 4347 Θεός
591 4285 726 4348 ἐστι,
761 4285 856 4336 καὶ
882 4283 981 4337 οὐκ
1016 4282 1129 4336 ἐστι
1154 4283 1285 4348 Θεὸς
1323 4283 1460 4356 πλὴν
1494 4284 1608 4338 σοῦ.
1655 4288 1727 4340 Σὺ
1757 4287 1865 4358 γὰρ
1888 4284 1941 4341 εἴ

375 4372 534 4441 Θεὸς,
582 4373 675 4428 καῖΙ
715 4375 814 4429 οὐκ
860 4374 1100 4446 ᾔδειμεν,
1148 4374 1280 4440 Θεὸς
1321 4376 1413 4429 τοῦ
1467 4377 1681 4449 Ἰσραὴλ
1723 4380 1931 4451 Σωτήρ.
1963 4414 2006 4472 C

371 4465 827 4538 Αἰσχυνθήσονται
871 4468 963 4520 καὶ
1000 4468 1423 4539 ἐντραπήσονται
1459 4468 1657 4533 πάντες
1702 4471 1751 4522 οἱ
1784 4471 1931 4524 ἀντι-

379 4558 616 4629 κείμενοι
644 4557 812 4629 αύτῷ,
848 4558 942 4612 καὶ
967 4557 1319 4629 πορεύσονται
1345 4560 1401 4612 ὲν
1435 4559 1712 4632 αἰσχύνῃ.»
1750 4560 1934 4615 Ταῦτα

379 4648 476 4713 μὲν
508 4650 541 4719 ἠ
576 4649 898 4721 προφητεία.
935 4649 1045 4719 Οὐχ
1085 4648 1323 4720 ἠγοῦμαι
1361 4649 1417 4703 δέ
1456 4651 1799 4722 ἀντωπήσειν
1840 4650 1931 4703 δύ-

374 4738 564 4792 νασθαί
603 4757 750 4803 τινα,
781 4739 884 4794 κᾶν
930 4740 1132 4811 σφόδρα
1173 4736 1206 4827 ᾖ
1239 4739 1524 4811 ἀγνώμων,
1568 4740 1647 4812 τῷ
1684 4742 1932 4814 προδήλῳ

375 4828 468 4881 καὶ
511 4832 670 4897 σαφεῖ
708 4831 809 4900 τῆς
854 4830 1068 4896 λέξεως,
1108 4831 1350 4901 ἐναργῶς
1395 4830 1563 4895 οὕτως
1612 4833 1931 4904 εἰσαγούσης

374 4918 505 4973 Θεὸν
537 4919 630 4973 τοῦ
665 4921 877 4993 Ἰσραὴλ
900 4923 1145 4993 Σωτῆρα,
1168 4923 1263 4976 καὶ
1305 4922 1487 4992 ἕτερον
1514 4923 1572 4977 ἐν
1599 4923 1745 4994 αύτῷ
1775 4922 1926 4978 Θεὸν⁸

380 5012 845 5084 ιΠροσκυνήσουσί
900 5031 1013 5080 σοι,
1047 5034 1068 5068 ι
1125 5016 1308 5086 φησὶν,
1357 5016 1447 5068 (οἱ
1490 5014 1701 5081 δίκαιοι,
1738 5016 1832 5070 καὶ
1871 5018 1931 5071 ἐν

375 5102 457 5156 σοὶ
495 5102 874 5174 προσεύξονται
897 5143 912 5169 ,
944 5106 1026 5159 ὅτι
1066 5108 1123 5161 ἐν
1154 5106 1234 5160 σοὶ
1278 5109 1306 5160 ὁ
1336 5107 1466 5170 Θεὸς
1498 5108 1645 5171 ἐστι,
1695 5108 1788 5161 καὶ
1830 5108 1929 5162 οὐκ

371 5195 486 5249 ἔστι
536 5194 667 5259 Θεὸς
713 5195 849 5268 πλὴν
890 5196 1003 5250 σοῦ⁹
1068 5200 1132 5253 σὺ
1184 5200 1289 5272 γὰρ
1338 5195 1390 5252 εἴ
1427 5202 1455 5252 ὁ
1494 5199 1643 5266 Θεὸς,
1695 5200 1788 5255 καὶ
1828 5203 1928 5256 οὐκ

369 5286 611 5358 ᾔδειμεν,
646 5285 778 5351 Θεὸς
815 5286 909 5340 τοῦ
948 5287 1159 5360 Ἰσραὴλ
1205 5288 1414 5361 Σωτήρ.
1445 5310 1464 5342 ι
1517 5291 1590 5346 Τὸ
1635 5290 1721 5357 δὲ,
1775 5309 1794 5343 ι
1828 5293 1928 5347 οὐκ

370 5376 607 5449 ᾔδειμεν,
639 5397 657 5430 ι
691 5379 755 5431 ἐκ
784 5377 1072 5449 προσώπου
1094 5380 1201 5433 τῶν
1234 5382 1362 5452 πρὶν
1395 5382 1555 5436 αὐτὸν
1585 5383 1660 5455 μὴ
1684 5384 1925 5452 ἐπεγνω-

368 5467 539 5520 κὸτων
583 5465 733 5539 παρά
784 5467 962 5537 μόνοις
1011 5469 1121 5531 τοῖς
1178 5468 1572 5540 Ἐϐδομήκοντα
1620 5473 1927 5543 εἰρημένον,

367 5558 563 5631 ἑτέρως
592 5555 702 5628 εἶχε
722 5560 782 5612 τὸ
808 5560 1109 5631 Ἑϐραῖκὸν,
1132 5560 1160 5614 ὸ
1186 5560 1498 5633 μεταλαϐὼν
1518 5563 1545 5615 ὸ
1574 5564 1671 5635 μὲν
1696 5567 1922 5632 Ἀκύλας

367 5649 533 5720 φησί’
582 5669 600 5701 ι
641 5651 770 5715 Θεὸς
812 5653 919 5723 ἄρα
970 5652 1185 5724 ἰσχυρὸς
1229 5654 1741 5727 ἀποκρυπτόμενος,
1792 5658 1924 5723 Θεὸς

1985 1733 2033 1790 Α

2660 1716 2887 1776 CAPUT
2919 1717 3008 1773 IV.

2056 1855 2217 1926 225
2243 1853 2394 1921 Quod
2439 1855 2598 1909 etiam
2648 1853 2860 1919 Isaias,
2900 1855 3275 1977 proBhetarum
3315 1837 3615 1919 maximus,

2126 1928 2281 1977 plane
2315 1926 2457 1977 novit
2506 1924 2673 1977 Deum
2721 1941 2834 1977 esse
2884 1927 2941 1977 in
3034 1941 3114 1977 eo.
3166 1925 3317 1977 idaue
3369 1924 3615 1977 afﬁrmat.

2125 1924 2281 1997 plane
2315 1926 2457 1979 novit
2506 1924 2673 1978 Deum
2698 1941 2834 1997 esse
2884 1927 2941 1979 in
2983 1924 3317 1997 DeqLAidque
3341 1924 3617 1997 _a[ﬁrma_t,

2129 1991 2262 2050 sicut
2303 1997 2465 2050 etiam
2498 2011 2591 2049 nos
2619 1995 2707 2064 qui
2735 1995 2951 2051 Patrem
2979 1995 3034 2049 in
3063 1991 3299 2062 Filio,'et
3331 1991 3531 2048 Filium
3550 1995 3618 2058 in

2128 2066 2290 2120 Patre
2312 2065 2692 2137 gloriﬁcamus.

2132 2195 2151 2228 ε
2183 2176 2293 2248 Ego
2326 2175 2592 2232 Dominus
2623 2176 2729 2233 feci
2771 2184 2999 2242 terram,
3047 2182 3102 2230 et
3146 2174 3420 2230 hominem
3452 2191 3614 2246 super

2052 2283 2117 2323 ea
2144 2284 2158 2334 ;
2189 2283 2289 2339 ego
2321 2283 2485 2324 manu
2530 2283 2650 2324 mea
2692 2267 3275 2332 consolidavixtelum,
3307 2281 3408 2337 ego
3436 2267 3613 2320 omni-

2052 2358 2157 2414 bus
2196 2359 2360 2416 astris
2404 2360 2680 2425 mandavi,
2714 2374 2814 2430 ego
2866 2358 3127 2415 suscitavi
3157 2372 3340 2428 regem
3372 2372 3495 2412 cum
3521 2356 3613 2428 ju-

2052 2450 2223 2516 stitia,
2271 2458 2327 2507 et
2358 2466 2547 2507 omnes
2579 2451 2681 2506 viae
2717 2451 2839 2522 ejus
2867 2457 3048 2506 rectae.
3091 2448 3192 2504 Hic
3227 2448 3514 2504 :ediﬁcabit
3540 2448 3613 2502 ci-

2049 2543 2270 2598 vitatem
2320 2557 2518 2608 meam,
2569 2549 2625 2599 et
2671 2543 3039 2614 captivitatem
3080 2541 3265 2613 populi
3308 2546 3609 2604 convertet,

2049 2650 2158 2689 non
2198 2635 2396 2705 pretio,
2427 2651 2603 2706 neque
2650 2636 2990 2702 muneribus,
3026 2634 3164 2690 dixit
3209 2633 3475 2693 Dominus
3512 2631 3612 2691 Sa»

2050 2726 2214 2782 baotb
2241 2726 2308 2784 ³’.
2340 2745 2359 2778 ι
2399 2727 2621 2781 Interim
2663 2727 2881 2798 quidem
2926 2727 3041 2782 hazc
3081 2727 3321 2784 universi
3360 2728 3612 2784 conditor

2048 2816 2213 2882 Deus,
2268 2817 2335 2873 de
2373 2817 2611 2889 quodam
2649 2833 2773 2890 rege
2810 2832 2875 2873 ac
2911 2816 3210 2884 Salvatore,
3242 2821 3334 2891 qui
3372 2819 3610 2875 aedifica-

2036 2916 2207 2967 .turus
2231 2910 2302 2967 sit
2330 2911 2720 2997 rempublicam
2748 2910 2987 2981 pietatis,
3021 2921 3076 2969 et
3104 2911 3467 2968 conditionem
3500 2925 3608 2980 qua

2046 3000 2299 3057 homines
2347 3017 2377 3059 a
2435 3001 2735 3060 daemenico
2771 3019 2954 3060 errore
3015 3004 3210 3074 captivi
3252 3004 3619 3068 tenebantur,

1976 3072 2019 3130 Β
2049 3092 2438 3162 dissoluturus,
2473 3111 2570 3167 per
2593 3096 2910 3168 prophetam
2945 3072 3256 3168 respondet.
3291 3095 3347 3150 ln
3380 3096 3447 3151 iis
3478 3110 3634 3153 vero:

2048 3203 2168 3260 qua:
2193 3198 2517 3260 sequuntur,
2559 3198 2905 3245 externarum
2945 3204 3162 3260 quoque
3191 3188 3608 3259 nationum,ob-

2047 3278 2317 3348 sequium,
2368 3294 2477 3349 quo
2515 3279 2567 3334 ei
2631 3286 2758 3336 sunt
2813 3280 3154 3336 obsecutum
3195 3280 3287 3350 qui
3346 3286 3627 3336 venturus,

2044 3372 2285 3435 canitur,
2345 3372 2697 3442 propheticus
2754 3371 3037 3444 signiﬁcat.
3075 3373 3297 3445 Spiritus
3339 3393 3354 3429 :
3396 3389 3606 3429 necnon

2043 3462 2499 3531 quemadmodum
2522 3463 2672 3518 illum
2696 3472 2956 3535 tanquam
2987 3464 3157 3521 Deum
3183 3466 3484 3521 adorabunt
3506 3467 3604 3532 illi,

2043 3554 2136 3625 qui
2170 3554 2243 3607 ita
2277 3552 2346 3608 ad
2379 3553 2700 3624 obsequium
2728 3556 2999 3623 venerint,
3028 3564 3085 3613 et
3110 3556 3256 3628 quod
3289 3556 3452 3614 Deum
3483 3572 3608 3611 ora-

2042 3642 2179 3697 bunt
2223 3642 2279 3697 in
2321 3643 2478 3713 ipso:
2503 3651 2787 3713 propterea
2829 3647 2977 3717 quod
3026 3647 3082 3702 in
3136 3661 3201 3702 eo
3239 3646 3355 3716 ipse
3401 3644 3606 3701 habitet

2041 3735 2185 3792 Deus
2222 3751 2529 3806 supremus,
2560 3737 2808 3794 videlicet
2836 3738 3016 3803 Pater,
3051 3738 3401 3808 universique
3437 3737 3602 3794 Deus.

2041 3824 2219 3881 Locus
2246 3834 2424 3881 autem
2444 3827 2523 3882 sic
2537 3843 2594 3889 se
2616 3827 2776 3883 habet
2798 3828 2866 3882 ad
2883 3829 3104 3883 verbum
3128 3847 3142 3884 :
3169 3847 3187 3879 ‹
3213 3827 3303 3882 Sic
3334 3827 3464 3882 dicit
3495 3829 3602 3881 Do~

2040 3918 2222 3974 minus
2267 3938 2279 3974 :
2327 3918 2617 3975 Laboravit
2645 3918 2932 3991 Egyptus,
2964 3928 3017 3976 et
3065 3918 3359 3991 negotiatio
3388 3918 3604 3974 Ethio-

2039 4025 2191 4080 pum,
2236 4020 2290 4067 et
2339 4010 2554 4067 Sabaim
2600 4013 2703 4069 viri
2732 4012 2933 4068 excelsi
2975 4011 3041 4066 ad
3074 4019 3128 4067 te
3170 4011 3503 4073 transibunt,
3547 4018 3603 4065 et

2039 4101 2116 4156 tui
2146 4110 2307 4157 erunt
2332 4102 2497 4167 servi,
2530 4110 2584 4158 et
2628 4117 2657 4156 a
2686 4109 2837 4174 tergo
2868 4109 2921 4157 te
2960 4109 3258 4173 sequentur
3284 4100 3453 4155 vincti
3484 4115 3602 4154 ma-

2037 4192 2200 4259 nicis,
2236 4201 2291 4248 et
2319 4193 2624 4249 adorabunt
2650 4192 2901 4265 juvenes,
2933 4202 2987 4251 et
3017 4195 3071 4249 in
3093 4202 3147 4250 te
3176 4194 3409 4251 orabunt
3431 4213 3444 4247 :
3464 4209 3605 4264 quo-

2037 4284 2184 4337 niam
2209 4284 2264 4338 in
2296 4294 2348 4339 te
2378 4283 2519 4340 Deus
2552 4294 2655 4350 est,
2686 4292 2741 4341 et
2772 4300 2881 4341 non
2918 4293 3002 4341 est
3033 4285 3175 4341 Deus
3208 4294 3401 4355 praeter
3429 4294 3479 4339 te
3502 4302 3514 4339 :
3540 4290 3598 4337 tu

2038 4375 2180 4428 enim
2208 4390 2268 4429 es
2306 4374 2471 4436 Deus,
2502 4384 2555 4430 et
2586 4393 2698 4431 non
2732 4392 3078 4440 noveramus,
3117 4375 3260 4432 Deus
3286 4375 3450 4432 Israel
3483 4375 3602 4430 Sal-

2038 4471 2212 4518 vator.
2248 4463 2584 4521 Erubescent
2631 4474 2685 4522 et
2727 4466 3130 4523 confundentur
3157 4483 3347 4524 omnes
3374 4467 3467 4538 qui
3502 4467 3601 4522 ad-

2034 4563 2324 4609 versantur
2345 4557 2415 4620 ei,
2448 4565 2502 4611 et
2532 4558 2887 4613 ambulabunt
2924 4559 2980 4614 in
3012 4560 3220 4629 pudore
3243 4560 3307 4615 ³³.
3352 4579 3369 4611 ι
3404 4558 3600 4616 Hacte-

2033 4662 2137 4702 nus
2175 4647 2292 4717 ipsa
2340 4648 2648 4719 prophetia.
2689 4649 2978 4717 Caeterum,
3020 4652 3335 4724 neutiquam
3367 4652 3600 4707 arbitror

2032 4740 2340 4809 quempiam
2371 4747 2559 4795 contra
2587 4739 2664 4799 id.
2694 4741 2838 4812 quod
2870 4747 2982 4796 tam
3014 4750 3199 4813 aperte
3226 4749 3280 4798 et
3313 4741 3599 4812 perspicue

2031 4830 2268 4893 dicatur,
2294 4832 2380 4886 vel
2409 4832 2598 4888 oculos
2626 4832 2986 4900 directurum,
3022 4833 3273 4904 quamvis
3305 4831 3595 4885 admodum

2032 4921 2104 4975 sit
2150 4910 2417 4993 ingratus,
2466 4925 2559 4979 ubi
2604 4924 2680 4979 ita
2714 4924 2994 4981 evidenter
3032 4932 3087 4980 et
3114 4925 3274 4994 plane
3321 4923 3597 4978 inducitur

2029 5012 2175 5068 Deus
2226 5013 2397 5071 Israel
2441 5013 2711 5082 Salvator,
2759 5023 2815 5072 et
2871 5018 2927 5071 in
2983 5017 3077 5071 illo
3122 5015 3304 5071 Deus:
3338 5034 3358 5067 ι
3392 5014 3594 5067 Adora-

2029 5104 2165 5159 bunt
2205 5112 2278 5170 te,
2316 5105 2517 5177 inquit,
2554 5108 2714 5177 justi,
2761 5115 2816 5162 et
2844 5109 2901 5161 in
2947 5114 2999 5162 te
3029 5106 3284 5170 orabunt,
3335 5105 3593 5176 quoniam

2029 5199 2083 5253 in
2116 5208 2170 5256 te
2195 5209 2279 5256 est
2311 5199 2477 5266 Deus,
2506 5211 2561 5256 et
2587 5217 2698 5257 non
2721 5208 2807 5256 est
2835 5198 2982 5255 Deus
3011 5212 3207 5270 praeter
3237 5205 3289 5253 te
3319 5216 3332 5251 :
3359 5206 3414 5251 tu
3446 5197 3592 5251 enim

2027 5307 2087 5348 es
2125 5291 2304 5357 Deus,
2354 5302 2409 5349 et
2447 5293 2844 5356 nesciebamus,
2892 5290 3037 5347 Deus
3065 5290 3234 5346 Israel
3267 5288 3534 5344 Salvator.
3568 5306 3586 5341 ι

2026 5382 2196 5439 Porro
2245 5383 2415 5450 illud,
2470 5402 2491 5436 ς
2520 5384 2934 5450 nesciebamus,
2966 5402 2986 5434 ι
3029 5381 3172 5452 quod
3233 5396 3300 5437 ex
3357 5394 3591 5450 persona

2026 5492 2215 5533 eorum
2249 5477 2346 5547 qui
2373 5477 2527 5548 prius
2571 5478 2723 5532 illum
2751 5493 2864 5532 non
2886 5484 3242 5547 agnoverunt,
3264 5475 3427 5546 226
3449 5473 3590 5544 apud

2027 5568 2174 5625 solos
2205 5567 2349 5622 LXX
2379 5568 2586 5623 dictum
2619 5575 2726 5635 est,
2777 5569 2835 5623 in
2877 5567 3143 5624 Hebraico
3189 5569 3348 5622 aliter
3390 5567 3588 5635 habet;

2028 5660 2172 5732 quod
2205 5676 2337 5718 sane
2364 5661 2559 5731 Aquila
2593 5668 2939 5726 convertens,
2982 5662 3061 5717 sic
3089 5662 3165 5715 ait
3194 5680 3207 5716 :
3240 5679 3258 5715 ι
3290 5660 3431 5717 Deus
3458 5673 3587 5730 ergo

436 5847 480 5883 ’⁸
501 5848 685 5907 Matth.
717 5853 949 5926 τινιιὸθ
1046 5857 1089 5889 ²⁹
1114 5855 1225 5911 ibid
1268 5855 1355 5911 Ω.
1409 5856 1453 5889 ³⁸
1469 5855 1701 5929 Philipp.
1734 5873 1796 5925 tt,
1828 5858 1941 5914 8-9.

2037 5859 2324 5931 lEphes.l,
2354 5859 2540 5925 20,21.
2581 5860 2757 5932 _"lsa.
2786 5860 3112 5927 κυῖΛὲλᾶ
3187 5857 3585 5917 ³²ἰὺίσ].1ἇοὶ⁸ἐ.
