4110 6424
467 410 564 471 3η

1099 409 1366 467 EUSEBII
1415 408 1899 470 CESARIENSIS
1932 411 2308 485 0PP._PARS
2346 411 2413 468 ll.
2449 442 2520 454 -—
2559 411 3058 490 APOLOGETICA.’

3597 419 3702 476 ωε

467 533 626 590 fortis
647 534 918 595 occultus,
949 532 1091 588 Deus
1119 532 1285 589 Israel
1315 535 1407 604 qui
1432 536 1612 590 salvos
1635 534 1782 590 facit.
1809 554 1829 587 ι
1857 535 2029 590 Theo-

2148 536 2358 608 Ἰσραὴλ
2394 535 2580 599 σώζων
2598 553 2610 565 '
2635 555 2653 586 ι
2697 538 2725 588 6
2751 536 2806 589 δὲ
2832 536 3121 589 Θεοδοτίων
3145 553 3158 566 ο
3195 554 3213 587 ι
3239 535 3336 589 Διά
3366 535 3524 590 τοῦτο
3551 535 3703 608 ἱσχυ-
3761 546 3773 563 ⁸

466 628 651 681 dotion
697 642 866 681 vero:
908 645 925 678 ι
955 625 1247 696 Propterea
1284 628 1441 683 fortis
1495 630 1851 685 absconditus
1895 629 2036 684 Deus

465 733 710 772 servans.
743 737 762 768 ι
805 715 907 771 Ubi
942 733 1074 772 sane
1114 718 1271 774 valde
1302 721 1625 776 mirabiliter
1655 720 2035 775 absconditum

466 811 634 865 Deum
669 810 949 864 Christum
995 813 1242 865 nominat
1273 831 1286 866 :
1319 829 1530 868 necnon
1558 829 1778 868 causam
1820 829 2036 884 quoque

468 906 780 975 planissime
813 905 993 971 docet,
1027 915 1249 977 propter
1271 923 1432 978 quam
1467 925 1635 962 unum
1671 908 1871 977 ipsum,
1899 923 2037 977 qua-

465 1010 624 1054 tenus
657 1000 800 1053 inter
829 1015 892 1054 ea
925 1015 1046 1069 qua:
1087 1001 1269 1071 genita
1299 1011 1448 1069 sunt,
1498 1003 1832 1068 nominatur,
1866 1001 2035 1056 Deum

466 1101 642 1154 vocat,
676 1093 744 1146 oh
765 1092 944 1148 Patris
965 1095 1216 1149 videlicet
1238 1096 1292 1149 in
1315 1096 1432 1166 ipso
1463 1096 1852 1150 habitationem
1880 1113 1893 1148 :
1927 1113 1944 1145 ι
1976 1093 2034 1148 ln

464 1186 584 1253 ipso
616 1187 785 1250 enim,
818 1206 838 1238 ι
870 1195 929 1242 ut
955 1187 1174 1242 divinus
1219 1188 1377 1244 docet
1405 1189 1698 1259 Apostolus
1725 1190 1791 1253 ³⁵,
1833 1207 1851 1238 ‹
1888 1203 2036 1242 com—

463 1277 673 1346 placuit
703 1295 920 1334 omnem
950 1279 1344 1350 plenitudinem
1371 1281 1677 1336 divinitatis
1706 1281 1973 1335 habitare.
2011 1299 2030 1331 ι

464 1366 578 1421 Hoc
608 1369 785 1439 ipsum
826 1371 990 1424 verba
1036 1371 1152 1441 ipsa
1200 1371 1501 1438 declarant,
1551 1389 1672 1444 qua:
1706 1373 1786 1428 sic
1835 1387 1894 1426 se
1939 1371 2037 1424 ha-

463 1459 590 1510 bent
622 1478 633 1512 :
671 1476 689 1509 (
719 1459 988 1524 Quoniam
1023 1461 1078 1514 in
1121 1469 1174 1515 te
1208 1461 1351 1517 Deus
1398 1471 1504 1528 est,
1545 1472 1599 1519 et
1642 1479 1749 1517 non
1777 1470 1860 1516 est
1892 1461 2036 1518 Dens

462 1558 658 1617 praeter
692 1557 764 1604 te.
801 1570 820 1601 ι
852 1549 960 1604 Pro
992 1551 1085 1605 illo
1108 1566 1238 1605 vero
1281 1553 1427 1621 quod
1474 1561 1578 1617 est,
1619 1571 1636 1601 ι
1675 1559 1870 1622 praeter
1894 1559 1970 1615 te,
2011 1571 2030 1603 ι

459 1639 823 1704 Theodotion,
866 1660 884 1692 ι
919 1651 1112 1711 prmter
1152 1644 1328 1714 ipsum
1362 1663 1380 1695 ι
1417 1645 1804 1714 interpretatus
1837 1651 1952 1708 est,
1976 1650 2035 1698 ut

460 1733 565 1786 hoc
587 1733 749 1787 modo
773 1736 936 1788 verba
962 1750 1021 1790 se
1049 1736 1279 1790 habeant
1313 1755 1327 1790 :
1354 1754 1373 1787 ι
1403 1734 1520 1790 Νοη
1550 1744 1635 1791 est
1669 1735 1812 1792 Deus
1839 1743 2035 1806 praeter

461 1826 664 1896 ipsum,
702 1845 722 1878 ι
774 1841 900 1880 eum
953 1827 1208 1882 videlicet
1262 1843 1292 1881 a
1343 1844 1452 1898 quo
1486 1845 1566 1895 es,
1619 1844 1716 1899 per
1764 1843 1927 1898 quem
1971 1834 2030 1881 tu

2142 629 2231 697 ρὸς
2276 631 2539 698 κρυφαῖος
2582 627 2713 690 Θεὸς
2773 627 2976 692 σώζων.
3012 647 3030 680 ι
3099 628 3308 700 Σφόδρα
3378 628 3706 699 θαυμαστῶς

2140 722 2400 788 κρυφαῖον
2433 718 2563 770 Θεὸν
2591 719 2682 771 τὸν
2713 719 2942 789 Χριστὸν
2969 720 3248 790 ὀνομάζει·
3286 722 3379 775 καὶ
3404 722 3503 792 τὴν
3530 722 3706 777 αἰτίαν

2136 811 2212 873 δὲ,
2245 811 2310 864 δι’
2343 811 2409 881 ἢν
2438 812 2570 864 Θεὸν
2597 811 2758 864 αὑτὸν
2790 813 2949 882 μόνον
2981 813 3057 876 ὡς
3086 815 3142 866 ἐν
3166 817 3438 884 γεννητοῖς
3478 815 3614 884 μετά
3647 814 3707 868 τὸ

2138 901 2352 972 πρῶτον
2401 905 2494 956 καὶ
2533 903 2822 974 ἀγέννητον
2852 905 3134 968 ἀποκαλεῖ,
3166 906 3349 975 σαφῶς
3379 909 3702 974 ἐκδιδάσκει,

2136 993 2234 1062 τὴν
2280 993 2373 1045 τοῦ
2428 993 2637 1064 Πατρός
2683 997 2740 1048 ἐν
2789 995 2936 1066 αὑτῷ
2984 997 3319 1068 κατοίκησιν·
3350 1018 3368 1049 ι
3413 1000 3502 1053 Ἐν
3534 1000 3707 1071 τούτῳ

2137 1083 2296 1155 γάρ,›
2342 1084 2481 1137 κατά
2511 1085 2601 1137 τὸν
2635 1086 2775 1139 θεῖον
2807 1087 3119 1153 ἀπόστολον,
3162 1108 3178 1138 ι
3204 1089 3461 1160 εὑδόκησε
3498 1093 3603 1144 πᾶν
3646 1091 3708 1144 τὸ

2137 1174 2410 1246 πλήρωμα
2455 1176 2553 1244 τῆς
2597 1177 2848 1247 θεότητος
2893 1181 3232 1250 κατοικῆσαι.
3266 1201 3284 1232 ι
3343 1181 3510 1234 Τοῦτο
3558 1181 3709 1253 δηλοῖ

2138 1265 2418 1334 φάσκουσα
2457 1266 2689 1336 ἠλέξις·
2765 1287 2782 1320 ι
2821 1270 2941 1322 Ὅτι
2985 1273 3043 1326 ἐν
3089 1273 3171 1324 σοὶ
3222 1276 3250 1325 6
3278 1273 3408 1336 Θεός
3441 1275 3576 1336 ἐστι,
3610 1274 3705 1327 καὶ

2135 1359 2234 1410 οὑκ
2281 1358 2395 1410 ἐστι
2439 1358 2569 1423 Θεὸς
2619 1360 2757 1431 πλὴν
2803 1361 2918 1435 σοῦ.
2954 1381 2972 1412 ι
3050 1363 3192 1416 Ἀντὶ
3234 1365 3292 1416 δὲ
3329 1364 3442 1428 τοῦ,
3508 1385 3526 1416 ι
3565 1366 3704 1438 πλὴν

2138 1450 2252 1514 σοῦ,
2282 1471 2299 1500 ›
2351 1470 2369 1503 ι
2395 1452 2531 1522 πλὴν
2564 1453 2750 1519 αὑτοῦ,
2769 1473 2787 1505 ι
2821 1457 2849 1507 ό
2878 1455 3170 1510 Θεοδοτίων
3201 1459 3514 1527 πεποίηκεν,
3551 1460 3616 1511 ἵν’
3644 1455 3704 1533 fr

2143 1560 2160 1591 ι
2195 1541 2306 1592 Οὐκ
2352 1541 2467 1598 ἐστι
2500 1542 2632 1606 Θεὸς
2679 1544 2816 1615 πλὴν
2866 1546 3062 1612 αὑτοῦ,
3095 1567 3112 1598 ι
3158 1548 3353 1620 δηλαδὴ
3400 1549 3491 1602 τοῦ
3530 1553 3588 1604 ἐν
3623 1551 3710 1606 σοὶ

2135 1631 2288 1696 Θεοῦ,
2333 1633 2398 1686 δι’
2439 1634 2497 1686 ὃν
2541 1637 2634 1687 καὶ
2678 1637 2740 1688 σὺ
2790 1639 3076 1708 τυγχάνεις
3126 1639 3200 1692 ὣν
3245 1640 3397 1704 Θεός.
3446 1643 3601 1695 Κατά
3649 1643 3709 1698 δὲ

2133 1721 2224 1775 τὸν
2262 1724 2490 1779 Ἀκύλαν
2538 1725 2712 1790 οὕτως
2759 1728 2905 1798 ἔχει·
2976 1749 2995 1782 ι
3032 1731 3178 1801 Πλὴν
3225 1733 3282 1785 ἐν
3324 1734 3406 1786 σοὶ
3466 1734 3708 1806 ἰσχυρὸς,

2135 1817 2227 1871 καὶ
2277 1817 2375 1871 οὑκ
2421 1818 2565 1871 ἐστιν
2611 1819 2691 1872 ἔτι
2753 1820 2905 1893 παρά
2952 1823 3052 1876 σοί.
3132 1824 3263 1889 Θεὸς
3310 1826 3418 1897 ἄρα
3490 1829 3708 1900 ἰσχυρὸς

459 1893 676 1987 quoque
718 1917 770 1970 id
812 1918 1000 1984 habes,
1045 1927 1104 1971 ut
1141 1917 1312 1973 Filius
1344 1893 1443 1974 sis.
1490 1893 1597 1973 Sed
1619 1893 1820 1989 aqua}.
1847 1922 1924 1972 ita
1953 1918 2029 1972 in-

2133 1909 2227 1962 xal
2273 1908 2772 1980 ἀποκρυπτόμενος,
2821 1911 2952 1975 Θεὸς
2999 1913 3202 1978 σώζων.
3232 1933 3251 1965 ι
3315 1893 3472 1970 Κατά
3515 1893 3575 1971 δέ

459 2018 790 2080 terpretatus
817 2019 899 2066 est
932 2029 948 2066 :
989 2029 1007 2064 ι
1047 2010 1437 2068 Verumtamen
1472 2013 1527 2067 in
1558 2021 1609 2067 te
1640 2011 1820 2078 fortis,
1846 2020 2028 2068 etnon

458 2110 543 2157 est
589 2102 822 2172 amplius
849 2102 993 2174 apud
1041 2112 1117 2159 te.
1165 2103 1308 2160 Deus
1365 2120 1495 2174 ergo
1545 2104 1701 2160 fortis
1733 2113 1787 2160 et
1827 2105 2024 2169 latens,

456 2194 602 2250 Deus
644 2196 826 2249 salvos
858 2195 1085 2251 faciens.
1118 2216 1136 2248 ι
1175 2196 1536 2268 Symmachus
1562 2213 1693 2251 vero
1723 2198 1873 2251 solus
1908 2197 2024 2250 sic:

460 2303 480 2337 ι
521 2286 576 2339 In
600 2297 649 2341 te
679 2286 841 2352 Deus,
865 2295 919 2342 et
948 2304 1055 2342 non
1080 2296 1164 2344 est
1189 2290 1446 2359 amplius,
1466 2306 1644 2360 neque
1667 2290 1821 2345 adest
1844 2289 2024 2345 Deus:

453 2392 580 2430 vere
637 2385 692 2431 tu
739 2377 882 2433 Deus
930 2379 1312 2447 absconditus,
1339 2379 1482 2436 Deus
1512 2380 1680 2436 Israel
1723 2395 1970 2435 servans.
2003 2399 2021 2431 ι

455 2465 557 2520 Ubi
593 2466 738 2536 quod
771 2469 912 2522 Deus
949 2470 1021 2523 sit
1071 2467 1324 2525 Christus
1371 2469 1486 2535 Dei,
1525 2469 1691 2525 verba
1721 2470 1836 2539 ipsa
1870 2470 2029 2540 plane

455 2559 753 2614 declarant.
804 2579 822 2610 ι
852 2560 986 2614 Nam
1027 2570 1313 2632 prOpterea
1343 2563 1486 2632 quod
1513 2563 1565 2616 in
1607 2571 1679 2626 te,
1715 2562 1912 2633 inquit,
1945 2569 2029 2616 est

457 2653 623 2713 Deus.
657 2660 715 2705 tu
770 2668 900 2708 sane
941 2652 1083 2708 Deus
1116 2653 1272 2708 fortis
1319 2661 1372 2706 et
1417 2655 1799 2709 absconditus.
1832 2674 1850 2705 ι
1887 2655 2028 2723 Ergo

453 2759 522 2797 ex
554 2743 657 2806 his,
695 2742 837 2798 Deus
865 2759 1010 2798 unus
1049 2746 1172 2809 erit,
1205 2745 1298 2814 qui
1336 2745 1499 2813 hujus
1535 2745 1916 2814 appellationis
1943 2752 2028 2799 est

455 2831 742 2888 Dominus.
790 2833 961 2890 Filius
995 2843 1175 2889 autem
1207 2837 1466 2906 quoniam
1499 2835 1660 2890 Pater
1699 2837 1747 2890 ei
1784 2837 2027 2907 seipsum

457 2927 846 2989 communicat,
901 2926 970 2980 de
1025 2927 1525 2980 communicatione
1579 2927 1828 2983 veritatis
1880 2928 2060 2982 illius‘

455 3019 776 3086 dignitatem
807 3018 1037 3088 accepit,
1081 3019 1282 3090 quippe
1335 3021 1428 3090 qui
1454 3035 1629 3090 neque
1651 3035 1680 3072 a
1721 3021 1908 3088 seipso
1933 3020 2023 3084 sit,

455 3125 633 3184 neque
661 3112 729 3165 ab
755 3127 840 3174 eo,
865 3111 957 3184 qui
980 3113 1156 3180 ipsum
1183 3112 1391 3182 genuit,
1421 3110 1582 3166 Patre
1603 3110 1908 3176 deseratur,
1931 3111 2026 3166 sed

455 3201 558 3256 hoc
589 3204 766 3273 ipsum
801 3211 1000 3268 totum,
1035 3203 1179 3275 quod
1212 3213 1315 3269 est,
1353 3204 1496 3275 quod
1538 3204 1692 3268 vivit,
1725 3204 1867 3274 quod
1897 3203 2029 3260 sub-
2055 3233 2097 3291 ο

454 3292 623 3358 sistit,
670 3295 737 3347 ab
777 3309 842 3348 eo
890 3309 921 3347 ιι
952 3310 1060 3367 quo
1091 3301 1174 3349 est
1207 3293 1387 3359 Patre,
1424 3294 1686 3360 obtineat,
1715 3295 1810 3365 qui
1851 3310 2026 3365 neque

455 3381 670 3438 Patrem
705 3385 928 3450 deserit,
974 3393 1028 3440 et
1072 3386 1138 3440 ab
1183 3386 1277 3440 illo
1305 3385 1566 3458 gignitur,
1598 3394 1651 3442 et
1685 3397 1797 3440 tum
1841 3395 1900 3440 ut
1931 3388 2024 3452 sit,

453 3483 568 3528 tum
604 3484 664 3528 ut
692 3475 865 3534 Filius
893 3477 985 3542 sit,
1021 3494 1130 3532 non
1158 3493 1189 3531 a
1213 3479 1418 3550 seipso,
1460 3479 1553 3534 sed
1585 3494 1614 3533 a
1646 3477 1807 3534 Patre
1841 3479 2024 3534 habet.

455 3569 743 3638 Quocirca,
779 3572 986 3628 honore
1025 3573 1171 3630 hunc
1219 3588 1435 3649 quoque
1485 3572 1734 3628 utDeum
1772 3575 2026 3644 prosequi

451 3663 628 3718 edocti
671 3682 882 3730 smnus,
925 3666 1404 3737 quemadmodum.
1453 3684 1574 3739 qua:
1607 3683 1752 3722 nunc
1786 3676 2028 3722 tractau-

451 3765 562 3822 tur,
605 3758 900 3828 prophetiae
947 3759 1250 3815 declarant.
1286 3759 1356 3814 Ut
1405 3759 1550 3816 enim
1598 3759 1833 3828 alicujus
1881 3761 2027 3831 regis

447 3850 631 3920 imago
662 3853 1010 3906 veneratione
1053 3851 1192 3906 allici
1230 3852 1389 3918 solet,
1421 3861 1646 3925 propter
1681 3853 1831 3907 illum
1868 3853 2026 3923 cujus

449 3943 779 3999 lineamenta
819 3961 1079 4015 expressa
1131 3953 1185 3999 et
1234 3945 1647 4000 similitudinem
1694 3944 1800 4002 fert
1845 3945 2027 4014 (cane-

448 4051 594 4098 rmn,
631 4039 882 4108 quamvis
913 4046 967 4092 et
1009 4038 1189 4107 imago
1233 4037 1400 4104 regis,
1447 4045 1500 4091 et
1536 4037 1652 4107 ipse
1685 4054 1779 4092 rex
1818 4037 2026 4094 honore

448 4124 736 4192 afficiatur,
775 4144 917 4182 unus
950 4137 1130 4182 tamen
1161 4127 1264 4180 erit
1295 4129 1386 4196 qui
1414 4128 1733 4193 honoretur,
1761 4144 1872 4184 non
1892 4130 2021 4185 duo.

446 4214 567 4268 Non
601 4218 745 4272 enim
785 4219 894 4273 duo
927 4235 1107 4290 reges,
1142 4237 1309 4286 unus,
1356 4222 1566 4291 primus
1597 4230 1652 4277 et
1684 4239 1847 4278 verus
1889 4243 1902 4278 :
1947 4225 2024 4277 al-

448 4315 550 4366 ter,
592 4311 682 4379 qui
735 4311 852 4381 ipsa
885 4313 1122 4382 imagine
1156 4315 1227 4368 sit
1281 4329 1595 4386 expressus,
1647 4317 1742 4372 sed
1786 4334 1929 4373 unus
1969 4318 2023 4372 in

448 4408 682 4470 utroque
712 4419 818 4457 non
848 4404 1010 4457 modo
1044 4405 1387 4478 intelligitur,
1417 4424 1607 4463 verum
1651 4409 1814 4463 etiam
1847 4410 2025 4464 nomi-

448 4499 612 4544 natur
641 4501 805 4561 atque
838 4492 1180 4566 honoratur),
1213 4497 1293 4550 sic
1339 4512 1473 4552 sane
1531 4498 1845 4569 unigenitus
1888 4517 2025 4572 quo-

2131 2001 2425 2072 Σὺμμαχον
2463 2002 2640 2072 μόνον·
2684 2021 2702 2054 ι
2749 2002 2838 2057 Ἐν
2877 2005 2959 2057 σοὶ
2990 2005 3142 2070 Θεὸς,
3176 2007 3270 2060 καὶ
3299 2009 3397 2061 οὑκ
3429 2010 3578 2063 ἐστιν
3605 2011 3707 2077 ἔτι,

2129 2094 2237 2147 οὐδ’
2282 2095 2517 2166 ὑπάρχει
2551 2096 2716 2160 Θεόςο
2761 2096 2929 2160 ὅντως
2972 2099 3036 2152 σὺ
3079 2099 3212 2163 Θεὸς
3249 2106 3540 2173 κρυφαῖος,
3576 2104 3708 2169 Θεὸς

2143 2186 2355 2258 Ἰσραὴλ
2401 2186 2653 2252 σώζων.·›
2717 2190 2794 2241 Δι’
2831 2182 2906 2242 ὧν
2943 2191 3005 2243 τὸ
3049 2191 3219 2244 αἴτιον
3261 2194 3354 2246 τοῦ
3395 2193 3529 2249 εἷναι
3569 2196 3703 2252 Θεὸν

2127 2277 2219 2331 τὸν
2250 2280 2480 2352 Χριστὸν
2525 2281 2618 2333 τοῦ
2645 2280 2805 2348 Θεοῦ,
2849 2282 3036 2352 σαφῶς
3074 2286 3102 2337 ό
3134 2285 3291 2354 λόγος
3343 2289 3704 2360 παρέστησεν.

2136 2388 2154 2422 ‹
2178 2369 2328 2422 Ἐπεὶ
2377 2371 2484 2442 γὰρ
2518 2372 2576 2423 ἐν
2607 2371 2708 2434 σοὶ,
2748 2391 2766 2422 ι
2807 2372 2990 2441 φησιν,
3054 2391 3072 2422 ι
3099 2374 3218 2426 ἐστὶ
3245 2375 3396 2439 Θεὸς,
3421 2376 3506 2429 διὰ
3545 2376 3707 2432 τοῦτο

2131 2464 2196 2516 σὺ
2223 2463 2352 2526 Θεὸς
2380 2464 2594 2535 ἰσχυρὸς
2623 2465 2716 2517 καὶ
2746 2466 3028 2536 κρυφαῖος.
3062 2483 3079 2515 ι
3134 2467 3341 2520 Οὐκοῦν
3373 2467 3460 2521 διὰ
3502 2469 3709 2525 τούτων

2129 2558 2157 2608 6
2194 2557 2292 2627 μὲν
2346 2555 2549 2627 ἀληθὴς
2596 2557 2692 2610 καὶ
2732 2557 2892 2627 μόνος
2934 2556 3086 2620 Θεὸς,
3123 2553 3204 2622 εἷς
3261 2559 3326 2613 ἂν
3374 2561 3490 2631 εἴη,
3549 2562 3712 2632 μόνος

2130 2648 2334 2719 κυρίως
2378 2649 2658 2719 τυγχάνων
2701 2650 2799 2719 τῆς
2843 2651 3245 2723 προσηγορίαςο
3296 2655 3324 2705 6
3363 2653 3416 2705 δὲ
3455 2654 3710 2725 δεύτερος

2133 2740 2390 2811 μετουσίᾳ
2427 2739 2520 2792 τοῦ
2569 2740 2798 2810 ἀληθοῦς
2840 2742 2938 2812 τῆς
2978 2743 3256 2806 κοινωνίας
3296 2743 3542 2812 ἠξίωται,
3581 2745 3706 2799 οῦτε

2129 2831 2204 2884 ὢν
2233 2833 2350 2886 καθ’
2381 2833 2590 2898 ἑαυτὸν,
2615 2834 2736 2888 οῦτε
2770 2835 3016 2904 ὑφεστὼς
3045 2837 3163 2908 δίχα
3202 2837 3294 2890 τοῦ
3331 2837 3705 2906 θεοποιοῦντος

2129 2925 2290 2978 αὑτὸν
2314 2926 2554 2998 Πατρὸς,
2597 2926 2707 2980 οὔτ’
2735 2927 2860 2981 ἄνευ
2889 2929 2982 2982 τοῦ
3018 2929 3231 3000 Πατρὸς
3270 2929 3511 2999 θεολογοὺ
3521 2947 3704 3001 μενος,

2130 3016 2243 3069 ἀλλ’
2275 3017 2396 3070 ὅλον
2437 3019 2568 3071 αὐτὸ
2612 3019 2768 3072 τοῦτο
2813 3019 2889 3073 ὢν
2925 3038 2985 3072 τε
3025 3021 3120 3074 καὶ
3153 3019 3262 3085 ζῶν
3298 3023 3392 3075 καὶ
3434 3021 3704 3092 ὑφεστὼς,

2129 3106 2217 3162 διὰ
2256 3108 2344 3161 τὸν
2384 3109 2443 3161 ὲν
2484 3109 2632 3179 αὐτῷ
2673 3111 2918 3182 Πατέρα,
2969 3111 3139 3165 συνών
3181 3129 3241 3165 τε
3287 3113 3362 3185 τῷ
3387 3114 3581 3186 Πατρὶ,
3614 3114 3709 3168 καὶ

2133 3198 2191 3266 ἐξ
2231 3198 2416 3264 αὑτοῦ,
2461 3201 2555 3254 καὶ
2594 3201 2662 3254 δι’
2699 3202 2859 3255 αὑτὸν
2893 3202 3325 3274 θεοποιοὺμενος,
3365 3205 3426 3258 τό
3463 3223 3522 3258 τε
3567 3202 3707 3260 εἶναι

2131 3289 2266 3361 ὁμοῦ
2302 3292 2396 3344 καὶ
2436 3292 2497 3344 τὸ
2519 3292 2650 3358 Θεὸς
2690 3290 2828 3346 εἶναι
2859 3295 2958 3347 οὐκ
2995 3295 3052 3361 ἐξ
3092 3296 3306 3360 ἑαυτοῦ,
3349 3297 3500 3368 παρά
3526 3297 3583 3352 δὲ
3609 3297 3704 3350 τοῦ

2132 3382 2344 3453 Πατρὸς
2375 3384 2642 3454 ἐσχηκώς.
2677 3386 2768 3438 Διὸ
2795 3386 2859 3459 δὴ
2897 3387 3036 3458 μετά
3063 3389 3154 3441 τὸν
3170 3389 3388 3462 Πατέρα
3417 3392 3580 3462 τιμᾷν
3611 3393 3704 3444 καὶ

2132 3475 2294 3528 αὐτὸν
2324 3475 2398 3540 ὡς
2430 3477 2560 3531 Θεὸν
2604 3478 2978 3550 ἐδιδάχθημεν,
3011 3480 3097 3535 διὰ
3127 3483 3216 3535 τὸν
3249 3487 3307 3538 ἐν
3343 3484 3489 3554 αὑτῷ
3523 3501 3707 3538 κατοι-

2131 3567 2329 3621 κοῦντα
2358 3568 2510 3633 Θεὸν,
2544 3571 2829 3644 ὠσπεροῦν
2866 3574 2924 3626 αἱ
2967 3574 3106 3644 μετά
3151 3579 3341 3648 χεῖρας
3393 3579 3705 3650 περιέχουσι

2130 3665 2475 3731 προφητεῖαι.
2522 3664 2610 3728 Ὠς
2635 3664 2744 3736 γὰρ
2777 3664 2841 3717 ἂν
2873 3666 3124 3738 τιμηθείη
3150 3668 3414 3737 βασιλέως
3432 3668 3593 3722 εἰκὼν
3617 3669 3704 3722 διὰ

2128 3749 2248 3816 τὸν,
2294 3745 2354 3805 οῦ
2393 3754 2520 3814 τοὺς
2561 3755 2914 3826 χαρακτῆρας
2955 3756 3048 3808 καὶ
3092 3757 3190 3828 τὴν
3235 3759 3495 3829 ὁμοίωσιν
3545 3760 3701 3832 φέρει

2131 3843 2465 3914 (τιμωμένης
2499 3845 2555 3898 δὲ
2586 3848 2684 3917 τῆς
2710 3848 2935 3912 εἰκόνος,
2973 3850 3064 3902 καὶ
3092 3850 3183 3903 τοῦ
3218 3852 3481 3922 βασιλέως
3519 3853 3707 3919 αὑτοῦ,

2129 3930 2209 3999 εἷς
2241 3935 2304 3989 ἂν
2336 3941 2363 3990 6
2389 3936 2696 4008 τιμώμενος
2722 3940 2816 3993 καὶ
2847 3941 2905 3993 οὔ
2935 3940 3026 3993 δύο
3046 3981 3061 3995 .
3089 3943 3162 3994 Οὐ
3187 3944 3296 4015 γὰρ
3322 3945 3414 3998 δύο
3441 3945 3701 4014 βασιλεῖς,

2127 4029 2155 4080 ὃ
2179 4029 2237 4080 τε
2267 4027 2480 4100 πρῶτος
2508 4030 2600 4083 καὶ
2621 4031 2845 4104 ἀληθὴς,
2879 4033 2972 4086 καὶ
3006 4036 3033 4086 ὁ
3061 4035 3153 4086 ἐπὶ
3173 4036 3274 4106 τῆς
3305 4038 3508 4100 εἰκόνος
3542 4055 3699 4090 τετυ-

2129 4121 2398 4191 πωμένος,
2423 4117 2501 4186 εἷς
2522 4123 2566 4176 δ’
2583 4126 2610 4177 6
2633 4126 2750 4177 κατ’
2774 4125 3120 4198 ἀμφοτέρων,
3136 4129 3194 4180 οὑ
3216 4128 3374 4198 μόνον
3395 4129 3512 4181 νοοὺ
3523 4147 3701 4199 μενος,

2128 4214 2264 4269 ἀλλὰ
2283 4216 2376 4268 καὶ
2397 4215 2794 4287 ὀνομαζόμενος
2815 4219 2907 4270 καὶ
2927 4217 3273 4290 τιμώμενος),
3295 4218 3436 4270 οῦτω
3454 4219 3586 4289 δῆτα
3609 4218 3706 4272 καὶ

2127 4309 2156 4360 ὁ
2178 4308 2470 4379 μονογενὴς
2489 4306 2634 4372 Υἱὸς,
2664 4307 2825 4362 εἰκὼν
2849 4307 2924 4363 ὣν
2958 4309 3114 4380 μόνος
3135 4308 3227 4361 τοῦ
3253 4309 3386 4362 Θεοῦ
3416 4310 3506 4364 τοῦ
3538 4312 3708 4382 ἀορά-

2124 4415 2241 4466 του,
2279 4400 2502 4465 εἰκότως
2534 4401 2622 4454 διὰ
2662 4401 2785 4466 τὸν,
2822 4392 2882 4454 οὗ
2933 4402 3084 4472 φέρει
3132 4402 3423 4471 ὁμοίωσιν,
3454 4405 3616 4458 εἰκών
3642 4423 3706 4458 τε

2128 4491 2493 4562 ἀνηγόρευται
2528 4493 2622 4545 τοῦ
2651 4494 2882 4564 ἀοράτου
2913 4493 3068 4557 Θεοῦ,
3113 4493 3435 4550 θεοποιεῖταί
3475 4514 3534 4548 τε
3571 4497 3706 4567 πρὸς

447 4597 553 4651 que
602 4580 794 4647 Filius,
848 4601 973 4638 cum
1030 4587 1180 4641 solus
1223 4588 1296 4642 sit
1339 4588 1516 4660 imago
1566 4589 1660 4644 Dei
1709 4593 2022 4660 invisibilis,

2131 4581 2292 4634 αὑτοῦ
2319 4581 2412 4634 τοῦ
2441 4584 2654 4654 Πατρός
2673 4601 2684 4612 ·
2714 4583 2855 4637 οὓτω
2892 4582 3150 4652 πεφυκὼς
3176 4585 3276 4654 τὴν
3307 4587 3513 4648 οὑσίαν,
3550 4587 3709 4639 αὑτό-

444 4675 608 4746 227
635 4677 830 4730 merito
862 4687 1082 4748 propter
1113 4693 1236 4732 eum
1262 4719 1277 4743 ,
1325 4681 1484 4748 cujus
1541 4680 1646 4736 fert
1706 4683 2026 4740 similitudi-

445 4782 606 4830 nem,
651 4774 706 4821 et
759 4767 938 4838 imago
978 4769 1282 4839 appellatur
1325 4771 1419 4826 Dei
1472 4771 1802 4839 invisibilis,
1855 4784 1909 4830 et
1957 4775 2026 4830 al)

447 4859 567 4926 ipso
631 4858 791 4914 Patre
841 4859 1071 4914 eﬂicitur
1103 4880 1116 4914 :
1154 4864 1353 4933 quippe
1413 4864 1506 4934 qui
1555 4866 1649 4919 tali
1681 4866 1900 4922 existat
1973 4874 2026 4922 et

445 4955 643 5001 natura
677 4958 730 5003 et
757 4951 1018 5015 essentia,
1042 4951 1277 5022 indeque
1307 4967 1372 5008 ex
1398 4970 1506 5024 quo
1529 4955 1764 5023 primum
1790 4958 2020 5022 exstitit,

447 5051 557 5089 non
612 5039 1026 5108 acquisititiam,
1088 5038 1183 5093 sed
1233 5041 1538 5094 naturalem
1596 5040 1772 5096 Patris
1824 5042 2020 5112 imagi-

448 5146 571 5184 nem
611 5130 830 5187 rcferat.
884 5131 1064 5202 Quare
1121 5131 1264 5186 idem
1309 5141 1507 5186 natura
1564 5132 1728 5196 Deus,
1784 5143 1838 5188 et
1881 5135 2024 5188 idem

448 5221 759 5290 unigenitus
803 5220 975 5277 Filius
1002 5219 1236 5287 exsiStit,
1282 5236 1392 5275 non
1447 5230 1627 5277 autem
1691 5230 1750 5276 ut
1783 5222 1893 5286 illi,
1930 5224 2024 5293 qui

445 5313 790 5367 extrinsecus
822 5320 1197 5375 assumuntur,
1239 5312 1549 5383 adoptatus,
1580 5313 1783 5383 quique
1823 5313 2026 5366 adven-

445 5404 625 5456 titium
661 5405 857 5460 divinae
889 5405 1269 5477 appellationis
1323 5405 1586 5460 honorem
1619 5405 1919 5474 possident.
1955 5404 2024 5458 At

445 5496 593 5549 enim
621 5497 720 5551 etsi
754 5505 946 5550 natura
980 5496 1291 5570 unigenitus
1322 5494 1514 5561 Filius,
1559 5494 1808 5565 Deusquc
1839 5504 2026 5550 noster

446 5588 778 5652 celebratur,
801 5607 907 5643 non
936 5599 1116 5654 tamen
1157 5606 1185 5643 a
1219 5589 1398 5661 seipso
1438 5588 1616 5651 Deus,
1661 5587 1755 5642 sed
1795 5603 1863 5643 ex
1916 5587 2024 5644 Deo

443 5675 611 5738 Patre
644 5679 954 5749 unigenitus
985 5679 1179 5745 Filius,
1210 5689 1264 5736 et
1291 5681 1494 5736 idcirco
1527 5678 1690 5735 Deus.
1717 5678 2024 5749 Totumque

507 5853 557 5892 ”
583 5853 796 5914 Coloss.
835 5871 870 5908 I.
911 5854 988 5906 l9.

2130 4672 2221 4725 θεν
2263 4691 2321 4726 τε
2369 4675 2478 4727 ἀπὸ
2530 4674 2754 4748 πρώτης
2791 4675 3080 4748 ὑπάρξεως
3133 4678 3400 4746 φυσικὴν,
3443 4677 3555 4730 ἀλλ’
3607 4678 3705 4731 οὑκ

2130 4763 2419 4834 ἐπίκτητον
2453 4763 2551 4834 τὴν
2595 4765 2776 4818 εἰκόνα
2823 4764 2916 4818 τοῦ
2963 4764 3172 4835 Πατρὸς
3215 4767 3571 4836 ἐπαγόμενος.
3613 4765 3704 4819 Διὸ

2128 4856 2222 4908 καὶ
2256 4855 2414 4923 φύσει
2463 4855 2594 4918 Θεὸς
2643 4855 2778 4927 ὁμοῦ
2833 4855 2925 4909 καὶ
2962 4854 3252 4926 μονογενὴς
3296 4856 3420 4918 Υἱὸς
3461 4855 3534 4908 ὢν
3576 4872 3706 4924 τυγ-

2128 4947 2298 5016 χάνει,
2338 4947 2458 5016 οὑχὶ
2505 4946 2561 5001 δὲ
2615 4948 2814 5017 ὁμοίως
2861 4949 2971 5009 τοῖς
3028 4943 3223 5008 ἔξωθεν
3253 4945 3702 5017 εἰσποιουμένοις,

2127 5039 2565 5110 ἐπιπμὸεὗηκός
2599 5057 2657 5093 τε
2705 5041 2766 5092 τὸ
2808 5040 3021 5109 ἀξίωμα
3071 5037 3172 5107 τῆς
3219 5037 3312 5090 τοῦ
3346 5038 3479 5090 Θεοῦ
3535 5056 3704 5109 προσ-

2125 5131 2354 5202 ηγορίας
2376 5131 2646 5202 ἐπέχουσι.
2677 5132 2820 5202 Πλὴν
2849 5134 2897 5184 εί
2931 5132 3025 5185 καὶ
3054 5131 3212 5199 φύσει
3246 5132 3536 5202 μονογενὴς
3574 5131 3701 5194 Υἱὸς

2128 5227 2222 5277 καὶ
2265 5225 2394 5288 Θεὸς
2439 5223 2596 5295 ἡμῶν
2645 5225 3070 5296 ἀνευφημείται,
3111 5223 3245 5276 ἀλλά
3279 5223 3376 5292 οὑχ
3412 5224 3439 5274 6
3489 5223 3703 5294 πρῶτος

2127 5312 2278 5377 Θεὸς,
2307 5315 2521 5386 πρῶτος
2559 5315 2615 5369 δὲ
2646 5312 2738 5366 τοῦ
2775 5313 2909 5366 Θεοῦ
2964 5313 3258 5384 μονογενὴς
3305 5312 3449 5375 Υἱὸς,
3480 5313 3571 5365 καὶ
3615 5312 3704 5365 διὰ

2127 5408 2284 5458 τοῦτο
2315 5407 2460 5470 Θεός.
2498 5408 2608 5460 Καὶ
2635 5408 2752 5462 ὅλον
2783 5426 2843 5477 γε
2880 5407 3038 5460 τοῦτο
3060 5407 3230 5460 αἴτιον
3259 5405 3326 5458 ἂν
3355 5405 3440 5475 εἴη
3476 5404 3568 5457 τοῦ
3610 5405 3704 5459 καὶ

2127 5497 2287 5549 αὑτὸν
2345 5496 2483 5550 εἶναι
2528 5499 2694 5564 Θεὸν,
2749 5499 2810 5552 τὸ
2851 5502 3010 5572 μόνον
3055 5496 3189 5553 εἶναι
3245 5499 3403 5567 φύσει
3436 5498 3527 5550 τοῦ
3566 5494 3702 5552 Θεοῦ

2129 5588 2283 5652 Υίὸν,
2319 5589 2412 5642 καὶ
2465 5592 2726 5660 μονογενῆ
2769 5590 3130 5665 χρηματίζειν
3155 5634 3168 5654 ,
3222 5592 3317 5645 καὶ
3359 5591 3420 5643 τὸ
3471 5591 3538 5644 δι’
3581 5591 3703 5646 ὅλου

2075 5753 2086 5764 δ
2130 5679 2322 5746 σώζειν
2347 5680 2439 5735 τοῦ
2465 5683 2624 5752 μόνου
2649 5683 2781 5736 Θεοῦ
2806 5685 2905 5756 τὴν
2935 5683 3174 5755 ἔμψυχον
3195 5684 3286 5736 καὶ
3310 5683 3491 5748 ζῶσαν
3514 5682 3706 5755 νοερὰν
