4110 6470
477 446 583 501 373

1387 447 2042 505 DEMONSTRATIONIS
2081 445 2536 504 EVANGELlCzE
2577 446 2702 499 LIB.
2754 446 2816 502 ν.

3613 450 3717 504 578

474 558 678 624 εἰκόνα,
713 561 850 615 κατὰ
885 561 1056 614 πάντα
1089 560 1165 631 τῷ
1191 563 1365 633 Πατρὶ
1404 562 1910 633 παρωμοιωμένην,
1953 578 2022 614 κα

2149 560 2253 614 hoc
2282 573 2412 614 sane
2450 574 2616 614 causa
2659 559 2804 622 erit,
2857 573 2955 611 cur
2999 558 3112 628 ipse
3142 573 3359 629 quoque
3403 559 3474 614 sit
3530 558 3711 625 Deus,

471 649 574 718 τῆς
611 651 857 723 θεότητός
901 670 958 705 τε
992 653 1158 723 αὐτῆς
1202 653 1297 724 τὴν
1334 655 1589 723 ὁμοίωσιν
1624 653 2040 723 ἐπιφερομένην.

471 738 662 815 Ταύτῃ
684 743 967 814 τοιγαροῦν
999 744 1092 796 καὶ
1116 744 1295 808 αὑτὸν,
1323 743 1468 796 ὼσὰν
1498 745 1657 814 μόνον
1684 743 1809 795 Υἰὸν
1838 743 1930 794 καὶ
1951 743 2045 812 μό-

480 850 568 885 νον
607 835 786 888 εἰκόνα
833 834 958 887 ϐντα
1012 835 1104 888 τοῦ
1154 835 1322 900 Θεοῦ,
1357 836 1450 888 καὶ
1479 835 1579 904 τῆς
1608 835 1901 905 άγεννήτου
1952 833 2043 888 καί¹

479 924 714 994 ἀνάρχου
761 923 853 977 τοῦ
885 925 1098 997 Πατρὸς
1136 926 1323 990 οὐσίας
1363 925 1462 990 τὰς
1513 926 1766 996 δυνάμεις
1799 924 1938 980 κατὰ
1982 925 2043 978 τὸ

369 1069 371 1077 ,
479 1015 821 1084 παράδειγμα
852 1016 950 1085 τῆς
980 1015 1291 1086 ὁμοιώσεως
1322 1017 1801 1088 περιϐεϐλημένον,
1841 1017 1946 1070 ὑπό
1982 1035 2042 1070 τε

369 1101 372 1106 “
475 1103 566 1155 τοῦ
599 1105 813 1158 πάντων
855 1107 1246 1175 τεχνικωτάτω
1293 1108 1386 1160 καὶ
1425 1109 1893 1180 πανεπιστήμονος
1933 1109 2040 1172 ζω-

473 1195 682 1264 γράφου
711 1213 771 1248 τε
818 1195 912 1248 καὶ
944 1196 1205 1261 ζωοποιοῦ
1235 1199 1449 1270 Πατρὸς
1482 1201 1560 1263 εἰς
1601 1200 1659 1253 τὸ
1706 1200 1784 1252 ἔτι
1819 1201 2040 1270 ἀκριϐὲς

469 1286 568 1356 τῆς
600 1287 913 1358 ὁμοιώσεως
933 1291 1388 1362 ἀπειργασμένον,
1418 1291 1550 1346 Θεὸν
1584 1293 1806 1358 εἰκότως
1827 1295 1876 1346 οἱ
1907 1294 2039 1347 θεῖοι

465 1377 856 1449 ἀναγορεύουσι
894 1381 1062 1449 λόγοι,
1090 1381 1188 1445 ὡς
1207 1384 1300 1435 καὶ
1329 1382 1533 1454 ταύτης
1565 1385 1702 1455 μετὰ
1732 1385 1840 1439 τῶν
1867 1385 2038 1439 ἄλλων

466 1469 617 1540 παρὰ
647 1471 742 1524 τοῦ
775 1473 990 1544 Πατρὸς
1022 1473 1322 1544 ἠξιωμένον
1357 1477 1747 1549 προσηγορίας,
1782 1477 2038 1549 εἰληφότα

465 1577 542 1625 τε,
571 1561 684 1615 ἀλλ’
707 1565 808 1617 οὐκ
837 1564 1130 1636 ἰδιόκτητον
1173 1566 1341 1638 αὐτὴν
1373 1569 1662 1639 ἐσχηκότα.
1701 1570 1758 1622 Ὁ
1798 1569 1895 1640 μὲν
1928 1570 2036 1643 γὰρ

463 1652 693 1717 δίδωσιν,
725 1657 754 1707 ὁ
782 1655 838 1708 δὲ
869 1655 1164 1727 λαμϐάνειο
1190 1655 1330 1710 ὥστε
1362 1659 1565 1730 κυρίως
1596 1661 1688 1714 καὶ
1709 1659 1804 1714 ἕνα
1831 1663 2035 1716 ἐκεῖνον

461 1743 600 1801 εἶναι
629 1748 782 1814 Θεὸν,
834 1750 928 1802 καὶ
963 1749 1120 1820 μόνον
1155 1749 1252 1820 μὲν
1281 1751 1373 1804 καὶ
1416 1749 1573 1820 φύσει
1619 1751 1779 1816 ὄντα,
1823 1753 1917 1806 καὶ
1957 1755 2032 1824 μὴ

463 1838 593 1908 παρ’
628 1838 815 1909 ἐτέρου
851 1838 1084 1892 λαϐόντα
1105 1855 1117 1868 ’
1157 1839 1246 1892 τὸν
1279 1839 1335 1892 δὲ
1366 1841 1474 1894 τῶν
1511 1841 1826 1913 δευτερείων
1868 1843 2030 1912 ἠξιῶ-

2145 637 2292 720 quod
2316 651 2466 707 solus
2498 652 2569 706 sit
2596 659 2790 705 natura
2817 650 2909 704 Dei
2942 648 3144 716 Filius,
3178 658 3232 704 et
3271 650 3586 720 unigenitus
3620 666 3715 721 ap-

2145 742 2392 811 pelletur,
2425 751 2479 796 et
2508 743 2652 812 quod
2681 757 3068 812 usquequaque
3091 751 3376 796 conservet
3407 742 3562 811 ejus,
3619 745 3713 814 qui

2146 831 2296 884 solus
2325 837 2408 884 est
2431 830 2596 893 Deus,
2632 831 2922 884 animatam
2949 836 3002 883 et
3038 829 3216 882 vivam
3242 836 3295 884 et
3322 829 3711 900 intelligentem

2145 919 2455 990 imaginem,
2480 927 2533 974 et
2554 920 2609 973 in
2636 919 2889 973 omnibus
2912 918 3016 988 ipsi
3040 917 3190 971 Patri
3223 918 3578 972 assimilatam
3599 957 3614 982 ,
3657 925 3712 972 et

2143 1027 2263 1066 eam
2293 1028 2414 1082 quae
2443 1011 2538 1066 Dei
2586 1011 2758 1082 ipsius
2804 1010 3125 1066 substantia:
3156 1009 3713 1083 similitudinemprtn

2144 1120 2202 1160 se
2232 1103 2390 1159 ferat.
2411 1103 2523 1158 Hac
2544 1119 2671 1173 ergo
2700 1103 2766 1157 de
2793 1116 2956 1158 causa
2985 1103 3161 1171 ipsum
3191 1117 3426 1172 quoque,
3450 1109 3712 1166 tanquam

2141 1212 2265 1252 eum
2294 1197 2388 1267 qui
2421 1196 2571 1252 solus
2603 1194 2795 1258 Filius,
2827 1205 2880 1249 et
2905 1194 3056 1249 solus
3085 1192 3182 1248 Dei
3214 1193 3392 1264 imago
3415 1193 3508 1256 sit,
3541 1198 3595 1246 et
3621 1193 3708 1247 in-

2141 1288 2307 1358 geniti
2340 1303 2403 1342 ac
2437 1287 2702 1358 principio
2732 1287 2969 1340 carentis
2997 1285 3183 1340 Patris
3215 1285 3467 1342 essentia:
3486 1324 3502 1349 ,
3531 1284 3708 1339 virtu-

2139 1388 2222 1436 tes
2248 1379 2545 1436 secundum
2575 1380 2882 1448 exemplum
2914 1377 3328 1433 assimilationis
3361 1376 3586 1432 indutus
3606 1417 3620 1442 ,
3655 1383 3710 1431 et

2140 1474 2207 1528 ab
2260 1473 2539 1528 hominum
2583 1471 3043 1526 artiﬁciosissimo
3077 1476 3131 1524 et
3177 1469 3544 1524 scientissime
3583 1469 3710 1523 vitae

2137 1565 2482 1636 designatore
2523 1573 2576 1620 et
2605 1571 2828 1619 auctore
2858 1561 3052 1625 Patre,
3106 1559 3174 1613 ad
3223 1558 3485 1616 amussim
3531 1565 3586 1612 et
3638 1555 3708 1610 ad

2137 1665 2339 1711 certam
2388 1655 2826 1726 exquisitamque
2880 1652 3331 1708 assimilationem
3388 1666 3705 1721 expressus,

2135 1748 2303 1804 Deum
2327 1749 2522 1804 merito
2551 1747 2736 1802 divina
2757 1746 3027 1817 appellant
3053 1744 3274 1799 oracula
3297 1782 3312 1808 ,
3353 1749 3414 1808 ut
3444 1758 3550 1796 una
3581 1758 3707 1797 cum

2135 1841 2346 1896 caeteris
2375 1840 2442 1895 ad
2468 1839 2609 1893 hanc
2645 1853 2860 1910 quoque
2891 1835 3270 1908 appellationis
3304 1833 3645 1906 dignitatem,
3675 1848 3706 1886 a

461 1924 608 1990 σθαι,
645 1928 738 1980 καὶ
775 1927 836 1980 τὸ
884 1928 1014 1981 Θεὸν
1058 1922 1193 1981 εἶναι
1222 1926 1453 1982 λαϐόντα
1500 1931 1647 2000 παρὰ
1687 1931 1780 1984 τοῦ
1818 1933 2022 2004 Πατρὸς

2132 1934 2291 1989 Patre
2321 1941 2608 2005 provectus
2650 1933 2740 1996 sit,
2763 1946 2993 2001 eamque
3033 1928 3344 1998 acceperit,
3387 1941 3495 1982 non
3526 1934 3705 1980 autem

461 2015 624 2087 ἔχειν,
662 2017 808 2071 ὡσὰν
849 2019 1034 2072 εἰκόνα
1063 2018 1155 2071 τοῦ
1181 2019 1340 2086 Θεοῦ,
1377 2023 1506 2092 μιᾶς
1533 2024 1619 2076 ἐπ’
1656 2025 1857 2095 ἀμφοῖν
1885 2025 2022 2079 κατὰ

2126 2043 2194 2082 ex
2223 2025 2446 2097 preprio
2474 2025 2602 2095 jure
2632 2021 3016 2094 possidendam
3045 2020 3318 2075 habuerit.
3345 2018 3592 2089 Namque
3615 2017 3707 2071 ille

449 2104 515 2157 τὸ
559 2107 906 2178 παράδειγμα
935 2108 1036 2179 τῆς
1070 2109 1321 2180 θεότητος
1352 2113 1768 2184 ὲπινοουμένης,
1804 2115 1921 2178 ἑνός
1964 2133 2022 2168 τε

2125 2117 2342 2189 quidem
2378 2116 2490 2182 dat,
2522 2115 2610 2169 hic
2635 2129 2766 2169 vero
2797 2113 3025 2183 accipit;
3059 2113 3244 2183 itaque
3279 2125 3381 2166 suo
3408 2109 3534 2180 jure
3557 2123 3704 2162 unus

450 2192 602 2258 ὄντος
635 2196 767 2249 Θεοῦ
795 2198 888 2251 τοῦ
931 2199 1052 2253 καθ’
1082 2201 1272 2255 ἑαυτὸν
1303 2203 1554 2273 δινάρχως
1580 2205 1676 2257 καὶ
1717 2206 2022 2277 άγεννήτως

2126 2206 2216 2260 ille
2237 2212 2321 2260 est
2341 2203 2504 2266 Deus,
2523 2202 2617 2272 qui
2647 2217 2756 2257 non
2787 2202 2855 2256 ab
2878 2201 3049 2254 altero
3080 2199 3308 2268 accepit.
3337 2196 3436 2251 llic
3465 2205 3648 2252 autem
3670 2211 3703 2250 a

446 2281 616 2348 ὄντος,
641 2285 728 2340 διὰ
748 2288 805 2342 δὲ
821 2289 916 2342 τοῦ
942 2289 1094 2356 Υἰοῦ,
1128 2292 1277 2346 ὡσὰν
1301 2293 1368 2346 δι’
1386 2295 1649 2365 ἐσόπτρου
1679 2296 1772 2348 καὶ
1793 2297 2019 2362 εἰκόνος,

2125 2289 2283 2345 Patre
2300 2290 2461 2344 habet
2486 2297 2545 2344 ut
2565 2287 2708 2344 Deus
2729 2287 2821 2354 sit,
2840 2295 3099 2357 tanquam
3125 2286 3220 2340 Dei
3244 2286 3424 2355 imago
3451 2305 3463 2341 :
3491 2291 3699 2356 utpote,

445 2375 938 2451 ἐπιθεωρουμὲνου.
974 2382 1146 2436 Τοῦτό
1167 2401 1248 2436 τοι
1283 2385 1379 2436 καὶ
1408 2385 1468 2437 τὸ
1497 2387 1862 2457 πνευματικὸν
1891 2406 2020 2442 παι-

2125 2396 2246 2437 cum
2274 2398 2381 2436 una
2407 2383 2464 2436 in
2497 2380 2782 2443 ambobus,
2812 2380 2967 2450 juxta
2983 2379 3311 2448 exemplum,
3339 2376 3704 2431 divinitusin-

437 2466 588 2522 δεύει
637 2471 836 2540 λόγιον,
871 2476 972 2527 οὐκ
1010 2475 1184 2539 ἄλλως
1210 2477 1416 2546 φάσκον
1450 2477 1581 2532 Θεὸν
1609 2475 1746 2533 εἶναι
1785 2499 2021 2552 προσκυ-

2125 2474 2418 2544 telligatur,
2437 2480 2488 2528 et
2503 2487 2646 2527 unus
2663 2472 2734 2527 sit
2746 2470 2912 2536 Deus,
2926 2470 3017 2540 qui
3035 2484 3131 2540 per
3149 2469 3387 2538 seipsum
3410 2469 3527 2522 sine
3543 2467 3696 2538 prin-

440 2559 602 2629 νητὸν
622 2563 714 2614 τὸν
739 2565 1084 2636 δηλούμενον,
1116 2568 1230 2621 ἀλλ’
1259 2569 1294 2640 ἢ
1320 2569 1409 2622 διὰ
1428 2570 1516 2624 τὸν
1541 2570 1850 2626 ἐνοικοῦντα
1871 2574 2018 2646 αὐτῷ

2125 2565 2284 2635 cipio,
2301 2572 2355 2620 et
2389 2564 2508 2621 sine
2534 2564 2880 2634 generatione
2897 2563 3096 2618 existat
3123 2580 3135 2616 :
3170 2577 3265 2632 per
3278 2559 3472 2614 Filium
3488 2568 3693 2624 autem,

441 2652 685 2724 Πατέρα·
717 2675 733 2707 ι
764 2657 851 2710 Ἐν
891 2661 975 2712 σοὶ
1017 2678 1035 2711 ι
1074 2659 1203 2731 γὰρ,
1241 2662 1396 2732 φησὶ,
1432 2680 1452 2714 ι
1487 2664 1903 2734 προσεύξονται·
1933 2667 2014 2721 ὅτι

2125 2664 2374 2729 tanquam
2388 2657 2769 2728 perspeculum
2783 2663 2836 2710 et
2851 2654 3162 2725 imaginem,
3177 2653 3572 2708 consideretur.
3583 2651 3696 2706 Hoc

437 2746 497 2798 ὲν
539 2749 621 2799 σοὶ
646 2750 673 2800 ὁ
705 2748 838 2813 Θεός
877 2752 1013 2805 ἐστι.
1046 2771 1065 2804 ι
1087 2754 1196 2807 Καὶ
1234 2754 1297 2806 σὺ
1321 2754 1379 2807 δὲ
1404 2755 1584 2820 αὐτὸς,
1616 2757 1746 2821 Θεὸς
1778 2758 1874 2823 ὢν,
1902 2759 2013 2812 Σω-

2125 2757 2221 2813 est,
2251 2749 2480 2814 scilicet,
2516 2747 2661 2818 quod
2691 2746 2975 2816 spirituale
3004 2745 3162 2800 docet
3201 2745 3512 2810 oraculum,
3546 2745 3691 2813 quod

436 2835 542 2907 τὴρ
572 2837 666 2890 τοῦ
720 2840 935 2910 Ἰσραὴλ
979 2844 1300 2913 τυγχάνεις⁸
1337 2846 1431 2900 καὶ
1473 2847 1559 2900 διὰ
1591 2848 1748 2901 τοῦτο
1796 2849 2016 2920 ἰσχυρὸς

2125 2855 2225 2894 non
2254 2839 2389 2893 alias
2411 2838 2542 2892 dicit
2569 2853 2714 2902 eum,
2745 2836 2812 2891 de
2841 2853 2951 2907 quo
2979 2851 3159 2891 sermo
3193 2845 3312 2900 est,
3366 2835 3537 2890 Deum
3565 2851 3691 2890 esse

437 2929 532 2980 xxi
567 2935 830 3000 κρυφαῖος
863 2933 998 2997 Θεὸς
1039 2931 1105 2989 εἴ·
1137 2955 1155 2988 ι
1185 2937 1306 2990 ἐπεὶ
1343 2941 1400 2992 ἐν
1431 2940 1513 2992 σοὶ
1540 2941 1568 2990 ὁ
1598 2941 1750 3004 Θεὸς,
1790 2943 1881 2994 καὶ
1913 2945 2013 2996 οὐκ

437 3019 582 3074 ἔστιν
621 3021 702 3074 ἔτι
735 3023 872 3095 πλὴν
919 3026 1108 3080 αὑτοῦ.
1147 3048 1165 3079 ›
1214 3030 1358 3082 Ἀντὶ
1385 3029 1442 3082 δὲ
1485 3030 1614 3097 τοῦ,
1659 3051 1676 3082 ι
1720 3031 2010 3088 ἐκοπίασεν

435 3111 745 3179 Αἴγυπτος,
786 3133 804 3166 ι
849 3115 910 3167 τὸ
960 3117 1276 3189 Ἑϐραῖκὸν,
1337 3121 1429 3173 καὶ
1478 3122 1526 3174 οἰ
1575 3121 1752 3175 λοιποὶ
1811 3124 2011 3188 πάντες

436 3203 788 3273 ἑρμηνευταὶ,
836 3225 854 3257 ι
881 3207 1048 3272 κόπος
1081 3210 1376 3278 Αἰγύπτου,
1402 3231 1420 3263 ›
1454 3212 1814 3268 ὲκδεδώκασιν
1832 3255 1847 3280 ,
1876 3217 1942 3269 ἵν’

430 3293 494 3350 τὸ
525 3294 816 3367 λεγόμενον
854 3299 1123 3353 τοιοῦτονο
1153 3321 1172 3354 ι
1193 3303 1282 3356 Σοὶ
1317 3307 1593 3377 προσκυνή
1605 3323 1775 3371 σουσι,
1807 3308 1900 3360 καὶ
1923 3309 2006 3361 σοὶ

430 3387 643 3442 ἔσονται
675 3389 887 3456 δοῦλοι,
926 3395 955 3446 ὁ
985 3394 1150 3459 κόπος
1195 3396 1505 3465 Αἰγύπτου,
1537 3400 1630 3452 καὶ
1677 3403 1710 3471 ἡ
1770 3402 2007 3474 ἐμπορία

428 3479 721 3547 Αἰθιόπων,
754 3483 847 3535 καί¹
873 3486 920 3536 οἱ
956 3485 1235 3557 Σεϐωείμ·
1266 3507 1284 3539 ι
1317 3488 1386 3541 δι’
1405 3481 1480 3545 ὧν
1509 3489 1794 3563 βάρϐαρα,
1829 3489 2002 3563 οἶμαι,

429 3569 522 3621 καὶ
555 3571 745 3642 άσημά
778 3589 898 3626 τινα
923 3573 1048 3647 ἔθνη
1075 3575 1397 3648 δηλοῦσθαι,
1426 3580 1518 3632 καὶ
1560 3582 1736 3634 πάντα
1767 3582 1866 3635 ὅσα
1901 3582 2001 3654 ήδη

426 3660 595 3715 πάλαι
641 3664 905 3736 πρότερον
949 3668 1016 3737 τῇ
1071 3667 1355 3740 δαιμονικῇ
1398 3669 1704 3741 τετρύχωτο
1751 3671 2005 3724 δεισιδαι-

426 3753 606 3824 μονίᾳ.
653 3755 870 3826 Ἐπειδὴ
908 3756 1016 3829 γὰρ
1057 3758 1344 3828 Αἰγύπτιοι
1388 3760 1604 3816 ἐδόκουν
1647 3762 1863 3816 πάντων
1892 3762 2002 3816 τῶν

424 3843 593 3898 ἐθνῶν
622 3845 1166 3918 δεισιδαιμονέστατοι
1197 3851 1484 3922 τυγχάνειν
1505 3892 1520 3917 ,
1551 3851 1755 3923 πρῶτοί
1778 3870 1836 3905 τε
1865 3869 1999 3906 κατ-

422 3933 586 4005 άρξαι
639 3939 740 4008 τῆς
783 3938 1173 4009 εἰδωλολάτρου
1205 3941 1449 4014 πλάνης,
1482 3943 1706 4007 εἰκότως
1751 3943 1998 4014 πρώτους

422 4028 620 4091 αὐτοὺς
667 4028 880 4101 τίθησιν
934 4031 1444 4104 ὑποταγησομένους
1487 4033 1565 4104 τῷ
1613 4035 1860 4106 Χριστῷ·
1903 4039 1997 4091 καὶ

2115 2931 2450 2986 adorandum
2476 2971 2490 2995 ,
2531 2938 2753 3001 propter
2779 2930 3172 2984 inhabitantem
3204 2928 3256 2981 in
3291 2929 3410 2998 ipso
3443 2927 3682 2982 Patrem.

2119 3041 2138 3074 ‹
2163 3023 2220 3078 In
2250 3029 2301 3078 te
2327 3041 2345 3074 ι
2366 3023 2532 3087 enim,
2560 3022 2786 3096 inquit,t
2810 3021 3045 3075 orabunt
3068 3039 3080 3074 :
3107 3019 3364 3090 quoniam
3381 3019 3436 3072 in
3456 3025 3510 3072 te
3545 3017 3702 3072 Deus;

2112 3122 2213 3171 est.
2255 3133 2276 3166 ›
2314 3111 2420 3169 Sed
2452 3124 2511 3168 tu
2543 3128 2760 3183 quoque
2789 3111 2906 3183 ipse
2936 3127 3063 3166 cum
3093 3110 3238 3166 Deus
3265 3111 3342 3167 sis
3365 3153 3379 3177 ,
3436 3109 3688 3164 Salvator

2111 3204 2278 3261 Israel
2304 3205 2548 3262 exsistis.
2601 3203 2840 3260 Proinde
2875 3202 3033 3260 fortis
3070 3210 3125 3258 et
3157 3200 3511 3258 absconditus
3539 3199 3687 3256 Deus

2109 3312 2170 3352 es
2197 3315 2210 3352 :
2250 3315 2269 3348 ι
2306 3297 2564 3366 quoniam
2605 3296 2660 3351 in
2689 3302 2743 3350 te
2769 3293 2932 3361 Deus,
2958 3304 3011 3351 et
3040 3309 3151 3350 non
3175 3302 3258 3349 est
3280 3291 3514 3363 amplius
3548 3306 3688 3360 pra:-

2109 3397 2191 3444 ter
2226 3390 2424 3458 ipsum.
2465 3408 2484 3441 »
2517 3389 2682 3460 228
2710 3388 2817 3444 Pro
2846 3405 2910 3444 eo
2938 3403 3068 3443 vero
3094 3386 3240 3457 quod
3266 3394 3370 3448 est,
3408 3403 3428 3435 ι
3465 3384 3688 3438 labora-

2107 3479 2184 3534 vit
2215 3477 2504 3550 Egyptus,
2546 3499 2564 3532 ›
2605 3478 2928 3534 Hebraicum
2964 3477 3150 3543 habet,
3187 3488 3241 3532 et
3269 3475 3684 3546 reliquiomnes

2108 3571 2433 3640 interpretes
2460 3569 2853 3635 reddiderunt,
2906 3587 2932 3620 ι.
2963 3568 3120 3623 labor
3143 3568 3361 3639 [Egypti
3385 3607 3400 3634 ,
3456 3586 3476 3619 ι
3529 3573 3588 3619 ut
3626 3564 3682 3619 id

2105 3664 2250 3734 quod
2280 3663 2480 3719 dicitur
2510 3663 2616 3718 tale
2645 3663 2714 3718 sit
2743 3681 2756 3717 :
2795 3681 2813 3713 ι
2854 3661 2932 3716 Te
2957 3661 3281 3723 adorabunt,
3321 3668 3375 3714 et
3410 3659 3486 3713 tui
3518 3665 3689 3714 erunt.

2105 3755 2270 3819 servi,
2298 3755 2454 3809 labor
2486 3753 2701 3826 Egypti
2726 3792 2743 3820 ,
2789 3761 2846 3808 et
2883 3752 3181 3824 negotiatio
3221 3750 3573 3820 Aithiopum,
3623 3755 3686 3804 et

2104 3848 2322 3903 Seboim
2353 3867 2366 3902 :
2407 3867 2425 3900 ι
2464 3847 2664 3916 quibus
2697 3846 2878 3902 verbis
2908 3845 3171 3901 barbaras
3223 3859 3323 3914 ego
3353 3843 3589 3898 arbitror
3621 3850 3678 3896 et

2100 3939 2316 4010 ignotas
2379 3939 2644 4008 quasdam
2717 3939 2968 3993 nationes
3015 3935 3349 4007 signiﬁcari,
3395 3942 3449 3989 et
3487 3949 3676 3989 omnes

2098 4047 2456 4103 quaecumque
2478 4038 2637 4087 antea
2663 4030 2934 4102 quondam
2965 4029 3260 4084 damonica
3284 4027 3672 4098 superstitione

415 4118 486 4171 δι’
520 4118 699 4171 αὐτῶν
750 4121 844 4174 καὶ
896 4122 963 4176 τὰ
1019 4124 1147 4194 περὶ
1197 4125 1305 4178 τῶν
1348 4124 1549 4179 λοιπῶν
1595 4127 1995 4198 εἰδωλολατρῶν

2125 4124 2457 4180 'exabantur.
2488 4121 2626 4177 Nam
2653 4129 2940 4193 propterea
2963 4118 3108 4191 quod
3141 4117 3382 4190 Egyptii
3413 4117 3514 4172 visi
3540 4123 3670 4176 sunt

419 4207 628 4278 φανερὰ
661 4210 982 4296 καθιστᾶσα.
1015 4213 1125 4266 Καὶ
1154 4212 1330 4269 ταῦτα
1377 4213 1730 4286 πεπλήρωται
1774 4217 1867 4270 ἐπὶ
1898 4219 1991 4272 τοῦ

2125 4216 2338 4270 ιωηίυω
2367 4215 2655 4270 nationum
2696 4211 3225 4283 superstitiosissimi
3274 4225 3426 4275 esse,
3471 4209 3667 4279 primi-

416 4298 668 4370 Σωτῆρος
697 4301 791 4354 καὶ
815 4303 1020 4374 Κυρίου
1042 4306 1220 4375 ἡμῶν,
1242 4304 1319 4376 τῷ
1342 4306 1400 4360 ὲν
1431 4308 1593 4360 πᾶσιν
1617 4307 1794 4361 ἔθνεσι
1827 4325 1994 4381 προσ-

2125 4324 2201 4379 {ue
2223 4309 2420 4372 errori,
2448 4323 2555 4378 quo
2593 4307 2888 4362 simulacra
2911 4305 3254 4369 colerentur,
3301 4309 3487 4372 portas
3541 4315 3668 4371 ape-

415 4389 694 4444 κυνεῖσθαι
725 4392 820 4445 καὶ
855 4393 1126 4448 δουλεύειν
1155 4393 1321 4466 αύτῷ⁸
1341 4397 1510 4468 μυρία
1536 4397 1712 4470 πλήθη
1739 4397 1848 4452 τῶν
1887 4399 2004 4458 ἀνὰ,

2125 4401 2310 4457 uisse:
2347 4401 2544 4456 merito
2590 4414 2684 4455 eos
2726 4400 2933 4469 primos
2965 4397 3236 4459 collocat,
3289 4387 3384 4464 qui
3445 4392 3668 4447 Christo

413 4477 513 4550 τὴν
544 4482 868 4555 οἰκουμένην
919 4483 1111 4540 ἐθνῶν.
1165 4485 1427 4550 Αἰθίοπας
1475 4487 1531 4539 δὲ
1571 4489 1664 4541 καὶ
1709 4489 1986 4561 Σεϐωεὶμ,

2125 4494 2203 4548 int
2238 4492 2563 4561 subjiciendi
2592 4511 2604 4546 :
2650 4490 2845 4547 deinde
2876 4505 2973 4561 per
3004 4503 3099 4544 eos
3125 4527 3139 4552 ,
3173 4501 3295 4557 qua:
3321 4485 3388 4540 ad
3423 4484 3667 4552 reliquos

411 4573 540 4634 τοὺς
579 4573 812 4627 ἐνταῦθα
842 4578 1236 4648 προσκυνήσειν
1265 4577 1343 4648 τῷ
1395 4579 1616 4651 Χριστῷ
1653 4598 1988 4652 προφητευο-
2018 4606 2022 4614 ε

2125 4584 2514 4642 imulacrorum
2548 4583 2786 4638 cultores
2818 4581 3123 4652 pertinent,
3167 4587 3228 4633 ut
3284 4585 3468 4648 aperta
3515 4575 3665 4638 sint,

415 4661 629 4733 μένους,
661 4663 754 4717 καὶ
796 4664 883 4718 διὰ
908 4665 1001 4718 τοῦ
1042 4673 1119 4720 οα¹
1153 4666 1368 4738 ψαλμοῦ
1400 4668 1638 4740 ἡγοῦμαι
1677 4670 1985 4742 δηλοῦσθαι,

2130 4675 2277 4730 liicit.
2309 4677 2377 4732 Et
2408 4676 2522 4730 haec
2551 4675 2769 4745 quidem
2802 4674 2857 4728 in
2896 4675 3176 4729 Salvatore
3208 4687 3272 4726 ac
3303 4669 3534 4724 Domino
3562 4681 3664 4720 no-

408 4752 477 4806 δι’
500 4747 573 4809 ὧν
613 4755 852 4829 εἴρηταισ
885 4776 904 4810 ‹
946 4758 1204 4813 Ἐνὼπιον
1235 4760 1399 4814 αὑτοῦ
1437 4761 1866 4833 προσπεσοῦνται
1897 4766 1990 4818 Αἰ-

2127 4777 2211 4824 tro
2233 4774 2605 4838 exspectatum
2631 4767 2837 4822 exitum
2871 4774 3030 4821 nacta
3063 4773 3210 4820 sunt.
3245 4761 3365 4817 Jam
3400 4760 3545 4815 enim
3575 4756 3663 4810 in-

410 4843 617 4912 θίοπες,
658 4849 753 4902 καὶ
779 4849 1016 4919 βασιλεῖς
1053 4850 1318 4922 Ἀράϐων,
1350 4853 1444 4905 καὶ
1468 4854 1614 4907 Σαϐὰ
1643 4854 1790 4925 δῶρα
1818 4873 1985 4927 προσο

2125 4856 2482 4922 lumerabiles,
2513 4870 2612 4926 per
2642 4856 2828 4912 orbem
2869 4863 3165 4920 terrarum,
3204 4854 3487 4908 nationum
3529 4862 3664 4902 con-

411 4936 627 5002 άξουσι·
664 4942 757 4994 καὶ
809 4945 1273 5014 προσκυνήσουσιν
1309 4945 1476 5014 αὐτῷ.
1519 4965 1538 4998 ι
1575 4946 1742 5018 Δῆλον
1783 4949 1847 5000 ὲκ
1884 4950 1982 5020 τῆς

2125 4963 2314 5019 entus,
2352 4954 2407 5008 in
2437 4954 2693 5008 omnibus
2723 4953 2977 5023 gentibus
3011 4952 3160 5004 illum
3205 4947 3433 5002 adorant
3475 4943 3663 5010 illique

409 5031 794 5103 συμφράσεως,
819 5037 900 5088 ὅτι
932 5036 1014 5105 τῷ
1040 5038 1098 5089 ὲν
1119 5037 1345 5102 ἐκείνοις
1368 5041 1828 5112 προφητευομένῳ
1849 5042 1981 5113 Χρι-

2125 5044 2352 5098 erviunt.
2383 5043 2672 5114 [Ethiopas
2724 5058 2867 5098 vero.
2896 5058 2960 5096 ac
3000 5040 3217 5096 Seboim
3249 5053 3344 5093 eos
3369 5077 3384 5100 ,
3434 5035 3526 5105 qui
3569 5033 3658 5086 hic

409 5120 522 5192 στῷ
555 5127 1039 5197 προσκυνήσουσιν.

2125 5134 2367 5190 doraturi
2398 5133 2677 5191 Christum
2712 5141 3018 5196 canuntur,
3056 5146 3181 5185 Lxxl
3207 5141 3423 5198 quoque
3446 5122 3657 5194 psalmo

405 5212 702 5282 signiﬁcari
746 5225 898 5288 puto,
943 5221 1032 5275 ubi
1076 5221 1282 5279 dictum
1313 5233 1447 5282 est:
1495 5245 1515 5280 ‹
1553 5225 1750 5281 Coram
1798 5226 1892 5282 illo
1938 5229 2224 5299 procident
2260 5229 2574 5302 IEtbiopes,
2627 5237 2681 5284 et
2716 5243 2870 5299 reges
2914 5225 3185 5288 Arabum,
3225 5229 3280 5277 et
3319 5219 3461 5274 Saba
3511 5216 3655 5271 dona

404 5302 677 5361 adducent
707 5327 720 5362 ε
756 5320 809 5364 et
837 5310 1142 5369 adorabunt
1169 5332 1292 5372 eum
1325 5318 1390 5371 ³⁸.
1431 5337 1450 5370 ι
1483 5317 1710 5374 Constat
1731 5334 1862 5373 vero
1899 5335 1969 5376 ex
2019 5321 2139 5394 ipso
2180 5331 2458 5391 contextu,
2491 5322 2769 5378 Christum
2811 5335 2934 5378 esse
2981 5317 3304 5374 adoraturos
3348 5327 3472 5370 eum
3496 5350 3510 5376 ,
3559 5307 3654 5380 qui

404 5394 459 5449 in
494 5397 600 5453 illis
640 5415 877 5473 quoque,
914 5413 972 5459 ut
1001 5414 1265 5464 venturus
1297 5410 1512 5466 canitur
1540 5426 1572 5466 a
1597 5410 1895 5481 prophetis.

473 5681 516 5715 ”
547 5683 690 5741 l’sal.
719 5704 866 5754 Lxxt,
893 5690 959 5744 10
