4110 6478
404 409 505 467 s75
547 394 564 406 ‘

1016 518 1242 574 CAPUT
1290 518 1348 573 V.

404 638 448 697 Δ
490 641 695 707 psalmo
728 636 897 692 χχχιι.
936 664 1008 707 -_-
1047 632 1201 707 Quo_d
1255 633 1347 707 Dei
1387 632 1609 707 Veritum
1663 646 1817 687 suam
1874 630 1973 683 lm-

474 703 595 762 6ens
628 713 911 763 essentiam
957 705 1114 774 jussu
1148 703 1358 770 Patris,
1395 703 1565 774 David
1601 718 1742 774 teque
1775 717 1971 774 ac_nos

472 780 709 847 opiﬁcem
752 768 990 847 universi
1015 777 1195 847 novit;
1228 786 1279 847 et
1320 768 1457 844 quod
1508 768 1668 847 idem:
1700 772 1799 847 Dei
1850 768 1974 823 Ver-

473 843 629 910 bum,
672 848 808 901 idem
842 845 1091 914 propheta
1125 845 1194 899 ad
1234 843 1502 897 hominum
1551 843 1807 914 medelam
1863 856 1976 894 esse

474 920 692 971 missum
718 936 749 970 a
777 913 935 971 Patre
965 917 1279 984 testiﬁcatur
1304 931 1322 976 ;
1351 923 1399 968 et
1427 913 1575 985 quod,
1594 914 1732 966 brevi
1752 921 1975 985 tempore

479 989 776 1041 universam
806 997 1003 1040 terram
1032 981 1131 1040 sua
1166 985 1407 1039 doctrina
1439 981 1783 1051 impleturum
1811 981 1972 1033 canit.

486 1248 505 1281 ι
546 1227 727 1283 Verbo
782 1227 996 1282 Domini
1044 1227 1169 1282 coeli
1214 1226 1413 1280 ﬁrmati
1447 1234 1615 1288 sunt,
1663 1232 1720 1279 et
1782 1224 1978 1295 spiritu

411 1323 526 1377 oris
554 1321 671 1389 ejus
702 1319 881 1375 omnis
912 1320 1086 1374 virtus
1115 1333 1324 1373 eorum.
1353 1337 1373 1370 ι
1407 1315 1464 1371 In
1498 1316 1706 1387 psalmo
1728 1331 1856 1370 vero
1892 1331 1980 1371 cvi

413 1416 496 1468 sic
551 1413 757 1467 dictum
790 1419 915 1465 est:
953 1426 972 1459 ι
1012 1408 1156 1463 Misit
1187 1405 1424 1462 Verbum
1477 1423 1636 1463 suum
1665 1415 1719 1463 et
1770 1406 1983 1463 sanavit

412 1521 540 1568 eos,
585 1514 639 1559 et
670 1503 870 1572 eripuit
898 1516 994 1558 eos
1044 1501 1111 1556 de
1162 1499 1569 1556 interitionibus
1615 1515 1828 1557 eorum.
1861 1521 1881 1553 ι
1917 1498 1985 1555 Et

412 1611 611 1652 rursus
636 1608 813 1649 cnvu
846 1611 860 1648 :
896 1611 915 1648 σ
962 1591 1066 1659 Qui
1108 1592 1311 1648 emittit
1356 1592 1630 1663 eloquium
1677 1607 1834 1647 suum
1869 1599 1984 1647 ter-

415 1703 524 1752 rae,
567 1686 830 1741 velociter
862 1685 1036 1739 currit
1095 1698 1276 1739 sermo
1320 1684 1461 1754 ejus.
1506 1702 1526 1737 ι
1586 1684 1655 1738 At
1710 1684 1854 1740 enim
1891 1684 1982 1750 ei,

417 1778 512 1848 qui
547 1791 693 1832 nunc
724 1777 781 1830 in
818 1775 1072 1830 manibus
1115 1783 1220 1840 est,
1253 1775 1463 1845 psalmo
1494 1774 1718 1839 dicenti,
1751 1792 1771 1827 ι
1808 1772 1987 1830 Verbo

1067 404 1330 462 EUSEBll
1368 400 1845 459 CzESARlENSlS
1867 400 2019 458 OPP.
2048 399 2227 456 PARS
2264 398 2330 453 lt.
2364 428 2434 439 —
2469 395 2966 454 APOLOGETICA.

1995 537 2050 593 Α

3532 401 3641 458 376

2605 512 2994 567 ΚΕΦΑΛΔΙΟΝ
3031 514 3105 569 Ε¹.

2078 630 2329 698 Ψαλμοῦ
2358 631 2478 695 ,ιβπ
2523 660 2593 670 —
2634 629 2727 694 Ὡς
2780 628 2928 698 Θεοῦ
2971 628 3179 698 Λόγον,
3204 625 3464 698 οὐσιώόη
3512 629 3640 698 κατ’

2142 693 2530 760 semensum
2555 693 2711 766 ,τοῦθ
2736 697 2987 765 Πατρός,
3050 693 3262 766 ὁμοίως
3313 693 3461 765 ἡμῖν
3516 693 3643 751 οἶδε

2144 769 2508 840 δημιουργόν
2541 767 2657 840 τῶν
2680 767 2960 821 ἁπάντων
2986 769 3038 840 δέ
3057 765 3233 840 Δαϐίδ
3250 785 3262 797 ·
3291 767 3392 840 καί
3432 767 3513 831 ὡς
3535 766 3644 840 e67:

2145 834 2332 894 αὑτὸν
2355 834 2461 892 τοῦ
2496 837 2643 893 Θεοῦ
2675 839 2868 906 Λόγον
2903 840 2936 890 ό
2975 837 3156 903 αὐτὸς
3196 835 3507 906 προφήτης
3544 834 3645 889 ἐπὶ

2147 910 2429 977 θεραπείᾳ
2473 908 2594 962 τῶν
2625 907 2951 975 ἀνθρώπων
2991 908 3059 977 ἐκ
3106 906 3212 961 τοῦ
3253 906 3485 974 Πατρός
3532 907 3645 977 ἁπ-

2145 974 2751 1047 εατάλθάιμαρτυρεῐλ
2773 977 2868 1047 καί
2893 977 2973 1042 ὡς
2995 976 3509 1047 ἐνβραχεῖχρότῳ
3531 974 3648 1042 τὴν

2146 1044 2476 1117 σύμπεισαῦ
2501 1044 2615 1117 γῆν
2642 1045 2985 1115 πληρώσειν
3018 1045 3129 1114 τῆς
3149 1044 3344 1102 αὐτοῦ’
3364 1044 3649 1100 διδασκα-

2147 1067 2476 1117 συμπασαν
2577 1067 2591 1101 ι

2147 1121 2287 1185 λίας
2314 1067 2591 1179 davnia.

2156 1250 2175 1280 c
2205 1230 2296 1303 Τῷ
2334 1231 2493 1302 Λόγῳ
2518 1229 2724 1302 Κυρίου
2762 1230 2811 1283 οἰ
2838 1229 3054 1300 οὑρανοὶ
3091 1228 3528 1305 ἐστερεώθησαν,
3553 1226 3651 1284 καὶ
3706 1265 3714 1272 -

2080 1322 2158 1394 τῷ
2198 1321 2466 1393 πνεύματι
2511 1320 2602 1375 τοῦ
2641 1320 2903 1391 στόματος
2950 1318 3114 1374 αὑτοῦ
3161 1321 3309 1374 πᾶσα
3353 1322 3387 1393 ή
3426 1320 3651 1391 δύναμις

2082 1412 2280 1467 αὐτῶν.
2315 1431 2334 1464 ι
2364 1412 2473 1465 Καὶ
2506 1414 2563 1464 ἐν
2601 1418 2687 1483 pg’
2712 1411 2769 1463 δὲ
2794 1410 2992 1482 ψαλμῷ
3012 1410 3257 1482 εἴρηταν
3287 1429 3306 1461 ι
3343 1410 3652 1466 Ἀπέστειλε

2082 1505 2173 1559 τὸν
2206 1505 2379 1571 Λόγον
2406 1501 2593 1567 αὑτοῦ,
2629 1502 2723 1557 καὶ
2770 1502 2956 1555 ἰάσατο
2990 1501 3219 1568 αὑτοὺς,
3248 1502 3342 1556 καὶ
3386 1501 3657 1573 ἐρρύσατο

2085 1598 2280 1660 αὑτοὺς
2332 1597 2396 1648 ἐκ
2432 1594 2540 1648 τῶν
2583 1593 2888 1665 διαφθορῶν
2933 1593 3127 1648 αὑτῶν.
3154 1612 3174 1646 ι
3216 1594 3326 1647 Καὶ
3381 1594 3544 1647 πάλιν
3594 1595 3657 1648 ἐν

2089 1686 2210 1759 ρμζ¹
2227 1703 2242 1716 ο
2282 1705 2301 1739 ι
2339 1687 2397 1739 Ὁ
2427 1686 2767 1740 ἀποστέλλων
2790 1686 2850 1739 τὸ
2876 1684 3055 1754 λόγιον
3081 1682 3244 1738 αὑτοῦ
3286 1686 3351 1756 τῇ
3401 1686 3472 1756 γῇ
3497 1725 3511 1751 ,
3546 1683 3658 1752 ἕως

2085 1781 2281 1851 τάχους
2334 1779 2619 1851 δραμεῖται
2663 1781 2692 1833 6
2753 1777 2911 1845 λόγος
2959 1775 3145 1832 αὑτοῦ.
3179 1796 3198 1829 ι
3234 1775 3395 1830 Ἀλλά
3421 1778 3531 1848 γὰρ
3577 1775 3659 1849 τῷ
3701 1782 3711 1809 ⁸

418 1866 637 1922 Domini
693 1866 817 1922 cmli
871 1865 1069 1921 ﬁrmati
1124 1874 1291 1933 sunt,
1345 1886 1364 1920 ι
1419 1868 1716 1922 concordat
1768 1882 1985 1924 sacrum

2101 1870 2228 1925 ιετὰ
2258 1873 2446 1942 χεῖρας
2496 1867 2712 1940 ψαλμῷ,
2762 1868 3042 1937 φάσκοντι,
3113 1884 3132 1918 ι
3156 1864 3248 1936 Τῷ
3316 1866 3476 1938 Λόγῳ
3539 1867 3658 1919 Κυ-

419 1958 849 2029 229':quoque
899 1955 1280 2028 Evan‘gelium,
1334 1958 1511 2029 palam
1558 1956 1795 2013 dicens:
1853 1974 1874 2010 ι
1927 1956 1988 2013 ln

424 2050 691 2122 principio
713 2056 830 2105 erat
853 2047 1115 2113 Verbum,
1139 2057 1195 2104 et
1214 2048 1453 2105 Verbum
1482 2058 1599 2104 erat
1626 2049 1772 2119 apud
1794 2047 1986 2113 Deum,

420 2150 475 2196 et
498 2139 640 2195 Deus
668 2146 786 2195 erat
814 2138 1075 2195 Verbum.
1128 2138 1245 2195 Hoc
1295 2148 1415 2196 erat
1456 2140 1513 2195 in
1541 2140 1815 2213 principio
1844 2139 1989 2211 apud

424 2230 616 2298 Deum,
651 2232 836 2287 omnia
868 2248 967 2302 per
996 2232 1177 2303 ipsum
1227 2231 1370 2288 facta
1402 2241 1552 2299 sunt,
1594 2241 1648 2290 et
1697 2234 1818 2290 sine
1869 2234 1990 2304 ipso

421 2323 624 2379 factum
646 2333 731 2380 est
748 2324 885 2380 nihil
905 2325 972 2381 ³⁸.
1005 2343 1025 2377 ι
1060 2324 1203 2382 Sane
1229 2327 1424 2381 merito
1446 2325 1795 2399 Evangelium
1820 2324 1991 2382 Deum

423 2415 575 2470 illum
606 2417 851 2471 nominat
891 2436 905 2471 :
950 2418 1169 2487 quando
1212 2418 1374 2473 etiam
1420 2433 1518 2489 per
1557 2435 1620 2474 ea
1664 2435 1783 2489 qua:
1838 2420 1993 2489 prius

424 2507 570 2563 dicta
603 2518 751 2572 sunt,
783 2507 926 2563 idem
958 2509 1084 2574 hoc,
1120 2509 1266 2580 quod
1294 2496 1444 2564 nunc
1478 2518 1538 2564 ut
1570 2510 1712 2566 Deus
1746 2511 1991 2565 celebra-

423 2607 516 2654 tur
541 2598 802 2664 Verbum,
834 2606 888 2654 et
914 2601 1200 2670 sapientia,
1231 2607 1286 2656 et
1317 2616 1539 2673 germen
1571 2599 1686 2663 Dei,
1714 2613 1767 2657 et
1798 2600 1994 2656 Sacer-

424 2688 548 2754 dos,
596 2696 651 2744 et
701 2688 978 2751 Christus,
1031 2695 1085 2743 et
1137 2687 1275 2755 Rex,
1319 2697 1372 2744 et
1422 2687 1708 2749 Dominus.
1748 2696 1802 2743 et
1849 2686 1993 2743 Deus

426 2780 605 2851 imago
634 2779 751 2845 Dei,
786 2782 1114 2853 appellatum
1145 2789 1251 2838 est.
1293 2779 1488 2845 Porro,
1524 2788 1584 2835 ut
1626 2781 1719 2851 qui
1768 2788 1822 2836 et
1852 2781 1994 2837 alius

426 2871 500 2927 sit
528 2886 689 2942 quam
721 2871 905 2938 Pater,
932 2880 986 2929 et
1019 2872 1264 2943 ejusdem
1294 2872 1615 2927 administer
1646 2871 1830 2935 fuerit,
1859 2871 1996 2927 adeo

427 2970 488 3016 ut
510 2962 669 3030 jussu
702 2963 851 3020 illius
885 2965 1003 3034 ipse
1052 2963 1237 3018 omnia
1269 2961 1599 3027 condiderit,
1652 2961 1706 3015 in
1738 2962 1994 3031 praesenti

427 3052 685 3125 deinceps
715 3052 936 3108 Psalmo
967 3051 1214 3122 adjungit
1257 3069 1271 3107 :
1312 3070 1331 3103 ι
1388 3048 1622 3114 Timeat,
1655 3049 1854 3118 inquit,
1884 3047 1997 3103 Do-

428 3145 639 3200 minum
688 3145 867 3200 omnis
902 3153 1048 3199 terra
1082 3163 1096 3198 :
1149 3144 1217 3198 ab
1248 3158 1315 3198 eo
1342 3152 1523 3197 autem
1551 3147 1997 3195 commoveantur

2089 1964 2205 2035 ρίου
2249 1963 2298 2015 οἰ
2341 1962 2559 2033 οὐρανοὶ
2594 1958 3032 2031 ἐστερεώθησαν,
3080 1977 3101 2010 ι
3145 1957 3358 2029 συνᾴδει
3405 1957 3468 2011 τὸ
3517 1957 3665 2031 ἱερὸν

2088 2053 2436 2123 Εὑαγγέλιον,
2471 2050 2765 2123 διαρρήδην
2791 2050 2947 2117 λέγον
2972 2066 2985 2079 ·
3024 2067 3042 2100 ι
3091 2049 3180 2101 Ἐν
3222 2048 3363 2119 ἀρχῇ
3392 2042 3461 2119 ἦν
3506 2050 3534 2102 6
3560 2047 3666 2102 A6-

2088 2162 2203 2214 γος,
2232 2144 2325 2195 καὶ
2353 2145 2381 2196 ό
2412 2141 2581 2209 Λόγος
2611 2137 2678 2212 ἦν
2720 2139 2856 2211 πρὸς
2900 2138 2991 2192 τὸν
3028 2138 3181 2203 Θεὸν,
3226 2139 3339 2193 καὶ,
3360 2137 3490 2201 Θεὸς
3531 2132 3599 2210 ἦν
3628 2137 3661 2191 ὁ

2090 2238 2279 2305 Λόγος.
2311 2228 2477 2296 Οὗτος
2511 2230 2579 2304 ἦν
2608 2235 2665 2286 ἐν
2698 2232 2840 2303 ἀρχῇ
2875 2230 3009 2302 πρὸς
3046 2229 3137 2283 τὸν
3173 2228 3339 2282 Θεόν·
3375 2230 3547 2283 πάντα
3586 2225 3657 2283 δι’

2089 2325 2255 2383 αὑτοῦ
2299 2320 2531 2393 ἐγένετο,
2575 2324 2667 2376 καὶ
2711 2323 2880 2394 χωρὶς
2910 2320 3075 2375 αὑτοῦ
3126 2322 3341 2389 ἐγένετο
3372 2320 3488 2373 οὑδὲ
3513 2318 3593 2373 ἐν.
3629 2337 3651 2374 ι

2090 2421 2221 2474 Θεὸν
2250 2419 2474 2481 εἰκότως
2510 2416 2571 2470 τὸ
2596 2414 2927 2483 Εὑαγγέλιον
2959 2413 3213 2483 ὀνομάζει
3238 2430 3251 2441 ·
3301 2411 3419 2465 ἐπεὶ
3448 2412 3542 2464 καὶ
3571 2410 3662 2464 διὰ

2091 2512 2197 2566 τῶν
2228 2509 2460 2583 πρόσθεν
2492 2508 2654 2571 αὐτὸς
2684 2500 2836 2570 οὗτος
2859 2508 2888 2559 6
2918 2505 3013 2558 νῦν
3033 2505 3445 2577 θεολογούμενος
3472 2506 3663 2574 Λόγος,

2093 2603 2186 2657 καὶ
2213 2602 2395 2672 σοφία,
2428 2601 2522 2654 καὶ
2567 2600 2810 2670 γέννημα
2837 2597 2992 2661 Θεοῦ,
3018 2598 3110 2651 καὶ
3162 2599 3357 2669 ἱερεὺς,
3388 2598 3485 2652 καὶ
3528 2598 3665 2669 Χρι-

2095 2696 2238 2759 στὸς,
2270 2696 2365 2747 καὶ
2393 2693 2661 2765 βασιλεὺς,
2697 2693 2792 2745 καὶ
2818 2691 3040 2761 Κύριος,
3068 2690 3161 2743 καὶ
3190 2690 3337 2755 Θεὸς,
3368 2690 3463 2743 καί⁵
3502 2688 3669 2744 εἰκὼν

2077 2787 2428 2858 ,ἀνηγόρευτο
2449 2783 2543 2837 τοῦ
2569 2782 2725 2836 Θεοῦ.
2753 2782 2863 2836 Καὶ
2890 2783 2970 2836 ὅτι
2999 2798 3083 2851 γε,
3116 2780 3299 2851 ἔτερος
3325 2778 3401 2833 ὣν
3428 2779 3524 2834 τοῦ
3550 2780 3668 2834 Πα-

2092 2876 2243 2947 τρὸς,
2275 2874 2546 2945 ὑπουργὸς
2580 2869 2648 2944 ἧν
2680 2871 2867 2935 αὑτοῦ,
2913 2870 3051 2924 ὣστε
3095 2868 3537 2939 ἐπικελευομένου
3563 2865 3662 2924 τοῦ

2099 2968 2341 3039 μείζονος
2383 2965 2543 3020 αὑτὸν
2574 2965 2942 3035 δημιουργεῖν,
2976 2962 3102 3031 ἑξῆς
3132 2961 3272 3016 κατὰ
3301 2961 3390 3014 τὸν
3423 2961 3666 3032 παρόντα

2097 3059 2335 3128 ἐπιλέγει
2384 3057 2630 3128 ψαλμόν·
2683 3076 2701 3107 ι
2735 3056 3027 3127 Φοϐηθήτω
3068 3054 3158 3107 τὸν
3206 3054 3409 3124 Κύριον
3448 3056 3597 3108 πᾶσα
3630 3054 3666 3124 ὴ

2099 3152 2201 3222 γῆ·
2228 3152 2320 3204 ὑπ’
2347 3148 2510 3203 αὑτοῦ
2539 3149 2593 3201 δὲ
2618 3148 3029 3218 σαλευθήτωσαν
3056 3146 3255 3208 πάντες
3277 3147 3326 3198 οἱ
3353 3144 3666 3198 κατοικοῦν-

428 3252 620 3294 omnes
648 3238 1020 3293 inhabitantes
1046 3236 1255 3291 orbem.
1312 3233 1581 3302 Quoniam
1616 3234 1732 3303 ipse
1760 3231 1921 3294 dixit.
1946 3241 1998 3287 et

2101 3261 2192 3307 τες
2221 3242 2560 3313 οἰκουμένην.
2591 3242 2714 3293 Ὅτι
2756 3240 2916 3304 αὑτὸς
2964 3235 3104 3304 εἷπε,
3154 3239 3249 3291 καὶ
3291 3235 3663 3307 ἐγενήθησαν

428 3329 572 3384 facta
623 3339 780 3390 sunt;
848 3329 965 3399 ipse
1011 3328 1310 3392 mandavit,
1364 3335 1418 3382 et
1460 3334 1642 3383 creata
1690 3334 1819 3382 sunt
1861 3326 1926 3377 ".
1972 3343 1993 3376 ι

429 3421 659 3477 Constat
687 3421 832 3476 enim
874 3419 1019 3490 quod
1048 3420 1141 3490 qui
1176 3419 1327 3483 dicit,
1364 3419 1431 3473 ad
1464 3419 1693 3472 alterum
1738 3416 1869 3471 dicit
1900 3433 1915 3469 :
1947 3424 2001 3470 et

430 3511 525 3582 qui
573 3510 814 3574 mandat,
856 3510 1011 3565 alteri
1044 3518 1239 3580 praeter
1295 3523 1353 3563 se
1403 3507 1646 3563 mandat.
1706 3503 2002 3575 Perspicue

431 3614 561 3654 vero
587 3608 712 3668 post
753 3599 929 3669 ipsam
962 3597 1260 3652 Salvatoris
1291 3597 1467 3651 nostri
1515 3599 1765 3650 bumanze
1794 3602 2003 3648 natura

432 3689 887 3757 assmnptionem,
930 3696 1232 3749 conventus
1263 3704 1330 3744 ex
1365 3687 1514 3742 omni
1546 3696 1714 3751 terra,
1762 3685 1867 3740 hoc
1892 3691 2000 3749 est,

431 3800 499 3838 cx
525 3783 801 3847 omnibus,
847 3798 967 3854 qua:
1000 3791 1204 3837 terram
1251 3781 1518 3846 incolunt,
1552 3779 1888 3843 nationibus,
1916 3778 2005 3832 in-

430 3875 820 3940 numerabiles,
854 3890 962 3930 non
995 3875 1181 3930 itidem
1225 3881 1286 3929 ut
1332 3881 1491 3928 antea
1526 3874 1667 3928 ullos
1701 3872 2000 3937 daemones,

434 3968 529 4023 sed
558 3968 738 4039 ipsum
775 3968 1065 4023 Dominum
1104 3966 1291 4022 Jesum
1339 3966 1663 4034 timuerunt,
1711 3973 1766 4021 et
1811 3980 2005 4020 omnes

433 4059 742 4117 habitantes
791 4062 983 4116 orbem
1036 4060 1295 4115 commoti
1342 4069 1492 4124 sunt,
1529 4059 1587 4113 in
1638 4058 1758 4129 ipso
1797 4056 2005 4113 Christi

433 4153 675 4217 nomine,
719 4153 862 4207 sicut
891 4167 1131 4222 praesens
1158 4150 1440 4205 oraculum
1471 4150 1620 4204 canit
1657 4169 1671 4203 :
1710 4168 1729 4201 ι
1767 4148 2003 4212 Timeat,

434 4242 632 4313 inquit,
666 4242 955 4297 Dominum
991 4242 1169 4297 onmis
1213 4248 1378 4303 terra,
1416 4242 1483 4296 ab
1536 4257 1602 4297 eo
1650 4248 1830 4296 autem
1863 4256 2011 4295 com-

435 4340 760 4388 moveantur
785 4348 976 4389 omncs
1009 4333 1377 4388 inhabitantes
1405 4333 1613 4388 orbem.
1670 4351 1688 4383 ι
1732 4332 2007 4389 Hactenus

437 4440 559 4494 quae
596 4424 664 4480 de
706 4440 747 4478 ιι
786 4431 840 4478 et
870 4440 980 4478 xxx
1009 4425 1220 4495 psalmo
1245 4435 1469 4494 accepta
1504 4433 1655 4480 sunt.
1689 4424 2007 4481 Consimilia

436 4530 568 4569 vero
597 4514 683 4570 bis
724 4522 779 4569 et
809 4531 1050 4571 consona
1099 4518 1153 4571 in
1184 4518 1396 4587 psalmo
1429 4532 1649 4588 quoque
1689 4534 1892 4572 cnvln
1924 4517 2007 4573 in-

435 4606 641 4670 venies,
686 4610 781 4677 qui
820 4607 979 4663 docet
1010 4623 1122 4662 non
1166 4623 1231 4663 ea
1286 4608 1471 4675 modo,
1522 4623 1643 4678 qua:
1685 4608 1754 4662 ad
1802 4617 2004 4665 terram

434 4701 726 4764 duntaxat,
761 4699 855 4755 sed
886 4700 1051 4755 etiam
1080 4716 1145 4755 ea
1194 4715 1315 4771 quae
1343 4700 1410 4754 ad
1440 4702 1663 4766 coelum,
1691 4708 1746 4756 et
1773 4701 2009 4757 breviter

434 4789 503 4844 ad
530 4790 842 4845 universam
877 4796 1185 4844 creaturam
1219 4788 1510 4860 pertinent,
1564 4790 1685 4859 ipso
1733 4786 1845 4843 Deo
1878 4788 2007 4841 uni-

434 4883 581 4937 versi
633 4882 862 4952 jubente
890 4882 1191 4937 exstitisse.
1226 4879 1371 4935 Dicit
1410 4881 1578 4951 igitur
1625 4899 1636 4933 :
1689 4898 1708 4931 ι
1763 4879 2010 4935 Laudate

436 4976 723 5030 Dominum
754 4975 822 5031 de
848 4976 1026 5039 caelis.
1056 4975 1277 5030 laudate
1304 4989 1430 5030 eum
1472 4974 1527 5028 in
1558 4974 1814 5029 excelsis.
1865 4972 2009 5028 Lau-

433 5066 559 5123 date
585 5084 731 5133 eum,
765 5084 959 5123 omnes
985 5068 1162 5139 angeli
1194 5067 1348 5138 ejus;
1374 5066 1592 5122 laudate
1623 5083 1769 5133 eum,
1815 5081 2008 5122 omnes

435 5161 666 5216 virtutes
693 5161 835 5231 ejus.
898 5161 1144 5217 Laudate
1174 5176 1318 5225 eum,
1357 5161 1439 5216 sol
1478 5166 1536 5215 et
1590 5160 1740 5226 luna,
1788 5159 2012 5216 laudate

436 5266 583 5315 eum,
628 5266 819 5307 omnes
849 5251 1020 5306 stella:
1061 5259 1114 5306 et
1145 5251 1331 5306 lumen
1362 5268 1377 5304 :
1412 5250 1675 5321 quoniam
1707 5251 1825 5320 ipse
1849 5248 2008 5313 dixit,

438 5350 492 5396 et
531 5341 669 5398 facta
705 5351 867 5409 sunt;
903 5342 1021 5414 ipse
1052 5342 1352 5408 mandavit,
1393 5350 1449 5399 et
1490 5350 1675 5397 creata
1719 5348 1848 5395 sunt
1877 5340 1943 5394 ³⁸.
1984 5358 2003 5390 ι

439 5433 595 5501 Quod
655 5436 703 5491 si
749 5435 866 5506 ipse
910 5433 1213 5499 mandavit,
1263 5435 1539 5505 quisnam,
1567 5446 1776 5504 quaeso,
1834 5444 2012 5502 usque

440 5527 578 5580 adeo
607 5541 860 5598 magnus,
896 5534 955 5584 ut
995 5528 1314 5583 mandatum
1374 5526 1442 5582 de
1489 5526 1657 5581 tantis
1702 5524 1871 5580 rebus
1899 5539 2017 5578 sus-

440 5614 644 5684 ciperet
664 5656 678 5679 ,
730 5627 928 5688 praeter
956 5618 1054 5675 Dei
1107 5617 1386 5675 Verbum?
1415 5618 1564 5688 quod
1603 5617 1752 5671 varie
1786 5619 1843 5671 in
1871 5630 2010 5687 prae-

441 5711 582 5766 senti
632 5725 821 5780 opere,
851 5726 881 5764 a
916 5712 1097 5779 nobis,
1124 5719 1386 5783 tanquam
1415 5708 1559 5766 Deus
1598 5708 1925 5773 celebratur,
1955 5714 2011 5762 et

543 5867 588 5899 ³⁸
621 5865 776 5921 Joan.
811 5882 847 5937 ι,
881 5865 991 5929 1,2.

2099 3335 2261 3397 αὑτὸς
2292 3333 2611 3394 ἐνετείλατο,
2647 3333 2738 3385 καλ⁸
2784 3328 3126 3400 ἐκτίσθησαν.
3168 3347 3189 3381 ι
3232 3326 3501 3399 Πρόδηλον
3537 3324 3670 3398 γὰρ,

2098 3427 2173 3491 ὡς
2215 3427 2243 3478 6
2265 3426 2459 3494 λέγων,
2495 3426 2665 3497 ἑτέρῳ
2687 3423 2834 3491 λέγει
2852 3439 2864 3452 ·
2895 3421 2989 3475 καὶ
3017 3421 3044 3473 6
3070 3420 3467 3490 ἐντελλόμενος,
3500 3415 3673 3487 ἑτέρῳ

2102 3521 2231 3591 παρ’
2262 3516 2451 3571 ἐαυτὸν
2490 3515 2812 3569 ἐντέλλεται.
2842 3511 3034 3581 Σαφῶς
3056 3511 3113 3564 δὲ
3149 3512 3241 3563 ἐπὶ
3278 3512 3345 3580 τῇ
3370 3508 3463 3562 τοῦ
3494 3506 3676 3579 Σωτῆ-

2105 3629 2194 3684 ρος
2216 3609 2381 3682 ήμῶν
2416 3606 2844 3678 ἐνανθρωπήσει,
2878 3605 3046 3676 μυρία
3072 3602 3253 3674 πλήθη
3276 3603 3339 3655 ἐκ
3370 3600 3548 3671 πάσης
3575 3598 3674 3671 τῆς

2101 3704 2226 3774 γῆς,
2259 3702 2402 3755 τοῦτ’
2437 3701 2581 3752 ἔστιν
2612 3698 2670 3764 ἐξ
2692 3698 2941 3752 ἁπάντων
2960 3695 3075 3774 τῶν
3107 3696 3199 3747 ἐπὶ⁵
3221 3696 3320 3765 τῆς
3348 3694 3453 3764 γῆς
3481 3689 3675 3756 ἐθνῶν,

2102 3769 2285 3850 οὐκέτι
2315 3795 2390 3859 ὡς
2412 3793 2472 3846 τὸ
2497 3793 2625 3863 πρὶν
2652 3792 2776 3855 τοὺς
2801 3769 3077 3859 δαίμονας,
3109 3786 3223 3840 ἀλλ’
3253 3785 3414 3839 αὑτὸν
3437 3781 3675 3853 ἐφοϐήθη

2102 3885 2195 3939 τὸν
2237 3883 2438 3956 Κύριον
2485 3881 2721 3953 Ἰησοῦν⁸
2760 3882 2957 3943 πάντες
2986 3896 3046 3932 τε
3088 3881 3137 3931 οἱ
3170 3875 3550 3938 κατοικοῦντες
3578 3874 3677 3944 τὴν

2108 3979 2429 4050 οἰκουμένην
2469 3975 2837 4047 ἐσαλεύθησαν
2885 3973 2977 4026 ἐπὶ
3029 3970 3106 4042 τῷ
3135 3970 3230 4023 τοῦ
3276 3966 3511 4041 Χριστοῦ
3563 3966 3679 4019 ὀνό-

2114 4088 2263 4143 ματι,
2309 4067 2613 4131 ἀκολούθως
2639 4065 2717 4136 τῷ
2754 4066 2849 4119 νῦν
2895 4064 3156 4132 φάσκοντι
3198 4060 3364 4131 λογίῳ
3387 4076 3399 4089 -
3454 4078 3472 4109 ι
3506 4056 3681 4128 Φοϐη-

2109 4161 2256 4232 θήτω
2286 4158 2376 4212 τὸν
2409 4158 2613 4229 Κύριον
2643 4158 2792 4210 πᾶσα
2822 4157 2854 4226 ἡ
2892 4156 2983 4224 γῆ,
3014 4155 3106 4208 ὑπ’
3136 4152 3298 4206 αὑτοῦ
3327 4151 3383 4203 δὲ
3416 4148 3675 4217 σαλευθήο

2106 4270 2285 4307 τωσαν
2333 4251 2533 4313 πάντες
2588 4251 2637 4302 οἰ
2688 4247 3064 4310 κατοικοῦντες
3112 4245 3211 4316 τὴν
3258 4242 3594 4312 οἰκουμένην.
3649 4257 3671 4292 ι

2108 4345 2292 4398 Ταῦτα
2326 4343 2423 4413 μὲν
2449 4337 2540 4394 οὖν
2563 4343 2627 4393 ἐκ
2656 4339 2746 4393 τοῦ
2794 4338 2837 4409 β’
2868 4339 2962 4392 καὶ
2985 4338 3029 4390 λ’
3060 4334 3297 4407 ψαλμοῦ.
3323 4332 3598 4403 Σύμφωνα
3620 4330 3680 4384 δὲ

2108 4435 2317 4499 τούτοις
2345 4434 2525 4506 εῦροις
2564 4431 2629 4485 ἂν
2663 4432 2756 4484 καὶ¹
2802 4432 2859 4483 ἐν
2907 4436 3033 4502 ρμη¹
3076 4426 3294 4498 ψαλμῷ,
3339 4425 3398 4488 ὃς
3442 4424 3683 4478 διδάσκει

2110 4528 2170 4580 οὑ
2197 4526 2264 4579 τὰ
2310 4526 2437 4595 περί
2458 4521 2561 4592 γῆν
2591 4523 2747 4592 μόνα,
2782 4519 2917 4573 ἀλλὰ
2959 4520 3051 4574 καὶ
3074 4518 3140 4572 τὰ
3167 4517 3287 4572 κατ’
3311 4515 3558 4588 οὐρανὸν,
3588 4512 3685 4569 καὶ

2115 4616 2414 4689 συλλήϐδην
2446 4617 2663 4669 ἅπασαν
2699 4613 2797 4684 τὴν
2835 4613 3030 4676 κτίσιν,
3066 4610 3185 4664 κατ’
3220 4609 3561 4663 ἐπικέλευσιν
3590 4604 3685 4661 τοῦ

2113 4707 2220 4761 τῶν
2262 4707 2398 4759 ὅλων
2439 4705 2574 4758 Θεοῦ
2621 4702 2920 4772 γεγονέναι.
2973 4699 3132 4767 Λέγει
3164 4698 3208 4751 δ’
3242 4693 3366 4751 οῦν·
3422 4717 3439 4747 ι
3478 4696 3686 4749 Αἰνεῖτε

2113 4798 2204 4851 τὸν
2237 4797 2439 4865 Κύριον
2488 4797 2551 4847 ἐκ
2589 4793 2695 4847 τῶν
2739 4790 3002 4864 οὐρανῶν,
3050 4790 3251 4843 αἰνεῖτε
3294 4785 3458 4839 αὑτὸν
3491 4786 3547 4836 ἐν
3574 4783 3686 4844 τοῖς

2115 4890 2377 4961 ὑψίστοις.
2401 4888 2607 4941 Αἰνεῖτε
2637 4883 2797 4938 αὑτὸν
2819 4883 3017 4944 πάντες
3038 4878 3255 4949 ἄγγελοι
3284 4875 3467 4936 αὑτοῦ,
3488 4875 3686 4927 αίνεῖτε

2115 4984 2275 5039 αὑτὸν
2308 4984 2479 5036 πᾶσαι
2521 4981 2574 5032 αἰ
2603 4978 2856 5048 δυνάμεις
2893 4973 3073 5028 αὑτοῦ.
3106 4972 3315 5024 Αἰνεῖτε
3346 4968 3507 5024 αὑτὸν
3539 4965 3686 5037 ἥλιος

2117 5076 2212 5128 καὶ
2245 5072 2462 5144 σελήνη,
2512 5070 2712 5123 αἰνεῖτε
2755 5064 2917 5120 αὑτὸν
2962 5062 3139 5117 πάντα
3176 5060 3245 5114 τὰ
3293 5058 3470 5129 ἄστρα
3507 5052 3691 5110 καὶτὸ

2118 5166 2261 5236 φῶςο
2312 5166 2394 5217 ὅτι
2436 5161 2599 5223 αὑτὸς
2639 5154 2791 5221 εἷπε,
2844 5155 2938 5208 xal.
2984 5150 3349 5223 ἐγενήθησαν·
3401 5147 3562 5209 αὐτὸς
3600 5146 3688 5199 ἐν·

2118 5257 2382 5320 ετείλατο,
2415 5255 2510 5307 καὶ
2529 5248 2873 5320 ἐκτίσθησαν.
2906 5266 2925 5300 ι
2951 5247 3013 5299 Εἰ
3044 5243 3152 5314 γάρ
3180 5242 3341 5305 αὐτὸς
3368 5237 3687 5300 ἐνετείλατο,

2119 5348 2214 5402 καὶ
2263 5348 2346 5410 τίς
2394 5341 2461 5416 ἦν
2502 5340 2782 5403 τοσοῦτος,
2832 5338 2907 5400 ὡς
2959 5336 3056 5407 τὴν
3113 5334 3240 5405 περὶ
3281 5331 3391 5384 τῶν
3440 5323 3692 5399 τηλικού-

2114 5455 2223 5492 των
2252 5435 2468 5506 ἐντολὴν
2516 5429 2898 5499 ὑποδέξασθαι,
2936 5429 2970 5499 ἢ
3002 5429 3031 5479 ό
3077 5423 3171 5479 τοῦ
3228 5421 3364 5476 Θεοῦ
3411 5420 3618 5487 Λόγος·;
3662 5418 3692 5469 6

2115 5526 2374 5589 ποικίλως
2402 5524 2491 5578 διὰ
2521 5524 2621 5593 τῆς
2666 5520 2948 5592 παρούσης
2988 5520 3122 5589 ἡμῖν
3155 5512 3463 5574 ὑποθέσεως
3508 5506 3691 5561 θεολο-

2115 5615 2398 5686 γούμενος,
2446 5614 2541 5668 καὶ
2580 5613 2752 5681 Λόγος
2787 5608 2922 5665 Θεοῦ
2972 5602 3510 5678 προσαγορευόμενος
3551 5595 3693 5652 εἰκόο

2114 5724 2242 5770 τως,
2268 5706 2350 5760 ὅτι
2391 5703 2455 5776 δὴ
2482 5705 2603 5767 τοὺς
2628 5702 2735 5758 τῶν
2777 5700 3030 5757 ἁπάντων
3059 5691 3480 5768 ὂημιουργικοὺς
3507 5707 3573 5746 τε.
3598 5687 3692 5744 καὶ

1097 5869 1148 5941 ,³⁷
1171 5867 1312 5924 Psal.
1343 5882 1516 5938 χχχιι,
1550 5866 1665 5924 8—9.
1745 5867 1789 5901 ³⁸
1816 5862 1964 5922 Psal.
1994 5879 2218 5935 cuvm,
2256 5863 2366 5918 1-5.
