4110 6424
364 439 472 497 577

1272 424 1926 486 DEMONSTRATIONIS
1962 421 2420 481 EVANGELICA‘J
2462 423 2590 480 LIB.
2630 421 2696 476 ν.

3490 417 3596 474 378

371 555 684 628 ποιητικοὺς
707 553 897 624 λόγους
925 542 975 605 δ’
996 550 1390 621 παντοκράτωρ
1418 551 1477 601 ἐν
1513 546 1662 618 αὐτῷ
1700 542 1933 600 καταϐέ-

2056 540 2277 598 Verbum
2307 541 2403 597 Dei
2431 542 2756 612 appellatur,
2788 539 2983 595 merito
3015 538 3147 594 illud
3181 537 3421 608 quidem,
3470 552 3594 607 pro-

372 648 585 720 6ληται,
624 645 765 715 λόγῳ
803 643 899 696 καὶ
930 639 1080 707 τάξει
1112 640 1179 694 τά
1218 638 1510 710 σύμπαντα
1539 636 1742 690 διέπειν
1785 631 1933 703 αὐτῷ

2056 643 2216 691 iterea
2245 635 2390 705 quod
2426 634 2671 689 omnium
2696 646 2883 688 rerum
2931 631 3256 706 artiﬁciosas
3285 637 3449 700 atque
3488 628 3600 685 elli-

374 740 469 794 καὶ
495 736 848 808 διακυϐερνᾷν
885 734 1174 806 παραδούς.
1218 733 1310 802 Μὴ
1341 730 1449 800 γὰρ
1488 724 1583 783 οὖν
1626 745 1708 792 τις
1737 726 1936 781 ὑπολά-

2056 743 2195 784 :aces
2225 727 2491 791 rationes,
2521 726 2865 795 omnipotens
2919 725 2976 779 in
3021 725 3200 794 ipsum
3249 721 3547 791 conjeccrit
3580 738 3596 776 :

376 832 461 884 6οι
489 831 569 901 τῷ
595 829 746 900 παρά
776 827 1079 900 ἀνθρώποις
1119 828 1183 878 ὲκ
1214 822 1493 877 συλλαϐῶν
1528 820 1842 885 συνεστῶτι,
1873 817 1938 872 ἐκ

376 939 435 974 τε
475 921 751 992 ὀνομάτων
782 920 875 973 καὶ
901 919 1158 990 ῥημάτων
1182 914 1543 986 συγκειμένῳ,
1565 912 1812 984 ὲνάρθρῳ
1844 910 1940 963 καὶ

379 1013 692 1085 προφορικῷ
719 1012 860 1084 λόγῳ
881 1013 972 1065 τὸν
1010 1009 1103 1063 τοῦ
1128 1008 1263 1062 Θεοῦ
1295 1006 1591 1078 παρόμοιον
1614 1003 1900 1073 τυγχάνειν
1920 1016 1935 1031 ⁸

380 1105 460 1158 ὅτι
484 1105 547 1177 δὴ
584 1106 613 1169 ό
651 1106 776 1176 παρ’
817 1106 947 1176 ήμῖν
978 1103 1135 1171 λόγος
1162 1103 1219 1154 ὲν
1258 1101 1462 1170 φωναῖς
1499 1098 1594 1152 καὶ
1630 1092 1941 1157 συλλαϐαῖς,

379 1198 473 1251 καὶ
499 1200 611 1260 τοῖς
636 1197 724 1251 διὰ
754 1196 954 1251 τούτων
982 1192 1395 1268 σημαινομένοις
1427 1190 1687 1261 κέκτηται
1724 1187 1825 1257 τὴν
1854 1186 1944 1238 οὐ·

382 1289 522 1352 σίαν,
561 1288 651 1343 διά
682 1287 925 1359 γλώττης
953 1289 1048 1342 καὶ
1095 1284 1388 1358 ἀρτηριῶν,
1432 1279 1710 1353 φάρυγγός
1747 1295 1809 1332 τε
1849 1275 1947 1330 καὶ

384 1381 647 1452 στόματος
682 1380 1088 1453 προφερόμενος
1114 1396 1128 1410 ·
1166 1380 1194 1432 6
1235 1377 1293 1431 δὲ
1332 1379 1433 1448 τῆς
1465 1375 1640 1429 ἀϊδίου
1668 1372 1763 1427 καὶ
1797 1373 1943 1425 ἀσω-

387 1473 557 1544 μάτου
598 1471 830 1543 φύσεως,
873 1472 1048 1544 πάντη
1089 1469 1228 1524 κατά
1272 1469 1447 1524 πάντα
1483 1464 1578 1521 τοῦ
1628 1465 1750 1520 καθ’
1798 1464 1945 1536 ἡμᾶς

383 1565 853 1638 παρηλλαγμένος,
888 1564 1036 1618 οὐδὲν
1064 1562 1394 1633 ἀνθρώπειον
1422 1560 1662 1628 ὲπάγοιτ’
1691 1557 1776 1622 ἂν,
1810 1556 1946 1628 μόνῃ

381 1657 718 1730 κεχρημένος
742 1660 809 1729 τῇ
832 1657 930 1727 τῆς
956 1657 1307 1727 προσρήσεως
1327 1652 1612 1724 ὁμωνυμίᾳ
1628 1668 1641 1681 ·
1667 1650 1786 1703 ἐπεὶ
1811 1648 1945 1719 μήτε

383 1747 566 1818 φωνὴν
614 1745 711 1818 τὴν
751 1746 817 1800 δι’
855 1745 1013 1816 ἀέρος
1050 1743 1323 1815 κρούσεως
1370 1739 1754 1811 ὑφισταμένην,
1812 1738 1947 1808 μήτε

388 1840 628 1911 ῥήματα,
651 1841 789 1912 μήτε
818 1838 1104 1902 συλλαϐὰς,
1132 1837 1266 1908 μήτε
1295 1835 1559 1904 γλῶτταν,
1589 1834 1725 1904 μήτε
1755 1832 1944 1902 στόμα,

391 1934 527 2003 μήτε
567 1932 703 1997 ὅλως
741 1950 794 1985 τι
829 1931 937 1985 τῶν
974 1928 1322 2000 ἀνθρωπείων
1364 1929 1458 1982 καὶ
1490 1926 1697 1999 θνητῶν
1729 1926 1820 1979 ἐπὶ
1852 1925 1946 1979 τοῦ

386 2024 495 2077 τῶν
535 2024 672 2077 ὅλων
714 2022 848 2077 Θεοῦ
898 2020 1294 2094 παραληπτέον.
1330 2019 1520 2090 Ψυχῆς
1560 2018 1668 2091 γάρ
1708 2017 1773 2071 ἂν
1808 2017 1892 2087 εἴη
1919 2019 1948 2070 6

384 2113 538 2183 λόγος
567 2110 736 2177 οὗτος,
763 2115 792 2166 6
816 2111 1062 2183 οὐδαμῶς
1089 2107 1199 2176 οἷός
1235 2129 1293 2165 τε
1325 2110 1444 2165 καθ’
1477 2112 1665 2164 ἑαυτὸν
1692 2110 1812 2180 δίχα
1842 2109 1946 2178 ψυ-

381 2207 483 2274 Χῆς
508 2201 663 2269 εἶναι,
694 2204 726 2276 ἦ
766 2204 1082 2273 ὑποστῆναι.
1116 2204 1331 2258 Τοιόσδε
1359 2203 1468 2275 γάρ
1488 2205 1516 2256 6
1545 2204 1601 2254 ὲν
1645 2201 1948 2271 ἀνθρώποις

379 2295 555 2364 λόγος,
589 2295 729 2359 ἰδίως
761 2296 858 2367 μὲν
901 2295 1151 2358 ἀνούσιος
1176 2295 1250 2348 ὣν
1280 2295 1372 2348 καὶ
1411 2293 1800 2356 ἀνυπόστατος,
1829 2291 1946 2345 ὅλον

378 2386 435 2438 δὲ
460 2386 591 2439 αὐτὸ
618 2386 831 2456 κίνησίς
875 2403 933 2438 τε
972 2386 1067 2443 καὶ
1100 2385 1349 2455 ἐνέργεια
1376 2382 1611 2445 διανοίας
1645 2382 1944 2456 τυγχάνων.

393 2475 552 2530 Ἀλλὰ
581 2476 691 2548 γὰρ
721 2478 780 2530 ού
815 2477 911 2530 καὶ
937 2478 964 2529 ὁ
995 2475 1086 2529 τοῦ
1116 2475 1249 2528 Θεοῦ
1274 2473 1532 2537 τοιοῦτος,
1563 2474 1699 2543 ἔχων
1745 2473 1799 2525 δὲ
1826 2473 1946 2527 καθ’

383 2567 574 2621 ἑαυτὸν
616 2568 823 2621 οἰκείαν
871 2567 1164 2621 ὑπόστασιν
1224 2567 1363 2620 πάνυ
1410 2565 1557 2619 θείαν
1604 2566 1698 2619 καὶ
1741 2564 1949 2636 νοεράν,

388 2657 532 2720 ἰδίως
568 2657 665 2728 μὲν
693 2658 1033 2728 ὑφεστῶσαν,
1066 2658 1209 2721 ἰδίως
1234 2656 1280 2710 δ’
1307 2652 1373 2711 αὖ
1414 2657 1573 2710 πάλιν
1603 2656 1950 2728 ἐνεργοῦσαν,

385 2751 547 2805 άῦλόν
574 2768 635 2803 τε
667 2745 833 2804 οὖσαν
875 2750 971 2803 καὶ
1013 2748 1327 2820 ἀσώματον,
1366 2750 1460 2803 καὶ
1503 2748 1643 2802 κατά
1682 2750 1859 2802 πάντα
1885 2752 1949 2820 τῇ

385 2840 480 2896 τοῦ
525 2841 739 2912 πρώτου
791 2841 887 2895 καὶ
933 2842 1227 2912 ἀγεννήτου
1277 2841 1370 2895 καὶ
1425 2840 1583 2911 μόνου
1623 2840 1756 2895 Θεοῦ
1797 2841 1954 2911 φύσει

388 2934 880 3007 παρωμοιωμένην,
927 2935 1051 2998 τοὺς
1093 2933 1201 2988 τῶν
1247 2933 1518 3006 γεννητῶν
1566 2934 1817 2988 ἀπάντων
1864 2935 1954 2987 λό-

389 3044 549 3097 γους,
592 3029 685 3081 καὶ
728 3026 825 3092 τάς
850 3027 957 3080 τῶν
985 3027 1276 3099 ὁρωμένων
1307 3027 1628 3098 ἀσωμάτους
1652 3045 1711 3081 τε
1740 3029 1834 3081 καὶ
1868 3030 1957 3082 ἀο-

392 3119 584 3191 ράτους
616 3118 758 3182 ἰδέας
787 3118 844 3171 ὲν
869 3119 1004 3189 αὐτῇ
1031 3118 1316 3189 φέρουσαν.
1336 3118 1427 3170 Διὸ
1446 3118 1539 3171 καὶ
1557 3106 1744 3187 σοφίαν
1766 3118 1955 3191 αὐτὴν,

391 3210 486 3262 καὶ
521 3207 655 3262 Θεὸν
690 3208 858 3276 Λόγον
903 3209 953 3261 οἱ
997 3208 1127 3261 θεῖοι
1159 3209 1396 3280 χρησμοὶ
1442 3208 1954 3280 προσαγορεύουσιν.

2037 822 2200 893 230
2259 822 2459 892 quippe
2498 821 2593 891 qui
2628 820 2844 874 ratione
2889 825 3053 888 atque
3104 817 3296 872 ordine
3344 815 3600 870 universa

2038 914 2139 978 illi,
2167 921 2221 968 et
2249 911 2619 982 dispensanda
2644 917 2699 965 et
2728 909 3080 980 gubernanda
3098 907 3405 964 tradiderit.
3429 905 3602 961 Nemo

2037 1005 2206 1077 igitur
2237 1011 2389 1075 putet
2422 1003 2694 1064 humanae,
2740 1015 2862 1070 quae
2891 1014 2955 1053 ex
2992 999 3216 1071 syllabis
3263 1003 3499 1062 constat,
3550 1002 3605 1049 et

2039 1114 2108 1166 ex
2141 1097 2458 1153 nominibus
2483 1104 2537 1150 et
2552 1094 2737 1150 verbis
2760 1094 3128 1163 componitur,
3161 1090 3483 1155 articulatae,
3522 1095 3607 1143 at-

2041 1205 2147 1261 que
2177 1186 2500 1244 enuntiabili
2533 1185 2790 1249 orationi,
2827 1184 2925 1239 Dei
2961 1184 3188 1239 verbum
3220 1180 3398 1237 simile
3430 1196 3553 1237 esse
3587 1197 3602 1235 :

2042 1283 2301 1354 quoniam
2334 1288 2522 1336 nostra
2553 1278 2671 1333 haec
2699 1277 2877 1332 oratio
2923 1275 2979 1331 in
3024 1274 3251 1331 vocibus
3279 1282 3333 1328 et
3360 1271 3606 1344 syllabis,

2026 1380 2098 1431 ἐι
2130 1374 2198 1430 iis
2219 1388 2340 1443 qua:
2367 1387 2466 1442 per
2498 1371 2611 1426 haec
2639 1368 3041 1441 signiﬁcantur,
3070 1363 3329 1437 quicquid
3352 1365 3470 1434 ipsa
3501 1370 3605 1426 est,

2045 1465 2253 1522 obtinet
2283 1483 2297 1519 :
2328 1471 2539 1534 utpote,
2593 1477 2716 1533 quae
2757 1475 2854 1531 per
2884 1458 3144 1527 linguam,
3190 1463 3245 1512 et
3273 1456 3523 1520 arterias,
3553 1461 3612 1510 et

2046 1558 2253 1624 fauces,
2292 1567 2346 1612 et
2385 1572 2470 1619 os,
2514 1554 2829 1626 proferatur
2866 1570 2880 1607 :
2912 1551 3263 1622 sempiternae
3285 1563 3416 1604 vero
3448 1554 3612 1618 atque

2047 1653 2381 1721 incorporeae
2409 1655 2615 1701 natura
2640 1644 2882 1701 Verbum
2911 1644 3062 1698 omni
3107 1642 3332 1696 omnino
3375 1639 3609 1702 ratione,

2046 1760 2168 1815 quae
2199 1759 2229 1797 a
2262 1742 2423 1797 nobis
2454 1738 2690 1811 proferri
2726 1738 2904 1794 solent
2940 1737 3105 1791 verba
3138 1740 3612 1806 praetergressum,

2048 1837 2183 1892 nihil
2213 1837 2465 1890 humana:
2486 1830 2715 1887 rationis
2739 1845 2849 1901 prae
2877 1844 2937 1884 se
2969 1827 3128 1895 ferat,
3160 1826 3256 1882 sed
3285 1826 3457 1880 solam
3489 1837 3617 1877 cum

2052 1931 2294 1984 humano
2341 1925 2511 1982 verbo
2563 1935 2911 1978 communem
2965 1918 3383 1988 appellationem
3434 1913 3616 1985 possi-

2053 2020 2177 2074 deat
2218 2036 2232 2073 :
2264 2016 2481 2088 quando
2508 2027 2687 2083 neque
2715 2026 2929 2075 vocem,
2980 2023 3103 2080 quae
3141 2022 3229 2089 ex.
3261 2005 3403 2061 aeris
3454 2004 3617 2074 pulsu

2053 2115 2291 2172 constet,
2320 2122 2497 2176 neque
2523 2104 2793 2161 dictiones
2824 2102 2987 2166 ullas,
3017 2113 3193 2168 neque
3231 2096 3489 2176 syllabas,
3521 2109 3622 2154 ne:

2055 2216 2161 2269 que
2192 2199 2456 2268 linguam,
2492 2210 2671 2264 neque
2703 2208 2788 2257 os,
2835 2206 3013 2260 neque
3061 2189 3285 2243 omnino
3339 2171 3621 2257 quidpiam

2054 2288 2278 2343 humani
2328 2286 2443 2341 sive
2484 2283 2754 2347 mortalis,
2794 2281 2859 2337 in’
2900 2279 3012 2334 Deo
3057 2276 3301 2332 universi
3351 2274 3620 2343 accipere,

2054 2380 2169 2435 sive
2198 2378 2521 2447 intelligere,
2551 2374 2634 2429 fas
2662 2380 2769 2429 est.
2800 2371 2860 2426 ld
2889 2370 3035 2427 enim
3063 2369 3288 2424 verbum
3322 2369 3516 2420 animae
3536 2380 3625 2419 es-

2054 2477 2159 2535 set,
2193 2467 2337 2539 quod
2380 2467 2531 2521 nullo
2560 2463 2723 2519 modo
2752 2477 2851 2533 per
2895 2460 3136 2529 seipsum
3165 2457 3235 2512 ab
3264 2456 3442 2510 anima
3473 2468 3627 2508 seor-
3673 2497 3686 2511 .

2054 2574 2177 2616 sum
2207 2564 2393 2628 posset
2420 2569 2563 2619 esse,
2607 2561 2701 2606 aut
2730 2551 3052 2606 consistere.
3086 2546 3217 2601 Tale
3257 2546 3402 2600 enim
3433 2544 3628 2597 huma-

2054 2668 2185 2708 num
2242 2656 2326 2705 est
2370 2648 2617 2710 verbum,
2662 2643 2810 2714 quod
2859 2642 3112 2712 privatim
3145 2638 3364 2710 quidem
3395 2637 3624 2701 nullam,

2057 2759 2232 2814 neque
2275 2739 2593 2801 essentiam,
2650 2750 2827 2806 neque
2872 2732 3233 2788 substantiam
3285 2729 3468 2791 habet,
3530 2724 3628 2783 sed

2057 2845 2229 2891 totum
2263 2835 2437 2888 libera
2471 2828 2718 2901 quaedam
2751 2825 2922 2881 motio
2954 2832 3059 2887 est,
3111 2830 3166 2878 et
3216 2819 3500 2875 etlicientia
3529 2833 3626 2873 co-

2056 2928 2361 3003 gitationis.
2418 2924 2711 2985 Caeterum,
2746 2919 2925 2989 ipsum
2957 2915 3052 2970 Dei
3081 2913 3321 2970 Verbum
3352 2927 3464 2966 non
3497 2910 3626 2976 tale,

2059 3021 2156 3077 sed
2186 3035 2284 3090 per
2318 3019 2560 3087 seipsum
2592 3014 2803 3068 habens
2829 3010 3104 3083 propriam
3130 3005 3514 3067 substantiam,
3534 3019 3629 3058 us-

2057 3127 2383 3186 quequaque
2415 3109 2655 3164 divinam
2690 3113 2853 3175 atque
2889 3102 3300 3170 intelligentem,
3348 3111 3470 3167 quae
3515 3095 3630 3165 pri-_

2056 3184 2224 3262 vatim
2266 3202 2483 3274 quidem
2529 3196 2814 3262 subsistit,
2861 3193 3221 3265 privatimque
3266 3188 3408 3244 idem
3445 3184 3628 3248 ellicit,

392 3302 655 3374 quidquid
688 3301 870 3366 ellicit,
901 3317 1090 3356 verum
1118 3302 1361 3356 materiae
1392 3303 1569 3358 omnis
1598 3313 1682 3360 est
1725 3321 1943 3376 expers,
1981 3314 2035 3360 et
2063 3306 2410 3372 incorporea,
2441 3292 2682 3351 ct'omni
2741 3290 2954 3344 ratione
2983 3285 3145 3359 primi
3182 3293 3238 3340 et
3266 3282 3514 3355 ingeniti,
3568 3285 3625 3334 et

393 3396 563 3452 solius
595 3396 689 3453 Dei
736 3401 943 3450 natura:
976 3393 1298 3458 assimilata,
1340 3410 1527 3450 earum
1582 3370 1826 3453 omnium
1894 3370 2080 3454 rerum
2140 3370 2262 3467 qua:
2303 3391 2460 3446 facta:
2529 3392 2676 3450 sunt,
2718 3382 2981 3443 rationes,
3017 3386 3073 3433 et
3123 3391 3312 3433 earum
3360 3388 3483 3446 quae
3515 3370 3620 3427 sub

392 3491 568 3544 visum
598 3489 821 3552 cadunt,
856 3488 1206 3557 incorporeas
1233 3494 1287 3542 et
1312 3487 1615 3545 invisibiles
1643 3494 1875 3561 species,
1930 3491 1986 3548 in
2024 3463 2205 3560 seipsa
2273 3486 2473 3540 ferens.
2519 3478 2700 3545 Quare
2734 3476 2882 3530 illam
2929 3481 2985 3530 et
3028 3470 3364 3541 Sapientiam
3421 3474 3475 3522 et
3531 3463 3627 3519 Dei

394 3583 653 3648 Verbum,
685 3581 870 3636 divina
901 3582 1119 3635 oracula
1146 3582 1439 3651 appellant.

918 3674 1313 3728 ΚΕΦΑΛΑΙΟΝ
1348 3677 1437 3743 εῖν.

404 3762 502 3844 Ὦς
529 3764 629 3844 καί
675 3763 917 3844 H-O’atag
953 3763 1063 3844 6ρο
1106 3764 1370 3844 [(τξρίους
1417 3766 1630 3844 ομοίως
1668 3767 1748 3844 τῷ
1788 3768 1964 3844 Δςϐὶδ

469 3833 762 3914 ὀρέολργ-εἷ,
801 3835 901 3914 καὶ
944 3834 1051 3886 τὸν
1074 3833 1380 3914 pedespan
1416 3833 1776 3914 δῃμέορρχὺν
1811 3837 1963 3894 εἶναι

474 3856 762 3914 ορολυγ-ει,
801 3856 901 3886 και
944 3856 1051 3886 των
1096 3856 1375 3901 οευτερον
1416 3856 1663 3905 οημιουρ
1704 3856 1776 3891 ον
1811 3856 1852 3894 ει

474 3920 588 3957 των
619 3903 797 3967 ὅλων,
827 3902 1143 3971 ὠσπεροῦν
1174 3906 1271 3957 καὶ
1313 3906 1481 3959 αὐτοὶ
1514 3856 1852 3978 δοξάῖομεν.

473 4015 492 4047 ι
529 3996 730 4050 Ἀκουέ
782 4014 906 4067 μου,
948 3995 1141 4048 Ἰακὼϐ
1161 3997 1254 4049 καὶ
1288 3997 1600 4069 Ἰσραὴλ,ὂν
1638 3998 1747 4069 ἐγὼ
1790 4001 1959 4057 καλῶ.

411 4087 550 4157 Ἐγώ
575 4090 692 4159 εἰμι
725 4086 957 4158 πρῶτος,
990 4088 1084 4140 καὶ
1112 4087 1221 4157 ἐγώ
1253 4089 1367 4158 εἰμι
1396 4089 1476 4152 εἰς
1516 4090 1607 4142 τὸν
1646 4091 1838 4156 αἰῶνα,
1869 4093 1965 4146 καὶ

398 4180 432 4249 ἠ
465 4178 585 4248 χείρ
631 4195 730 4247 μου
775 4175 1099 4248 ἐθεμελίωσε
1130 4176 1229 4248 τὴν
1272 4178 1394 4248 γῆν,
1449 4179 1541 4232 καὶ
1581 4182 1614 4251 ἡ
1662 4180 1811 4246 δεξιά
1860 4200 1963 4255 μου

398 4271 694 4342 ὲστερέωσε
733 4271 824 4323 τὸν
861 4269 1105 4343 οὐρανόν.
1167 4270 1394 4324 Καλέσω
1445 4272 1663 4339 αὐτοὺς,
1712 4275 1806 4329 καὶ
1840 4277 1966 4349 στή-

402 4377 582 4414 σονται
630 4362 764 4433 ἅμα,
800 4362 892 4415 καλ¹
932 4361 1352 4433 συναχθήσονται
1392 4363 1614 4430 πάντες,
1662 4367 1756 4419 καὶ
1799 4367 1966 4421 ἀκού-

401 4473 601 4522 σονται,
637 4455 717 4519 τίς
748 4457 929 4519 αὐτοῖς
956 4455 1241 4527 ἀνήγγειλε
1272 4456 1463 4511 ταῦτα.
1500 4458 1705 4531 Κύριος
1737 4459 1967 4528 ἀγαπῶν

400 4563 482 4612 σε,
511 4548 731 4617 ἐποίησε
774 4548 833 4601 τὸ
873 4546 1084 4619 θέλημά
1127 4565 1219 4602 σου
1253 4550 1343 4602 ἐπὶ
1373 4550 1685 4617 Βαϐυλῶνα,
1713 4554 1807 4606 τοῦ
1838 4548 1967 4626 ἆραι

403 4636 621 4707 σπέρμα
649 4636 943 4690 Χαλδαίων.
992 4638 1130 4708 Ἐγὼ
1157 4638 1411 4709 ἐλάλησα,
1443 4642 1534 4693 καὶ
1576 4641 1686 4710 ἐγὼ
1710 4643 1965 4697 ἐκάλεσα.

405 4728 647 4797 Ἤγαγον
680 4729 860 4793 αὑτὸν,
893 4731 986 4783 καὶ
1017 4730 1268 4783 εύώδωσα
1304 4730 1399 4802 τὴν
1427 4732 1545 4787 ὁδὸν
1574 4734 1756 4788 αὑτοῦ.
1794 4736 1970 4807 Προσο

406 4820 640 4886 ἀγάγετε
665 4819 800 4889 πρὸς
841 4819 928 4889 μὲ,
964 4821 1057 4872 καὶ
1093 4818 1358 4873 ἀκούσατε
1386 4820 1576 4875 ταῦτα.
1608 4825 1721 4877 Οὐκ
1751 4824 1844 4876 ἀπ’
1871 4825 1969 4896 ἀρ-

404 4910 503 4981 χῆς
527 4912 585 4963 ὲν
623 4913 803 4981 κρυφῇ
830 4910 1118 4983 λελάληκα.
1163 4913 1354 4967 Ἦνίκα
1384 4914 1618 4982 ἐγένετο,
1660 4917 1777 4968 ἐκεῖ
1797 4917 1965 4988 ήμην,

2667 3656 2896 3714 CAPUT
2936 3653 3025 3709 Vl.

2064 3760 2217 3830 Quod
2252 3758 2431 3830 Isaias
2464 3752 2710 3807 similiter
2736 3760 2794 3803 ut
2818 3747 3009 3830 Davt'd',
3037 3743 3192 3808 duos,
3218 3741 3430 3825 Patrem
3457 3751 3506 3830 et!

2132 3810 2267 3885 ιῖιὶηὲ
2290 3810 2596 3896 conﬁtetur,
2635 3830 2686 3896 ει
2717 3835 2898 3896 eorum
2940 3816 3169 3869 alterum
3202 3812 3432 3896 universi
3462 3810 3634 3880 Opiﬁ-

2138 3884 2268 3964 cem,
2301 3884 2742 3968 quebzadmbdum
2770 3889 2872 3959 ipsi
2906 3900 3106 3958 quoque
3137 3884 3421 3937 credimus.
3618 3888 3621 3889 '

2138 4014 2156 4047 ι
2203 3993 2344 4048 Audi
2393 4005 2501 4053 me,
2552 3986 2741 4049 Jacob,
2794 3989 2848 4038 et
2894 3979 3066 4035 Israel
3109 3991 3273 4049 quem
3320 3989 3424 4044 ego
3469 3986 3628 4028 voco.

2063 4086 2176 4158 Ego
2226 4099 2346 4140 sum
2400 4080 2633 4152 primus,
2689 4083 2743 4131 et
2792 4088 2893 4145 ego
2949 4086 3070 4127 sum
3126 4070 3184 4123 in
3239 4072 3523 4127 aeternum,
3581 4068 3638 4117 et

2065 4156 2264 4237 manus
2332 4191 2454 4231 mea
2514 4170 2764 4227 fundavit
2821 4176 3063 4230 terram,
3138 4160 3296 4231 231
3371 4164 3426 4212 et
3498 4156 3634 4211 dex-

2064 4280 2183 4328 tera
2241 4283 2360 4324 mea
2423 4260 2786 4322 consolidavit
2847 4258 3040 4313 caelos.
3103 4250 3326 4307 Vocaho
3391 4264 3527 4314 eos,
3582 4256 3639 4303 et

2067 4365 2287 4421 stabunt
2332 4359 2515 4421 simul,
2548 4363 2601 4412 et
2648 4349 3124 4423 congregabuntur
3172 4358 3398 4407 omnes,
3440 4347 3493 4395 ct
3537 4353 3639 4392 au-

2066 4457 2236 4519 dient,
2280 4454 2404 4524 quis
2440 4450 2520 4506 eis
2556 4443 2903 4501 annuntiavit
2951 4440 3088 4494 haec.
3124 4436 3389 4491 Dominus
3427 4431 3522 4503 qui
3555 4429 3641 4485 di-

2067 4545 2182 4616 ligit
2211 4550 2265 4599 te
2279 4520 2314 4611 ,—
2337 4539 2465 4596 fecit
2486 4538 2817 4593 voluntatem
2846 4539 2994 4585 tuam
3032 4528 3087 4582 in
3117 4526 3422 4596 Babylone,
3451 4527 3511 4575 ut
3536 4520 3640 4573 tol-

2067 4638 2202 4692 leret
2229 4648 2411 4689 semen
2444 4628 2845 4684 Chaldaeorum.
2882 4622 2996 4693 Ego
3022 4622 3243 4674 locutus
3279 4631 3422 4678 sum,
3447 4621 3501 4669 et
3540 4627 3641 4682 ego

2068 4728 2256 4783 vocavi
2287 4743 2304 4791 ;
2331 4724 2461 4779 duxi
2494 4737 2616 4776 eum
2639 4760 2653 4784 ,
2705 4726 2759 4774 et
2792 4714 2968 4772 direxi
3020 4712 3161 4769 viam
3193 4711 3352 4781 ejus:
3389 4704 3642 4761 adducite

2069 4821 2136 4876 ad
2168 4837 2275 4884 me,
2305 4826 2359 4874 et
2388 4817 2570 4871 audite
2604 4814 2737 4868 hzec.
2765 4811 2885 4866 Non
2918 4809 2987 4863 ab
3020 4807 3178 4861 initio
3216 4806 3272 4860 in
3316 4800 3530 4857 occulto
3558 4798 3640 4852 lo-

2069 4921 2228 4969 cutus
2269 4925 2410 4965 sum.
2443 4905 2671 4973 Quando
2703 4904 2882 4965 ﬁebat,
2913 4899 3026 4953 illic
3060 4898 3209 4952 eram
3241 4914 3252 4949 :
3288 4900 3342 4947 et
3368 4905 3513 4944 nunc
3532 4887 3640 4942 Do-

405 4980 514 5054 Καὶ
539 4999 632 5055 νῦν
652 4980 853 5070 Κύριος
873 4980 1074 5073 Κύριος
1102 5004 1407 5058 ἀπέσταλκέ
1426 4980 1522 5075 με,
1544 5007 1639 5058 mi.
1666 5006 1726 5059 τὸ
1754 4980 1956 5076 πνεῦμα

2072 5006 2253 5060 minus
2286 5000 2549 5055 Dominus
2576 4996 2727 5052 misit
2755 5010 2860 5056 me,
2885 4999 2938 5047 et
2962 4989 3187 5059 spiritus
3214 4987 3333 5055 ejus
3360 4984 3423 5035 ³⁸.
3455 5001 3473 5034 ι
3496 4980 3642 5035 Con-

404 5090 590 5146 αὺτοῦ.
628 5110 649 5144 r
684 5093 824 5165 Ὅρα
878 5094 942 5163 δὴ
992 5096 1086 5148 καὶ
1140 5095 1234 5149 νῦν
1284 5096 1403 5150 τίνα
1450 5097 1649 5168 τρόπον
1692 5100 1721 5151 6
1767 5099 1964 5168 φήσας,

411 5204 429 5236 ι
482 5184 621 5254 Ἐγώ
645 5187 760 5258 εἰμι
790 5187 818 5239 6
851 5185 1084 5257 πρῶτος,
1116 5189 1209 5242 καὶ
1240 5189 1350 5258 ἐγώ
1377 5192 1489 5260 εἰμι
1517 5193 1596 5255 είς
1641 5192 1733 5245 τὸν
1774 5191 1964 5254 αἰῶνα,

407 5279 434 5328 ὁ
477 5278 575 5350 τὴν
601 5278 702 5349 γῆν
728 5277 822 5332 καὶ
849 5278 938 5331 τὸν
961 5278 1183 5349 οὐρανὸν
1211 5282 1632 5353 συστησάμενος,
1674 5301 1692 5333 ι
1725 5282 1967 5354 ἐναργῶς

405 5368 577 5444 οῦτως
624 5368 956 5422 ἀπεστάλθαι
1007 5368 1260 5439 ὁμολογεῖ
1313 5371 1418 5425 ὑπὸ
1466 5373 1675 5443 Κυρίου
1738 5374 1964 5446 Κυρίου,

407 5457 548 5512 οὕτω
579 5460 668 5513 τὸν
694 5458 910 5531 Πατέρα
956 5459 1198 5531 συνήθως
1230 5461 1310 5526 δὶς
1349 5461 1552 5534 Κύριον
1604 5465 1968 5537 ἀναγορεύων,

410 5548 484 5613 ὡς
512 5549 577 5603 ἂν
602 5550 743 5622 ἔχοις
788 5554 881 5606 καὶ
927 5552 1128 5624 ταύτην
1156 5554 1555 5625 ἀναμφίλεκτον
1593 5557 1684 5610 τοῦ
1711 5555 1973 5629 ζητουμέ-

408 5655 499 5692 νου
526 5640 623 5712 τὴν
659 5642 979 5714 μαρτυρίαν.
1014 5643 1237 5715 Πρῶτον
1272 5643 1327 5698 δὲ
1372 5645 1533 5699 αὐτὸν
1574 5646 1649 5709 ὡς
1693 5649 1750 5701 ὲν
1778 5665 1969 5720 γεννη-

409 5735 521 5797 τοῖς
548 5734 784 5797 εῡσεόῶς
810 5733 943 5790 εἶναι
969 5735 1138 5806 λέγει,
1167 5738 1264 5810 τὴν
1296 5736 1528 5809 ἄναρχον
1561 5739 1654 5792 καὶ
1682 5739 1970 5810 ἀγέννητον
2023 5794 2031 5803 ,

483 5866 525 5899 ³³
547 5866 648 5923 lsa.
686 5884 870 5932 snvttt.
911 5866 1097 5927 12-16.

2074 5096 2274 5160 sidera,
2300 5107 2505 5163 quaeso,
2536 5091 2647 5154 hic,
2673 5099 2911 5160 quonam
2943 5081 3105 5136 modo
3124 5078 3217 5148 qui
3247 5073 3384 5131 dixit
3412 5089 3426 5125 :
3468 5090 3488 5123 ι
3527 5069 3640 5141 Ego

2074 5205 2194 5246 sum
2224 5188 2453 5257 primus,
2478 5192 2531 5239 et
2555 5197 2656 5251 ego
2707 5194 2828 5234 sum
2859 5177 2914 5229 in
2945 5181 3229 5232 aeternum,
3282 5164 3376 5237 qui
3430 5170 3639 5227 terram

2072 5291 2127 5339 et
2152 5255 2349 5336 coelum
2370 5272 2750 5338 condiditnita
2778 5271 2935 5340 plane
2960 5281 3019 5320 se
3039 5264 3265 5317 missum
3290 5272 3413 5313 esse
3442 5255 3641 5310 fatetur
3744 5322 3749 5335 ι

2072 5389 2104 5428 a
2138 5372 2367 5426 Domino
2400 5367 2653 5422 Domino.
2706 5362 2799 5416 Sic
2827 5360 2971 5414 enim
3000 5355 3215 5407 Patrem
3243 5347 3527 5404 consuevit
3553 5345 3641 5402 bis

2070 5462 2360 5517 Dominum
2383 5457 2675 5529 appellare.
2705 5451 2891 5519 Itaque
2906 5446 3076 5501 habes
3098 5442 3203 5495 hoc
3234 5453 3453 5510 quoque
3481 5436 3642 5529 indu-

2070 5555 2323 5615 bitatum,
2350 5526 2514 5605 deﬂeo
2546 5546 2613 5600 de
2644 5557 2752 5613 quo
2779 5538 3064 5610 qumritur,
3093 5530 3465 5589 testimonium
3520 5526 3641 5582 Pri-
3676 5559 3681 5563 ο

2070 5660 2220 5699 mum
2250 5656 2378 5697 vero
2406 5640 2555 5694 illum
2589 5636 2676 5688 hic
2709 5632 2843 5687 dicit
2877 5644 3000 5684 esse
3034 5627 3298 5696 prOpheta
3326 5663 3342 5690 ,
3376 5637 3534 5694 quem
3582 5619 3640 5676 in

2072 5739 2138 5794 iis
2167 5752 2287 5809 quae
2314 5733 2495 5806 genita
2525 5735 2653 5785 sunt
2692 5726 2776 5797 pie
2821 5723 2991 5779 colit:
3028 5735 3153 5776 nam
3185 5734 3305 5790 qua:
3346 5718 3466 5777 sine
3490 5711 3643 5784 prin-
