4110 6482
462 418 569 478 579

1156 415 1422 472 EUSEBll
1461 405 1939 475 CESARIENSIS
1960 417 2051 474 ορ]

2155 419 2324 476 PARS
2362 421 2428 477 ll.
2467 452 2537 464 ——
2572 373 3066 477 APOLDGETICA.

3602 423 3706 480 580

464 534 608 603 cipio
632 542 736 598 est,
760 549 987 604 quaque
1011 534 1190 604 genita
1229 551 1335 588 non
1361 544 1467 599 est,
1497 538 1759 602 essentia,
1784 553 1902 593 eam
1947 546 2026 592 at-

2155 542 2221 595 ια).
2248 543 2347 614 τὴν
2374 545 2512 615 ὑπὲρ
2539 543 2599 596 τὸ
2633 543 2846 614 πρῶτον
2873 542 3058 595 οὐσίαν
3089 540 3378 612 ἀπονέμων
3405 539 3484 612 τῷ
3511 541 3684 614 Πατρξ

463 625 654 680 tribuit
687 624 856 679 Patri.
892 623 1131 678 Primum
1164 625 1307 680 enim
1370 626 1424 679 in
1455 628 1640 698 aliquo
1688 629 1893 699 majore
1933 645 2035 683 nu-

464 732 617 771 mero
669 716 960 780 antecedit,
997 723 1050 770 et
1086 716 1293 772 honore
1343 727 1506 788 atque
1553 720 1745 775 ordine
1800 721 2042 790 praeponi

467 809 642 864 solet:
675 808 817 876 quod
874 807 1088 876 quidem
1142 809 1458 878 neutiquam
1511 808 1659 864 Patri
1698 812 2032 865 conveniat:

467 913 576 952 non
620 899 764 951 enim
813 912 1002 952 eorum
1048 913 1170 968 quae
1209 900 1388 968 genita
1421 909 1549 954 sunt
1596 901 1804 971 primus
1838 910 1919 956 est
1951 918 2044 957 su-

467 1004 688 1060 premus
718 988 888 1055 Deus,
925 989 1183 1058 quoniam
1219 1007 1286 1045 ne
1307 992 1630 1062 principium
1661 994 1875 1063 quidem
1897 994 2042 1048 illius

467 1080 637 1133 ullum
673 1081 969 1150 excogitari
1006 1089 1203 1150 potest,
1245 1082 1337 1136 sed
1369 1090 1454 1136 est
1489 1084 1630 1136 ultra
1662 1084 1919 1153 primum,
1946 1093 2038 1136 ut-

467 1176 592 1237 pote
645 1169 739 1238 qui
799 1169 1033 1238 primum
1079 1170 1193 1238 ipse
1241 1172 1520 1239 genuerit,
1561 1180 1724 1241 atque
1780 1180 1840 1226 ut
1874 1180 2037 1238 esset,

467 1259 656 1313 fecerit
698 1279 711 1313 :
751 1260 1186 1330 quandoquidem
1235 1261 1409 1315 solum
1466 1263 1713 1317 divinum
1762 1262 2037 1326 Verbum,

2141 634 2214 687 Τὸ
2254 635 2362 705 γάρ
2386 651 2466 687 τοι
2511 634 2722 705 πρῶτον
2756 632 2988 704 ἀριθμοῦ
3023 631 3264 695 πλείονος
3299 632 3531 700 ἡγεῖται,
3574 634 3706 701 τιμῇ

2140 726 2234 779 καλ⁸
2265 725 2412 789 τάξει
2443 725 2878 797 προτεταγμένον
2903 742 2914 753 ·
2953 726 3088 795 ὅπερ
3117 723 3215 775 οὐκ
3249 722 3313 775 ἂν
3345 722 3440 775 ἐπὶ
3471 723 3566 775 τοῦ
3595 725 3708 777 Πα-

2138 817 2265 889 τρὸς
2294 818 2581 888 ἀρμόσειεν
2606 834 2619 846 ·
2651 817 2711 870 ού
2761 816 2870 886 γὰρ
2897 816 2960 886 δὴ
2994 814 3268 884 γεννητῶν
3307 813 3521 884 πρῶτος
3562 816 3589 868 ὁ
3618 813 3712 868 ἐπὶ

2140 909 2357 962 πάντων
2384 907 2538 971 Θεὸς,
2569 909 2690 960 ἐπεὶ
2725 907 2846 977 μηδ’
2890 908 3031 976 ἀρχή
3074 923 3158 970 τις
3191 907 3482 960 ἐπινοεῖται
3509 904 3672 958 αὐτοῦ
3692 920 3708 935 ⁸

2139 1000 2394 1052 ἐπέκεινα
2425 999 2467 1052 δ’
2495 1001 2561 1053 ἂν
2593 1000 2676 1069 εἴη
2706 999 2797 1051 καὶ
2826 997 3084 1050 ἀνωτάτω
3123 995 3215 1050 τοῦ
3247 995 3482 1067 πρώτου,
3523 996 3618 1049 ἅτε
3647 994 3710 1066 δὴ

2140 1087 2302 1152 αύτὸς
2333 1091 2426 1142 καὶ
2457 1089 2516 1140 τὸ
2550 1088 2762 1157 πρῶτον
2810 1088 3077 1156 γεννήσας
3107 1087 3200 1140 καὶ
3249 1088 3709 1157 ὑποστησάμενος,

2143 1180 2304 1248 μόνου
2349 1178 2442 1231 τοῦ
2489 1177 2634 1231 θείου
2663 1177 2835 1243 Λόγου
2871 1175 3086 1228 πάντων
3117 1174 3220 1227 τῶν
3247 1173 3452 1243 θνητῶν
3496 1173 3712 1244 πρώτου

2139 1270 2585 1341 χρηματίζοντος.
2621 1268 2957 1339 Ζητουμένου
2984 1267 3039 1318 δέ
3064 1267 3192 1336 ἄρα,
3216 1266 3355 1319 κατά
3381 1266 3459 1328 τὸ,
3494 1287 3513 1316 ‹
3542 1265 3714 1328 Αύτὺς

467 1354 712 1408 omnium
745 1369 932 1410 eorum
959 1370 1079 1424 quae
1107 1355 1288 1426 genita
1316 1365 1462 1423 sunt,
1486 1357 1719 1426 primum
1745 1355 1868 1425 jure
1899 1371 2044 1410 nun-

2155 1356 2285 1425 εἶπε,
2315 1360 2407 1414 καὶ
2454 1359 2821 1430 ἐγενήθησανο
2865 1359 3026 1420 αὑτὸς
3073 1357 3388 1420 ἐνετείλατο,
3432 1355 3524 1409 καὶ
3569 1355 3715 1408 ἐκτί-

468 1460 722 1519 cupatur.
760 1450 894 1505 Cum
922 1467 1053 1519 ergo
1082 1459 1414 1521 quaereretur
1464 1451 1519 1504 in
1551 1452 1665 1516 illo,
1699 1471 1717 1503 ι
1757 1449 1875 1521 Ipse
1902 1451 2041 1506 dixit

2155 1453 2368 1523 ςθησαν,
2420 1473 2438 1505 ι
2489 1453 2594 1506 τίνι
2643 1451 2740 1522 τὴν
2785 1450 2890 1504 τῶν
2939 1449 3210 1520 γεννητῶν
3258 1448 3566 1502 ἐντέταλται
3617 1447 3717 1520 δη-

469 1551 523 1597 et
559 1541 703 1595 facta
751 1549 900 1606 sunt,
936 1542 1051 1611 ipse
1095 1541 1372 1596 mandavit
1413 1550 1467 1597 et
1518 1551 1700 1598 creata
1741 1552 1870 1599 sunt
1901 1544 1972 1609 ⁸ο,
2017 1562 2037 1596 ι

2155 1545 2452 1618 μιουργίαν,
2480 1545 2574 1598 νῦν
2602 1543 2787 1614 σαφῶς
2813 1542 3205 1604 ἀποδέδεικται,
3235 1543 3316 1594 ὃτι
3346 1541 3422 1612 τῷ
3452 1541 3716 1612 φήσαντιο

472 1633 689 1685 cuinam
733 1632 1088 1686 creandarum
1124 1647 1307 1686 rerum
1359 1631 1698 1687 mandaverit
1743 1634 2042 1704 opiﬁcium,

2155 1654 2168 1687 ι
2217 1636 2280 1688 Ἥ
2311 1637 2431 1706 χείρ
2468 1653 2567 1706 μου
2597 1634 2924 1705 ἐθεμελίωσε
2956 1634 3052 1705 τὴν
3087 1632 3210 1702 γῆν,
3241 1631 3392 1702 καὶὴ
3433 1630 3581 1694 δεξιά
3617 1648 3720 1700 μου

473 1739 621 1777 mine
657 1724 940 1792 perspicue
972 1723 1397 1780 demonstratum
1441 1732 1558 1791 est,
1609 1724 1754 1794 quod
1796 1726 2045 1781 videlicet

2155 1727 2443 1800 ἐστερέωσε
2475 1728 2565 1780 τὸν
2596 1727 2823 1799 οὐρανόν
2843 1744 2857 1758 ·
2897 1745 2915 1778 ι
2961 1726 3019 1790 ὃς
3062 1726 3154 1779 καὶ
3183 1725 3320 1796 πρὸς
3350 1724 3443 1777 τοῦ
3480 1724 3727 1795 κρείττο-

473 1817 524 1869 ei
557 1816 646 1885 qui
679 1815 817 1870 dixit
858 1836 870 1870 :
923 1836 944 1868 ‹
982 1815 1172 1872 Manus
1235 1831 1354 1869 mea
1409 1815 1657 1871 fundavit
1708 1827 1908 1888 terram
1935 1857 1950 1881 ,
1991 1825 2046 1871 et

2155 1837 2238 1882 νος
2263 1819 2597 1873 ἀπεστάλθαι
2638 1819 2889 1890 ὁμολογεῖ
2933 1818 3135 1887 λέγων·
3175 1838 3191 1869 ι
3229 1817 3345 1870 Νῦν
3377 1817 3582 1888 Κύριος
3609 1817 3724 1870 Κύ-

474 1908 662 1960 dextra
698 1922 815 1961 mea
847 1907 1202 1976 consolidavit
1232 1907 1426 1962 cmlum
1458 1928 1474 1960 ι
1496 1908 1589 1977 qui
1626 1908 1788 1962 etiam
1821 1924 1879 1964 se
1899 1906 2048 1961 aPa-

2155 1927 2265 1982 ριος
2304 1909 2610 1963 ἁπέσταλκέ
2648 1927 2736 1980 με,
2779 1908 2874 1962 καὶ
2910 1907 2968 1960 τὸ
3014 1906 3230 1976 πνεῦμα
3261 1904 3448 1959 αὑτοῦ.
3487 1924 3508 1958 ι
3547 1903 3648 1975 Εῖη
3681 1903 3726 1955 δ’

476 2008 561 2053 tre
590 1999 816 2054 missum
857 2015 979 2054 esse
1013 1997 1298 2052 conﬁtetur
1329 1998 1421 2052 ubi
1475 1999 1585 2052 ait:
1623 2015 1642 2049 ι
1679 1996 1835 2052 Nunc
1865 1995 2049 2051 Domi-

476 2104 582 2144 nus
622 2087 879 2143 Dominus
915 2089 1060 2143 misit
1091 2103 1198 2152 me,
1224 2095 1278 2142 et
1307 2087 1534 2159 spiritus
1570 2087 1710 2156 ejus.
1749 2106 1769 2140 ι
1806 2085 1922 2140 Erit
1953 2100 2050 2140 au-

477 2187 584 2234 tem
617 2179 757 2234 Deus
794 2179 1024 2234 Verbum
1065 2180 1158 2248 qui
1201 2179 1315 2234 haec
1365 2179 1532 2242 dicat,
1565 2197 1584 2230 ι
1621 2178 1840 2250 quando
1871 2175 2050 2233 Verbo

477 2268 691 2322 Domini
722 2269 844 2323 caeli
881 2269 1078 2323 ﬁrmati
1108 2276 1255 2334 sunt,
1286 2288 1304 2320 ι
1324 2284 1391 2323 οι
1418 2285 1483 2324 eo
1512 2269 1714 2324 Psalmi
1742 2269 1860 2322 loco
1884 2281 2046 2338 quam

478 2376 643 2430 supra
685 2362 1076 2430 apposuimus:
1120 2362 1215 2417 sed
1249 2363 1391 2417 enim
1440 2377 1563 2416 cum
1613 2362 1789 2430 ipsum
1825 2375 2044 2431 quoque

458 2449 572 2531 .Dei
609 2448 844 2504 Verbum
866 2491 880 2515 ,
923 2449 1136 2505 Domini
1158 2453 1515 2522 appellatione
1549 2462 1603 2507 ut
1632 2451 1776 2507 Deus
1801 2452 2048 2507 celebre-

477 2549 590 2604 tur,
622 2551 803 2597 tamen
849 2545 1025 2612 ipsum
1071 2551 1278 2614 patrem
1306 2543 1592 2598 Dominum
1615 2584 1628 2608 ,
1665 2545 1899 2598 maxima
1929 2559 2053 2598 cum

477 2635 782 2688 reverentia
810 2649 875 2688 ac
913 2635 1110 2704 pietate
1144 2635 1229 2691 bis
1262 2634 1549 2690 Dominum
1581 2637 1852 2706 appellat,
1902 2643 1964 2690 ut
1996 2635 2052 2690 in

479 2739 545 2778 eo
582 2725 894 2780 diversitate
916 2725 1153 2780 nominis
1184 2733 1387 2780 utatur.
1428 2744 1446 2776 ι
1483 2723 1639 2779 Nunc
1674 2743 1692 2775 ι
1728 2725 1909 2789 enim,
1960 2725 2050 2779 ἰησ-

480 2814 620 2882 quit,
658 2833 676 2864 ι
709 2813 971 2870 Dominus
1003 2815 1288 2884 LDominus
1310 2817 1470 2884 _'misit
1498 2832 1583 2871 me
1606 2856 1620 2881 ,
1663 2835 1682 2867 ι
1715 2824 1902 2886 utpote
1931 2832 2056 2871 cum

479 2903 643 2960 Pater
667 2914 719 2962 et
742 2905 882 2962 Deus
909 2909 1000 2973 sit,
1031 2916 1085 2964 et
1118 2919 1224 2963 tam
1255 2909 1341 2963 sui
1378 2908 1644 2978 unigeniti
1683 2906 1865 2971 Verbi,
1891 2923 2053 2978 quam

481 3013 671 3052 eorum
692 3001 955 3063 omnium,
981 3000 1138 3070 232
1163 3016 1282 3070 quae
1306 3001 1398 3054 illo
1424 3000 1696 3069 posterius
1725 2999 1867 3054 facta
1899 3009 2052 3068 sunt,

481 3099 712 3151 quorum
743 3099 864 3138 cum
893 3094 1209 3155 potestatem
1241 3103 1304 3141 ac
1326 3089 1622 3143 dominium
1647 3104 1677 3142 a
1701 3087 1861 3144 Patre
1881 3090 2057 3160 ipsum

2149 2003 2215 2056 ἂν
2247 2005 2275 2056 ὁ
2323 2003 2453 2065 Θεὸς
2502 2003 2672 2071 Λόγος
2717 2000 2812 2054 καὶ
2855 1998 3027 2054 ταῦτα
3076 1999 3320 2068 φάσκων,
3361 2015 3384 2049 ‹
3419 1998 3607 2067 ἐπειδὴ
3653 1995 3732 2068 τῷ

2151 2096 2308 2164 Λόγῳ
2345 2094 2552 2164 Κυρίου
2588 2094 2636 2145 οἱ
2669 2092 2886 2163 οὐρανοὶ
2919 2088 3350 2159 ἐστερεώθησαν,
3393 2107 3411 2141 ι
3451 2088 3592 2141 κατά
3631 2087 3731 2159 τὴν

2150 2185 2259 2238 ἀπὸ
2282 2185 2374 2237 τοῦ
2401 2183 2615 2253 ψαλμοῦ
2650 2182 2970 2253 παράθεσιν.
3007 2179 3152 2252 Πλὴν
3182 2179 3339 2244 ἀλλά,
3363 2181 3411 2233 εί
3446 2180 3539 2233 καὶ
3565 2179 3727 2243 αὐτὸς

2152 2278 2182 2329 ό
2215 2274 2307 2328 τοῦ
2340 2274 2474 2327 Θεοῦ
2506 2274 2676 2342 Λόγος
2718 2275 2784 2343 τῇ
2827 2273 3044 2338 Κύριος
3081 2269 3409 2338 θεολογεῖται
3456 2284 3724 2340 προσηγο-

2157 2368 2267 2437 pia,
2301 2367 2447 2435 ὅμως
2476 2365 2564 2417 τὸν
2589 2363 2848 2416 ἀνωτάτω
2873 2362 2968 2414 καλ⁵
2993 2359 3277 2430 κρείττονα
3311 2357 3525 2429 Πατέρα
3557 2355 3724 2410 αὑτοῦ

2154 2457 2249 2510 καὶ
2284 2455 2488 2526 Κύριον
2517 2451 2576 2508 εῦ
2612 2454 2755 2525 μάλα
2786 2451 3023 2515 εὐσεϐῶς
3061 2451 3142 2514 δὶς
3169 2450 3373 2520 Κύριον
3404 2449 3566 2504 αὑτὸν
3600 2450 3729 2502 ἀνα-

2155 2549 2326 2613 καλεῖ,
2344 2547 2420 2617 τῷ
2446 2540 2683 2618 διαφόρῳ
2707 2543 2986 2617 χρώμενος
3002 2544 3087 2594 ἐπ’
3105 2541 3268 2596 αὑτοῦ
3298 2541 3541 2610 ὀνόματι.
3566 2557 3584 2590 ι
3621 2538 3730 2590 Καὶ

2156 2639 2250 2691 νῦν
2277 2658 2294 2690 ι
2316 2638 2610 2708 γὰρ,φησὶ,
2651 2655 2669 2688 ι
2691 2635 2893 2705 Κύριος
2917 2633 3118 2704 Κύριος
3145 2630 3450 2704 ἀπέσταλκε
3471 2646 3559 2699 με,
3585 2647 3603 2679 ι
3633 2628 3735 2679 ώσ-

2158 2729 2222 2782 ὰν
2253 2730 2455 2800 κυρίως
2489 2730 2639 2790 ὄντος
2671 2727 2762 2779 τοῦ
2798 2727 2890 2778 ἐπὶ
2923 2725 3138 2778 πάντων
3181 2719 3314 2774 Θεοῦ
3349 2717 3586 2790 πρώτου,
3637 2715 3732 2769 καὶ

2157 2817 2370 2888 ἀληθῶς
2400 2817 2604 2888 Κυρίου
2651 2814 2815 2868 αὑτοῦ
2847 2831 2906 2866 τε
2936 2811 3029 2866 τοῦ
3073 2807 3392 2882 μονογενοῦς
3427 2804 3590 2858 αὑτοῦ
3622 2805 3729 2856 Λό-

2157 2927 2276 2980 γου,
2310 2910 2403 2962 καὶ
2428 2909 2536 2961 τῶν
2572 2909 2688 2978 μετ’
2717 2907 2876 2961 αυτὸν
2905 2902 3171 2974 γεννητῶν
3202 2900 3470 2965 ἁπάντων,
3500 2895 3621 2951 καθ’
3651 2890 3728 2949 ὧν

2157 3002 2424 3074 δευτέρως
2455 3002 2554 3072 τὴν
2585 3001 2779 3070 κυρίαν
2813 2999 2906 3053 καὶ
2937 2994 3249 3049 δεσποτείαν
3292 2993 3438 3064 παρά
3475 2991 3568 3044 τοῦ
3612 2991 3725 3044 Πα-

2157 3096 2284 3167 τρὸς
2323 3096 2350 3146 ὁ
2382 3093 2474 3147 τοῦ
2514 3090 2648 3145 Θεοῦ
2693 3092 2863 3157 Λόγος
2913 3087 3328 3157 ἀναδεξάμενος,
3377 3081 3465 3138 οἶα
3509 3088 3728 3155 γνήσιος

482 3173 578 3228 Dei
605 3173 842 3230 Verbum
884 3180 1192 3246 acceperit,
1248 3188 1508 3251 tanquam
1548 3182 1617 3245 is,
1644 3184 1737 3253 qui
1770 3194 1824 3239 et
1879 3184 2051 3255 legiti-

2163 3188 2289 3250 Υἰὸς
2314 3186 2404 3238 καὶ
2445 3184 2757 3254 μονογενὴς,
2794 3179 3043 3251 δεύτερος
3084 3178 3307 3241 εἰκότως
3342 3176 3434 3231 καὶ
3466 3176 3627 3240 αὐτὸς
3665 3173 3732 3232 ἂν

481 3280 628 3331 mus,
658 3274 711 3320 et
741 3268 935 3323 unicus
963 3268 1132 3326 Filius
1163 3274 1254 3337 sit,
1291 3275 1483 3329 merito
1515 3277 1678 3330 etiam
1704 3277 1819 3346 ipse
1854 3277 1922 3332 ab
1964 3277 2051 3342 iis,

2161 3249 2397 3340 εὐσεϐῶς
2424 3249 2750 3348 impari-:0:
2787 3249 3010 3343 Κύριος.

484 3357 578 3424 qui
609 3363 662 3410 et
696 3358 781 3426 pie
812 3365 865 3412 et
900 3360 1151 3431 religiose
1174 3363 1352 3418 colere
1381 3363 1550 3421 Deum
1579 3367 1788 3434 volunt,
1819 3367 2060 3439 appella~

483 3446 634 3502 hitur
664 3447 950 3505 Dominus.

1084 3567 1312 3622 CAPUT
1354 3567 1465 3624 vu.
1497 3643 1502 3648 _

469 3674 528 3729 Ἀ
571 3676 774 3734 Genesi.
807 3709 877 3718 —
906 3677 1057 3743 Quod
1085 3681 1244 3734 etiam
1287 3686 1551 3738 maximus
1601 3683 1695 3740 Dei
1734 3703 1910 3740 servus
1944 3686 2064 3742 Mo-

558 3765 668 3826 ses,
739 3749 793 3801 in
865 3749 1045 3826 mundi
1087 3751 1474 3826 fabricatione,
1545 3757 1782 3826 cognovit
1838 3759 2056 3816 Patrem

561 3817 825 3887 Deumque
868 3817 1116 3878 universi,
1150 3839 1268 3874 cum
1297 3817 1469 3878 altero
1489 3817 1959 3882 cominunicantem
1993 3828 2057 3882 de

559 3887 781 3960 hominis
802 3889 1042 3960 opiﬁcio,
1087 3892 1181 3946 hoc
1220 3908 1377 3960 porro
1407 3895 1641 3951 divinum
1686 3914 1796 3952 esse
1839 3898 2061 3953 Verbum

561 3969 682 4012 ante
718 3959 1017 4013 didicimus.

565 4156 582 4186 ι
623 4137 689 4191 Et
717 4139 855 4193 dixit
887 4140 1027 4196 Deus
1052 4141 1657 4198 :Faciamusbominem
1683 4143 1750 4197 ad
1770 4143 2063 4214 imaginem

490 4245 553 4283 ac
587 4231 995 4286 similitudinem
1012 4232 1337 4297 nostram“,
1372 4252 1391 4286 ι
1426 4243 1481 4287 et
1511 4250 1705 4290 rursus
1741 4254 1752 4289 :
1784 4255 1802 4286 ‹
1827 4235 1891 4290 Et
1918 4237 2059 4291 dixit

491 4319 656 4388 Deus,
684 4337 791 4375 non
831 4330 913 4376 est
941 4323 1144 4377 bonum
1173 4339 1295 4378 esse
1327 4324 1600 4379 hominem
1647 4325 1824 4379 solum
1844 4365 1858 4389 ,
1896 4325 2062 4380 facia-

490 4427 612 4466 mus
645 4412 720 4464 illi
749 4412 1073 4482 adjutorium
1094 4413 1390 4470 secundum
1417 4416 1594 4485 ipsum
1616 4415 1680 4470 “.
1696 4416 1800 4470 »Λα
1825 4433 1892 4472 ne
1913 4418 2059 4488 quis-

492 4503 634 4573 piam
669 4505 972 4573 suspicetur
999 4507 1114 4560 haec
1144 4507 1211 4560 ad
1249 4507 1486 4577 Angelos
1527 4507 1673 4562 dicta
1716 4507 1906 4576 fuisse,
1939 4524 2064 4564 con-

2679 3564 3074 3618 ΚΕΦΛΛΛΙΟΝ
3125 3565 3196 3616 Ζό

2174 3684 2315 3740 Ἀπὸ
2348 3681 2458 3755 τῆς
2499 3683 2822 3755 Γενέσεῳς.
2853 3709 2923 3755 -ς
2957 3678 3048 3755 ᾨς
3096 3675 3194 3755 καὶ
3235 3678 3268 3729 ὀ
3308 3674 3592 3755 μέγιστρς
3629 3670 3734 3755 {of

2235 3737 2378 3810 Θεοῦ
2407 3737 2690 3820 ’θεράπων
2723 3737 2970 3820 Μὶυτζῆςμ
2991 3737 3061 3800 ἐν
3102 3744 3176 3820 τῇ
3217 3737 3572 3820 κοὰμὸποιίᾳ
3611 3737 3736 3820 οἶδε

2231 3823 2461 3891 Πατέρα
2481 3811 2773 3889 ἓιαὶρεὸν
2794 3811 3115 3878 τῶνλίόλων,
3147 3811 3735 3882 ἐτέρῴκοινολογού-

2238 3910 2414 3934 ιιι-νην
2456 3892 2555 3934 ἐπὶ
2588 3890 2660 3934 τῆ
2705 3890 2810 3934 τοῦ
2857 3886 3169 3934 ἀνθρώπου
3201 3885 3585 3934 δημιουργία·
3631 3881 3736 3934 τὸν

2227 3885 2414 3964 μενοῦ
2456 3892 2556 3945 ἐπὶ
2588 3885 2660 3958 τῇ
2705 3890 2810 3944 τοῦ
2857 3886 3169 3954 ἀνθρώπου
3201 3885 3585 3954 δημιουργίᾳ·
3631 3885 3733 3934 τὸν

2232 3965 2393 4019 θεῖον
2442 3961 2510 4015 δὲ
2559 3964 2754 4032 Λόγον
2807 3957 3024 4012 τοῦτον
3072 3953 3226 4009 εἶναι
3282 3949 3733 4024 προμεμαθήκα-

2227 4053 2364 4105 μεν.

2239 4167 2258 4202 ι
2298 4149 2410 4202 Καὶ
2455 4141 2609 4199 εἶπεν
2638 4146 2667 4197 ό
2715 4143 2883 4206 Θεός·
2935 4141 3258 4212 Ποιήσωμεν
3303 4137 3582 4207 ἄνθρωπον
3615 4137 3732 4188 κατ’

2165 4237 2631 4310 εἰκόναήμετέραν
2657 4237 2749 4290 καὶ
2775 4234 2894 4288 καθ’
2921 4232 3196 4304 ὁμοίωσιν·
3221 4250 3238 4282 ι
3261 4230 3353 4283 καὶ
3382 4225 3533 4290 αὖθις
3553 4244 3595 4278 ³(
3622 4225 3734 4280 Καὶ

2165 4326 2314 4384 εἶπεν
2357 4330 2386 4381 ὁ
2421 4328 2590 4390 Θεός·
2631 4327 2704 4379 Ού
2759 4324 2922 4377 καλὸν
2984 4318 3120 4376 εἶναι
3165 4321 3255 4373 τὸν
3299 4319 3578 4390 ἄνθρωπον
3637 4317 3736 4386 μό-

2165 4439 2274 4486 νον,
2307 4415 2798 4490 ποιήσωμενάύτῷ
2843 4414 3032 4485 βοηθὸν
3075 4413 3194 4466 κατ’
3241 4411 3419 4465 αὐτόν.
3451 4429 3470 4461 ι
3507 4411 3617 4463 Καὶ
3650 4409 3738 4462 ἵνα

2165 4529 2228 4582 γε
2258 4512 2330 4582 μή
2376 4527 2459 4572 τις
2493 4509 2628 4580 πρὸς
2677 4505 2940 4576 ἀγγέλους
2980 4503 3151 4558 ταῦτα
3182 4502 3430 4574 εἰρῆσθαι
3473 4499 3736 4572 νομίσειε,

489 4593 644 4647 tinuo
672 4594 912 4649 declarat
937 4612 1060 4651 eum
1087 4595 1172 4651 cui
1200 4597 1526 4668 imperatum
1553 4598 1644 4663 sit,
1669 4615 1780 4654 non
1813 4615 1936 4656 esse
1967 4616 2051 4654 an-

2165 4601 2505 4673 παραχρῆμα
2553 4598 2703 4670 δηλοῖ
2746 4599 2837 4652 τὸν
2887 4593 3311 4665 κεκελευσμένον
3363 4594 3463 4646 οὐκ
3511 4592 3739 4661 ἄγγελον

489 4685 666 4755 gelum
700 4685 830 4749 Dei,
875 4687 1060 4745 dicens
1098 4709 1110 4743 :
1153 4709 1170 4740 ι
1198 4688 1265 4742 Et
1295 4689 1424 4745 fecit
1453 4692 1596 4748 Deus
1637 4692 1936 4748 hominem.
1992 4691 2065 4747 ad

490 4778 775 4849 imaginem
801 4778 894 4835 Dei
923 4781 1048 4836 fecit
1075 4782 1245 4836 illum.
1276 4783 1325 4815 "
1365 4803 1385 4836 ι

1057 4898 1285 4954 CAPUT
1325 4897 1461 4952 Vlll.

489 5001 800 5080 Ab‘eadem.
845 5038 916 5046 —
948 5008 1118 5080 Quod
1169 5010 1370 5080 quidem
1407 5008 1578 5064 Moses
1636 5011 1714 5064 bis
1757 5011 2064 5079 planissime

563 5072 865 5196 Donziinum,
908 5072 1020 5132 sine
1051 5072 1190 5134 ullis'
1231 5081 1512 5134 involucris
1539 5120 1553 5145 ,
1606 5072 1886 5152 theologice
1919 5098 2061 5135 com-

563 5159 674 5196 men
718 5155 792 5196 at.

562 5155 792 5199 mendat.

570 5255 586 5285 ι
627 5233 719 5290 Sol
748 5245 902 5295 ortus
927 5247 1009 5295 est
1038 5255 1200 5311 super
1234 5250 1434 5299 terram
1460 5286 1476 5312 ,
1519 5253 1575 5298 et
1624 5243 1724 5298 Lot
1783 5245 2062 5315 ingressus

489 5335 574 5381 est
602 5328 657 5380 in
688 5326 877 5400 Segor,
905 5339 958 5387 et
990 5333 1124 5402 pluit
1170 5334 1434 5392 Dominus
1467 5353 1631 5408 super
1667 5336 1901 5392 Sodoma
1949 5337 2061 5391 sul-

490 5418 579 5472 Iur
605 5427 658 5474 et
705 5421 882 5491 ignem
919 5439 948 5477 a
990 5424 1219 5480 Domino
1254 5427 1319 5483 “.
1361 5447 1380 5481 ›
1417 5428 1584 5484 Plane
1639 5429 1724 5484 bis
1771 5428 2058 5483 Dmninum

490 5508 760 5573 nominat,
786 5518 840 5566 et
878 5511 1005 5566 huic
1038 5513 1197 5571 docet
1226 5517 1294 5571 ab
1328 5517 1420 5573 illo
1449 5519 1766 5574 mandatum
1802 5534 1954 5584 esse.
2002 5527 2063 5573 ut

494 5597 690 5668 impios
725 5602 906 5657 debito
939 5608 1208 5676 supplicio
1252 5609 1448 5664 alﬁciat
1483 5631 1495 5664 :
1541 5612 1738 5665 etenim
1775 5612 1898 5665 licet
1950 5625 2056 5665 non

493 5693 664 5746 semel
698 5691 982 5751 Dominum
1011 5709 1194 5768 aperte
1226 5703 1504 5770 dicamus,
1539 5721 1650 5758 non
1679 5712 1860 5758 tamen
1893 5704 2056 5759 simili

2161 4695 2291 4748 ὄντα
2323 4691 2479 4757 Θεοῦ,
2512 4691 2704 4759 λέγων·
2735 4710 2753 4741 ι
2775 4690 2886 4743 Καὶ
2909 4688 3161 4758 ἐποίησεν
3194 4690 3222 4740 ὁ
3252 4687 3384 4750 Θεὸς
3414 4689 3504 4742 τὸν
3529 4685 3737 4757 ἀνθρώ·

2162 4804 2261 4841 πον
2288 4803 2302 4817 ο
2347 4784 2464 4838 κατ’
2497 4783 2680 4837 εἰκόνα
2708 4780 2842 4835 Θεοῦ
2867 4781 3118 4851 ἐποίησεν
3139 4779 3320 4832 αὐτόν.
3363 4797 3384 4832 ι

2689 4898 2986 4952 ΚΕΦΑΛΑΙ
2993 4895 3080 4950 ΟΝ
3124 4896 3208 4948 H'.

2181 5011 2313 5069 Ἀπὸ
2340 5011 2449 5079 τῆς
2475 5009 2684 5078 αὐτῆς.
2705 5039 2776 5048 --
2812 5011 2908 5074 Ὠς
2936 5011 2968 5061 ό
3011 5007 3192 5071 αὐτὸς
3228 5005 3451 5072 Μωσῆς
3490 5008 3599 5060 δύο
3627 5022 3734 5079 ga-

2238 5076 2506 5151 φέστᾱτα
2549 5076 2809 5148 Κύρίους
2856 5079 3348 5142 ἀνεπικαλύπτως
3382 5076 3666 5146 θεολογεῖ.

2244 5259 2263 5292 ι
2304 5239 2362 5292 Ὁ
2399 5239 2551 5310 ἥλιος
2580 5236 2850 5291 ἀνέτειλεν
2879 5237 2971 5289 ἐπὶ
3000 5235 3098 5306 τὴν
3128 5234 3252 5304 γῆν,
3285 5233 3380 5286 καὶ
3408 5232 3531 5286 Λὼτ
3561 5230 3743 5302 εἰσῆλ-

2167 5331 2257 5387 θεν
2303 5335 2381 5396 εἰς
2404 5329 2619 5400 Σηγὼρ,
2655 5328 2749 5381 καὶ
2772 5327 2959 5400 ἔϐρεξε
2998 5325 3202 5397 Κύριος
3245 5325 3336 5377 ἐπὶ
3364 5323 3566 5394 Σόδομα
3598 5320 3743 5376 θεῖον

2166 5427 2260 5479 καὶ
2282 5424 2391 5496 πῦρ
2416 5423 2566 5494 παρά
2589 5421 2813 5493 Κυρίου.
2849 5440 2867 5472 ›
2905 5420 3097 5489 Σαφῶς
3125 5418 3375 5489 δεύτερον
3398 5414 3740 5487 ἀναγορεύει,

2165 5519 2223 5573 ὃν
2251 5521 2344 5572 καὶ
2379 5518 2618 5571 διδάσκει
2647 5515 2796 5587 παρὰ
2839 5513 2932 5567 τοῦ
2966 5513 3208 5584 μείζονος
3251 5509 3617 5582 ἐπιτραπέν-τα
3643 5508 3744 5578 τὴν

2168 5611 2308 5665 κατὰ
2334 5612 2441 5664 τῶν
2487 5608 2699 5662 ἀσεϐῶν
2742 5605 3070 5678 ποιήσασθαι
3115 5603 3404 5675 τιμωρίαν.
3444 5601 3590 5672 Πλὴν
3629 5598 3744 5653 ἀλλ’

2167 5708 2214 5758 εί
2239 5705 2331 5758 καί
2357 5703 2448 5756 δύο
2474 5703 2709 5772 Κυρίους
2734 5697 3184 5759 ἁνεπικαλύπτως
3215 5693 3602 5766 ὁμολογοῦμεν,
3629 5692 3746 5747 ἀλλ’

562 5847 608 5880 ⁸⁸
635 5847 779 5903 Psal.
808 5865 974 5918 χχχιι,
1014 5854 1066 5909 9.
1145 5857 1183 5888 δ’
1217 5856 1350 5912 Gen.
1386 5873 1422 5924 ι,
1453 5857 1542 5913 26.
1619 5859 1662 5890 δ’
1693 5859 1826 5916 Gen.
1859 5874 1920 5926 ιι,
1957 5859 2020 5913 18

2155 5857 2325 5914 'Gcn.
2359 5875 2396 5924 ι,
2434 5857 2520 5910 ‘27.
2583 5857 2627 5888 ⁵⁵
2660 5856 2790 5910 Cen.
2826 5869 2937 5918 nx,
2969 5850 3153 5920 25,24.
