4110 6458
387 463 484 517 581

1315 451 1962 509 DEMONSTRATIONIS
1998 448 2474 530 EVANGELICAS.
2517 448 2643 502 LIB.
2691 447 2750 502 ν.

3505 445 3611 500 382

383 578 441 629 οὐ
476 577 569 630 καὶ
607 577 722 638 ταῖς
761 573 970 644 ὁμοίαις
998 571 1084 624 ἐπ’
1109 569 1437 640 ἀμφοτέροις
1474 566 1733 639 χρώμεθα
1766 565 1929 620 θεολο·

2046 565 2247 634 ubique
2276 564 2478 630 utimur
2505 561 2795 632 theologia,
2830 548 2927 615 scd
2961 558 3047 628 pia
3079 555 3343 627 quadam,
3381 571 3446 610 ac
3478 558 3608 610 reli-

381 669 554 736 γίαιςο
581 665 813 730 εὐσεϐῶς
851 665 906 717 δὲ
941 667 1006 734 τῇ
1034 662 1181 726 τάξει
1224 657 1513 733 χρώμενοι,
1540 660 1631 714 τὸν
1666 659 1765 730 μὲν
1803 660 1941 712 ἀνω-

380 759 526 812 τάτω
560 756 772 828 Πατέρα
800 755 893 809 καὶ
918 753 1046 807 Θεὸν
1072 744 1172 806 καῖ’
1190 753 1414 824 Κύριον,
1444 751 1538 806 καὶ
1562 747 1655 804 τοῦ
1687 749 1938 819 δευτέρου

381 843 583 916 Κύριον
625 846 717 898 καὶ
768 843 896 897 Θεὸν
941 838 1077 896 εἷναι
1128 841 1559 912 πεπαιδεύμεθα·
1609 840 1699 893 τὸν
1738 839 1794 892 δὲ
1843 836 1938 891 τοῦ

381 937 514 990 Θεοῦ
549 937 734 1004 Λόγον,
765 935 855 989 τὸν
883 935 1128 1007 δεύτερον
1145 934 1370 1006 Κύριον,
1393 932 1500 986 τῶν
1529 932 1626 1004 μὲν
1657 932 1747 985 ὑπ’
1778 930 1941 984 αὐτὸν

380 1028 662 1097 δεσπότην,
692 1028 790 1081 οὐκ
833 1028 912 1081 ἔτι
953 1028 1010 1080 δὲ
1051 1027 1250 1098 ὁμοίως
1290 1030 1384 1079 καὶ
1414 1022 1507 1078 τοῦ
1559 1023 1820 1095 μείζονος.
1864 1022 1937 1076 Ού

380 1121 488 1190 γὰρ
520 1119 609 1174 τοῦ
655 1120 866 1189 Πατρὸς
909 1118 1143 1189 Κύριος,
1185 1117 1304 1171 οὐδὲ
1351 1116 1446 1171 τοῦ
1473 1115 1683 1189 Πατρὸς
1725 1115 1874 1179 Θεὸς,
1906 1115 1936 1167 6

379 1211 509 1275 Θεὸς
537 1211 725 1280 Λόγος,
765 1211 880 1264 ἀλλ’
919 1211 1122 1263 ἐκείνου
1155 1211 1251 1280 μὲν
1278 1207 1460 1274 εἰκὼν,
1502 1208 1596 1262 καὶ
1623 1208 1812 1275 Λόγος,
1843 1207 1937 1260 καὶ

381 1302 564 1370 σοφία,
589 1301 683 1355 καὶ
711 1301 956 1372 δύναμις,
985 1301 1092 1354 τῶν
1117 1301 1173 1354 δὲ
1205 1302 1319 1372 μετ’
1347 1299 1507 1352 αὑτὸν
1531 1298 1795 1368 δεσπότης
1827 1295 1940 1349 Κύ-

381 1407 514 1461 ριος,
549 1393 642 1444 καὶ⁹
665 1392 795 1455 Θεός
814 1409 827 1422 ο
863 1395 892 1444 6
920 1392 977 1445 δέ
1010 1409 1072 1460 γε
1103 1391 1290 1462 Πατὴρ
1321 1386 1532 1443 καὶτοῦ
1564 1386 1692 1441 Υἱοῦ
1726 1387 1935 1458 Πατὴρ,

377 1483 471 1534 καὶ
513 1483 714 1554 Κύριος
758 1484 850 1537 καὶ
893 1482 1042 1545 Θεός.
1075 1482 1237 1536 Ὅθεν
1283 1481 1506 1544 εἰκότως
1555 1477 1937 1550 ἀνατρέχουσιν

378 1573 458 1636 είς
489 1573 615 1644 μίαν
642 1574 814 1646 ἀρχήν
832 1592 846 1605 ·
879 1575 972 1629 καὶ
997 1576 1074 1638 είς
1101 1575 1200 1628 ἕνα,
1223 1575 1352 1626 Θεὸν
1379 1573 1688 1626 συνίσταται
1712 1572 1841 1641 ἡμῖν
1866 1569 1934 1622 τὰ

376 1663 475 1734 τῆς
496 1664 750 1728 εὐσεϐοῦς
783 1665 1076 1734 θεολογίας.

2043 656 2193 726 giosa
2223 654 2574 709 distinctione
2607 661 2859 714 utentes,
2893 651 3044 705 illum
3084 648 3300 720 quidem
3340 657 3393 703 et
3438 647 3608 704 Deum

2041 755 2095 800 et
2123 744 2408 799 Dominum
2431 783 2448 810 ,
2489 744 2655 814 hujus
2686 743 2849 798 etiam
2885 740 3100 794 Patrem
3130 755 3253 795 esse
3285 737 3462 794 edocti
3518 756 3610 794 su-

2042 852 2166 892 mus
2193 854 2207 900 ;
2244 837 2389 890 hunc
2411 851 2541 890 vero
2569 835 2770 905 ipsum,
2808 849 2968 904 quem
2997 842 3053 888 et
3107 831 3271 886 Verbi
3317 841 3370 884 et
3398 829 3610 885 Domini

2043 928 2400 999 appellatione
2421 927 2725 998 signiﬁcare
2747 926 3155 988 consuevimus,
3175 939 3364 978 eorum
3391 922 3608 992 quidem

2039 1021 2133 1094 qui
2159 1027 2280 1090 post
2297 1019 2495 1090 ipsum,
2517 1027 2569 1074 et
2597 1019 2700 1073 sub
2726 1018 2844 1086 ipso
2863 1026 3008 1080 sunt,
3023 1032 3144 1072 esse
3160 1015 3473 1074 Dominum,
3489 1015 3610 1083 ejus

2041 1119 2221 1166 autem
2242 1111 2334 1181 qui
2358 1125 2524 1164 unum
2553 1125 2678 1163 cum
2703 1109 2822 1178 ipso
2841 1115 2948 1173 est,
2981 1107 3292 1176 neutiquam
3317 1105 3566 1160 similiter
3590 1125 3605 1160 :

2042 1203 2200 1272 233
2233 1217 2410 1272 neque
2445 1200 2592 1256 enim
2636 1197 2814 1254 Patris
2856 1197 3146 1262 Dominus,
3202 1211 3378 1265 neque
3428 1194 3610 1252 Patris

2042 1294 2206 1358 Deus,
2238 1295 2285 1348 is
2313 1297 2407 1364 qui
2446 1304 2530 1348 est
2584 1291 2726 1346 Deus
2757 1288 2994 1344 Verbum
3021 1328 3037 1353 ,
3082 1289 3176 1344 sed
3208 1289 3353 1342 illius
3392 1288 3610 1357 quidem

2042 1385 2241 1454 imago,
2277 1393 2332 1439 et
2359 1383 2620 1447 Verbum,
2655 1390 2709 1436 et
2741 1379 3042 1450 Sapientia,
3071 1387 3126 1434 et
3156 1379 3331 1434 virtus
3351 1419 3365 1443 ,
3419 1393 3610 1433 eorum

2041 1492 2170 1532 vero
2200 1491 2322 1546 qua:
2364 1482 2488 1545 post
2535 1475 2713 1544 ipsum
2775 1473 3111 1527 collocantur
3169 1470 3454 1525 Dominum
3512 1471 3609 1524 ba-

2037 1569 2192 1633 bens,
2247 1575 2300 1624 et
2352 1565 2613 1622 Dominus
2656 1576 2709 1622 et
2745 1564 2889 1622 Deus
2925 1585 2938 1620 :
2983 1566 3072 1620 ille
3105 1579 3232 1619 vero
3262 1579 3384 1617 cum
3412 1571 3464 1618 et
3505 1562 3612 1616 Do-

2036 1663 2237 1725 minus,
2271 1668 2324 1716 et
2353 1658 2495 1714 Deus
2535 1660 2641 1723 sit,
2690 1659 2854 1712 etiam
2909 1666 3062 1728 pater
3097 1665 3180 1710 est
3217 1655 3415 1724 hujus,
3468 1653 3611 1708 sicut

377 1751 468 1807 hic
502 1755 646 1812 illius
683 1763 766 1813 est
806 1756 994 1812 Filius.
1020 1758 1196 1823 Quare
1226 1771 1349 1811 cum
1374 1757 1427 1811 bi
1462 1757 1570 1812 duo
1603 1771 1768 1811 unum
1793 1755 1924 1818 sint,
1963 1755 2158 1808 merito
2213 1768 2280 1808 ea
2332 1767 2452 1822 quae
2510 1751 2578 1806 ad
2613 1751 2924 1822 religiosam
2975 1747 3304 1820 theologiam
3340 1746 3612 1818 pertinent

378 1843 435 1899 in
457 1861 624 1901 unum
652 1848 974 1920 principium
995 1848 1150 1904 nobis
1186 1847 1468 1914 recidunt,
1505 1860 1558 1903 et
1589 1848 1644 1902 in
1679 1863 1787 1903 uno
1815 1846 1924 1902 Deo
1961 1847 2288 1903 consistunt.

804 2043 807 2046 _
902 1979 1291 2034 ΚΕΦΑΛΑΙΟΝ
1335 1980 1413 2035 θ’.

2641 1976 2871 2035 CAPUT
2913 1977 3007 2034 IX.

390 2109 682 2203 Ἀέτξδιῐῆς
703 2112 947 2203 ,ξῖέῖῆξξ
968 2114 1163 2203 ΓΖὩέῘ
1189 2117 1262 2203 ,ἐκ
1280 2114 1470 2203 αὐτὸς
1509 2116 1807 2203 (emax.
1835 2116 1929 2170 τὸν

2042 2117 2358 2203 Abneadem.
2382 2116 2628 2203 :Quod
2673 2115 2821 2197 idem.
2845 2115 3011 2169 Deum
3059 2112 3306 2203 Verbum,
3334 2113 3612 2203 signi/Erat

447 2181 594 2234 Θεὸν
643 2181 1059 2254 Λόγον-,δηλοῖ
1102 2183 1380 2252 δεύτερον
1429 2181 1583 2238 Θεὸν(
1611 2187 1706 2238 καὶ
1728 2189 1945 2254 Κύριον

442 2252 1000 2338 προρνομιιρμέηον,
1160 2255 1470 2338 ἀνθρώπου
1515 2273 1579 2308 τε
1600 2252 1821 2338 μορφῇ
1843 2258 1940 2337 καὶ

443 2319 702 2459 ἵέἒέιὲίὲι
725 2319 914 2392 ὦφθαι
942 2341 1005 2377 τε
1030 2324 1125 2377 καὶ
1147 2319 1502 2393 χρηματίσαι
1529 2319 1652 2390 toi};
1679 2319 1943 2392 παλαιοῖς

419 2557 422 2560 ,
448 2521 468 2554 ι
519 2503 695 2573 Ὠφθη
725 2504 780 2556 δὲ
808 2504 1012 2574 Κύριος
1043 2505 1122 2576 τῷ
1163 2505 1430 2578 Ἀϐραὰμ,
1455 2508 1548 2560 καὶ
1578 2502 1728 2560 εἶπεν
1756 2506 1904 2580 αύτῷ
1922 2525 1940 2540 ⁸

368 2592 461 2663 Τῷ
490 2592 764 2663 σπέρματί
799 2610 888 2646 σου
933 2593 1088 2648 δώσω
1122 2596 1221 2666 τὴν
1253 2597 1354 2667 γῆν
1381 2597 1608 2668 ταύτην.
1642 2617 1661 2649 ι
1703 2599 1812 2652 Καὶ
1837 2599 1942 2652 πά-

368 2682 452 2735 λιν
472 2699 484 2710 ·
515 2701 533 2732 ‹
578 2683 821 2751 Ἐγένετο
847 2682 1094 2754 Ἀϐραὰμ
1121 2685 1254 2737 ἐτῶν
1277 2686 1624 2756 ἐννενήκοντα
1644 2687 1817 2752 ἐννέα,
1847 2690 1941 2742 καὶ⁸

367 2773 524 2844 ὤφθη
543 2773 743 2844 Κύριος
766 2773 842 2844 τῷ
869 2774 1134 2845 Ἀϐραὰμ,
1164 2777 1254 2829 καὶ
1274 2773 1425 2829 εἶπεν
1459 2778 1626 2850 αὐτῷ’
1662 2779 1800 2849 Ἐγώ
1823 2781 1940 2852 εἰμι

367 2867 398 2918 6
417 2866 564 2928 Θεὸς.
587 2867 879 2938 Εὐαρέστει
909 2867 1135 2921 ἐνώπιόν
1181 2885 1304 2940 μου,
1326 2871 1419 2923 καὶ
1447 2871 1597 2939 γίνου
1628 2872 1936 2944 ἄμεμπτος,

367 2957 462 3009 καὶ
475 2956 709 3029 θήσομαι
728 2959 825 3028 τὴν
857 2958 1116 3030 διαθήκην
1135 2977 1233 3030 μου
1253 2961 1354 3014 ἀνά
1373 2963 1533 3032 μέσον
1556 2964 1690 3034 ἐμοῦ
1719 2967 1804 3020 καὶ
1835 2967 1940 3020 ἀνά

370 3049 532 3118 μέσον
546 3067 658 3114 σου,
673 3051 766 3103 καὶ
783 3050 1035 3122 πληθυνῶ
1050 3069 1108 3104 σε
1123 3053 1377 3124 σφόδρα.»
1399 3056 1506 3108 Καὶ
1524 3052 1698 3120 αὖθιςο
1725 3077 1741 3108 ι
1759 3059 1937 3130 Ὠφθη

367 3139 424 3192 δὲ
454 3141 482 3191 ό
505 3140 635 3203 Θεὸς
663 3141 809 3212 αὐτῷ
833 3143 967 3213 πρὸς
1004 3147 1069 3214 τῇ
1101 3145 1218 3215 δρυῒ
1248 3148 1313 3216 τῇ
1349 3147 1611 3218 Μαμϐρῇ,
1631 3147 1936 3221 καθημένου

365 3231 529 3284 αὑτοῦ
575 3235 665 3286 ἐπὶ
694 3235 790 3305 τῆς
821 3235 985 3305 θύρας
1021 3241 1118 3308 τῆς
1159 3240 1360 3310 σκηνῆς
1384 3241 1542 3294 αὑτοῦ
1574 3243 1931 3316 μεσημϐρίας.

2113 2187 2280 2241 Deum
2320 2204 2381 2240 ac
2425 2187 2707 2241 Dominum
2740 2187 2887 2253 prius
2928 2187 3254 2237 nominatum
3299 2193 3350 2236 et
3386 2183 3522 2251 quod
3555 2185 3612 2238 in

2113 2259 2335 2312 hominis
2379 2257 2572 2326 forma,
2613 2267 2661 2310 et
2696 2257 2888 2326 ﬁgura,
2927 2259 3172 2326 et_visum
3213 2269 3345 2315 esse,
3383 2267 3432 2306 et
3467 2256 3611 2308 anti-

2108 2329 2224 2396 quis
2251 2323 2501 2397 responsa
2529 2323 2751 2382 dedisse
2773 2323 3074 2380 conscribit.

2118 2524 2137 2558 ι
2163 2507 2427 2577 Apparuit
2466 2514 2644 2562 autem
2675 2505 2939 2561 Dominus
2971 2504 3224 2568 Abrahae,
3269 2511 3323 2559 et
3354 2503 3490 2556 dixit
3515 2502 3562 2556 ei
3591 2519 3607 2556 :

2043 2594 2246 2650 Semini
2277 2605 2371 2651 tuo
2403 2596 2544 2651 dabo
2570 2604 2771 2650 terram
2799 2593 3018 2648 hanc“.
3047 2613 3065 2645 ι
3087 2593 3154 2646 Et
3181 2607 3377 2647 rursus
3400 2611 3413 2646 :
3435 2611 3454 2642 ι
3481 2590 3612 2644 Erat

2040 2686 2314 2740 Abraham
2359 2702 2636 2750 annorum
2680 2687 2977 2756 nonaginta
3011 2700 3226 2750 novem,
3261 2691 3314 2738 et
3358 2684 3610 2753 apparuit

2041 2774 2304 2831 Dominus
2350 2776 2600 2838 Ahrahm,
2643 2783 2697 2830 et
2749 2775 2887 2830 dixit
2937 2774 2984 2830 ei
3039 2792 3052 2828 :
3114 2773 3225 2845 Ego
3265 2789 3384 2828 sum
3420 2773 3606 2828 Deus:

2039 2866 2177 2922 bene
2210 2857 2444 2936 placitus
2487 2867 2564 2923 sis
2608 2882 2794 2922 coram
2834 2882 2942 2931 me,
2988 2872 3042 2920 et
3085 2873 3204 2921 esto
3237 2863 3608 2934 inculpabilis,

2038 2967 2093 3012 et
2133 2975 2332 3029 ponam
2380 2968 2765 3015 testamentum
2804 2975 2985 3038 meum
3017 2959 3157 3014 inter
3201 2965 3255 3013 te
3303 2963 3356 3012 et
3403 2973 3511 3026 me,
3554 2965 3609 3011 et

2039 3053 2410 3121 multiplicabo
2458 3060 2512 3108 te
2553 3053 2712 3108 valde
2731 3053 2798 3107 ⁵⁵.
2833 3071 2851 3105 ι
2889 3051 2957 3105 Et
3004 3066 3197 3105 rursus
3238 3070 3251 3104 :
3290 3069 3308 3100 ι
3349 3047 3610 3120 Apparuit

2041 3155 2217 3201 autem
2241 3145 2383 3201 Deus
2417 3145 2468 3201 ei
2495 3145 2638 3216 apud
2668 3160 2928 3215 quercum
2953 3142 3216 3210 Mambre,
3239 3142 3366 3198 dum
3394 3140 3612 3196 sederet

2040 3239 2096 3292 in
2145 3239 2288 3295 ostio
2329 3237 2670 3293 tabernaculi
2699 3237 2806 3302 sui,
2843 3236 2962 3306 ipso
3012 3236 3277 3292 meridie:
3311 3249 3435 3289 cum
3475 3245 3610 3298 vero

363 3321 705 3394 ΔἈναβλέιζμσις
739 3327 796 3378 δὲ
827 3331 936 3392 τοῖς
977 3329 1270 3399 ὀφθαλμοῖς
1301 3330 1484 3393 αὐτοῦ,
1526 3327 1631 3384 εἶδε
1653 3349 1668 3362 ⁸
1696 3334 1790 3386 καὶ
1822 3335 1929 3387 ἰδοὺ

2035 3330 2211 3386 oculis
2246 3331 2362 3385 suis
2393 3332 2743 3399 respexisset,
2774 3329 2930 3394 vidit,
2962 3337 3015 3385 et
3046 3345 3176 3384 ecce
3209 3338 3320 3384 tres
3351 3329 3452 3383 viri
3495 3335 3607 3383 ste-

361 3418 506 3484 τρείς
529 3416 718 3488 ἄνδρες
742 3420 1081 3490 είστήκεισαν
1102 3421 1284 3474 ἐπάνω
1303 3422 1486 3476 αὐτοῦ.
1503 3424 1610 3476 Καὶ
1633 3423 1752 3478 ίδὼν
1772 3443 1932 3498 προσ-

361 3507 595 3577 έδραμεν
651 3510 729 3572 είς
770 3511 1088 3580 συνάντησιν
1126 3513 1307 3576 αὐτοῖς
1345 3514 1453 3567 ἀπὸ
1483 3515 1582 3585 τῆς
1616 3514 1782 3586 θύρας
1833 3517 1931 3588 τῆς

362 3600 584 3671 σκηνῆς,
643 3600 737 3652 καὶ
798 3601 1190 3673 προσεκύνησε.
1232 3624 1251 3655 ι
1290 3605 1398 3660 Καὶ
1458 3607 1584 3678 ὲξῆς
1643 3608 1781 3678 μετὰ
1830 3611 1928 3682 τὴν

360 3689 622 3763 ὀπτασίαν
666 3696 946 3768 ἐπιφέρειο
986 3717 1005 3749 ι
1045 3697 1102 3751 '0
1144 3699 1202 3751 δὲ
1266 3701 1471 3772 Κύριος
1505 3698 1688 3754 εἶπεν·
1728 3705 1800 3758 Ού
1854 3707 1928 3778 μὴ

362 3783 550 3854 κρύψω
579 3786 688 3854 ἐγὼ
743 3787 867 3851 ἀπὸ,
899 3788 1146 3861 Ἀϐραὰμ
1205 3791 1298 3845 τοῦ
1353 3793 1540 3856 παιδός
1588 3811 1690 3864 μου
1735 3795 1772 3849 ὰ
1821 3795 1930 3865 ἐγὼ

360 3874 517 3928 ποιῶ.
562 3876 810 3948 Ἀϐραὰμ
835 3879 892 3932 δὲ
918 3881 1198 3950 γινόμενος
1220 3881 1370 3934 ἔσται
1390 3884 1469 3946 είς
1487 3882 1636 3947 ἔθνος
1668 3889 1809 3955 μέγα
1835 3886 1930 3939 καὶ

360 3961 517 4026 πολὺ,
552 3965 646 4018 καὶ
685 3966 1196 4038 ἐνευλογηθήσονται
1238 3973 1296 4024 ὲν
1320 3971 1468 4043 αὐτῷ
1497 3972 1674 4028 πάντα
1701 3974 1772 4028 τὰ
1799 3974 1927 4045 ἔθνη

357 4054 458 4123 τῆς
489 4056 609 4125 γῆς.
655 4075 674 4106 ι
720 4059 829 4110 Καὶ
861 4059 1067 4124 τούτοις
1098 4057 1250 4124 αὖθις
1277 4062 1514 4132 ἐπιλέγει
1545 4065 1620 4127 ὡς
1657 4066 1785 4138 περὶ
1809 4067 1927 4118 ἑτέ-

365 4161 457 4216 ρου
483 4163 494 4175 ·
535 4165 553 4197 ι
588 4148 771 4217 ᾜδειν
799 4149 926 4220 γὰρ,
961 4152 1043 4203 ὅτι
1076 4151 1322 4216 συντάξει
1343 4157 1453 4218 τοῖς
1476 4157 1610 4219 υἱοῖς
1635 4156 1798 4210 αὐτοῦ
1833 4158 1929 4211 καὶ

357 4237 436 4308 τῷ
471 4238 603 4310 οἴκῳ
633 4241 794 4295 αὑτοῦ
831 4242 946 4311 μεθ’
977 4245 1156 4309 αὐτὸν,
1197 4247 1291 4299 καὶ
1324 4247 1614 4315 φυλάξουσι
1653 4250 1751 4312 τὰς
1775 4250 1928 4314 ὀδοὺς

358 4330 585 4402 Κυρίου,
612 4337 784 4387 ποιεῖν
805 4337 1145 4408 δικαιοσύνην
1173 4339 1266 4392 καὶ
1299 4339 1500 4411 κρίσιν,
1531 4341 1678 4406 ὅπως
1715 4344 1928 4412 ἑπαγάα

357 4437 427 4494 γῃ
486 4422 684 4493 Κύριος
733 4427 825 4479 ἐπὶ
869 4427 1114 4500 Ἀϐραὰμ
1160 4429 1194 4483 δι
1248 4430 1473 4502 έλάλησε
1516 4433 1652 4504 πρὸς
1689 4435 1868 4488 αὐτόν.
1902 4456 1920 4488 ι

357 4513 542 4569 Ταῦτα
574 4517 732 4581 αὐτὸς
758 4519 1167 4591 ἀναγέγραπται
1197 4521 1368 4589 λέγων
1407 4525 1434 4575 6
1463 4526 1814 4595 χρηματίζων
1847 4526 1929 4598 τῷ

369 4604 616 4678 Ἀϐραὰμ
653 4608 873 4680 Κύριος,
908 4611 1092 4682 ἕτερον
1127 4613 1329 4683 Κύριον
1373 4615 1681 4686 ὁμολογῶν,
1723 4618 1924 4690 δηλαδὴ

353 4699 446 4754 τὸν
500 4702 663 4754 αὑτοῦ
711 4705 947 4776 Πατέρα,
987 4707 1081 4759 καὶ
1121 4707 1346 4778 ποιητὴν
1381 4707 1472 4760 τοῦ
1502 4710 1722 4783 πανεός.
1759 4712 1825 4765 Ὅ
1860 4729 1926 4780 γε

356 4795 464 4866 μὴν
505 4795 772 4866 Ἀϐραὰμ,
808 4793 894 4850 οἶα
922 4801 1204 4871 προφήτης
1231 4799 1531 4870 κατάληψιν
1549 4800 1687 4872 ἔχων
1719 4802 1918 4874 ἀκριϐῆ

351 4886 446 4937 τοῦ
473 4889 916 4957 χρηματίζοντος,
948 4890 1074 4961 ἑξῆς
1097 4895 1210 4954 τοῖς
1232 4891 1602 4963 προεκτεθεῖσι
1638 4895 1921 4948 ποτνιᾶται

351 4975 524 5043 λέγων
544 4994 556 5007 '
596 4998 613 5027 ι
652 4980 760 5031 Καὶ
788 4980 860 5051 μὴ
887 4983 1253 5054 συναπολέσῃς
1284 4983 1490 5037 δίκαιον
1523 4985 1639 5055 μετ’
1667 4985 1917 5050 ἀσεϐοῦς,

352 5068 444 5119 καὶ
475 5065 624 5119 ἔσται
655 5069 683 5119 6
715 5069 920 5133 δίκαιος
943 5071 1018 5133 ὡς
1046 5072 1266 5144 ἀσεϐής.
1314 5073 1435 5126 Ἐὰν
1456 5068 1557 5127 ὦσι
1584 5075 1920 5146 πεντήκοντα

347 5157 544 5212 δίκαιοι
561 5160 616 5210 ὲν
641 5161 705 5229 τῇ
726 5159 894 5223 πόλει,
927 5162 1144 5226 ἀπολεῖς
1170 5163 1398 5229 α’ύτούς;
1427 5165 1524 5216 οὐκ
1543 5165 1764 5234 ἀνήσεις
1785 5165 1921 5218 πάν-

347 5263 417 5300 τα
451 5249 542 5301 τὸν
575 5249 739 5304 τόπον
771 5250 954 5306 ἕνεκεν
991 5255 1099 5307 τῶν
1149 5257 1480 5328 πεντήκοντα
1508 5254 1763 5321 δικαίων;
1794 5259 1918 5328 Μη-

345 5339 533 5411 δαμῶς
560 5342 623 5394 σὺ
657 5344 900 5415 ποιήσεις
928 5345 988 5397 τὸ
1019 5346 1165 5417 ῥῆμα
1193 5346 1369 5410 τοῦτο,
1393 5347 1486 5401 τοῦ
1514 5349 1825 5402 ἀποκτεῖναι
1848 5349 1921 5402 δί-

346 5450 500 5488 καιον
532 5436 668 5505 μετὰ
689 5435 936 5501 ἀσεϐοῦς,
969 5438 1062 5491 καὶ
1084 5437 1233 5492 ἔσται
1258 5441 1286 5492 6
1315 5439 1519 5504 δίκαιος
1537 5441 1613 5504 ὡς
1639 5443 1667 5494 6
1693 5440 1912 5513 ἀσεϐής·

350 5525 633 5596 μηόαμῶςο
667 5528 696 5580 6
721 5529 918 5600 κρίνων
941 5532 1118 5584 πᾶσαν
1152 5530 1249 5602 τὴν
1273 5533 1394 5603 γῆν,
1424 5533 1486 5585 οὐ
1520 5534 1764 5605 ποιήσεις
1799 5533 1918 5605 κρί-

349 5633 470 5679 σιν;
503 5637 521 5670 ι
566 5619 837 5688 Ἀγγέλοις
878 5621 941 5693 δὴ
970 5624 1196 5691 φάσκειν
1218 5623 1409 5688 ταῦτα,
1461 5626 1495 5696 ἦ
1534 5642 1638 5679 τινι
1677 5625 1788 5679 τῶν
1818 5624 1912 5678 τοῦ

347 5707 480 5763 Θεοῦ
527 5709 868 5784 λειτουργῶν,
913 5716 1024 5796 οὐχ,
1062 5715 1300 5786 ἠγοῦμαι
1335 5716 1584 5786 λέγεσθαι
1617 5718 1874 5788 ἁρμόζειν
1895 5735 1908 5748 ’

2029 3431 2209 3478 terant
2257 3437 2420 3492 supra
2469 3438 2636 3480 eum:
2669 3430 2724 3478 et
2769 3438 2895 3476 cum
2938 3422 3170 3477 vidisset
3221 3421 3462 3475 accurrit
3499 3420 3602 3474 ob-

2030 3516 2173 3569 viam
2203 3515 2332 3577 illis,
2367 3514 2436 3568 ab
2467 3515 2606 3569 ostio
2633 3513 2993 3577 tabernaculi,
3029 3521 3084 3568 et
3117 3512 3446 3568 adoravit".
3477 3529 3497 3564 ι
3523 3513 3605 3565 Ac

2030 3605 2284 3676 deinceps
2309 3615 2431 3676 post
2455 3606 2722 3661 visionem
2749 3605 2994 3675 adjungit
3019 3623 3032 3658 :
3070 3624 3089 3656 ι
3125 3604 3390 3659 Dominus
3419 3609 3601 3656 autem

2028 3697 2184 3760 dixit,
2217 3712 2327 3750 non
2357 3697 2548 3750 celabo
2573 3711 2674 3767 ego
2701 3696 2976 3750 Abraham
3019 3711 3246 3765 puerum
3273 3711 3451 3749 meum
3482 3709 3604 3764 quae

2030 3787 2191 3842 facio.
2222 3788 2496 3842 Abraham
2521 3803 2652 3844 vero
2689 3803 2813 3842 cum
2855 3787 2947 3850 sit,
2976 3787 3083 3841 erit
3132 3787 3188 3841 in
3218 3796 3431 3856 gentem
3487 3801 3606 3839 ma-

2029 3895 2188 3950 gnam
2244 3887 2297 3935 et
2335 3880 2559 3933 multam
2594 3890 2684 3935 :et
2733 3878 3127 3934 benedicentur
3193 3879 3248 3931 in
3300 3893 3366 3931 eo
3411 3892 3603 3931 omnes

2027 3977 2214 4039 gentes
2261 3969 2502 4024 terrm“.
2540 3989 2558 4021 ι
2597 3969 2774 4039 Atque
2823 3967 2910 4023 his
2959 3983 3153 4022 rursus
3194 3967 3441 4036 adjungit
3480 3975 3604 4019 tan-

2029 4077 2191 4133 quam
2223 4062 2291 4116 de
2323 4062 2533 4116 altero:
2564 4079 2583 4113 ι
2613 4060 2746 4115 Novi
2784 4059 2928 4115 enim
2958 4059 3104 4130 quod
3135 4059 3434 4114 constituet
3473 4057 3602 4111 ﬁliis

2029 4157 2166 4221 suis,
2190 4163 2244 4210 et
2270 4155 2455 4209 domui
2483 4171 2616 4221 sure,
2657 4162 2706 4210 et
2745 4154 3060 4209 custodicnt
3091 4153 3210 4209 vias
3240 4152 3479 4216 Domini,
3516 4150 3600 4204 fa-

2029 4263 2153 4304 cere
2179 4249 2449 4317 justitiam
2473 4256 2528 4304 et
2557 4247 2844 4318 judiciunr
2884 4253 2942 4301 ut
2968 4245 3192 4300 inducat
3218 4243 3481 4300 Dominus
3505 4257 3600 4298 su-

2028 4357 2126 4412 per
2188 4341 2461 4395 Abraham
2524 4355 2646 4410 quae
2706 4339 2927 4394 locutus
2981 4345 3067 4393 est
3139 4338 3207 4393 ad
3278 4338 3429 4392 illum
3468 4340 3534 4394 δ’.
3575 4357 3595 4390 ι

2028 4433 2190 4505 234
2209 4433 2309 4488 Hic
2357 4433 2515 4503 plane
2549 4434 2812 4502 scriptum
2856 4439 2961 4496 est,
2998 4447 3124 4486 eum
3169 4430 3458 4485 Dominum
3497 4431 3592 4499 qui

2027 4525 2259 4578 Abrahae
2286 4523 2673 4593 respondebat,
2705 4523 2819 4577 haec
2847 4522 3054 4585 dicere,
3084 4522 3179 4576 ubi
3211 4521 3466 4576 videlicet
3496 4521 3603 4575 Do-

2028 4617 2235 4670 minum
2289 4614 2581 4670 conﬁtetur
2636 4613 2858 4669 Patrem
2913 4628 3096 4678 suum,
3147 4621 3202 4668 et
3249 4613 3598 4668 Conditorem

1956 4691 2003 4750 υ
2029 4709 2270 4764 universi
2309 4710 2466 4778 :ipse
2506 4717 2688 4764 tamen
2739 4707 3038 4771 Abraham,
3087 4707 3254 4762 veluti
3310 4707 3596 4776 propheta,

2025 4802 2359 4870 exploratam
2392 4807 2447 4855 et
2475 4811 2681 4856 certam
2716 4801 2838 4871 ejus
2869 4801 2963 4872 qui
2996 4798 3359 4870 respondebat
3391 4798 3598 4866 cogita-

2022 4894 2226 4948 tionem
2252 4893 2482 4958 habens,
2513 4891 2774 4963 deinceps
2803 4909 2928 4947 cum
2961 4891 3310 4946 veneratione
3354 4906 3469 4953 eos,
3501 4889 3595 4959 qui

2025 4993 2151 5041 ante
2189 4986 2423 5056 expositi
2469 4993 2620 5050 sunt,
2668 4994 2809 5050 orat,
2861 4987 3088 5041 dicens:
3118 5003 3136 5036 ‹
3170 4983 3247 5038 Ne
3285 4983 3484 5053 perdas
3506 4983 3596 5050 ju—

2024 5086 2168 5133 stum
2217 5079 2381 5135 simul
2427 5093 2552 5133 cum
2599 5078 2790 5148 impio,
2824 5087 2879 5134 et
2928 5079 3033 5134 erit
3055 5077 3242 5147 justus
3291 5075 3448 5144 quasi
3490 5076 3596 5127 im-

2023 5168 2168 5239 pius.
2199 5167 2257 5223 Si
2293 5168 2405 5224 sint
2431 5169 2830 5239 quinquaginta
2853 5170 2989 5238 justi
3024 5169 3080 5222 in
3122 5166 3366 5230 civitate,
3397 5167 3592 5234 perdes

2023 5260 2154 5316 eos?
2183 5276 2364 5316 nonne
2400 5261 2644 5316 dimittes
2670 5275 2886 5315 omnem
2935 5261 3136 5322 locum,
3169 5266 3390 5328 propter
3428 5258 3592 5326 quin-

2027 5351 2287 5423 quaginta
2311 5351 2892 5422 justos?Nequaquam
2927 5359 2984 5405 tu
3017 5350 3184 5404 facies
3215 5349 3438 5404 verbum
3461 5349 3586 5414 hoc,

2022 5450 2084 5497 ut
2131 5443 2430 5499 interﬁcias
2459 5444 2669 5513 justum
2733 5458 2857 5498 cum
2905 5442 3104 5511 impio,
3154 5447 3208 5495 et
3257 5441 3361 5494 erit
3405 5440 3588 5509 justus

2020 5536 2177 5604 quasi
2228 5535 2459 5606 impius;
2485 5549 2827 5605 nequaquam
2854 5551 2868 5588 :
2901 5534 2993 5604 qui
3020 5531 3240 5602 judicas
3273 5532 3586 5588 universam

2019 5633 2260 5693 terram,
2308 5644 2418 5681 non
2467 5627 2635 5682 facies
2675 5625 2942 5695 judicium
2967 5626 3055 5678 '°?
3086 5643 3104 5675 ι
3140 5625 3310 5695 Porro
3355 5625 3468 5680 haec
3519 5623 3587 5678 ad

2021 5717 2267 5788 angelos,
2297 5727 2390 5772 aut
2436 5718 2501 5772 ad
2543 5718 2852 5788 quempiam
2899 5734 2965 5773 ex
3005 5716 3100 5771 Dei
3143 5716 3412 5772 ministris
3442 5715 3584 5771 dicta

411 5894 452 5925 "
479 5894 610 5952 Gen.
641 5914 735 5968 xu,
769 5898 818 5954 7.
885 5900 928 5932 “
954 5899 1085 5957 Gen.
1125 5917 1256 5971 xm,
1291 5902 1401 5975 l,2.
1451 5903 1507 5980 _"
1531 5902 1664 5960 Gen.
1702 5919 1852 5971 XVIII,
1883 5905 1992 5969 l,2.
2063 5905 2106 5937 “
2139 5905 2246 5960 ibid
2305 5907 2393 5975 l7,
2418 5907 2497 5961 l8.
2581 5907 2619 5938 ³ο
2652 5906 2780 5961 ibid.
2818 5907 2902 5962 l9.
2983 5907 3026 5938 '°
3062 5905 3404 5973 ibid.26,9.5.
