4110 6490
491 448 603 504 385

1176 442 1444 501 EUSEBII
1482 445 1954 503 CzESARlENSlS
1985 447 2137 505 OPP.
2177 447 2357 504 PARS
2394 446 2459 503 ll.
2496 479 2566 491 -—
2600 448 3093 510 APOLOGETICA.

3618 456 3724 513 38‘

492 580 642 630 esse.
676 573 1049 623 consentanea
1077 564 1185 621 dici
1213 581 1325 621 non
1354 567 1627 624 arbitror:
1649 586 1758 627 non
1789 572 1936 627 enim
1965 588 2064 629 cu-

2174 574 2282 629 )ύδὲ
2314 573 2423 645 γὰρ
2462 573 2556 629 106
2596 574 2848 644 τυχόντος
2885 572 2952 628 ἂν
2985 573 3069 646 εἴη
3108 573 3168 627 τὸ
3197 574 3398 645 κρίνειν
3434 576 3611 629 πᾶσαν
3630 576 3730 649 τὴν

488 657 722 729 juslibet
761 659 877 718 sit;
900 657 1146 726 judicare
1191 665 1397 713 terram
1446 662 1785 719 universam.
1814 663 1921 720 Sed
1961 682 2065 723 nee

2174 663 2287 735 γῆν.
2335 663 2472 716 Ἀλλ’
2512 662 2620 716 οὐδ’
2660 662 2887 731 ἄγγελος
2922 664 2952 716 ό
2988 665 3325 735 προγραφεὶς
3350 663 3727 736 ἀνηγόρευται,

498 748 728 819 angelus
758 747 976 818 quidem
999 756 1082 805 est
1111 750 1447 818 nominatus,
1475 769 1637 824 quem
1663 757 1912 827 superior
1928 758 2066 814 scri-

499 849 664 912 ptura
688 840 983 911 signiﬁcat,
1017 856 1207 896 verum
1236 844 1378 901 alius
1408 846 1679 917 quispiam
1709 850 1900 921 angelo
1928 865 2069 921 pra-

499 934 755 996 stantier,
788 932 932 988 Deus
961 933 1152 1005 utique
1181 949 1245 991 ac
1265 934 1553 1004 Dominus,
1583 940 1676 1010 qui
1700 955 1822 995 cum
1851 942 2067 999 duobus

496 1024 712 1093 angelis
769 1024 825 1077 in
883 1024 1059 1079 forma
1112 1025 1392 1092 hominis,
1447 1028 1517 1083 ad
1582 1045 1747 1100 supra
1806 1032 2065 1102 scriptam

493 1130 766 1185 quercum
815 1121 898 1171 est
939 1116 1111 1173 visus.
1148 1116 1420 1175 Praeterea
1468 1135 1539 1176 ne
1584 1120 1802 1178 Patrem
1847 1125 2068 1194 quidem

500 1207 673 1262 Deum
703 1207 849 1263 hunc
893 1206 1064 1266 fuisse
1094 1211 1398 1280 putandum
1424 1220 1530 1278 est,
1557 1213 1652 1284 qui
1690 1214 2069 1286 hujuscemodi

499 1302 684 1358 verbis
715 1302 988 1358 indicatur
1014 1322 1029 1361 :
1062 1304 1245 1361 dicere
1268 1308 1437 1372 enim,
1484 1308 1539 1363 id
1578 1312 1775 1365 mutari
1807 1310 1951 1381 quod
1980 1310 2067 1365 di-

497 1393 691 1447 vinum
727 1401 834 1458 est,
859 1401 913 1449 et
945 1393 1166 1465 [igurari
1190 1395 1245 1451 in
1278 1396 1515 1467 speciem
1547 1413 1611 1453 ac
1636 1399 1864 1453 formam
1895 1400 2070 1454 homi-

501 1483 611 1550 nis,
635 1486 957 1557 neutiquam
992 1488 1140 1558 pium
1176 1496 1280 1545 est.
1312 1488 1574 1561 Superest
1603 1491 1771 1562 igitur
1804 1499 1864 1547 ut
1894 1492 2068 1547 conﬁ-

497 1583 720 1630 teamur
752 1578 905 1633 illum
944 1579 1115 1636 fuisse
1142 1580 1235 1638 Dei
1268 1581 1527 1649 Verbum,
1564 1584 1710 1654 quod
1751 1599 1783 1639 a
1825 1586 1988 1642 nobis
2014 1588 2071 1642 in

500 1667 574 1723 iis
597 1685 726 1738 tunc
761 1673 995 1727 antehac
1043 1675 1245 1745 scripta
1287 1675 1479 1743 babes,
1517 1675 1614 1734 Dei
1662 1680 1883 1735 nomine
1924 1680 2071 1736 cele-

501 1757 722 1813 bratum
754 1770 841 1817 est
870 1781 882 1817 :
914 1778 1021 1835 qua
1056 1765 1125 1820 de
1154 1780 1319 1822 causa
1348 1767 1510 1824 hodie
1537 1784 1754 1839 quoque
1787 1785 1817 1824 a
1849 1770 2067 1838 vicinis,

496 1849 644 1903 etin
688 1852 939 1920 proximo
981 1855 1378 1923 habitantibus,
1410 1858 1568 1927 quasi
1601 1858 1820 1916 divinus
1849 1861 2067 1927 colitur,

2165 756 2426 827 κρείττων
2471 756 2527 809 δέ
2568 773 2650 818 τις
2684 754 2915 823 ἀγγέλου
2949 754 3083 817 Θεὸς
3121 755 3216 809 καὶ
3246 755 3472 828 Κύριος,
3497 757 3634 828 πρὸς
3660 760 3727 833 τῇ

2164 848 2627 920 ἀναγεγραμμένῃ
2652 846 2771 919 δρυῖ
2798 846 2936 917 μετὰ
2968 846 3079 899 τῶν
3104 846 3249 901 δυεῖν
3275 848 3520 917 ἀγγέλων
3548 854 3605 902 ὲν
3632 852 3729 904 ἀν-

2165 939 2383 1012 θρώπου
2419 943 2653 1012 σχήματι
2688 939 2919 1011 ὁραθείς.
2952 938 3120 992 Πάλιν
3147 956 3210 1009 γε
3238 938 3342 1011 μὴν
3366 941 3488 995 οὐδὲ
3518 940 3608 996 τὸν
3637 943 3729 998 ἐπὶ

2167 1034 2384 1087 πάντων
2423 1033 2556 1086 Θεὸν
2587 1032 2821 1104 ἡγητέον
2858 1030 2946 1084 διὰ
2981 1030 3184 1084 τούτων
3215 1031 3535 1102 δηλοῦσθαι·
3568 1051 3731 1105 μετα-

2167 1122 2378 1177 ϐάλλειν
2419 1124 2527 1193 γὰρ
2559 1123 2720 1194 φάναι
2763 1123 3024 1189 τὸ’θεῖον,
3059 1123 3153 1177 καὶ
3178 1124 3609 1195 χρηματίζεσθαι
3648 1129 3728 1191 είς

2167 1214 2356 1285 ἀνδρὸς
2388 1209 2524 1279 εἶδος
2576 1216 2670 1269 καὶ
2713 1216 2946 1286 μορφὴν,
2990 1214 3089 1268 οὐκ
3120 1215 3335 1283 εὐαγές.
3385 1214 3728 1289 Λείπεταιδὴ

2166 1304 2327 1357 αὑτὸν
2356 1302 2494 1357 εἶναι
2523 1303 2614 1357 τὸν
2631 1302 2729 1357 τοῦ
2758 1303 2893 1356 Θεοῦ
2927 1303 3116 1372 Λόγον,
3136 1303 3226 1355 τὸν
3252 1302 3341 1356 διὰ
3368 1303 3477 1357 τῶν
3496 1305 3728 1377 πρόσθεν

2165 1395 2629 1466 τεθεολογημένον,
2659 1393 2957 1466 ὁμολογεῖν.
2987 1394 3148 1449 Ὅθεν
3176 1395 3347 1449 είσέτι
3393 1397 3485 1449 καὶ
3505 1396 3600 1451 νῦν
3622 1414 3728 1451 πα-

2172 1488 2239 1559 ρὰ
2267 1490 2378 1551 τοῖς
2410 1487 2818 1560 πλησιοχώροις,
2860 1486 3008 1540 om
3051 1486 3191 1550 θεῖος
3223 1489 3252 1540 ό
3280 1487 3441 1550 τόπος
3466 1488 3546 1550 εἰς
3564 1487 3731 1560 τιμὴν

2167 1578 2275 1633 τῶν
2323 1578 2509 1633 αὐτόθι
2553 1578 2631 1650 τῷ
2674 1577 2920 1650 Ἀϐραὰμ
2955 1577 3321 1647 ἐπιφανέντων
3349 1577 3731 1649 θρησκεύεται,

2168 1671 2260 1724 καὶ
2279 1669 2560 1743 θεωρεῖται
2594 1686 2657 1739 γε
2686 1670 2767 1733 είς
2798 1666 2957 1742 δεῦρο
2978 1668 3302 1740 διαμένουσα
3330 1671 3364 1740 ἡ
3388 1668 3731 1739 τερέϐινθοςο

2138 1764 2216 1816 σοι
2245 1761 2353 1834 γὰρ
2385 1760 2463 1833 τῷ
2497 1761 2744 1833 Ἀϐραὰμ
2776 1746 3207 1826 ἐπιξενωθέντες,
3233 1760 3326 1813 ἐπὶ
3355 1760 3576 1831 Γραφῆς
3607 1761 3737 1814 ἀνα-

2171 1855 2429 1924 κείμενοι,
2461 1852 2552 1906 δύο
2595 1852 2692 1924 μὲν
2734 1851 3090 1923 ἑκατέρωθεν,
3134 1852 3296 1922 μέσος
3332 1852 3391 1907 δὲ
3421 1853 3451 1905 ό
3473 1851 3736 1923 κρείττων

500 1950 672 2013 atque
695 1945 1019 2001 observatur
1058 1949 1107 2005 is
1150 1950 1326 2016 locus,
1354 1950 1581 2007 honoris
1616 1952 1837 2008 illorum
1897 1954 2067 2020 gratia

2174 1945 2449 2016 ὑπερέχων
2478 1947 2544 2015 τῇ
2572 1946 2721 2015 τιμῇ.
2745 1944 2845 2014 Εἴη
2873 1943 2917 1996 δ’
2939 1942 3004 1996 ἂν
3028 1944 3057 1996 ὁ
3080 1942 3446 2014 δεδηλωμένος
3464 1944 3595 2013 ἡμῖν
3618 1941 3737 1996 Κύ-

497 2032 601 2101 qui
622 2031 853 2088 Abrahze
882 2035 937 2090 in
968 2036 1062 2094 illo
1089 2039 1190 2094 visi
1220 2036 1349 2095 sunt
1376 2045 1393 2108 ξ
1421 2049 1583 2111 atque
1606 2043 1766 2097 etiam
1798 2022 1944 2097 nunc
1967 2042 2072 2097 ibi-

2179 2053 2290 2106 ριος
2318 2035 2494 2098 αὐτὸς,
2528 2036 2557 2088 ό
2578 2035 2837 2106 ἡμέτερος
2863 2033 3071 2104 Σωτὴρ,
3095 2033 3153 2087 ὃν
3179 2034 3271 2086 καὶ⁵
3295 2034 3344 2085 οί
3375 2032 3618 2102 ἀγνῶτες
3659 2030 3737 2104 (1)

498 2122 630 2178 dem
656 2139 982 2194 permanens
1019 2130 1363 2186 terebinthus
1390 2132 1730 2203 conspicitur
1762 2149 1778 2187 :
1808 2134 1902 2203 qui
1924 2133 2069 2188 enim

2176 2127 2409 2190 σέϐουσι,
2436 2125 2505 2179 τὰ
2529 2126 2646 2180 θεῖα
2672 2126 2827 2195 λόγια
2853 2125 3217 2196 πιστούμενοι.
3251 2120 3417 2189 Οὗτος
3448 2124 3505 2179 δὲ
3521 2120 3613 2179 οὖν
3641 2126 3736 2180 a6-

498 2212 578 2268 ab
609 2214 882 2287 Abraham
920 2219 1157 2288 hospitio
1181 2223 1420 2293 suscepti
1453 2232 1602 2286 sunt,
1641 2233 1699 2278 ut
1724 2224 1887 2278 habet
1918 2221 2068 2279 Scri-

502 2310 687 2373 ptura,
740 2309 1119 2364 recumbentcs
1157 2319 1314 2365 erant
1362 2311 1471 2367 duo
1518 2313 1736 2384 quidem
1789 2315 2066 2386 utrinque,

506 2395 720 2451 medius
760 2407 940 2454 autem
990 2403 1367 2466 excellentior,
1412 2411 1467 2459 et
1495 2406 1587 2475 qui
1635 2406 1875 2476 reliquos
1920 2415 2072 2462 ante-

501 2488 629 2545 iret.
674 2490 773 2547 Hic
812 2508 942 2547 vero
992 2495 1063 2549 sit
1107 2496 1267 2565 plane
1302 2496 1371 2561 is,
1406 2496 1473 2551 de
1513 2513 1624 2567 quo
1651 2498 1909 2563 diximus,
1953 2498 2071 2567 ipse

507 2579 697 2650 utique
741 2580 1005 2640 Dominus
1050 2599 1115 2638 ac
1155 2585 1408 2641 Salvator
1447 2595 1656 2653 noster,
1691 2604 1852 2658 quem
1902 2588 2067 2643 etiam

2172 2220 2283 2283 τὸς,
2317 2219 2374 2286 ἐξ
2403 2221 2606 2274 ἐκείνου
2651 2220 2719 2273 τὰ
2745 2220 2841 2290 τῆς
2873 2218 3147 2282 εὐσεϐείας
3183 2218 3470 2289 σπέρματα
3510 2218 3591 2282 είς
3636 2218 3730 2270 ἀν-

2174 2311 2423 2384 θρώπους
2467 2311 2951 2381 καταϐαλλόμενος,
3003 2309 3335 2381 ἀνθρώπειον
3368 2309 3557 2373 ὑποδὺς
3595 2305 3757 2383 εἶδός,

2174 2421 2235 2457 τε
2282 2404 2375 2456 καὶ
2405 2404 2607 2474 σχῆμα,
2639 2404 2717 2474 τῷ
2742 2403 2978 2472 θεοφιλεῖ
3004 2402 3303 2473 προπάτορι
3344 2402 3606 2474 Ἀϐραὰμ,
3639 2402 3732 2454 ὅσ-

2174 2511 2257 2557 τις
2280 2492 2386 2564 εἴη,
2403 2494 2561 2547 αὑτὸν
2588 2494 2831 2564 ἐξέφηνε,
2846 2492 2939 2546 καὶ
2955 2492 3052 2563 τὴν
3070 2488 3164 2546 106
3186 2493 3395 2566 Πατρὸς
3418 2491 3584 2548 αὐτοῦ
3605 2508 3738 2565 παρ-

2174 2586 2339 2640 εδίδου
2371 2585 2592 2659 γνώμην

504 2674 812 2744 pertinaces
848 2684 903 2732 et
934 2678 1219 2743 increduli,
1270 2679 1454 2734 divina
1480 2682 1717 2749 oracula
1749 2684 2162 2742 contirmantes.
2190 2689 2520 2736 venerantur
2552 2699 2567 2736 :
2602 2681 2692 2736 hic
2720 2682 2837 2751 ipse
2875 2681 3038 2753 igitur
3076 2698 3141 2738 ex
3209 2682 3323 2747 illo,
3391 2682 3607 2751 pietatis
3660 2680 3743 2750 ja-

503 2769 658 2826 ciens
701 2770 769 2825 ad
819 2771 1067 2830 homines
1131 2776 1364 2839 semina,
1414 2776 1709 2830 humanam
1754 2778 1989 2848 speciem
2034 2792 2099 2831 ac
2137 2778 2363 2845 ﬁguram
2414 2776 2659 2842 indutus,
2708 2774 2804 2831 Dei
2867 2776 3043 2833 amico
3101 2784 3263 2846 atque
3314 2776 3538 2846 antiquo
3585 2772 3736 2832 Patri

471 2911 480 2919 .
507 2860 738 2920 Abrahae
761 2865 1001 2936 seipsum
1023 2867 1275 2937 quisnam
1294 2877 1464 2935 esset,
1491 2870 1749 2937 ostendit,
1771 2869 2057 2941 Patrisque
2082 2870 2168 2927 sui
2200 2870 2424 2931 tradidit
2451 2870 2797 2926 sententiam.

1023 2983 1185 3054 235
1214 2983 1445 3040 CAPUT
1484 2985 1555 3041 x.

505 3093 1073 3169 Ab_eadem.——Qu_od
1112 3096 1248 3152 idem
1279 3099 1532 3169 propheta
1571 3100 1626 3154 in
1660 3098 1849 3164 Iacob,
1902 3118 2075 3154 mam-

582 3166 769 3234 [ηιξκιε
814 3182 932 3220 eum
975 3166 1186 3237 deiquo
1226 3166 1425 3236 agitur,
1476 3170 1677 3223 indicat
1728 3170 2008 3226 Dominum
2052 3187 2071 3226 :

578 3256 727 3309 quem
774 3252 902 3294 sane
944 3247 996 3291 et
1039 3236 1209 3291 Deum
1256 3249 1304 3293 et
1354 3241 1596 3311 angelum
1636 3256 1935 3310 supremum
1976 3241 2075 3297 Dei

578 3319 750 3365 vocat.

585 3442 603 3474 ι
635 3422 703 3477 Ει
733 3423 1014 3495 profectus
1034 3431 1118 3480 est
1151 3424 1206 3479 in
1241 3420 1511 3491 Charran,
1532 3430 1589 3480 et
1606 3424 1757 3480 venit
1784 3424 1838 3478 in
1868 3423 2073 3488 locum,

502 3525 561 3573 et
580 3516 835 3572 dormivit
865 3518 973 3572 illic
1010 3535 1025 3575 :
1056 3517 1331 3573 occiderat
1355 3519 1499 3574 enim
1522 3518 1626 3575 sol.
1661 3517 1727 3571 Et
1752 3517 1959 3587 accepit
1990 3518 2075 3572 la-

506 3608 683 3678 pides,
709 3617 764 3664 et
793 3611 978 3680 posuit
999 3611 1103 3667 sub
1134 3612 1308 3681 capite
1337 3626 1461 3677 suo,
1492 3620 1548 3667 et
1576 3610 1839 3667 dormivit
1866 3611 1922 3664 in
1954 3611 2074 3665 loco

506 3700 623 3765 illo,
647 3709 702 3757 et
731 3703 1024 3758 somniavit
1049 3723 1061 3758 :
1090 3714 1144 3759 et
1177 3719 1304 3759 ecce
1333 3705 1480 3759 scala
1513 3712 1674 3759 terrae
1702 3702 1888 3767 inlisa,
1916 3702 2074 3771 cujus

424 3829 431 3837 .
505 3798 672 3861 caput
698 3792 1048 3862 perveniebat
1077 3809 1252 3864 usque
1296 3793 1363 3848 ad
1408 3793 1630 3859 caelum,
1664 3802 1718 3849 et
1754 3791 1932 3863 angeli
1977 3790 2076 3846 Dei

509 3884 876 3939 ascendebant
905 3900 1004 3955 per
1061 3901 1202 3941 eam.
1239 3886 1308 3941 Et
1350 3885 1612 3940 Dominus
1643 3886 1975 3940 innitebatur
2000 3884 2074 3950 ei,

505 3982 560 4028 et
593 3973 730 4029 dixit
759 3992 771 4030 :
806 3975 919 4046 Ego
963 3975 1228 4032 Dominus
1270 3976 1414 4031 Deus
1442 3977 1715 4031 Abraham
1766 3976 1938 4046 patris
1970 3974 2072 4042 tui,

506 4072 560 4119 et
586 4064 727 4120 Deus
749 4064 924 4129 Isaac,
957 4083 1026 4122 ne
1056 4068 1253 4123 timeas
1288 4085 1303 4121 :
1356 4075 1506 4123 terra
1550 4068 1605 4121 in
1635 4084 1743 4139 qua
1772 4077 1829 4122 tu
1866 4067 2074 4124 dormis

508 4155 565 4210 in
598 4157 737 4226 ipsa,
773 4158 869 4211 tibi
900 4157 1041 4212 dabo
1067 4174 1210 4223 eam,
1254 4164 1310 4213 et
1338 4159 1529 4213 semini
1560 4164 1676 4213 tuo.
1734 4158 1802 4213 Et
1841 4160 1948 4214 erit
1977 4174 2070 4215 se-

508 4264 632 4303 men
662 4258 813 4303 tuum
847 4251 991 4304 sicut
1019 4266 1184 4305 arena
1217 4252 1410 4316 maris,
1442 4260 1496 4307 et
1517 4252 1834 4307 dilatabitur
1867 4253 1934 4308 ad
1957 4269 2077 4308 ma-

508 4354 591 4403 re,
612 4347 666 4394 et
712 4339 1011 4405 Orientem,
1050 4350 1104 4397 et
1138 4342 1207 4396 ad
1241 4344 1486 4409 boream,
1510 4350 1565 4398 et
1604 4343 1856 4398 africum.
1886 4342 1953 4397 Et
1982 4344 2078 4403 be-

508 4431 831 4487 nedicentur
859 4434 914 4487 in
944 4442 997 4489 te
1038 4448 1231 4491 omnes
1258 4435 1439 4492 tribus
1466 4443 1648 4501 terrae,
1689 4442 1744 4491 et
1776 4436 1834 4489 in
1868 4436 2078 4492 semine

508 4528 625 4581 tuo.
669 4523 736 4578 Et
763 4538 892 4580 ecce
916 4540 1018 4596 ego
1047 4541 1168 4581 sum
1198 4536 1404 4593 tecum,
1430 4527 1745 4585 custodiens
1774 4535 1827 4583 te
1846 4527 1901 4582 in
1923 4527 2074 4583 omni

2707 2986 3104 3041 ΚΕΦΔΛΔῙΟΝ
3140 2987 3197 3041 ι’.

2187 3101 2320 3157 Ἄπό
2362 3099 2472 3169 τῆς
2521 3099 2732 3169 αὐτῆς.
2762 3132 2830 3145 -—
2869 3101 2960 3169 Ὡς
3013 3105 3045 3156 ὁ
3082 3099 3263 3167 αὐτὸς
3295 3098 3601 3169 προφήτης
3638 3098 3738 3154 ἐπὶ

2245 3171 2350 3225 τοῦ
2390 3170 2602 3235 Ἰακὼϐ,
2631 3172 3005 3240 σαφέστερον
3027 3172 3296 3241 ἐμφαίνει
3319 3172 3424 3241 τὸν
3451 3170 3739 3237 δηλούμε-

2244 3258 2356 3296 νον
2383 3243 2624 3310 Κύριον,
2654 3241 2726 3294 ὃν
2747 3241 2822 3308 δὴ
2851 3244 2950 3295 καὶ
2982 3240 3149 3308 Θεὸν,
3185 3240 3283 3294 καί
3307 3240 3564 3309 ἄγγελον
3588 3241 3739 3295 ἀπο-

2098 3313 2141 3371 C
2243 3313 2416 3367 καλεῖ
2434 3311 2538 3366 τοῦ
2565 3312 2663 3365 ἐπὶ
2691 3311 2931 3366 πάντων
2956 3312 3103 3366 Θεοῦ
3140 3310 3499 3380 προσειπών.

2256 3442 2276 3477 ι
2297 3423 2409 3477 Καὶ
2428 3422 2696 3495 ἐπορεύθη
2721 3424 2803 3487 είς
2834 3423 3090 3495 Χαρρὰν,
3126 3422 3219 3477 καὶ
3246 3423 3527 3493 ἀπήντησε
3554 3419 3702 3490 τόπῳ
3719 3457 3735 3482 ,

2180 3517 2273 3571 καὶ
2308 3515 2576 3588 ἐκοιμήθη
2601 3517 2745 3568 ἐκεῖ·
2776 3513 2863 3568 ἔδυ
2901 3514 3010 3587 γὰρ
3030 3516 3058 3568 ὁ
3082 3515 3251 3585 ἥλιος.
3280 3513 3388 3567 Καὶ
3420 3512 3608 3566 ἔλαϐεν
3633 3510 3740 3564 ἀπὸ

2180 3610 2286 3663 τῶν
2308 3608 2493 3671 λίθων,
2522 3608 2617 3662 καὶ
2648 3607 2810 3677 ἔθηκε
2837 3606 2971 3678 πρὸς
3002 3606 3244 3676 κεφαλῆς
3266 3604 3451 3669 αὑτοῦ,
3480 3604 3573 3658 καὶ
3596 3605 3739 3656 ἐκοι⁴

2184 3701 2329 3774 μήθη
2359 3699 2524 3771 ὲν.τῷ
2549 3700 2699 3769 τόπῳ
2732 3697 2943 3769 ἐκείνῳ,
2974 3699 3068 3751 καὶ
3093 3697 3427 3768 ὲνυπνιάσθη
3447 3713 3460 3726 ·
3495 3696 3588 3750 καὶ
3629 3695 3739 3749 ἰδοὺ

2181 3795 2383 3867 κλίμαξ
2409 3794 2776 3865 ἐστηριγμὲνη
2820 3796 2901 3859 είς
2930 3792 3027 3863 τὴν
3064 3793 3168 3862 γῆν
3187 3831 3202 3856 ,
3231 3789 3300 3864 ἦς
3333 3794 3367 3862 ἡ
3408 3789 3613 3861 κεφαλὴ
3638 3791 3742 3858 ἀφ-

2184 3892 2382 3943 ικνεῖτο
2414 3889 2494 3952 εἰς
2525 3885 2616 3940 τὸν
2639 3885 2885 3958 οὐρανὸν,
2910 3886 3004 3940 καὶ
3027 3885 3078 3937 οἱ
3103 3883 3324 3952 ἄγγελοι
3352 3882 3446 3936 τοῦ
3474 3880 3610 3935 Θεοῦ
3649 3882 3743 3935 ἀν-

2184 3979 2417 4047 έϐαινον,
2440 3979 2534 4032 καὶ
2560 3978 2878 4032 κατέϐαινον
2904 3978 2991 4031 ἐπ’
3020 3976 3208 4048 αὐτήν.
3241 3977 3302 4028 '0
3332 3976 3389 4029 δὲ
3418 3973 3618 4045 Κύριος
3645 3976 3742 4026 ἐπ-

2181 4073 2467 4144 εστήρικτο
2512 4072 2600 4124 ἐπ’
2645 4070 2845 4141 αὐτῆς,
2887 4069 2982 4122 καὶ
3019 4064 3172 4122 εἶπεν
3195 4084 3209 4098 ·
3266 4065 3405 4135 Ἐγὼ
3456 4064 3658 4135 Κύριος
3709 4064 3738 4115 ό

2180 4164 2310 4227 Θεὸς
2347 4163 2596 4235 Ἀϐραὰμ
2635 4161 2731 4217 106
2760 4161 2965 4235 πατρός
2998 4177 3092 4214 σου
3112 4199 3127 4223 ,
3157 4159 3251 4213 καὶ
3282 4160 3309 4212 ό
3350 4156 3479 4220 Θεὸς
3515 4155 3698 4209 Ἰσαὰκ
3717 4195 3732 4218 ,

2184 4251 2258 4323 μὴ
2289 4250 2455 4323 φοϐοῦ
2475 4269 2487 4281 ·
2523 4253 2556 4323 ἡ
2585 4252 2657 4322 γῆ
2692 4253 2779 4320 ἐφ’
2813 4251 2880 4321 ἢν
2919 4251 2984 4303 σὺ
3018 4247 3294 4313 καθεύδεις
3321 4247 3406 4299 ἐπ’
3433 4244 3618 4315 αὐτὴν,
3654 4245 3738 4296 σοὶ

2180 4347 2336 4401 δώσω
2366 4345 2566 4417 αὐτὴν,
2599 4346 2694 4400 καὶ
2734 4345 2813 4416 τῷ
2852 4343 3123 4417 σπέρματί
3171 4358 3285 4395 σου.
3331 4340 3440 4393 Καὶ
3485 4339 3633 4391 ἔσται
3677 4336 3739 4389 τὸ

2183 4437 2403 4508 σπέρμα
2425 4453 2519 4491 σου
2541 4437 2616 4500 ὡς
2643 4439 2677 4507 η
2712 4436 2893 4507 ἄμμος
2923 4436 3021 4505 τῆς
3050 4432 3320 4502 θαλάσσης
3340 4470 3355 4495 ,
3387 4430 3480 4484 καὶ
3504 4429 3741 4482 πλατυν-

2183 4528 2405 4600 θήσεται
2429 4528 2523 4583 ἐπὶ
2552 4528 2823 4582 θάλασσαν
2852 4528 2945 4581 καὶ
2973 4524 3235 4589 ἀνατολὰς
3254 4565 3268 4590 ,
3299 4524 3394 4576 καὶ
3422 4521 3515 4575 ἐπὶ
3542 4521 3742 4594 βορρᾶν

509 4617 622 4679 via,
658 4631 1006 4688 quacumque
1050 4620 1156 4675 iter
1192 4619 1410 4687 feceris,
1446 4630 1501 4677 et
1547 4630 1866 4678 convertam
1916 4629 1972 4677 te
2018 4621 2072 4676 in

2182 4619 2276 4674 καί
2297 4620 2437 4673 λίϐα.
2464 4621 2574 4674 Καὶ
2606 4620 3118 4691 ὲνευλογηθήσονται
3150 4620 3208 4670 ὲν
3242 4618 3323 4671 σοὶ
3354 4617 3523 4669 πᾶσαι
3556 4616 3610 4667 αἱ
3644 4630 3745 4682 cpu-

508 4715 712 4762 terram
758 4708 901 4763 hanc
936 4728 949 4764 :
986 4712 1246 4781 quoniam
1276 4727 1387 4767 non
1435 4722 1491 4769 te
1522 4714 1848 4785 relinquam,
1901 4714 2072 4769 donec

2177 4711 2267 4766 λαὶ
2298 4712 2396 4783 τῆς
2431 4711 2538 4781 γῆς
2557 4751 2572 4775 ,
2600 4713 2695 4765 καὶ
2722 4714 2779 4764 ἐν
2911 4681 3184 4781 σπέρματί
3216 4725 3329 4761 σου.
3360 4707 3471 4760 Καὶ
3498 4706 3605 4759 ἰδοὺ
3635 4681 3749 4772 ἐγώ

508 4797 702 4855 faciam
733 4801 915 4855 omnia
939 4818 1297 4874 quaecumque
1325 4806 1540 4862 locutus
1580 4822 1701 4862 sum
1738 4808 1858 4863 tibi.
1894 4807 1959 4862 Et
1978 4814 2078 4863 ex-

505 4899 791 4961 perrectus
820 4900 905 4948 est
947 4893 1119 4950 Jacob
1160 4911 1189 4949 a
1220 4911 1437 4961 somno,
1468 4907 1525 4953 et
1555 4900 1632 4953 ait
1659 4918 1672 4952 :
1707 4899 1971 4957 Dominus
1990 4907 2079 4956 est

508 4984 567 5039 in
615 4984 736 5040 loco
784 4985 909 5051 hoc,
940 5001 1042 5058 ego
1090 4997 1271 5043 autem
1301 4990 1636 5046 nesciebam.
1671 4990 1738 5046 Et
1785 4993 1988 5059 timuit,
2023 5001 2078 5048 et

508 5075 587 5130 ait
622 5094 635 5130 :
672 5076 845 5142 Quam
876 5078 1144 5135 terribilis
1188 5087 1274 5136 est
1328 5082 1483 5138 locus
1529 5084 1652 5137 hic!
1700 5098 1811 5139 non
1858 5092 1941 5140 est
1972 5085 2091 5139 hoc-

509 5166 677 5231 aliud,
709 5169 815 5223 nisi
844 5168 1041 5226 domus
1086 5171 1203 5237 Dei,
1239 5180 1294 5228 et
1340 5174 1456 5230 haec
1489 5185 1646 5245 porta
1674 5176 1821 5232 emli.
1853 5175 1920 5229 Et
1949 5191 2077 5231 sur-

508 5258 651 5313 rexit
686 5256 855 5315 Jacob
884 5276 1065 5326 mane,
1099 5270 1154 5317 et
1205 5264 1419 5334 accepit
1450 5266 1707 5336 lapidem,
1750 5282 1911 5336 quem
1947 5281 2077 5335 sup-

510 5349 693 5419 posuit
720 5352 884 5421 capiti
919 5368 1041 5418 suo,
1069 5360 1124 5409 et
1146 5355 1317 5409 erexit
1350 5356 1502 5411 illum
1534 5372 1632 5427 pro
1657 5359 1834 5421 titulo,
1872 5365 1926 5413 et
1949 5356 2077 5412 eﬂ‘u-

511 5437 591 5491 dit
609 5439 787 5509 oleum
820 5441 872 5496 in
906 5458 1180 5498 summum
1210 5444 1381 5510 illius,
1418 5454 1471 5501 et
1496 5446 1710 5501 vocavit
1750 5446 1920 5502 Jacob
1977 5462 2077 5503 no-

512 5545 634 5584 men
660 5532 765 5586 loci
796 5533 962 5599 illius,
990 5536 1216 5593 domum
1245 5536 1426 5593 Dei“.
1469 5559 1488 5591 ι
1527 5538 1684 5606 Eum,
1715 5541 1806 5611 qui
1830 5540 1934 5595 hoc
1956 5541 2078 5597 loco

510 5627 623 5674 tam
660 5624 844 5680 inlutis
873 5628 1054 5684 verbis
1095 5631 1390 5701 respondet
1438 5631 1750 5702 Dominum,
1796 5641 1849 5689 et
1883 5632 2074 5703 Deum,

606 5775 647 5805 ⁸¹
683 5775 818 5832 Gen.
846 5796 1020 5844 xxvn,
1056 5783 1239 5838 1049.

583 5910 661 5985 (t)
698 5912 966 5987 interpres
995 5917 1206 5993 legebat
1236 5921 1566 5993 ἀγνώμονες.

2177 4806 2293 4876 εἰμι
2336 4804 2473 4876 μετὰ
2499 4804 2593 4858 σοῦ
2612 4843 2628 4870 ,
2655 4804 3033 4873 διαφυλάσσων
3064 4818 3123 4855 σε
3152 4804 3209 4855 ὲν
3240 4803 3306 4871 τῇ
3337 4797 3442 4869 ὁδῷ
3464 4799 3613 4868 πάσῃ
3632 4836 3646 4859 ,
3681 4789 3743 4848 οὗ

2174 4897 2240 4951 ἂν
2274 4897 2566 4970 πορευθῇς,
2586 4898 2679 4951 καὶ
2701 4897 3028 4968 ἀποστρέψαι
3051 4911 3110 4949 σε
3140 4895 3220 4956 είς
3250 4891 3348 4963 τὴν
3381 4893 3485 4962 γῆν
3516 4889 3740 4960 ταύτηνσ

2178 4991 2260 5044 ὅτι
2303 4990 2364 5042 ού
2409 4991 2481 5062 μή
2535 5007 2595 5043 σε
2638 4989 3051 5059 ὲγκαταλείπω,
3110 4988 3216 5049 ἕως
3256 4983 3349 5037 τοῦ
3402 4981 3624 5052 ποιῆσαί
3675 4996 3745 5051 με

2179 5082 2353 5139 πάντα
2389 5082 2490 5135 ὃσα
2531 5081 2769 5153 ἐλάλησα
2807 5098 2909 5135 σοι.
2945 5080 3057 5135 Καὶ
3096 5075 3364 5149 ἐξηγέρθη
3407 5073 3596 5127 Ἰακὼϐ
3635 5071 3745 5125 ἀπὸ

2176 5173 2272 5228 τοῦ
2302 5173 2471 5229 ὕπνου
2513 5172 2676 5228 αύτοῦ
2701 5214 2717 5240 ,
2756 5175 2851 5228 καὶ
2879 5168 3061 5236 εἶπεν,
3090 5172 3193 5235 ὅτι,
3235 5170 3392 5221 Ἐστι
3429 5164 3632 5235 Κύριος
3684 5163 3744 5214 ὲν

2178 5266 2256 5337 τῷ
2280 5267 2429 5339 τόπῳ
2466 5266 2639 5339 τούτῳ
2661 5307 2676 5332 ,
2712 5264 2821 5335 ἐγὼ
2860 5265 2919 5318 δὲ
2962 5264 3061 5318 ούκ
3105 5262 3270 5333 ᾔδειν.
3311 5258 3423 5311 Καὶ
3463 5251 3699 5325 ἐφοϐήθη
3724 5288 3741 5315 ,

2181 5360 2276 5412 καὶ
2333 5355 2518 5413 εἶπεν·
2570 5360 2658 5424 Ὦς
2722 5358 2950 5429 φοϐερὸς
2987 5359 3016 5410 ό
3052 5356 3216 5417 τόπος
3258 5343 3444 5414 οὗτοςέ
3486 5349 3585 5401 ούκ
3628 5344 3742 5399 ἔστι

2177 5451 2334 5505 τοῦτο
2361 5452 2474 5507 ἀλλ’
2505 5453 2538 5524 ἦ
2568 5449 2715 5517 οἶκος
2744 5451 2901 5516 Θεοῦ,
2932 5451 3028 5505 καὶ
3057 5448 3193 5517 αὕτη
3225 5449 3258 5516 ἡ
3296 5444 3438 5515 πύλη
3467 5440 3562 5495 τοῦ
3587 5439 3745 5511 οὐρα-

2175 5542 2290 5597 νοῦ.
2321 5543 2432 5596 Καὶ
2463 5544 2661 5616 ἀνέστη
2705 5543 2898 5597 Ἰακὼϐ
2931 5543 2991 5596 τὸ
3030 5540 3207 5613 πρωῒ.
3242 5541 3337 5592 καὶ
3360 5533 3519 5590 έλαϐε
3548 5531 3639 5586 τὸν
3665 5527 3747 5582 λία

2182 5633 2304 5702 θον,
2330 5635 2390 5690 ὃν
2430 5635 2670 5708 ὑπέθηκε
2711 5636 2847 5709 πρὸς
2874 5634 3120 5705 κεφαλῆς
3147 5629 3345 5695 αὐτοῦ,
3394 5627 3485 5683 καὶ
3522 5625 3747 5693 {mea
