4110 6462
362 379 468 435 585

1262 374 1917 433 DEMONSTRATIONIS
1954 374 2414 433 EVANGELICIE
2456 377 2588 435 LIB.
2630 379 2698 435 γ.

3494 391 3605 448 586

364 494 524 549 αὑτὸν
553 495 753 566 στήλην
778 534 791 558 ,
827 495 921 548 καὶ
959 494 1180 565 ἐπέχεεν
1213 493 1389 548 ἔλαιον
1417 495 1514 547 ἐπὶ
1551 494 1611 548 τὸ
1639 496 1806 568 ἄκρον
1833 497 1931 549 αὑ-

2033 497 2281 567 angelum
2329 512 2548 568 quoque
2603 495 2700 553 Dei
2751 497 3011 571 deinceps
3066 517 3390 573 progressus
3446 505 3604 563 inve-

365 585 491 654 τῆς,
532 585 625 638 καὶ
654 584 875 637 ὲκάλεσε
913 584 1102 637 Ἰακὼϐ
1132 584 1194 637 τὸ
1226 585 1396 655 ὄνομα
1440 583 1534 637 τοῦ
1563 585 1729 637 τόπου
1781 587 1928 638 ἐκείσ-

370 695 481 745 νου,
509 673 656 742 οἶκος
688 677 840 731 Θεοῦ.
876 697 894 729 ι
927 678 1123 732 Τοῦτον
1150 679 1243 731 τὸν
1289 677 1519 731 ἐνταῦθα
1550 678 1639 731 διὰ
1663 678 1930 732 τοσούτων

371 770 767 842 χρηματίζοντα
814 770 1014 841 Κύριον
1063 771 1158 824 κα)⁸
1202 770 1353 836 Θεὸν,
1401 770 1626 839 ἄγγελον
1654 769 1747 823 τοῦ
1794 769 1928 824 Θεοῦ

367 860 569 933 προῖὼν
611 861 734 933 ἑξῆς
765 863 1015 933 εὑρήσεις
1039 903 1053 926 ,
1088 863 1146 915 ἐν
1179 857 1260 926 οἷς
1287 880 1418 933 φησι
1454 862 1590 933 πρὸς
1620 861 1718 925 τὰς
1748 866 1934 931 γυναῖ-

364 971 469 1019 κας
508 952 666 1018 αὐτὸς
719 953 937 1008 Ἰακώϐ·
968 972 987 1005 ι
1017 954 1128 1007 Καὶ
1178 951 1300 1007 εἶπέ
1348 971 1437 1025 μοι
1487 955 1517 1006 6
1566 953 1794 1023 ἄγγελος
1837 955 1929 1008 τοῦ

363 1046 498 1101 Θεοῦ
521 1046 640 1100 καθ’
672 1045 836 1100 ὕπνον
857 1063 868 1077 ·
920 1046 1129 1101 Ἰακώϐ.
1199 1045 1338 1115 Ἐγὼ
1360 1046 1416 1099 δὲ
1440 1042 1593 1099 εἶπα·
1641 1047 1704 1098 Τί
1734 1048 1849 1099 ἐστι
1870 1062 1884 1113 ;
1906 1065 1927 1098 ι

364 1139 478 1193 Kal
507 1138 629 1210 ἑξῆς
649 1155 662 1169 ·
687 1159 705 1191 ι
742 1140 1010 1213 Ἑώρακα,
1044 1159 1062 1191 ι
1088 1141 1239 1211 φησὶ,
1266 1160 1284 1191 ι
1309 1141 1485 1194 πάντα
1512 1141 1611 1193 ὅσα
1641 1139 1825 1193 Λάϐαν
1851 1140 1934 1192 σοὶ¹

366 1231 526 1283 ποιεῖ.
566 1227 706 1298 Ἐγὼ
734 1231 762 1283 6
783 1230 915 1294 Θεὸς
946 1232 973 1283 6
1000 1230 1183 1299 ὀφθείς
1219 1247 1301 1283 σοι
1327 1232 1387 1284 ἐν
1413 1230 1584 1302 τόπῳ,
1611 1224 1673 1284 οὗ
1704 1230 1932 1301 ἤλειψας

254 1318 260 1323 ’
373 1335 463 1388 μοι
497 1321 613 1373 ὲκεῖ
643 1320 841 1392 στήλην
867 1360 882 1385 ,
931 1322 1024 1374 καὶ
1067 1319 1215 1392 ηὔξω
1257 1338 1345 1393 μοι
1377 1322 1562 1393 εὐχήν.
1600 1322 1753 1393 »Ἆρ’
1776 1317 1866 1374 οὖν
1905 1322 1934 1373 6

364 1409 618 1482 ἀνωτέρω
647 1413 846 1483 φήσας,
885 1431 903 1463 ι
945 1412 1084 1481 Ἐγὼ
1113 1413 1317 1485 Κύριος
1348 1416 1376 1466 6
1405 1413 1536 1478 Θεὸς
1568 1413 1817 1484 Ἀϐραὰμ
1839 1410 1932 1465 τοῦ

366 1503 569 1575 πατρός
589 1520 703 1569 σου,
720 1504 812 1558 καὶ
839 1506 868 1557 6
895 1505 1025 1569 Θεὸς
1040 1506 1239 1572 Ἰσαὰκ,
1254 1524 1273 1558 ι
1298 1500 1343 1574 ᾧ
1367 1507 1460 1560 καὶ
1484 1506 1683 1577 στήλην
1712 1505 1938 1577 ἀνέστη-ι

368 1609 458 1647 σεν
480 1594 801 1668 όθεοφιλὴς,
844 1595 977 1660 Θεὸς
1013 1597 1110 1668 μὲν
1137 1593 1204 1667 ἦν
1242 1599 1335 1650 καὶ
1379 1597 1580 1669 Κύριος
1632 1597 1802 1668 (αὐτῷ
1827 1599 1934 1670 γὰρ

367 1681 576 1751 λέγοντι
618 1684 982 1755 πιστευτέον),
1032 1687 1092 1738 οὐ
1132 1684 1235 1755 μὴν
1266 1685 1295 1736 6
1341 1686 1431 1738 ἐπὶ
1474 1684 1689 1737 πάντων
1709 1723 1722 1749 _.
1760 1682 1873 1737 ἀλλ’
1904 1684 1933 1735 6

369 1772 575 1825 ἐκείνου
594 1773 870 1846 δεύτερος,
899 1775 966 1828 τὰ
996 1775 1090 1828 τοῦ
1124 1774 1334 1846 Πατρὸς
1362 1778 1441 1839 εἰς
1472 1773 1791 1845 ἀνθρώπους
1812 1774 1931 1827 δια-

2030 590 2147 643 nies
2177 608 2191 643 :
2242 589 2333 644 ubi
2378 590 2445 644 ad
2481 589 2738 646 mulieres
2765 592 2840 645 ait
2868 593 2986 662 ipse
3015 591 3186 649 Iacob
3221 614 3233 650 :
3297 616 3318 648 ι
3360 596 3426 651 Et
3455 600 3599 653 dixit

2030 679 2163 733 mihi
2213 680 2436 750 angelus
2483 680 2578 735 Dei
2626 681 2681 736 in
2728 684 2960 748 somnis,
3016 683 3211 741 Iacob.
3257 687 3368 759 Ego
3416 698 3599 746 autem

2030 770 2141 824 dixi
2174 786 2187 824 :
2220 770 2361 837 Quid
2401 780 2485 828 est
2512 773 2599 826 "‘I
2629 792 2648 825 ι
2682 773 2748 827 Et
2775 774 3034 847 deinceps
3064 796 3078 832 :
3116 797 3134 829 ι
3170 777 3313 847 Vidi,
3354 800 3375 834 ι
3400 782 3597 852 inquit,

2031 861 2193 933 236
2229 881 2246 913 ι
2278 863 2459 917 omnia
2505 871 2861 935 quaeclimque
2899 865 3085 924 Laban
3141 871 3240 925 tibi
3272 872 3420 929 facit.
3484 874 3606 943 Ego

2031 954 2197 1017 Deus,
2245 956 2338 1025 qui
2381 955 2606 1026 apparui
2651 955 2749 1011 tibi
2782 957 2838 1012 in
2873 958 3014 1024 loco,
3061 962 3153 1039 ubi
3203 965 3409 1021 unxisti
3462 965 3598 1020 mihi

2032 1046 2271 1111 titulum,
2304 1053 2359 1101 et
2380 1048 2576 1102 vovisti
2616 1049 2751 1103 mihi
2776 1058 2964 1105 votum
2986 1053 3052 1107 ⁸³.
3095 1073 3115 1105 ι
3148 1053 3291 1125 Ergo
3316 1056 3407 1127 qui
3432 1072 3601 1128 supra

2032 1138 2264 1201 dixerat,
2305 1157 2324 1190 ι
2371 1137 2484 1209 Ego
2508 1137 2769 1195 Dominus
2800 1139 2943 1198 Deus
2982 1144 3257 1200 Abraham
3284 1148 3456 1217 patris
3487 1149 3594 1213 tui,

2033 1241 2085 1285 et
2114 1229 2256 1286 Deus
2284 1229 2457 1297 Isaac,
2492 1251 2511 1285 ι
2537 1232 2625 1287 cui
2661 1239 2715 1287 et
2756 1233 2976 1289 titulum
3028 1238 3203 1292 erexit
3237 1237 3331 1294 Dei
3363 1241 3595 1305 amicus,

2033 1322 2174 1379 Deus
2203 1324 2421 1393 quidem
2453 1333 2571 1380 erat
2612 1332 2666 1379 et
2716 1324 2982 1383 Dominus
3025 1329 3153 1400 (ipsi
3203 1330 3347 1385 enim
3393 1332 3598 1389 dicenti

2032 1414 2407 1487 credendum),
2440 1431 2552 1470 non
2585 1423 2764 1472 tamen
2796 1417 2844 1473 is
2874 1420 2966 1489 qui
2992 1417 3154 1475 Pater
3173 1429 3277 1486 est,
3305 1431 3358 1477 et
3392 1437 3422 1476 a
3448 1424 3600 1478 nullo

2032 1514 2136 1573 est,
2173 1506 2268 1563 sed
2296 1507 2390 1577 qui
2415 1522 2499 1572 ea,
2541 1523 2662 1578 qua:
2688 1508 2753 1563 ad
2785 1508 2999 1566 Patrem
3032 1511 3327 1581 pertinent,
3364 1513 3602 1569 homini-

2032 1599 2137 1654 bus
2178 1597 2558 1655 subministrat
2596 1606 2651 1654 et
2694 1600 2930 1656 nuntiat.
2984 1600 3254 1668 Quocirca
3301 1604 3463 1659 etiam
3495 1620 3590 1659 an-

2032 1690 2211 1762 gelum
2265 1690 2446 1761 ipsum
2498 1693 2553 1746 in
2606 1692 2860 1761 praesenti
2918 1701 3077 1749 vocat
3136 1693 3305 1750 Iacob
3359 1695 3452 1750 ubi
3499 1696 3597 1758 ait,
3646 1716 3659 1738 ι

2038 1801 2057 1833 ς
2093 1781 2237 1836 Dixit
2267 1780 2400 1835 mihi
2430 1783 2655 1852 angelus
2685 1782 2778 1837 Dei
2805 1783 2861 1838 in
2885 1785 3093 1841 somnis
3110 1785 3276 1840 verba
3309 1784 3425 1841 haec
3448 1805 3461 1841 :
3488 1784 3607 1857 Ego

368 1862 691 1934 κονούμενος
721 1867 813 1918 καὶ
834 1865 1178 1934 διαγγέλλων.
1216 1867 1305 1918 Διὸ
1333 1867 1423 1919 καὶ
1453 1865 1680 1934 ἄγγελον
1713 1865 1874 1918 αὑτὸν
1906 1867 1931 1918 6

2033 1884 2154 1925 sum
2184 1869 2347 1935 Deus,
2380 1870 2473 1940 qui
2497 1871 2841 1942 apparuitibi
2866 1874 2922 1927 in
2950 1874 3092 1929 loco.
3134 1894 3154 1927 ι
3199 1873 3341 1946 Ergo
3366 1876 3508 1931 idem
3547 1885 3608 1930 et

381 1952 573 2007 Ἰακὼϐ
603 1956 694 2009 ἐπὶ
712 1956 804 2010 τοῦ
831 1958 1088 2028 παρόντος
1115 1955 1299 2009 καλεῖ·
1330 1976 1349 2008 ι
1372 1952 1507 2009 Εἰπέ
1531 1974 1619 2028 μοι
1645 1960 1672 2010 6
1701 1956 1930 2024 ἄγγελος

365 2046 461 2098 τοῦ
506 2047 641 2100 Θεοῦ
697 2050 916 2117 φάσκων
964 2046 1083 2100 καθ’
1115 2047 1307 2101 ῦπνον·
1346 2048 1484 2118 Ἑγώ
1532 2051 1646 2120 εἰμι
1677 2048 1706 2099 6
1737 2048 1866 2111 Θεὸς
1902 2049 1930 2100 ὁ

361 2135 549 2204 ὀφθείς
584 2155 667 2192 σοι
703 2141 760 2191 ἐν
796 2138 873 2210 τῷ
915 2139 1081 2211 τόπῳ.
1114 2158 1133 2190 ι
1171 2140 1378 2195 Οὐκοῦν
1422 2143 1451 2195 6
1495 2142 1657 2204 αὐτὸς
1700 2140 1930 2209 ἄγγελος

359 2225 567 2299 Κυρίου
588 2230 681 2281 καὶ
705 2228 837 2293 Θεὸς
867 2232 959 2285 καὶ
1002 2232 1226 2304 Κύριος,
1260 2233 1445 2303 σαφῶς
1471 2233 1557 2287 διὰ
1606 2232 1807 2286 τούτων
1840 2232 1932 2285 ἀν-

360 2318 675 2391 ηγόρευται.
719 2321 831 2375 Καὶ
865 2324 925 2376 ὲν
966 2324 1164 2396 Ἡσαΐᾳ.
1188 2326 1245 2378 δὲ
1268 2324 1346 2395 τῷ
1384 2327 1656 2396 προφήτῃ,
1691 2322 1931 2394 μεγάλης

362 2410 556 2483 βουλῆς
599 2412 826 2483 ἄγγελος
843 2455 858 2479 ,
903 2415 1038 2486 ὁμοῦ
1077 2416 1135 2469 δὲ
1174 2416 1273 2470 καὶ⁵
1314 2415 1446 2479 Θεὸς
1479 2416 1573 2469 καὶ
1621 2415 1804 2486 ἄρχων
1835 2416 1929 2468 xal

360 2501 710 2578 ὲξουσιαστὴς
725 2506 1208 2579 προσαγορεύεται,
1228 2509 1285 2560 ὲν
1311 2502 1391 2572 οἷς
1408 2506 1503 2578 τὴν
1522 2509 1601 2570 είς
1614 2505 1929 2580 ἀνθρώπους

359 2594 524 2652 αὐτοῦ
552 2596 765 2665 γένεσιν
795 2598 1061 2663 θεσπίζει,
1094 2599 1296 2667 λέγων’
1335 2616 1354 2649 ι
1387 2599 1507 2651 Ὅτι
1537 2597 1747 2650 παιδίον
1775 2599 1928 2665 ἐγεν-

359 2685 492 2758 νήθη
523 2688 675 2758 ὴμῖν,
706 2690 801 2743 καὶ
842 2689 958 2754 υἱὸς
981 2689 1138 2760 ἐδόθη
1183 2692 1315 2761 ἡμῖν
1338 2730 1352 2755 ,
1393 2683 1452 2743 οῦ
1482 2689 1515 2760 ἡ
1545 2689 1686 2760 ἀρχὴ
1717 2689 1809 2741 ἐπὶ
1835 2686 1929 2742 τοῦ

2033 1961 2260 2031 angelus
2288 1959 2525 2024 Domini,
2550 1970 2607 2017 et
2634 1960 2800 2028 Deus,
2828 1971 2882 2020 et
2922 1964 3207 2031 Dominus,
3239 1967 3398 2037 plane
3426 1969 3483 2022 in
3512 1967 3606 2021 bis

2033 2052 2334 2122 appellatus
2381 2060 2484 2108 est.
2519 2052 2589 2107 Et
2636 2055 2780 2124 apud
2810 2054 3006 2110 Isaiam
3040 2057 3364 2127 prophetam
3417 2057 3602 2129 magni

2032 2142 2247 2197 consilii
2280 2142 2526 2211 angelus,
2562 2142 2891 2214 interimque
2919 2152 2972 2200 et
3016 2144 3180 2210 Deus,
3217 2154 3272 2201 et
3320 2146 3601 2217 princeps,

2035 2242 2089 2289 et
2115 2242 2440 2302 potestatem
2484 2233 2696 2290 habens
2744 2237 3081 2303 nominatur,
3125 2238 3217 2292 ubi
3253 2245 3407 2294 ortus
3448 2238 3603 2295 illius

2036 2325 2182 2379 inter
2227 2325 2481 2383 homines
2527 2328 2767 2395 canitur,
2792 2343 2821 2381 a
2845 2328 3081 2394 dicente,
3164 2330 3309 2401 quod
3346 2348 3365 2381 ι
3401 2346 3603 2401 pueru-

2034 2416 2122 2471 lus
2153 2425 2314 2472 natus
2345 2427 2431 2472 est
2458 2419 2640 2485 nobis,
2673 2426 2728 2475 et
2764 2418 2909 2473 ﬁlius
2943 2420 3103 2476 datus
3125 2430 3208 2477 est
3237 2421 3418 2484 nobis,
3440 2422 3601 2491 cujus

2033 2506 2373 2578 principatus
2393 2521 2559 2578 super
2587 2508 2876 2565 humerum
2909 2511 3050 2581 ejus,
3079 2519 3134 2566 et
3156 2522 3381 2568 vocatur
3401 2528 3600 2569 nomen

2035 2598 2156 2668 ejus
2187 2599 2367 2670 magni
2398 2599 2619 2654 consilii
2648 2601 2897 2672 angelus,
2955 2603 3211 2673 princeps
3252 2604 3423 2674 pacis,
3455 2602 3598 2656 Deus

2035 2687 2217 2756 fortis,
2240 2690 2539 2759 potentiam
2565 2690 2797 2757 habens,
2824 2702 2977 2762 pater
3006 2692 3176 2749 futuri
3200 2696 3372 2751 seculi
3390 2695 3458 2750 “.
3498 2711 3521 2749 ι

358 2778 512 2850 ὤμου
542 2782 738 2848 αὐτοῦ,
788 2785 883 2837 καὶ
913 2784 1157 2838 καλεῖται
1197 2784 1257 2837 τὸ
1293 2783 1462 2855 ὄνομα
1490 2783 1652 2837 αὐτοῦ
1689 2783 1928 2856 μεγάλης
1966 2782 2160 2854 βουλῆς
2220 2784 2470 2854 ἄγγελος,
2506 2785 2689 2857 ἄρχων
2748 2788 2989 2860 εἰρήνης,
3019 2789 3150 2854 Θεὸς
3183 2790 3419 2864 ἰσχυρὸς,
3448 2789 3600 2857 ἔξου-

360 2876 584 2949 σιαστὴς
605 2918 621 2944 ,
652 2878 833 2952 πατὴρ
856 2879 951 2933 τοῦ
984 2879 1269 2951 μέλλοντος
1294 2879 1506 2944 αἰῶνος.
1555 2898 1574 2932 ι

883 2997 1276 3050 ΚΕΦΑΛΑΙΟΝ
1312 2999 1416 3051 IA’.

368 3114 465 3179 Ὠς
494 3111 595 3166 καὶ
634 3111 834 3167 Ἰακὼϐ
871 3109 975 3163 τὸν
1024 3109 1483 3177 προδηλωθέντα
1512 3110 1613 3164 καὶ
1652 3110 1801 3164 Θεὸν
1829 3111 1929 3165 καὶ

2634 2994 2864 3051 CAPUT
2913 2994 3006 3051 XI.

2037 3106 2191 3174 Quod
2222 3109 2381 3161 etiam
2401 3105 2434 3159 J
2444 3106 2571 3179 acab
2596 3123 2735 3172 eum,
2777 3108 2840 3161 de
2882 3124 2982 3179 quo
3017 3109 3253 3178 proxime
3278 3108 3476 3164 dictum
3496 3121 3598 3175 est,

428 3178 663 3259 Κύριον,
689 3182 788 3259 καὶ
810 3180 884 3248 δὴ
912 3180 1010 3259 καί
1037 3181 1315 3259 ἁγγελδον,
1343 3182 1555 3259 ὁμοίως
1586 3179 1667 3259 τῷ
1699 3182 1931 3259 Ἀϐραὰμ

2112 3187 2160 3231 et
2192 3178 2355 3259 Deum
2386 3187 2436 3231 et
2465 3178 2770 3259 Dominum,
2793 3178 3049 3259 prwterca
3071 3182 3310 3259 angelum
3333 3182 3598 3259 similiter,

427 3249 522 3307 ἐκ
542 3252 854 3321 ἀνθρώπου
892 3250 1153 3319 σχήματι
1199 3249 1401 3319 θεωρεῖ
1438 3249 1537 3305 διὰ
1592 3249 1704 3320 τῆς
1744 3249 1931 3319 οὕτως

430 3324 691 3394 ἐχούσης
716 3322 1007 3391 ἱστορίας.

435 3455 455 3489 ι
499 3436 761 3500 Ἀναστὰς
801 3436 858 3491 δὲ
903 3435 1001 3507 τὴν
1041 3434 1214 3489 νύκτα
1258 3435 1495 3507 ἐκείνην,
1530 3435 1690 3489 ἔλαϐε
1717 3434 1814 3499 τὰς
1839 3436 1932 3491 δύο

355 3532 638 3601 γυναῖκας,
665 3529 759 3582 καὶ
784 3527 882 3591 τὰς
905 3526 998 3581 δύο
1026 3528 1337 3593 παιδίσκας,
1366 3529 1460 3581 καὶ
1487 3528 1555 3583 τὰ
1582 3527 1773 3582 ἕνδεκα
1806 3546 1934 3584 nat.-

354 3621 444 3676 δία
492 3620 654 3675 αὑτοῦ
674 3661 690 3687 ,
726 3621 823 3674 καὶ
852 3618 1005 3690 διέϐη
1028 3619 1129 3690 τὴν
1161 3619 1407 3674 διάϐασιν
1444 3619 1542 3691 τὴν
1580 3620 1772 3674 Ἰακώϐ
1794 3638 1809 3652 ο
1840 3623 1933 3676 καὶ

357 3713 546 3768 ἐλαϐεν
608 3715 836 3778 αὐτοὺς,
888 3713 982 3765 καὶ
1028 3711 1300 3765 διεϐίϐασε
1373 3712 1550 3766 πάντα
1601 3713 1669 3767 τὰ
1717 3713 1928 3767 ἑαυτοῦ.

369 3805 698 3876 ’Υπελείφθη
720 3804 778 3858 δὲ
810 3803 1003 3858 Ἰακὼϐ
1032 3805 1210 3875 μόνος,
1242 3805 1336 3859 καὶ
1363 3804 1591 3858 ὲπάλαιε
1624 3807 1741 3873 μετ’
1768 3803 1931 3858 αὐτοῦ

357 3894 641 3968 ἄνθρωπος
676 3896 781 3959 ἓως
823 3897 987 3967 πρωῒ.
1022 3892 1145 3948 Εἶδε
1198 3897 1283 3961 δὲ,
1326 3896 1404 3949 ὅτι
1444 3896 1503 3948 οὐ
1536 3895 1755 3948 δύναται
1801 3896 1934 3968 πρὸς

356 3990 541 4053 αὑτὸν,
581 3989 676 4041 καὶ
702 3987 879 4059 ἥψατο
907 3987 1001 4041 τοῦ
1031 3988 1268 4049 πλάτους
1299 3987 1389 4040 τοῦ
1421 3986 1596 4058 μηροῦ
1623 3986 1810 4050 αὐτοῦ,
1840 3988 1933 4042 καὶ

358 4083 627 4155 ὲνάρκησε
649 4081 710 4133 τὸ
734 4080 933 4143 πλάτος
955 4079 1049 4133 τοῦ
1072 4078 1245 4151 μηροῦ
1275 4077 1489 4142 Ἰακὼϐ,
1509 4079 1567 4131 ὲν
1589 4077 1667 4148 τῷ
1687 4078 1934 4132 παλαίειν

358 4174 519 4229 αὑτὸν
569 4173 687 4244 μετ’
728 4170 914 4226 αὑτοῦ.
979 4172 1088 4224 Καὶ
1135 4166 1290 4223 εἶπεν
1336 4168 1521 4240 αὐτῷ·
1596 4169 1934 4225 Ἀπόστειλόν

363 4281 464 4336 με’
515 4264 683 4335 ἀνέϐη
716 4263 825 4335 γὰρ
867 4265 896 4317 6
932 4262 1149 4335 ὄρθρος.
1209 4263 1268 4315 Ὁ
1315 4262 1372 4316 δὲ
1426 4258 1612 4315 εἶπεν·
1659 4263 1733 4315 Οὐ
1769 4263 1843 4334 μή
1874 4278 1933 4316 σε

358 4356 691 4421 ἀποστείλω,
730 4355 825 4410 ἐὰν
881 4356 956 4427 μή
1015 4371 1083 4425 με
1130 4354 1446 4426 εὐλογήσῃς.
1496 4347 1631 4407 Εῐπε
1672 4355 1719 4408 δ’
1749 4353 1929 4425 αὐτῷ·

358 4445 424 4498 Τί
479 4445 540 4498 τὸ
608 4444 779 4515 ὃνομά
847 4460 971 4509 σονς
1030 4443 1086 4495 Ὁ
1135 4442 1191 4495 δὲ
1260 4438 1446 4496 εἷπενο
1518 4440 1730 4498 Ἰακώϐ,
1799 4440 1933 4498 Eine

2105 3258 2165 3319 ut
2186 3248 2451 3301 Abraham
2489 3248 2542 3302 in
2567 3249 2793 3302 hominis
2822 3248 2995 3316 forma
3029 3248 3427 3319 contemplatur,
3461 3253 3517 3307 in
3539 3270 3604 3307 ea

2103 3318 2329 3372 historia
2355 3334 2471 3389 quae
2503 3319 2580 3371 sic
2625 3334 2681 3372 se
2719 3320 2899 3374 habet.

2107 3449 2126 3484 ι
2162 3422 2404 3504 surgens
2438 3439 2618 3487 autem
2651 3439 2810 3493 nocte
2836 3432 2948 3496 illa,
2974 3434 3182 3503 accepit
3210 3433 3349 3492 duas
3373 3450 3597 3501 uxores,

2032 3537 2097 3578 ac
2138 3524 2276 3579 duas
2322 3522 2580 3588 famulas,
2631 3530 2685 3579 et
2731 3523 2983 3579 undecim
3033 3525 3294 3594 puerulos
3346 3542 3500 3588 suos.
3548 3534 3606 3583 et

2031 3616 2286 3672 transivit
2327 3616 2524 3671 vadum
2578 3615 2770 3682 Iacob,
2802 3621 2858 3671 et
2891 3617 3101 3686 accepit
3132 3631 3249 3683 eos,
3285 3625 3339 3672 et
3361 3620 3607 3675 traduxit

2032 3709 2215 3765 omnia
2267 3723 2393 3763 sua.
2453 3706 2522 3762 Et
2592 3708 2818 3762 relictus
2878 3715 2964 3763 est
3014 3707 3134 3777 ipse
3189 3705 3360 3764 Iacob
3410 3711 3604 3778 solus,

2031 3807 2086 3855 et
2109 3798 2420 3854 luctabatur
2442 3814 2567 3854 cum
2603 3813 2670 3854 eo
2697 3799 2860 3853 homo
2883 3813 3061 3867 usque
3090 3813 3269 3853 mane.
3321 3796 3472 3856 Vidit
3504 3816 3604 3856 au-

2032 3901 2138 3948 tem
2162 3892 2307 3962 quod
2330 3907 2439 3946 non
2461 3899 2645 3962 posset
2668 3891 3131 3956 adversus'illum,
3151 3897 3205 3946 et
3228 3892 3406 3962 attigit
3426 3893 3609 3948 latitu-

2032 3983 2212 4039 dinem
2234 3983 2456 4041 femoris
2470 3985 2608 4054 ejus,
2627 3991 2681 4040 et
2705 3983 2910 4055 torpuit
2927 3983 3157 4040 latitudo
3175 3984 3399 4041 femoris
3412 3983 3603 4052 Iacob,
3686 4010 3693 4016 -

2032 4073 2162 4128 dum
2192 4076 2493 4130 luctaretur
2520 4074 2611 4130 hic
2640 4089 2764 4130 cum
2796 4074 2909 4130 illo.
2947 4072 3014 4128 Et
3040 4074 3178 4131 dixit
3225 4076 3277 4132 ei
3321 4094 3336 4131 :
3385 4075 3607 4132 Dimitte

2035 4180 2140 4231 me,
2173 4164 2423 4221 ascendit
2448 4167 2595 4221 enim
2628 4181 2850 4223 aurora.
2891 4164 2994 4221 Hic
3023 4182 3153 4223 vero
3182 4166 3321 4222 dixit
3351 4187 3366 4224 :
3398 4165 3519 4223 Non
3547 4174 3605 4224 te

2033 4259 2322 4326 dimittam,
2364 4259 2471 4315 nisi
2514 4259 2649 4314 mihi
2693 4259 3058 4317 benedixeris.
3102 4259 3251 4315 Dixit
3279 4269 3461 4317 autem
3495 4261 3547 4317 ei
3584 4280 3600 4295 ο

2034 4351 2190 4419 Quod
2223 4359 2306 4407 est
2335 4366 2535 4408 nomen
2566 4351 2761 4407 tuum?
2788 4352 2858 4406 At
2888 4352 2979 4408 hic
3009 4352 3150 4409 dixit
3177 4354 3227 4409 ei
3262 4370 3277 4408 :
3320 4351 3508 4410 Iacob.
3536 4349 3610 4410 Et

2033 4444 2172 4499 dixit
2194 4444 2244 4498 ei
2267 4461 2282 4499 :
2309 4443 2432 4499 Non
2456 4444 2690 4515 amplius
2703 4442 2876 4500 Iacob
2894 4446 3178 4501 vocabitur
3203 4460 3404 4501 nomen
3429 4455 3605 4503 tuum.

354 4536 401 4591 δ’
450 4536 628 4608 αὐτῷ’,
665 4537 862 4617 Οὐκέτι
909 4533 1103 4591 Ἰακὼϐ
1132 4534 1462 4611 κληθήσεται
1512 4535 1572 4588 τὸ
1596 4535 1766 4608 ὄνομά
1798 4553 1923 4598 σου,

2033 4533 2192 4604 23⁸1
2221 4534 2314 4590 sed
2339 4532 2506 4590 Israel
2541 4535 2645 4590 erit
2672 4549 2873 4590 nomen
2898 4541 3054 4590 tuum
3101 4552 3116 4590 :
3150 4536 3408 4608 quoniam
3456 4537 3605 4593 invao

359 4629 469 4684 ἀλλ’
502 4630 716 4701 Ἰσραὴλ
744 4629 893 4684 ἔσται
917 4628 977 4682 τὸ
1005 4628 1177 4699 δνομά
1210 4644 1303 4681 σου
1325 4646 1341 4659 ·
1368 4629 1450 4682 ὅτι
1472 4628 1759 4700 ἐνίσχυσας
1789 4628 1925 4700 μετὰ

357 4721 511 4786 Θεοῦ,
545 4724 638 4776 καὶ
672 4723 789 4794 μετ’
820 4718 1118 4793 ἀνθρώπων
1148 4720 1369 4785 δυνατὸς
1414 4720 1531 4793 ἔσῃ.
1579 4720 1930 4794 Ἦρώτησεδὲ

369 4813 582 4878 Ἰακὼϐ,
617 4815 711 4867 καλ⁵
741 4809 892 4867 εἶπεν
911 4831 924 4845 ·
973 4813 1313 4882 Ἀνάγγειλόν
1361 4830 1450 4884 μοι
1483 4812 1545 4866 τὸ
1582 4812 1753 4884 ὄνομα
1814 4830 1925 4866 σου.

356 4907 466 4960 Καὶ
498 4901 680 4958 εἶπεν
719 4907 835 4959 Ἵνα
883 4907 937 4959 τί
988 4905 1150 4960 τοῦτο
1201 4907 1429 4983 ἐρωτᾷς,
1465 4906 1526 4959 τὸ
1574 4906 1743 4977 ὄνομα
1795 4923 1929 4976 μου;

359 4998 468 5051 Καὶ
511 4997 805 5068 εὐλόγησεν
858 4998 1018 5051 αὐτὸν
1077 5001 1212 5063 ἐκεῖ,
1246 4998 1351 5051 καὶ·
1386 4997 1609 5051 ἐκάλεσε
1657 4997 1720 5051 τὸ
1762 4998 1930 5069 ὄνομα

355 5087 452 5141 τοῦ
465 5086 630 5140 τόπου
651 5086 858 5140 ἐκείνου
886 5086 1099 5153 Ἰακὼϐ,
1117 5084 1293 5153 Εἶδος
1314 5086 1482 5141 Θεοῦ.
1501 5083 1653 5141 Εἶδον
1672 5086 1780 5158 γὰρ
1799 5086 1929 5141 Θεὸν

360 5179 661 5251 πρόσωπον
692 5177 827 5248 πρὸς
873 5178 1179 5249 πρόσωπον,
1214 5178 1309 5232 καὶ
1340 5176 1516 5249 ἐσώθη
1552 5181 1586 5249 ἡ
1620 5177 1765 5250 ψυχή
1803 5194 1923 5249 μου.

373 5269 631 5324 Ἀνιτειλε
663 5267 718 5322 δὲ
749 5269 895 5340 αὐτῷ
937 5271 966 5322 6
1001 5270 1171 5340 ἥλιος,
1203 5271 1366 5340 ἡνίκα
1411 5269 1656 5340 παρῆλθε
1684 5269 1746 5322 τὸ
1791 5265 1929 5333 εἶδος

358 5360 453 5415 τοῦ
475 5361 630 5415 Θεοῦ.
678 5380 697 5414 ι
725 5359 816 5433 Τῷ
850 5362 946 5433 μὲν
994 5364 1183 5416 Μωσεῖ
1213 5364 1427 5434 εἴρητο·
1464 5381 1483 5413 ι
1516 5361 1702 5426 Οὐδεὶς
1745 5361 1934 5432 ὖψεται

357 5453 421 5507 τὸ
446 5452 732 5525 πρόσωπόν
769 5470 870 5525 μου
903 5455 997 5507 καὶ
1035 5452 1277 5524 ζήσεται·
1296 5471 1330 5509 ,ι
1363 5455 1424 5507 ὲν
1444 5454 1652 5518 τούτοις
1675 5454 1732 5508 δὲ
1763 5455 1792 5507 6
1836 5454 1937 5508 Ἰα-

359 5542 478 5599 κὼϐ
525 5540 630 5599 εἶδε
679 5545 811 5599 Θεὸν
860 5545 958 5616 οὐχ
1008 5544 1217 5610 ἁπλῶς,
1272 5544 1406 5599 ἀλλὰ
1458 5544 1748 5615 πρόσωπον
1800 5545 1936 5617 πρὸς

361 5636 676 5707 πρόσωπον·
713 5639 807 5691 καὶ
831 5638 1021 5702 σωθείς
1050 5654 1113 5705 γε
1138 5638 1198 5690 οὐ
1230 5637 1291 5690 τὸ
1324 5637 1504 5708 σῶμα,
1536 5638 1672 5691 ἀλλὰ
1701 5636 1799 5709 τὴν
1828 5637 1935 5709 ψυ-

2032 4626 2331 4682 luisti’cum
2380 4625 2513 4695 Deo,
2546 4628 2712 4682 etiam
2743 4641 2869 4682 cum
2897 4627 3216 4685 hominibus
3251 4637 3444 4701 potens
3470 4630 3603 4684 eris.

2036 4717 2398 4788 Interrogavit
2417 4733 2548 4773 vero
2576 4715 2747 4774 Iacob
2771 4728 2825 4775 et
2854 4719 2929 4774 ait
2955 4739 2970 4775 :
3007 4719 3192 4776 Indica
3239 4720 3374 4774 mihi
3405 4734 3604 4775 nomen

2035 4820 2213 4867 tuum.
2262 4809 2331 4864 Et
2371 4810 2448 4864 ait
2487 4830 2501 4865 :
2540 4808 2681 4877 Quid
2726 4812 2802 4866 ita
2831 4813 3030 4883 quaeris
3060 4827 3256 4869 nomen
3285 4810 3508 4867 meum?
3538 4810 3606 4864 Et

2040 4900 2319 4958 benedixit
2350 4901 2401 4956 ei
2439 4900 2498 4955 in
2538 4901 2635 4956 illo
2677 4902 2819 4967 loco,
2862 4912 2918 4957 et
2962 4903 3175 4959 vocavit
3209 4901 3379 4958 Iacob
3404 4916 3604 4957 nomen

2037 4992 2146 5047 loci
2184 4992 2356 5058 illius,
2390 4990 2628 5063 Speciem
2671 4991 2792 5048 Dei.
2823 4993 3029 5064 Aspexi
3058 4993 3204 5049 enim
3251 4990 3423 5047 Deum
3464 4991 3606 5048 facie

2026 5083 2107 5139 ad
2138 5082 2336 5139 faciem
2372 5103 2388 5139 :
2430 5092 2484 5139 et
2511 5091 2729 5140 servata
2777 5093 2863 5141 est
2902 5085 3084 5140 anima
3131 5098 3272 5139 mea.
3327 5081 3494 5139 Ortus
3521 5093 3606 5139 est

2034 5186 2214 5259 aptam
2255 5177 2332 5231 illi
2362 5177 2467 5245 sol,
2498 5192 2625 5233 cum
2675 5178 2965 5234 transisset
3013 5175 3221 5246 species
3254 5175 3348 5230 Dei
3378 5175 3447 5230 ".
3486 5193 3506 5228 ι
3537 5173 3605 5230 Ει

2032 5264 2169 5324 Mosi
2186 5267 2403 5338 quidem
2415 5269 2619 5324 dictum
2634 5278 2718 5324 est
2732 5285 2775 5322 ει
2795 5265 2989 5322 Nullus
3003 5266 3209 5321 videbit
3219 5264 3412 5320 faciem
3427 5280 3602 5321 meam

2031 5369 2088 5415 et
2118 5361 2265 5415 vivet
2286 5359 2367 5414 “:
2401 5377 2420 5412 ι
2456 5359 2548 5415 hic
2572 5368 2751 5414 autem
2770 5356 2940 5415 Iacob
2970 5356 3107 5414 vidit
3134 5355 3302 5412 Deum
3330 5371 3443 5411 non
3472 5356 3605 5411 sim-

2034 5453 2272 5526 pliciter,
2307 5452 2404 5509 sed
2432 5452 2584 5508 facie
2611 5452 2680 5507 ad
2710 5451 2906 5508 faciem
2952 5470 2966 5503 :
2998 5458 3054 5507 et
3085 5465 3211 5505 cum
3238 5458 3486 5506 servatus
3510 5464 3602 5505 es-

2037 5553 2143 5611 set,
2170 5560 2280 5600 non
2314 5540 2566 5614 cerpore,
2594 5543 2690 5600 sed
2707 5543 2912 5606 animo,
2942 5542 3010 5597 ad
3037 5542 3416 5614 appellationis
3434 5538 3606 5599 Israel

2039 5635 2363 5707 dignitatem
2395 5642 2709 5704 assumptus
2734 5639 2840 5698 est,
2874 5644 2995 5703 quae
3017 5646 3149 5686 sane
3177 5629 3464 5701 appellatio
3486 5626 3607 5687 ani-

461 5790 508 5824 "
540 5792 672 5850 Cen.
706 5809 857 5861 xxxi,
889 5794 970 5850 II.
1068 5793 1125 5829 ἰ
1143 5792 1273 5849 ibid.
1314 5791 1397 5860 I2,
1427 5793 1516 5849 15.
1547 5792 1594 5827 ⁸⁸
1621 5794 1728 5851 Isa.
1754 5807 1830 5860 ix,
1864 5791 1918 5850 6.
1995 5792 2038 5826 "
2069 5791 2204 5848 Gen.
2240 5803 2415 5856 xxxu,
2450 5787 2645 5844 22-51.
2751 5789 2798 5821 ⁸⁸
2825 5786 2997 5845 Exod.
3033 5800 3211 5854 xxxii,
3237 5783 3327 5843 20.
