4110 6458
495 359 607 419 587

1151 357 1426 416 'EUSEBII
1461 359 1938 416 CESARIENSIS
1976 358 2068 416 0Ρῖ

2171 359 2327 414 ’ARS
2366 356 2545 412 113-
2579 351 3072 410 APOLOGETICA.

3634 357 3738 413 388

501 491 716 530 marum
749 475 1090 546 cognominis
1113 481 1196 528 est
1223 492 1234 526 :
1271 473 1539 542 siquidem
1574 474 1752 544 ipsum
1782 473 1951 530 Israel
1974 489 2068 528 no-

2173 470 2292 542 χὴν,
2327 470 2424 540 τῆς
2473 469 2564 523 ἐπὶ
2594 470 2684 521 τὸν
2732 468 2944 538 Ἰσραὴλ
2977 444 3358 539 προσωνυμίας
3388 471 3611 544 ἠξιώθη,
3646 493 3733 543 φε-

500 583 649 630 men,
717 568 762 622 si
822 567 1220 634 interpreteris,
1270 565 1522 619 videntem
1566 566 1733 620 Deum
1780 567 2068 636 signiﬁcat.

501 655 620 710 Non
654 655 820 725 igitur
842 663 1048 724 patrem
1077 653 1244 708 Deum
1267 653 1423 717 vidit,
1445 655 1538 710 sed
1565 655 1732 710 Deum
1757 656 1945 721 ﬁlium,
1974 673 2072 712 cu-

497 747 590 817 jus
619 748 784 802 etiarn
818 747 1094 800 curiosius
1130 747 1546 816 appellationem
1582 750 1845 818 quaerenti
1877 749 2066 814 Jacob,

501 839 743 895 nondum
781 849 898 894 erat
934 839 1252 894 enuntiandi
1299 849 1512 909 tempus
1563 859 1576 894 :
1627 841 1769 910 quod
1799 843 1845 896 si
1881 857 2071 911 quem-

502 933 644 1001 piam
676 947 742 985 ex
791 933 1150 1004 angelis,_aut
1196 947 1263 986 ex
1308 933 1396 998 iis,
1431 933 1522 1002 qui
1562 934 1759 988 caelum
1801 934 2068 1000 incolunt,

500 1024 704 1078 divinis
733 1025 1040 1094 spiritibus,
1074 1041 1198 1079 eum
1236 1029 1328 1096 qui
1367 1027 1574 1081 sanctis
1626 1029 1847 1082 oracula
1904 1029 2068 1082 mini-

501 1117 710 1170 strabat
764 1117 964 1186 aliquis
1003 1119 1314 1186 suspicetur
1360 1133 1505 1181 esse,
1552 1119 1710 1187 plane
1747 1118 2016 1187 decipitur
2051 1137 2064 1173 :

502 1206 606 1261 lioc
635 1223 700 1262 ex
733 1209 851 1277 ipso
885 1210 1170 1278 probatur,
1203 1208 1345 1279 quod
1375 1209 1463 1262 hic
1511 1209 1627 1278 ipse
1653 1209 1718 1264 de
1750 1226 1859 1280 quo
1894 1211 2070 1280 loqui-

502 1314 648 1363 mur,
699 1310 751 1354 et
788 1300 999 1355 Domini
1033 1309 1088 1355 et
1139 1300 1233 1356 Dei
1266 1301 1631 1371 appellatione
1675 1316 2021 1372 nuncupatur
2051 1322 2065 1358 :

494 1390 704 1444 etenim
737 1395 792 1446 et
823 1391 988 1446 Deum
1022 1393 1198 1461 ipsum
1249 1393 1432 1446 divina
1467 1394 1750 1462 Scriptura
1787 1393 1946 1463 plane
1975 1408 2069 1447 vo-

496 1482 660 1543 citat,
697 1490 749 1536 et
781 1481 1068 1537 Dominum
1097 1484 1223 1537 item
1258 1485 1512 1554 appellat,
1551 1485 1671 1553 ejus
1703 1485 1939 1540 nominis
1973 1485 2071 1540 ho-

501 1583 692 1623 norem
721 1571 797 1623 illi
840 1571 1108 1636 tribuens,
1157 1573 1300 1642 quod
1344 1575 1484 1642 apud
1539 1573 1794 1629 llebraaos
1835 1583 2072 1644 quatuor

499 1661 703 1718 litteris
731 1672 974 1729 notatur,
1001 1665 1145 1735 quod
1190 1681 1323 1721 sane
1357 1667 1411 1720 in
1449 1682 1557 1720 una
1598 1666 1858 1721 ineﬂabili
1909 1675 2072 1737 atque

502 1753 561 1807 in
617 1755 998 1810 inenuntiabili
1054 1757 1147 1812 Dei
1208 1759 1569 1829 appellatione
1618 1775 1854 1829 ponere,
1916 1762 2072 1831 pueri

2179 561 2424 635 ρωνύμου
2476 559 2662 631 ψυχῶν
2705 560 3101 630 προσηγορίας,
3153 560 3206 612 εἷ
3251 579 3334 630 γε,
3389 565 3738 636 ὲρμηνευθέν,

2174 655 2399 722 ὁρῶντα
2429 653 2574 706 Θεὸν
2599 651 2659 704 τὸ
2690 650 2903 721 Ἰσραὴλ
2923 652 3090 722 ὖνομα
3106 655 3374 723 σημαίνει.
3391 656 3504 708 Οὐκ
3525 656 3631 728 ἀρα
3647 657 3739 711 τὸν

2173 747 2265 800 ἐπὶ
2293 746 2508 798 πάντων
2539 744 2668 796 Θεὸν
2695 744 2858 814 ἑώρα·
2891 744 3116 814 ἀόρατος
3141 745 3248 816 γὰρ
3279 739 3432 808 οὗτος
3465 748 3557 799 καὶ
3579 747 3736 818 ἄτρε-

2173 855 2322 901 πτος,
2347 839 2440 890 καὶ
2466 834 2712 908 οὐδαμῶς
2742 836 2808 889 ἂν
2831 838 2908 899 εἰς
2931 836 3209 906 ἄνθρωπον
3241 838 3577 907 μεταϐάλλοι,
3600 840 3736 893 ἀπά-

2175 947 2272 999 σης
2309 928 2384 983 ῶν
2430 928 2687 981 ἀνωτάτω
2718 929 3154 998 οὐσίας.”Ετερον
3187 930 3312 1000 ἄρα,
3347 926 3406 984 οὗ
3443 933 3535 984 καὶ
3574 932 3734 984 πολυ-

2172 1021 2571 1094 πραγμονοῦντι
2604 1020 2791 1090 καιρός
2825 1036 2911 1072 πω
2942 1019 3041 1072 οὐκ
3071 1015 3138 1086 ἦν
3165 1019 3396 1088 ὲκφάναι
3424 1021 3500 1091 τῷ
3547 1023 3737 1077 Ἰακὼϐ

2170 1113 2266 1184 τὴν
2300 1113 2685 1184 προσηγορίαν.
2709 1112 2770 1163 Ei
2802 1111 2857 1163 δὲ
2881 1111 3122 1180 ἀγγέλων
3147 1111 3288 1177 τινὰ,
3315 1113 3348 1183 ἦ
3377 1114 3484 1166 τῶν
3514 1114 3630 1167 κατ’
3651 1115 3742 1167 οὑ-

2174 1205 2331 1277 ρανὸν
2356 1205 2511 1257 θείων
2533 1205 2873 1273 πνευμάτων,
2892 1204 2982 1256 τὸν
3002 1207 3112 1268 τοῖς
3129 1205 3300 1274 ἁγίοις
3315 1207 3440 1269 τοὺς
3463 1209 3741 1277 χρησμοὺς

2169 1297 2573 1368 διακονούμενον
2600 1297 2855 1350 ὑπολάϐοι
2887 1315 2968 1360 τις
2994 1293 3149 1361 εἶναι,
3183 1298 3368 1368 σαφῶς
3397 1299 3701 1368 διέψευσται
3721 1317 3734 1330 ·

2168 1390 2325 1444 τοῦτο
2359 1391 2456 1462 μὲν
2479 1391 2586 1444 ἀπὸ
2617 1391 2710 1443 τοῦ
2743 1390 3228 1461 κυριολεκτεῖσθαι,
3259 1391 3350 1444 καὶ
3375 1391 3739 1460 θεολογεῖσθαι

2169 1481 2259 1534 τὸν
2290 1480 2614 1552 δηλούμενον
2633 1497 2646 1510 ·
2684 1481 2778 1533 καὶ
2807 1480 2914 1550 γὰρ
2933 1481 3026 1534 καὶ
3059 1480 3190 1533 Θεὸν
3222 1481 3378 1534 αὑτὸν
3402 1484 3434 1552 ἡ
3463 1482 3579 1535 θεία
3600 1484 3638 1534 Γ
3646 1501 3742 1555 ρα-

2173 1573 2246 1644 φὴ
2279 1573 2572 1644 διαρρήδην
2606 1572 2944 1644 ἀναγορεύει,
2978 1574 3072 1626 καὶ
3117 1573 3315 1644 Κύριον
3355 1575 3634 1639 ἀποκαλεῖ,
3669 1579 3739 1647 τῇ

2170 1665 2259 1719 διὰ
2305 1665 2414 1718 τῶν
2457 1666 2736 1736 τεσσάρων
2768 1664 3195 1736 παρ’,Ἑϐραίοις
3228 1667 3502 1737 στοιχείων
3543 1671 3741 1738 ἐπιση-

2177 1754 2395 1827 μειώσει
2421 1755 2653 1826 τιμῶσα,
2690 1757 2757 1827 ὴν
2780 1757 2872 1810 ἐπὶ
2907 1755 3070 1827 μόνης
3099 1758 3196 1827 τῆς
3223 1758 3603 1829 ἀνεκφωνήτου
3646 1760 3743 1813 καὶ

501 1841 854 1899 Hebraeorum
884 1856 1287 1902 consueverunt
1319 1868 1330 1901 :
1366 1850 1628 1919 probatur
1667 1851 1832 1904 etiam
1883 1866 1946 1906 ex
1982 1865 2068 1915 eo,

2175 1848 2411 1917 ἀρρήτου
2446 1847 2812 1918 προσηγορίας
2843 1845 2943 1915 τῆς
2974 1845 3066 1898 τοῦ
3112 1845 3245 1899 Θεοῦ
3281 1847 3580 1901 συντιθέναι
3615 1851 3742 1902 παῖ-

501 1937 650 2006 quod
687 1939 1017 2009 ubicumque
1049 1937 1330 2009 Scriptura
1363 1942 1583 2011 angelos
1633 1942 1904 2012 appellare
1932 1943 2066 2007 vult,

501 2037 687 2100 aperte
704 2031 804 2086 hoc
827 2032 974 2098 facit,
1002 2034 1330 2104 angelosqne
1359 2034 1615 2089 distincte
1643 2035 1934 2106 signiﬁcat.
1955 2034 2070 2091 Sic-

503 2129 565 2175 ut
621 2137 715 2177 eos
756 2123 849 2192 qui
900 2123 956 2177 in
1007 2122 1262 2179 Sodomis
1305 2132 1483 2188 erant,
1517 2140 1641 2178 cum
1674 2126 1824 2196 impii
1862 2136 2066 2191 essent,

502 2215 551 2269 is
578 2214 669 2284 qui
700 2214 932 2270 Abraha:
965 2215 1320 2286 responderat
1351 2215 1495 2272 Deus
1535 2233 1599 2272 ac
1645 2217 1931 2283 Dominus,
1966 2234 2068 2274 suo

501 2304 734 2359 adventu
774 2307 1088 2376 neutiquam
1139 2307 1337 2378 dignos
1379 2306 1560 2372 efﬁcit,
1609 2308 2067 2377 quemadmodum

502 2412 693 2452 rursus
741 2397 872 2452 dicit
907 2397 1190 2470 Scriptura
1231 2399 1415 2454 divina
1450 2419 1463 2454 :
1506 2419 1524 2450 ι
1561 2398 1822 2456 Dominus
1849 2401 2066 2467 quidem

499 2490 654 2553 abiit,
690 2500 978 2562 postquam
1008 2491 1172 2547 desiit
1222 2493 1371 2563 loqui
1427 2507 1552 2547 cum
1599 2493 1895 2548 Abraham.
1951 2493 2068 2549 Duo

499 2596 630 2636 vero
658 2583 833 2652 angeli
892 2582 1128 2638 Sodoma
1163 2584 1413 2638 abierunt
1459 2583 1674 2653 vesperi
1734 2584 1800 2637 ⁸⁷.
1857 2602 1876 2634 ι
1933 2581 2068 2638 Item

502 2675 606 2744 ipsi
628 2673 799 2729 Jacob
829 2694 847 2726 ι
885 2676 1102 2729 obviam
1141 2683 1406 2730 venerunt
1434 2677 1611 2746 angeli
1664 2674 1780 2729 Dei.
1831 2675 1898 2728 Et
1943 2691 2066 2730 enm

499 2763 728 2818 vidisset
771 2763 928 2829 dixit,
960 2764 1151 2819 Castra
1182 2763 1276 2818 Dei
1309 2763 1445 2828 haec,
1502 2772 1558 2818 et
1599 2763 1814 2818 vocavit
1869 2779 2067 2818 nomn

499 2857 607 2910 luci
653 2856 824 2923 illius,
874 2855 1072 2910 Castra
1097 2856 1163 2909 ⁵⁸.
1205 2875 1224 2909 ι
1258 2853 1349 2910 Sic
1379 2870 1511 2910 sane
1543 2853 1636 2910 Dei
1668 2855 1877 2910 amicus
1905 2856 2070 2910 visio-

498 2965 598 3004 ncs
628 2949 972 3005 discernebat
999 2969 1012 3004 :
1046 2947 1277 3019 proinde
1305 2964 1452 3003 nunc
1483 2948 1705 3019 quidem
1730 2963 1931 3003 nomen
1962 2949 2068 3003 loci

495 3039 691 3096 Castra
721 3041 979 3111 appellat,
1010 3056 1076 3096 ex
1106 3056 1171 3096 eo
1201 3040 1349 3112 quod
1379 3042 1491 3096 illic
1520 3042 1840 3113 angelorum
1886 3051 2066 3098 castra

499 3135 714 3190 viderit.
746 3134 850 3190 Ubi
882 3142 1062 3189 autem
1101 3149 1226 3189 cum
1277 3137 1396 3204 ipso
1449 3133 1561 3214 Deo
1612 3135 1871 3206 loquitur,
1909 3143 2068 3191 vocat

499 3242 698 3280 nonien
727 3227 851 3290 loci,
887 3225 1131 3296 Speciem
1157 3226 1273 3294 Dei,
1325 3227 1411 3282 his
1437 3229 1619 3283 verbis
1657 3247 1669 3282 :
1711 3246 1731 3280 ι
1768 3227 1893 3282 Vidi
1922 3230 2064 3284 enim

502 3319 671 3373 Deum
703 3318 843 3374 facie
866 3320 932 3374 ad
968 3319 1181 3375 faciem.
1217 3340 1235 3371 ι
1270 3320 1412 3387 Quin
1441 3330 1494 3376 et
1522 3321 1657 3376 Mosi
1707 3325 1925 3392 quoties
1976 3338 2070 3393 ap-

500 3418 656 3480 paret
670 3411 917 3482 angelus,
947 3411 1050 3466 hoc
1068 3412 1246 3482 ipsum
1260 3412 1442 3467 divina
1473 3411 1756 3484 Scriptura
1779 3415 2067 3485 signiﬁcat,

498 3505 692 3560 dicens
743 3524 755 3559 :
795 3505 959 3575 238
985 3523 1005 3556 ι
1033 3505 1299 3576 Apparuit
1341 3521 1471 3560 vero
1499 3506 1576 3560 illi
1603 3508 1828 3578 angelus
1855 3507 2069 3563 Domini

501 3595 558 3650 in
582 3594 795 3650 ﬂamma
826 3597 967 3667 ignis
996 3597 1116 3652 rubi
1135 3598 1205 3652 ".
1246 3617 1264 3650 ι
1293 3596 1519 3664 Quoties
1551 3614 1680 3655 vero
1710 3601 1758 3654 is
1783 3600 1872 3670 qui
1896 3601 1987 3670 jus
2015 3608 2071 3658 et

499 3696 824 3759 potestatem
856 3689 1040 3754 habet,
1075 3690 1192 3760 ipse
1224 3691 1417 3762 utique
1468 3692 1816 3746 oraculorum
1868 3701 1923 3748 et
1980 3709 2068 3749 re-

501 3796 830 3852 sponsorum
852 3790 1072 3846 auctor,
1100 3783 1180 3837 ita
1221 3783 1325 3838 hoc
1354 3783 1577 3855 planum
1610 3783 1762 3848 facit,
1806 3794 1865 3838 ut
1915 3786 2068 3841 illum

499 3882 556 3929 et
578 3874 863 3930 Dominum
891 3882 945 3930 et
973 3875 1166 3939 Deum,
1195 3891 1465 3947 nusquam
1514 3891 1645 3932 vero
1688 3878 1938 3948 angelum
1970 3894 2070 3932 no-

499 3965 692 4022 minet.
741 3964 919 4020 Simili
952 3967 1165 4022 ratione
1216 3967 1381 4022 etiam
1415 3967 1473 4022 in
1506 3969 1644 4022 mari
1689 3967 1875 4024 Rubro
1908 3970 2070 4039 plane

500 4057 751 4127 angelum
782 4056 1182 4128 Dominumque
1197 4057 1503 4127 distinguit,
1528 4059 1620 4113 ubi
1652 4060 1726 4113 ait
1761 4079 1772 4114 :
1811 4079 1830 4112 ι
1873 4059 2069 4116 Sustu-

501 4147 672 4216 ﬁtque
701 4161 761 4202 se
793 4146 1019 4216 angelus
1046 4144 1144 4201 Dei
1167 4145 1262 4216 qui
1293 4146 1605 4200 ambulabat
1634 4154 1762 4202 ante
1792 4156 1974 4202 castra
2003 4149 2067 4202 ﬁ-

500 4239 703 4293 liorum
733 4238 927 4302 Israel,
972 4246 1026 4293 et
1057 4238 1191 4292 abiit
1237 4244 1361 4306 post
1389 4252 1504 4293 eos.
1536 4237 1772 4292 Sustulit
1802 4247 1980 4294 autem
2010 4255 2069 4295 se

500 4331 666 4386 etiam
700 4331 956 4386 columna
985 4329 1147 4385 nubis
1176 4345 1206 4384 a
1241 4329 1382 4384 facie
1411 4345 1602 4385 eorum
1629 4330 1696 4385 ‘°.
1741 4351 1760 4383 ι
1797 4330 2069 4398 Quemad-

454 4416 462 4423 ”
503 4422 725 4477 modum
776 4422 831 4476 in
864 4421 1238 4494 superioribus
1281 4420 1546 4478 Dominus
1605 4421 1778 4477 forma
1830 4425 2067 4482 hominis

2171 1938 2258 2002 δες
2295 1936 2556 2008 Ἐϐραίων
2581 1935 2800 1990 εἰώθασι
2820 1954 2834 1968 ο
2861 1935 3018 1989 τοῦτο
3041 1935 3096 1989 δὲ
3117 1936 3210 1988 καὶ
3232 1937 3339 1988 ἀπὸ
3362 1937 3455 1989 τοῦ
3479 1937 3744 2007 ἀγγέλους

2173 2030 2356 2101 σαφῶς
2387 2029 2659 2102 διορίζειν,
2693 2032 2780 2084 ὅτε
2821 2031 2884 2101 δὴ
2933 2027 3168 2099 βούλοιτο
3199 2028 3463 2097 ἀγγέλους
3505 2029 3688 2083 καλεῖν
3715 2032 3744 2083 ό

2169 2123 2346 2192 λόγος,
2380 2123 2567 2194 ῶσπερ
2597 2122 2723 2186 τοῦς
2751 2125 2808 2176 ἐν
2843 2121 3090 2191 Σοδόμοις
3120 2121 3334 2184 ἀσεϐεῖς
3357 2122 3532 2185 ὄντας,
3568 2125 3596 2175 ό
3641 2124 3740 2192 μὲν

2169 2215 2246 2286 τῷ
2280 2216 2526 2287 Ἀϐραάμ
2549 2213 2899 2287 χρηματίζων
2922 2214 3052 2278 Θεὸς
3081 2214 3175 2266 καὶ
3211 2213 3413 2284 Κύριος
3443 2213 3540 2283 τῆς
3573 2213 3732 2268 αὑτοῦ

2171 2310 2468 2380 παρουσίας
2503 2309 2751 2380 οὐδαμῶς
2778 2310 2935 2374 ἀξιοῖ,
2959 2309 3033 2373 ὼς
3055 2305 3208 2371 αὖθις
3237 2311 3270 2379 ἡ
3295 2308 3413 2361 θεία
3447 2308 3629 2378 Γραφῇ
3651 2308 3736 2361 λέ-

2169 2420 2281 2473 γειο
2324 2423 2341 2454 ι
2365 2403 2422 2456 '0
2465 2403 2563 2474 μὲν
2603 2404 2808 2474 Κύριος
2840 2401 3098 2472 ἀπῆλθεν,
3129 2402 3204 2465 ὼς
3246 2402 3518 2454 ἐπαύσατο
3565 2401 3738 2453 λαλῶν

2168 2495 2246 2566 τῷ
2279 2495 2525 2567 Ἀϐραάμ
2545 2511 2558 2525 ·
2601 2496 2652 2548 οἱ
2695 2495 2752 2548 δὲ
2783 2495 2875 2548 δύο
2907 2495 3124 2563 ἄγγελοι
3157 2494 3396 2564 ἀπῆλθον
3429 2495 3507 2558 είς
3539 2493 3743 2563 Σόδομα

2171 2585 2424 2657 ἑσπέρας.
2439 2604 2456 2635 ι
2475 2584 2583 2637 Καὶ
2593 2584 2670 2655 τῷ
2685 2584 2877 2638 Ἰακὼϐ
2893 2585 2949 2637 δὲ
2961 2603 2978 2634 ι
3001 2570 3334 2655 συνήντησαν
3350 2583 3567 2652 ἄγγελοι
3584 2581 3740 2638 Θεοῦ.

2169 2674 2279 2727 Καὶ
2313 2673 2436 2727 ίδὼν
2499 2669 2639 2736 εἷπε,
2687 2673 3011 2746 Παρεμϐολὴ
3060 2673 3194 2727 Θεοῦ
3253 2672 3408 2739 αῦτη,
3464 2674 3558 2724 καὶ
3613 2671 3742 2725 ἐκά-

2169 2765 2291 2819 λεσε
2313 2765 2374 2820 τὸ
2399 2765 2570 2834 ὄνομα
2596 2764 2687 2818 τοῦ
2707 2765 3101 2818 τόπουέέκείνου
3125 2763 3513 2832 Ιιαρεμϐολαί.
3542 2781 3561 2814 ι
3584 2761 3742 2814 Οὕτω

2166 2859 2226 2913 δὲ
2250 2860 2282 2913 ὁ
2307 2856 2558 2929 θεοφιλὴς
2581 2853 2638 2911 εὖ
2660 2857 2894 2928 διέκρινε
2915 2857 3012 2920 τὰς
3034 2857 3312 2919 ὀπτασίας,
3339 2855 3477 2908 ῶστε
3508 2854 3603 2906 νῦν
3641 2855 3740 2924 μὲν

2168 2949 2228 3003 τὸ
2257 2948 2426 3020 ὄνομα
2456 2950 2551 3002 τοῦ
2583 2949 2748 3001 τόπου
2775 2947 3122 3018 παρεμϐολὰς
3143 2947 3343 3010 καλεῖν,
3376 2945 3482 2998 ἀπὸ
3508 2943 3606 3014 τῆς
3631 2943 3741 2997 τῶν

2168 3041 2471 3111 ἀγγελικῶν
2502 3040 2860 3113 παρεμϐολῶν
2893 3039 3039 3103 θέας.
3061 3041 3186 3093 Ὅτε
3223 3039 3278 3092 δὲ
3308 3038 3383 3109 τῷ
3428 3036 3543 3107 Θεῷ
3573 3052 3746 3108 προσ-

2169 3134 2362 3207 ομιλεῖ,
2389 3134 2544 3189 καλεῖ
2556 3135 2616 3187 τὸ
2635 3135 2801 3205 ὄνομα
2820 3133 2913 3187 τοῦ
2938 3135 3102 3187 τόπου
3119 3129 3269 3196 Εἶδος
3283 3131 3438 3193 Θεοῦ,
3457 3129 3740 3198 ἐπιλέγων·

2177 3249 2196 3282 ι
2227 3225 2378 3284 Εἶδον
2409 3229 2517 3302 γὰρ
2546 3228 2676 3281 Θεὸν
2705 3228 2995 3299 πρόσωπον
3028 3225 3163 3297 πρὸς
3193 3227 3500 3296 πρόσωπον.
3535 3243 3554 3274 ι
3587 3222 3744 3275 Ἀλλὰ

2171 3323 2264 3377 καὶ
2302 3321 2380 3392 τῷ
2416 3323 2622 3386 Μωσεῖ,
2664 3322 2739 3375 ὅτ’
2765 3322 2994 3391 ἄγγελος
3032 3319 3396 3390 ἐπιφαίνεται,
3440 3317 3584 3370 τοῦτ’
3615 3316 3744 3371 αὐτὸ

2171 3416 2262 3468 καὶ
2291 3416 2322 3486 ὴ
2345 3415 2464 3467 θεία
2492 3414 2679 3484 Γραφὴ
2705 3414 2976 3485 σημαίνει,
3007 3413 3236 3482 λέγουσα
3261 3427 3272 3442 ·
3295 3431 3316 3462 ι
3347 3411 3521 3482 Ὠφθη
3555 3411 3611 3463 δὲ
3641 3411 3742 3477 ἄγ-

2170 3507 2322 3576 γελος
2366 3507 2570 3578 Κυρίου
2611 3506 2759 3577 αὐτῷ
2801 3510 2858 3560 ἐν
2896 3507 3054 3574 φλογὶ
3085 3507 3255 3577 πυρὸς
3287 3505 3468 3575 βάτου.
3503 3505 3660 3556 ι”Οτε
3687 3502 3746 3556 δὲ

2169 3600 2258 3652 τὸν
2284 3599 2566 3670 αὐθέντην,
2599 3600 2757 3652 αὐτὸν
2785 3599 2848 3670 δὴ
2872 3599 2962 3652 τὸν
2992 3598 3395 3669 χρηματίζοντα
3425 3597 3590 3668 δηλοῖ,
3614 3595 3744 3649 Θεὸν

2170 3692 2264 3745 καὶ
2295 3691 2518 3763 Κύριον,
2560 3691 2694 3744 ἀλλὰ
2739 3690 2921 3743 οὐκέτι
2963 3689 3190 3758 ἄγγελον
3223 3687 3496 3759 ὀνομάζει.
3515 3689 3742 3759 Ὁμοίως

2171 3785 2263 3837 καὶ
2310 3784 2402 3836 ἐπὶ
2451 3783 2548 3854 τῆς
2585 3781 2851 3853 Ἐρυθρᾶς
2878 3780 3151 3850 θαλάσσης
3186 3777 3409 3850 διορίζει
3447 3782 3630 3849 σαφῶς
3653 3779 3743 3832 τὸν

2169 3875 2394 3945 ἄγγελον
2419 3877 2510 3928 καὶ
2541 3875 2632 3927 τὸν
2668 3875 2891 3946 Κύριον,
2924 3873 2990 3925 δι’
3016 3866 3090 3925 ὧν
3132 3889 3296 3944 φησιν
3315 3889 3330 3904 ο
3367 3892 3386 3923 ι
3412 3873 3604 3944 Ἐξῆρε
3629 3871 3686 3925 δὲ
3715 3873 3745 3925 ὀ

2170 3968 2396 4036 ἅγγελος
2423 3968 2517 4020 τοῦ
2550 3966 2684 4019 Θευῦ
2715 3970 2742 4020 ό
2773 3965 3241 4038 προπορευόμενος
3263 3965 3362 4035 τῆς
3395 3964 3744 4036 παρεμϐολῆς

2168 4060 2276 4114 τῶν
2307 4059 2438 4113 υἱῶν
2470 4059 2705 4131 Ἰσραὴλ,
2743 4060 2836 4112 καὶ
2869 4058 3139 4130 ἐπορεύθη
3174 4060 3240 4110 ἐκ
3265 4057 3373 4109 τῶν
3406 4057 3623 4109 ὄπισθεν
3654 4056 3744 4107 αύ-

2169 4153 2295 4205 τῶν.
2315 4154 2503 4224 Ἑξῆρε
2530 4153 2585 4205 δὲ
2618 4155 2709 4206 καὶ
2737 4154 2765 4204 ὁ
2794 4152 2983 4214 στῦλος
3016 4151 3116 4222 τῆς
3139 4151 3366 4220 νεφέλης
3395 4149 3500 4202 ἀπὸ
3525 4146 3739 4218 προσώ-

2171 4260 2273 4296 που
2311 4243 2508 4295 αύτῶν.
2541 4243 2777 4312 »Ὥσπερ
2808 4242 2863 4294 δὲ
2886 4243 2978 4293 ἐπὶ
3005 4242 3112 4294 τῶν
3148 4241 3427 4311 προτέρων
3457 4241 3511 4290 ἐν
3541 4235 3743 4306 ἀνθρώ-

2169 4353 2271 4388 που
2303 4338 2538 4406 σχήματι
2564 4337 2672 4398 τοῖς
2703 4334 2950 4395 παλαιοῖς
2981 4336 3009 4385 ὁ
3031 4333 3230 4403 Κύριος
3262 4330 3605 4402 χρηματίζων
3634 4331 3745 4380 εξσ..

2167 4427 2352 4498 ἦκται,
2396 4426 2536 4479 οὕτω
2563 4427 2655 4478 καὶ
2684 4425 2914 4479 ἐνταῦθα
2951 4425 3037 4478 διὰ
3075 4424 3318 4494 νεφέλης.
3353 4425 3461 4476 Καὶ
3497 4421 3742 4475 λέλεκται

500 4514 839 4585 respondens
882 4512 1122 4585 antiquis
1173 4514 1484 4580 inducitur,
1539 4516 1620 4570 sic
1657 4515 1761 4571 hoc
1806 4517 1928 4573 loco
1971 4533 2067 4588 per

2171 4520 2298 4589 γοῦν
2343 4518 2501 4590 ἑξῆς·
2535 4538 2552 4571 ι
2577 4517 2836 4589 Ἐγενήθη
2879 4517 2934 4570 δὲ
2979 4519 3037 4570 ἐν
3077 4520 3142 4588 τῇ
3179 4516 3388 4586 φυλακῇ
3427 4518 3492 4586 τῇ
3523 4513 3740 4584 ἐωθινῇ,

500 4608 740 4662 nubem:
773 4606 955 4677 itaque
984 4607 1242 4677 deinceps
1271 4607 1435 4661 verba
1485 4607 1564 4664 sic
1593 4608 1795 4664 habent
1829 4629 1842 4664 :
1891 4625 1914 4660 ‹
1965 4609 2068 4664 Fa-

498 4705 651 4753 ctum
681 4707 766 4754 est
791 4707 970 4753 autem
997 4702 1052 4754 in
1075 4700 1261 4770 vigilia
1291 4701 1581 4767 matutina,
1615 4709 1670 4754 et
1697 4702 1937 4772 respexit
1961 4701 2070 4757 Do-

502 4791 686 4846 minus
717 4791 774 4852 in
812 4797 992 4846 castra
1021 4790 1402 4862 Egyptiorum
1432 4792 1488 4847 in
1521 4793 1777 4848 columna
1802 4795 1984 4859 nubis,
2015 4803 2070 4849 et

501 4898 598 4952 per
650 4890 819 4937 totam
855 4880 1057 4938 deserti
1107 4881 1384 4953 regionem
1435 4883 1493 4937 in
1544 4884 1798 4939 columna
1842 4901 1938 4955 per
1967 4901 2072 4939 nu-

502 4975 624 5030 bem
655 4976 726 5042 ⁸⁵,
757 4994 776 5028 ι
820 4975 964 5030 Deus
1001 4973 1137 5030 Mosi
1177 4975 1492 5046 respondet.
1523 4975 1693 5034 Plane
1738 4979 1904 5050 igitur
1934 4995 2070 5049 que-

499 5067 603 5122 ties
627 5068 803 5138 angeli
834 5077 1085 5122 naturam
1117 5068 1294 5122 oratio
1344 5068 1655 5139 significare
1705 5073 1842 5136 vult,
1891 5087 2068 5143 neque

502 5155 691 5218 Deum.
735 5174 911 5228 neque
962 5157 1276 5224 Dominum,
1309 5161 1404 5215 sed
1432 5161 1638 5232 absque
1673 5163 1782 5218 ulla
1815 5163 2067 5218 obscuri-

502 5255 612 5301 tate
658 5249 907 5318 angelum
943 5248 1232 5304 nominat:
1279 5248 1494 5317 quoties
1534 5265 1664 5305 vero
1697 5250 1987 5306 Dominum
2014 5258 2068 5304 et

504 5341 696 5406 Deum,
723 5359 849 5397 eum
878 5342 971 5414 qui
1011 5351 1241 5414 apparet
1271 5343 1545 5414 intelligit,
1603 5343 1689 5396 his
1721 5343 1856 5411 ipsis
1889 5341 2069 5410 palam

503 5433 676 5487 utitur
733 5435 1126 5491 locationibus.
1187 5435 1346 5500 Quod
1381 5449 1511 5490 vero
1543 5432 1832 5488 Dominum
1873 5431 2071 5487 Deum-

502 5539 611 5598 que
640 5541 747 5580 non
771 5543 896 5582 eum
934 5529 1202 5600 signiﬁcet
1225 5527 1316 5597 qui
1345 5533 1501 5596 pater
1525 5533 1628 5591 est,
1661 5527 1792 5595 ipsaa
1825 5523 2074 5594 Scriptu-

581 5777 644 5853 ""
679 5774 809 5832 Gen.
846 5793 999 5844 xvnl,
1032 5779 1128 5848 '55;
1169 5792 1283 5843 xix,
1319 5778 1369 5832 Ι.

1478 5774 1522 5808 ⁸⁸
1551 5772 1686 5829 Gen.
1730 5788 1904 5838 xxxn,
1936 5770 1988 5835 l,
2028 5769 2082 5826 2.
2162 5768 2207 5805 "
2243 5765 2410 5822 Exod.
2451 5782 2533 5833 In,
2564 5766 2619 5819 2.

2171 4613 2266 4665 ml.
2312 4610 2574 4680 ἐπέϐλεψε
2622 4609 2824 4680 Κύριος
2860 4611 2940 4672 εἰς
2973 4610 3071 4682 τὴν
3118 4608 3466 4682 παρεμϐολὴν
3509 4607 3615 4662 τῶν
3647 4608 3742 4660 Αί-

2172 4706 2415 4774 γυπτίων
2449 4707 2504 4757 ἐν
2530 4703 2704 4775 στύλῳ
2749 4703 2917 4774 πυρὸς
2955 4704 3048 4756 καὶ
3089 4703 3338 4772 νεφέλης·
3384 4722 3401 4753 ι
3428 4702 3494 4754 δι’
3525 4702 3650 4769 ὅλης
3689 4697 3744 4750 δὲ

2171 4797 2272 4867 τῆς
2303 4799 2508 4869 ἐρήμου
2554 4799 2612 4850 ἐν
2642 4797 2815 4868 στύλῳ
2855 4797 2954 4868 τῆς
2985 4795 3213 4865 νεφέλης
3259 4799 3288 4849 ὁ
3337 4795 3466 4858 Θεὸς
3503 4793 3582 4864 τῷ
3620 4795 3748 4846 Μω-

2177 4893 2259 4944 σεῖ
2284 4889 2656 4962 χρηματίζων.
2694 4889 2960 4961 Ἀκριϐῶς
2993 4888 3101 4960 ἄρα
3128 4889 3216 4940 ὅτε
3253 4885 3351 4957 μὲν
3382 4885 3616 4954 ἀγγέλου
3647 4883 3750 4951 φύ-

2177 5001 2261 5038 σιν
2285 4986 2313 5037 ό
2337 4984 2492 5052 λόγος
2515 4983 2709 5054 δηλοῦν
2736 4981 3003 5054 βούλεται,
3038 4980 3293 5034 οὐδέποτε
3329 4979 3462 5032 Θεὸν
3485 4978 3604 5032 οὐδὲ
3637 4977 3750 5031 Κύ-

2177 5095 2311 5149 ριον,
2337 5077 2453 5131 ἀλλ’
2485 5075 2932 5138 ἀνεπικαλύπτως
2977 5073 3203 5144 ἄγγελον
3247 5069 3535 5142 ὀνομάζει’
3572 5070 3657 5122 ὅτε
3689 5069 3748 5122 δὲ

2175 5171 2376 5243 Κύριον
2401 5171 2497 5223 καὶ
2526 5169 2656 5222 Θεὸν
2680 5166 2785 5222 οἶδε
2824 5168 2913 5221 τὸν
2935 5167 3371 5237 ἐπιφαινόμενον,
3404 5163 3624 5226 ταύταις
3652 5161 3748 5215 αὑγ-

2172 5266 2292 5326 ταῖς
2325 5261 2510 5331 σαφῶς
2533 5265 2792 5333 κέχρηται
2820 5262 2936 5322 ταῖς
2966 5259 3320 5329 προσρήρεσι.
3346 5256 3546 5326 Κύριον
3573 5253 3630 5305 δὲ
3652 5253 3748 5306 καὶ

2173 5356 2304 5409 Θεὸν
2328 5356 2409 5409 ὅτι
2439 5354 2511 5426 μὴ
2540 5354 2630 5406 τὸν
2656 5355 2824 5407 αἴτιον
2846 5352 3012 5423 δηλοῖ,
3037 5349 3328 5422 προφανῶς
3351 5345 3626 5410 ἐπέδειξαν
3647 5345 3748 5415 τῆς

2175 5447 2325 5511 θείας
2353 5447 2576 5519 Γραφῆς
2621 5448 2675 5498 αί
2707 5444 2908 5510 λέξεις,
2941 5443 3165 5512 ἄγγελον
3192 5442 3326 5494 Θεοῦ
3357 5436 3745 5512 προσειποῦσαι

2175 5540 2266 5593 τὸν
2289 5541 2378 5592 ἐπὶ
2395 5539 2488 5593 τοῦ
2519 5537 2712 5592 Ἰακὼϐ
2732 5537 2934 5607 Κύριον
2958 5538 3054 5590 καὶ
3078 5535 3210 5588 Θεὸν
3232 5530 3743 5605 προωνομασμένον.

2732 5762 2776 5794 ⁸⁸
2803 5760 2972 5816 Exod.
3006 5775 3118 5827 xw,
3153 5758 3240 5814 l9.
3321 5758 3378 5834 _“
3412 5753 3543 5810 ibid.
3585 5750 3681 5809 9.4.
