4110 6424
347 334 448 390 58:3

1238 329 1888 418 οειιοΝεΤιιιιτιοΝιδ
1929 306 2381 382 EVANGELICA:
2423 323 2552 380 LIB.
2599 323 2662 378 v.

3487 329 3592 385 ’590

349 453 604 507 Λείπεταί
630 471 713 516 τις
757 453 864 521 ἄρα
900 451 973 504 ὢν
1005 454 1061 504 ὲν
1093 453 1205 514 τοῖς
1249 447 1368 503 οὖσι
1400 450 1532 513 Θεὸς
1581 450 1674 503 καὶ
1721 448 1914 518 Κύριος

2023 460 2098 498 rae
2129 444 2328 498 divinae
2361 443 2666 499 locutiones
2694 443 2751 498 in
2785 442 3160 512 superioribus
3186 443 3592 500 evidentissima

353 546 487 614 μετὰ
530 545 619 598 τὸν
656 544 996 615 παμϐασιλέα
1040 544 1132 596 xal
1172 542 1303 595 Θεὸν
1334 542 1440 595 τῶν
1464 542 1628 594 ὅλων·
1655 539 1738 610 εἴη
1769 539 1812 592 δ’
1841 540 1905 592 ἂν

349 631 501 700 οὗτος
533 640 560 690 6
591 637 696 708 πρὸ
723 637 928 690 αἰώνων
955 637 1047 690 τοῦ
1077 637 1208 690 Θεοῦ
1243 637 1431 704 Λόγος,
1472 637 1498 686 6
1527 632 1787 704 κρείττων
1814 631 1910 700 μὲν

350 727 382 797 ἢ
411 729 557 779 πᾶσα
585 725 840 810 ἀγγελικὴ
867 725 1045 796 φύσις,
1080 727 1246 797 μείων
1281 725 1337 778 δὲ
1365 723 1398 794 ἢ
1430 722 1569 776 κατά
1604 719 1664 774 τὸ
1698 719 1912 790 πρῶτον

352 837 548 873 αιτιον.

2010 537 2322 599 ostendunt,
2371 536 2462 590 ubi
2510 537 2760 606 angelum
2812 534 2906 591 Dei
2953 537 3220 606 appellant
3271 553 3416 604 eum,
3467 539 3561 608 qui

2017 644 2141 682 cum
2171 628 2237 682 de
2265 626 2433 682 Jacob
2467 643 2648 683 sermo
2677 635 2845 691 esset,
2893 626 3157 684 Dominus
3199 639 3253 684 et
3308 630 3453 686 Deus
3503 637 3592 686 est

2028 723 2366 775 nominatus.
2405 719 2667 790 Superest
2693 722 2859 792 igitur
2891 729 2950 776 ut
2979 737 3308 792 quaeramus,
3333 723 3586 793 quisnam

2031 814 2124 878 sit,
2162 815 2216 867 in
2250 814 2318 868 iis
2342 829 2461 883 quae
2488 825 2631 877 sunt,
2670 813 2812 868 Deus
2855 825 2906 869 et
2944 814 3227 881 Dominus,
3275 822 3468 886 praeter
3493 831 3589 884 pa-

2031 915 2166 962 trem
2189 907 2454 970 omnium,
2479 914 2532 963 et
2556 923 2734 974 regem
2749 906 3026 977 Deumque
3043 910 3284 966 universi
3311 929 3326 966 :
3355 910 3460 965 erit
3483 925 3585 964 au-

347 1012 456 1060 tem
484 1006 574 1061 hic
605 1005 835 1062 Verbum
864 1007 959 1063 Dei
982 1008 1128 1079 quod
1155 1013 1239 1062 est
1276 1014 1403 1060 ante
1435 1004 1657 1068 saecula,
1693 1001 1945 1072 superior
1977 1004 2195 1074 quidem
2221 1003 2368 1058 omni
2391 1002 2633 1073 angelica
2662 1011 2876 1067 natura,
2905 1003 3184 1072 profectus
3226 1014 3404 1058 autem
3428 1002 3496 1058 ab
3522 1018 3589 1057 eo

347 1103 438 1172 qui
466 1112 615 1173 pater
650 1113 752 1163 est.

866 1176 1262 1229 ΚΕΦΑΛᾹΙΟΝ
1301 1174 1400 1227 IB'.

2613 1178 2841 1235 CAPUT
2881 1177 2995 1233 XII.

358 1262 452 1331 Ὠς
476 1261 644 1332 αὖθις
674 1267 772 1321 ἐπὶ
814 1269 918 1346 τοῦ
946 1267 1142 1321 Ἰακὼϐ
1163 1267 1438 1346 δεύτερον
1480 1264 1626 1318 Θεὸν
1656 1265 1862 1332 σαφῶς
1889 1264 1914 1314 ό

2029 1273 2179 1340 Quod
2219 1289 2402 1327 rursus
2448 1273 2504 1325 in
2551 1269 2718 1346 Jacob
2773 1272 3001 1346 genitum
3042 1271 3238 1338 Deum,
3284 1275 3438 1341 plane
3472 1279 3587 1346 ipsa

829 1340 1010 1406 λόγος
1034 1339 1426 1404 παρίστησιν.

418 1444 437 1478 ‹
462 1422 594 1479 Εἷπε
621 1427 677 1480 δὲ
711 1429 738 1480 6
761 1428 892 1492 Θεὸς
923 1429 1134 1482 Ἰακώϐ·
1169 1427 1436 1490 Ἀναστὰς
1464 1424 1693 1497 ἀνάϐηθι
1731 1425 1810 1486 εἰς
1832 1419 1922 1472 τὸν

342 1518 506 1570 τόπον
544 1518 768 1588 Βαιθὴλ,
801 1523 895 1574 καὶ
925 1521 1060 1574 οἴκει
1095 1523 1226 1584 ἐκεῖ,
1261 1521 1353 1573 καὶ
1387 1518 1608 1588 ποίησον
1632 1514 1922 1584 θυσιαστή-

2535 1343 2705 1394 oratio
2733 1356 2842 1410 pra:
2877 1358 2931 1394 se
2966 1342 3086 1410 fert.

2102 1448 2121 1480 ι
2160 1427 2303 1482 Dixit
2334 1435 2517 1484 autem
2538 1427 2683 1484 Deus
2713 1429 2780 1482 ad
2813 1427 2980 1484 Jacob
3018 1449 3030 1482 :
3065 1429 3238 1502 Surge
3267 1440 3320 1486 et
3353 1437 3592 1493 ascende

2023 1522 2079 1575 in
2106 1522 2284 1575 locum
2314 1520 2520 1587 Bethel,
2552 1528 2606 1576 et
2645 1521 2828 1575 habita
2857 1521 2990 1586 illic,
3036 1522 3206 1577 et'fac
3267 1526 3434 1580 altare
3481 1527 3593 1582 Deo

349 1621 460 1675 ριον
488 1606 563 1677 τῷ
599 1607 742 1678 Θεῷ,
771 1608 849 1679 τῷ
875 1608 1092 1677 ὀφθέντι
1125 1626 1203 1661 σοι
1237 1610 1292 1660 ἐν
1319 1606 1397 1677 τῷ
1423 1605 1834 1677 ἀποδιδράσκειν
1867 1619 1914 1654 σε

2025 1612 2119 1682 qui
2147 1613 2245 1665 tibi
2277 1613 2549 1681 apparuit,
2574 1627 2698 1666 cum
2741 1611 2955 1682 fugeres
2981 1627 3011 1664 a
3052 1611 3190 1666 facie
3232 1613 3375 1668 Esau
3404 1615 3590 1672 fratris

345 1697 450 1750 ἀπὸ
508 1699 798 1770 προσώπου
881 1700 1052 1754 Ἠσαῦ
1111 1701 1205 1754 τοῦ
1252 1699 1476 1767 ἀδελφοῦ
1529 1715 1640 1751 σου.
1695 1692 1827 1749 Εἷπε
1865 1694 1914 1747 δὲ

2025 1702 2123 1757 ιιιί.
2161 1701 2225 1754 Ει
2253 1702 2392 1756 dixit
2415 1699 2583 1756 Jacob
2608 1674 2955 1764 domui'suaa,
2987 1711 3040 1757 et
3059 1704 3310 1758 omnibus
3341 1707 3434 1774 qui
3463 1721 3586 1761 cum
3635 1674 3647 1694 δ

361 1787 553 1842 Ἰακὼϐ
605 1790 683 1859 τῷ
730 1791 862 1862 οἴκῳ
911 1792 1075 1845 αὐτοῦ
1123 1791 1216 1844 καὶ
1259 1791 1392 1843 πᾶσι
1424 1793 1534 1852 τοῖς
1570 1788 1688 1859 μεθ’
1719 1787 1914 1839 αὐτοῦ’

2023 1793 2142 1865 ipso
2169 1801 2327 1848 erant
2359 1812 2372 1847 :
2399 1792 2594 1847 Tollite
2618 1792 2750 1848 deos
2791 1793 2999 1848 alienos
3021 1793 3088 1847 de
3111 1795 3286 1849 medio
3315 1798 3505 1862 vestri,
3535 1806 3590 1852 et

349 1882 553 1952 Ἀρατε
583 1884 718 1946 ζτοὺς
751 1883 903 1948 θεοὺς
945 1885 1068 1948 τοὺς
1102 1883 1408 1954 ἀλλοτρίους
1453 1883 1517 1934 ἐκ
1548 1881 1710 1949 μέσου
1742 1877 1914 1950 ὑμῶν,

347 1971 442 2022 καὶ
469 1969 855 2042 καθαρίσασθε,
885 1974 975 2025 καὶ
1006 1971 1264 2036 ἀλλάξατε
1290 1970 1388 2033 τὰς
1411 1970 1604 2032 στολάς
1625 1967 1799 2039 ὑμῶν,
1821 1967 1916 2020 καὶ

343 2063 670 2125 ἀναστάντες
715 2063 998 2134 ἀναδῶμεν
1043 2065 1122 2126 είς
1152 2054 1377 2134 ’Βαιθήλ
1399 2079 1412 2093 ο
1437 2064 1750 2133 ποιήσωμεν
1799 2061 1916 2112 ἐκεῖ

343 2153 722 2225 θυσιαστήριον
753 2154 829 2224 τῷ
856 2155 1064 2227 Κυρίῳ,
1095 2154 1457 2208 ὲπακούσαντί
1501 2171 1600 2224 μου
1648 2155 1705 2205 ἐν
1737 2152 1916 2223 ἡμέρᾳ

342 2245 598 2315 θλίψεως,
625 2246 684 2309 ὃς
711 2243 780 2317 ἦν
819 2250 934 2318 μετ’
965 2247 1117 2318 ἐμοῦ,
1154 2249 1245 2300 καὶ
1276 2246 1446 2299 ἔσωσέ
1480 2262 1544 2316 με
1573 2246 1628 2296 ἐν
1656 2247 1720 2314 τῇ
1746 2242 1851 2313 ὁδῷ

347 2337 669 2408 ἐπορεύθην.
697 2359 716 2390 ›
739 2337 998 2392 Ἐνταῦθα
1021 2341 1049 2392 6
1078 2336 1208 2401 Θεὸς
1232 2337 1392 2400 αὐτὸς
1418 2337 1446 2388 6
1469 2335 1576 2388 τῶν
1600 2335 1754 2397 ὅλων,
1778 2335 1805 2386 6
1831 2333 1918 2403 μό-

342 2444 432 2491 νος
449 2429 744 2499 ἀγέννητος
779 2431 873 2483 καὶ
902 2429 1161 2483 ἀνωτάτω
1193 2429 1429 2492 πάντων,
1446 2429 1545 2480 οὐκ
1564 2423 1917 2494 ὀφθεὶς,ἀλλὰ

338 2521 446 2591 γὰρ
479 2522 723 2591 ἀοράτως
758 2522 1102 2592 χρηματίσας
1125 2520 1204 2592 τῷ
1235 2519 1448 2584 Ἰακὼϐ,
1483 2520 1707 2589 δυνάμει
1735 2535 1792 2570 τε
1826 2517 1917 2588 ἀρ-

341 2613 487 2685 ρήτῳ
514 2613 675 2667 αὑτὸν
703 2615 1053 2686 ἀνακινήσας,
1073 2613 1218 2684 περὶ
1251 2613 1437 2683 ἐτέρου
1471 2611 1655 2681 σαφῶς
1685 2613 1914 2663 ποιεῖται

336 2705 429 2757 τὸν
461 2705 636 2774 λόγον.
667 2702 801 2757 Εῖπε
825 2705 954 2774 γοῦν
979 2707 1007 2758 6
1036 2704 1167 2768 Θεὸς
1196 2702 1344 2774 αὐτῷ
1364 2721 1377 2733 ·
1416 2721 1434 2754 ι
1466 2703 1695 2772 Ποίησον
1729 2701 1916 2754 θυσια-

339 2798 555 2870 στήριον
582 2796 659 2866 τῷ
690 2795 808 2867 Θεῷ
834 2796 911 2866 τῷ
937 2796 1151 2864 ὀφθέντι
1189 2812 1292 2850 σοι.
1318 2794 1440 2857 »Τίς
1459 2794 1504 2848 δ’
1524 2790 1590 2866 ἦν
1613 2796 1641 2846 6
1671 2808 1915 2863 προγρα-

339 2885 459 2952 (pel;
509 2878 685 2953 ὦφθαι
736 2884 903 2955 αὐτῷ,
939 2885 1141 2956 ἀρτίως
1174 2885 1615 2955 παρεστήσαμεν,
1655 2881 1745 2934 τὸν
1782 2880 1912 2934 Θεὸν

337 2975 508 3044 Λόγον
534 2972 671 3029 εἶναι
694 2975 1100 3039 ἀποδείξαντες.

863 3087 1255 3144 ΚΕΦΑΛΑΙΘΝ
1280 3088 1378 3141 ll".

350 3205 482 3259 Ἇπὸ
502 3204 610 3271 τῆς
655 3204 918 3270 Ἐξόδου.
943 3235 1014 3247 --
1049 3204 1142 3270 Ὡς
1167 3205 1198 3256 ὀ
1231 3200 1328 3255 ἐπὶ
1349 3199 1589 3271 πάκτων
1612 3199 1911 3271 986996-

409 3275 512 3344 τός
547 3266 630 3329 ὧν
662 3279 694 3329 ὀ
732 3266 805 3328 δι’
854 3266 1130 3344 ἀγγέλού
1156 3273 1236 3337 τῷ
1279 3269 1511 3344 Μωσεῐ-
1521 3266 1907 3344 χρηματίζων,

409 3337 594 3414 ὦέρθαι
639 3345 760 3410 τοῖς
797 3337 1114 3412 πατράσιν,
1151 3341 1349 3396 οὐκέτι
1383 3339 1456 3394 δι’
1484 3337 1759 3410 ἀγγέλου,
1815 3337 1912 3391 διὰ

409 3415 477 3468 δὲ
498 3415 604 3469 τοῦ
625 3415 759 3470 Υίοῦ
773 3414 1064 3469 διδάσκει.

414 3549 431 3576 ι
456 3529 563 3581 Kal
588 3528 792 3598 Μωσῆς
826 3522 893 3598 ἦν
914 3525 1214 3596 ποιμαίνων
1245 3523 1314 3577 τά
1336 3521 1584 3591 πρόϐατα
1600 3518 1798 3592 Ἰωθὼρ
1816 3518 1910 3572 τοῦ

335 3620 584 3693 γαμϐροῦ
614 3620 777 3674 αὐτοῦ
797 3637 810 3650 ·
847 3619 939 3672 καὶ
987 3614 1147 3690 ἦλθεν
1173 3619 1251 3680 είς
1276 3616 1335 3669 τὸ
1358 3614 1482 3686 ὅρος
1505 3613 1566 3666 τὸ
1597 3613 1653 3664 ὲν
1685 3611 1908 3682 Χωρήϐ.

339 3715 516 3784 Ὠφθη
543 3714 599 3766 δὲ
633 3711 778 3782 αὑτῷ
825 3711 1054 3780 ἄγγελος
1092 3709 1299 3780 Κυρίου
1325 3708 1381 3759 ὲν
1406 3703 1538 3775 πυρὶ
1573 3703 1768 3773 φλογὸς
1816 3701 1911 3772 βά-

336 3823 452 3860 του.
496 3825 514 3857 ι
552 3807 661 3858 Kal
692 3804 809 3874 μεθ’
841 3804 1034 3873 ἔτερα·
1079 3819 1098 3852 ι
1135 3801 1221 3862 Ὠς
1251 3798 1308 3851 δὲ
1350 3793 1508 3862 εἶδεν,
1536 3796 1617 3848 ὅτι
1650 3795 1912 3864 προσάγει

339 3896 488 3961 ἰδεῖν,
538 3895 793 3949 ἐκάλεσεν
846 3894 1005 3946 αὐτὸν
1041 3894 1104 3946 ὲκ
1156 3890 1320 3960 μέσου
1371 3887 1473 3955 τῆς
1506 3885 1666 3956 βάτου
1703 3884 1910 3951 λέγων’

335 3988 531 4057 Μωσῆ,
571 3986 765 4057 Μωσῆ,
803 3985 876 4056 μὴ
921 3983 1144 4054 ὲγγίσῃς
1193 3973 1313 4034 ὦδε.
1348 3977 1520 4031 Λῦσαι
1551 3976 1612 4029 τὸ
1663 3975 1912 4045 ὑπόδημα

338 4078 514 4130 ποδῶν
561 4095 651 4130 σου
671 4095 684 4106 ·
712 4080 741 4130 6
775 4076 884 4147 γάρ
910 4075 1072 4136 τόπος
1097 4076 1154 4126 ὲν
1186 4065 1230 4140 ᾧ
1261 4073 1324 4124 σὺ
1358 4070 1613 4140 ἕστηκας,
1663 4070 1733 4138 γῆ
1785 4067 1912 4134 ἁγία

337 4170 476 4223 ἐστί.
517 4189 535 4220 ι
562 4169 672 4223 Kal
700 4171 816 4240 μετ’
846 4168 1003 4236 ὀλίγα
1025 4183 1038 4196 ·
1075 4184 1093 4218 ι
1128 4166 1237 4219 Kal
1266 4160 1385 4217 εἷπε
1420 4161 1621 4232 Κύριος
1647 4159 1781 4231 πρὸς
1814 4159 1912 4212 αὐ-

335 4259 462 4313 τόν·
520 4257 659 4328 Ἐγώ
708 4260 822 4329 ειμι
864 4259 892 4310 6
967 4255 1061 4308 ὢν.
1111 4274 1130 4306 ι
1182 4254 1291 4307 Kal
1346 4247 1535 4314 αὖθις·
1583 4268 1600 4301 ι
1655 4249 1912 4318 Ἐλάλησε

339 4349 542 4421 Κύριος
589 4349 728 4418 πρὸς
762 4348 990 4418 Μωσῆν,
1035 4345 1131 4399 καὶ
1178 4340 1297 4397 εἷπε
1347 4343 1483 4413 πρὸς
1521 4339 1713 4394 αὐτόν’
1775 4337 1912 4407 Ἐγὼ

339 4441 542 4515 Κύριος
565 4439 751 4511 ὤφθην
771 4439 908 4511 πρὸς
939 4436 1207 4510 Ἀϐραὰμ,
1233 4435 1326 4488 καὶ
1351 4433 1553 4496 Ἰσαὰκ,
1582 4432 1674 4486 καὶ
1701 4430 1910 4494 Ἰακὼϐ,
1942 4477 1988 4533 D

340 4534 472 4596 Θεὸς
492 4533 566 4586 ὢν
587 4532 784 4597 αὐτῶν,
809 4531 902 4584 καὶ
923 4529 983 4583 τὸ
1006 4529 1176 4600 ὄνομά
1197 4545 1297 4598 μου
1320 4527 1419 4579 οὐκ
1437 4525 1681 4596 ἐδήλωσα
1710 4524 1910 4587 αὐτοῖς,

340 4626 435 4678 καὶ
457 4625 659 4695 ἕστησα
689 4624 785 4694 τὴν
817 4622 1079 4692 διαθήκην
1115 4637 1217 4691 μου
1254 4619 1388 4689 πρὸς
1409 4615 1622 4679 αὺτούς.
1658 4634 1676 4665 ι
1709 4615 1917 4685 Ὥσπερ

340 4715 564 4768 ἐπὶτῶν
597 4718 654 4768 ὲν
687 4713 992 4784 ἀνθρώποις
1032 4710 1346 4784 προφητῶν,
1387 4708 1629 4771 Ἡσαΐου,
1675 4707 1804 4777 φέρε
1841 4707 1917 4758 εί-

341 4810 483 4873 πείν,
511 4807 604 4860 καὶ
661 4799 943 4876 Ἰερεμίου,
983 4805 1077 4857 καὶ
1113 4802 1220 4856 τῶν
1253 4793 1674 4872 παραπλησίων,
1712 4797 1916 4869 ἀνθρω-

340 4917 440 4963 πος
476 4899 574 4968 μὲν
606 4893 674 4968 ἦν
704 4897 766 4949 τὸ
815 4895 1110 4966 ὁρώμενον,
1143 4894 1274 4956 Θεὸς
1315 4893 1370 4944 δὲ
1414 4893 1442 4944 6
1478 4891 1566 4944 διὰ
1601 4889 1695 4942 τοῦ
1729 4905 1912 4958 φαινο-

343 4990 527 5061 μένου,
571 4986 716 5040 ὼσάν
771 4985 836 5038 δι’
882 4985 1112 5057 ὀργάνου
1173 4982 1439 5047 θεσπίζων
1464 4999 1477 5012 ο
1521 4981 1614 5033 καὶ
1655 4980 1772 5032 τοτὲ
1813 4978 1910 5050 μὲν

339 5079 576 5153 Χριστοῦ
640 5079 959 5149 πρόσωπον,
1031 5077 1153 5130 τοτὲ
1217 5075 1274 5128 δὲ
1332 5072 1649 5143 Πνεύματος
1719 5070 1908 5139 ἁγίου,

339 5173 461 5226 τοτὲ
502 5172 559 5225 δὲ
603 5168 695 5224 τοῦ
752 5169 846 5223 ἐπὶ
905 5169 1118 5222 πάντων
1173 5164 1308 5220 Θεοῦ
1358 5161 1449 5236 ἦν,
1503 5163 1591 5216 διὰ
1646 5159 1740 5215 τοῦ
1780 5177 1912 5232 προ-

341 5264 510 5333 φήτου
559 5259 924 5333 χρηματίζον·
989 5258 1130 5312 οὕτω
1191 5257 1255 5329 δὴ
1293 5256 1386 5310 καὶ
1432 5253 1526 5309 νῦν
1569 5250 1909 5322 εἰσαγομένῳ

337 5354 417 5424 τῷ
456 5355 646 5408 Μωσεῖ
686 5356 714 5406 6
773 5352 1030 5406 ἀνωτάτω
1091 5350 1185 5404 καὶ
1240 5349 1334 5402 ἐπὶ
1359 5421 1362 5424 γ
1386 5349 1602 5402 πάντων
1642 5344 1774 5407 Θεὸς
1823 5342 1911 5396 διὰ

338 5445 431 5498 τοῦ
491 5444 744 5514 φανέντος
801 5444 1032 5512 ἀγγέλου
1099 5442 1169 5496 τά
1233 5440 1568 5513 προκείμενα
1619 5434 1904 5510 ’θεσπίζει-

340 5531 414 5588 ὧν
458 5537 664 5604 γένοιτο
708 5535 772 5589 ἂν
803 5538 830 5588 6
875 5534 999 5598 νοῦς
1039 5534 1276 5587 τοιόσδε·
1325 5531 1413 5584 Σοὶ
1451 5529 1567 5599 μὲν,
1603 5521 1666 5580 ὦ·
1700 5526 1910 5599 προφῆ-

340 5645 426 5692 τα,
475 5629 622 5682 ὼσάν
676 5627 1009 5698 εἰσαγομένῳ
1051 5627 1143 5680 καὶ
1194 5623 1354 5696 μηδὲν
1397 5619 1557 5673 πλέον
1615 5617 1910 5687 ἀγγελικῆς

439 5751 482 5782 ⁸⁸
511 5747 644 5804 Gen.
686 5765 850 5814 xxxv,
880 5748 992 5804 1-5.
1092 5748 1136 5778 ⁸³
1168 5745 1335 5801 Exod.
1369 5760 1450 5810 ιιι,
1485 5742 1534 5795 1.

2022 1885 2348 1956 purgamini,
2381 1892 2434 1939 et
2455 1892 2661 1938 mutate
2683 1883 2901 1938 habitus
2931 1892 3163 1949 vestros,
3187 1894 3241 1939 et
3271 1902 3586 1958 surgamus,

2023 1979 2493 2046 ascendamusque
2525 1976 2580 2030 in
2607 1975 2800 2030 Bethel
2835 1995 2848 2029 :
2885 1981 2939 2030 et
2965 1975 3228 2032 faciamus
3268 1978 3432 2050 239
3478 1981 3590 2035 illic

2022 2071 2192 2125 altare
2225 2069 2475 2132 Domino,
2506 2067 2598 2138 qui
2630 2066 2908 2122 exaudivit
2941 2081 3028 2122 me
3055 2067 3109 2121 in
3154 2064 3241 2122 die
3281 2071 3594 2125 tribulatio-

2021 2162 2129 2225 nis,
2154 2163 2248 2232 qui
2276 2161 2378 2216 fuit
2406 2174 2642 2223 mecum,
2667 2166 2722 2214 et
2751 2159 2990 2214 servavit
3013 2174 3119 2222 me,
3151 2159 3206 2213 in
3231 2161 3318 2214 via
3341 2177 3447 2230 qua
3471 2178 3595 2232 pro-

2022 2253 2196 2309 fectus
2226 2269 2345 2308 sum
2371 2253 2438 2306 θ’.
2480 2271 2498 2303 ι
2529 2250 2644 2305 Hoc
2675 2251 2797 2305 loco
2851 2249 2996 2305 Deus
3043 2250 3160 2320 ipse
3205 2251 3463 2318 universi,
3491 2255 3592 2322 qui

1998 2346 2194 2405 solus.
2232 2360 2407 2416 neque
2438 2343 2636 2408 factus,
2685 2359 2861 2415 neque
2892 2343 3128 2414 genitus,
3186 2350 3239 2398 et
3300 2358 3594 2413 supremus

2021 2437 2268 2492 omnium
2303 2446 2404 2500 est,
2446 2451 2556 2490 non
2585 2437 2758 2501 visus,
2810 2436 2905 2492 sed
2944 2435 3296 2490 invisibiliter
3329 2435 3467 2490 dans
3501 2450 3590 2490 re-

2022 2544 2220 2599 sponsa
2249 2529 2353 2598 ipsi
2375 2527 2567 2592 Jacob,
2601 2535 2656 2583 et
2686 2529 2890 2583 virtute
2916 2527 3174 2582 ineffabili
3203 2527 3442 2596 seipsum
3468 2543 3589 2582 mo-

2021 2637 2173 2687 vens,
2201 2621 2267 2676 de
2305 2621 2412 2675 alio
2448 2621 2609 2675 verba
2645 2619 2772 2675 facit
2803 2621 3138 2689 planissime.
3177 2618 3322 2673 Dixit
3349 2635 3479 2690 ergo
3507 2619 3589 2674 illi

2020 2714 2163 2770 Deus
2197 2733 2208 2768 :
2256 2732 2274 2764 ι
2312 2712 2421 2768 Fac
2455 2714 2627 2768 altare
2656 2713 2768 2769 Deo
2809 2714 2902 2784 qui
2932 2714 3188 2784 apparuit
3214 2713 3330 2767 tibi.
3391 2733 3410 2764 ›
3453 2711 3598 2778 Quis

2021 2813 2201 2861 autem
2234 2805 2324 2860 hic
2354 2805 2447 2870 sit,
2475 2807 2568 2876 qui
2594 2807 2834 2874 scriptus
2863 2815 2946 2859 est
2984 2819 3150 2875 supra
3195 2804 3271 2858 illi
3306 2805 3590 2874 apparuis-

2021 2911 2100 2961 se,
2129 2896 2290 2964 paulo
2323 2903 2451 2950 ante
2475 2895 2851 2966 exposuimus,
2885 2894 2979 2949 ubi
3003 2893 3171 2948 Deum
3199 2891 3437 2948 Verbum
3466 2907 3595 2948 esse

2019 2987 2537 3042 demonstravimus.

2596 3077 2826 3133 CAPUT
2864 3073 3002 3132 Xlll.

2009 3191 2089 3245 Ab
2129 3190 2335 3246 Exodo.
2368 3224 2437 3232 —
2465 3191 2615 3258 Quod
2665 3193 2805 3245 Deus
2839 3189 3022 3253 Pater,
3053 3207 3169 3244 cum
3207 3188 3344 3244 Hosi
3377 3205 3591 3259 respou-

2079 3260 2214 3315 derit
2261 3279 2350 3330 per
2397 3263 2633 3332 angelum
2697 3279 2751 3315 se
2822 3262 3079 3332 patrique
3111 3263 3446 3330 apparuisse,
3483 3277 3594 3315 non

2079 3329 2305 3400 amplius
2339 3348 2430 3401 per
2458 3329 2716 3403 angelum,
2742 3329 2830 3385 sed
2853 3346 2942 3399 per
2970 3329 3171 3385 Filium
3191 3332 3357 3387 docet.

2087 3528 2107 3562 ι
2153 3509 2219 3564 Ει
2247 3509 2425 3566 Moses
2450 3519 2568 3566 erat
2596 3525 2830 3581 pascens
2855 3524 2984 3565 oves
3007 3508 3200 3564 Jotbor
3240 3510 3412 3567 soceri
3453 3506 3540 3564 sui
3566 3527 3586 3565 :

2009 3609 2065 3656 et
2091 3601 2240 3656 venit
2261 3602 2330 3656 ad
2367 3611 2603 3656 montem
2635 3600 2729 3655 Dei
2770 3601 2825 3654 in
2863 3599 3096 3656 Choreh.
3128 3599 3195 3652 Et
3253 3601 3502 3669 apparuit
3534 3598 3590 3654 ei
3667 3583 3674 3601 ’

2013 3695 2237 3765 angelus
2265 3693 2477 3748 Domini
2507 3693 2562 3746 in
2607 3690 2825 3745 ﬂamma
2855 3689 2997 3760 ignis
3045 3690 3169 3745 rubi
3198 3689 3262 3742 ”.
3311 3708 3330 3741 ι
3365 3689 3432 3742 Et
3462 3695 3592 3760 post

2013 3786 2155 3840 alia:
2195 3803 2213 3835 ι
2253 3782 2319 3837 Ει
2348 3793 2406 3838 ιιι
2449 3783 2586 3837 vidit
2633 3782 2777 3852 quod
2809 3780 3091 3836 accederet
3138 3780 3206 3834 ad
3253 3778 3540 3834 videndum
3567 3819 3585 3843 ,

2011 3877 2225 3931 vocavit
2259 3875 2412 3930 illum
2442 3873 2511 3928 de
2545 3873 2722 3928 medio
2770 3871 2892 3926 rubi
2948 3870 3141 3926 dicens
3172 3889 3187 3925 :
3222 3869 3399 3925 Moses
3424 3908 3438 3932 ,
3471 3868 3591 3936 Mo-

2013 3984 2101 4024 ses
2121 4007 2134 4032 ,
2186 3982 2256 4022 ne
2287 3965 2512 4038 prepius
2561 3964 2672 4020 hue
2703 3964 3020 4020 accesseris.
3057 3961 3216 4017 Solve
3248 3962 3587 4018 calceamen-

2012 4065 2127 4112 tum
2157 4055 2352 4126 pedum
2384 4061 2604 4109 tuorum
2637 4073 2652 4108 :
2689 4054 2841 4110 locus
2869 4052 3013 4109 enim
3038 4052 3093 4106 in
3123 4066 3233 4122 quo
3259 4059 3394 4115 stas,
3438 4057 3584 4104 terra

2013 4154 2203 4202 sancta
2231 4152 2316 4202 est
2337 4143 2510 4198 “.rEt
2537 4151 2662 4215 post
2693 4159 2887 4214 pauca,
2923 4161 2942 4196 ι
2980 4152 3034 4198 et
3064 4143 3201 4198 dixit
3229 4138 3489 4197 Dominus
3515 4141 3587 4194 ad
3644 4131 3650 4137 ’

2012 4237 2164 4291 illum
2193 4256 2206 4291 :
2262 4235 2376 4306 Ego
2432 4250 2552 4291 sum
2581 4236 2673 4305 qui
2693 4249 2813 4290 sum
2835 4236 2901 4289 ⁸⁵.
2933 4233 3036 4287 »Ει
3062 4249 3256 4290 rursus
3278 4235 3323 4266 “
3356 4252 3369 4288 :
3417 4251 3435 4284 ι
3475 4231 3582 4286 Ιιοο

2012 4337 2172 4384 cutus
2200 4337 2282 4383 est
2313 4328 2570 4383 Dominus
2605 4326 2672 4380 ad
2716 4325 2919 4381 Mosem
2953 4346 2966 4381 :
2995 4325 3062 4379 Et
3105 4326 3242 4381 dixit
3289 4325 3357 4380 ad
3390 4324 3538 4380 illum
3567 4343 3582 4380 :

2013 4421 2127 4492 Ego
2158 4419 2418 4476 Dominus
2447 4420 2599 4475 visus
2649 4434 2771 4473 sum
2819 4418 2889 4472 ab
2916 4416 3215 4482 Abraham,
3250 4423 3304 4473 et
3329 4416 3498 4480 Isaac,
3529 4423 3586 4470 et

2013 4513 2202 4576 Jacob,
2234 4529 2356 4568 eum
2390 4527 2579 4568 eorum
2618 4511 2721 4566 sim
2760 4509 2922 4577 Deus,
2950 4519 3004 4565 et
3035 4524 3234 4565 nomen
3257 4524 3438 4578 meum
3473 4523 3588 4563 non

2015 4605 2250 4660 iudicavi
2317 4605 2446 4670 illis,
2510 4611 2563 4658 et
2607 4601 2865 4657 constitui
2893 4609 3276 4656 testamentum
3303 4615 3487 4654 meum
3515 4599 3583 4651 ad

2014 4699 2154 4753 illos.
2190 4715 2208 4747 ι
2231 4693 2702 4762 Quemadmodum
2725 4692 2868 4763 apud
2889 4693 3182 4762 prophetas
3198 4693 3254 4746 in
3270 4690 3584 4745 hominibus

2012 4798 2317 4850 versantes,
2342 4786 2490 4842 verbi
2526 4784 2723 4856 gratia,
2775 4783 2968 4838 Isaiam
3007 4790 3062 4837 et
3087 4780 3400 4845 Jeremiam,
3433 4789 3486 4834 et
3504 4779 3582 4833 si-

2012 4881 2190 4945 miles,
2219 4880 2378 4933 homo
2400 4876 2618 4948 quidem
2660 4883 2797 4940 erat,
2828 4876 2881 4930 id
2914 4875 3061 4945 quod
3092 4874 3410 4935 videbatur,
3441 4871 3584 4926 Deus

2018 4980 2200 5026 autem
2231 4969 2325 5040 qui
2349 4984 2444 5039 per
2469 4967 2526 5022 id
2559 4968 2704 5037 quod
2735 4967 3048 5038 apparebat,
3079 4972 3334 5034 tanquam
3370 4977 3468 5032 per
3496 4962 3583 5016 in-

2016 5069 2380 5119 strumentum
2411 5059 2736 5130 loquebatur
2763 5077 2778 5125 ;
2811 5067 2865 5113 et
2900 5056 3060 5112 modo
3089 5053 3293 5110 Christi
3327 5067 3578 5122 persona,

2015 5154 2178 5210 modo
2207 5151 2383 5209 sancti
2411 5149 2668 5222 Spiritus,
2703 5148 2863 5204 modo
2899 5146 3138 5217 supremi
3166 5143 3262 5199 Dei
3285 5150 3423 5210 erat,
3461 5155 3611 5213 quae

2014 5259 2112 5315 per
2141 5243 2460 5314 prophetam
2493 5255 2754 5312 responsa
2809 5238 3008 5304 dabat;
3061 5236 3140 5293 sic
3183 5235 3370 5305 utique
3416 5235 3579 5289 etiam

2015 5351 2161 5390 nunc
2193 5333 2348 5396 Mosi,
2381 5334 2473 5405 qui
2522 5332 2924 5396 introducitur,
2973 5342 3262 5400 supremus
3312 5334 3366 5382 et
3396 5327 3579 5380 omnia

2016 5427 2119 5484 sub
2151 5442 2209 5483 se
2236 5427 2444 5482 habens
2473 5423 2640 5490 Deus,
2661 5439 2756 5494 per
2781 5436 2903 5478 eum
2934 5421 3027 5491 qui
3058 5426 3280 5490 apparet
3305 5418 3580 5488 angelum,

2013 5535 2078 5575 ea
2146 5535 2267 5590 quae
2329 5519 2605 5589 proposita
2669 5522 2844 5577 sunt,
2915 5511 3082 5566 canit.
3160 5507 3400 5574 Quorum
3464 5507 3598 5563 haec.

2015 5612 2178 5684 2&0
2204 5613 2472 5668 sententia
2507 5611 2578 5666 sit
2609 5623 2741 5662 sane
2766 5626 2778 5660 :
2811 5605 2932 5660 Tibi
2963 5601 3203 5674 quidem,
3233 5616 3265 5656 o
3296 5600 3582 5671 propheta,

1624 5739 1668 5772 “
1703 5739 1838 5794 ibid.
1869 5737 1924 5802 4,
1949 5738 2002 5792 5.
2083 5737 2127 5768 ⁸⁵
2157 5733 2290 5791 ibid.
2322 5735 2408 5788 16.
2485 5732 2530 5765 ⁸⁸
2560 5728 2730 5784 Exod.
2770 5743 2844 5794 VI,
2878 5725 3011 5802 2-4..
