4110 6426
514 358 612 414 591

1170 350 1433 407 EUSEBII
1471 343 1949 403 CJESARIENSIS
1988 341 2136 396 OPP.
2181 338 2358 394 PARS
2397 337 2459 393 ll.
2503 369 2570 378 —-
2605 336 3099 392 APOLOGETICA.

3655 318 3788 392 392'

514 483 771 544 tanquam
800 458 847 527 ei
870 469 961 541 qui
989 469 1165 522 adhuc
1191 467 1455 530 eruditur,
1491 474 1544 520 et
1573 464 1664 534 qui
1700 464 1834 517 nihil
1865 461 2075 517 visione

2182 459 2437 520 ὀπτασίας
2481 455 2768 527 χωροῦντι,
2807 455 2944 515 τέως
2990 453 3080 505 τὸν
3128 451 3258 522 ἐμὸν
3312 451 3549 519 ἄγγελον
3607 451 3767 508 ἐϐου-

514 565 757 636 angelica
785 563 1017 633 amplius
1040 562 1201 630 capit,
1231 561 1450 614 interim
1485 559 1736 628 angelum
1777 572 1955 611 meum
1988 571 2081 610 ex-

518 661 693 715 hiberi
719 658 1006 713 videndum
1027 655 1208 721 volui;
1241 654 1334 709 sed
1361 670 1535 708 meum
1562 668 1758 706 nomen
1783 651 1878 704 tibi
1908 650 2082 706 solum

515 760 704 806 notum
733 747 892 810 facio,
923 747 1050 800 dum
1079 745 1248 800 doceo
1279 755 1350 809 te,
1377 761 1460 799 me
1487 761 1610 800 cum
1642 759 1763 797 esse
1789 742 1881 812 qui
1923 757 2042 795 sum
2066 782 2080 805 ,

514 853 566 900 et
595 858 790 898 nomen
824 855 1002 895 meum
1033 855 1154 894 esse
1204 838 1514 894 Dominum.
1566 837 1698 890 Tuis
1736 852 1864 891 vero
1915 835 2085 904 patri-

513 935 615 988 bus
649 949 760 987 non
789 933 892 986 hoc
924 931 1100 984 solum
1134 930 1407 996 indicavi,
1459 928 1553 984 sed
1601 929 1763 983 etiam
1819 928 1921 982 hoc
1965 929 2084 996 ipso

514 1025 746 1096 amplius
777 1023 1002 1093 largitus
1034 1038 1152 1077 sum
1179 1042 1190 1075 :
1223 1038 1347 1076 nam
1379 1023 1446 1076 ab
1475 1022 1582 1077 illis
1605 1037 1724 1076 sum
1749 1021 1917 1074 visus.
1948 1019 2082 1086 Quis

515 1133 640 1173 vero
669 1118 741 1172 sit
771 1117 862 1187 qui
891 1115 1137 1185 patribus
1168 1115 1320 1170 visus
1363 1113 1467 1179 sit,
1512 1121 1564 1167 et
1603 1114 1744 1182 quod
1790 1129 1898 1167 non
1929 1121 2084 1182 pater

513 1210 679 1276 Deus,
704 1216 862 1263 antea
901 1208 1331 1262 demonstratum
1363 1214 1466 1272 est,
1497 1205 1588 1258 ubi
1623 1204 1791 1258 Deum
1821 1215 1874 1258 et
1907 1203 2084 1257 Domi-

514 1321 644 1359 num
675 1302 925 1373 angelum
951 1299 1042 1355 Dei
1069 1301 1407 1353 nominatum
1427 1313 1547 1351 esse
1568 1297 2079 1352 demonstravimus.

513 1397 802 1457 Caeterum,
828 1407 1064 1462 quonam
1088 1391 1247 1446 modo
1267 1390 1377 1454 hic,
1401 1390 1489 1442 ille
1516 1389 1607 1458 qui
1634 1397 1785 1457 pater
1813 1389 1883 1442 sit
1917 1387 2080 1453 Deus,

513 1498 568 1542 et
591 1487 772 1543 omnia
803 1485 904 1540 sub
934 1499 993 1540 se
1019 1484 1234 1546 habeat,
1267 1482 1411 1536 dicat
1443 1497 1499 1535 se
1539 1496 1569 1534 a
1605 1480 1847 1550 patribus
1869 1481 2042 1535 visum
2064 1519 2080 1543 ,

515 1583 708 1636 merito
739 1579 935 1648 aliquis
979 1582 1203 1646 quaerat.
1232 1574 1604 1644 Explicabitur
1652 1588 1814 1642 porro
1870 1572 1922 1627 id
1949 1613 1963 1636 ,
2017 1572 2084 1626 de

515 1687 623 1742 quo
648 1668 906 1740 quaeritur
926 1705 942 1731 ,
986 1665 1032 1720 si
1059 1665 1255 1720 divina:
1285 1661 1583 1731 Scriptum
1633 1661 1967 1730 diligentiam
2000 1669 2084 1715 at-

516 1763 822 1816 tendamus.
851 1757 984 1812 Nam
1023 1773 1146 1810 cum
1199 1757 1340 1826 apud
1377 1755 1727 1824 Septuaginta
1755 1756 1830 1808 ita
1878 1754 2081 1808 dictum

2183 549 2349 620 λήθην
2372 548 2619 618 ὀφθῆναι,
2651 545 2887 617 ἐμαυτοῦ
2922 562 2981 596 τε
3019 545 3253 614 τοῦνομά
3281 560 3362 595 σοι
3395 544 3562 614 μόνον
3585 546 3767 614 ἐμφα-

2183 645 2269 704 νὲς
2298 641 2617 710 καθίστημι,
2651 639 2934 700 διδάσκων,
2966 638 3048 689 ὅτι
3091 636 3199 703 ἐγώ
3227 638 3340 705 είμι
3367 637 3395 688 6
3435 635 3538 700 ῶν,
3562 637 3658 688 καὶ
3682 638 3766 692 ὅτι

2183 735 2241 786 τὸ
2265 733 2437 803 δνομά
2469 732 2568 802 μού
2620 733 2736 783 ἐστι
2759 729 2983 800 Κύριος.
3008 727 3130 788 Τοῖς
3158 726 3215 778 δὲ
3249 729 3361 788 σοῖς
3391 725 3672 795 πατράσιν
3703 727 3764 778 ού

2183 824 2338 877 τοῦτο
2372 824 2528 894 μόνον
2558 821 2822 892 ἐδήλωσα,
2853 819 2988 872 ἀλλά
3010 819 3102 871 καὶ
3123 817 3311 870 τούτου
3337 817 3520 886 μεῖζον
3555 818 3766 888 ἐδωρη-

2185 914 2362 984 σάμην
2384 931 2396 943 ·
2427 913 2616 984 ὤφθην
2655 911 2764 982 γὰρ
2795 910 2993 973 αὐτοῖς.
3033 909 3130 971 Τίς
3160 909 3206 961 δ’
3239 905 3307 978 ἦν
3347 909 3376 960 6
3401 911 3517 970 τοῖς
3550 911 3768 979 πατρά-

2191 1023 2275 1059 σιν
2323 1005 2526 1074 ὀφθεὶς,
2583 1006 2677 1056 καὶ
2725 1005 2806 1056 ὅτι
2841 1003 2969 1073 μὴὸ
3019 1001 3110 1053 ἐπὶ
3161 1001 3377 1054 πάντων
3427 1000 3585 1061 Θεὸς,
3631 1018 3769 1070 προ-

2186 1097 2581 1159 αποδέδεικται,
2611 1095 2770 1166 ἡνίκα
2798 1093 2887 1145 τὸν
2917 1091 3048 1144 Θεὸν
3073 1090 3276 1144 καὶτὸν
3303 1090 3504 1161 Κύριον
3526 1090 3767 1158 ἄγγελον

2181 1191 2316 1244 Θεοῦ
2364 1188 2674 1260 ὠνομάσθαι
2725 1185 3133 1255 ὲπεδείκνυμεν.
3166 1183 3290 1246 Πῶς
3316 1179 3407 1236 οὖν
3447 1183 3690 1238 ἐνταῦθα
3735 1186 3765 1238 6

2184 1285 2438 1337 ἐπέκεινα
2484 1281 2591 1334 τῶν
2653 1280 2810 1342 ὅλων,
2842 1277 3001 1340 αὐτὸς
3025 1276 3099 1329 ὢν
3137 1277 3166 1327 6
3204 1275 3358 1346 μόνος
3398 1275 3494 1327 ἐπὶ
3530 1277 3759 1328 πάντων

2181 1376 2332 1440 Θεὸς,
2381 1370 2560 1444 ὧφθαί
2612 1390 2744 1443 φησι
2788 1375 2900 1436 τοῖς
2947 1371 3237 1442 πατράσιν,
3288 1367 3516 1439 ζητήσαι
3559 1370 3627 1422 ἄν
3669 1385 3757 1430 τις

2183 1468 2422 1531 εἰκότως.
2457 1466 2655 1536 Λυθείη
2677 1465 2720 1518 δ’
2748 1464 2813 1519 ἂν
2835 1465 2894 1516 τὸ
2921 1462 3173 1533 ζητηθέν,
3199 1462 3247 1513 εί
3279 1463 3346 1531 τῇ
3374 1459 3625 1531 ἀκριϐείᾳ
3651 1459 3758 1528 τῆς

2182 1561 2331 1623 θείας
2385 1559 2606 1630 Γραφῆς
2660 1558 3074 1627 ὲπιστήσαιμεν.
3123 1539 3427 1622 Λεγομένὸυ
3477 1551 3582 1622 γάρ
3638 1553 3754 1614 τοῖς

2196 1651 2591 1722 Ἐϐδομήκοντα
2624 1649 2741 1712 τοῦ,
2779 1667 2797 1699 ι
2827 1648 2938 1700 Καὶ
2961 1644 3148 1716 ὤφθην
3181 1644 3313 1715 πρὸς
3345 1641 3611 1713 Ἀϐραάμ,
3654 1641 3754 1694 καὶ

2195 1744 2396 1807 Ἰσαὰκ,
2426 1745 2519 1796 καὶ
2556 1739 2769 1804 Ἰακὼϐ,
2795 1724 2933 1802 Θεὸς
2955 1737 3130 1791 αὐτῶν
3158 1736 3250 1799 ῶν,
3285 1755 3304 1786 ι
3339 1735 3367 1786 6
3393 1734 3486 1805 μὲν
3525 1732 3754 1796 Ἀκύλας

517 1857 623 1910 sit:
665 1872 686 1906 ι
727 1854 792 1906 Et
814 1852 962 1906 visus
992 1867 1112 1906 sum
1143 1849 1210 1903 ab
1244 1848 1537 1914 Abraham,
1565 1857 1618 1902 et
1653 1846 1837 1911 Isaac,
1887 1856 1941 1900 et
1988 1846 2080 1900 Ja-

2187 1836 2317 1906 φησί
2337 1852 2381 1886 ’ί
2418 1835 2527 1888 Καὶ
2549 1832 2766 1903 ὼράθην
2793 1831 2927 1903 πρὸς
2965 1828 3233 1900 Ἀϐραὰμ,
3263 1826 3509 1896 καὶπρὸς
3545 1824 3750 1889 Ἰσαὰκ,

515 1949 640 2015 cob,
672 1961 794 2001 cum
818 1960 1005 2000 eorum
1039 1943 1143 1998 sim
1177 1941 1354 2006 Deus,
1411 1959 1430 1993 ι
1487 1941 1707 2010 Aquila‘
1730 1940 1946 2010 quidem
2003 1939 2082 1995 sic

516 2041 635 2091 ait:
676 2057 692 2088 ι
733 2035 798 2089 Et
827 2035 978 2090 visus
1039 2047 1160 2087 sum
1224 2032 1292 2086 ab
1361 2031 1671 2098 Abraham,
1725 2038 1779 2085 et
1812 2031 1879 2085 ab
1908 2029 2078 2094 Isaac,

513 2135 569 2182 et
597 2127 664 2182 ab
692 2123 862 2180 Jacob
894 2124 951 2178 in
996 2122 1108 2177 Deo
1153 2122 1287 2177 satis
1326 2123 1531 2184 multo,
1597 2139 1616 2173 ι
1656 2119 1855 2190 quibus
1903 2120 2082 2174 verbis

516 2219 832 2289 planissime
864 2216 1090 2278 indicat,
1122 2230 1231 2268 non
1259 2213 1436 2284 ipsum
1467 2212 1618 2266 illum
1651 2212 1741 2281 qui
1780 2210 1941 2266 Pater
1975 2219 2078 2276 est,

515 2326 610 2381 per
632 2309 870 2379 seipsum
900 2305 1240 2376 apparuisse.
1273 2303 1457 2374 Neque
1489 2319 1618 2359 vero
1649 2305 1791 2358 sicut
1824 2302 1980 2367 Mosi,
2009 2305 2083 2358 ita

513 2403 677 2456 etiam
705 2401 950 2471 patribus
989 2414 1083 2468 per
1113 2397 1387 2468 angelum,
1425 2403 1519 2450 aut
1576 2411 1673 2466 per
1703 2395 1900 2450 rubum
1925 2435 1940 2458 ,
1991 2403 2082 2448 aut

515 2494 716 2563 ignem,
750 2490 846 2547 sed
888 2491 941 2544 in
971 2490 1080 2545 Deo
1111 2490 1246 2546 satis
1277 2489 1450 2543 multo
1499 2488 1722 2542 oracula
1755 2488 2078 2556 praebuisse.

515 2584 694 2651 Quare
716 2582 880 2636 etiam
925 2581 1169 2650 patribus
1217 2596 1311 2650 per
1359 2580 1554 2634 Filium
1599 2581 1748 2634 visus
1775 2587 1858 2634 est
1901 2578 2082 2644 Pater,

515 2671 972 2745 quemadmodum
1010 2669 1067 2725 in
1097 2670 1404 2742 Evangeliis
1435 2671 1508 2725 ab
1532 2671 1651 2740 ipso
1679 2669 1884 2726 dictum
1917 2669 2084 2724 habe-

517 2774 607 2818 ιιιι·
634 2763 676 2794 ⁸⁷
713 2781 726 2816 ;
761 2779 780 2812 ι
819 2762 922 2827 Qui
965 2761 1096 2816 vidit
1151 2776 1264 2824 me,
1317 2760 1451 2816 vidit
1499 2759 1758 2814 Patrem:
1812 2779 1830 2810 ι
1871 2760 1924 2813 in
1966 2760 2084 2829 ipso

517 2855 660 2910 enim
682 2863 737 2910 et
765 2869 859 2924 per
888 2853 1064 2923 ipsum
1102 2851 1284 2906 Patris
1319 2851 1555 2920 cognitio
1599 2850 1945 2921 prodebatur.
1978 2850 2083 2905 Sed

516 2963 638 3001 cum
692 2945 1004 3000 hominibus
1046 2943 1302 2998 salutaris
1339 2952 1654 3011 appareret,
1720 2949 1833 2996 tum
1865 2958 1959 3013 per
1989 2942 2079 2997 lilii

516 3039 808 3094 humanam
845 3035 1072 3092 formam
1103 3035 1386 3089 videbatur
1436 3048 1467 3086 a
1502 3033 1595 3088 Dei
1645 3035 1870 3097 amicis,
1923 3041 2083 3106 atque

517 3133 660 3188 inter
689 3131 934 3186 homines
968 3128 1203 3181 futuram
1268 3125 1441 3195 ipsius
1502 3125 1730 3180 salutem
1758 3169 1772 3192 ,
1830 3126 2083 3182 omnibus

518 3227 860 3293 praesentem,
895 3233 961 3273 ex
1009 3217 1100 3272 illo
1134 3215 1288 3286 quasi
1318 3213 1533 3268 arrbam
1568 3221 1620 3268 et
1642 3215 1832 3285 pignus
1865 3215 2084 3270 exhibeo

518 3314 629 3368 bat.
672 3311 808 3366 Cum
860 3323 990 3364 vero
1031 3309 1322 3378 impiorum
1375 3306 1556 3368 ultor,
1617 3314 1670 3360 et
1702 3305 2081 3377 Egyptiorum

517 3405 808 3476 castigator
838 3402 1054 3457 futurus
1081 3411 1243 3466 esset,
1298 3415 1406 3453 non
1439 3399 1672 3468 amplius
1703 3399 1758 3453 in
1791 3398 1899 3453 Deo
1949 3401 2083 3456 satis

518 3499 722 3563 multo,
764 3496 858 3552 sed
888 3496 944 3549 in
973 3493 1162 3565 angelo
1195 3491 1444 3562 supplicii
1497 3491 1765 3554 ministro,
1790 3498 1844 3546 et
1875 3492 1928 3546 in
1961 3507 2084 3562 spe-

517 3592 600 3648 cie
625 3590 785 3660 ignis,
816 3595 869 3643 et
919 3586 1179 3651 ﬂammae,
1231 3601 1350 3655 qua:
1393 3583 1504 3638 cito
1533 3583 1707 3638 instar
1736 3585 1967 3654 agrestis
2018 3600 2084 3639 ac

519 3684 802 3738 senticosae
836 3680 1077 3735 materiae
1108 3679 1230 3734 illos
1274 3684 1390 3733 erat
1433 3678 1759 3730 devoratura
1784 3713 1800 3739 ,
1853 3691 2084 3746 appare-

517 3777 628 3832 bat.
665 3775 861 3830 Dicunt
911 3773 1077 3845 igitur
1123 3787 1219 3842 per
1271 3770 1468 3825 rubum
1514 3769 1732 3840 quidem
1787 3769 2083 3839 signiﬁcari

2183 1930 2274 1983 καὶ
2300 1929 2433 1999 πρὸς
2463 1927 2650 1981 Ἰακὼϐ
2681 1929 2736 1979 ὲν
2763 1925 2880 1996 Θεῷ
2912 1923 3080 1993 ἱκανῷ
3099 1940 3111 1952 °
3146 1943 3163 1974 ι
3189 1923 3252 1974 δι’
3275 1915 3348 1974 ὧν
3400 1918 3586 1989 σαφῶς
3615 1937 3756 1992 παρ-

2186 2021 2413 2092 ίστησιν,
2441 2023 2520 2074 ὅτι
2550 2021 2623 2091 μὴ
2653 2020 2813 2082 αὐτὸς
2833 2021 2860 2072 6
2886 2018 2977 2070 ἐπὶ
3013 2016 3228 2068 πάντων
3252 2013 3404 2075 Θεὸς,
3431 2015 3458 2064 6
3487 2010 3750 2080 μόνοςῶν,

2181 2113 2248 2166 δι’
2278 2112 2467 2165 ἑαυτοῦ
2493 2110 2668 2181 ῶφθη.
2709 2109 2846 2162 Ἀλλ’
2881 2108 2987 2161 οὐδ’
3031 2106 3218 2175 ὥσπερ
3261 2103 3338 2173 τῷ
3370 2104 3579 2166 Μωσεῖ,
3611 2101 3751 2154 οὕτω

2183 2207 2276 2260 καὶ
2301 2208 2412 2268 τοῖς
2447 2205 2704 2275 πατράσι,
2735 2204 2800 2256 δι’
2833 2201 3090 2270 ἀγγέλου,
3120 2200 3152 2271 ἢ
3187 2199 3273 2251 διὰ
3299 2197 3481 2267 βάτου,
3503 2196 3534 2265 ἥ
3559 2193 3741 2265 πυρὸς,

2182 2300 2296 2354 ἀλλ’
2325 2302 2381 2352 ἐν
2410 2296 2528 2366 Θεῷ
2555 2294 2721 2365 ἱκανῷ
2749 2293 3139 2366 χρηματίζοντι
3160 2307 3174 2320 °
3215 2290 3356 2342 ῶστε
3382 2287 3468 2340 διὰ
3488 2284 3580 2338 τοῦ
3611 2282 3740 2338 Υίοῦ

2183 2392 2398 2460 Πατέρα
2425 2392 2516 2443 καὶ
2564 2391 2673 2450 τοῖς
2704 2387 2972 2458 πατράσιν
3023 2382 3316 2454 ἑωρᾶσθαι,
3341 2381 3482 2435 κατά
3517 2379 3577 2432 τὸ
3599 2379 3742 2448 εὶρηο·

2187 2485 2342 2555 μένον
2368 2486 2424 2536 ἐν
2454 2480 2800 2549 Εύαγγελίοις
2829 2478 2964 2549 πρὸς
2993 2475 3156 2529 αὐτοῦ
3177 2493 3188 2503 ·
3229 2493 3248 2525 ι
3295 2475 3353 2527 '0
3375 2470 3631 2543 ἑωρακὼς
3652 2467 3751 2538 ἐμὲ

2183 2577 2394 2646 ἑώρακε
2437 2576 2525 2628 τὸν
2562 2573 2799 2644 Πατέρα’
2829 2590 2847 2622 ι
2879 2572 2936 2622 ὲν
2967 2569 3112 2638 αύτῷ
3143 2568 3250 2639 γάρ
3292 2567 3385 2620 καὶ
3417 2565 3484 2618 δι’
3526 2560 3687 2640 αὑτοῦ
3721 2561 3753 2630 ἡ

2182 2669 2275 2724 τοῦ
2332 2669 2541 2740 Πατρὸς
2598 2663 3008 2720 ἀπεκαλύπτετο
3070 2661 3288 2730 γνῶσις.
3347 2657 3486 2710 Ἀλλ’
3530 2658 3616 2708 ὅτε
3657 2654 3755 2725 μὲν

2184 2759 2480 2830 ἀνθρώπων
2520 2759 2783 2828 σωτήριος
2809 2753 3134 2822 ἀπεφαίνετο
3157 2750 3251 2822 (1),
3272 2746 3360 2802 διὰ
3391 2748 3489 2817 τῆς
3507 2744 3600 2798 τοῦ
3625 2742 3754 2796 Υίοῦ

2183 2850 2523 2922 ἀνθρωπείας
2567 2848 2779 2920 μορφῆς
2817 2848 3042 2917 ἑωρᾶτο,
3075 2847 3182 2907 τοῖς
3224 2840 3491 2908 θεοφιλέσι
3534 2835 3632 2906 τὴν
3669 2835 3752 2897 είς

2185 2943 2499 3015 ἀνθρώπους
2530 2942 2694 2995 αὑτοῦ
2724 2939 2984 3010 ἐσομένην
3011 2935 3277 3006 σωτηρίαν
3304 2935 3413 2994 τοῖς
3446 2930 3578 2982 πᾶσι
3607 2941 3749 2995 παρ-

2184 3034 2350 3088 οῦσαν
2385 3033 2443 3100 ἐξ
2489 3032 2696 3085 ἐκείνου
2742 3026 3365 3101 προαρῤαϐωνιζὸμενος.
3416 3024 3540 3075 Ὅτε
3563 3019 3619 3072 δὲ
3643 3017 3754 3070 τῶν

2112 3153 2154 3210 C
2187 3123 2397 3179 ἀσεϐῶν
2425 3121 2686 3194 τιμωρὸς,
2714 3122 2807 3174 καὶ
2838 3117 3101 3188 κολαστὴς
3131 3115 3238 3169 τῶν
3266 3113 3572 3181 Αἰγυπτίων
3599 3108 3753 3180 ἐμελ-

2187 3219 2276 3270 λεν
2311 3215 2547 3278 ἔσεσθαι,
2587 3213 2772 3266 οὐκέτι
2814 3213 2871 3265 ὲν
2918 3209 3036 3279 Θεῷ
3071 3207 3258 3276 ἱκανῷ,
3287 3204 3400 3259 ἀλλ’
3447 3205 3504 3255 ὲν
3538 3199 3754 3270 ἀγγέλῳ

2185 3313 2412 3380 διακόνῳ
2459 3310 2559 3380 τῆς
2611 3307 2874 3379 τιμωρίας
2905 3307 2997 3359 καὶ
3049 3304 3107 3355 ὲν
3151 3301 3278 3354 εῖδει
3313 3299 3503 3370 πυρὸς,
3535 3293 3752 3364 καὶτῆς

2185 3407 2306 3458 ὅσον
2327 3402 2476 3456 οὔπω
2510 3400 2805 3471 μελλούσης
2827 3398 3018 3459 αὐτοὺς
3049 3396 3203 3464 δίκην
3237 3391 3431 3464 ἀγρίας
3461 3389 3554 3441 καὶ
3589 3389 3754 3438 ἀκαν-

2187 3495 2385 3558 θώδους
2419 3493 2550 3563 ὕλης
2569 3490 2872 3545 κατεσθίειν
2903 3487 3095 3556 φλογὸς
3120 3483 3502 3556 παρεφαίνετο.
3521 3477 3758 3531 Αίνίττε-

2189 3586 2312 3640 σθαι
2327 3583 2417 3638 οὖν
2440 3601 2567 3652 φασι
2577 3583 2676 3652 τὴν
2696 3582 2792 3652 μὲν
2807 3580 2986 3650 βάτον,
2999 3579 3097 3648 τὴν
3117 3576 3222 3630 τῶν
3235 3571 3543 3641 Αἰγυπτίων
3560 3567 3759 3638 ἀγρίαν

2190 3681 2281 3733 καὶ
2299 3677 2479 3749 ἀπηνῆ
2497 3677 2588 3730 καὶ
2605 3676 2871 3745 ἀνήμερον
2894 3669 3210 3742 μοχθηρίαν·
3232 3669 3292 3720 τὸ
3313 3667 3370 3719 δὲ
3387 3663 3516 3736 πῦρ,
3533 3662 3628 3731 τὴν
3643 3659 3759 3711 δια-

2189 3769 2446 3824 λωϐῶσαν
2466 3769 2660 3829 αὐτοὺς
2702 3763 2942 3835 τιμωρὸν
2967 3762 3058 3814 καὶ
3109 3757 3464 3828 κολαστήριον
3501 3751 3752 3820 δύναμιν.

518 3870 897 3944 Egyptiorum
934 3873 1202 3938 agrestem
1241 3873 1296 3920 et
1323 3865 1582 3921 immitem
1611 3872 1666 3922 et
1703 3864 1870 3919 feram
1905 3868 2249 3936 pravitatem,
2281 3883 2376 3938 per
2405 3867 2582 3936 ignem
2632 3875 2762 3916 vero
2812 3861 2920 3914 vim
2975 3859 3118 3911 illam
3168 3853 3522 3908 ulciscentem
3569 3854 3621 3902 et
3658 3860 3753 3901 ca-

518 3966 802 4036 stigantem
830 3977 951 4034 quae
978 3963 1100 4015 illos
1137 3960 1353 4014 invasit.

990 4055 1147 4128 κω
1184 4051 1414 4108 CAPUT
1449 4051 1590 4106 xtv.

520 4149 670 4218 Quod
728 4147 1162 4219 quemadmodum
1202 4143 1440 4219 patribus
1495 4144 1726 4219 humana
1769 4147 2080 4219 forma,__sic

591 4221 644 4273 in
669 4214 835 4288 specie
861 4217 1011 4271 nubis
1045 4214 1244 4286 Moysi,
1275 4222 1322 4267 et
1347 4222 1532 4266 cuncto
1561 4215 1754 4283 populo
1784 4216 1922 4271 Deus
1957 4216 2081 4272 Ver-

589 4291 710 4342 bum
733 4290 1002 4356 apparuit.

586 4403 760 4458 «Dixit
787 4410 967 4458 autem
988 4400 1254 4455 Dominus
1281 4398 1347 4452 ad
1375 4397 1611 4454 Mosem:
1645 4398 1784 4456 Ecce
1804 4417 1903 4472 ego
1925 4404 2082 4456 venio

2705 4039 3097 4102 ΚΕΦΑΛΛῘΟΝ
3138 4039 3212 4091 ΙΔ¹

2189 4148 2288 4211 Ὠς
2316 4142 2578 4208 καθάπερ
2607 4137 2729 4211 τοῖς
2771 4131 3069 4211 {tarpeiam
3090 4131 3172 4211 Δἐν
3201 4126 3547 4211 examen?
3594 4124 3747 4211 axis.

2649 4191 2721 4284 et;
2747 4191 2902 4284 εῖᾷεῖ
2926 4201 3188 4284 νεφέλης
3225 4191 3428 4252 Μώσεῐ
3447 4191 3542 4251 καὶ
3568 4191 3745 4247 παν-τι

2250 4271 2329 4352 Ϊτῴ
2359 4271 2484 4347 λαῷ
2512 4284 2543 4334 ό
2575 4271 2717 4342 Θεὸς
2748 4278 2938 4344 Λόγος
2969 4271 3259 4340 ἐφαίνετο.

2258 4417 2277 4449 ‹
2319 4391 2452 4449 Εἷπε
2492 4393 2548 4444 δὲ
2587 4390 2789 4462 Κύριος
2837 4386 2971 4457 πρὸς
3009 4382 3232 4451 Μωσῆψ
3271 4379 3398 4434 Ἰδοὺ
3427 4375 3534 4445 ἐγὼ
3574 4392 3749 4446 παρα-

517 4497 583 4550 ad
618 4504 672 4550 te
700 4496 756 4550 in
787 4497 1040 4550 columna
1075 4491 1264 4555 nubis,
1305 4498 1365 4546 ut
1394 4489 1582 4544 audiat
1615 4464 1864 4562 populus'
1878 4508 1963 4548 me
1999 4493 2078 4547 lo-

2182 4489 2398 4556 γίνομαι
2452 4483 2585 4560 πρὸς
2627 4479 2686 4532 σὲ
2719 4479 2776 4532 ὲν
2816 4475 2990 4544 στύλῳ
3033 4468 3285 4542 νεφέλης,
3327 4468 3412 4520 ἵνα
3476 4464 3680 4534 ἀκούσῃ
3719 4466 3751 4516 6

515 4598 765 4661 quentem
793 4587 861 4641 ad
893 4596 965 4650 te,
1003 4595 1059 4642 et
1083 4585 1184 4640 tibi
1209 4585 1433 4640 credant
1458 4583 1532 4651 ⁸⁸;
1571 4601 1590 4636 ι
1617 4592 1671 4638 et
1698 4599 1818 4654 qua:
1843 4599 2080 4654 sequun-

515 4691 605 4736 tur
637 4700 650 4736 :
682 4699 700 4732 ι
737 4678 880 4734 Deus
909 4687 1089 4734 autem
1119 4676 1471 4732 antecedebat
1500 4690 1594 4730 eos
1621 4674 1708 4729 die
1742 4676 1799 4730 in
1826 4676 2079 4730 columna

513 4773 676 4828 nubis
704 4773 758 4826 in
783 4771 888 4833 via,
913 4777 1078 4825 noctu
1104 4782 1232 4824 vero
1254 4766 1311 4821 in
1336 4766 1591 4822 columna
1623 4765 1765 4835 ignis
1789 4773 1848 4818 ut
1877 4766 2080 4821 luceret

513 4865 591 4921 eis
612 4867 678 4920 ⁶⁹.
708 4884 726 4917 ι
751 4863 815 4917 Et
842 4879 1066 4920 rursus:
1093 4881 1112 4914 ι
1142 4859 1432 4918 Descendit
1453 4857 1718 4914 Dominus
1749 4857 1803 4911 in
1827 4858 2079 4911 columna

510 4958 672 5014 nubis
699 4958 766 5010 ’⁸.
798 4975 818 5009 ›
849 4955 914 5009 Ει
936 4971 1166 5011 rursus:
1204 4973 1223 5006 ι
1251 4953 1387 5010 Cum
1415 4961 1594 5007 autem
1624 4953 1904 5021 ingressus
1930 4959 2075 5004 esset

511 5046 688 5102 Moses
715 5046 771 5100 in
797 5045 1236 5110 tabernaculum,
1269 5040 1553 5098 descendit
1592 5042 1846 5096 columna
1889 5040 2071 5102 nubis,

508 5149 562 5193 et
587 5141 738 5194 stetit
763 5140 818 5192 in
843 5136 1052 5192 foribus
1081 5135 1421 5190 tabernaculi
1451 5173 1466 5198 ,
1511 5141 1564 5188 et
1592 5133 1919 5202 loquebatur
1946 5145 2070 5184 cum

511 5228 678 5296 Mose,
715 5237 769 5284 et
809 5229 1062 5285 cernebat
1099 5227 1279 5281 omnis
1305 5225 1538 5296 populus
1568 5226 1878 5280 columnam
1911 5221 2072 5275 nubis

510 5329 744 5377 stantem
773 5322 828 5374 in
868 5318 1082 5375 foribus
1125 5317 1490 5383 tabernaculi,
1530 5323 1586 5370 et
1627 5322 1858 5370 stantem
1891 5312 2068 5366 omnis

509 5414 742 5484 populus
783 5412 1172 5475 adoraverunt,
1221 5409 1602 5478 unusquisque
1655 5422 1686 5460 a
1729 5405 1939 5460 foribus
1983 5403 2070 5456 sui

509 5504 844 5558 tabernaculi
871 5505 936 5557 ἰ.
979 5523 996 5556 ι
1033 5502 1274 5572 Populus
1319 5500 1541 5573 quidem
1574 5495 1830 5552 cernebat
1863 5493 2070 5546 colum-

512 5611 635 5651 nam
678 5597 840 5650 nubis
884 5597 988 5650 hoc
1020 5598 1160 5660 loco,
1204 5611 1329 5650 cum
1357 5593 1507 5648 Mose
1551 5605 1683 5647 vero
1723 5587 2066 5659 loquebatur.

578 5711 623 5742 "’
650 5711 807 5764 Joan.
841 5727 949 5774 xiv,
983 5712 1035 5763 9.
1112 5712 1155 5742 ⁸⁸
1186 5710 1354 5765 Exod.
1381 5725 1494 5775 XIX,
1551 5707 1605 5762 9.
1681 5706 1725 5736 ⁸³
1761 5703 1929 5758 Exod.
1959 5716 2081 5765 xm,
2105 5699 2197 5757 21.

581 5807 658 5879 (t)
703 5802 1102 5872 Ἀπεφαίνετα
1137 5803 1297 5859 Forte
1325 5801 1664 5870 ἐπεφαίνετο.
1709 5797 1862 5852 Em'r.

2176 4579 2301 4639 λαὸς
2325 4556 2609 4634 λαλοῦντός
2636 4589 2736 4642 μου
2762 4568 2897 4640 πρὸς
2915 4568 2993 4628 σὲ,
3020 4565 3111 4618 καί
3143 4581 3222 4615 σοι
3252 4558 3579 4614 πιστεύσωσι
3599 4573 3612 4586 ·
3629 4554 3752 4608 »καὶ

2176 4667 2302 4735 ἑξῆς
2327 4683 2338 4696 ’
2390 4684 2408 4716 ι
2447 4665 2504 4717 '0
2544 4663 2599 4715 δὲ
2640 4662 2772 4724 Θεὸς
2833 4662 3014 4731 ἡγεῖτο
3055 4655 3232 4708 αὐτῶν
3283 4652 3496 4724 ἡμέρας
3547 4649 3664 4718 μὲν,
3695 4647 3751 4697 ὲν

2179 4755 2352 4825 στύλῳ
2374 4753 2620 4822 νεφέλης,
2651 4750 2814 4814 δεῖξαι
2843 4749 3024 4809 αὐτοῖς
3057 4745 3155 4815 τὴν
3179 4743 3321 4796 ὁδόνο
3351 4745 3446 4810 τὴν
3475 4737 3532 4791 δὲ
3563 4737 3748 4799 νύκτα,

2175 4849 2231 4900 ὲν
2277 4846 2452 4916 στύλῳ
2498 4842 2696 4913 πυρὸς,
2739 4840 2832 4893 τοῦ
2871 4838 3079 4910 φαίνειν
3121 4835 3321 4897 αὐτοῖς.
3349 4852 3367 4884 ›
3407 4831 3517 4884 Καὶ
3558 4827 3748 4880 πάλιν·

2188 4959 2204 4990 ι
2249 4915 2469 5007 Κατέϐη
2510 4935 2712 5004 Κύριος
2755 4934 2812 4985 ἐν
2863 4929 3035 4998 στύλῳ
3076 4926 3322 4995 νεφέλης.
3351 4943 3368 4975 ι
3410 4922 3520 4975 Καὶ
3565 4915 3747 4980 αὖθις·

2188 5047 2205 5079 ι
2250 5029 2439 5082 Ἡνίκα
2470 5029 2513 5079 δ’
2556 5026 2620 5079 ἂν
2649 5021 2858 5093 εἰσῆλθε
2902 5018 3106 5088 Μωσῆς
3139 5018 3217 5078 εἰς
3249 5016 3346 5084 τὴν
3369 5011 3592 5081 σκηνὴν,
3621 5023 3752 5061 κατι

2181 5119 2389 5172 έϐαινεν
2435 5122 2464 5171 ὁ
2511 5116 2698 5178 στῦλος
2741 5114 2840 5182 τῆς
2877 5109 3136 5179 νεφέλης,
3175 5106 3268 5159 καὶ
3295 5105 3478 5155 ἵστατο
3515 5099 3608 5152 ἐπὶ⁵
3655 5097 3754 5158 τὰς

2181 5211 2348 5283 θύρας
2374 5211 2472 5281 τῆς
2506 5207 2729 5279 σκηνῆς,
2780 5206 2872 5258 καὶ
2911 5202 3088 5256 ἐλάλει
3133 5199 3208 5270 τῷ
3238 5197 3444 5257 Μωσεί,
3482 5191 3575 5246 καὶ
3606 5188 3752 5283 ἑώρα

2170 5280 2278 5368 πᾶς
2313 5307 2342 5356 6
2365 5280 2490 5366 λαὸς
2525 5301 2616 5353 τὸν
2647 5299 2835 5352 στῦλον
2872 5296 2973 5365 τῆς
3007 5293 3234 5361 νεφέλης
3264 5287 3473 5341 ἑστῶτα
3513 5283 3606 5336 ἐπὶ
3639 5280 3749 5333 τῶν

2171 5395 2350 5468 θυρῶν
2390 5395 2490 5464 τῆς
2532 5393 2764 5464 σκηνῆς·
2818 5391 2911 5442 καὶ
2937 5389 3159 5448 στάντες
3207 5383 3314 5445 πᾶς
3356 5383 3385 5433 6
3424 5376 3552 5438 λαὸς
3586 5390 3752 5468 προσ-

2176 5490 2463 5559 εκύνησαν,
2489 5486 2716 5547 ἕκαστος
2739 5483 2845 5536 ἀπὸ
2863 5483 2959 5553 τῆς
2985 5479 3152 5550 θύρας
3179 5476 3276 5544 τῆς
3299 5470 3502 5542 σκηνῆς
3530 5465 3746 5521 αὑτοῦ.)

2186 5585 2240 5636 '0
2269 5584 2366 5653 μὲν
2403 5576 2494 5635 οὖν
2523 5580 2649 5641 λαὸς
2681 5576 2825 5647 ἐώρα
2865 5575 2954 5628 τὸν
2986 5571 3173 5626 στῦλον
3202 5571 3299 5638 τῆς
3333 5562 3582 5635 νεφέλης,
3618 5559 3750 5616 Μω-

2284 5699 2331 5731 "
2367 5695 2527 5752 Num.
2566 5711 2663 5762 xu,
2698 5694 2749 5747 5.
2828 5693 2870 5724 “
2907 5689 3076 5744 Exod.
3113 5701 3308 5750 xum,
3341 5679 3508 5748 9,1θ.
