4110 6416
401 346 506 403 593

1308 336 1961 395 DEMONSTRATIONIS
1999 331 2456 390 EVANGEIJCE
2495 331 2623 387 LIB.
2666 331 2729 388 V.

3539 333 3646 389 394

404 464 489 516 σεξ
513 462 558 517 δ’
581 461 779 517 ἐλάλει.
810 461 905 525 Τίς
931 461 975 515 δ’
1002 459 1179 514 ἐλάλει
1200 499 1214 523 ,
1243 460 1277 531 ἢ
1315 458 1558 530 δηλονότι
1584 461 1614 512 ό
1652 458 1840 521 στῦλος
1876 458 1975 527 τῆς

2088 453 2214 520 Quis
2243 468 2402 523 porro
2445 449 2812 523 loquebatur?
2845 450 3101 505 columna
3153 450 3316 506 nubis
3368 451 3646 517 videlicet,

407 553 650 623 νεφέλης,
680 554 708 606 6
730 552 988 624 πρότερον
1015 554 1127 613 τοῖς
1150 550 1423 621 πατράσιν
1447 551 1506 602 ὲν
1541 548 1828 619 ἀνθρώπου
1869 564 1974 617 φα-

405 645 515 707 νεὶς
542 645 809 716 σχήματι;
844 644 1326 716 Προαποδέδεικται
1357 643 1435 705 δὲ,
1460 644 1543 696 ὅτι
1573 642 1646 713 μὴ
1673 642 1702 693 6
1727 641 1818 693 ἐπὶ
1841 640 1978 692 πάν-

406 750 514 788 των
542 734 672 798 Θεὸς
702 728 853 799 οὗτος
884 732 971 807 ἦν,
1003 734 1189 806 ἕτερος
1214 733 1293 800 δὲ,
1330 733 1387 786 ὃν
1415 731 1552 785 Θεοῦ
1591 731 1760 799 Λόγον
1799 730 1978 801 ὑπάρ-

406 841 569 896 χοντα
601 826 832 897 Χριστὸν
878 828 1039 897 ἡμεῖς
1079 822 1557 895 προσαγορεύομεν
1578 839 1591 852 ·
1635 820 1696 885 ὃς
1724 822 1819 873 καὶ
1855 821 1977 874 τότε

407 915 500 969 τοῦ
540 916 773 989 πλήθους
804 917 988 971 ἕνεκεν
1019 917 1208 970 Μωσεϊ
1242 933 1302 967 τε
1361 914 1508 985 αὐτῷ
1537 914 1630 966 καὶ
1656 912 1733 983 τῷ
1767 912 1881 982 λαῴ
1921 914 1979 966 ὲν

410 1007 583 1078 στόλῳ
619 1008 845 1078 νεφέλης
872 1006 1185 1077 ἐθεωρεῖτο,
1211 1004 1300 1058 διὰ
1325 1004 1385 1058 τὸ
1424 1005 1497 1075 μὴ
1541 1006 1738 1075 χωρεῖν
1781 1004 1980 1066 αὐτοὺς

407 1097 604 1169 ὁμοίως
641 1101 755 1162 τοῖς
806 1099 1079 1170 πατράσιν
1116 1098 1173 1149 ὲν
1219 1094 1508 1165 ἀνθρώπου
1561 1096 1798 1165 σχήματι
1847 1094 1981 1163 όρᾷν

406 1189 588 1244 αὐτόν.
616 1191 846 1244 Τελείων
893 1191 1002 1260 γάρ
1025 1207 1078 1242 τι
1115 1185 1183 1261 ἦν
1210 1188 1272 1241 τὸ
1312 1189 1548 1260 προορᾷν
1581 1185 1838 1240 δύνασθαι
1880 1185 1983 1255 τὴν

409 1280 704 1350 μέλλουσαν
755 1280 972 1334 ἔσεσθαί
1032 1297 1163 1333 ποτε
1218 1281 1300 1343 εἰς
1348 1277 1671 1351 ἀνθρώπους
1721 1276 1982 1348 ἔνσαρκον

406 1374 727 1445 ἐπιφάνειαν
759 1374 947 1437 αὑτοῦ,
982 1375 1070 1442 ἠν,
1105 1373 1226 1425 ἐπεὶ
1275 1372 1408 1443 μηδὲ
1438 1373 1558 1425 τότε
1607 1367 1718 1434 οἷός
1752 1387 1811 1423 τε
1851 1365 1919 1440 ἦν
1953 1370 1982 1422 ό

406 1465 515 1528 πᾶς
540 1463 671 1527 λαὸς
705 1468 925 1536 χωρεῖν,
956 1465 1177 1526 εἰκότως
1203 1464 1324 1516 τοτὲ
1352 1464 1448 1534 μὲν
1478 1465 1662 1526 αὐτοῖς
1683 1460 1772 1516 διὰ
1786 1458 1981 1531 πυρὸς,

407 1552 571 1620 φόϐου
596 1553 757 1623 χάριν
786 1554 879 1606 xal
916 1552 1338 1622 καταπλήξεως,
1372 1552 1493 1605 τοτὲ
1520 1552 1575 1605 δὲ
1615 1550 1704 1605 διὰ
1733 1549 1979 1620 νεφέλης,

406 1643 556 1698 ὦσαν
580 1646 1025 1716 ὲπεσκιασμένως
1072 1647 1164 1699 καὶ
1206 1644 1633 1715 κεκαλυμμένως
1681 1642 1984 1715 νομοθετῶν

407 1736 626 1803 αὐτοὺς,
654 1737 846 1810 ὁρῷτο,
869 1738 1067 1810 ὁμοίως
1096 1737 1152 1791 δὲ
1216 1737 1309 1790 καὶ
1338 1736 1416 1807 τῷ
1456 1739 1645 1793 Μωσεῖ
1669 1736 1735 1790 δι’
1764 1735 1978 1798 αὐτούς.

928 2028 1326 2082 ΚΕΦΑΛΔΙΟΝ
1364 2029 1463 2083 ῙΕ’.

407 2138 538 2197 Ὀτι
564 2142 719 2213 μηδὲ
758 2142 1045 2212 dryadas?)
1098 2143 1284 2213 φύσις
1305 2138 1384 2213 ἦν
1414 2141 1571 2213 ήλτῷ
1608 2143 1811 2198 Μωσεῖ
1838 2162 1981 2212 χρη-

467 2209 815 2339 ὕαὲίζουσα,
844 2209 1139 2281 ’κρείττωο
1197 2211 1267 2265 δέ
1308 2209 1400 2280 τις
1443 2209 1592 2285 ’ἦνῆ
1643 2216 1771 2267 κατ’
1816 2209 1985 2284 ἅγγε-

518 2300 607 2336 ον.

477 2398 497 2429 ε
527 2374 662 2432 Εἶπε
699 2380 932 2451 Κύριοςο
973 2378 1102 2432 Ἰδοὺ
1157 2375 1269 2445 ἐγὼ
1300 2377 1614 2431 ἀποστέλλω
1637 2377 1728 2432 τὸν
1757 2378 1985 2448 ἄγγελόν

404 2486 507 2540 μου
542 2469 646 2541 πρὸ
675 2469 970 2541 προσώπου
1012 2486 1136 2540 μου,
1181 2469 1268 2521 ἵνα
1303 2468 1513 2541 φυλάξῃ
1546 2486 1605 2522 σε
1653 2470 1712 2522 ὲν
1739 2473 1806 2541 τῇ
1859 2469 1984 2540 ὁδῷ,

400 2561 549 2625 ὅπως
569 2560 841 2633 εἰσαγάγῃ
860 2577 918 2614 σε
940 2562 1021 2624 εἰς
1041 2560 1139 2631 τὴν
1164 2560 1289 2631 γῆν,
1307 2560 1374 2630 ἢν
1396 2560 1668 2630 ἡτοίμασά
1692 2577 1792 2613 σοι.
1812 2561 1989 2633 Πρόσ-

2080 561 2205 600 cum
2241 545 2383 600 idem
2430 544 2571 600 Deus
2600 555 2761 598 antea
2808 543 3056 612 patribus
3093 543 3151 596 in
3191 543 3429 597 hominis
3472 541 3650 598 forrua

2080 638 2443 707 apparuisset.
2503 635 2678 707 Supra
2730 650 2859 690 vero
2902 635 3016 705 jam
3058 633 3491 690 demonstratum
3541 643 3648 697 est,

2081 728 2226 798 quod
2257 744 2365 781 non
2403 727 2564 781 Pater
2588 728 2726 781 Deus
2747 727 2836 780 hie
2857 734 3025 790 esset,
3053 727 3133 782 sic
3156 726 3318 792 alter,
3339 742 3500 797 quem
3522 741 3650 786 nos.

2079 835 2204 873 cum
2252 818 2345 874 Dei
2389 819 2463 873 sit
2503 816 2767 883 Verbum,
2801 818 3079 873 Christum
3122 833 3526 888 nuncupamus,
3554 817 3651 887 qui

2081 915 2212 962 tunc
2237 919 2457 977 propter
2481 910 2883 963 multitudinem
2910 909 3210 980 vulgarem,
3270 918 3325 965 et
3356 909 3460 979 ipsi
3490 908 3651 973 Mosi,

2080 1008 2133 1053 et
2171 1000 2372 1069 populo
2402 1000 2455 1053 in
2496 1000 2751 1056 columna
2782 1000 2945 1055 nubis
2979 1002 3324 1065 cernebatur,
3362 1009 3654 1072 propterea

2081 1090 2227 1159 quod
2276 1106 2383 1143 non
2423 1090 2608 1145 itidem
2642 1100 2701 1145 ut
2729 1100 2934 1161 patres,
2973 1093 3158 1155 videre
3192 1094 3343 1147 illum
3391 1094 3444 1147 in
3478 1092 3655 1148 forma

2084 1182 2342 1244 hominis,
2378 1181 2555 1236 idonei
2578 1190 2781 1237 essent.
2817 1181 3190 1237 Perfectorum
3216 1184 3359 1239 enim
3383 1184 3485 1238 hoc
3509 1192 3652 1249 erat,

2083 1291 2247 1345 posse
2278 1275 2426 1329 illius
2458 1275 2752 1329 adventum
2782 1275 3090 1345 providere.
3119 1278 3210 1347 qui
3242 1278 3370 1331 olim
3396 1279 3448 1331 in
3477 1278 3652 1331 homi-

2084 1367 2246 1421 nibus
2299 1381 2527 1436 corpore
2584 1366 2823 1420 humano
2886 1378 3189 1436 assumpto,
3239 1367 3456 1424 futurus
3507 1377 3653 1433 erat,

2083 1474 2248 1528 quem
2284 1474 2438 1522 sane,
2476 1473 2601 1512 cum
2634 1473 2701 1513 ne
2732 1467 2865 1512 tunc
2894 1458 3114 1528 quidem
3149 1458 3438 1515 universus
3479 1476 3653 1532 popu-

2084 1551 2169 1604 lus
2188 1558 2368 1621 posset
2393 1564 2610 1619 capere,
2637 1551 2833 1605 merito
2850 1551 2986 1604 alias
3004 1550 3223 1621 quidem
3246 1552 3326 1607 eis
3343 1568 3440 1622 per
3454 1555 3655 1624 ignem,

2084 1641 2322 1698 terrendi
2368 1640 2766 1711 cohibendique
2819 1656 3011 1704 causa,
3073 1641 3210 1696 alias
3254 1657 3350 1711 per
3423 1644 3651 1708 nubem,

2084 1737 2242 1805 quasi
2288 1734 2611 1788 adumbrate
2660 1742 2825 1803 atque
2861 1734 3103 1789 involute
3148 1734 3285 1789 dans
3330 1735 3438 1790 illis
3485 1736 3654 1806 leges,

2009 1821 2051 1877 Β
2079 1826 2424 1889 cernebatur,
2445 1824 2745 1894 eademque
2782 1826 2991 1879 ratione
3031 1824 3167 1881 Mosi
3188 1840 3406 1896 quoque
3438 1834 3659 1897 propter

2085 1918 2228 1973 illos.

2705 2025 2935 2081 CAPLTT
2965 2025 3058 2081 XV

2084 2141 2243 2214 242
2290 2141 2444 2207 Quod
2477 2142 2713 2211 angelica
2756 2158 2874 2214 _non
2904 2142 3084 2214 ἶπον-ἔτΔ
3108 2151 3324 2204 natura,
3358 2158 3476 2212 qua:
3519 2139 3662 2214 Mosi

2152 2211 2314 2289 dabat
2362 2228 2639 2289 respousa,
2675 2211 2765 2289 sed
2806 2211 3150 2281 prwstantior
3184 2227 3343 2284 quam
3377 2222 3436 2265 ut
3471 2212 3540 2266 ad
3570 2230 3668 2289 an;

2149 2285 2322 2353 gelum
2352 2282 2537 2351 referri
2565 2282 2754 2350 possit.

2153 2393 2171 2424 ι
2199 2372 2345 2428 Dixit
2374 2373 2669 2428 Dominus:
2711 2372 2850 2428 Ecce
2870 2389 2973 2443 ego
3008 2374 3167 2428 mitto
3198 2374 3450 2445 angelum
3478 2389 3668 2430 meum

2088 2473 2215 2521 ante
2244 2465 2438 2521 faciem
2486 2472 2658 2528 tuam,
2691 2472 2749 2518 ut
2778 2465 3051 2520 custodiat
3094 2476 3144 2521 te
3167 2467 3220 2521 in
3258 2468 3365 2531 via,
3395 2477 3456 2522 ut
3483 2467 3662 2521 intro-

2086 2554 2252 2611 ducat
2282 2568 2333 2611 te
2366 2556 2421 2610 in
2450 2564 2679 2617 terram,
2712 2572 2875 2626 quam
2897 2557 3081 2627 paravi
3101 2558 3199 2613 tibi
3223 2574 3238 2623 ;
3263 2559 3493 2614 observa
3511 2574 3661 2626 eum,

401 2670 492 2723 εχε
532 2652 678 2723 αὐτῷ
710 2654 802 2706 καὶ
846 2654 1096 2707 εἰσάκουε
1147 2652 1343 2717 αὑτοῦ,
1378 2653 1472 2705 καὶ
1510 2652 1584 2723 μὴ
1629 2653 1844 2707 άπείθει
1893 2654 1988 2707 αὔε-

2088 2653 2141 2700 et
2171 2646 2295 2700 audi
2329 2662 2474 2710 eum,
2505 2662 2604 2702 nec
2633 2647 2710 2702 sis
2732 2648 2995 2703 adversus
3019 2648 3171 2702 illum
3191 2659 3484 2705 contumax
3512 2668 3526 2717 ;
3554 2666 3664 2706 non

401 2744 480 2814 τῷ
502 2761 514 2773 ·
546 2744 607 2796 οὐ
654 2742 764 2813 γὰρ
800 2743 874 2814 μὴ
907 2742 1294 2813 ὑποστείληται
1326 2760 1412 2796 σε·
1447 2743 1508 2796 τὸ
1545 2742 1653 2815 γὰρ
1683 2744 1853 2815 ὄνομα
1885 2764 1986 2817 μου

2088 2737 2233 2791 enim
2259 2738 2496 2794 dimittet
2527 2748 2611 2807 te;
2643 2756 2842 2795 nomen
2865 2741 3010 2795 enim
3035 2756 3213 2795 meum
3235 2749 3321 2798 est
3350 2742 3406 2798 in
3431 2742 3607 2798 illo".
3638 2762 3658 2795 ι

405 2832 555 2885 ἐστὶν
591 2833 678 2885 ἐπ’
713 2832 879 2903 αὐτῷ.
920 2851 939 2884 ι
987 2833 1096 2885 Kal
1140 2832 1199 2885 ὲν
1247 2832 1419 2903 ἑτέρῳ
1464 2833 1647 2903 τόπῳο
1696 2854 1713 2885 ι
1751 2830 1887 2887 Εἷπε
1929 2834 1988 2888 δὲ

2091 2829 2158 2883 Ει
2189 2830 2245 2885 in
2271 2831 2383 2885 alio
2401 2831 2521 2888 loco
2551 2851 2564 2887 :
2591 2852 2608 2882 ι
2635 2831 2782 2887 Dixit
2818 2842 2998 2889 autem
3023 2831 3284 2890 Dominus
3331 2836 3398 2890 ad
3426 2834 3662 2891 Mosem:

404 2922 609 2995 Κύριος
662 2923 799 2995 πρὸς
857 2924 1090 2993 Μωσῆνο
1135 2923 1377 2988 Βάδισον,
1425 2925 1523 2977 καὶ
1582 2924 1845 2998 όδήγησον
1896 2926 1988 2980 τὸν

2093 2918 2266 2984 Vade,
2298 2927 2352 2975 et
2379 2920 2490 2975 dux
2522 2929 2644 2977 esto
2661 2922 2827 2992 hujus
2857 2923 3045 2993 p0puli
3074 2923 3141 2976 ad
3168 2924 3346 2977 locum
3371 2938 3532 2991 quem
3553 2922 3667 2979 dixi

403 3012 535 3068 λαὸν
567 3016 647 3078 εἰς
670 3015 762 3067 τὸν
788 3014 953 3068 τόπον
976 3014 1034 3067 ὃν
1059 3013 1259 3086 εἴρηκά
1286 3032 1368 3068 σοι
1387 3033 1399 3044 ·
1439 3015 1546 3069 ἰδοὺ
1573 3017 1602 3068 ό
1624 3015 1855 3085 ἄγγελός
1886 3034 1990 3088 μου

2092 3011 2210 3077 tibi;
2236 3028 2364 3068 ecce
2402 3014 2630 3083 angelus
2651 3030 2805 3070 meus
2822 3016 3096 3072 antccedit
3123 3015 3257 3071 te".
3289 3034 3309 3068 ι
3337 3014 3403 3069 ΕΙ.
3426 3030 3620 3072 rursus
3649 3035 3664 3071 :

405 3104 806 3177 προπορεύεται
845 3106 951 3177 πρὸ
970 3104 1262 3177 προσώπου
1291 3124 1404 3160 σου.
1437 3126 1455 3159 ι
1485 3106 1597 3161 Kal
1620 3108 1809 3163 πάλινο
1836 3128 1856 3161 ι
1879 3110 1990 3163 Kal

2098 3121 2119 3155 ι
2143 3102 2210 3157 Et
2226 3103 2365 3158 dixit
2388 3103 2652 3160 Dominus
2688 3106 2756 3160 ad
2791 3104 2993 3163 Mosem
3012 3127 3025 3161 :
3046 3107 3170 3173 Abi,
3200 3116 3255 3163 et
3275 3107 3511 3164 ascende
3538 3108 3666 3163 hinc

404 3156 802 3270 sua...
831 3156 968 3268 is.
1009 3156 1256 3267 iraa:
1297 3156 1595 3271 mea“;
1619 3156 1990 3273 mea};

2091 3196 2151 3246 tu
2193 3198 2249 3247 et
2278 3194 2537 3263 populus,
2579 3214 2598 3248 ι
2623 3204 2677 3251 et
2716 3204 2914 3253 caetera
2942 3216 2956 3253 :
2983 3196 3094 3252 «Et
3134 3156 3242 3253 tina
3285 3197 3495 3254 mittam
3541 3207 3670 3255 ante

408 3288 660 3344 ιντεῦθεν
713 3288 778 3342 σὺ
813 3290 908 3343 καὶ
952 3290 982 3342 6
1018 3289 1173 3353 λαός”
1213 3308 1233 3341 ι
1268 3290 1363 3344 καὶ
1405 3290 1475 3345 τά
1496 3290 1644 3362 ἑξῆς·
1685 3293 1833 3347 «Καὶ
1869 3307 1990 3347 συν-

2091 3280 2286 3337 faciem
2317 3292 2468 3339 tuam
2509 3287 2762 3357 angelum
2823 3304 3003 3343 meum
3032 3289 3136 3344 τδ.»
3188 3288 3283 3345 Hae
3319 3305 3451 3347 sane
3482 3306 3668 3356 voces,

410 3379 691 3434 αποστελῶ
738 3380 846 3450 πρὸ
898 3379 1192 3450 προσώπου
1239 3398 1332 3434 σου
1382 3382 1473 3435 τὸν
1524 3382 1757 3452 ἄγγελόν
1798 3401 1923 3457 μου.
1963 3404 1984 3438 ι

2090 3375 2237 3445 quod
2276 3391 2386 3432 non
2426 3379 2605 3450 angeli
2632 3380 2734 3434 sed
2768 3381 2940 3436 solius
2976 3380 3073 3437 Dei
3102 3383 3236 3443 sint.
3270 3384 3566 3455 unicuique
3590 3385 3673 3439 fa-

405 3468 576 3529 Αῦται
618 3473 702 3526 ὅτι
755 3472 830 3544 μὴ
870 3471 1126 3541 ἀγγέλου,
1164 3472 1326 3543 μόνου
1352 3472 1410 3526 δὲ
1460 3473 1594 3527 Θεοῦ
1640 3475 1882 3543 γένοιντο
1926 3475 1990 3531 ἂν

2090 3466 2196 3523 cile
2217 3476 2473 3525 constare
2501 3478 2703 3541 potest.
2732 3470 2908 3541 Cujus
2937 3487 3100 3543 porro
3126 3472 3244 3539 Dei,
3271 3473 3374 3531 nisi
3408 3476 3531 3546 ejus
3573 3484 3671 3547 qul

408 3564 605 3632 φωναὶ,
631 3563 794 3617 παντί
823 3579 907 3632 τῳ
932 3563 1216 3635 πρόδηλον.
1241 3564 1376 3618 Θεοῦ
1404 3564 1462 3619 δὲ
1487 3565 1663 3629 τίνος,
1699 3566 1848 3637 ἢτοῦ
1878 3569 1994 3631 τοῖς

406 3656 778 3727 προπάτορσιν
827 3656 1180 3727 ἑωραμένου;
1231 3656 1292 3710 ὃν
1343 3657 1571 3726 ἄγγελον
1615 3658 1749 3713 Θεοῦ
1804 3659 2007 3729 σαφῶς,

406 3751 705 3819 προσεῖπεν
732 3751 762 3803 6
793 3748 1002 3802 Ἰακώϐ.
1032 3742 1202 3812 Οὗτος
1232 3749 1289 3802 δὲ
1321 3745 1391 3822 ἦν
1409 3752 1542 3821 ἡμῖν
1567 3752 1596 3804 6
1626 3750 1762 3805 Θεοῦ
1784 3752 1991 3831 ιᾼόγος,

406 3837 559 3892 om
593 3840 689 3892 καὶ
716 3839 852 3893 Θεοῦ
882 3840 1013 3903 παῖς
1034 3840 1127 3892 καὶ
1141 3840 1324 3903 αὐτὸς,
1341 3840 1495 3905 Θεὸς,
1514 3842 1609 3894 καὶ
1635 3841 1838 3912 Κύριος
1861 3841 1996 3895 ὠνο-

412 3932 713 4003 μασμένοςο

923 4025 1319 4079 κεφΑΑΑιοΝ
1359 4027 1475 4092 ις’.

420 4112 519 4181 Ὠς
547 4116 581 4168 δ
606 4113 792 4181 αὐτὸς
822 4115 1040 4188 Κύριος
1067 4115 1201 4188 περί
1225 4115 1430 4184 ἐτέρου
1460 4116 1732 4173 διδάσκει
1749 4118 1991 4188 Κυρίου.
2032 4146 2051 4171 κ

869 4186 1013 4239 Ἀπὸ
1048 4186 1155 4241 τοῦ
1196 4187 1554 4257 Δεκωίὀγου.

488 4296 508 4329 ι
549 4274 691 4345 Ἐγώ
718 4278 832 4347 εἰμι
861 4277 1066 4348 Κύριος
1089 4280 1117 4333 6
1151 4277 1284 4342 Θεός
1314 4295 1432 4342 σου,
1462 4281 1490 4331 6
1515 4279 1797 4349 ἐξαγαγών
1826 4298 1887 4334 σε
1930 4283 1996 4337 ὲκ

418 4368 519 4439 γῆς
541 4370 815 4439 Αἰγύπτου
839 4410 855 4435 ,
909 4371 969 4438 ἐξ
998 4371 1151 4425 οίκου
1197 4370 1455 4436 δουλείας.
1485 4373 1598 4426 Οὐκ
1650 4372 1863 4427 ἔσονταί
1913 4390 1996 4430 σοι

413 4461 526 4516 θεοὶ
553 4462 730 4534 ἕτεροι
746 4463 884 4536 πλὴν
910 4463 1065 4535 ἐμοῦ,
1094 4483 1110 4514 ι
1140 4464 1320 4519 καὶτὰ
1341 4463 1489 4535 ἑξῆς·
1520 4486 1537 4516 ι
1576 4464 1716 4535 Ἐγὼ
1742 4466 1852 4536 γάρ
1879 4467 1995 4537 εἰμι

2090 3559 2289 3629 priscis
2311 3561 2565 3631 patribus
2594 3564 2666 3617 sit
2687 3563 2881 3620 visus?
2900 3580 3062 3634 quem
3091 3565 3344 3635 angelum
3374 3565 3470 3622 Dei
3507 3567 3670 3637 plane

2093 3651 2389 3722 appellavit
2432 3650 2626 3709 Iacob.
2676 3654 2792 3709 Hoc
2836 3662 3021 3712 autem
3071 3656 3234 3714 nobis
3290 3656 3382 3714 Dei
3425 3656 3668 3714 Verbum

2093 3742 2216 3810 fut,
2248 3752 2439 3817 utpote
2466 3761 2591 3802 cum
2626 3758 2679 3804 et
2713 3747 2807 3804 Dei
2842 3747 3036 3815 Filius,
3057 3758 3110 3806 et
3139 3749 3301 3818 Deus,
3325 3763 3379 3808 et
3407 3751 3677 3810 Dominus

2094 3836 2211 3908 ipse
2245 3838 2318 3893 sit
2343 3838 2682 3895 nominatus.

2694 4020 2928 4079 CAPUT
2965 4022 3101 4081 XVI.

2097 4113 2251 4181 Quod
2280 4111 2417 4168 idem
2435 4113 2691 4171 Dominus
2718 4118 2781 4171 de
2807 4118 2913 4172 alio
2932 4117 3103 4182 docet,
3121 4117 3318 4173 scilicet
3340 4114 3508 4176 Filio.
3532 4147 3603 4161 -ι
3624 4121 3671 4175 Α

2552 4186 2729 4241 decem
2764 4189 3040 4259 prwceplis
3064 4189 3214 4258 legis.

2174 4294 2193 4327 ι
2221 4274 2333 4348 Ego
2365 4292 2485 4332 sum
2517 4277 2781 4335 Dominus
2824 4278 2967 4337 Deus
3008 4292 3155 4346 tuus,
3186 4279 3281 4352 qui
3318 4279 3483 4336 eduxi
3519 4291 3572 4337 te
3596 4282 3667 4338 de

2096 4376 2240 4424 terra
2261 4368 2502 4440 Egypti,
2523 4370 2590 4425 de
2622 4371 2785 4427 domo
2814 4373 3116 4428 servitutis.
3145 4369 3265 4426 Non
3288 4380 3450 4428 erunt
3468 4372 3565 4426 tibi
3596 4370 3673 4426 dii

2101 4461 2193 4515 alii
2225 4470 2423 4532 praeter
2452 4477 2557 4525 me,
2582 4482 2602 4514 ι
2638 4470 2693 4518 et
2723 4471 2941 4520 caetera.
2982 4483 3001 4515 ι
3028 4464 3140 4536 Ego
3162 4465 3308 4521 enim
3339 4482 3458 4521 sum
3488 4463 3674 4520 Domi—

417 4550 618 4625 Κύριος
642 4554 672 4606 ό
718 4552 850 4618 Θεός
881 4571 995 4620 σου,
1027 4554 1160 4620 Θεὸς
1197 4555 1464 4629 ζηλωτής.
1496 4576 1515 4608 ι
1565 4558 1675 4610 Kal
1719 4558 1990 4628 ἐπιλέγει·

2102 4568 2207 4607 nus
2234 4553 2375 4608 Deus
2404 4561 2529 4607 tuus
2550 4553 2835 4609 aemulator
2852 4556 2953 4619 ⁷³,ι
2988 4563 3042 4609 et
3073 4555 3355 4627 adjungit:
3390 4574 3408 4607 ι
3432 4553 3552 4610 Νοιι
3583 4570 3678 4609 su-

421 4659 441 4692 s
465 4644 538 4696 Οὐ
568 4642 711 4715 λήψῃ
740 4643 801 4697 τὺ
822 4643 990 4717 ὄνομα
1012 4645 1217 4717 Κυρίου
1244 4647 1337 4701 τοῦ
1362 4647 1497 4702 Θεοῦ
1526 4665 1619 4701 σου
1644 4650 1736 4702 ἐπὶ
1758 4649 1993 4721 ματαίῳ.

416 4734 491 4787 Οὐ
512 4733 622 4805 γὰρ
649 4735 723 4808 μὴ
757 4737 1031 4813 καθαρίσῃ
1062 4739 1265 4811 Κύριος
1290 4738 1381 4793 τὺν
1421 4739 1762 4811 λαμϐάνοντα
1788 4742 1850 4795 τὸ
1880 4741 1997 4795 ὅνο-

422 4840 499 4894 μα
536 4825 699 4878 αὑτοῦ
738 4827 831 4880 ἐπὶ
873 4828 1103 4899 ματαίῳ.
1129 4849 1148 4881 ι
1187 4828 1480 4884 Κάνταῦθα
1526 4831 1685 4894 αὐτὸς
1725 4832 1753 4884 ὀ
1794 4830 1997 4902 Κύριος

418 4915 547 4986 περ).
574 4915 759 4985 ἑτέρου
794 4915 1003 4989 Κυρίου
1032 4918 1101 4972 τὰ
1143 4918 1481 4990 προκείμενα
1506 4917 1768 4972 διδάσκει.
1809 4917 1996 4973 Εἰπὼν

417 5004 585 5074 γοῦν,
616 5021 635 5054 ε
676 5004 816 5073 Ἐγώ
852 5008 966 5077 εἰμι
999 5006 1203 5080 Κύριος
1246 5010 1275 5061 6
1326 5007 1460 5071 Θεός
1506 5025 1623 5073 σου,
1667 5028 1685 5060 ι
1723 5008 1995 5078 ὲπιλέγειο

424 5112 446 5147 s
470 5094 547 5149 Οὐ
571 5093 718 5168 λήψῃ
738 5095 799 5148 τὸ
817 5096 985 5168 ὄνομα
1010 5099 1217 5171 Κυρίου
1246 5098 1340 5153 τοῦ
1374 5099 1508 5152 Θεοῦ
1542 5113 1665 5153 σου·
1693 5121 1712 5152 ι
1741 5100 1871 5172 περὶ
1902 5098 1997 5154 τοῦ

421 5182 636 5257 Πατρός
671 5183 869 5256 δηλαδὴ
894 5188 987 5240 καὶ
1015 5187 1149 5240 Θεοῦ
1178 5188 1288 5241 τῶν
1307 5189 1442 5242 ὅλων
1462 5190 1490 5241 6
1512 5189 1762 5262 δεύτερος
1795 5190 2001 5264 Κύριος

420 5276 512 5330 τὸν
543 5275 848 5348 θεράποντα
889 5280 1283 5350 μυσταγωγῶν.
1314 5279 1511 5353 Εῦροις
1539 5281 1584 5335 δ’
1621 5280 1687 5335 ἂν
1725 5284 1820 5337 καὶ
1866 5283 2001 5338 ἄλλα

427 5367 595 5440 μυρία
622 5369 688 5423 δι’
715 5369 843 5441 ὅλης
864 5371 964 5442 τῆς
1004 5372 1154 5444 ἰερᾶς
1184 5374 1427 5447 Γραφῆς,
1464 5374 1856 5445 παραπλησίως
1876 5376 2002 5431 τού-

424 5474 538 5524 τοις
575 5459 993 5533 ἐξενηνεγμένα,
1030 5464 1100 5518 δι’
1127 5459 1203 5519 ὧν
1243 5468 1271 5519 6
1313 5465 1475 5530 Θεὸς,
1521 5467 1597 5530 ὡς
1640 5454 1769 5540 περὶ
1814 5468 2001 5542 ἑτέρου

425 5549 584 5613 Θεοῦ,
616 5554 711 5607 καὶ
742 5553 903 5618 αὐτὸς
935 5556 966 5608 ό
1001 5555 1225 5628 Κύριος,
1268 5556 1341 5621 ὠς
1378 5558 1506 5629 περὶ
1547 5557 1734 5630 ἐτέρου
1772 5560 1999 5633 Κυρίου,

424 5642 551 5704 τοὺς
582 5645 865 5715 χρησμοὺς
891 5646 1147 5701 ἐποιεῖτο.

2100 4656 2218 4696 mes
2243 4657 2440 4697 nomen
2480 4641 2697 4698 Domini
2726 4644 2817 4699 Dei
2856 4645 3001 4700 tuiin
3047 4661 3245 4702 vanum
3268 4647 3338 4703 ⁷⁸.
3380 4645 3495 4701 Nec
3532 4645 3678 4700 enim

2100 4732 2323 4787 habebit
2349 4734 2620 4789 insontem
2643 4733 2908 4792 Dominus
2931 4752 3054 4791 eum
3081 4737 3174 4807 qui
3198 4734 3557 4805 assumpserit
3584 4749 3681 4788 no-

2101 4838 2224 4878 men
2242 4824 2454 4879 Dominl
2469 4827 2552 4881 sui
2568 4825 2789 4883 frustra.
2804 4846 2823 4880 ι
2846 4826 2961 4883 Hoc
2974 4830 3135 4884 etiam
3151 4828 3270 4883 loco
3286 4828 3402 4898 ipse
3417 4824 3680 4880 Dominus

2101 4930 2165 4970 ea
2205 4932 2326 4986 qum
2354 4920 2601 4988 exposita
2630 4928 2758 4975 sunt
2790 4922 2857 4976 de
2895 4921 3003 4975 alio
3019 4919 3201 4976 docet.
3234 4917 3513 4990 Siquidem
3548 4930 3676 4996 cum

2100 5007 2336 5073 dixerit,
2359 5028 2377 5061 ι
2405 5009 2515 5082 Ego
2546 5028 2667 5067 sum
2689 5012 2951 5067 Dominus
3000 5012 3139 5067 Deus
3163 5019 3312 5078 tuus,
3341 5030 3361 5064 ι
3392 5010 3639 5080 adjungit
3661 5027 3680 5065 :

2107 5117 2127 5151 ι
2150 5098 2269 5154 Νοη
2312 5118 2499 5158 sumes
2528 5120 2727 5160 nomen
2755 5104 2969 5159 Domini
3000 5104 3093 5162 Dei
3111 5104 3222 5159 tui:
3256 5123 3275 5155 ι
3298 5101 3461 5175 243
3481 5102 3684 5172 quippe

2101 5206 2224 5247 cum
2237 5192 2304 5248 de
2331 5192 2493 5251 Patre
2514 5202 2568 5251 et
2590 5195 2700 5251 Deo
2722 5197 2983 5263 universi,
3009 5197 3056 5252 is
3071 5196 3163 5268 qui
3192 5196 3261 5250 ab
3280 5196 3373 5250 illo
3395 5204 3480 5251 εει
3502 5194 3685 5250 Domi-

2101 5300 2229 5350 nus,
2262 5301 2421 5341 suum
2445 5303 2664 5343 servum
2690 5289 2863 5344 sacris
2889 5289 3089 5343 initiet.
3106 5286 3226 5343 Alia
3239 5295 3499 5358 praeterea
3517 5287 3683 5341 innu—

2104 5378 2391 5433 merabilia
2436 5380 2682 5435 invenies
2714 5395 2811 5452 per
2852 5389 3021 5435 totam
3058 5380 3399 5451 Scripturam
3442 5393 3682 5443 sacram,

2104 5481 2225 5535 quae
2267 5470 2457 5524 eadem
2503 5470 2715 5525 ratione
2742 5487 2852 5540 qua
2898 5471 3013 5526 haec
3059 5472 3343 5528 enuntiata
3388 5479 3539 5538 sunt,
3591 5470 3686 5526 ubi

2103 5556 2265 5614 Pater
2302 5569 2564 5631 tanquam
2614 5563 2682 5616 de
2709 5563 2816 5617 alia
2844 5579 3104 5633 persona,
3153 5573 3208 5621 et
3259 5565 3378 5636 ipse
3421 5564 3687 5621 Dominus

2105 5658 2365 5723 tanquam
2388 5652 2456 5709 de
2501 5654 2608 5708 alio
2655 5656 2918 5725 quodam,
2951 5658 3175 5713 oracula
3206 5657 3491 5716 reddebat.

504 5796 548 5829 "
576 5795 745 5853 Exod.
775 5814 931 5866 χχιιι,
962 5800 1158 5866 20,2l.
1232 5803 1279 5834 "
1314 5804 1461 5859 Exod
1517 5821 1691 5872 xxx",
1722 5806 1811 5862 54.
1886 5808 1932 5840 ⁷⁸
1967 5807 1990 5862 i

2088 5808 2137 5865 d.
2168 5824 2363 5876 xxxm,
2399 5809 2523 5880 με.
2601 5810 2646 5843 ⁷⁸
2676 5809 2847 5867 Exod.
2889 5813 3125 5881 xx,2—5.
3198 5815 3245 5850 ⁷⁸
3285 5815 3421 5869 ibid.
3465 5851 3509 5874 ..

748 5893 1018 5956 ΡΑτιιοι.
1052 5899 1168 5959 Gn.
1210 5900 1411 5963 XXII.

3332 5905 3406 5966 13
