4110 6434
495 329 594 384 595
1178 329 1444 385 unseen
1486 322 1961 381 CAESARIE‘NSIS
1999 321 2149 378 ore.
2190 322 2389 378 rans.
2430 323 2494 380 ιι.
2536 356 2604 366 -
2640 327 3139 391 APOLOGETICA.
3645 348 3754 405 393

1053 447 1271 505 CAPU'I
1314 445 1477 501 XVII.
2089 442 2133 498 Δ

2089 442 2133 498 Α
2691 444 3083 502 ΚΕΦΑΛΑΙΟΝ
3108 453 3207 504 IZ'.

488 562 642 629 Quod
673 581 719 618 ιε
751 578 934 616 rursus
958 561 1232 625 Dominus,
1281 560 1369 631 qui
1399 556 1540 644 M235
1581 572 1834 642 responsa
1863 552 2049 644 da'bat,

2168 548 2267 635 οΩς
2288 552 2670 644 αὐτιδςὲᾖθις
2700 562 2732 611 ὀ
2756 557 2860 644 τῷ,
2881 561 3088 615 Ma)an
3105 564 3480 644 χρηματίζων
3503 570 3745 644 Κύριος.

544 635 709 686 altum
753 651 785 686 a
824 648 923 701 quo
947 641 1066 710 erat
1101 627 1408 710 agnoscens,
1441 629 1656 683 Putrem
1687 632 1883 700 utique,
1915 627 2052 682 hunc

2225 627 2431 708 ἕτερον
2472 628 3042 710 Κύριονηκρείζτρνᾳ
3092 627 3310 710 edurat.)
3357 636 3464 710 τόν
3515 627 3753 710 Πᾶτέρἀ

554 706 725 772 ipsum
756 719 910 755 suum
936 703 1105 756 Deum
1128 703 1369 756 vocabat.

2228 702 2594 762 γιγνώσκων,
2622 702 2838 752 τοῦτον
2863 702 3155 769 ἀληθινὸν
3188 704 3337 758 Θεὸν
3368 702 3748 766 ἁνεκαλεῖξα

558 836 576 867 ι
602 817 666 870 Et
698 818 834 872 dixit
858 815 1124 872 Dominus
1163 817 1230 871 ad
1260 817 1500 888 Moysem
1528 837 1541 871 :
1568 816 1633 870 Et
1672 816 1776 870 hoc
1806 815 1903 868 tibi
1939 830 2055 870 ver-

2237 826 2256 859 ι
2307 809 2416 861 Kal
2479 804 2599 861 εἶπε
2659 812 2863 883 Κύριος
2903 814 3039 885 πρὸς
3089 816 3333 888 Μωσῆν·
3394 820 3511 874 Καὶ
3554 822 3747 879 τοῦτόν

482 912 631 972 bum,
668 910 816 980 quod
841 910 1050 973 dixisti,
1079 909 1298 964 faciam.
1338 909 1599 964 Invenisti
1632 909 1777 963 enim
1816 907 2049 977 gratiam

2158 918 2240 954 σοι
2292 901 2383 956 τὸν
2434 901 2612 971 λόγον,
2654 903 2714 956 ὃν
2766 906 3014 976 εἴρηκας,
3053 908 3281 979 ποιήσω.
3328 910 3593 983 Εὔρηκας
3635 916 3744 989 γάρ

479 1017 662 1058 coram
680 1018 788 1066 me,
808 1011 860 1057 et
876 1002 1000 1058 novi
1017 1010 1068 1056 te
1083 1011 1279 1072 praeter
1290 1017 1503 1057 omnes.
1519 1021 1536 1053 ι
1561 1000 1625 1056 Ει
1649 1002 1787 1055 dixit
1805 1001 2048 1074 Moyses:

2153 994 2315 1065 χάριν
2339 994 2570 1049 ἐνώπιόν
2605 1014 2729 1066 μου,
2764 999 2859 1051 καὶ
2880 995 2997 1052 οἶδά
3027 1016 3086 1052 σε
3115 1001 3266 1072 παρά
3300 1004 3533 1068 πάντας.
3577 1025 3597 1058 ι
3634 1008 3746 1062 Καὶ

484 1113 501 1145 ι
523 1092 760 1149 Ostende
780 1095 911 1148 mihi
926 1101 1075 1149 tuam
1095 1096 1345 1162 gloriam.
1362 1113 1380 1145 ι
1399 1094 1464 1147 Et
1480 1094 1618 1149 dixit
1634 1115 1645 1148 :
1660 1114 1677 1145 ‹
1700 1093 1812 1164 Ego
1833 1094 2051 1149 anteibo

2152 1081 2272 1139 εἷπε
2304 1088 2528 1159 Μωσῆς·
2559 1108 2577 1139 ι
2606 1088 2786 1153 Δεῖξόν
2823 1108 2914 1160 μοι
2967 1092 3068 1163 τὴν
3108 1095 3340 1148 σεαυτοῦ
3361 1096 3541 1163 δόξαν.
3583 1118 3604 1149 ι
3631 1101 3743 1154 Kal

478 1186 627 1256 prior
670 1194 723 1241 te
755 1186 928 1255 gloria
965 1201 1109 1251 mea,
1143 1192 1197 1241 et
1219 1189 1427 1241 vocabo
1464 1187 1517 1240 in
1550 1187 1770 1241 nomine
1796 1202 1914 1241 meo
1942 1185 2049 1241 Do-

2153 1172 2306 1230 εἶπεν
2325 1194 2338 1207 ⁸
2371 1197 2389 1229 ι
2435 1178 2575 1246 Ἐγὼ
2606 1182 3054 1254 προπορεύσομαι
3087 1186 3356 1258 πρότερός
3394 1206 3485 1243 σου
3509 1194 3577 1262 τῇ
3607 1192 3735 1266 δόξῃ

476 1275 685 1329 minmn
723 1291 906 1330 coram
935 1285 1009 1341 te,
1043 1284 1097 1330 et
1137 1276 1442 1331 miserabor
1474 1277 1853 1346 cujuscunque
1884 1277 2051 1331 mise-

2155 1285 2279 1338 μου,
2302 1272 2397 1323 καὶ
2420 1272 2634 1325 καλέσω
2657 1276 2715 1327 ὲν
2738 1275 2963 1345 ὀνόματί
2988 1295 3092 1348 μου
3114 1278 3319 1352 Κύριον
3343 1283 3587 1338 ἐναντίον
3614 1302 3731 1351 σου,

474 1382 622 1431 reor,
670 1374 724 1422 et
770 1367 1013 1422 clemens
1061 1382 1156 1422 ero
1197 1382 1324 1438 erga
1360 1383 1744 1438 quemcunque
1782 1384 1902 1423 sum
1936 1368 2048 1422 cle-

2150 1364 2244 1416 καὶ
2271 1365 2478 1436 ὲλεήσω
2542 1366 2601 1419 ὃν
2652 1367 2719 1421 ἂν
2759 1369 2915 1433 ἐλεῶ,
2959 1372 3054 1424 καὶ
3105 1374 3428 1445 οἰκτειρήσω
3459 1376 3518 1428 ὃν
3553 1377 3621 1431 ἂν
3652 1381 3734 1432 ol-

474 1474 629 1512 mens
645 1460 711 1513 ⁷⁷.
740 1479 759 1510 ι
784 1458 848 1511 Et
876 1470 999 1529 post
1028 1460 1135 1513 alia
1174 1459 1444 1530 adjungit,
1472 1469 1635 1531 atque
1662 1462 1735 1514 ait
1759 1480 1771 1515 :
1797 1479 1816 1511 ι
1856 1459 1921 1513 Ει
1960 1460 2049 1514 de-

2150 1457 2370 1527 κτείρω.
2409 1475 2428 1508 ι
2462 1458 2572 1510 Καὶ
2632 1461 2751 1530 μεθ’
2796 1460 2961 1532 ἕτερα
3006 1464 3260 1535 ἐπιφέρει
3314 1465 3514 1534 λέγων·
3556 1488 3575 1519 ι
3613 1470 3728 1524 Kal

473 1550 690 1605 scendit
712 1549 976 1605 Dominus
994 1551 1047 1605 in
1071 1552 1233 1617 nube,
1262 1559 1316 1607 et
1334 1552 1541 1607 adstitit
1567 1553 1617 1606 ei
1648 1553 1776 1607 illic.
1804 1560 1857 1607 et
1884 1567 2044 1607 voca-

2148 1551 2350 1622 κατέὸη
2366 1551 2569 1624 Κύριος
2585 1555 2642 1606 ὲν
2661 1554 2884 1628 νεφέλῃ,
2904 1557 2999 1609 καὶ
3016 1559 3265 1630 παρέστη
3292 1560 3441 1630 αὐτῷ
3476 1563 3612 1627 ἐκεῖ,
3631 1565 3728 1618 καὶ

470 1640 549 1693 vit
592 1641 648 1693 in
716 1641 938 1694 nomine
983 1638 1229 1694 Domini:
1281 1647 1335 1694 et
1372 1640 1625 1694 transivit
1674 1639 1938 1695 Dominus
1990 1640 2045 1693 in

2148 1643 2408 1714 ἐλάλησεν
2440 1647 2498 1699 ὲν
2543 1645 2767 1716 ὀνόματι
2817 1648 3024 1718 Κυρίου
3047 1665 3063 1681 ο
3095 1651 3190 1704 καὶ
3236 1638 3482 1723 παρῆλθε
3519 1654 3728 1727 Κύριος

471 1732 691 1787 nomine
740 1733 934 1802 ipsius,
969 1738 1023 1787 et
1063 1732 1312 1787 vocavit:
1337 1731 1586 1796 Domine,
1615 1730 1867 1795 Domine,
1905 1729 2045 1785 Deus
2077 1783 2094 1819 Ι

2103 1737 2205 1819 ιὲν
2249 1737 2474 1807 ὀνόματι
2510 1738 2699 1803 αὐτοῦ,
2746 1740 2843 1793 καὶ
2886 1740 3151 1794 ἐκάλεσεο
3192 1742 3385 1814 Κύριε,
3440 1746 3635 1819 Κύριε,
3692 1748 3726 1801 6

470 1823 710 1879 clemens
736 1832 789 1877 et
823 1824 1159 1885 misericors,
1190 1822 1542 1892 longanimis,
1577 1831 1631 1877 et
1651 1823 1843 1897 multa:
1887 1823 2044 1877 mise-
2074 1822 2093 1838 '

2099 1822 2117 1838 ’
2144 1827 2276 1891 Θεὸς
2312 1829 2610 1901 οἰκτίρμων
2668 1832 2762 1884 καὶ
2794 1832 3060 1903 ἐλεήμων,
3111 1835 3465 1907 μακρόθυμος
3498 1839 3593 1891 καὶ
3625 1856 3722 1892 πο-

468 1912 720 1977 rationis,
766 1920 819 1967 et
865 1927 1053 1979 verax,
1093 1920 1148 1967 et
1191 1911 1464 1981 justitiam
1526 1926 1776 1974 servans,
1832 1910 2040 1966 faciens

2140 1918 2383 1983 λυέλεος,
2429 1921 2524 1974 καὶ
2562 1921 2850 1992 ἀληθινὸς,
2898 1926 2993 1978 καὶ⁵
3037 1925 3381 1998 δικαιοσύνην
3423 1929 3719 2002 διατηρῶν,

466 2004 900 2061 misericordiam
950 2006 1005 2058 in
1070 2004 1261 2068 millia,
1311 2003 1568 2057 auferens
1624 2002 1945 2073 iniquitates
1984 2012 2038 2058 et

2139 2011 2308 2064 ποιῶν
2335 2010 2481 2076 ἔλεος
2509 2014 2589 2075 είς
2628 2013 2892 2083 χιλιάδας,
2915 2016 3163 2088 ἀφαιρῶν
3195 2019 3447 2089 ἀνομίας,
3483 2022 3578 2074 καὶ
3608 2023 3722 2077 άδι-

466 2096 783 2165 injustitias,
809 2101 863 2149 et
881 2100 1103 2164 peccata
1137 2108 1151 2145 :
1181 2101 1236 2149 et
1280 2093 1601 2164 purgatione
1625 2108 1735 2181 non
1784 2094 2039 2164 purgabit

2137 2101 2281 2165 κίας,
2315 2103 2410 2156 καὶ
2440 2104 2747 2175 ἁμαρτίας·
2778 2106 2872 2159 καὶ⁵
2905 2108 3233 2181 καθαρισμῷ
3258 2111 3318 2163 ού
3352 2112 3608 2183 καθαριεῖ
3626 2113 3714 2166 τὸν

465 2200 648 2266 reum:
684 2182 950 2241 inducens
984 2191 1205 2253 peccata
1237 2190 1455 2254 patrum
1502 2184 1558 2237 in
1589 2176 1753 2248 filios,
1800 2195 1853 2239 et
1896 2184 2036 2239 lilios

2137 2194 2340 2265 ἔνοχον,
2388 2197 2619 2265 ἀπάγων
2663 2199 2942 2269 ἁμαρτίας
2985 2176 3237 2273 πατέρων
3265 2204 3360 2256 ἐπὶ
3390 2176 3575 2268 τέκνα,
3619 2205 3708 2260 καὶ

463 2272 720 2338 ﬁliorum,
755 2276 810 2329 in
850 2277 1068 2330 tertiam
1131 2286 1185 2333 et
1214 2285 1467 2348 quartam
1496 2271 1904 2348 generationem
1933 2298 1946 2333 :
1979 2287 2035 2332 et

2134 2287 2303 2342 τέκνα
2326 2287 2553 2351 τέκνων,
2591 2291 2684 2344 ὲπὶ
2712 2292 2902 2362 τρίτην
2925 2293 3019 2346 καὶ
3050 2271 3319 2367 τετάρτην
3342 2298 3533 2363 γενεάν
3561 2316 3574 2328 ·
3613 2301 3703 2352 καὶ

460 2378 583 2419 eum
615 2366 930 2424 festinasset
988 2368 1186 2435 Moses,
1232 2377 1493 2425 curvatus
1526 2371 1583 2425 in
1616 2373 1816 2426 te'rram
1838 2372 2033 2425 adora-

2136 2380 2377 2443 σπεύσας
2421 2382 2659 2452 Μωσῆς,
2710 2384 2888 2455 κύψας
2925 2385 3020 2438 ἐπὶ
3061 2386 3161 2456 τὴν
3209 2366 3315 2456 γῆν
3368 2373 3709 2461 προσεκύνηέ

457 2455 615 2510 rit".
641 2477 660 2509 ι
691 2457 1165 2531 Contemplamini,
1189 2477 1396 2533 quaeso,
1421 2477 1656 2532 quonam
1683 2463 1845 2518 modo
1868 2465 2031 2519 etiam

2134 2486 2244 2524 σεν.
2285 2490 2303 2522 ι
2334 2472 2476 2543 Ὅρα
2508 2472 2571 2543 δὴ
2598 2474 2719 2528 τίνα
2744 2475 2945 2546 τρόπον
2971 2477 3065 2530 καὶ
3089 2455 3184 2530 νῦν
3217 2455 3378 2542 αύτδς
3462 2455 3713 2553 Κύριος-ὀ

456 2564 605 2604 nunc
657 2551 776 2621 ipse
821 2551 1103 2619 Dominus,
1154 2555 1247 2625 qui
1306 2557 1362 2610 in
1422 2556 1567 2610 nube
1614 2555 1921 2620 descendit,
1975 2567 2031 2611 et

2135 2564 2375 2628 καταϐὰς
2397 2564 2657 2618 ὲκάλεσεν
2702 2567 2762 2619 ὲν
2815 2568 3035 2640 νεφέλῃ,
3069 2570 3164 2623 καὶ
3203 2569 3280 2640 τῷ
3308 2572 3499 2625 Μωσεῖ
3535 2551 3712 2646 παρα-

456 2641 593 2697 Mosi
648 2644 862 2698 adstitit
905 2646 961 2700 in
1008 2648 1226 2702 nomine
1266 2647 1500 2713 Domini,
1542 2651 1816 2704 vocaverit
1861 2652 2027 2704 alium

2132 2654 2264 2718 στὰς
2295 2656 2356 2707 ὲν
2413 2654 2638 2725 ὀνόματι
2687 2656 2915 2727 Κυρίου,
2951 2657 3138 2727 ἕτερον
3170 2658 3300 2728 παρ’
3331 2659 3546 2723 ἑαυτὸν,
3585 2641 3709 2713 συν·-

455 2743 654 2805 ρναιιει·
685 2737 949 2807 seipsum,
984 2740 1078 2809 qui
1115 2740 1309 2795 solitus
1339 2741 1411 2796 sit
1448 2756 1515 2796 ex
1549 2741 2028 2812 conduplicatione

2128 2745 2274 2815 ήθως
2303 2745 2445 2799 κατὰ
2485 2747 2852 2802 άναδίπλωσιν
2877 2748 2959 2812 δὶς
3005 2748 3207 2820 Κύριον
3252 2751 3700 2821 ἐπικαλούμενον,

453 2826 538 2881 bis
570 2824 834 2882 Dominus
879 2829 1162 2899 appellari,
1200 2838 1459 2899 tanquam
1502 2847 1649 2897 eum,
1696 2847 1727 2885 a
1761 2847 1870 2902 quo
1908 2833 2026 2902 ipse

2127 2835 2276 2891 ὠσὰν
2317 2839 2412 2890 καὶ
2446 2837 2640 2891 ἑαυτοῦ
2670 2841 2764 2893 καὶ
2790 2840 2898 2894 τῶν
2926 2840 3126 2894 λοιπῶν
3151 2840 3401 2895 ἁπάντων
3432 2842 3700 2914 δεσπότην

453 2918 545 2980 sit,
583 2918 917 2989 reliquorum
947 2921 1189 2974 omnium
1218 2920 1309 2989 jus
1332 2928 1770 2995 potestatemque
1792 2926 2020 2990 habens,

2126 2928 2563 3001 θεολογούμενον,
2596 2932 2687 2985 τὸν
2724 2933 2919 2987 ἑαυτοῦ
2967 2935 3213 3007 Πατέρα·
3258 2936 3353 2989 καὶ
3397 2938 3479 2990 ὃτι
3528 2953 3593 3005 γε
3645 2939 3700 2990 ὲν

450 3007 546 3063 Dei
575 3009 798 3063 nomine
826 3009 1152 3073 celebretur,
1171 3025 1329 3064 suum
1365 3011 1553 3082 utique
1576 3010 1791 3067 Patrem
1815 3032 1829 3080 ;
1855 3023 2020 3085 atque

2126 3022 2331 3088 τούτοις
2370 3025 2431 3077 ού
2478 3026 2717 3097 Μωσῆς,
2753 3028 2829 3091 ὼς
2872 3027 2938 3081 ἂν
2983 3029 3242 3083 ὑπολάϐοι
3292 3047 3396 3094 τις,
3429 3029 3565 3083 ἀλλὰ
3595 3029 3705 3102 γὰρ

450 3102 577 3154 utin
601 3101 687 3155 his
716 3115 828 3154 non
880 3099 1078 3164 Moses,
1116 3102 1258 3156 sicut
1282 3101 1513 3159 forsitan
1537 3104 1806 3175 quispiam
1837 3107 2018 3174 suspi-
2044 3123 2073 3182 ί

2077 3124 2089 3181 ζ
2125 3116 2287 3180 αὐτὸς
2318 3119 2347 3170 6
2396 3117 2599 3191 Κύριος
2646 3119 2832 3189 ἕτερον
2875 3120 3079 3190 Κύριον
3124 3121 3216 3175 τὸν
3257 3122 3477 3194 Πατέρα
3525 3099 3700 3186 καλεῖ,

450 3201 625 3256 cetur,
666 3193 763 3247 sed
812 3195 933 3265 ipse
975 3194 1240 3251 Dominus
1268 3197 1434 3251 alium
1473 3212 1635 3252 suum
1664 3195 1881 3253 Patrem
1917 3216 2016 3254 vo-

2126 3206 2459 3277 παραλαϐὼν
2504 3209 2664 3273 αὐτὸς
2690 3211 2718 3263 6
2748 3210 3103 3282 χρηματίζων
3142 3210 3221 3282 τῷ
3251 3193 3442 3266 Μωσεῖ
3500 3229 3664 3284 φησιν
3686 3229 3701 3243 ·

446 3294 572 3339 eat:
602 3294 729 3342 ante
771 3288 916 3342 enim
956 3289 1003 3343 is
1060 3289 1151 3358 qui
1195 3287 1328 3344 Mosi
1363 3291 1663 3361 respondit,
1714 3294 1820 3348 ait:
1859 3311 1878 3346 ι
1906 3292 2017 3366 Ego

2130 3313 2149 3347 t
2171 3295 2314 3365 Ἐγὼ
2341 3298 2746 3369 παρελεύσομαι
2776 3300 3042 3372 πρότερός
3069 3317 3164 3354 σου
3194 3305 3261 3373 τῇ
3295 3303 3420 3374 δόξῃ
3452 3320 3573 3374 μου,
3605 3320 3705 3358 κα-

444 3378 692 3433 transibo
718 3379 872 3450 prior
902 3388 957 3435 te
1004 3381 1176 3451 gloria
1216 3398 1357 3448 mea,
1384 3392 1438 3439 et
1460 3385 1667 3439 vocabo
1696 3387 1752 3440 in
1795 3390 2015 3446 nomine

2121 3386 2263 3439 λέσω
2306 3390 2366 3441 έν
2407 3389 2631 3459 ὀνόματι
2664 3391 2890 3462 Κυρίου.
2933 3410 2953 3443 ι
3001 3392 3170 3445 Τοῦτο
3216 3392 3348 3463 γοῦν
3393 3394 3699 3465 εἰρηκότος,

444 3467 679 3525 Domini.
711 3491 729 3523 ι
768 3469 867 3527 Ubi
900 3472 1065 3543 igitur
1098 3473 1200 3529 hoc
1236 3475 1394 3535 dixit.
1446 3474 1727 3547 Scriptura
1757 3479 2013 3553 deinceps

2120 3480 2247 3552 ἑξῆς
2271 3483 2511 3552 ἐπιλέγει
2544 3487 2576 3555 ή
2600 3484 2788 3557 Γραφὴ
2817 3484 3227 3557 διηγηματικῶς
3248 3505 3264 3519 ο
3297 3506 3316 3539 ι
3354 3488 3465 3541 Kal
3494 3486 3699 3560 κατέση

444 3563 618 3618 instar
628 3566 956 3623 narrationis
968 3567 1210 3638 adjungit
1230 3567 1413 3641 :25,‘I
1430 3587 1447 3619 ι
1460 3568 1525 3623 Et
1537 3571 1815 3627 descendit
1829 3571 2014 3628 Domi-

2118 3575 2325 3645 Κύριος
2374 3578 2433 3630 ἐν
2481 3577 2699 3648 νεφέλῃ,
2751 3578 2845 3631 καὶ
2898 3579 3145 3650 παρέστη
3206 3579 3356 3651 αύτῷ
3412 3582 3545 3644 ἐκεῖ,
3603 3580 3700 3633 καὶ

443 3672 547 3712 nus
576 3657 631 3711 in
661 3658 823 3723 nube,
849 3664 903 3715 et
932 3660 1146 3715 adstitit
1166 3662 1216 3717 ei
1241 3665 1371 3727 illic,
1396 3672 1450 3719 et
1472 3666 1687 3720 vocavit
1713 3667 1766 3721 in
1792 3668 2010 3723 nomine

2117 3666 2376 3720 ἐκάλεσεν
2418 3669 2474 3719 ὲν
2520 3668 2742 3739 ὀνόματι
2783 3670 3011 3742 Κυρίου.
3047 3690 3065 3722 ι
3094 3672 3302 3726 Οὐκοῦν
3336 3673 3499 3736 αὐτὸς
3523 3673 3552 3725 6
3584 3673 3699 3726 Κύ-

440 3745 709 3803 Βοιηίηἱ.»
760 3750 931 3821 Igitur
967 3752 1086 3823 ipse
1114 3752 1377 3810 Dominus
1402 3756 1531 3810 dum
1561 3767 1668 3822 est,
1705 3760 1848 3829 quod
1883 3776 2009 3830 pro—

2120 3774 2232 3829 ριος
2251 3758 2348 3829 τὴν
2376 3759 2667 3830 ὑπόσχεσιν
2696 3759 2795 3833 τὴν
2819 3762 2983 3815 αὑτοῦ
3008 3762 3311 3834 πληρώσων
3343 3764 3576 3829 κάτεισι,
3602 3765 3696 3821 καὶ

438 3838 679 3905 miserat,
717 3851 1096 3912 praestaturus,
1127 3843 1432 3912 descendit,
1458 3853 1512 3902 et
1544 3849 2007 3918 quemadmodum

2114 3848 2303 3922 ὥσπερ
2328 3853 2357 3904 6
2388 3851 2544 3921 λόγος
2591 3851 2748 3923 φησι,
2792 3853 3006 3924 πρόεισι
3040 3853 3146 3923 πρὸ
3180 3852 3473 3925 προσώπου
3497 3853 3690 3923 Μωσῆ.

433 3930 597 3984 verba
632 3932 746 4002 ipsa
767 3934 1097 4005 significant,
1122 3938 1469 4006 progreditur
1498 3950 1625 3994 ante
1671 3940 1865 3997 faciem
1893 3944 2008 3999 Mo-

2112 3940 2223 3993 Kal
2248 3941 2411 4006 αὐτὸς
2440 3942 2505 4013 δὴ
2533 3945 2563 3995 6
2585 3943 2789 4014 Κύριος
2818 3942 2973 3997 καλεῖ
2994 3942 3166 4011 λέγων
3185 3959 3199 3972 °
3232 3962 3251 3993 ι
3284 3943 3457 4015 Κύριε
3483 3946 3512 3997 6
3539 3945 3691 4008 Θεὸς,

434 4020 533 4074 sis.
564 4020 681 4092 Ipse
721 4033 903 4079 autem
944 4025 1207 4081 Dominus
1251 4037 1409 4083 vocat
1449 4030 1671 4085 dicens:
1732 4051 1751 4082 ι
1777 4031 2005 4088 Domine

2112 4032 2410 4104 οἰκτίρμων
2458 4035 2552 4088 καὶ
2585 4034 2851 4106 ἐλεήμων,
2912 4054 2932 4085 ι
2978 4035 3072 4088 καὶ
3116 4035 3187 4088 τὰ
3226 4034 3386 4106 ἑξῆς·
3440 4034 3624 4104 σαφῶς
3662 4036 3691 4087 6

435 4106 598 4170 Deus.
637 4109 879 4166 clemens
906 4120 960 4168 et
984 4116 1319 4179 misericors,
1356 4136 1374 4169 ι
1413 4126 1467 4172 ct
1497 4135 1618 4189 quae
1651 4132 1996 4192 sequuntur:

2110 4123 2316 4195 Κύριος
2340 4127 2432 4179 τὸν
2472 4125 2796 4198 θεράποντα,
2826 4127 3018 4180 ἑαυτόν
3050 4144 3111 4179 τε
3145 4128 3293 4190 ὅστις
3319 4127 3427 4197 εἴη,
3465 4126 3560 4179 καὶ
3590 4125 3690 4195 τὴν

431 4198 630 4265 quibus
664 4202 846 4257 verbis
892 4203 1053 4273 plane
1094 4207 1211 4275 ipse
1242 4208 1505 4266 Dominus
1545 4228 1703 4267 suum
1760 4232 1999 4285 servum,

2108 4217 2203 4270 τοῦ
2232 4220 2538 4289 κρείττονος
2585 4220 2791 4291 Κυρίου
2845 4220 3046 4289 γνῶσιν
3093 4219 3480 4291 μυσταγωγῶν.
3518 4217 3687 4270 Τοῦτο

431 4295 486 4341 οι
514 4289 755 4359 seipsum
783 4293 1038 4362 quisnam
1076 4306 1241 4362 esset,
1274 4308 1327 4355 et
1356 4300 1580 4371 ingeniti
1610 4304 1822 4360 Domini
1856 4310 1997 4362 noti-

2106 4310 2163 4363 δέ
2208 4328 2290 4364 σοι
2334 4289 2698 4386 παραστήσει,
2731 4312 2879 4378 ἔνθα,
2932 4289 3365 4385 προσευχόμενος
3408 4310 3548 4382 ὑπὲρ
3587 4311 3683 4364 τοῦ

429 4376 583 4441 tiam,
616 4382 774 4448 quasi
822 4384 996 4439 sacris
1031 4384 1255 4442 initians
1299 4390 1477 4445 docet.
1519 4390 1633 4448 Hoc
1666 4410 1792 4451 vero
1819 4399 1995 4468 ipsum

2105 4401 2255 4467 λαοῦ,
2314 4402 2424 4457 τῶν
2489 4405 2865 4477 προκειμένων
2916 4403 3010 4457 τοῦ
3079 4405 3288 4475 Κυρίου
3351 4403 3684 4474 μνημονεύει

426 4467 525 4522 tibi
559 4470 875 4537 planissime
907 4475 1301 4535 demonstrabit
1332 4483 1446 4553 ipse
1472 4482 1701 4558 Moyses,
1722 4488 1812 4544 ubi
1839 4467 2005 4548 orans
2037 4481 2049 4535 Ῑ

2059 4482 2081 4536 )
2110 4495 2324 4565 φωνῶν,
2350 4496 2443 4550 τὸν
2465 4467 2668 4569 Κύριον
2689 4467 2871 4550 ’ταῦτα
2897 4467 3199 4568 εἰρηκέναι,
3222 4495 3335 4549 ἀλλ’
3351 4467 3477 4549 ὀὑξ
3496 4495 3682 4560 αὐτὸν,

426 4572 526 4629 pro
555 4560 774 4628 populo,
814 4578 977 4632 supra
1017 4568 1293 4636 expositas
1330 4571 1542 4628 Domini
1580 4592 1741 4633 voces
1763 4594 2005 4637 comme-

2103 4560 2161 4641 έν
2190 4582 2271 4651 οἷς
2293 4605 2459 4659 φησι·
2502 4607 2521 4640 ι
2557 4560 2667 4643 Καὶ
2695 4589 2791 4641 νῦν
2816 4560 3084 4659 ὑψωθήτω
3116 4590 3150 4659 ἡ
3184 4586 3305 4659 χείρ
3340 4603 3457 4648 σου,
3488 4586 3684 4658 Κύριε.

426 4658 636 4704 morat:
667 4651 787 4742 illiq
810 4655 955 4710 enim
988 4658 1279 4731 intelliges,
1306 4661 1595 4720 Dominum
1621 4668 1737 4724 hate
1765 4670 1998 4739 dixisse,

2101 4678 2162 4732 ὃν
2202 4651 2402 4752 τρόπον
2448 4676 2607 4745 εἶπας
2657 4680 2831 4750 λέγων
2852 4651 2874 4711 ο,
2926 4651 3150 4753 Κύριος.
3184 4651 3549 4751 ’μακρόθυμος
3579 4651 3686 4731 ’καὶ

421 4756 532 4796 non
556 4742 731 4812 ipsum
763 4744 1024 4820 Moysem,
1045 4769 1169 4807 cum
1200 4755 1365 4813 dicit:
1391 4777 1411 4810 ι
1432 4758 1499 4812 Ει
1533 4777 1680 4816 nunc
1710 4766 2003 4823 extollatur

2100 4742 2407 4837 πολυέλεος,
2440 4774 2533 4826 καὶ
2561 4742 2834 4844 άληθινὸς,
2864 4742 3124 4845 ἀφαιρῶν*
3167 4742 3404 4844 άνομίας
3438 4742 3539 4824 και
3573 4772 3686 4824 ἁδι-

422 4849 618 4891 manus
644 4844 762 4903 tua,
783 4837 1029 4909 Domine,
1055 4850 1509 4916 quemadmodum
1533 4854 1740 4925 dixisti,
1772 4860 1998 4918 dicens:

2099 4863 2244 4927 κίας,
2281 4862 2375 4917 καὶ
2404 4837 2708 4934 άμαρτίας’
2743 4865 2836 4917 καὶ
2860 4837 3187 4935 καθαρισμῷ
3212 4837 3288 4915 ού.
3309 4863 3563 4934 καθαριεῖ
3592 4860 3684 4914 τὸν

382 4923 684 5009 ¹Ῑιοιιιὶιιιιε
731 4930 1085 5004 Ionganimis,
1131 4948 1184 4994 et
1233 4945 1416 4997 multa:
1483 4947 1893 5019 misericordiae,
1945 4962 2000 5009 et

2098 4923 2300 5026 ἔνοχον,
2337 4923 2623 5019 ἀποδιδοὺς
2655 4923 2930 5028 άμαρτίας
2974 4923 3227 5026 πατέρων
3258 4955 3351 5007 ἐπὶ
3383 4923 3546 5007 τέκνα
3578 4953 3684 5015 ἕως

420 5032 606 5087 verax,
627 5022 1218 5099 auferensiniquitates
1245 5042 1298 5088 et
1329 5035 1630 5105 injustitias
1660 5049 1714 5096 et
1744 5053 1988 5111 peccata,

2102 5022 2412 5120 ἐπι-τρίτην
2442 5048 2536 5102 καὶ
2563 5022 2827 5119 τετάρτην
2852 5048 3064 5116 γενεάν.
3104 5022 3130 5098 »-
3167 5047 3444 5116 Ἐπιτήρει
3477 5044 3534 5097 δὲ
3558 5044 3679 5096 τίνα

419 5118 474 5164 et
524 5116 849 5186 purgatione
884 5135 995 5175 non
1032 5126 1283 5194 purgabit
1321 5143 1496 5196 reum,
1522 5133 1616 5200 qui
1654 5133 1837 5191 reddis
1868 5152 1995 5206 pec-

2099 5116 2301 5213 τρόπον
2342 5116 2400 5194 ἐν
2448 5141 2655 5204 τούτοις
2684 5116 2844 5205 αὐτος
2883 5141 2912 5191 6
2949 5139 3174 5211 Κύριος,
3203 5137 3295 5191 τὸν
3324 5137 3544 5208 Πατέρα
3578 5152 3679 5205 μα-

420 5209 543 5256 rata
566 5213 783 5274 patrum
817 5209 873 5263 in
904 5209 1063 5276 filios,
1106 5229 1280 5285 usque
1309 5217 1363 5272 in
1408 5221 1624 5275 tertiam
1660 5232 1713 5278 et
1740 5236 1992 5296 quartam

2100 5209 2372 5303 κρόθυμον
2407 5232 2503 5286 καὶ
2532 5231 2819 5285 πολυέλεω
2851 5209 3114 5296 ἐπειπὼν,
3150 5227 3474 5300 προστίθησι
3504 5226 3679 5293 λέγων

420 5296 843 5360 generationem.
873 5320 892 5355 ι
944 5300 1186 5359 Observa
1229 5317 1411 5363 autem
1459 5326 1697 5380 quonam
1738 5317 1902 5371 modo
1936 5319 1989 5373 in

2098 5296 2287 5376 αύτδν-
2320 5325 2413 5378 καὶ
2475 5323 2727 5396 ἀληθινὸν
2754 5364 2769 5390 ,
2824 5322 3131 5395 συμφώνως
3196 5296 3296 5392 τῷ,
3353 5341 3371 5372 ε
3404 5296 3528 5373 Ἵνα
3590 5335 3676 5385 γι-

419 5382 502 5486 bis
532 5387 649 5457 ipse
679 5389 945 5450 Dominus
970 5394 1058 5449 ubi
1084 5395 1298 5455 Patrem
1325 5402 1712 5473 longanimem,
1732 5416 1785 5462 et
1808 5411 1992 5468 multae

2098 5414 2385 5485 γνώσκωσί
2454 5434 2513 5470 σε
2567 5382 2676 5472 ’τὸν
2752 5382 2911 5489 μόνον
2950 5382 3258 5487 ’ἀληθινὸν
3284 5382 3467 5476 θεὸν,
3535 5428 3554 5460 ι
3602 5382 3676 5460 -ἑν

420 5475 807 5537 misericordia
838 5487 1152 5557 appellavit,
1186 5499 1301 5546 tum
1337 5494 1605 5565 adjungit,
1653 5497 1831 5568 ipsum
1866 5517 1988 5560 esse

2096 5475 2447 5577 Iiba'ryelimg
2489 5511 2579 5580 ὑφ’
2606 5510 2725 5573 ἐνὸς
2752 5475 2861 5565 ’καὶ
2904 5508 2998 5563 τοῦ
3032 5475 3198 5561 aii-toﬁ
3234 5504 3490 5573 Σωτῆρος
3520 5498 3678 5573 ήμῶν

417 5580 687 5638 Veracem,
729 5576 874 5643 quod
919 5593 1052 5636 sane
1099 5598 1225 5638 cum
1268 5602 1336 5642 eo
1375 5589 1698 5656 concordat,
1744 5596 1889 5665 quod
1930 5597 1984 5653 in

2094 5603 2386 5675 εἰρημένῳ.
2427 5576 2603 5660 Μόνον
2647 5604 2780 5673 γοῦν
2826 5600 3079 5676 ἀληθινὸν
3110 5598 3243 5654 Θεὸν
3288 5596 3494 5667 σφόδρα
3523 5592 3672 5648 εὐσε-

512 5729 555 5759 "
584 5727 755 5785 Exod.
788 5747 980 5795 smn,
1011 5696 1222 5797 1749..
1289 5744 1334 5775 ’⁸
1370 5743 1541 5800 Exod.
1577 5763 1771 5815 XXUV,
1813 5751 1865 5810 ι,
1903 5752 2021 5811 5-8.
