  <div class='ocr_page' id='page_1' title='image "/cluster/home/n/w/nwhite01/storage/ocr_20150623/22:no.4/coo.31924054873025/212.png"; bbox 0 0 4110 6474; ppageno 0'>
   <div class='ocr_carea' id='block_1_1' title="bbox 412 396 527 457">
    <p class='ocr_par' dir='ltr' id='par_1_1' title="bbox 412 396 527 457">
     <span class='ocr_line' id='line_1_1' title="bbox 412 396 527 457; baseline -0.017 0"><span class='ocrx_word' id='word_1_1' title='bbox 412 396 527 457; x_wconf 73' lang='grc'><strong>’597</strong></span> 
     </span>
    </p>
   </div>
   <div class='ocr_carea' id='block_1_2' title="bbox 1380 378 2794 453">
    <p class='ocr_par' dir='ltr' id='par_1_2' title="bbox 1380 378 2794 453">
     <span class='ocr_line' id='line_1_2' title="bbox 1380 378 2794 453; baseline 0.002 -3"><span class='ocrx_word' id='word_1_2' title='bbox 1380 388 2035 452; x_wconf 74' lang='lat' dir='ltr'><strong>DEMONSTRATIONIS</strong></span> <span class='ocrx_word' id='word_1_3' title='bbox 2068 384 2524 450; x_wconf 67' lang='lat' dir='ltr'><strong>EVANGELICAE</strong></span> <span class='ocrx_word' id='word_1_4' title='bbox 2562 378 2687 448; x_wconf 75' lang='lat' dir='ltr'><strong>LIB.</strong></span> <span class='ocrx_word' id='word_1_5' title='bbox 2732 378 2794 453; x_wconf 73' lang='grc' dir='ltr'>ι.</span> 
     </span>
    </p>
   </div>
   <div class='ocr_carea' id='block_1_3' title="bbox 3564 393 3662 445">
    <p class='ocr_par' dir='ltr' id='par_1_3' title="bbox 3564 393 3662 445">
     <span class='ocr_line' id='line_1_3' title="bbox 3564 393 3662 445; baseline -0.01 0"><span class='ocrx_word' id='word_1_6' title='bbox 3564 393 3662 445; x_wconf 65' lang='grc' dir='ltr'><strong>ΒΣΗ</strong></span> 
     </span>
    </p>
   </div>
   <div class='ocr_carea' id='block_1_4' title="bbox 414 510 1968 590">
    <p class='ocr_par' dir='ltr' id='par_1_4' title="bbox 414 516 1968 590">
     <span class='ocr_line' id='line_1_4' title="bbox 414 516 1968 590; baseline -0.003 -17"><span class='ocrx_word' id='word_1_7' title='bbox 414 521 528 585; x_wconf 83' lang='grc' dir='ltr'><strong>ϐῶς</strong></span> <span class='ocrx_word' id='word_1_8' title='bbox 557 520 823 575; x_wconf 74' lang='grc' dir='ltr'><strong>ἀποκαλεῖ</strong></span> <span class='ocrx_word' id='word_1_9' title='bbox 868 520 959 575; x_wconf 81' lang='grc' dir='ltr'><strong>τὸν</strong></span> <span class='ocrx_word' id='word_1_10' title='bbox 997 516 1234 590; x_wconf 80' lang='grc' dir='ltr'><strong>Πατέρα,</strong></span> <span class='ocrx_word' id='word_1_11' title='bbox 1272 517 1333 571; x_wconf 91' lang='grc' dir='ltr'><strong>τὸ</strong></span> <span class='ocrx_word' id='word_1_12' title='bbox 1376 518 1654 588; x_wconf 80' lang='grc' dir='ltr'>προσῆκον</span> <span class='ocrx_word' id='word_1_13' title='bbox 1699 517 1968 587; x_wconf 69' lang='grc' dir='ltr'>ἀπονέμωε</span> 
     </span>
    </p>
   </div>
   <div class='ocr_carea' id='block_1_5' title="bbox 2071 510 3660 590">
    <p class='ocr_par' dir='ltr' id='par_1_5' title="bbox 2095 510 3660 586">
     <span class='ocr_line' id='line_1_5' title="bbox 2095 510 3660 586; baseline -0.004 -15"><span class='ocrx_word' id='word_1_14' title='bbox 2095 516 2407 586; x_wconf 78' lang='lat' dir='ltr'><strong>Evangeliis</strong></span> <span class='ocrx_word' id='word_1_15' title='bbox 2455 516 2664 572; x_wconf 89' lang='lat' dir='ltr'><strong>dictum</strong></span> <span class='ocrx_word' id='word_1_16' title='bbox 2695 524 2780 572; x_wconf 89' lang='lat' dir='ltr'><strong>est</strong></span> <span class='ocrx_word' id='word_1_17' title='bbox 2817 515 2886 569; x_wconf 92' lang='lat' dir='ltr'><strong>ab</strong></span> <span class='ocrx_word' id='word_1_18' title='bbox 2930 529 3040 568; x_wconf 90' lang='lat' dir='ltr'><strong>uno</strong></span> <span class='ocrx_word' id='word_1_19' title='bbox 3066 522 3117 570; x_wconf 88' lang='lat' dir='ltr'><strong>et</strong></span> <span class='ocrx_word' id='word_1_20' title='bbox 3161 513 3351 569; x_wconf 80' lang='lat' dir='ltr'><strong>eodem</strong></span> <span class='ocrx_word' id='word_1_21' title='bbox 3382 510 3660 566; x_wconf 80' lang='lat' dir='ltr'><strong>Salvatore</strong></span> 
     </span>
    </p>
   </div>
   <div class='ocr_carea' id='block_1_6' title="bbox 419 601 1968 684">
    <p class='ocr_par' dir='ltr' id='par_1_6' title="bbox 419 601 1968 684">
     <span class='ocr_line' id='line_1_6' title="bbox 419 601 1968 684; baseline -0.004 -20"><span class='ocrx_word' id='word_1_22' title='bbox 419 611 587 677; x_wconf 81' lang='grc' dir='ltr'>σέϐας</span> <span class='ocrx_word' id='word_1_23' title='bbox 614 614 681 684; x_wconf 77' lang='grc' dir='ltr'>τῇ</span> <span class='ocrx_word' id='word_1_24' title='bbox 716 609 993 682; x_wconf 69' lang='grc' dir='ltr'>ἀγεννήτῳ</span> <span class='ocrx_word' id='word_1_25' title='bbox 1029 609 1207 679; x_wconf 79' lang='grc' dir='ltr'>φύσει,</span> <span class='ocrx_word' id='word_1_26' title='bbox 1239 601 1306 679; x_wconf 78' lang='grc' dir='ltr'><strong>ἦς</strong></span> <span class='ocrx_word' id='word_1_27' title='bbox 1335 607 1496 660; x_wconf 86' lang='grc' dir='ltr'>αὐτὸν</span> <span class='ocrx_word' id='word_1_28' title='bbox 1529 607 1711 660; x_wconf 90' lang='grc' dir='ltr'>είκόνα</span> <span class='ocrx_word' id='word_1_29' title='bbox 1732 602 1868 659; x_wconf 81' lang='grc' dir='ltr'>εἶναι</span> <span class='ocrx_word' id='word_1_30' title='bbox 1898 622 1968 659; x_wconf 90' lang='grc' dir='ltr'><strong>κα</strong></span> 
     </span>
    </p>
   </div>
   <div class='ocr_carea' id='block_1_7' title="bbox 2071 601 3691 684">
    <p class='ocr_par' dir='ltr' id='par_1_7' title="bbox 2098 604 3691 679">
     <span class='ocr_line' id='line_1_7' title="bbox 2098 604 3691 679; baseline -0.003 -19"><span class='ocrx_word' id='word_1_31' title='bbox 2098 614 2320 662; x_wconf 91' lang='lat' dir='ltr'><strong>nostro:</strong></span> <span class='ocrx_word' id='word_1_32' title='bbox 2347 625 2365 659; x_wconf 78' lang='grc' dir='ltr'>ι</span> <span class='ocrx_word' id='word_1_33' title='bbox 2393 607 2462 662; x_wconf 86' lang='lat' dir='ltr'><strong>Ut</strong></span> <span class='ocrx_word' id='word_1_34' title='bbox 2490 616 2827 679; x_wconf 80' lang='lat' dir='ltr'><strong>cognoscant</strong></span> <span class='ocrx_word' id='word_1_35' title='bbox 2852 613 2907 661; x_wconf 90' lang='lat' dir='ltr'><strong>te</strong></span> <span class='ocrx_word' id='word_1_36' title='bbox 2948 605 3123 660; x_wconf 87' lang='lat' dir='ltr'><strong>solum</strong></span> <span class='ocrx_word' id='word_1_37' title='bbox 3146 620 3332 659; x_wconf 88' lang='lat' dir='ltr'><strong>verum</strong></span> <span class='ocrx_word' id='word_1_38' title='bbox 3357 604 3522 659; x_wconf 91' lang='lat' dir='ltr'><strong>Deum</strong></span> <span class='ocrx_word' id='word_1_39' title='bbox 3545 604 3612 656; x_wconf 73' lang='lat'><strong>&#39;9.</strong></span> <span class='ocrx_word' id='word_1_40' title='bbox 3639 618 3659 654; x_wconf 75' lang='grc' dir='ltr'>ι</span> <span class='ocrx_word' id='word_1_41' title='bbox 3686 661 3691 667; x_wconf 52' lang='grc'><strong>,</strong></span> 
     </span>
    </p>
   </div>
   <div class='ocr_carea' id='block_1_8' title="bbox 417 699 1459 775">
    <p class='ocr_par' dir='ltr' id='par_1_8' title="bbox 417 699 1459 775">
     <span class='ocr_line' id='line_1_8' title="bbox 417 699 1459 775; baseline -0.004 -18"><span class='ocrx_word' id='word_1_42' title='bbox 417 703 667 775; x_wconf 78' lang='grc' dir='ltr'><strong>γέννημα</strong></span> <span class='ocrx_word' id='word_1_43' title='bbox 691 702 740 755; x_wconf 83' lang='lat' dir='ltr'><strong>oi</strong></span> <span class='ocrx_word' id='word_1_44' title='bbox 764 701 894 755; x_wconf 84' lang='grc' dir='ltr'>θεῖοι</span> <span class='ocrx_word' id='word_1_45' title='bbox 918 700 1065 772; x_wconf 86' lang='grc' dir='ltr'>λόγοι</span> <span class='ocrx_word' id='word_1_46' title='bbox 1095 699 1459 755; x_wconf 78' lang='grc' dir='ltr'><strong>παιδεύουσιν.</strong></span> 
     </span>
    </p>
   </div>
   <div class='ocr_carea' id='block_1_9' title="bbox 2099 694 3659 770">
    <p class='ocr_par' dir='ltr' id='par_1_9' title="bbox 2099 694 3659 770">
     <span class='ocr_line' id='line_1_9' title="bbox 2099 694 3659 770; baseline -0.003 -19"><span class='ocrx_word' id='word_1_47' title='bbox 2099 696 2286 752; x_wconf 87' lang='lat' dir='ltr'><strong>Solum</strong></span> <span class='ocrx_word' id='word_1_48' title='bbox 2333 698 2499 770; x_wconf 83' lang='lat' dir='ltr'><strong>igitur</strong></span> <span class='ocrx_word' id='word_1_49' title='bbox 2551 714 2737 755; x_wconf 88' lang='lat' dir='ltr'><strong>verum</strong></span> <span class='ocrx_word' id='word_1_50' title='bbox 2793 699 2958 753; x_wconf 88' lang='lat' dir='ltr'><strong>Deum</strong></span> <span class='ocrx_word' id='word_1_51' title='bbox 2995 696 3287 752; x_wconf 85' lang='lat' dir='ltr'><strong>admodum</strong></span> <span class='ocrx_word' id='word_1_52' title='bbox 3322 696 3409 766; x_wconf 87' lang='lat' dir='ltr'><strong>pie</strong></span> <span class='ocrx_word' id='word_1_53' title='bbox 3445 710 3509 749; x_wconf 89' lang='lat' dir='ltr'><strong>ac</strong></span> <span class='ocrx_word' id='word_1_54' title='bbox 3534 694 3659 750; x_wconf 62' lang='lat' dir='ltr'><strong>relic</strong></span> 
     </span>
    </p>
   </div>
   <div class='ocr_carea' id='block_1_10' title="bbox 417 785 3662 864">
    <p class='ocr_par' dir='ltr' id='par_1_10' title="bbox 417 785 3662 864">
     <span class='ocr_line' id='line_1_10' title="bbox 417 785 3662 864; baseline -0.002 -18"><span class='ocrx_word' id='word_1_55' title='bbox 417 793 569 864; x_wconf 82' lang='lat' dir='ltr'><strong>giose</strong></span> <span class='ocrx_word' id='word_1_56' title='bbox 600 790 813 847; x_wconf 80' lang='lat' dir='ltr'><strong>Patrem</strong></span> <span class='ocrx_word' id='word_1_57' title='bbox 846 799 1025 855; x_wconf 83' lang='lat' dir='ltr'><strong>vocat,</strong></span> <span class='ocrx_word' id='word_1_58' title='bbox 1054 797 1115 845; x_wconf 92' lang='lat' dir='ltr'><strong>ut</strong></span> <span class='ocrx_word' id='word_1_59' title='bbox 1143 790 1225 845; x_wconf 88' lang='lat' dir='ltr'><strong>sic</strong></span> <span class='ocrx_word' id='word_1_60' title='bbox 1260 798 1467 843; x_wconf 80' lang='lat' dir='ltr'><strong>naturae</strong></span> <span class='ocrx_word' id='word_1_61' title='bbox 1499 789 1754 859; x_wconf 58' lang='lat' dir='ltr'><strong>ingenita</strong></span> <span class='ocrx_word' id='word_1_62' title='bbox 1795 785 2210 842; x_wconf 89' lang='lat' dir='ltr'><strong>convenientem</strong></span> <span class='ocrx_word' id='word_1_63' title='bbox 2266 789 2529 846; x_wconf 83' lang='lat' dir='ltr'><strong>honorem</strong></span> <span class='ocrx_word' id='word_1_64' title='bbox 2580 798 2635 845; x_wconf 92' lang='lat' dir='ltr'><strong>et</strong></span> <span class='ocrx_word' id='word_1_65' title='bbox 2663 791 2869 845; x_wconf 88' lang='lat' dir='ltr'><strong>cultum</strong></span> <span class='ocrx_word' id='word_1_66' title='bbox 2888 789 3172 853; x_wconf 82' lang='lat' dir='ltr'><strong>attribuat,</strong></span> <span class='ocrx_word' id='word_1_67' title='bbox 3236 788 3397 858; x_wconf 86' lang='lat' dir='ltr'><strong>cujus</strong></span> <span class='ocrx_word' id='word_1_68' title='bbox 3456 795 3662 842; x_wconf 70' lang='lat' dir='ltr'><strong>naturae</strong></span> 
     </span>
    </p>
   </div>
   <div class='ocr_carea' id='block_1_11' title="bbox 418 878 2258 955">
    <p class='ocr_par' dir='ltr' id='par_1_11' title="bbox 418 878 2258 955">
     <span class='ocr_line' id='line_1_11' title="bbox 418 878 2258 955; baseline -0.003 -16"><span class='ocrx_word' id='word_1_69' title='bbox 418 894 473 939; x_wconf 89' lang='lat' dir='ltr'><strong>et</strong></span> <span class='ocrx_word' id='word_1_70' title='bbox 501 885 674 955; x_wconf 85' lang='lat' dir='ltr'><strong>ipsum</strong></span> <span class='ocrx_word' id='word_1_71' title='bbox 709 883 1002 955; x_wconf 79' lang='lat' dir='ltr'><strong>imaginem</strong></span> <span class='ocrx_word' id='word_1_72' title='bbox 1033 897 1157 937; x_wconf 87' lang='lat' dir='ltr'><strong>esse</strong></span> <span class='ocrx_word' id='word_1_73' title='bbox 1181 888 1236 935; x_wconf 91' lang='lat' dir='ltr'><strong>et</strong></span> <span class='ocrx_word' id='word_1_74' title='bbox 1283 881 1525 935; x_wconf 89' lang='lat' dir='ltr'><strong>sobolem</strong></span> <span class='ocrx_word' id='word_1_75' title='bbox 1563 879 1747 933; x_wconf 88' lang='lat' dir='ltr'><strong>divina</strong></span> <span class='ocrx_word' id='word_1_76' title='bbox 1783 878 1982 933; x_wconf 87' lang='lat' dir='ltr'><strong>docent</strong></span> <span class='ocrx_word' id='word_1_77' title='bbox 2017 879 2258 933; x_wconf 88' lang='lat' dir='ltr'><strong>oracula.</strong></span> 
     </span>
    </p>
   </div>
   <div class='ocr_carea' id='block_1_12' title="bbox 930 991 1473 1047">
    <p class='ocr_par' dir='ltr' id='par_1_12' title="bbox 930 991 1473 1047">
     <span class='ocr_line' id='line_1_12' title="bbox 930 991 1473 1047; baseline -0.006 0"><span class='ocrx_word' id='word_1_78' title='bbox 930 991 1325 1047; x_wconf 78' lang='grc' dir='ltr'><strong>ΚΕΨΑΔΑΙΟΝ</strong></span> <span class='ocrx_word' id='word_1_79' title='bbox 1364 991 1473 1044; x_wconf 83' lang='lat' dir='ltr'><strong>IH&#39;.</strong></span> 
     </span>
    </p>
   </div>
   <div class='ocr_carea' id='block_1_13' title="bbox 2656 982 3111 1045">
    <p class='ocr_par' dir='ltr' id='par_1_13' title="bbox 2656 982 3111 1045">
     <span class='ocr_line' id='line_1_13' title="bbox 2656 982 3111 1045; baseline -0.002 0"><span class='ocrx_word' id='word_1_80' title='bbox 2656 982 2884 1045; x_wconf 79' lang='lat' dir='ltr'><strong>CAPUT</strong></span> <span class='ocrx_word' id='word_1_81' title='bbox 2923 984 3111 1043; x_wconf 64' lang='lat' dir='ltr'><strong>XVIII;</strong></span> 
     </span>
    </p>
   </div>
   <div class='ocr_carea' id='block_1_14' title="bbox 428 1076 1968 1154">
    <p class='ocr_par' dir='ltr' id='par_1_14' title="bbox 428 1078 1968 1154">
     <span class='ocr_line' id='line_1_14' title="bbox 428 1078 1968 1154; baseline -0.006 -13"><span class='ocrx_word' id='word_1_82' title='bbox 428 1084 567 1143; x_wconf 75' lang='grc' dir='ltr'><strong>Ἀπὸ</strong></span> <span class='ocrx_word' id='word_1_83' title='bbox 596 1084 714 1138; x_wconf 69' lang='grc' dir='ltr'>τῶν</span> <span class='ocrx_word' id='word_1_84' title='bbox 759 1083 1059 1154; x_wconf 71' lang='grc' dir='ltr'>’ᾼριθμῶν.</span> <span class='ocrx_word' id='word_1_85' title='bbox 1082 1115 1153 1125; x_wconf 90' lang='grc'><strong><em>-</em></strong></span> <span class='ocrx_word' id='word_1_86' title='bbox 1185 1085 1278 1154; x_wconf 81' lang='grc' dir='ltr'><strong>Ὡς</strong></span> <span class='ocrx_word' id='word_1_87' title='bbox 1309 1083 1416 1136; x_wconf 75' lang='grc' dir='ltr'>τὸν</span> <span class='ocrx_word' id='word_1_88' title='bbox 1447 1080 1593 1135; x_wconf 79' lang='grc' dir='ltr'>Θεὸν</span> <span class='ocrx_word' id='word_1_89' title='bbox 1628 1078 1708 1154; x_wconf 73' lang='grc' dir='ltr'>τῷ</span> <span class='ocrx_word' id='word_1_90' title='bbox 1752 1080 1968 1154; x_wconf 62' lang='grc' dir='ltr'>ξισραὴ..</span> 
     </span>
    </p>
   </div>
   <div class='ocr_carea' id='block_1_15' title="bbox 2071 1076 3657 1154">
    <p class='ocr_par' dir='ltr' id='par_1_15' title="bbox 2095 1076 3657 1154">
     <span class='ocr_line' id='line_1_15' title="bbox 2095 1076 3657 1154; baseline 0.001 -20"><span class='ocrx_word' id='word_1_91' title='bbox 2095 1080 2139 1134; x_wconf 85' lang='grc' dir='ltr'><strong><em>Α</em></strong></span> <span class='ocrx_word' id='word_1_92' title='bbox 2173 1076 2444 1154; x_wconf 67' lang='lat' dir='ltr'><strong>Numeris.</strong></span> <span class='ocrx_word' id='word_1_93' title='bbox 2474 1113 2545 1122; x_wconf 95' lang='lat'><strong>—</strong></span> <span class='ocrx_word' id='word_1_94' title='bbox 2570 1081 2723 1154; x_wconf 81' lang='lat' dir='ltr'><strong>Quod</strong></span> <span class='ocrx_word' id='word_1_95' title='bbox 2754 1081 2920 1135; x_wconf 85' lang='lat' dir='ltr'><strong>Deum</strong></span> <span class='ocrx_word' id='word_1_96' title='bbox 2948 1083 3046 1150; x_wconf 77' lang='lat' dir='ltr'><strong>ipsi</strong></span> <span class='ocrx_word' id='word_1_97' title='bbox 3078 1080 3252 1135; x_wconf 80' lang='lat' dir='ltr'><strong>Israel</strong></span> <span class='ocrx_word' id='word_1_98' title='bbox 3277 1076 3532 1154; x_wconf 51' lang='lat' dir='ltr'><strong>visibilrm</strong></span> <span class='ocrx_word' id='word_1_99' title='bbox 3548 1084 3657 1154; x_wconf 69' lang='lat' dir='ltr'><strong>esst</strong></span> 
     </span>
    </p>
   </div>
   <div class='ocr_carea' id='block_1_16' title="bbox 488 1148 1991 1224">
    <p class='ocr_par' dir='ltr' id='par_1_16' title="bbox 488 1148 1991 1224">
     <span class='ocr_line' id='line_1_16' title="bbox 488 1148 1991 1224; baseline -0.007 -13"><span class='ocrx_word' id='word_1_100' title='bbox 488 1155 704 1224; x_wconf 76' lang='grc' dir='ltr'>ὁρατὸν</span> <span class='ocrx_word' id='word_1_101' title='bbox 738 1148 890 1209; x_wconf 51' lang='lat' dir='ltr'><strong>sliat</strong></span> <span class='ocrx_word' id='word_1_102' title='bbox 908 1148 960 1223; x_wconf 73' lang='grc' dir='ltr'>ἰὴ</span> <span class='ocrx_word' id='word_1_103' title='bbox 993 1154 1121 1210; x_wconf 86' lang='grc' dir='ltr'>θεία</span> <span class='ocrx_word' id='word_1_104' title='bbox 1145 1148 1421 1207; x_wconf 79' lang='grc' dir='ltr'>διδᾶσκει</span> <span class='ocrx_word' id='word_1_105' title='bbox 1450 1149 1683 1221; x_wconf 64' lang='grc' dir='ltr'>Γραφὴ,</span> <span class='ocrx_word' id='word_1_106' title='bbox 1706 1148 1813 1203; x_wconf 76' lang='grc' dir='ltr'>τὸν</span> <span class='ocrx_word' id='word_1_107' title='bbox 1844 1150 1991 1202; x_wconf 83' lang='grc' dir='ltr'><strong>Θεὸν</strong></span> 
     </span>
    </p>
   </div>
   <div class='ocr_carea' id='block_1_17' title="bbox 483 1224 1101 1296">
    <p class='ocr_par' dir='ltr' id='par_1_17' title="bbox 483 1224 1101 1296">
     <span class='ocr_line' id='line_1_17' title="bbox 483 1224 1101 1296; baseline -0.002 -17"><span class='ocrx_word' id='word_1_108' title='bbox 483 1224 678 1296; x_wconf 77' lang='grc' dir='ltr'>Λόγον</span> <span class='ocrx_word' id='word_1_109' title='bbox 703 1226 1101 1293; x_wconf 68' lang='grc' dir='ltr'>αἰνιττομένη.</span> 
     </span>
    </p>
   </div>
   <div class='ocr_carea' id='block_1_18' title="bbox 490 1329 1984 1411">
    <p class='ocr_par' dir='ltr' id='par_1_18' title="bbox 490 1329 1984 1411">
     <span class='ocr_line' id='line_1_18' title="bbox 490 1329 1984 1411; baseline -0.007 -20"><span class='ocrx_word' id='word_1_110' title='bbox 490 1331 579 1391; x_wconf 86' lang='grc' dir='ltr'>Ἐν</span> <span class='ocrx_word' id='word_1_111' title='bbox 616 1339 728 1403; x_wconf 86' lang='grc' dir='ltr'>τοῖς</span> <span class='ocrx_word' id='word_1_112' title='bbox 791 1336 1070 1411; x_wconf 80' lang='grc' dir='ltr'>Ἀριϐμοῖς</span> <span class='ocrx_word' id='word_1_113' title='bbox 1121 1333 1149 1387; x_wconf 92' lang='lat'><strong>6</strong></span> <span class='ocrx_word' id='word_1_114' title='bbox 1190 1335 1396 1405; x_wconf 82' lang='grc' dir='ltr'><strong>Μωσῆς</strong></span> <span class='ocrx_word' id='word_1_115' title='bbox 1454 1329 1741 1403; x_wconf 79' lang='grc' dir='ltr'>εὐχόμενός</span> <span class='ocrx_word' id='word_1_116' title='bbox 1791 1340 1984 1400; x_wconf 72' lang='grc' dir='ltr'>φησιν’</span> 
     </span>
    </p>
   </div>
   <div class='ocr_carea' id='block_1_19' title="bbox 2166 1150 3659 1291">
    <p class='ocr_par' dir='ltr' id='par_1_19' title="bbox 2166 1150 3659 1291">
     <span class='ocr_line' id='line_1_19' title="bbox 2166 1150 3659 1291; baseline 0.001 -88"><span class='ocrx_word' id='word_1_117' title='bbox 2166 1152 2347 1291; x_wconf 55' lang='lat' dir='ltr'><strong>divin;</strong></span> <span class='ocrx_word' id='word_1_118' title='bbox 2391 1152 2538 1276; x_wconf 48' lang='grc' dir='ltr'><strong>(ἶσαι</strong></span> <span class='ocrx_word' id='word_1_119' title='bbox 2561 1152 2860 1220; x_wconf 81' lang='lat' dir='ltr'><strong>Scriptura,</strong></span> <span class='ocrx_word' id='word_1_120' title='bbox 2909 1167 3025 1221; x_wconf 69' lang='lat' dir='ltr'><strong>quae</strong></span> <span class='ocrx_word' id='word_1_121' title='bbox 3074 1153 3243 1221; x_wconf 82' lang='lat' dir='ltr'><strong>ipsum</strong></span> <span class='ocrx_word' id='word_1_122' title='bbox 3287 1150 3386 1204; x_wconf 86' lang='lat' dir='ltr'><strong>Dei</strong></span> <span class='ocrx_word' id='word_1_123' title='bbox 3437 1151 3659 1206; x_wconf 84' lang='lat' dir='ltr'><strong>Verbum</strong></span> 
     </span>
     <span class='ocr_line' id='line_1_20' title="bbox 2166 1238 3345 1291; baseline 0.003 -16"><span class='ocrx_word' id='word_1_124' title='bbox 2166 1238 2299 1291; x_wconf 75' lang='lat' dir='ltr'><strong>signi</strong></span> <span class='ocrx_word' id='word_1_125' title='bbox 2345 1239 2406 1274; x_wconf 87' lang='lat' dir='ltr'><strong>ca</strong></span> <span class='ocrx_word' id='word_1_126' title='bbox 2437 1263 2453 1277; x_wconf 91' lang='lat'><strong>.</strong></span> <span class='ocrx_word' id='word_1_127' title='bbox 3340 1256 3345 1259; x_wconf 56' lang='grc' dir='ltr'><strong>ν</strong></span> 
     </span>
    </p>
   </div>
   <div class='ocr_carea' id='block_1_20' title="bbox 2164 1238 3345 1291">
    <p class='ocr_par' dir='ltr' id='par_1_20' title="bbox 2164 1238 3345 1291">
     <span class='ocr_line' id='line_1_21' title="bbox 2164 1238 3345 1291; baseline 0.003 -17"><span class='ocrx_word' id='word_1_128' title='bbox 2164 1238 2453 1291; x_wconf 64' lang='lat' dir='ltr'><strong>signiﬁcat.</strong></span> <span class='ocrx_word' id='word_1_129' title='bbox 3340 1256 3345 1259; x_wconf 56' lang='grc' dir='ltr'><strong>ν</strong></span> 
     </span>
    </p>
   </div>
   <div class='ocr_carea' id='block_1_21' title="bbox 2159 1332 3665 1402">
    <p class='ocr_par' dir='ltr' id='par_1_21' title="bbox 2159 1332 3665 1402">
     <span class='ocr_line' id='line_1_22' title="bbox 2159 1332 3665 1402; baseline 0.004 -15"><span class='ocrx_word' id='word_1_130' title='bbox 2159 1333 2219 1387; x_wconf 92' lang='lat' dir='ltr'><strong>In</strong></span> <span class='ocrx_word' id='word_1_131' title='bbox 2271 1332 2526 1390; x_wconf 89' lang='lat' dir='ltr'><strong>Numeris</strong></span> <span class='ocrx_word' id='word_1_132' title='bbox 2570 1333 2747 1394; x_wconf 86' lang='lat' dir='ltr'><strong>Moses</strong></span> <span class='ocrx_word' id='word_1_133' title='bbox 2809 1344 2974 1392; x_wconf 87' lang='lat' dir='ltr'><strong>orans</strong></span> <span class='ocrx_word' id='word_1_134' title='bbox 3012 1337 3115 1390; x_wconf 90' lang='lat' dir='ltr'><strong>ait:</strong></span> <span class='ocrx_word' id='word_1_135' title='bbox 3166 1335 3473 1402; x_wconf 71' lang='lat' dir='ltr'><strong>«Quoniam</strong></span> <span class='ocrx_word' id='word_1_136' title='bbox 3507 1343 3567 1390; x_wconf 91' lang='lat' dir='ltr'><strong>tu</strong></span> <span class='ocrx_word' id='word_1_137' title='bbox 3601 1348 3665 1393; x_wconf 86' lang='lat' dir='ltr'><strong>es</strong></span> 
     </span>
    </p>
   </div>
   <div class='ocr_carea' id='block_1_22' title="bbox 418 1421 1968 1501">
    <p class='ocr_par' dir='ltr' id='par_1_22' title="bbox 418 1421 1968 1501">
     <span class='ocr_line' id='line_1_23' title="bbox 418 1421 1968 1501; baseline -0.008 -17"><span class='ocrx_word' id='word_1_138' title='bbox 418 1449 435 1483; x_wconf 86' lang='grc' dir='ltr'>ι</span> <span class='ocrx_word' id='word_1_139' title='bbox 450 1431 571 1484; x_wconf 85' lang='grc' dir='ltr'>Ὅτι</span> <span class='ocrx_word' id='word_1_140' title='bbox 596 1432 659 1483; x_wconf 80' lang='grc' dir='ltr'><strong>σὺ</strong></span> <span class='ocrx_word' id='word_1_141' title='bbox 679 1427 731 1483; x_wconf 73' lang='grc' dir='ltr'>εἷ</span> <span class='ocrx_word' id='word_1_142' title='bbox 756 1431 960 1501; x_wconf 81' lang='grc' dir='ltr'>Κύριος</span> <span class='ocrx_word' id='word_1_143' title='bbox 984 1429 1040 1481; x_wconf 80' lang='grc' dir='ltr'>ὲν</span> <span class='ocrx_word' id='word_1_144' title='bbox 1066 1425 1144 1497; x_wconf 85' lang='grc' dir='ltr'>τῷ</span> <span class='ocrx_word' id='word_1_145' title='bbox 1170 1425 1284 1496; x_wconf 83' lang='grc' dir='ltr'>λαῷ</span> <span class='ocrx_word' id='word_1_146' title='bbox 1304 1425 1497 1495; x_wconf 82' lang='grc' dir='ltr'>τούτῳ,</span> <span class='ocrx_word' id='word_1_147' title='bbox 1519 1425 1667 1487; x_wconf 82' lang='grc' dir='ltr'>ὅστις</span> <span class='ocrx_word' id='word_1_148' title='bbox 1691 1421 1968 1492; x_wconf 66' lang='grc' dir='ltr'>ὀφθαλμοῖς</span> 
     </span>
    </p>
   </div>
   <div class='ocr_carea' id='block_1_23' title="bbox 2071 1421 3662 1501">
    <p class='ocr_par' dir='ltr' id='par_1_23' title="bbox 2089 1424 3662 1497">
     <span class='ocr_line' id='line_1_24' title="bbox 2089 1424 3662 1497; baseline 0.004 -19"><span class='ocrx_word' id='word_1_149' title='bbox 2089 1424 2354 1481; x_wconf 87' lang='lat' dir='ltr'><strong>Dominus</strong></span> <span class='ocrx_word' id='word_1_150' title='bbox 2390 1426 2445 1480; x_wconf 89' lang='lat' dir='ltr'><strong>in</strong></span> <span class='ocrx_word' id='word_1_151' title='bbox 2477 1427 2677 1496; x_wconf 91' lang='lat' dir='ltr'><strong>populo</strong></span> <span class='ocrx_word' id='word_1_152' title='bbox 2708 1429 2812 1480; x_wconf 90' lang='lat' dir='ltr'><strong>hoc</strong></span> <span class='ocrx_word' id='word_1_153' title='bbox 2854 1426 2948 1497; x_wconf 84' lang='lat' dir='ltr'><strong>qni</strong></span> <span class='ocrx_word' id='word_1_154' title='bbox 2982 1428 3158 1481; x_wconf 85' lang='lat' dir='ltr'><strong>oculis</strong></span> <span class='ocrx_word' id='word_1_155' title='bbox 3197 1428 3264 1481; x_wconf 91' lang='lat' dir='ltr'><strong>ad</strong></span> <span class='ocrx_word' id='word_1_156' title='bbox 3287 1428 3478 1482; x_wconf 90' lang='lat' dir='ltr'><strong>oculos</strong></span> <span class='ocrx_word' id='word_1_157' title='bbox 3506 1428 3662 1485; x_wconf 60' lang='lat' dir='ltr'><strong>video</strong></span> 
     </span>
    </p>
   </div>
   <div class='ocr_carea' id='block_1_24' title="bbox 410 1507 1968 1593">
    <p class='ocr_par' dir='ltr' id='par_1_24' title="bbox 410 1507 1968 1593">
     <span class='ocr_line' id='line_1_25' title="bbox 410 1507 1968 1593; baseline -0.005 -18"><span class='ocrx_word' id='word_1_158' title='bbox 410 1525 527 1576; x_wconf 81' lang='grc' dir='ltr'>κατ’</span> <span class='ocrx_word' id='word_1_159' title='bbox 569 1521 880 1593; x_wconf 78' lang='grc' dir='ltr'>ὀφθαλμοὺς</span> <span class='ocrx_word' id='word_1_160' title='bbox 912 1519 1118 1591; x_wconf 81' lang='grc' dir='ltr'>ὀπτάνῃ</span> <span class='ocrx_word' id='word_1_161' title='bbox 1162 1520 1246 1583; x_wconf 82' lang='grc' dir='ltr'><strong>σὺ,</strong></span> <span class='ocrx_word' id='word_1_162' title='bbox 1282 1515 1452 1587; x_wconf 86' lang='grc' dir='ltr'>Κύριε</span> <span class='ocrx_word' id='word_1_163' title='bbox 1479 1532 1494 1546; x_wconf 80' lang='grc'><em>’</em></span> <span class='ocrx_word' id='word_1_164' title='bbox 1530 1535 1549 1566; x_wconf 75' lang='grc' dir='ltr'>ι</span> <span class='ocrx_word' id='word_1_165' title='bbox 1586 1514 1702 1569; x_wconf 87' lang='grc' dir='ltr'>ἀνθ’</span> <span class='ocrx_word' id='word_1_166' title='bbox 1730 1507 1791 1567; x_wconf 77' lang='grc' dir='ltr'>οὗ</span> <span class='ocrx_word' id='word_1_167' title='bbox 1825 1516 1852 1567; x_wconf 87' lang='grc' dir='ltr'><strong>ὁ</strong></span> <span class='ocrx_word' id='word_1_168' title='bbox 1888 1514 1968 1585; x_wconf 69' lang='grc' dir='ltr'>μὲι</span> 
     </span>
    </p>
   </div>
   <div class='ocr_carea' id='block_1_25' title="bbox 2071 1507 3658 1593">
    <p class='ocr_par' dir='ltr' id='par_1_25' title="bbox 2087 1512 3658 1588">
     <span class='ocr_line' id='line_1_26' title="bbox 2087 1512 3658 1588; baseline 0.001 -17"><span class='ocrx_word' id='word_1_169' title='bbox 2087 1516 2165 1571; x_wconf 83' lang='lat' dir='ltr'><strong>ris</strong></span> <span class='ocrx_word' id='word_1_170' title='bbox 2200 1524 2281 1581; x_wconf 92' lang='lat' dir='ltr'><strong>tu,</strong></span> <span class='ocrx_word' id='word_1_171' title='bbox 2318 1515 2545 1571; x_wconf 86' lang='lat' dir='ltr'><strong>Domine</strong></span> <span class='ocrx_word' id='word_1_172' title='bbox 2571 1512 2648 1572; x_wconf 76' lang='grc' dir='ltr'><strong>⁸⁶ε</strong></span> <span class='ocrx_word' id='word_1_173' title='bbox 2687 1536 2706 1569; x_wconf 73' lang='grc' dir='ltr'><strong>ι</strong></span> <span class='ocrx_word' id='word_1_174' title='bbox 2733 1522 2832 1587; x_wconf 89' lang='lat' dir='ltr'><strong>pro</strong></span> <span class='ocrx_word' id='word_1_175' title='bbox 2857 1533 2965 1588; x_wconf 86' lang='lat' dir='ltr'><strong>quo</strong></span> <span class='ocrx_word' id='word_1_176' title='bbox 2998 1533 3129 1573; x_wconf 88' lang='lat' dir='ltr'><strong>sane</strong></span> <span class='ocrx_word' id='word_1_177' title='bbox 3157 1517 3352 1587; x_wconf 73' lang='lat' dir='ltr'><strong>Aquila</strong></span> <span class='ocrx_word' id='word_1_178' title='bbox 3387 1519 3658 1574; x_wconf 80' lang='lat' dir='ltr'><strong>reddidit:</strong></span> 
     </span>
    </p>
   </div>
   <div class='ocr_carea' id='block_1_26' title="bbox 422 1600 1968 1683">
    <p class='ocr_par' dir='ltr' id='par_1_26' title="bbox 422 1600 1968 1683">
     <span class='ocr_line' id='line_1_27' title="bbox 422 1600 1968 1683; baseline -0.007 -13"><span class='ocrx_word' id='word_1_179' title='bbox 422 1617 652 1679; x_wconf 81' lang='grc' dir='ltr'><strong>Ἀκύλας</strong></span> <span class='ocrx_word' id='word_1_180' title='bbox 693 1605 987 1683; x_wconf 75' lang='grc' dir='ltr'>ἐξέδωκενο</span> <span class='ocrx_word' id='word_1_181' title='bbox 1023 1633 1041 1666; x_wconf 82' lang='grc' dir='ltr'>ι</span> <span class='ocrx_word' id='word_1_182' title='bbox 1076 1615 1197 1667; x_wconf 82' lang='grc' dir='ltr'>Ὅτι</span> <span class='ocrx_word' id='word_1_183' title='bbox 1250 1612 1314 1665; x_wconf 84' lang='grc' dir='ltr'><strong>σὺ</strong></span> <span class='ocrx_word' id='word_1_184' title='bbox 1342 1600 1412 1674; x_wconf 81' lang='grc' dir='ltr'>εἷ,</span> <span class='ocrx_word' id='word_1_185' title='bbox 1450 1610 1641 1680; x_wconf 86' lang='grc' dir='ltr'>Κύριε,</span> <span class='ocrx_word' id='word_1_186' title='bbox 1677 1609 1733 1660; x_wconf 84' lang='grc' dir='ltr'>ὲν</span> <span class='ocrx_word' id='word_1_187' title='bbox 1765 1607 1968 1677; x_wconf 67' lang='grc' dir='ltr'>ὲγκάτη</span> 
     </span>
    </p>
   </div>
   <div class='ocr_carea' id='block_1_27' title="bbox 2071 1600 3662 1683">
    <p class='ocr_par' dir='ltr' id='par_1_27' title="bbox 2095 1604 3662 1679">
     <span class='ocr_line' id='line_1_28' title="bbox 2095 1604 3662 1679; baseline 0.006 -23"><span class='ocrx_word' id='word_1_188' title='bbox 2095 1622 2115 1656; x_wconf 82' lang='grc' dir='ltr'><strong>ι</strong></span> <span class='ocrx_word' id='word_1_189' title='bbox 2144 1604 2415 1671; x_wconf 85' lang='lat' dir='ltr'><strong>Quoniam</strong></span> <span class='ocrx_word' id='word_1_190' title='bbox 2446 1614 2503 1661; x_wconf 90' lang='lat' dir='ltr'><strong>tu</strong></span> <span class='ocrx_word' id='word_1_191' title='bbox 2532 1621 2617 1671; x_wconf 92' lang='lat' dir='ltr'><strong>es,</strong></span> <span class='ocrx_word' id='word_1_192' title='bbox 2650 1606 2897 1676; x_wconf 87' lang='lat' dir='ltr'><strong>Domine,</strong></span> <span class='ocrx_word' id='word_1_193' title='bbox 2923 1609 2978 1664; x_wconf 87' lang='lat' dir='ltr'><strong>in</strong></span> <span class='ocrx_word' id='word_1_194' title='bbox 3007 1609 3309 1664; x_wconf 73' lang='lat' dir='ltr'><strong>visceribus</strong></span> <span class='ocrx_word' id='word_1_195' title='bbox 3343 1612 3525 1679; x_wconf 84' lang='lat' dir='ltr'><strong>populi</strong></span> <span class='ocrx_word' id='word_1_196' title='bbox 3555 1612 3662 1664; x_wconf 86' lang='lat' dir='ltr'><strong>hu-</strong></span> 
     </span>
    </p>
   </div>
   <div class='ocr_carea' id='block_1_28' title="bbox 408 1698 1968 1775">
    <p class='ocr_par' dir='ltr' id='par_1_28' title="bbox 408 1698 1968 1775">
     <span class='ocr_line' id='line_1_29' title="bbox 408 1698 1968 1775; baseline -0.008 -13"><span class='ocrx_word' id='word_1_197' title='bbox 408 1707 503 1762; x_wconf 81' lang='grc' dir='ltr'><strong>τοῦ</strong></span> <span class='ocrx_word' id='word_1_198' title='bbox 533 1707 665 1761; x_wconf 81' lang='grc' dir='ltr'>λαοῦ</span> <span class='ocrx_word' id='word_1_199' title='bbox 703 1706 913 1770; x_wconf 85' lang='grc' dir='ltr'>τούτου,</span> <span class='ocrx_word' id='word_1_200' title='bbox 946 1702 1004 1769; x_wconf 78' lang='grc' dir='ltr'><strong>ὃς</strong></span> <span class='ocrx_word' id='word_1_201' title='bbox 1034 1701 1306 1775; x_wconf 83' lang='grc' dir='ltr'>ὀφθαλμὸν</span> <span class='ocrx_word' id='word_1_202' title='bbox 1338 1705 1395 1757; x_wconf 79' lang='grc' dir='ltr'>ὲν</span> <span class='ocrx_word' id='word_1_203' title='bbox 1423 1698 1718 1772; x_wconf 77' lang='grc' dir='ltr'><strong>ὀφθαλμοῖς</strong></span> <span class='ocrx_word' id='word_1_204' title='bbox 1750 1699 1852 1770; x_wconf 83' lang='grc' dir='ltr'>ὁρᾷ</span> <span class='ocrx_word' id='word_1_205' title='bbox 1891 1698 1968 1761; x_wconf 75' lang='grc' dir='ltr'><strong>σὺ,</strong></span> 
     </span>
    </p>
   </div>
   <div class='ocr_carea' id='block_1_29' title="bbox 2071 1698 3656 1775">
    <p class='ocr_par' dir='ltr' id='par_1_29' title="bbox 2082 1698 3656 1769">
     <span class='ocr_line' id='line_1_30' title="bbox 2082 1698 3656 1769; baseline 0.002 -17"><span class='ocrx_word' id='word_1_206' title='bbox 2082 1698 2198 1769; x_wconf 89' lang='lat' dir='ltr'><strong>jus,</strong></span> <span class='ocrx_word' id='word_1_207' title='bbox 2244 1699 2337 1768; x_wconf 89' lang='lat' dir='ltr'><strong>qui</strong></span> <span class='ocrx_word' id='word_1_208' title='bbox 2388 1700 2609 1754; x_wconf 88' lang='lat' dir='ltr'><strong>oculum</strong></span> <span class='ocrx_word' id='word_1_209' title='bbox 2655 1699 2713 1753; x_wconf 90' lang='lat' dir='ltr'><strong>in</strong></span> <span class='ocrx_word' id='word_1_210' title='bbox 2760 1702 2936 1756; x_wconf 82' lang='lat' dir='ltr'><strong>oculis</strong></span> <span class='ocrx_word' id='word_1_211' title='bbox 2988 1701 3192 1758; x_wconf 86' lang='lat' dir='ltr'><strong>videris</strong></span> <span class='ocrx_word' id='word_1_212' title='bbox 3242 1711 3318 1768; x_wconf 86' lang='lat' dir='ltr'><strong>tu,</strong></span> <span class='ocrx_word' id='word_1_213' title='bbox 3361 1703 3603 1757; x_wconf 85' lang='lat' dir='ltr'><strong>Domine.</strong></span> <span class='ocrx_word' id='word_1_214' title='bbox 3635 1718 3656 1755; x_wconf 73' lang='grc' dir='ltr'>ι</span> 
     </span>
    </p>
   </div>
   <div class='ocr_carea' id='block_1_30' title="bbox 409 1786 1968 1868">
    <p class='ocr_par' dir='ltr' id='par_1_30' title="bbox 409 1786 1968 1868">
     <span class='ocr_line' id='line_1_31' title="bbox 409 1786 1968 1868; baseline -0.007 -19"><span class='ocrx_word' id='word_1_215' title='bbox 409 1796 585 1868; x_wconf 85' lang='grc' dir='ltr'>Κύριε</span> <span class='ocrx_word' id='word_1_216' title='bbox 605 1814 619 1827; x_wconf 74' lang='grc' dir='ltr'>ο</span> <span class='ocrx_word' id='word_1_217' title='bbox 669 1816 688 1848; x_wconf 76' lang='grc' dir='ltr'><strong>ι</strong></span> <span class='ocrx_word' id='word_1_218' title='bbox 716 1797 744 1850; x_wconf 85' lang='lat'><strong>6</strong></span> <span class='ocrx_word' id='word_1_219' title='bbox 772 1797 829 1850; x_wconf 78' lang='grc' dir='ltr'>δὲ</span> <span class='ocrx_word' id='word_1_220' title='bbox 857 1788 1173 1867; x_wconf 77' lang='grc' dir='ltr'><strong>Σύμμαχος⁶</strong></span> <span class='ocrx_word' id='word_1_221' title='bbox 1206 1811 1225 1844; x_wconf 81' lang='grc' dir='ltr'>ι</span> <span class='ocrx_word' id='word_1_222' title='bbox 1256 1794 1375 1846; x_wconf 79' lang='grc' dir='ltr'>Ὀτι</span> <span class='ocrx_word' id='word_1_223' title='bbox 1411 1792 1475 1845; x_wconf 79' lang='grc' dir='ltr'><strong>σὺ</strong></span> <span class='ocrx_word' id='word_1_224' title='bbox 1504 1786 1572 1856; x_wconf 78' lang='grc' dir='ltr'><strong>εἴ,</strong></span> <span class='ocrx_word' id='word_1_225' title='bbox 1598 1787 1786 1862; x_wconf 83' lang='grc' dir='ltr'>Κύριε.</span> <span class='ocrx_word' id='word_1_226' title='bbox 1818 1807 1839 1840; x_wconf 66' lang='grc' dir='ltr'><strong>ι</strong></span> <span class='ocrx_word' id='word_1_227' title='bbox 1871 1787 1968 1841; x_wconf 77' lang='lat' dir='ltr'><strong>Kal</strong></span> 
     </span>
    </p>
   </div>
   <div class='ocr_carea' id='block_1_31' title="bbox 2071 1786 3659 1868">
    <p class='ocr_par' dir='ltr' id='par_1_31' title="bbox 2086 1788 3659 1863">
     <span class='ocr_line' id='line_1_32' title="bbox 2086 1788 3659 1863; baseline 0.003 -20"><span class='ocrx_word' id='word_1_228' title='bbox 2086 1790 2248 1863; x_wconf 67' lang='grc'><strong>245</strong></span> <span class='ocrx_word' id='word_1_229' title='bbox 2276 1788 2638 1862; x_wconf 86' lang='lat' dir='ltr'><strong>Symmachus</strong></span> <span class='ocrx_word' id='word_1_230' title='bbox 2662 1801 2844 1846; x_wconf 87' lang='lat' dir='ltr'><strong>autem</strong></span> <span class='ocrx_word' id='word_1_231' title='bbox 2882 1809 2896 1846; x_wconf 89' lang='lat'><strong>:</strong></span> <span class='ocrx_word' id='word_1_232' title='bbox 2938 1808 2957 1843; x_wconf 86' lang='grc' dir='ltr'>ι</span> <span class='ocrx_word' id='word_1_233' title='bbox 2991 1791 3259 1859; x_wconf 87' lang='lat' dir='ltr'><strong>Quoniam</strong></span> <span class='ocrx_word' id='word_1_234' title='bbox 3319 1800 3374 1848; x_wconf 87' lang='lat' dir='ltr'><strong>tu</strong></span> <span class='ocrx_word' id='word_1_235' title='bbox 3422 1808 3505 1858; x_wconf 83' lang='lat' dir='ltr'><strong>es,</strong></span> <span class='ocrx_word' id='word_1_236' title='bbox 3552 1793 3659 1848; x_wconf 75' lang='grc' dir='ltr'>Ι)ολ</span> 
     </span>
    </p>
   </div>
   <div class='ocr_carea' id='block_1_32' title="bbox 410 1879 1968 1961">
    <p class='ocr_par' dir='ltr' id='par_1_32' title="bbox 410 1879 1964 1961">
     <span class='ocr_line' id='line_1_33' title="bbox 410 1879 1964 1961; baseline -0.005 -21"><span class='ocrx_word' id='word_1_237' title='bbox 410 1888 469 1943; x_wconf 78' lang='grc' dir='ltr'>ὲν</span> <span class='ocrx_word' id='word_1_238' title='bbox 506 1887 698 1960; x_wconf 78' lang='grc' dir='ltr'><strong>Ἐξὸδῳ</strong></span> <span class='ocrx_word' id='word_1_239' title='bbox 724 1889 951 1961; x_wconf 77' lang='grc' dir='ltr'>εἴρηται·</span> <span class='ocrx_word' id='word_1_240' title='bbox 981 1906 998 1939; x_wconf 81' lang='grc' dir='ltr'>ι</span> <span class='ocrx_word' id='word_1_241' title='bbox 1027 1887 1136 1941; x_wconf 73' lang='grc' dir='ltr'><strong>Καὶ</strong></span> <span class='ocrx_word' id='word_1_242' title='bbox 1164 1884 1327 1956; x_wconf 86' lang='grc' dir='ltr'>ἀνέϐη</span> <span class='ocrx_word' id='word_1_243' title='bbox 1388 1883 1614 1955; x_wconf 85' lang='grc' dir='ltr'><strong>Μωσῆς,</strong></span> <span class='ocrx_word' id='word_1_244' title='bbox 1637 1883 1730 1937; x_wconf 76' lang='grc' dir='ltr'><strong>καὶ</strong></span> <span class='ocrx_word' id='word_1_245' title='bbox 1754 1879 1964 1953; x_wconf 87' lang='grc' dir='ltr'>Ἀαρὼν</span> 
     </span>
    </p>
   </div>
   <div class='ocr_carea' id='block_1_33' title="bbox 2071 1879 3663 1961">
    <p class='ocr_par' dir='ltr' id='par_1_33' title="bbox 2088 1881 3663 1942">
     <span class='ocr_line' id='line_1_34' title="bbox 2088 1881 3663 1942; baseline 0.002 -3"><span class='ocrx_word' id='word_1_246' title='bbox 2088 1885 2254 1939; x_wconf 87' lang='lat' dir='ltr'><strong>mine.</strong></span> <span class='ocrx_word' id='word_1_247' title='bbox 2287 1902 2304 1935; x_wconf 79' lang='grc' dir='ltr'>ι</span> <span class='ocrx_word' id='word_1_248' title='bbox 2340 1882 2406 1937; x_wconf 88' lang='grc' dir='ltr'><strong>Ει</strong></span> <span class='ocrx_word' id='word_1_249' title='bbox 2450 1883 2507 1937; x_wconf 93' lang='lat' dir='ltr'><strong>in</strong></span> <span class='ocrx_word' id='word_1_250' title='bbox 2537 1881 2722 1938; x_wconf 86' lang='lat' dir='ltr'><strong>Exodo</strong></span> <span class='ocrx_word' id='word_1_251' title='bbox 2752 1884 2956 1938; x_wconf 87' lang='lat' dir='ltr'><strong>dictum</strong></span> <span class='ocrx_word' id='word_1_252' title='bbox 2989 1895 3065 1941; x_wconf 83' lang='lat' dir='ltr'><strong>est</strong></span> <span class='ocrx_word' id='word_1_253' title='bbox 3098 1905 3153 1940; x_wconf 76' lang='grc' dir='ltr'>ει</span> <span class='ocrx_word' id='word_1_254' title='bbox 3177 1885 3240 1939; x_wconf 85' lang='grc' dir='ltr'><strong>Ει</strong></span> <span class='ocrx_word' id='word_1_255' title='bbox 3274 1887 3521 1942; x_wconf 82' lang='lat' dir='ltr'><strong>ascendit</strong></span> <span class='ocrx_word' id='word_1_256' title='bbox 3546 1887 3663 1942; x_wconf 76' lang='grc' dir='ltr'><strong>Μοι-</strong></span> 
     </span>
    </p>
   </div>
   <div class='ocr_carea' id='block_1_34' title="bbox 413 1971 1968 2049">
    <p class='ocr_par' dir='ltr' id='par_1_34' title="bbox 413 1971 1968 2046">
     <span class='ocr_line' id='line_1_35' title="bbox 413 1971 1968 2046; baseline -0.003 -16"><span class='ocrx_word' id='word_1_257' title='bbox 413 1978 508 2031; x_wconf 71' lang='grc' dir='ltr'><strong>καὶ</strong></span> <span class='ocrx_word' id='word_1_258' title='bbox 568 1978 753 2032; x_wconf 78' lang='grc' dir='ltr'>Ναδὰϐ</span> <span class='ocrx_word' id='word_1_259' title='bbox 777 2018 793 2043; x_wconf 94' lang='grc'><strong>,</strong></span> <span class='ocrx_word' id='word_1_260' title='bbox 848 1978 939 2031; x_wconf 77' lang='grc' dir='ltr'><strong>καὶ</strong></span> <span class='ocrx_word' id='word_1_261' title='bbox 994 1975 1232 2039; x_wconf 72' lang='grc' dir='ltr'>Ἀϐιοὺδ,</span> <span class='ocrx_word' id='word_1_262' title='bbox 1285 1975 1378 2028; x_wconf 76' lang='grc' dir='ltr'><strong>καὶ</strong></span> <span class='ocrx_word' id='word_1_263' title='bbox 1439 1974 1809 2046; x_wconf 82' lang='grc' dir='ltr'>ἐϐδομήκοντα</span> <span class='ocrx_word' id='word_1_264' title='bbox 1872 1971 1968 2026; x_wconf 73' lang='grc' dir='ltr'><strong>τῶι</strong></span> 
     </span>
    </p>
   </div>
   <div class='ocr_carea' id='block_1_35' title="bbox 2071 1971 3661 2049">
    <p class='ocr_par' dir='ltr' id='par_1_35' title="bbox 2084 1973 3661 2049">
     <span class='ocr_line' id='line_1_36' title="bbox 2084 1973 3661 2049; baseline 0 -17"><span class='ocrx_word' id='word_1_265' title='bbox 2084 1991 2173 2032; x_wconf 85' lang='lat' dir='ltr'><strong>ses</strong></span> <span class='ocrx_word' id='word_1_266' title='bbox 2201 1984 2256 2031; x_wconf 89' lang='lat' dir='ltr'><strong>et</strong></span> <span class='ocrx_word' id='word_1_267' title='bbox 2293 1976 2498 2039; x_wconf 77' lang='lat' dir='ltr'><strong>Aaron,</strong></span> <span class='ocrx_word' id='word_1_268' title='bbox 2534 1985 2589 2029; x_wconf 89' lang='lat' dir='ltr'><strong>et</strong></span> <span class='ocrx_word' id='word_1_269' title='bbox 2617 1973 2828 2043; x_wconf 84' lang='lat' dir='ltr'><strong>Nadab,</strong></span> <span class='ocrx_word' id='word_1_270' title='bbox 2862 1982 2924 2030; x_wconf 82' lang='lat' dir='ltr'><strong>et</strong></span> <span class='ocrx_word' id='word_1_271' title='bbox 2962 1977 3161 2041; x_wconf 90' lang='lat' dir='ltr'><strong>Ahiud,</strong></span> <span class='ocrx_word' id='word_1_272' title='bbox 3216 1985 3270 2032; x_wconf 90' lang='lat' dir='ltr'><strong>et</strong></span> <span class='ocrx_word' id='word_1_273' title='bbox 3308 1980 3661 2049; x_wconf 73' lang='lat' dir='ltr'><strong>septuaginta</strong></span> 
     </span>
    </p>
   </div>
   <div class='ocr_carea' id='block_1_36' title="bbox 410 2061 1980 2141">
    <p class='ocr_par' dir='ltr' id='par_1_36' title="bbox 410 2061 1980 2141">
     <span class='ocr_line' id='line_1_37' title="bbox 410 2061 1980 2141; baseline 0 -22"><span class='ocrx_word' id='word_1_274' title='bbox 410 2069 792 2141; x_wconf 83' lang='grc' dir='ltr'>πρεσϐυτέρων</span> <span class='ocrx_word' id='word_1_275' title='bbox 829 2067 924 2120; x_wconf 82' lang='grc' dir='ltr'><strong>τοῦ</strong></span> <span class='ocrx_word' id='word_1_276' title='bbox 967 2066 1214 2138; x_wconf 81' lang='grc' dir='ltr'>Ἰσραὴλ,</span> <span class='ocrx_word' id='word_1_277' title='bbox 1245 2066 1341 2119; x_wconf 79' lang='grc' dir='ltr'>καὶ</span> <span class='ocrx_word' id='word_1_278' title='bbox 1370 2061 1510 2119; x_wconf 81' lang='grc' dir='ltr'>εἶδον</span> <span class='ocrx_word' id='word_1_279' title='bbox 1540 2065 1630 2119; x_wconf 78' lang='grc' dir='ltr'>τὸν</span> <span class='ocrx_word' id='word_1_280' title='bbox 1651 2065 1814 2119; x_wconf 83' lang='grc' dir='ltr'>τόπον</span> <span class='ocrx_word' id='word_1_281' title='bbox 1848 2065 1980 2119; x_wconf 84' lang='grc' dir='ltr'>ὅπου</span> 
     </span>
    </p>
   </div>
   <div class='ocr_carea' id='block_1_37' title="bbox 404 2146 1984 2230">
    <p class='ocr_par' dir='ltr' id='par_1_37' title="bbox 404 2146 1984 2230">
     <span class='ocr_line' id='line_1_38' title="bbox 404 2146 1984 2230; baseline -0.001 -18"><span class='ocrx_word' id='word_1_282' title='bbox 404 2160 632 2229; x_wconf 75' lang='grc' dir='ltr'>ἔστηκεν</span> <span class='ocrx_word' id='word_1_283' title='bbox 681 2162 709 2212; x_wconf 88' lang='lat'><strong>6</strong></span> <span class='ocrx_word' id='word_1_284' title='bbox 748 2156 878 2223; x_wconf 86' lang='grc' dir='ltr'>Θεὸς</span> <span class='ocrx_word' id='word_1_285' title='bbox 927 2159 1175 2230; x_wconf 85' lang='grc' dir='ltr'>Ἰσραήλ·</span> <span class='ocrx_word' id='word_1_286' title='bbox 1216 2176 1235 2211; x_wconf 72' lang='grc' dir='ltr'>ι</span> <span class='ocrx_word' id='word_1_287' title='bbox 1272 2146 1388 2211; x_wconf 70' lang='grc' dir='ltr'>ἀνθ⁴</span> <span class='ocrx_word' id='word_1_288' title='bbox 1419 2151 1481 2211; x_wconf 74' lang='grc' dir='ltr'>οὗ</span> <span class='ocrx_word' id='word_1_289' title='bbox 1521 2160 1549 2212; x_wconf 98' lang='lat'><strong>6</strong></span> <span class='ocrx_word' id='word_1_290' title='bbox 1594 2158 1692 2230; x_wconf 83' lang='grc' dir='ltr'><strong>μὲν</strong></span> <span class='ocrx_word' id='word_1_291' title='bbox 1729 2156 1984 2222; x_wconf 73' lang='grc' dir='ltr'>’Δκύλαςο</span> 
     </span>
    </p>
   </div>
   <div class='ocr_carea' id='block_1_38' title="bbox 407 2245 1980 2323">
    <p class='ocr_par' dir='ltr' id='par_1_38' title="bbox 407 2245 1980 2323">
     <span class='ocr_line' id='line_1_39' title="bbox 407 2245 1980 2323; baseline -0.001 -19"><span class='ocrx_word' id='word_1_292' title='bbox 407 2269 427 2303; x_wconf 80' lang='grc' dir='ltr'>ι</span> <span class='ocrx_word' id='word_1_293' title='bbox 458 2252 568 2304; x_wconf 72' lang='lat' dir='ltr'><strong>Kal.</strong></span> <span class='ocrx_word' id='word_1_294' title='bbox 619 2245 755 2304; x_wconf 73' lang='grc' dir='ltr'>εἶδον</span> <span class='ocrx_word' id='word_1_295' title='bbox 776 2291 791 2313; x_wconf 93' lang='grc'><strong>,</strong></span> <span class='ocrx_word' id='word_1_296' title='bbox 834 2252 991 2321; x_wconf 73' lang='grc' dir='ltr'>φησι,</span> <span class='ocrx_word' id='word_1_297' title='bbox 1037 2245 1127 2304; x_wconf 89' lang='grc' dir='ltr'><strong>τὸν</strong></span> <span class='ocrx_word' id='word_1_298' title='bbox 1179 2250 1311 2305; x_wconf 85' lang='grc' dir='ltr'>Θεὸν</span> <span class='ocrx_word' id='word_1_299' title='bbox 1352 2250 1599 2323; x_wconf 78' lang='grc' dir='ltr'>Ἰσραήλο</span> <span class='ocrx_word' id='word_1_300' title='bbox 1633 2269 1652 2302; x_wconf 85' lang='grc'>›</span> <span class='ocrx_word' id='word_1_301' title='bbox 1687 2253 1716 2303; x_wconf 86' lang='grc' dir='ltr'><strong>ό</strong></span> <span class='ocrx_word' id='word_1_302' title='bbox 1743 2250 1798 2303; x_wconf 76' lang='grc' dir='ltr'>δὲ</span> <span class='ocrx_word' id='word_1_303' title='bbox 1834 2250 1980 2322; x_wconf 83' lang='grc' dir='ltr'>Σύμ-</span> 
     </span>
    </p>
   </div>
   <div class='ocr_carea' id='block_1_39' title="bbox 404 2338 1980 2414">
    <p class='ocr_par' dir='ltr' id='par_1_39' title="bbox 404 2338 1980 2414">
     <span class='ocr_line' id='line_1_40' title="bbox 404 2338 1980 2414; baseline 0.001 -20"><span class='ocrx_word' id='word_1_304' title='bbox 404 2358 575 2412; x_wconf 81' lang='grc' dir='ltr'>μαχος</span> <span class='ocrx_word' id='word_1_305' title='bbox 599 2357 617 2373; x_wconf 76' lang='grc'><em>’</em></span> <span class='ocrx_word' id='word_1_306' title='bbox 645 2359 664 2394; x_wconf 81' lang='grc' dir='ltr'>ι</span> <span class='ocrx_word' id='word_1_307' title='bbox 703 2343 810 2395; x_wconf 74' lang='grc' dir='ltr'>Καὶ</span> <span class='ocrx_word' id='word_1_308' title='bbox 834 2338 973 2396; x_wconf 72' lang='grc' dir='ltr'>εἶδον</span> <span class='ocrx_word' id='word_1_309' title='bbox 990 2342 1230 2413; x_wconf 84' lang='grc' dir='ltr'><strong>ὁράματι</strong></span> <span class='ocrx_word' id='word_1_310' title='bbox 1257 2341 1350 2395; x_wconf 85' lang='grc' dir='ltr'><strong>τὸν</strong></span> <span class='ocrx_word' id='word_1_311' title='bbox 1381 2341 1513 2396; x_wconf 85' lang='grc' dir='ltr'>Θεὸν</span> <span class='ocrx_word' id='word_1_312' title='bbox 1554 2340 1790 2414; x_wconf 85' lang='grc' dir='ltr'>Ἰσραήλ.</span> <span class='ocrx_word' id='word_1_313' title='bbox 1823 2360 1841 2393; x_wconf 73' lang='grc' dir='ltr'>ι</span> <span class='ocrx_word' id='word_1_314' title='bbox 1880 2342 1980 2396; x_wconf 68' lang='grc' dir='ltr'><strong>Διὰ</strong></span> 
     </span>
    </p>
   </div>
   <div class='ocr_carea' id='block_1_40' title="bbox 397 2428 1984 2504">
    <p class='ocr_par' dir='ltr' id='par_1_40' title="bbox 397 2428 1984 2504">
     <span class='ocr_line' id='line_1_41' title="bbox 397 2428 1984 2504; baseline 0.002 -20"><span class='ocrx_word' id='word_1_315' title='bbox 397 2431 478 2496; x_wconf 79' lang='grc' dir='ltr'><strong>τὸ,</strong></span> <span class='ocrx_word' id='word_1_316' title='bbox 512 2450 530 2483; x_wconf 87' lang='grc' dir='ltr'>ι</span> <span class='ocrx_word' id='word_1_317' title='bbox 549 2428 681 2486; x_wconf 87' lang='grc' dir='ltr'>Θεὸν</span> <span class='ocrx_word' id='word_1_318' title='bbox 713 2432 886 2496; x_wconf 78' lang='grc' dir='ltr'>οὐδεὶς</span> <span class='ocrx_word' id='word_1_319' title='bbox 912 2431 1123 2504; x_wconf 77' lang='grc' dir='ltr'>ἑώρακε</span> <span class='ocrx_word' id='word_1_320' title='bbox 1152 2431 1370 2486; x_wconf 86' lang='grc' dir='ltr'>πώποτε</span> <span class='ocrx_word' id='word_1_321' title='bbox 1392 2473 1406 2498; x_wconf 93' lang='grc'><strong>,</strong></span> <span class='ocrx_word' id='word_1_322' title='bbox 1452 2451 1471 2484; x_wconf 72' lang='grc' dir='ltr'>ι</span> <span class='ocrx_word' id='word_1_323' title='bbox 1504 2431 1622 2503; x_wconf 79' lang='grc' dir='ltr'>τάχ’</span> <span class='ocrx_word' id='word_1_324' title='bbox 1646 2432 1710 2485; x_wconf 78' lang='grc' dir='ltr'>ἄν</span> <span class='ocrx_word' id='word_1_325' title='bbox 1728 2450 1812 2496; x_wconf 88' lang='grc' dir='ltr'>τις</span> <span class='ocrx_word' id='word_1_326' title='bbox 1830 2434 1984 2487; x_wconf 72' lang='grc' dir='ltr'>ἐνανει</span> 
     </span>
    </p>
   </div>
   <div class='ocr_carea' id='block_1_41' title="bbox 396 2518 1981 2597">
    <p class='ocr_par' dir='ltr' id='par_1_41' title="bbox 396 2518 1981 2597">
     <span class='ocr_line' id='line_1_42' title="bbox 396 2518 1981 2597; baseline 0.001 -21"><span class='ocrx_word' id='word_1_327' title='bbox 396 2522 517 2576; x_wconf 85' lang='grc' dir='ltr'>τίαν</span> <span class='ocrx_word' id='word_1_328' title='bbox 546 2518 778 2594; x_wconf 74' lang='grc' dir='ltr'>εἶναιτῷ</span> <span class='ocrx_word' id='word_1_329' title='bbox 812 2523 1142 2595; x_wconf 82' lang='grc' dir='ltr'>σωτηριώδει</span> <span class='ocrx_word' id='word_1_330' title='bbox 1180 2524 1337 2595; x_wconf 85' lang='grc' dir='ltr'><strong>Λόγῳ</strong></span> <span class='ocrx_word' id='word_1_331' title='bbox 1373 2523 1472 2596; x_wconf 83' lang='grc' dir='ltr'>τὴν</span> <span class='ocrx_word' id='word_1_332' title='bbox 1517 2523 1800 2597; x_wconf 78' lang='grc' dir='ltr'>παροῦσαν</span> <span class='ocrx_word' id='word_1_333' title='bbox 1847 2526 1981 2579; x_wconf 87' lang='grc' dir='ltr'>ὑπο-</span> 
     </span>
    </p>
   </div>
   <div class='ocr_carea' id='block_1_42' title="bbox 399 2610 1977 2688">
    <p class='ocr_par' dir='ltr' id='par_1_42' title="bbox 399 2610 1977 2688">
     <span class='ocr_line' id='line_1_43' title="bbox 399 2610 1977 2688; baseline 0.001 -19"><span class='ocrx_word' id='word_1_334' title='bbox 399 2610 553 2669; x_wconf 85' lang='grc' dir='ltr'>λάϐοι</span> <span class='ocrx_word' id='word_1_335' title='bbox 583 2614 758 2681; x_wconf 82' lang='grc' dir='ltr'>λέξιν,</span> <span class='ocrx_word' id='word_1_336' title='bbox 792 2615 867 2679; x_wconf 81' lang='grc' dir='ltr'>ὡς</span> <span class='ocrx_word' id='word_1_337' title='bbox 903 2615 1095 2688; x_wconf 87' lang='grc' dir='ltr'>ὁρατὸν</span> <span class='ocrx_word' id='word_1_338' title='bbox 1129 2615 1520 2688; x_wconf 80' lang='grc' dir='ltr'><strong>ὑποτιθεμένην</strong></span> <span class='ocrx_word' id='word_1_339' title='bbox 1554 2616 1647 2669; x_wconf 88' lang='grc' dir='ltr'><strong>τὸν</strong></span> <span class='ocrx_word' id='word_1_340' title='bbox 1684 2617 1783 2687; x_wconf 78' lang='grc' dir='ltr'>τὴν</span> <span class='ocrx_word' id='word_1_341' title='bbox 1818 2616 1977 2687; x_wconf 82' lang='grc' dir='ltr'>φύσιν</span> 
     </span>
    </p>
   </div>
   <div class='ocr_carea' id='block_1_43' title="bbox 401 2704 1974 2781">
    <p class='ocr_par' dir='ltr' id='par_1_43' title="bbox 401 2704 1974 2781">
     <span class='ocr_line' id='line_1_44' title="bbox 401 2704 1974 2781; baseline -0.001 -19"><span class='ocrx_word' id='word_1_342' title='bbox 401 2709 647 2781; x_wconf 83' lang='grc' dir='ltr'>ἀόρατον.</span> <span class='ocrx_word' id='word_1_343' title='bbox 693 2707 831 2761; x_wconf 83' lang='grc' dir='ltr'>Ἀλλ’</span> <span class='ocrx_word' id='word_1_344' title='bbox 865 2709 914 2760; x_wconf 87' lang='grc' dir='ltr'><strong>εί</strong></span> <span class='ocrx_word' id='word_1_345' title='bbox 953 2706 1239 2761; x_wconf 74' lang='grc' dir='ltr'>καὶταῦτα</span> <span class='ocrx_word' id='word_1_346' title='bbox 1270 2706 1361 2760; x_wconf 73' lang='grc' dir='ltr'>ἐπὶ</span> <span class='ocrx_word' id='word_1_347' title='bbox 1387 2704 1477 2760; x_wconf 81' lang='grc' dir='ltr'><strong>τὸν</strong></span> <span class='ocrx_word' id='word_1_348' title='bbox 1499 2705 1669 2776; x_wconf 82' lang='grc' dir='ltr'>Λόγον</span> <span class='ocrx_word' id='word_1_349' title='bbox 1691 2708 1780 2760; x_wconf 78' lang='grc' dir='ltr'>τοῦ</span> <span class='ocrx_word' id='word_1_350' title='bbox 1806 2705 1940 2760; x_wconf 81' lang='grc' dir='ltr'>Θεοῦ</span> <span class='ocrx_word' id='word_1_351' title='bbox 1960 2748 1974 2773; x_wconf 90' lang='grc'><strong>,</strong></span> 
     </span>
    </p>
   </div>
   <div class='ocr_carea' id='block_1_44' title="bbox 398 2796 1978 2872">
    <p class='ocr_par' dir='ltr' id='par_1_44' title="bbox 398 2796 1978 2872">
     <span class='ocr_line' id='line_1_45' title="bbox 398 2796 1978 2872; baseline 0 -21"><span class='ocrx_word' id='word_1_352' title='bbox 398 2798 488 2852; x_wconf 83' lang='grc' dir='ltr'><strong>τὸν</strong></span> <span class='ocrx_word' id='word_1_353' title='bbox 522 2796 841 2870; x_wconf 80' lang='grc' dir='ltr'>πολυμερῶς</span> <span class='ocrx_word' id='word_1_354' title='bbox 865 2797 957 2851; x_wconf 75' lang='grc' dir='ltr'>καὶ</span> <span class='ocrx_word' id='word_1_355' title='bbox 987 2797 1339 2872; x_wconf 82' lang='grc' dir='ltr'><strong>πολυτρόπως</strong></span> <span class='ocrx_word' id='word_1_356' title='bbox 1366 2796 1599 2867; x_wconf 79' lang='grc' dir='ltr'><strong>ὀφθέντα</strong></span> <span class='ocrx_word' id='word_1_357' title='bbox 1625 2799 1739 2860; x_wconf 83' lang='grc' dir='ltr'>τοῖς</span> <span class='ocrx_word' id='word_1_358' title='bbox 1766 2798 1978 2868; x_wconf 82' lang='grc' dir='ltr'>πατρά-</span> 
     </span>
    </p>
   </div>
   <div class='ocr_carea' id='block_1_45' title="bbox 402 2888 1973 2961">
    <p class='ocr_par' dir='ltr' id='par_1_45' title="bbox 402 2888 1973 2961">
     <span class='ocr_line' id='line_1_46' title="bbox 402 2888 1973 2961; baseline 0 -18"><span class='ocrx_word' id='word_1_359' title='bbox 402 2907 484 2943; x_wconf 89' lang='grc' dir='ltr'><strong>σιν</strong></span> <span class='ocrx_word' id='word_1_360' title='bbox 531 2889 814 2953; x_wconf 74' lang='grc' dir='ltr'>ἔκλάϐοις,</span> <span class='ocrx_word' id='word_1_361' title='bbox 872 2889 1072 2961; x_wconf 85' lang='grc' dir='ltr'>ὁμοίως</span> <span class='ocrx_word' id='word_1_362' title='bbox 1118 2891 1230 2953; x_wconf 80' lang='grc' dir='ltr'>τοῖς</span> <span class='ocrx_word' id='word_1_363' title='bbox 1277 2888 1778 2961; x_wconf 82' lang='grc' dir='ltr'>προαποδειχθείσιν</span> <span class='ocrx_word' id='word_1_364' title='bbox 1822 2892 1973 2961; x_wconf 79' lang='grc' dir='ltr'>ἡμῖν,</span> 
     </span>
    </p>
   </div>
   <div class='ocr_carea' id='block_1_46' title="bbox 398 2978 1981 3053">
    <p class='ocr_par' dir='ltr' id='par_1_46' title="bbox 398 2978 1981 3053">
     <span class='ocr_line' id='line_1_47' title="bbox 398 2978 1981 3053; baseline -0.001 -16"><span class='ocrx_word' id='word_1_365' title='bbox 398 2983 576 3037; x_wconf 81' lang='grc' dir='ltr'>οὐκέτ’</span> <span class='ocrx_word' id='word_1_366' title='bbox 613 2984 679 3037; x_wconf 83' lang='grc' dir='ltr'><strong>ἂν</strong></span> <span class='ocrx_word' id='word_1_367' title='bbox 698 2982 864 3050; x_wconf 80' lang='grc' dir='ltr'>δόξειε</span> <span class='ocrx_word' id='word_1_368' title='bbox 887 2985 1001 3047; x_wconf 78' lang='grc' dir='ltr'>τοῖς</span> <span class='ocrx_word' id='word_1_369' title='bbox 1019 2983 1282 3046; x_wconf 75' lang='grc' dir='ltr'>ἐναντίοις</span> <span class='ocrx_word' id='word_1_370' title='bbox 1312 2978 1678 3053; x_wconf 80' lang='grc' dir='ltr'>περιπίπτειν.</span> <span class='ocrx_word' id='word_1_371' title='bbox 1704 2981 1835 3037; x_wconf 82' lang='grc' dir='ltr'>Θεὸν</span> <span class='ocrx_word' id='word_1_372' title='bbox 1878 2985 1981 3036; x_wconf 83' lang='grc' dir='ltr'><strong>Ἱσ-</strong></span> 
     </span>
    </p>
   </div>
   <div class='ocr_carea' id='block_1_47' title="bbox 400 3066 1974 3150">
    <p class='ocr_par' dir='ltr' id='par_1_47' title="bbox 400 3066 1974 3150">
     <span class='ocr_line' id='line_1_48' title="bbox 400 3066 1974 3150; baseline -0.002 -19"><span class='ocrx_word' id='word_1_373' title='bbox 400 3076 543 3150; x_wconf 81' lang='grc' dir='ltr'>ραὴλ</span> <span class='ocrx_word' id='word_1_374' title='bbox 571 3074 780 3131; x_wconf 69' lang='grc' dir='ltr'>ἐνταῦθ’</span> <span class='ocrx_word' id='word_1_375' title='bbox 812 3074 1084 3147; x_wconf 86' lang='grc' dir='ltr'>ὁρώμενον</span> <span class='ocrx_word' id='word_1_376' title='bbox 1118 3070 1276 3128; x_wconf 83' lang='grc' dir='ltr'>αὑτὸν</span> <span class='ocrx_word' id='word_1_377' title='bbox 1300 3066 1504 3127; x_wconf 74' lang='grc' dir='ltr'>ἐκεῖνον</span> <span class='ocrx_word' id='word_1_378' title='bbox 1532 3068 1667 3129; x_wconf 79' lang='grc' dir='ltr'>εἶναι</span> <span class='ocrx_word' id='word_1_379' title='bbox 1703 3072 1974 3140; x_wconf 80' lang='grc' dir='ltr'>διδάσκει,</span> 
     </span>
    </p>
   </div>
   <div class='ocr_carea' id='block_1_48' title="bbox 396 3163 1978 3240">
    <p class='ocr_par' dir='ltr' id='par_1_48' title="bbox 396 3163 1978 3240">
     <span class='ocr_line' id='line_1_49' title="bbox 396 3163 1978 3240; baseline -0.003 -18"><span class='ocrx_word' id='word_1_380' title='bbox 396 3167 456 3222; x_wconf 77' lang='grc' dir='ltr'>ὃν</span> <span class='ocrx_word' id='word_1_381' title='bbox 492 3168 585 3223; x_wconf 79' lang='grc' dir='ltr'>καὶ</span> <span class='ocrx_word' id='word_1_382' title='bbox 624 3167 703 3238; x_wconf 80' lang='grc' dir='ltr'>τῷ</span> <span class='ocrx_word' id='word_1_383' title='bbox 746 3167 961 3240; x_wconf 79' lang='grc' dir='ltr'>Ἰσραὴλ</span> <span class='ocrx_word' id='word_1_384' title='bbox 997 3163 1247 3237; x_wconf 81' lang='grc' dir='ltr'><strong>ὀφθέντα,</strong></span> <span class='ocrx_word' id='word_1_385' title='bbox 1287 3166 1376 3218; x_wconf 84' lang='grc' dir='ltr'><strong>ὅτε</strong></span> <span class='ocrx_word' id='word_1_386' title='bbox 1398 3164 1652 3218; x_wconf 77' lang='grc' dir='ltr'>ὲπόιλαιεν</span> <span class='ocrx_word' id='word_1_387' title='bbox 1689 3165 1978 3237; x_wconf 76' lang='grc' dir='ltr'>ἄνθρωπος</span> 
     </span>
    </p>
   </div>
   <div class='ocr_carea' id='block_1_49' title="bbox 2081 2066 3661 2132">
    <p class='ocr_par' dir='ltr' id='par_1_49' title="bbox 2081 2066 3661 2132">
     <span class='ocr_line' id='line_1_50' title="bbox 2081 2066 3661 2132; baseline -0.001 -7"><span class='ocrx_word' id='word_1_388' title='bbox 2081 2084 2148 2125; x_wconf 82' lang='lat' dir='ltr'><strong>ex</strong></span> <span class='ocrx_word' id='word_1_389' title='bbox 2180 2068 2487 2125; x_wconf 83' lang='lat' dir='ltr'><strong>senioribus</strong></span> <span class='ocrx_word' id='word_1_390' title='bbox 2519 2067 2709 2132; x_wconf 88' lang='lat' dir='ltr'><strong>Israel,</strong></span> <span class='ocrx_word' id='word_1_391' title='bbox 2754 2077 2807 2121; x_wconf 91' lang='lat' dir='ltr'><strong>et</strong></span> <span class='ocrx_word' id='word_1_392' title='bbox 2843 2066 3102 2122; x_wconf 88' lang='lat' dir='ltr'><strong>viderunt</strong></span> <span class='ocrx_word' id='word_1_393' title='bbox 3132 2068 3310 2122; x_wconf 90' lang='lat' dir='ltr'><strong>locum</strong></span> <span class='ocrx_word' id='word_1_394' title='bbox 3365 2071 3459 2123; x_wconf 92' lang='lat' dir='ltr'><strong>ubi</strong></span> <span class='ocrx_word' id='word_1_395' title='bbox 3492 2078 3661 2126; x_wconf 64' lang='lat' dir='ltr'><strong>steteo</strong></span> 
     </span>
    </p>
   </div>
   <div class='ocr_carea' id='block_1_50' title="bbox 2082 2158 3735 2229">
    <p class='ocr_par' dir='ltr' id='par_1_50' title="bbox 2082 2158 3735 2229">
     <span class='ocr_line' id='line_1_51' title="bbox 2082 2158 3735 2229; baseline -0.001 -13"><span class='ocrx_word' id='word_1_396' title='bbox 2082 2169 2169 2216; x_wconf 83' lang='lat' dir='ltr'><strong>rat</strong></span> <span class='ocrx_word' id='word_1_397' title='bbox 2192 2161 2334 2217; x_wconf 90' lang='lat' dir='ltr'><strong>Deus</strong></span> <span class='ocrx_word' id='word_1_398' title='bbox 2367 2158 2619 2222; x_wconf 72' lang='lat' dir='ltr'><strong>Israel&quot;;</strong></span> <span class='ocrx_word' id='word_1_399' title='bbox 2647 2179 2667 2211; x_wconf 74' lang='grc' dir='ltr'>ι</span> <span class='ocrx_word' id='word_1_400' title='bbox 2692 2174 2791 2228; x_wconf 92' lang='lat' dir='ltr'><strong>pro</strong></span> <span class='ocrx_word' id='word_1_401' title='bbox 2808 2174 2917 2228; x_wconf 88' lang='lat' dir='ltr'><strong>quo</strong></span> <span class='ocrx_word' id='word_1_402' title='bbox 2933 2158 3128 2229; x_wconf 83' lang='lat' dir='ltr'><strong>Aquila</strong></span> <span class='ocrx_word' id='word_1_403' title='bbox 3162 2178 3175 2213; x_wconf 91' lang='lat'>:</span> <span class='ocrx_word' id='word_1_404' title='bbox 3219 2178 3239 2210; x_wconf 66' lang='grc' dir='ltr'><strong>ι</strong></span> <span class='ocrx_word' id='word_1_405' title='bbox 3278 2159 3344 2216; x_wconf 85' lang='grc' dir='ltr'><strong>Ει</strong></span> <span class='ocrx_word' id='word_1_406' title='bbox 3376 2162 3653 2228; x_wconf 84' lang='lat' dir='ltr'><strong>viderunt,</strong></span> <span class='ocrx_word' id='word_1_407' title='bbox 3726 2196 3735 2204; x_wconf 75' lang='lat'><em>-</em></span> 
     </span>
    </p>
   </div>
   <div class='ocr_carea' id='block_1_51' title="bbox 2080 2248 3657 2324">
    <p class='ocr_par' dir='ltr' id='par_1_51' title="bbox 2080 2248 3657 2324">
     <span class='ocr_line' id='line_1_52' title="bbox 2080 2248 3657 2324; baseline 0 -16"><span class='ocrx_word' id='word_1_408' title='bbox 2080 2252 2282 2324; x_wconf 90' lang='lat' dir='ltr'><strong>inquit,</strong></span> <span class='ocrx_word' id='word_1_409' title='bbox 2313 2251 2484 2307; x_wconf 87' lang='lat' dir='ltr'><strong>Deum</strong></span> <span class='ocrx_word' id='word_1_410' title='bbox 2518 2249 2720 2317; x_wconf 90' lang='lat' dir='ltr'><strong>lsracl;</strong></span> <span class='ocrx_word' id='word_1_411' title='bbox 2751 2270 2770 2303; x_wconf 73' lang='grc' dir='ltr'>ι</span> <span class='ocrx_word' id='word_1_412' title='bbox 2802 2248 3164 2322; x_wconf 84' lang='lat' dir='ltr'><strong>Symmachus</strong></span> <span class='ocrx_word' id='word_1_413' title='bbox 3191 2262 3408 2307; x_wconf 85' lang='lat' dir='ltr'><strong>autem:</strong></span> <span class='ocrx_word' id='word_1_414' title='bbox 3436 2266 3454 2305; x_wconf 84' lang='grc' dir='ltr'>ι</span> <span class='ocrx_word' id='word_1_415' title='bbox 3487 2253 3555 2307; x_wconf 87' lang='lat' dir='ltr'><strong>Et</strong></span> <span class='ocrx_word' id='word_1_416' title='bbox 3573 2255 3657 2308; x_wconf 77' lang='lat' dir='ltr'><strong>vi:-</strong></span> 
     </span>
    </p>
   </div>
   <div class='ocr_carea' id='block_1_52' title="bbox 2080 2341 3659 2416">
    <p class='ocr_par' dir='ltr' id='par_1_52' title="bbox 2080 2341 3659 2416">
     <span class='ocr_line' id='line_1_53' title="bbox 2080 2341 3659 2416; baseline 0 -16"><span class='ocrx_word' id='word_1_417' title='bbox 2080 2345 2280 2401; x_wconf 87' lang='lat' dir='ltr'><strong>derunt</strong></span> <span class='ocrx_word' id='word_1_418' title='bbox 2307 2346 2518 2402; x_wconf 83' lang='lat' dir='ltr'><strong>visione</strong></span> <span class='ocrx_word' id='word_1_419' title='bbox 2545 2343 2714 2399; x_wconf 90' lang='lat' dir='ltr'><strong>Deum</strong></span> <span class='ocrx_word' id='word_1_420' title='bbox 2744 2341 2933 2400; x_wconf 85' lang='lat' dir='ltr'><strong>Israel.</strong></span> <span class='ocrx_word' id='word_1_421' title='bbox 2966 2363 2985 2395; x_wconf 78' lang='grc' dir='ltr'>ι</span> <span class='ocrx_word' id='word_1_422' title='bbox 3021 2343 3312 2408; x_wconf 61' lang='lat' dir='ltr'><strong>Caeterum,</strong></span> <span class='ocrx_word' id='word_1_423' title='bbox 3339 2358 3562 2416; x_wconf 80' lang='lat' dir='ltr'><strong>propter</strong></span> <span class='ocrx_word' id='word_1_424' title='bbox 3588 2348 3624 2400; x_wconf 89' lang='lat' dir='ltr'><strong>il</strong></span> <span class='ocrx_word' id='word_1_425' title='bbox 3645 2382 3659 2388; x_wconf 60' lang='grc' dir='ltr'><strong>ιι</strong></span> 
     </span>
    </p>
   </div>
   <div class='ocr_carea' id='block_1_53' title="bbox 2081 2430 3659 2504">
    <p class='ocr_par' dir='ltr' id='par_1_53' title="bbox 2081 2430 3659 2504">
     <span class='ocr_line' id='line_1_54' title="bbox 2081 2430 3659 2504; baseline 0.001 -14"><span class='ocrx_word' id='word_1_426' title='bbox 2081 2437 2175 2493; x_wconf 92' lang='lat' dir='ltr'><strong>lud</strong></span> <span class='ocrx_word' id='word_1_427' title='bbox 2199 2456 2213 2492; x_wconf 85' lang='lat'><strong>:</strong></span> <span class='ocrx_word' id='word_1_428' title='bbox 2239 2454 2259 2488; x_wconf 79' lang='grc' dir='ltr'>ι</span> <span class='ocrx_word' id='word_1_429' title='bbox 2291 2435 2460 2491; x_wconf 89' lang='lat' dir='ltr'><strong>Deum</strong></span> <span class='ocrx_word' id='word_1_430' title='bbox 2481 2449 2642 2491; x_wconf 89' lang='lat' dir='ltr'><strong>nemo</strong></span> <span class='ocrx_word' id='word_1_431' title='bbox 2671 2434 2806 2490; x_wconf 88' lang='lat' dir='ltr'><strong>vidit</strong></span> <span class='ocrx_word' id='word_1_432' title='bbox 2829 2449 3069 2504; x_wconf 87' lang='lat' dir='ltr'><strong>unquam</strong></span> <span class='ocrx_word' id='word_1_433' title='bbox 3092 2430 3159 2498; x_wconf 73' lang='grc'><strong>⁸³,</strong></span> <span class='ocrx_word' id='word_1_434' title='bbox 3187 2452 3205 2486; x_wconf 77' lang='grc' dir='ltr'><strong>ι</strong></span> <span class='ocrx_word' id='word_1_435' title='bbox 3236 2434 3471 2491; x_wconf 81' lang='lat' dir='ltr'><strong>fortasse</strong></span> <span class='ocrx_word' id='word_1_436' title='bbox 3494 2436 3659 2491; x_wconf 81' lang='lat' dir='ltr'><strong>verba</strong></span> 
     </span>
    </p>
   </div>
   <div class='ocr_carea' id='block_1_54' title="bbox 2080 2523 3658 2598">
    <p class='ocr_par' dir='ltr' id='par_1_54' title="bbox 2080 2523 3658 2598">
     <span class='ocr_line' id='line_1_55' title="bbox 2080 2523 3658 2598; baseline -0.001 -17"><span class='ocrx_word' id='word_1_437' title='bbox 2080 2540 2203 2598; x_wconf 63' lang='lat' dir='ltr'><strong>quae</strong></span> <span class='ocrx_word' id='word_1_438' title='bbox 2228 2525 2334 2581; x_wconf 90' lang='lat' dir='ltr'><strong>hoc</strong></span> <span class='ocrx_word' id='word_1_439' title='bbox 2362 2527 2483 2580; x_wconf 85' lang='lat' dir='ltr'><strong>loco</strong></span> <span class='ocrx_word' id='word_1_440' title='bbox 2511 2525 2688 2595; x_wconf 88' lang='lat' dir='ltr'><strong>posita</strong></span> <span class='ocrx_word' id='word_1_441' title='bbox 2722 2532 2870 2588; x_wconf 89' lang='lat' dir='ltr'><strong>sunt,</strong></span> <span class='ocrx_word' id='word_1_442' title='bbox 2906 2525 3133 2579; x_wconf 84' lang='lat' dir='ltr'><strong>salutari</strong></span> <span class='ocrx_word' id='word_1_443' title='bbox 3161 2523 3343 2579; x_wconf 79' lang='lat' dir='ltr'><strong>Verbo</strong></span> <span class='ocrx_word' id='word_1_444' title='bbox 3379 2526 3658 2579; x_wconf 85' lang='lat' dir='ltr'><strong>contraria</strong></span> 
     </span>
    </p>
   </div>
   <div class='ocr_carea' id='block_1_55' title="bbox 2079 2615 3655 2687">
    <p class='ocr_par' dir='ltr' id='par_1_55' title="bbox 2079 2615 3655 2687">
     <span class='ocr_line' id='line_1_56' title="bbox 2079 2615 3655 2687; baseline -0.002 -14"><span class='ocrx_word' id='word_1_445' title='bbox 2079 2632 2201 2673; x_wconf 88' lang='lat' dir='ltr'><strong>esse</strong></span> <span class='ocrx_word' id='word_1_446' title='bbox 2249 2617 2521 2687; x_wconf 86' lang='lat' dir='ltr'><strong>quispiam</strong></span> <span class='ocrx_word' id='word_1_447' title='bbox 2568 2615 2917 2686; x_wconf 83' lang='lat' dir='ltr'><strong>suspicetur:</strong></span> <span class='ocrx_word' id='word_1_448' title='bbox 2954 2624 3161 2685; x_wconf 87' lang='lat' dir='ltr'><strong>utpote,</strong></span> <span class='ocrx_word' id='word_1_449' title='bbox 3212 2630 3336 2670; x_wconf 92' lang='lat' dir='ltr'><strong>cum</strong></span> <span class='ocrx_word' id='word_1_450' title='bbox 3384 2616 3655 2671; x_wconf 85' lang='lat' dir='ltr'><strong>visibilem</strong></span> 
     </span>
    </p>
   </div>
   <div class='ocr_carea' id='block_1_56' title="bbox 2080 2704 3656 2778">
    <p class='ocr_par' dir='ltr' id='par_1_56' title="bbox 2080 2704 3656 2778">
     <span class='ocr_line' id='line_1_57' title="bbox 2080 2704 3656 2778; baseline 0.001 -16"><span class='ocrx_word' id='word_1_451' title='bbox 2080 2708 2234 2763; x_wconf 87' lang='lat' dir='ltr'><strong>illum</strong></span> <span class='ocrx_word' id='word_1_452' title='bbox 2271 2707 2495 2775; x_wconf 80' lang='lat' dir='ltr'><strong>faciant,</strong></span> <span class='ocrx_word' id='word_1_453' title='bbox 2525 2708 2618 2778; x_wconf 89' lang='lat' dir='ltr'><strong>qui</strong></span> <span class='ocrx_word' id='word_1_454' title='bbox 2642 2716 2839 2762; x_wconf 89' lang='lat' dir='ltr'><strong>natura</strong></span> <span class='ocrx_word' id='word_1_455' title='bbox 2868 2708 3161 2763; x_wconf 82' lang='lat' dir='ltr'><strong>invisibilis</strong></span> <span class='ocrx_word' id='word_1_456' title='bbox 3193 2717 3297 2763; x_wconf 75' lang='lat' dir='ltr'><strong>est.</strong></span> <span class='ocrx_word' id='word_1_457' title='bbox 3331 2704 3438 2763; x_wconf 88' lang='lat' dir='ltr'><strong>Sed</strong></span> <span class='ocrx_word' id='word_1_458' title='bbox 3466 2710 3512 2764; x_wconf 90' lang='lat' dir='ltr'><strong>si</strong></span> <span class='ocrx_word' id='word_1_459' title='bbox 3542 2709 3656 2764; x_wconf 70' lang='lat' dir='ltr'><strong>haec</strong></span> 
     </span>
    </p>
   </div>
   <div class='ocr_carea' id='block_1_57' title="bbox 2078 2798 3656 2872">
    <p class='ocr_par' dir='ltr' id='par_1_57' title="bbox 2078 2798 3656 2872">
     <span class='ocr_line' id='line_1_58' title="bbox 2078 2798 3656 2872; baseline 0 -16"><span class='ocrx_word' id='word_1_460' title='bbox 2078 2800 2148 2857; x_wconf 93' lang='lat' dir='ltr'><strong>de</strong></span> <span class='ocrx_word' id='word_1_461' title='bbox 2173 2800 2352 2856; x_wconf 72' lang='lat' dir='ltr'><strong>Verbo</strong></span> <span class='ocrx_word' id='word_1_462' title='bbox 2385 2798 2480 2856; x_wconf 91' lang='lat' dir='ltr'><strong>Dei</strong></span> <span class='ocrx_word' id='word_1_463' title='bbox 2512 2801 2812 2870; x_wconf 87' lang='lat' dir='ltr'><strong>acceperis,</strong></span> <span class='ocrx_word' id='word_1_464' title='bbox 2845 2800 2941 2871; x_wconf 90' lang='lat' dir='ltr'><strong>qui</strong></span> <span class='ocrx_word' id='word_1_465' title='bbox 2973 2801 3326 2855; x_wconf 83' lang='lat' dir='ltr'><strong>multifariam</strong></span> <span class='ocrx_word' id='word_1_466' title='bbox 3358 2801 3656 2872; x_wconf 81' lang='lat' dir='ltr'><strong>multisque</strong></span> 
     </span>
    </p>
   </div>
   <div class='ocr_carea' id='block_1_58' title="bbox 2078 2889 3657 2962">
    <p class='ocr_par' dir='ltr' id='par_1_58' title="bbox 2078 2889 3657 2962">
     <span class='ocr_line' id='line_1_59' title="bbox 2078 2889 3657 2962; baseline 0.001 -17"><span class='ocrx_word' id='word_1_467' title='bbox 2078 2889 2257 2946; x_wconf 85' lang='lat' dir='ltr'><strong>modis</strong></span> <span class='ocrx_word' id='word_1_468' title='bbox 2293 2907 2324 2946; x_wconf 90' lang='lat' dir='ltr'><strong>a</strong></span> <span class='ocrx_word' id='word_1_469' title='bbox 2369 2890 2618 2961; x_wconf 87' lang='lat' dir='ltr'><strong>patribus</strong></span> <span class='ocrx_word' id='word_1_470' title='bbox 2663 2902 2745 2945; x_wconf 88' lang='lat' dir='ltr'><strong>est</strong></span> <span class='ocrx_word' id='word_1_471' title='bbox 2772 2891 2944 2955; x_wconf 88' lang='lat' dir='ltr'><strong>visus,</strong></span> <span class='ocrx_word' id='word_1_472' title='bbox 2992 2891 3138 2946; x_wconf 87' lang='lat' dir='ltr'><strong>sicut</strong></span> <span class='ocrx_word' id='word_1_473' title='bbox 3179 2905 3282 2947; x_wconf 84' lang='lat' dir='ltr'><strong>nos</strong></span> <span class='ocrx_word' id='word_1_474' title='bbox 3328 2892 3387 2945; x_wconf 90' lang='lat' dir='ltr'><strong>in</strong></span> <span class='ocrx_word' id='word_1_475' title='bbox 3442 2892 3509 2947; x_wconf 88' lang='lat' dir='ltr'><strong>iis</strong></span> <span class='ocrx_word' id='word_1_476' title='bbox 3534 2906 3657 2962; x_wconf 70' lang='lat' dir='ltr'><strong>quas</strong></span> 
     </span>
    </p>
   </div>
   <div class='ocr_carea' id='block_1_59' title="bbox 2080 2981 3655 3052">
    <p class='ocr_par' dir='ltr' id='par_1_59' title="bbox 2080 2981 3655 3052">
     <span class='ocr_line' id='line_1_60' title="bbox 2080 2981 3655 3052; baseline 0 -15"><span class='ocrx_word' id='word_1_477' title='bbox 2080 2996 2246 3052; x_wconf 88' lang='lat' dir='ltr'><strong>supra</strong></span> <span class='ocrx_word' id='word_1_478' title='bbox 2282 2988 2504 3035; x_wconf 85' lang='lat' dir='ltr'><strong>ostensa</strong></span> <span class='ocrx_word' id='word_1_479' title='bbox 2533 2988 2663 3035; x_wconf 89' lang='lat' dir='ltr'><strong>sunt</strong></span> <span class='ocrx_word' id='word_1_480' title='bbox 2690 2981 3023 3051; x_wconf 87' lang='lat' dir='ltr'><strong>accepimus,</strong></span> <span class='ocrx_word' id='word_1_481' title='bbox 3075 2983 3393 3051; x_wconf 85' lang='lat' dir='ltr'><strong>neutiquam</strong></span> <span class='ocrx_word' id='word_1_482' title='bbox 3432 2982 3487 3036; x_wconf 92' lang='lat' dir='ltr'><strong>in</strong></span> <span class='ocrx_word' id='word_1_483' title='bbox 3516 2996 3655 3038; x_wconf 87' lang='lat' dir='ltr'><strong>con-&#39;-</strong></span> 
     </span>
    </p>
   </div>
   <div class='ocr_carea' id='block_1_60' title="bbox 2077 3065 3656 3139">
    <p class='ocr_par' dir='ltr' id='par_1_60' title="bbox 2077 3065 3656 3139">
     <span class='ocr_line' id='line_1_61' title="bbox 2077 3065 3656 3139; baseline 0.003 -13"><span class='ocrx_word' id='word_1_484' title='bbox 2077 3074 2247 3127; x_wconf 86' lang='lat' dir='ltr'><strong>traria</strong></span> <span class='ocrx_word' id='word_1_485' title='bbox 2288 3073 2561 3129; x_wconf 76' lang='lat' dir='ltr'><strong>videberis</strong></span> <span class='ocrx_word' id='word_1_486' title='bbox 2600 3072 2697 3128; x_wconf 88' lang='lat' dir='ltr'><strong>tibi</strong></span> <span class='ocrx_word' id='word_1_487' title='bbox 2751 3065 3016 3129; x_wconf 60' lang='lat' dir='ltr'><strong>recidere:</strong></span> <span class='ocrx_word' id='word_1_488' title='bbox 3066 3072 3169 3139; x_wconf 85' lang='lat' dir='ltr'><strong>Qui</strong></span> <span class='ocrx_word' id='word_1_489' title='bbox 3204 3074 3348 3129; x_wconf 91' lang='lat' dir='ltr'><strong>enim</strong></span> <span class='ocrx_word' id='word_1_490' title='bbox 3378 3074 3469 3129; x_wconf 89' lang='lat' dir='ltr'><strong>hic‘</strong></span> <span class='ocrx_word' id='word_1_491' title='bbox 3509 3074 3656 3131; x_wconf 84' lang='lat' dir='ltr'><strong>Deus</strong></span> 
     </span>
    </p>
   </div>
   <div class='ocr_carea' id='block_1_61' title="bbox 2078 3163 3656 3239">
    <p class='ocr_par' dir='ltr' id='par_1_61' title="bbox 2078 3163 3656 3239">
     <span class='ocr_line' id='line_1_62' title="bbox 2078 3163 3656 3239; baseline 0.003 -20"><span class='ocrx_word' id='word_1_492' title='bbox 2078 3163 2247 3221; x_wconf 84' lang='lat' dir='ltr'><strong>Israel</strong></span> <span class='ocrx_word' id='word_1_493' title='bbox 2281 3166 2545 3230; x_wconf 87' lang='lat' dir='ltr'><strong>cernitur,</strong></span> <span class='ocrx_word' id='word_1_494' title='bbox 2582 3165 2758 3235; x_wconf 90' lang='lat' dir='ltr'><strong>ipsum</strong></span> <span class='ocrx_word' id='word_1_495' title='bbox 2794 3165 2947 3220; x_wconf 87' lang='lat' dir='ltr'><strong>illunt</strong></span> <span class='ocrx_word' id='word_1_496' title='bbox 2981 3181 3105 3222; x_wconf 86' lang='lat' dir='ltr'><strong>esse</strong></span> <span class='ocrx_word' id='word_1_497' title='bbox 3127 3168 3345 3234; x_wconf 88' lang='lat' dir='ltr'><strong>docent,</strong></span> <span class='ocrx_word' id='word_1_498' title='bbox 3379 3169 3474 3239; x_wconf 92' lang='lat' dir='ltr'><strong>qui</strong></span> <span class='ocrx_word' id='word_1_499' title='bbox 3503 3176 3557 3223; x_wconf 88' lang='lat' dir='ltr'><strong>et</strong></span> <span class='ocrx_word' id='word_1_500' title='bbox 3586 3170 3656 3224; x_wconf 84' lang='lat' dir='ltr'><strong>ab</strong></span> 
     </span>
    </p>
   </div>
   <div class='ocr_carea' id='block_1_62' title="bbox 401 3234 1968 3330">
    <p class='ocr_par' dir='ltr' id='par_1_62' title="bbox 401 3234 1968 3330">
     <span class='ocr_line' id='line_1_63' title="bbox 401 3234 1968 3330; baseline -0.002 -18"><span class='ocrx_word' id='word_1_501' title='bbox 401 3259 517 3330; x_wconf 83' lang='grc' dir='ltr'>μετ’</span> <span class='ocrx_word' id='word_1_502' title='bbox 540 3234 702 3312; x_wconf 47' lang='grc' dir='ltr'>αὐτοί)</span> <span class='ocrx_word' id='word_1_503' title='bbox 727 3299 743 3324; x_wconf 94' lang='grc'><strong>,</strong></span> <span class='ocrx_word' id='word_1_504' title='bbox 776 3234 836 3322; x_wconf 57' lang='grc' dir='ltr'><strong>δέ</strong></span> <span class='ocrx_word' id='word_1_505' title='bbox 874 3234 967 3311; x_wconf 73' lang='grc' dir='ltr'><strong>καὶ</strong></span> <span class='ocrx_word' id='word_1_506' title='bbox 1000 3234 1214 3329; x_wconf 81' lang='grc' dir='ltr'>πρῶτος</span> <span class='ocrx_word' id='word_1_507' title='bbox 1250 3254 1416 3311; x_wconf 80' lang='grc' dir='ltr'>αὐτοῦ</span> <span class='ocrx_word' id='word_1_508' title='bbox 1454 3256 1552 3326; x_wconf 80' lang='grc' dir='ltr'><strong>τὴν</strong></span> <span class='ocrx_word' id='word_1_509' title='bbox 1587 3234 1968 3329; x_wconf 77' lang='grc' dir='ltr'>προσωνυμίαν</span> 
     </span>
    </p>
   </div>
   <div class='ocr_carea' id='block_1_63' title="bbox 2071 3234 3655 3330">
    <p class='ocr_par' dir='ltr' id='par_1_63' title="bbox 2080 3234 3655 3326">
     <span class='ocr_line' id='line_1_64' title="bbox 2080 3234 3655 3326; baseline 0.002 -18"><span class='ocrx_word' id='word_1_510' title='bbox 2080 3254 2249 3311; x_wconf 85' lang='lat' dir='ltr'><strong>lsrael</strong></span> <span class='ocrx_word' id='word_1_511' title='bbox 2289 3255 2444 3312; x_wconf 87' lang='lat' dir='ltr'><strong>visus</strong></span> <span class='ocrx_word' id='word_1_512' title='bbox 2492 3234 2613 3321; x_wconf 75' lang='lat' dir='ltr'><strong>est,</strong></span> <span class='ocrx_word' id='word_1_513' title='bbox 2645 3255 2865 3326; x_wconf 88' lang='lat' dir='ltr'><strong>quando</strong></span> <span class='ocrx_word' id='word_1_514' title='bbox 2907 3255 3071 3310; x_wconf 86' lang='lat' dir='ltr'><strong>homo</strong></span> <span class='ocrx_word' id='word_1_515' title='bbox 3114 3256 3352 3313; x_wconf 84' lang='lat' dir='ltr'><strong>luctatus</strong></span> <span class='ocrx_word' id='word_1_516' title='bbox 3396 3234 3486 3314; x_wconf 72' lang='lat' dir='ltr'><strong>est</strong></span> <span class='ocrx_word' id='word_1_517' title='bbox 3526 3270 3655 3312; x_wconf 87' lang='lat' dir='ltr'><strong>cum</strong></span> 
     </span>
    </p>
   </div>
   <div class='ocr_carea' id='block_1_64' title="bbox 396 3344 1970 3420">
    <p class='ocr_par' dir='ltr' id='par_1_64' title="bbox 396 3344 1970 3420">
     <span class='ocr_line' id='line_1_65' title="bbox 396 3344 1970 3420; baseline -0.003 -15"><span class='ocrx_word' id='word_1_518' title='bbox 396 3354 463 3406; x_wconf 79' lang='grc' dir='ltr'>ὲκ</span> <span class='ocrx_word' id='word_1_519' title='bbox 491 3349 585 3404; x_wconf 84' lang='grc' dir='ltr'><strong>τοῦ</strong></span> <span class='ocrx_word' id='word_1_520' title='bbox 624 3348 814 3404; x_wconf 87' lang='grc' dir='ltr'>Ἰακὼϐ</span> <span class='ocrx_word' id='word_1_521' title='bbox 842 3348 934 3402; x_wconf 79' lang='grc' dir='ltr'><strong>ἐπὶ</strong></span> <span class='ocrx_word' id='word_1_522' title='bbox 952 3344 1041 3402; x_wconf 85' lang='grc' dir='ltr'><strong>τὸν</strong></span> <span class='ocrx_word' id='word_1_523' title='bbox 1072 3346 1287 3419; x_wconf 83' lang='grc' dir='ltr'>Ἰσραὴλ</span> <span class='ocrx_word' id='word_1_524' title='bbox 1321 3344 1742 3420; x_wconf 85' lang='grc' dir='ltr'>μεταϐέϐληκεν,</span> <span class='ocrx_word' id='word_1_525' title='bbox 1767 3345 1970 3411; x_wconf 81' lang='grc' dir='ltr'>εἰπὼν,</span> 
     </span>
    </p>
   </div>
   <div class='ocr_carea' id='block_1_65' title="bbox 402 3438 1974 3512">
    <p class='ocr_par' dir='ltr' id='par_1_65' title="bbox 402 3438 1974 3512">
     <span class='ocr_line' id='line_1_66' title="bbox 402 3438 1974 3512; baseline 0 -18"><span class='ocrx_word' id='word_1_526' title='bbox 402 3459 423 3493; x_wconf 78' lang='grc' dir='ltr'>ι</span> <span class='ocrx_word' id='word_1_527' title='bbox 454 3441 574 3494; x_wconf 87' lang='grc' dir='ltr'><strong>Ὅτι</strong></span> <span class='ocrx_word' id='word_1_528' title='bbox 617 3440 900 3512; x_wconf 72' lang='grc' dir='ltr'>ἐνίσχυσας</span> <span class='ocrx_word' id='word_1_529' title='bbox 944 3439 1081 3511; x_wconf 75' lang='grc' dir='ltr'>μετὰ</span> <span class='ocrx_word' id='word_1_530' title='bbox 1122 3438 1295 3504; x_wconf 82' lang='grc' dir='ltr'><strong>Θεοῦ,</strong></span> <span class='ocrx_word' id='word_1_531' title='bbox 1352 3458 1371 3492; x_wconf 74' lang='grc' dir='ltr'>ι</span> <span class='ocrx_word' id='word_1_532' title='bbox 1415 3440 1502 3493; x_wconf 80' lang='grc' dir='ltr'><strong>ὅτε</strong></span> <span class='ocrx_word' id='word_1_533' title='bbox 1544 3440 1637 3493; x_wconf 75' lang='grc' dir='ltr'><strong>καὶ</strong></span> <span class='ocrx_word' id='word_1_534' title='bbox 1675 3439 1776 3510; x_wconf 84' lang='grc' dir='ltr'><strong>τῆς</strong></span> <span class='ocrx_word' id='word_1_535' title='bbox 1822 3438 1974 3505; x_wconf 80' lang='grc' dir='ltr'>θείας</span> 
     </span>
    </p>
   </div>
   <div class='ocr_carea' id='block_1_66' title="bbox 396 3526 1977 3603">
    <p class='ocr_par' dir='ltr' id='par_1_66' title="bbox 396 3526 1977 3603">
     <span class='ocr_line' id='line_1_67' title="bbox 396 3526 1977 3603; baseline -0.001 -17"><span class='ocrx_word' id='word_1_536' title='bbox 396 3530 561 3587; x_wconf 77' lang='grc' dir='ltr'>αὑτοῦ</span> <span class='ocrx_word' id='word_1_537' title='bbox 596 3530 878 3603; x_wconf 82' lang='grc' dir='ltr'>δυνάμεως</span> <span class='ocrx_word' id='word_1_538' title='bbox 922 3529 1172 3602; x_wconf 77' lang='grc' dir='ltr'>αἴσθησιν</span> <span class='ocrx_word' id='word_1_539' title='bbox 1198 3529 1379 3585; x_wconf 89' lang='grc' dir='ltr'>λαϐὼν</span> <span class='ocrx_word' id='word_1_540' title='bbox 1419 3532 1447 3583; x_wconf 92' lang='lat'><strong>6</strong></span> <span class='ocrx_word' id='word_1_541' title='bbox 1489 3526 1703 3595; x_wconf 75' lang='grc' dir='ltr'>Ἰακὼϐ,</span> <span class='ocrx_word' id='word_1_542' title='bbox 1744 3530 1977 3586; x_wconf 77' lang='grc' dir='ltr'>ἐκάλεσε</span> 
     </span>
    </p>
   </div>
   <div class='ocr_carea' id='block_1_67' title="bbox 394 3617 1970 3693">
    <p class='ocr_par' dir='ltr' id='par_1_67' title="bbox 394 3617 1970 3693">
     <span class='ocr_line' id='line_1_68' title="bbox 394 3617 1970 3693; baseline 0 -17"><span class='ocrx_word' id='word_1_543' title='bbox 394 3620 485 3676; x_wconf 79' lang='grc' dir='ltr'><strong>τὸν</strong></span> <span class='ocrx_word' id='word_1_544' title='bbox 530 3622 690 3676; x_wconf 88' lang='grc' dir='ltr'>τόπον</span> <span class='ocrx_word' id='word_1_545' title='bbox 731 3623 934 3675; x_wconf 79' lang='grc' dir='ltr'>ἐκεῖνον</span> <span class='ocrx_word' id='word_1_546' title='bbox 967 3617 1119 3685; x_wconf 80' lang='grc' dir='ltr'>Εἶδος</span> <span class='ocrx_word' id='word_1_547' title='bbox 1161 3619 1296 3675; x_wconf 89' lang='grc' dir='ltr'>Θεοῦ</span> <span class='ocrx_word' id='word_1_548' title='bbox 1316 3663 1331 3688; x_wconf 92' lang='grc'><strong>,</strong></span> <span class='ocrx_word' id='word_1_549' title='bbox 1375 3619 1544 3674; x_wconf 88' lang='grc' dir='ltr'>είπὼν</span> <span class='ocrx_word' id='word_1_550' title='bbox 1569 3658 1585 3685; x_wconf 94' lang='grc'><strong>,</strong></span> <span class='ocrx_word' id='word_1_551' title='bbox 1621 3641 1640 3672; x_wconf 84' lang='grc' dir='ltr'>ι</span> <span class='ocrx_word' id='word_1_552' title='bbox 1682 3617 1832 3676; x_wconf 78' lang='grc' dir='ltr'>Εἶδον</span> <span class='ocrx_word' id='word_1_553' title='bbox 1862 3622 1970 3693; x_wconf 85' lang='grc' dir='ltr'><strong>γὰρ</strong></span> 
     </span>
    </p>
   </div>
   <div class='ocr_carea' id='block_1_68' title="bbox 396 3706 1964 3786">
    <p class='ocr_par' dir='ltr' id='par_1_68' title="bbox 396 3706 1964 3786">
     <span class='ocr_line' id='line_1_69' title="bbox 396 3706 1964 3786; baseline -0.001 -20"><span class='ocrx_word' id='word_1_554' title='bbox 396 3712 526 3768; x_wconf 87' lang='grc' dir='ltr'>Θεὸν</span> <span class='ocrx_word' id='word_1_555' title='bbox 572 3706 859 3786; x_wconf 87' lang='grc' dir='ltr'>πρόσωπον</span> <span class='ocrx_word' id='word_1_556' title='bbox 900 3711 1038 3784; x_wconf 86' lang='grc' dir='ltr'>πρὸς</span> <span class='ocrx_word' id='word_1_557' title='bbox 1078 3712 1399 3785; x_wconf 87' lang='grc' dir='ltr'>πρόσωπον,</span> <span class='ocrx_word' id='word_1_558' title='bbox 1441 3714 1533 3766; x_wconf 83' lang='grc' dir='ltr'><strong>καὶ</strong></span> <span class='ocrx_word' id='word_1_559' title='bbox 1565 3712 1741 3784; x_wconf 78' lang='grc' dir='ltr'>ἐσώθη</span> <span class='ocrx_word' id='word_1_560' title='bbox 1793 3729 1895 3784; x_wconf 88' lang='grc' dir='ltr'><strong>μου</strong></span> <span class='ocrx_word' id='word_1_561' title='bbox 1931 3715 1964 3783; x_wconf 78' lang='grc' dir='ltr'><strong>ἡ</strong></span> 
     </span>
    </p>
   </div>
   <div class='ocr_carea' id='block_1_69' title="bbox 395 3786 1969 3872">
    <p class='ocr_par' dir='ltr' id='par_1_69' title="bbox 395 3786 1969 3872">
     <span class='ocr_line' id='line_1_70' title="bbox 395 3786 1969 3872; baseline 0.001 -20"><span class='ocrx_word' id='word_1_562' title='bbox 395 3798 541 3871; x_wconf 75' lang='grc' dir='ltr'>ψυχὴ</span> <span class='ocrx_word' id='word_1_563' title='bbox 561 3839 577 3863; x_wconf 88' lang='grc'><strong>,</strong></span> <span class='ocrx_word' id='word_1_564' title='bbox 613 3817 633 3850; x_wconf 74' lang='grc' dir='ltr'><strong>ι</strong></span> <span class='ocrx_word' id='word_1_565' title='bbox 657 3800 752 3869; x_wconf 80' lang='grc' dir='ltr'><strong>οὐχ</strong></span> <span class='ocrx_word' id='word_1_566' title='bbox 791 3786 975 3872; x_wconf 69' lang='grc' dir='ltr'>ἕτερον</span> <span class='ocrx_word' id='word_1_567' title='bbox 1011 3800 1278 3872; x_wconf 80' lang='grc' dir='ltr'>ὑπάρχειν</span> <span class='ocrx_word' id='word_1_568' title='bbox 1307 3798 1401 3853; x_wconf 80' lang='grc' dir='ltr'><strong>τοῦ</strong></span> <span class='ocrx_word' id='word_1_569' title='bbox 1432 3800 1568 3854; x_wconf 88' lang='grc' dir='ltr'>Θεοῦ</span> <span class='ocrx_word' id='word_1_570' title='bbox 1598 3801 1794 3869; x_wconf 85' lang='grc' dir='ltr'>Λόγου,</span> <span class='ocrx_word' id='word_1_571' title='bbox 1830 3801 1969 3854; x_wconf 74' lang='grc' dir='ltr'>κατὰ</span> 
     </span>
    </p>
   </div>
   <div class='ocr_carea' id='block_1_70' title="bbox 394 3889 1402 3959">
    <p class='ocr_par' dir='ltr' id='par_1_70' title="bbox 394 3889 1402 3959">
     <span class='ocr_line' id='line_1_71' title="bbox 394 3889 1402 3959; baseline -0.002 -16"><span class='ocrx_word' id='word_1_572' title='bbox 394 3889 485 3943; x_wconf 87' lang='grc' dir='ltr'><strong>τὸν</strong></span> <span class='ocrx_word' id='word_1_573' title='bbox 513 3890 709 3942; x_wconf 81' lang='grc' dir='ltr'>οἰκεῖόν</span> <span class='ocrx_word' id='word_1_574' title='bbox 740 3889 927 3959; x_wconf 78' lang='grc' dir='ltr'>καιρὸν</span> <span class='ocrx_word' id='word_1_575' title='bbox 956 3889 1402 3959; x_wconf 81' lang='grc' dir='ltr'>παρεστήσαμεν.</span> 
     </span>
    </p>
   </div>
   <div class='ocr_carea' id='block_1_71' title="bbox 910 4077 1444 4145">
    <p class='ocr_par' dir='ltr' id='par_1_71' title="bbox 910 4077 1444 4145">
     <span class='ocr_line' id='line_1_72' title="bbox 910 4077 1444 4145; baseline 0 0"><span class='ocrx_word' id='word_1_576' title='bbox 910 4077 1302 4145; x_wconf 80' lang='grc' dir='ltr'><strong>ΚΕΦΑΛΑΙΟΝ</strong></span> <span class='ocrx_word' id='word_1_577' title='bbox 1342 4091 1444 4145; x_wconf 74' lang='grc' dir='ltr'>ιον.</span> 
     </span>
    </p>
   </div>
   <div class='ocr_carea' id='block_1_72' title="bbox 419 4201 1963 4275">
    <p class='ocr_par' dir='ltr' id='par_1_72' title="bbox 419 4201 1963 4275">
     <span class='ocr_line' id='line_1_73' title="bbox 419 4201 1963 4275; baseline 0.001 -16"><span class='ocrx_word' id='word_1_578' title='bbox 419 4201 547 4275; x_wconf 68' lang='grc' dir='ltr'><strong>Δπῤ</strong></span> <span class='ocrx_word' id='word_1_579' title='bbox 572 4203 678 4258; x_wconf 83' lang='grc' dir='ltr'><strong>τοῦ</strong></span> <span class='ocrx_word' id='word_1_580' title='bbox 705 4202 897 4275; x_wconf 78' lang='grc' dir='ltr'><strong>Ἰῃσοῦ</strong></span> <span class='ocrx_word' id='word_1_581' title='bbox 927 4203 1034 4258; x_wconf 82' lang='grc' dir='ltr'><strong>τοῦ</strong></span> <span class='ocrx_word' id='word_1_582' title='bbox 1055 4201 1245 4275; x_wconf 75' lang='grc' dir='ltr'>Ναυῆ.</span> <span class='ocrx_word' id='word_1_583' title='bbox 1267 4233 1333 4243; x_wconf 92' lang='grc'><strong>--</strong></span> <span class='ocrx_word' id='word_1_584' title='bbox 1355 4204 1449 4270; x_wconf 75' lang='grc' dir='ltr'><strong>’.Ως</strong></span> <span class='ocrx_word' id='word_1_585' title='bbox 1478 4207 1512 4258; x_wconf 86' lang='grc' dir='ltr'><strong>ό</strong></span> <span class='ocrx_word' id='word_1_586' title='bbox 1532 4206 1687 4275; x_wconf 4' lang='grc' dir='ltr'>Θεὸς,</span> <span class='ocrx_word' id='word_1_587' title='bbox 1704 4206 1912 4275; x_wconf 72' lang='grc' dir='ltr'>Λόγος,</span> <span class='ocrx_word' id='word_1_588' title='bbox 1931 4210 1963 4260; x_wconf 85' lang='grc' dir='ltr'><strong>ό</strong></span> 
     </span>
    </p>
   </div>
   <div class='ocr_carea' id='block_1_73' title="bbox 459 4272 1965 4344">
    <p class='ocr_par' dir='ltr' id='par_1_73' title="bbox 459 4272 1965 4344">
     <span class='ocr_line' id='line_1_74' title="bbox 459 4272 1965 4344; baseline 0.001 -17"><span class='ocrx_word' id='word_1_589' title='bbox 459 4272 541 4344; x_wconf 78' lang='grc' dir='ltr'>τῷ</span> <span class='ocrx_word' id='word_1_590' title='bbox 558 4273 762 4328; x_wconf 83' lang='grc' dir='ltr'>Μωσεῐ</span> <span class='ocrx_word' id='word_1_591' title='bbox 799 4273 1185 4343; x_wconf 74' lang='grc' dir='ltr'>χρηματίζων,</span> <span class='ocrx_word' id='word_1_592' title='bbox 1217 4275 1431 4343; x_wconf 80' lang='grc' dir='ltr'>ὁμοίως</span> <span class='ocrx_word' id='word_1_593' title='bbox 1456 4274 1581 4344; x_wconf 83' lang='grc' dir='ltr'><strong>τοῖς</strong></span> <span class='ocrx_word' id='word_1_594' title='bbox 1608 4272 1805 4329; x_wconf 67' lang='grc' dir='ltr'>πάλαι</span> <span class='ocrx_word' id='word_1_595' title='bbox 1823 4292 1965 4344; x_wconf 80' lang='grc' dir='ltr'>προ-</span> 
     </span>
    </p>
   </div>
   <div class='ocr_carea' id='block_1_74' title="bbox 457 4342 1963 4414">
    <p class='ocr_par' dir='ltr' id='par_1_74' title="bbox 457 4342 1963 4414">
     <span class='ocr_line' id='line_1_75' title="bbox 457 4342 1963 4414; baseline 0.003 -17"><span class='ocrx_word' id='word_1_596' title='bbox 457 4342 778 4414; x_wconf 63' lang='grc' dir='ltr'>εξτάτορσιν,</span> <span class='ocrx_word' id='word_1_597' title='bbox 824 4342 994 4413; x_wconf 66' lang='grc' dir='ltr'>ὤφθη</span> <span class='ocrx_word' id='word_1_598' title='bbox 1043 4345 1140 4398; x_wconf 79' lang='grc' dir='ltr'><strong>καί</strong></span> <span class='ocrx_word' id='word_1_599' title='bbox 1162 4342 1377 4414; x_wconf 77' lang='grc' dir='ltr'>’Ἰησοῦ</span> <span class='ocrx_word' id='word_1_600' title='bbox 1413 4344 1495 4412; x_wconf 84' lang='grc' dir='ltr'>τῷ</span> <span class='ocrx_word' id='word_1_601' title='bbox 1522 4342 1782 4414; x_wconf 72' lang='grc' dir='ltr'>Μωσέως</span> <span class='ocrx_word' id='word_1_602' title='bbox 1837 4342 1963 4401; x_wconf 71' lang='grc' dir='ltr'>διαν-</span> 
     </span>
    </p>
   </div>
   <div class='ocr_carea' id='block_1_75' title="bbox 456 4412 1344 4485">
    <p class='ocr_par' dir='ltr' id='par_1_75' title="bbox 456 4412 1344 4485">
     <span class='ocr_line' id='line_1_76' title="bbox 456 4412 1344 4485; baseline 0.001 -18"><span class='ocrx_word' id='word_1_603' title='bbox 456 4412 615 4482; x_wconf 78' lang='grc' dir='ltr'><strong>8όχῳ</strong></span> <span class='ocrx_word' id='word_1_604' title='bbox 641 4416 713 4469; x_wconf 74' lang='grc' dir='ltr'><strong>ἐν</strong></span> <span class='ocrx_word' id='word_1_605' title='bbox 740 4412 1051 4483; x_wconf 69' lang='grc' dir='ltr'>ἀνθρώπου</span> <span class='ocrx_word' id='word_1_606' title='bbox 1080 4413 1344 4485; x_wconf 82' lang='grc' dir='ltr'>σχήματι</span> 
     </span>
    </p>
   </div>
   <div class='ocr_carea' id='block_1_76' title="bbox 466 4512 1961 4599">
    <p class='ocr_par' dir='ltr' id='par_1_76' title="bbox 466 4512 1961 4599">
     <span class='ocr_line' id='line_1_77' title="bbox 466 4512 1961 4599; baseline 0.003 -22"><span class='ocrx_word' id='word_1_607' title='bbox 466 4543 485 4576; x_wconf 85' lang='grc' dir='ltr'>ι</span> <span class='ocrx_word' id='word_1_608' title='bbox 509 4527 621 4579; x_wconf 76' lang='grc' dir='ltr'><strong>Καὶ</strong></span> <span class='ocrx_word' id='word_1_609' title='bbox 651 4525 904 4596; x_wconf 71' lang='grc' dir='ltr'>ἐγενήθη,</span> <span class='ocrx_word' id='word_1_610' title='bbox 931 4526 1006 4589; x_wconf 84' lang='grc' dir='ltr'><strong>ὡς</strong></span> <span class='ocrx_word' id='word_1_611' title='bbox 1032 4521 1101 4597; x_wconf 82' lang='grc' dir='ltr'>ἦν</span> <span class='ocrx_word' id='word_1_612' title='bbox 1131 4524 1337 4596; x_wconf 83' lang='grc' dir='ltr'>Ἰησοῦς</span> <span class='ocrx_word' id='word_1_613' title='bbox 1365 4513 1423 4580; x_wconf 69' lang='grc' dir='ltr'>ἓν</span> <span class='ocrx_word' id='word_1_614' title='bbox 1462 4512 1799 4599; x_wconf 56' lang='grc' dir='ltr'><strong>Ἱεριχὼριαλ⁹</strong></span> <span class='ocrx_word' id='word_1_615' title='bbox 1831 4527 1961 4582; x_wconf 88' lang='grc' dir='ltr'>ἀνα-</span> 
     </span>
    </p>
   </div>
   <div class='ocr_carea' id='block_1_77' title="bbox 2078 3347 3652 3419">
    <p class='ocr_par' dir='ltr' id='par_1_77' title="bbox 2078 3347 3652 3419">
     <span class='ocr_line' id='line_1_78' title="bbox 2078 3347 3652 3419; baseline 0.003 -18"><span class='ocrx_word' id='word_1_616' title='bbox 2078 3348 2200 3419; x_wconf 80' lang='lat' dir='ltr'><strong>ipso</strong></span> <span class='ocrx_word' id='word_1_617' title='bbox 2234 3355 2248 3403; x_wconf 71' lang='grc' dir='ltr'><em>ἐ</em></span> <span class='ocrx_word' id='word_1_618' title='bbox 2282 3349 2581 3419; x_wconf 86' lang='lat' dir='ltr'><strong>quinetiam</strong></span> <span class='ocrx_word' id='word_1_619' title='bbox 2614 3348 2826 3418; x_wconf 88' lang='lat' dir='ltr'><strong>primus</strong></span> <span class='ocrx_word' id='word_1_620' title='bbox 2867 3347 3016 3404; x_wconf 89' lang='lat' dir='ltr'><strong>illius</strong></span> <span class='ocrx_word' id='word_1_621' title='bbox 3061 3364 3261 3405; x_wconf 86' lang='lat' dir='ltr'><strong>nomen</strong></span> <span class='ocrx_word' id='word_1_622' title='bbox 3293 3350 3546 3414; x_wconf 75' lang='lat' dir='ltr'><strong>mutavit,</strong></span> <span class='ocrx_word' id='word_1_623' title='bbox 3585 3359 3652 3406; x_wconf 73' lang='lat' dir='ltr'><strong>ex</strong></span> 
     </span>
    </p>
   </div>
   <div class='ocr_carea' id='block_1_78' title="bbox 2075 3436 3654 3507">
    <p class='ocr_par' dir='ltr' id='par_1_78' title="bbox 2075 3436 3654 3507">
     <span class='ocr_line' id='line_1_79' title="bbox 2075 3436 3654 3507; baseline 0 -11"><span class='ocrx_word' id='word_1_624' title='bbox 2075 3436 2245 3497; x_wconf 80' lang='lat' dir='ltr'><strong>Jacob</strong></span> <span class='ocrx_word' id='word_1_625' title='bbox 2274 3441 2332 3495; x_wconf 91' lang='lat' dir='ltr'><strong>in</strong></span> <span class='ocrx_word' id='word_1_626' title='bbox 2361 3441 2550 3505; x_wconf 86' lang='lat' dir='ltr'><strong>Israel,</strong></span> <span class='ocrx_word' id='word_1_627' title='bbox 2580 3441 2810 3496; x_wconf 90' lang='lat' dir='ltr'><strong>dicens:</strong></span> <span class='ocrx_word' id='word_1_628' title='bbox 2846 3459 2865 3492; x_wconf 81' lang='grc' dir='ltr'>ι</span> <span class='ocrx_word' id='word_1_629' title='bbox 2897 3441 3166 3507; x_wconf 83' lang='lat' dir='ltr'><strong>Quoniam</strong></span> <span class='ocrx_word' id='word_1_630' title='bbox 3203 3444 3483 3499; x_wconf 89' lang='lat' dir='ltr'><strong>invaluisti</strong></span> <span class='ocrx_word' id='word_1_631' title='bbox 3527 3458 3654 3497; x_wconf 88' lang='lat' dir='ltr'><strong>cum</strong></span> 
     </span>
    </p>
   </div>
   <div class='ocr_carea' id='block_1_79' title="bbox 2076 3530 3656 3605">
    <p class='ocr_par' dir='ltr' id='par_1_79' title="bbox 2076 3530 3656 3605">
     <span class='ocr_line' id='line_1_80' title="bbox 2076 3530 3656 3605; baseline 0.003 -18"><span class='ocrx_word' id='word_1_632' title='bbox 2076 3530 2187 3591; x_wconf 91' lang='lat' dir='ltr'><strong>Deo</strong></span> <span class='ocrx_word' id='word_1_633' title='bbox 2210 3536 2276 3600; x_wconf 83' lang='grc'><strong>⁸³,</strong></span> <span class='ocrx_word' id='word_1_634' title='bbox 2306 3553 2326 3587; x_wconf 72' lang='grc' dir='ltr'>ι</span> <span class='ocrx_word' id='word_1_635' title='bbox 2356 3550 2465 3605; x_wconf 92' lang='lat' dir='ltr'><strong>quo</strong></span> <span class='ocrx_word' id='word_1_636' title='bbox 2497 3542 2740 3605; x_wconf 87' lang='lat' dir='ltr'><strong>tempore</strong></span> <span class='ocrx_word' id='word_1_637' title='bbox 2769 3535 3010 3589; x_wconf 81' lang='lat' dir='ltr'><strong>divinam</strong></span> <span class='ocrx_word' id='word_1_638' title='bbox 3044 3535 3192 3592; x_wconf 88' lang='lat' dir='ltr'><strong>illius</strong></span> <span class='ocrx_word' id='word_1_639' title='bbox 3224 3537 3484 3593; x_wconf 83' lang='lat' dir='ltr'><strong>virtutem</strong></span> <span class='ocrx_word' id='word_1_640' title='bbox 3521 3549 3656 3591; x_wconf 61' lang='lat' dir='ltr'><strong>sena-</strong></span> 
     </span>
    </p>
   </div>
   <div class='ocr_carea' id='block_1_80' title="bbox 2075 3625 3649 3701">
    <p class='ocr_par' dir='ltr' id='par_1_80' title="bbox 2075 3625 3649 3701">
     <span class='ocr_line' id='line_1_81' title="bbox 2075 3625 3649 3701; baseline 0.001 -19"><span class='ocrx_word' id='word_1_641' title='bbox 2075 3626 2218 3683; x_wconf 89' lang='lat' dir='ltr'><strong>tiens</strong></span> <span class='ocrx_word' id='word_1_642' title='bbox 2258 3625 2449 3692; x_wconf 69' lang='lat' dir='ltr'><strong>Iacob,</strong></span> <span class='ocrx_word' id='word_1_643' title='bbox 2507 3628 2725 3682; x_wconf 85' lang='lat' dir='ltr'><strong>vocavit</strong></span> <span class='ocrx_word' id='word_1_644' title='bbox 2783 3628 2964 3682; x_wconf 90' lang='lat' dir='ltr'><strong>locum</strong></span> <span class='ocrx_word' id='word_1_645' title='bbox 3015 3629 3190 3696; x_wconf 92' lang='lat' dir='ltr'><strong>illum,</strong></span> <span class='ocrx_word' id='word_1_646' title='bbox 3233 3628 3482 3701; x_wconf 88' lang='lat' dir='ltr'><strong>Speciem</strong></span> <span class='ocrx_word' id='word_1_647' title='bbox 3528 3630 3649 3694; x_wconf 75' lang='lat' dir='ltr'><strong>Dei,</strong></span> 
     </span>
    </p>
   </div>
   <div class='ocr_carea' id='block_1_81' title="bbox 2072 3714 3652 3787">
    <p class='ocr_par' dir='ltr' id='par_1_81' title="bbox 2072 3714 3652 3787">
     <span class='ocr_line' id='line_1_82' title="bbox 2072 3714 3652 3787; baseline 0.003 -16"><span class='ocrx_word' id='word_1_648' title='bbox 2072 3731 2199 3771; x_wconf 87' lang='lat' dir='ltr'><strong>cum</strong></span> <span class='ocrx_word' id='word_1_649' title='bbox 2233 3714 2371 3769; x_wconf 80' lang='lat' dir='ltr'><strong>dixit</strong></span> <span class='ocrx_word' id='word_1_650' title='bbox 2397 3735 2410 3770; x_wconf 89' lang='lat'><strong>:</strong></span> <span class='ocrx_word' id='word_1_651' title='bbox 2436 3734 2454 3768; x_wconf 78' lang='grc' dir='ltr'><strong>ι</strong></span> <span class='ocrx_word' id='word_1_652' title='bbox 2484 3714 2610 3770; x_wconf 79' lang='lat' dir='ltr'><strong>Vidi</strong></span> <span class='ocrx_word' id='word_1_653' title='bbox 2648 3715 2794 3771; x_wconf 90' lang='lat' dir='ltr'><strong>enim</strong></span> <span class='ocrx_word' id='word_1_654' title='bbox 2843 3714 3015 3771; x_wconf 90' lang='lat' dir='ltr'><strong>Deum</strong></span> <span class='ocrx_word' id='word_1_655' title='bbox 3047 3717 3185 3772; x_wconf 83' lang='lat' dir='ltr'><strong>i’acie</strong></span> <span class='ocrx_word' id='word_1_656' title='bbox 3224 3719 3294 3772; x_wconf 87' lang='lat' dir='ltr'><strong>ad</strong></span> <span class='ocrx_word' id='word_1_657' title='bbox 3333 3717 3551 3787; x_wconf 81' lang='lat' dir='ltr'><strong>faciem,</strong></span> <span class='ocrx_word' id='word_1_658' title='bbox 3595 3727 3652 3775; x_wconf 85' lang='lat' dir='ltr'><strong>et</strong></span> 
     </span>
    </p>
   </div>
   <div class='ocr_carea' id='block_1_82' title="bbox 2072 3808 3643 3878">
    <p class='ocr_par' dir='ltr' id='par_1_82' title="bbox 2072 3808 3643 3878">
     <span class='ocr_line' id='line_1_83' title="bbox 2072 3808 3643 3878; baseline 0.003 -15"><span class='ocrx_word' id='word_1_659' title='bbox 2072 3813 2288 3863; x_wconf 79' lang='lat' dir='ltr'><strong>servata</strong></span> <span class='ocrx_word' id='word_1_660' title='bbox 2320 3812 2405 3861; x_wconf 91' lang='lat' dir='ltr'><strong>est</strong></span> <span class='ocrx_word' id='word_1_661' title='bbox 2440 3808 2621 3861; x_wconf 87' lang='lat' dir='ltr'><strong>anima</strong></span> <span class='ocrx_word' id='word_1_662' title='bbox 2653 3821 2775 3863; x_wconf 89' lang='lat' dir='ltr'><strong>mea</strong></span> <span class='ocrx_word' id='word_1_663' title='bbox 2794 3808 2842 3841; x_wconf 69' lang='grc' dir='ltr'>ει</span> <span class='ocrx_word' id='word_1_664' title='bbox 2869 3826 2883 3862; x_wconf 89' lang='lat'><strong>:</strong></span> <span class='ocrx_word' id='word_1_665' title='bbox 2915 3827 2935 3860; x_wconf 71' lang='grc' dir='ltr'>ι</span> <span class='ocrx_word' id='word_1_666' title='bbox 2971 3823 3135 3878; x_wconf 88' lang='lat' dir='ltr'><strong>quem</strong></span> <span class='ocrx_word' id='word_1_667' title='bbox 3167 3822 3300 3864; x_wconf 90' lang='lat' dir='ltr'><strong>sane</strong></span> <span class='ocrx_word' id='word_1_668' title='bbox 3330 3809 3501 3866; x_wconf 88' lang='lat' dir='ltr'><strong>Deum</strong></span> <span class='ocrx_word' id='word_1_669' title='bbox 3529 3824 3643 3867; x_wconf 84' lang='lat' dir='ltr'><strong>non</strong></span> 
     </span>
    </p>
   </div>
   <div class='ocr_carea' id='block_1_83' title="bbox 2071 3891 3655 3975">
    <p class='ocr_par' dir='ltr' id='par_1_83' title="bbox 2071 3891 3655 3975">
     <span class='ocr_line' id='line_1_84' title="bbox 2071 3891 3655 3975; baseline 0.004 -22"><span class='ocrx_word' id='word_1_670' title='bbox 2071 3891 2240 3953; x_wconf 85' lang='lat' dir='ltr'><strong>alium</strong></span> <span class='ocrx_word' id='word_1_671' title='bbox 2286 3913 2411 3954; x_wconf 91' lang='lat' dir='ltr'><strong>esse</strong></span> <span class='ocrx_word' id='word_1_672' title='bbox 2459 3913 2625 3970; x_wconf 90' lang='lat' dir='ltr'><strong>quam</strong></span> <span class='ocrx_word' id='word_1_673' title='bbox 2662 3899 2756 3955; x_wconf 89' lang='lat' dir='ltr'><strong>Dei</strong></span> <span class='ocrx_word' id='word_1_674' title='bbox 2814 3899 3079 3966; x_wconf 78' lang='lat' dir='ltr'><strong>Verbum,</strong></span> <span class='ocrx_word' id='word_1_675' title='bbox 3126 3915 3228 3956; x_wconf 91' lang='lat' dir='ltr'><strong>suo</strong></span> <span class='ocrx_word' id='word_1_676' title='bbox 3259 3910 3505 3975; x_wconf 85' lang='lat' dir='ltr'><strong>tempore</strong></span> <span class='ocrx_word' id='word_1_677' title='bbox 3551 3903 3655 3959; x_wconf 60' lang='lat' dir='ltr'><strong>dea</strong></span> 
     </span>
    </p>
   </div>
   <div class='ocr_carea' id='block_1_84' title="bbox 2069 3991 2519 4049">
    <p class='ocr_par' dir='ltr' id='par_1_84' title="bbox 2069 3991 2519 4049">
     <span class='ocr_line' id='line_1_85' title="bbox 2069 3991 2519 4049; baseline 0 -2"><span class='ocrx_word' id='word_1_678' title='bbox 2069 3991 2519 4049; x_wconf 88' lang='lat' dir='ltr'><strong>monstravimus.</strong></span> 
     </span>
    </p>
   </div>
   <div class='ocr_carea' id='block_1_85' title="bbox 2649 4087 3394 4182">
    <p class='ocr_par' dir='ltr' id='par_1_85' title="bbox 2649 4087 3394 4182">
     <span class='ocr_line' id='line_1_86' title="bbox 2649 4087 3394 4182; baseline 0.001 -20"><span class='ocrx_word' id='word_1_679' title='bbox 2649 4087 2880 4162; x_wconf 66' lang='lat' dir='ltr'><strong>CAPUT</strong></span> <span class='ocrx_word' id='word_1_680' title='bbox 2920 4089 3064 4163; x_wconf 71' lang='lat' dir='ltr'><strong>xix.</strong></span> <span class='ocrx_word' id='word_1_681' title='bbox 3390 4179 3394 4182; x_wconf 6' lang='grc' dir='ltr'><em>ἠ</em></span> 
     </span>
    </p>
   </div>
   <div class='ocr_carea' id='block_1_86' title="bbox 2066 4192 3649 4267">
    <p class='ocr_par' dir='ltr' id='par_1_86' title="bbox 2066 4192 3649 4267">
     <span class='ocr_line' id='line_1_87' title="bbox 2066 4192 3649 4267; baseline -0.001 -13"><span class='ocrx_word' id='word_1_682' title='bbox 2066 4201 2109 4254; x_wconf 86' lang='grc' dir='ltr'><em>Α</em></span> <span class='ocrx_word' id='word_1_683' title='bbox 2136 4198 2268 4255; x_wconf 73' lang='lat' dir='ltr'><strong>Iesu</strong></span> <span class='ocrx_word' id='word_1_684' title='bbox 2297 4198 2468 4257; x_wconf 76' lang='lat' dir='ltr'><strong>Nave.</strong></span> <span class='ocrx_word' id='word_1_685' title='bbox 2493 4229 2563 4241; x_wconf 87' lang='lat'><strong>——</strong></span> <span class='ocrx_word' id='word_1_686' title='bbox 2588 4198 2741 4267; x_wconf 83' lang='lat' dir='ltr'><strong>Quod</strong></span> <span class='ocrx_word' id='word_1_687' title='bbox 2789 4199 2885 4254; x_wconf 87' lang='lat' dir='ltr'><strong>Dei</strong></span> <span class='ocrx_word' id='word_1_688' title='bbox 2922 4192 3171 4264; x_wconf 81' lang='lat' dir='ltr'><strong>Verbum,</strong></span> <span class='ocrx_word' id='word_1_689' title='bbox 3215 4195 3355 4267; x_wconf 76' lang='lat' dir='ltr'><strong>quod</strong></span> <span class='ocrx_word' id='word_1_690' title='bbox 3372 4194 3511 4252; x_wconf 73' lang='lat' dir='ltr'><strong>Mosi</strong></span> <span class='ocrx_word' id='word_1_691' title='bbox 3543 4198 3649 4252; x_wconf 71' lang='lat' dir='ltr'><strong>noii</strong></span> 
     </span>
    </p>
   </div>
   <div class='ocr_carea' id='block_1_87' title="bbox 2133 4268 3643 4353">
    <p class='ocr_par' dir='ltr' id='par_1_87' title="bbox 2133 4268 3643 4353">
     <span class='ocr_line' id='line_1_88' title="bbox 2133 4268 3643 4353; baseline -0.003 -27"><span class='ocrx_word' id='word_1_692' title='bbox 2133 4287 2281 4353; x_wconf 64' lang='lat' dir='ltr'><strong>secus</strong></span> <span class='ocrx_word' id='word_1_693' title='bbox 2341 4280 2495 4353; x_wconf 55' lang='lat' dir='ltr'><strong>atque</strong></span> <span class='ocrx_word' id='word_1_694' title='bbox 2517 4272 2788 4353; x_wconf 67' lang='lat' dir='ltr'><strong>&quot;antiquis</strong></span> <span class='ocrx_word' id='word_1_695' title='bbox 2848 4271 3085 4353; x_wconf 63' lang='lat' dir='ltr'><strong>patrihus</strong></span> <span class='ocrx_word' id='word_1_696' title='bbox 3144 4268 3307 4353; x_wconf 57' lang='lat' dir='ltr'><strong>dabat</strong></span> <span class='ocrx_word' id='word_1_697' title='bbox 3351 4283 3643 4353; x_wconf 64' lang='lat' dir='ltr'><strong>responsa,</strong></span> 
     </span>
    </p>
   </div>
   <div class='ocr_carea' id='block_1_88' title="bbox 2131 4338 3641 4423">
    <p class='ocr_par' dir='ltr' id='par_1_88' title="bbox 2131 4338 3641 4423">
     <span class='ocr_line' id='line_1_89' title="bbox 2131 4338 3641 4423; baseline -0.002 -27"><span class='ocrx_word' id='word_1_698' title='bbox 2131 4343 2293 4423; x_wconf 60' lang='lat' dir='ltr'><strong>etiam</strong></span> <span class='ocrx_word' id='word_1_699' title='bbox 2338 4338 2469 4397; x_wconf 71' lang='lat' dir='ltr'><strong>Iesu</strong></span> <span class='ocrx_word' id='word_1_700' title='bbox 2507 4338 2694 4396; x_wconf 54' lang='lat' dir='ltr'><strong>Mosis&#39;</strong></span> <span class='ocrx_word' id='word_1_701' title='bbox 2720 4338 3012 4396; x_wconf 78' lang='lat' dir='ltr'><strong>successori</strong></span> <span class='ocrx_word' id='word_1_702' title='bbox 3064 4341 3118 4394; x_wconf 87' lang='lat' dir='ltr'><strong>in</strong></span> <span class='ocrx_word' id='word_1_703' title='bbox 3164 4339 3389 4394; x_wconf 79' lang='lat' dir='ltr'><strong>hominis</strong></span> <span class='ocrx_word' id='word_1_704' title='bbox 3437 4339 3641 4408; x_wconf 78' lang='lat' dir='ltr'><strong>forma,</strong></span> 
     </span>
    </p>
   </div>
   <div class='ocr_carea' id='block_1_89' title="bbox 2135 4421 2409 4467">
    <p class='ocr_par' dir='ltr' id='par_1_89' title="bbox 2135 4421 2409 4467">
     <span class='ocr_line' id='line_1_90' title="bbox 2135 4421 2409 4467; baseline 0 -1"><span class='ocrx_word' id='word_1_705' title='bbox 2135 4421 2279 4467; x_wconf 78' lang='lat' dir='ltr'><strong>visus</strong></span> <span class='ocrx_word' id='word_1_706' title='bbox 2307 4421 2409 4467; x_wconf 74' lang='grc' dir='ltr'>εει.</span> 
     </span>
    </p>
   </div>
   <div class='ocr_carea' id='block_1_90' title="bbox 2142 4502 3643 4589">
    <p class='ocr_par' dir='ltr' id='par_1_90' title="bbox 2142 4502 3643 4589">
     <span class='ocr_line' id='line_1_91' title="bbox 2142 4502 3643 4589; baseline -0.003 -11"><span class='ocrx_word' id='word_1_707' title='bbox 2142 4545 2161 4578; x_wconf 79' lang='grc' dir='ltr'>ι</span> <span class='ocrx_word' id='word_1_708' title='bbox 2190 4523 2257 4578; x_wconf 84' lang='grc' dir='ltr'><strong>Ει</strong></span> <span class='ocrx_word' id='word_1_709' title='bbox 2286 4523 2494 4579; x_wconf 79' lang='lat' dir='ltr'><strong>factum</strong></span> <span class='ocrx_word' id='word_1_710' title='bbox 2530 4532 2632 4589; x_wconf 89' lang='lat' dir='ltr'><strong>est,</strong></span> <span class='ocrx_word' id='word_1_711' title='bbox 2675 4521 2768 4578; x_wconf 86' lang='lat' dir='ltr'><strong>ubi</strong></span> <span class='ocrx_word' id='word_1_712' title='bbox 2806 4521 2911 4577; x_wconf 83' lang='lat' dir='ltr'><strong>fuit</strong></span> <span class='ocrx_word' id='word_1_713' title='bbox 2942 4520 3103 4578; x_wconf 84' lang='lat' dir='ltr'><strong>Jesus</strong></span> <span class='ocrx_word' id='word_1_714' title='bbox 3122 4521 3179 4576; x_wconf 89' lang='lat' dir='ltr'><strong>in</strong></span> <span class='ocrx_word' id='word_1_715' title='bbox 3202 4502 3440 4586; x_wconf 68' lang='lat' dir='ltr'><strong>Iericho,</strong></span> <span class='ocrx_word' id='word_1_716' title='bbox 3465 4525 3519 4575; x_wconf 90' lang='lat' dir='ltr'><strong>et</strong></span> <span class='ocrx_word' id='word_1_717' title='bbox 3552 4533 3643 4574; x_wconf 86' lang='lat' dir='ltr'><strong>rc-</strong></span> 
     </span>
    </p>
   </div>
   <div class='ocr_carea' id='block_1_91' title="bbox 386 4611 1968 4691">
    <p class='ocr_par' dir='ltr' id='par_1_91' title="bbox 386 4617 1959 4691">
     <span class='ocr_line' id='line_1_92' title="bbox 386 4617 1959 4691; baseline 0.004 -21"><span class='ocrx_word' id='word_1_718' title='bbox 386 4617 584 4688; x_wconf 76' lang='grc' dir='ltr'>ϐλέψας</span> <span class='ocrx_word' id='word_1_719' title='bbox 611 4620 712 4690; x_wconf 78' lang='grc' dir='ltr'><strong>ὁρᾷ</strong></span> <span class='ocrx_word' id='word_1_720' title='bbox 734 4618 1017 4690; x_wconf 79' lang='grc' dir='ltr'>ἄνθρωπον</span> <span class='ocrx_word' id='word_1_721' title='bbox 1038 4619 1304 4691; x_wconf 72' lang='grc' dir='ltr'>ἑστηκότα</span> <span class='ocrx_word' id='word_1_722' title='bbox 1335 4619 1624 4674; x_wconf 82' lang='grc' dir='ltr'>κατέναντι</span> <span class='ocrx_word' id='word_1_723' title='bbox 1654 4620 1842 4688; x_wconf 68' lang='grc' dir='ltr'>αὑτοῦ,</span> <span class='ocrx_word' id='word_1_724' title='bbox 1868 4623 1959 4676; x_wconf 79' lang='grc' dir='ltr'><strong>καὶ</strong></span> 
     </span>
    </p>
   </div>
   <div class='ocr_carea' id='block_1_92' title="bbox 2071 4611 3644 4691">
    <p class='ocr_par' dir='ltr' id='par_1_92' title="bbox 2071 4611 3644 4689">
     <span class='ocr_line' id='line_1_93' title="bbox 2071 4611 3644 4689; baseline -0.007 -14"><span class='ocrx_word' id='word_1_725' title='bbox 2071 4617 2306 4689; x_wconf 88' lang='lat' dir='ltr'><strong>spiciens</strong></span> <span class='ocrx_word' id='word_1_726' title='bbox 2331 4617 2480 4671; x_wconf 81' lang='lat' dir='ltr'><strong>videt</strong></span> <span class='ocrx_word' id='word_1_727' title='bbox 2513 4615 2787 4671; x_wconf 85' lang='lat' dir='ltr'><strong>hominem</strong></span> <span class='ocrx_word' id='word_1_728' title='bbox 2833 4622 3068 4671; x_wconf 88' lang='lat' dir='ltr'><strong>stantem</strong></span> <span class='ocrx_word' id='word_1_729' title='bbox 3110 4628 3295 4669; x_wconf 87' lang='lat' dir='ltr'><strong>coram</strong></span> <span class='ocrx_word' id='word_1_730' title='bbox 3327 4629 3407 4678; x_wconf 90' lang='lat' dir='ltr'><strong>se,</strong></span> <span class='ocrx_word' id='word_1_731' title='bbox 3442 4619 3497 4667; x_wconf 88' lang='lat' dir='ltr'><strong>et</strong></span> <span class='ocrx_word' id='word_1_732' title='bbox 3528 4611 3644 4682; x_wconf 46' lang='lat' dir='ltr'><strong>gla¢</strong></span> 
     </span>
    </p>
   </div>
   <div class='ocr_carea' id='block_1_93' title="bbox 384 4711 1960 4783">
    <p class='ocr_par' dir='ltr' id='par_1_93' title="bbox 384 4711 1960 4783">
     <span class='ocr_line' id='line_1_94' title="bbox 384 4711 1960 4783; baseline 0.001 -20"><span class='ocrx_word' id='word_1_733' title='bbox 384 4711 420 4781; x_wconf 82' lang='grc' dir='ltr'><strong>ἡ</strong></span> <span class='ocrx_word' id='word_1_734' title='bbox 457 4712 696 4781; x_wconf 77' lang='grc' dir='ltr'>ῥομφαία</span> <span class='ocrx_word' id='word_1_735' title='bbox 724 4711 1038 4782; x_wconf 76' lang='grc' dir='ltr'>ὲσπασμένη</span> <span class='ocrx_word' id='word_1_736' title='bbox 1075 4713 1132 4765; x_wconf 79' lang='grc' dir='ltr'>ἐν</span> <span class='ocrx_word' id='word_1_737' title='bbox 1160 4714 1225 4783; x_wconf 81' lang='grc' dir='ltr'>τῇ</span> <span class='ocrx_word' id='word_1_738' title='bbox 1257 4714 1402 4783; x_wconf 79' lang='grc' dir='ltr'>χειρὶ</span> <span class='ocrx_word' id='word_1_739' title='bbox 1432 4712 1620 4766; x_wconf 80' lang='grc' dir='ltr'>αὑτοῦ.</span> <span class='ocrx_word' id='word_1_740' title='bbox 1644 4714 1754 4765; x_wconf 77' lang='grc' dir='ltr'><strong>Καὶ</strong></span> <span class='ocrx_word' id='word_1_741' title='bbox 1788 4730 1960 4782; x_wconf 87' lang='grc' dir='ltr'>προσ-</span> 
     </span>
    </p>
   </div>
   <div class='ocr_carea' id='block_1_94' title="bbox 383 4798 1959 4876">
    <p class='ocr_par' dir='ltr' id='par_1_94' title="bbox 383 4798 1959 4876">
     <span class='ocr_line' id='line_1_95' title="bbox 383 4798 1959 4876; baseline 0.003 -22"><span class='ocrx_word' id='word_1_742' title='bbox 383 4800 551 4855; x_wconf 87' lang='grc' dir='ltr'>ελθὼν</span> <span class='ocrx_word' id='word_1_743' title='bbox 572 4803 601 4854; x_wconf 89' lang='lat'><strong>6</strong></span> <span class='ocrx_word' id='word_1_744' title='bbox 631 4802 834 4874; x_wconf 85' lang='grc' dir='ltr'>Ἰησοῦς</span> <span class='ocrx_word' id='word_1_745' title='bbox 858 4798 1008 4855; x_wconf 83' lang='grc' dir='ltr'>εἶπεν</span> <span class='ocrx_word' id='word_1_746' title='bbox 1029 4820 1043 4833; x_wconf 75' lang='grc' dir='ltr'>ο</span> <span class='ocrx_word' id='word_1_747' title='bbox 1097 4802 1391 4876; x_wconf 84' lang='grc' dir='ltr'>Ἡμέτερος</span> <span class='ocrx_word' id='word_1_748' title='bbox 1415 4800 1485 4867; x_wconf 70' lang='grc' dir='ltr'><strong>εἴ,</strong></span> <span class='ocrx_word' id='word_1_749' title='bbox 1524 4804 1557 4875; x_wconf 76' lang='grc' dir='ltr'><strong>ἦ</strong></span> <span class='ocrx_word' id='word_1_750' title='bbox 1596 4803 1703 4857; x_wconf 84' lang='grc' dir='ltr'>τῶν</span> <span class='ocrx_word' id='word_1_751' title='bbox 1729 4800 1959 4858; x_wconf 82' lang='grc' dir='ltr'>ὑπεναν-</span> 
     </span>
    </p>
   </div>
   <div class='ocr_carea' id='block_1_95' title="bbox 382 4889 1957 4968">
    <p class='ocr_par' dir='ltr' id='par_1_95' title="bbox 382 4889 1957 4968">
     <span class='ocr_line' id='line_1_96' title="bbox 382 4889 1957 4968; baseline 0.003 -23"><span class='ocrx_word' id='word_1_752' title='bbox 382 4892 546 4958; x_wconf 84' lang='grc' dir='ltr'>τίων;</span> <span class='ocrx_word' id='word_1_753' title='bbox 579 4893 689 4946; x_wconf 77' lang='grc' dir='ltr'><strong>Καὶ</strong></span> <span class='ocrx_word' id='word_1_754' title='bbox 724 4889 875 4948; x_wconf 80' lang='grc' dir='ltr'>εἶπεν</span> <span class='ocrx_word' id='word_1_755' title='bbox 923 4893 1073 4965; x_wconf 79' lang='grc' dir='ltr'>αὐτῷ</span> <span class='ocrx_word' id='word_1_756' title='bbox 1096 4911 1110 4925; x_wconf 73' lang='grc'><strong><em>⁸</em></strong></span> <span class='ocrx_word' id='word_1_757' title='bbox 1157 4893 1298 4964; x_wconf 86' lang='grc' dir='ltr'>Ἐγὼ</span> <span class='ocrx_word' id='word_1_758' title='bbox 1334 4896 1770 4968; x_wconf 75' lang='grc' dir='ltr'>ἀρχιστράτηγος</span> <span class='ocrx_word' id='word_1_759' title='bbox 1800 4896 1957 4949; x_wconf 86' lang='grc' dir='ltr'>δυνά-</span> 
     </span>
    </p>
   </div>
   <div class='ocr_carea' id='block_1_96' title="bbox 385 4982 1957 5057">
    <p class='ocr_par' dir='ltr' id='par_1_96' title="bbox 385 4982 1957 5057">
     <span class='ocr_line' id='line_1_97' title="bbox 385 4982 1957 5057; baseline 0.001 -18"><span class='ocrx_word' id='word_1_760' title='bbox 385 5001 530 5055; x_wconf 83' lang='grc' dir='ltr'>μεως</span> <span class='ocrx_word' id='word_1_761' title='bbox 561 4982 764 5055; x_wconf 83' lang='grc' dir='ltr'>Κυρίου</span> <span class='ocrx_word' id='word_1_762' title='bbox 800 4985 1170 5057; x_wconf 86' lang='grc' dir='ltr'>παραγέγονα·</span> <span class='ocrx_word' id='word_1_763' title='bbox 1230 4987 1324 5041; x_wconf 73' lang='grc' dir='ltr'><strong>καὶ</strong></span> <span class='ocrx_word' id='word_1_764' title='bbox 1360 4986 1568 5057; x_wconf 82' lang='grc' dir='ltr'>Ἰησοῦς</span> <span class='ocrx_word' id='word_1_765' title='bbox 1627 4986 1823 5040; x_wconf 79' lang='grc' dir='ltr'>ἔπεσεν</span> <span class='ocrx_word' id='word_1_766' title='bbox 1863 4987 1957 5041; x_wconf 73' lang='grc' dir='ltr'><strong>ἐπὶ</strong></span> 
     </span>
    </p>
   </div>
   <div class='ocr_carea' id='block_1_97' title="bbox 383 5064 1951 5149">
    <p class='ocr_par' dir='ltr' id='par_1_97' title="bbox 383 5064 1951 5149">
     <span class='ocr_line' id='line_1_98' title="bbox 383 5064 1951 5149; baseline 0.001 -20"><span class='ocrx_word' id='word_1_767' title='bbox 383 5075 674 5148; x_wconf 86' lang='grc' dir='ltr'>πρόσωπον</span> <span class='ocrx_word' id='word_1_768' title='bbox 700 5077 794 5129; x_wconf 75' lang='grc' dir='ltr'><strong>ἐπὶ</strong></span> <span class='ocrx_word' id='word_1_769' title='bbox 819 5076 919 5147; x_wconf 83' lang='grc' dir='ltr'>τὴν</span> <span class='ocrx_word' id='word_1_770' title='bbox 947 5078 1072 5149; x_wconf 86' lang='grc' dir='ltr'>γῆν,</span> <span class='ocrx_word' id='word_1_771' title='bbox 1104 5076 1196 5132; x_wconf 78' lang='grc' dir='ltr'><strong>καὶ</strong></span> <span class='ocrx_word' id='word_1_772' title='bbox 1246 5070 1396 5131; x_wconf 74' lang='grc' dir='ltr'>εἶπεν</span> <span class='ocrx_word' id='word_1_773' title='bbox 1450 5077 1599 5148; x_wconf 79' lang='grc' dir='ltr'>αὐτῷ</span> <span class='ocrx_word' id='word_1_774' title='bbox 1617 5094 1631 5108; x_wconf 76' lang='grc' dir='ltr'>ο</span> <span class='ocrx_word' id='word_1_775' title='bbox 1687 5064 1951 5141; x_wconf 75' lang='grc' dir='ltr'>Δέσποτα,</span> 
     </span>
    </p>
   </div>
   <div class='ocr_carea' id='block_1_98' title="bbox 379 5165 1955 5240">
    <p class='ocr_par' dir='ltr' id='par_1_98' title="bbox 379 5165 1955 5240">
     <span class='ocr_line' id='line_1_99' title="bbox 379 5165 1955 5240; baseline 0.003 -22"><span class='ocrx_word' id='word_1_776' title='bbox 379 5165 434 5218; x_wconf 84' lang='grc' dir='ltr'><strong>τί</strong></span> <span class='ocrx_word' id='word_1_777' title='bbox 474 5165 833 5237; x_wconf 84' lang='grc' dir='ltr'>προστάσσεις</span> <span class='ocrx_word' id='word_1_778' title='bbox 876 5166 955 5237; x_wconf 80' lang='grc' dir='ltr'>τῷ</span> <span class='ocrx_word' id='word_1_779' title='bbox 997 5168 1075 5239; x_wconf 82' lang='grc' dir='ltr'>σῷ</span> <span class='ocrx_word' id='word_1_780' title='bbox 1127 5169 1351 5240; x_wconf 72' lang='grc' dir='ltr'>οίκέτῄ;</span> <span class='ocrx_word' id='word_1_781' title='bbox 1404 5170 1511 5222; x_wconf 50' lang='lat' dir='ltr'><strong>Kal.</strong></span> <span class='ocrx_word' id='word_1_782' title='bbox 1553 5168 1700 5237; x_wconf 79' lang='grc' dir='ltr'>λέγει</span> <span class='ocrx_word' id='word_1_783' title='bbox 1729 5171 1757 5221; x_wconf 91' lang='lat'><strong>6</strong></span> <span class='ocrx_word' id='word_1_784' title='bbox 1798 5169 1955 5240; x_wconf 89' lang='grc' dir='ltr'>ἁρχι-</span> 
     </span>
    </p>
   </div>
   <div class='ocr_carea' id='block_1_99' title="bbox 381 5244 1954 5332">
    <p class='ocr_par' dir='ltr' id='par_1_99' title="bbox 381 5244 1954 5332">
     <span class='ocr_line' id='line_1_100' title="bbox 381 5244 1954 5332; baseline 0.001 -22"><span class='ocrx_word' id='word_1_785' title='bbox 381 5259 683 5328; x_wconf 83' lang='grc' dir='ltr'>στράτηγος</span> <span class='ocrx_word' id='word_1_786' title='bbox 709 5258 913 5329; x_wconf 81' lang='grc' dir='ltr'>Κυρίου</span> <span class='ocrx_word' id='word_1_787' title='bbox 930 5274 943 5287; x_wconf 73' lang='grc' dir='ltr'>ο</span> <span class='ocrx_word' id='word_1_788' title='bbox 982 5276 1003 5310; x_wconf 77' lang='grc' dir='ltr'>ι</span> <span class='ocrx_word' id='word_1_789' title='bbox 1055 5244 1226 5329; x_wconf 89' lang='grc' dir='ltr'><strong>Ἰησοῦ</strong></span> <span class='ocrx_word' id='word_1_790' title='bbox 1247 5301 1263 5326; x_wconf 92' lang='grc'><strong>,</strong></span> <span class='ocrx_word' id='word_1_791' title='bbox 1287 5259 1445 5314; x_wconf 77' lang='grc' dir='ltr'>λῦσαι</span> <span class='ocrx_word' id='word_1_792' title='bbox 1479 5261 1538 5314; x_wconf 84' lang='grc' dir='ltr'><strong>τὸ</strong></span> <span class='ocrx_word' id='word_1_793' title='bbox 1566 5244 1820 5332; x_wconf 80' lang='grc' dir='ltr'>ὑπόδημα</span> <span class='ocrx_word' id='word_1_794' title='bbox 1845 5260 1954 5313; x_wconf 80' lang='grc' dir='ltr'><strong>τῶν</strong></span> 
     </span>
    </p>
   </div>
   <div class='ocr_carea' id='block_1_100' title="bbox 379 5338 1952 5423">
    <p class='ocr_par' dir='ltr' id='par_1_100' title="bbox 379 5338 1952 5423">
     <span class='ocr_line' id='line_1_101' title="bbox 379 5338 1952 5423; baseline 0.001 -21"><span class='ocrx_word' id='word_1_795' title='bbox 379 5349 555 5403; x_wconf 86' lang='grc' dir='ltr'>ποδῶν</span> <span class='ocrx_word' id='word_1_796' title='bbox 587 5365 681 5402; x_wconf 91' lang='grc' dir='ltr'><strong>σου</strong></span> <span class='ocrx_word' id='word_1_797' title='bbox 702 5366 714 5379; x_wconf 77' lang='grc'><em>’</em></span> <span class='ocrx_word' id='word_1_798' title='bbox 746 5350 775 5401; x_wconf 87' lang='lat'><strong>6</strong></span> <span class='ocrx_word' id='word_1_799' title='bbox 805 5348 914 5421; x_wconf 81' lang='grc' dir='ltr'>γὰρ</span> <span class='ocrx_word' id='word_1_800' title='bbox 944 5338 1107 5414; x_wconf 79' lang='grc' dir='ltr'>τόπος</span> <span class='ocrx_word' id='word_1_801' title='bbox 1132 5353 1217 5421; x_wconf 82' lang='grc' dir='ltr'><strong>ἐφ’</strong></span> <span class='ocrx_word' id='word_1_802' title='bbox 1251 5345 1294 5419; x_wconf 81' lang='grc' dir='ltr'>ᾧ</span> <span class='ocrx_word' id='word_1_803' title='bbox 1328 5353 1392 5404; x_wconf 83' lang='grc' dir='ltr'><strong>σὺ</strong></span> <span class='ocrx_word' id='word_1_804' title='bbox 1426 5352 1683 5423; x_wconf 71' lang='grc' dir='ltr'>ἕστηκας,</span> <span class='ocrx_word' id='word_1_805' title='bbox 1718 5351 1788 5421; x_wconf 85' lang='grc' dir='ltr'>γῆ</span> <span class='ocrx_word' id='word_1_806' title='bbox 1819 5350 1952 5419; x_wconf 86' lang='grc' dir='ltr'>ἁγία</span> 
     </span>
    </p>
   </div>
   <div class='ocr_carea' id='block_1_101' title="bbox 378 5439 1955 5514">
    <p class='ocr_par' dir='ltr' id='par_1_101' title="bbox 378 5439 1955 5514">
     <span class='ocr_line' id='line_1_102' title="bbox 378 5439 1955 5514; baseline 0.001 -23"><span class='ocrx_word' id='word_1_807' title='bbox 378 5439 545 5493; x_wconf 72' lang='grc' dir='ltr'>ἐστίν.</span> <span class='ocrx_word' id='word_1_808' title='bbox 567 5458 585 5490; x_wconf 74' lang='grc' dir='ltr'><strong>ι</strong></span> <span class='ocrx_word' id='word_1_809' title='bbox 602 5440 748 5493; x_wconf 80' lang='grc' dir='ltr'><strong>Αὺτὰ</strong></span> <span class='ocrx_word' id='word_1_810' title='bbox 770 5439 836 5512; x_wconf 84' lang='grc' dir='ltr'>δὴ</span> <span class='ocrx_word' id='word_1_811' title='bbox 858 5439 1032 5494; x_wconf 85' lang='grc' dir='ltr'>ταῦτα</span> <span class='ocrx_word' id='word_1_812' title='bbox 1058 5442 1152 5496; x_wconf 73' lang='grc' dir='ltr'>καὶ</span> <span class='ocrx_word' id='word_1_813' title='bbox 1174 5441 1696 5514; x_wconf 83' lang='grc' dir='ltr'>Μωῦσεῖὰρχομένῳ</span> <span class='ocrx_word' id='word_1_814' title='bbox 1710 5441 1808 5511; x_wconf 84' lang='grc' dir='ltr'><strong>τῆς</strong></span> <span class='ocrx_word' id='word_1_815' title='bbox 1822 5440 1955 5493; x_wconf 86' lang='grc' dir='ltr'>θεω-</span> 
     </span>
    </p>
   </div>
   <div class='ocr_carea' id='block_1_102' title="bbox 380 5529 1952 5604">
    <p class='ocr_par' dir='ltr' id='par_1_102' title="bbox 380 5529 1952 5604">
     <span class='ocr_line' id='line_1_103' title="bbox 380 5529 1952 5604; baseline 0 -22"><span class='ocrx_word' id='word_1_816' title='bbox 380 5529 500 5599; x_wconf 76' lang='grc' dir='ltr'>ρίας</span> <span class='ocrx_word' id='word_1_817' title='bbox 524 5531 616 5583; x_wconf 72' lang='grc' dir='ltr'><strong>ἐπὶ</strong></span> <span class='ocrx_word' id='word_1_818' title='bbox 645 5531 741 5601; x_wconf 81' lang='grc' dir='ltr'><strong>τῆς</strong></span> <span class='ocrx_word' id='word_1_819' title='bbox 775 5531 935 5601; x_wconf 83' lang='grc' dir='ltr'>βάτου</span> <span class='ocrx_word' id='word_1_820' title='bbox 962 5532 1097 5603; x_wconf 83' lang='grc' dir='ltr'>πρὸς</span> <span class='ocrx_word' id='word_1_821' title='bbox 1116 5531 1211 5586; x_wconf 83' lang='grc' dir='ltr'><strong>τοῦ</strong></span> <span class='ocrx_word' id='word_1_822' title='bbox 1241 5533 1447 5604; x_wconf 84' lang='grc' dir='ltr'>Κυρίου</span> <span class='ocrx_word' id='word_1_823' title='bbox 1472 5531 1675 5603; x_wconf 79' lang='grc' dir='ltr'>εἴρητο,</span> <span class='ocrx_word' id='word_1_824' title='bbox 1699 5530 1774 5595; x_wconf 85' lang='grc' dir='ltr'>ὡς</span> <span class='ocrx_word' id='word_1_825' title='bbox 1801 5530 1952 5602; x_wconf 88' lang='grc' dir='ltr'>δηλοῖ</span> 
     </span>
    </p>
   </div>
   <div class='ocr_carea' id='block_1_103' title="bbox 375 5616 1946 5696">
    <p class='ocr_par' dir='ltr' id='par_1_103' title="bbox 375 5616 1946 5696">
     <span class='ocr_line' id='line_1_104' title="bbox 375 5616 1946 5696; baseline 0.003 -25"><span class='ocrx_word' id='word_1_826' title='bbox 375 5621 406 5688; x_wconf 78' lang='grc' dir='ltr'><strong>ἡ</strong></span> <span class='ocrx_word' id='word_1_827' title='bbox 440 5619 661 5693; x_wconf 78' lang='grc' dir='ltr'>Γραφή·</span> <span class='ocrx_word' id='word_1_828' title='bbox 705 5640 723 5673; x_wconf 79' lang='grc' dir='ltr'>ι</span> <span class='ocrx_word' id='word_1_829' title='bbox 772 5616 858 5686; x_wconf 77' lang='grc' dir='ltr'><strong><em>Ὦς</em></strong></span> <span class='ocrx_word' id='word_1_830' title='bbox 883 5622 941 5676; x_wconf 79' lang='grc' dir='ltr'>δὲ</span> <span class='ocrx_word' id='word_1_831' title='bbox 967 5617 1075 5677; x_wconf 79' lang='grc' dir='ltr'>εἶδε</span> <span class='ocrx_word' id='word_1_832' title='bbox 1108 5622 1346 5694; x_wconf 84' lang='grc' dir='ltr'>Κύριος,</span> <span class='ocrx_word' id='word_1_833' title='bbox 1376 5624 1459 5677; x_wconf 85' lang='grc' dir='ltr'><strong>ὅτι</strong></span> <span class='ocrx_word' id='word_1_834' title='bbox 1492 5622 1757 5696; x_wconf 81' lang='grc' dir='ltr'>προσάγει</span> <span class='ocrx_word' id='word_1_835' title='bbox 1796 5620 1946 5687; x_wconf 81' lang='grc' dir='ltr'>ἰδεῖν,</span> 
     </span>
    </p>
   </div>
   <div class='ocr_carea' id='block_1_104' title="bbox 2061 4702 3643 4778">
    <p class='ocr_par' dir='ltr' id='par_1_104' title="bbox 2061 4702 3643 4778">
     <span class='ocr_line' id='line_1_105' title="bbox 2061 4702 3643 4778; baseline -0.004 -12"><span class='ocrx_word' id='word_1_836' title='bbox 2061 4710 2187 4766; x_wconf 90' lang='lat' dir='ltr'><strong>dius</strong></span> <span class='ocrx_word' id='word_1_837' title='bbox 2219 4709 2414 4778; x_wconf 79' lang='lat' dir='ltr'><strong>vagina</strong></span> <span class='ocrx_word' id='word_1_838' title='bbox 2447 4716 2645 4764; x_wconf 78' lang='lat' dir='ltr'><strong>exutus</strong></span> <span class='ocrx_word' id='word_1_839' title='bbox 2674 4709 2729 4762; x_wconf 86' lang='lat' dir='ltr'><strong>in</strong></span> <span class='ocrx_word' id='word_1_840' title='bbox 2764 4724 2933 4763; x_wconf 89' lang='lat' dir='ltr'><strong>manu</strong></span> <span class='ocrx_word' id='word_1_841' title='bbox 2975 4708 3117 4778; x_wconf 86' lang='lat' dir='ltr'><strong>ejus,</strong></span> <span class='ocrx_word' id='word_1_842' title='bbox 3153 4713 3210 4763; x_wconf 87' lang='lat' dir='ltr'><strong>ct</strong></span> <span class='ocrx_word' id='word_1_843' title='bbox 3259 4704 3524 4761; x_wconf 89' lang='lat' dir='ltr'><strong>accedens</strong></span> <span class='ocrx_word' id='word_1_844' title='bbox 3551 4702 3643 4759; x_wconf 80' lang='lat' dir='ltr'><strong>Je-</strong></span> 
     </span>
    </p>
   </div>
   <div class='ocr_carea' id='block_1_105' title="bbox 2061 4795 3641 4866">
    <p class='ocr_par' dir='ltr' id='par_1_105' title="bbox 2061 4795 3641 4866">
     <span class='ocr_line' id='line_1_106' title="bbox 2061 4795 3641 4866; baseline -0.004 -10"><span class='ocrx_word' id='word_1_845' title='bbox 2061 4816 2160 4857; x_wconf 86' lang='lat' dir='ltr'><strong>sus</strong></span> <span class='ocrx_word' id='word_1_846' title='bbox 2180 4800 2317 4857; x_wconf 83' lang='lat' dir='ltr'><strong>dixit</strong></span> <span class='ocrx_word' id='word_1_847' title='bbox 2336 4806 2351 4855; x_wconf 89' lang='lat'><strong>:&#39;</strong></span> <span class='ocrx_word' id='word_1_848' title='bbox 2368 4799 2566 4856; x_wconf 83' lang='lat' dir='ltr'><strong>Noster</strong></span> <span class='ocrx_word' id='word_1_849' title='bbox 2587 4815 2667 4866; x_wconf 93' lang='lat' dir='ltr'><strong>es,</strong></span> <span class='ocrx_word' id='word_1_850' title='bbox 2694 4810 2765 4854; x_wconf 87' lang='lat' dir='ltr'><strong>an</strong></span> <span class='ocrx_word' id='word_1_851' title='bbox 2793 4798 3232 4854; x_wconf 78' lang='lat' dir='ltr'><strong>adversariorum</strong></span> <span class='ocrx_word' id='word_1_852' title='bbox 3250 4799 3275 4851; x_wconf 89' lang='lat'><strong>?</strong></span> <span class='ocrx_word' id='word_1_853' title='bbox 3297 4795 3363 4850; x_wconf 85' lang='lat' dir='ltr'><strong>Et</strong></span> <span class='ocrx_word' id='word_1_854' title='bbox 3386 4797 3525 4851; x_wconf 64' lang='lat' dir='ltr'><strong>diiit</strong></span> <span class='ocrx_word' id='word_1_855' title='bbox 3545 4797 3595 4851; x_wconf 91' lang='lat' dir='ltr'><strong>ei</strong></span> <span class='ocrx_word' id='word_1_856' title='bbox 3621 4810 3641 4851; x_wconf 67' lang='grc' dir='ltr'><strong>ε</strong></span> 
     </span>
    </p>
   </div>
   <div class='ocr_carea' id='block_1_106' title="bbox 2062 4887 3638 4962">
    <p class='ocr_par' dir='ltr' id='par_1_106' title="bbox 2062 4887 3638 4962">
     <span class='ocr_line' id='line_1_107' title="bbox 2062 4887 3638 4962; baseline -0.003 -16"><span class='ocrx_word' id='word_1_857' title='bbox 2062 4890 2176 4962; x_wconf 75' lang='lat' dir='ltr'><strong>Ego</strong></span> <span class='ocrx_word' id='word_1_858' title='bbox 2206 4891 2461 4962; x_wconf 86' lang='lat' dir='ltr'><strong>princeps</strong></span> <span class='ocrx_word' id='word_1_859' title='bbox 2496 4892 2891 4961; x_wconf 89' lang='lat' dir='ltr'><strong>imperatorum</strong></span> <span class='ocrx_word' id='word_1_860' title='bbox 2917 4889 3192 4944; x_wconf 78' lang='lat' dir='ltr'><strong>exercitus</strong></span> <span class='ocrx_word' id='word_1_861' title='bbox 3222 4887 3460 4953; x_wconf 91' lang='lat' dir='ltr'><strong>Domini,</strong></span> <span class='ocrx_word' id='word_1_862' title='bbox 3488 4901 3638 4941; x_wconf 87' lang='lat' dir='ltr'><strong>nunc</strong></span> 
     </span>
    </p>
   </div>
   <div class='ocr_carea' id='block_1_107' title="bbox 2060 4973 3637 5042">
    <p class='ocr_par' dir='ltr' id='par_1_107' title="bbox 2060 4973 3637 5042">
     <span class='ocr_line' id='line_1_108' title="bbox 2060 4973 3637 5042; baseline -0.004 -6"><span class='ocrx_word' id='word_1_863' title='bbox 2060 4981 2208 5036; x_wconf 83' lang='lat' dir='ltr'><strong>veni.-</strong></span> <span class='ocrx_word' id='word_1_864' title='bbox 2231 4979 2297 5033; x_wconf 89' lang='lat' dir='ltr'><strong>Et</strong></span> <span class='ocrx_word' id='word_1_865' title='bbox 2321 4978 2483 5036; x_wconf 89' lang='lat' dir='ltr'><strong>Jesus</strong></span> <span class='ocrx_word' id='word_1_866' title='bbox 2518 4980 2716 5035; x_wconf 86' lang='lat' dir='ltr'><strong>cecidit</strong></span> <span class='ocrx_word' id='word_1_867' title='bbox 2753 4978 2893 5035; x_wconf 82' lang='lat' dir='ltr'><strong>faeie</strong></span> <span class='ocrx_word' id='word_1_868' title='bbox 2924 4980 2981 5033; x_wconf 91' lang='lat' dir='ltr'><strong>in</strong></span> <span class='ocrx_word' id='word_1_869' title='bbox 3014 4987 3239 5042; x_wconf 89' lang='lat' dir='ltr'><strong>terram,</strong></span> <span class='ocrx_word' id='word_1_870' title='bbox 3284 4982 3339 5030; x_wconf 91' lang='lat' dir='ltr'><strong>et</strong></span> <span class='ocrx_word' id='word_1_871' title='bbox 3369 4975 3509 5029; x_wconf 77' lang='lat' dir='ltr'><strong>dixit</strong></span> <span class='ocrx_word' id='word_1_872' title='bbox 3535 4973 3583 5029; x_wconf 87' lang='lat' dir='ltr'><strong>ei</strong></span> <span class='ocrx_word' id='word_1_873' title='bbox 3619 4988 3637 5029; x_wconf 69' lang='grc' dir='ltr'><strong>ε</strong></span> 
     </span>
    </p>
   </div>
   <div class='ocr_carea' id='block_1_108' title="bbox 2060 5063 3640 5144">
    <p class='ocr_par' dir='ltr' id='par_1_108' title="bbox 2060 5063 3640 5144">
     <span class='ocr_line' id='line_1_109' title="bbox 2060 5063 3640 5144; baseline -0.004 -17"><span class='ocrx_word' id='word_1_874' title='bbox 2060 5072 2322 5139; x_wconf 85' lang='lat' dir='ltr'><strong>Domine,</strong></span> <span class='ocrx_word' id='word_1_875' title='bbox 2368 5071 2534 5144; x_wconf 63' lang='grc'><strong>246</strong></span> <span class='ocrx_word' id='word_1_876' title='bbox 2560 5071 2693 5142; x_wconf 86' lang='lat' dir='ltr'><strong>quid</strong></span> <span class='ocrx_word' id='word_1_877' title='bbox 2746 5071 2985 5141; x_wconf 88' lang='lat' dir='ltr'><strong>imperas</strong></span> <span class='ocrx_word' id='word_1_878' title='bbox 3040 5078 3200 5124; x_wconf 83' lang='lat' dir='ltr'><strong>servo</strong></span> <span class='ocrx_word' id='word_1_879' title='bbox 3256 5066 3391 5121; x_wconf 87' lang='lat' dir='ltr'><strong>tuo?</strong></span> <span class='ocrx_word' id='word_1_880' title='bbox 3444 5063 3512 5118; x_wconf 87' lang='lat' dir='ltr'><strong>Et</strong></span> <span class='ocrx_word' id='word_1_881' title='bbox 3564 5066 3640 5121; x_wconf 79' lang='lat' dir='ltr'><strong>ait</strong></span> 
     </span>
    </p>
   </div>
   <div class='ocr_carea' id='block_1_109' title="bbox 2057 5157 3638 5236">
    <p class='ocr_par' dir='ltr' id='par_1_109' title="bbox 2057 5157 3638 5236">
     <span class='ocr_line' id='line_1_110' title="bbox 2057 5157 3638 5236; baseline -0.005 -17"><span class='ocrx_word' id='word_1_882' title='bbox 2057 5166 2315 5236; x_wconf 85' lang='lat' dir='ltr'><strong>princeps</strong></span> <span class='ocrx_word' id='word_1_883' title='bbox 2349 5164 2740 5232; x_wconf 87' lang='lat' dir='ltr'><strong>imperatorum</strong></span> <span class='ocrx_word' id='word_1_884' title='bbox 2764 5159 2983 5216; x_wconf 88' lang='lat' dir='ltr'><strong>Domini</strong></span> <span class='ocrx_word' id='word_1_885' title='bbox 3017 5158 3206 5223; x_wconf 82' lang='lat' dir='ltr'><strong>:Jesu,</strong></span> <span class='ocrx_word' id='word_1_886' title='bbox 3242 5157 3393 5213; x_wconf 82' lang='lat' dir='ltr'><strong>solve</strong></span> <span class='ocrx_word' id='word_1_887' title='bbox 3421 5157 3638 5212; x_wconf 59' lang='lat' dir='ltr'><strong>calcea-s‘</strong></span> 
     </span>
    </p>
   </div>
   <div class='ocr_carea' id='block_1_110' title="bbox 2057 5246 3633 5322">
    <p class='ocr_par' dir='ltr' id='par_1_110' title="bbox 2057 5246 3633 5322">
     <span class='ocr_line' id='line_1_111' title="bbox 2057 5246 3633 5322; baseline -0.004 -15"><span class='ocrx_word' id='word_1_888' title='bbox 2057 5260 2303 5308; x_wconf 85' lang='lat' dir='ltr'><strong>mentum</strong></span> <span class='ocrx_word' id='word_1_889' title='bbox 2339 5251 2539 5322; x_wconf 87' lang='lat' dir='ltr'><strong>pedum</strong></span> <span class='ocrx_word' id='word_1_890' title='bbox 2586 5250 2827 5315; x_wconf 75' lang='lat' dir='ltr'><strong>tuordm,</strong></span> <span class='ocrx_word' id='word_1_891' title='bbox 2875 5249 3034 5303; x_wconf 83' lang='lat' dir='ltr'><strong>locus</strong></span> <span class='ocrx_word' id='word_1_892' title='bbox 3063 5246 3210 5303; x_wconf 80' lang='lat' dir='ltr'><strong>enim</strong></span> <span class='ocrx_word' id='word_1_893' title='bbox 3246 5246 3303 5300; x_wconf 86' lang='lat' dir='ltr'><strong>in</strong></span> <span class='ocrx_word' id='word_1_894' title='bbox 3342 5260 3452 5315; x_wconf 91' lang='lat' dir='ltr'><strong>quo</strong></span> <span class='ocrx_word' id='word_1_895' title='bbox 3496 5254 3633 5311; x_wconf 81' lang='lat' dir='ltr'><strong>stas,</strong></span> 
     </span>
    </p>
   </div>
   <div class='ocr_carea' id='block_1_111' title="bbox 2057 5337 3637 5408">
    <p class='ocr_par' dir='ltr' id='par_1_111' title="bbox 2057 5337 3637 5408">
     <span class='ocr_line' id='line_1_112' title="bbox 2057 5337 3637 5408; baseline -0.006 -7"><span class='ocrx_word' id='word_1_896' title='bbox 2057 5348 2202 5402; x_wconf 85' lang='lat' dir='ltr'><strong>terra</strong></span> <span class='ocrx_word' id='word_1_897' title='bbox 2233 5354 2422 5402; x_wconf 83' lang='lat' dir='ltr'><strong>sancta</strong></span> <span class='ocrx_word' id='word_1_898' title='bbox 2451 5351 2536 5399; x_wconf 82' lang='lat' dir='ltr'><strong>est</strong></span> <span class='ocrx_word' id='word_1_899' title='bbox 2553 5343 2624 5398; x_wconf 82' lang='grc'><strong>⁸⁵.</strong></span> <span class='ocrx_word' id='word_1_900' title='bbox 2652 5362 2669 5395; x_wconf 73' lang='grc' dir='ltr'>ι</span> <span class='ocrx_word' id='word_1_901' title='bbox 2687 5341 2889 5396; x_wconf 87' lang='lat' dir='ltr'><strong>Eadem</strong></span> <span class='ocrx_word' id='word_1_902' title='bbox 2942 5353 3075 5396; x_wconf 85' lang='lat' dir='ltr'><strong>sane</strong></span> <span class='ocrx_word' id='word_1_903' title='bbox 3115 5338 3232 5393; x_wconf 72' lang='lat' dir='ltr'><strong>haec</strong></span> <span class='ocrx_word' id='word_1_904' title='bbox 3258 5337 3391 5392; x_wconf 80' lang='lat' dir='ltr'><strong>Mosi</strong></span> <span class='ocrx_word' id='word_1_905' title='bbox 3419 5351 3637 5408; x_wconf 85' lang='lat' dir='ltr'><strong>quoque</strong></span> 
     </span>
    </p>
   </div>
   <div class='ocr_carea' id='block_1_112' title="bbox 2059 5429 3633 5501">
    <p class='ocr_par' dir='ltr' id='par_1_112' title="bbox 2059 5429 3633 5501">
     <span class='ocr_line' id='line_1_113' title="bbox 2059 5429 3633 5501; baseline -0.006 -10"><span class='ocrx_word' id='word_1_906' title='bbox 2059 5434 2216 5492; x_wconf 86' lang='lat' dir='ltr'><strong>initio</strong></span> <span class='ocrx_word' id='word_1_907' title='bbox 2242 5436 2472 5492; x_wconf 88' lang='lat' dir='ltr'><strong>visionis</strong></span> <span class='ocrx_word' id='word_1_908' title='bbox 2505 5435 2563 5489; x_wconf 91' lang='lat' dir='ltr'><strong>in</strong></span> <span class='ocrx_word' id='word_1_909' title='bbox 2591 5434 2749 5498; x_wconf 83' lang='lat' dir='ltr'><strong>rubo,</strong></span> <span class='ocrx_word' id='word_1_910' title='bbox 2787 5433 2855 5487; x_wconf 85' lang='lat' dir='ltr'><strong>ab</strong></span> <span class='ocrx_word' id='word_1_911' title='bbox 2882 5432 3002 5501; x_wconf 87' lang='lat' dir='ltr'><strong>ipso</strong></span> <span class='ocrx_word' id='word_1_912' title='bbox 3026 5429 3258 5484; x_wconf 90' lang='lat' dir='ltr'><strong>Domino</strong></span> <span class='ocrx_word' id='word_1_913' title='bbox 3303 5429 3449 5483; x_wconf 86' lang='lat' dir='ltr'><strong>dicta</strong></span> <span class='ocrx_word' id='word_1_914' title='bbox 3482 5439 3633 5495; x_wconf 84' lang='lat' dir='ltr'><strong>sunt,</strong></span> 
     </span>
    </p>
   </div>
   <div class='ocr_carea' id='block_1_113' title="bbox 2059 5521 3631 5600">
    <p class='ocr_par' dir='ltr' id='par_1_113' title="bbox 2059 5521 3631 5600">
     <span class='ocr_line' id='line_1_114' title="bbox 2059 5521 3631 5600; baseline -0.006 -16"><span class='ocrx_word' id='word_1_915' title='bbox 2059 5529 2203 5584; x_wconf 81' lang='lat' dir='ltr'><strong>sient</strong></span> <span class='ocrx_word' id='word_1_916' title='bbox 2241 5526 2525 5600; x_wconf 88' lang='lat' dir='ltr'><strong>Scriptura</strong></span> <span class='ocrx_word' id='word_1_917' title='bbox 2568 5526 2812 5581; x_wconf 88' lang='lat' dir='ltr'><strong>indicat:</strong></span> <span class='ocrx_word' id='word_1_918' title='bbox 2848 5542 2867 5575; x_wconf 82' lang='grc' dir='ltr'>ι</span> <span class='ocrx_word' id='word_1_919' title='bbox 2893 5522 2962 5577; x_wconf 92' lang='lat' dir='ltr'><strong>Ut</strong></span> <span class='ocrx_word' id='word_1_920' title='bbox 2988 5536 3122 5579; x_wconf 86' lang='lat' dir='ltr'><strong>vero</strong></span> <span class='ocrx_word' id='word_1_921' title='bbox 3161 5522 3298 5577; x_wconf 78' lang='lat' dir='ltr'><strong>vidit</strong></span> <span class='ocrx_word' id='word_1_922' title='bbox 3348 5521 3631 5583; x_wconf 81' lang='lat' dir='ltr'><strong>Deminus,</strong></span> 
     </span>
    </p>
   </div>
   <div class='ocr_carea' id='block_1_114' title="bbox 2055 5612 3633 5692">
    <p class='ocr_par' dir='ltr' id='par_1_114' title="bbox 2055 5612 3633 5692">
     <span class='ocr_line' id='line_1_115' title="bbox 2055 5612 3633 5692; baseline -0.004 -17"><span class='ocrx_word' id='word_1_923' title='bbox 2055 5620 2203 5692; x_wconf 80' lang='lat' dir='ltr'><strong>qned</strong></span> <span class='ocrx_word' id='word_1_924' title='bbox 2240 5619 2526 5676; x_wconf 88' lang='lat' dir='ltr'><strong>accederet</strong></span> <span class='ocrx_word' id='word_1_925' title='bbox 2567 5616 2634 5671; x_wconf 89' lang='lat' dir='ltr'><strong>ad</strong></span> <span class='ocrx_word' id='word_1_926' title='bbox 2666 5615 2986 5681; x_wconf 83' lang='lat' dir='ltr'><strong>videndum,</strong></span> <span class='ocrx_word' id='word_1_927' title='bbox 3018 5614 3236 5669; x_wconf 85' lang='lat' dir='ltr'><strong>vocavit</strong></span> <span class='ocrx_word' id='word_1_928' title='bbox 3280 5628 3403 5669; x_wconf 88' lang='lat' dir='ltr'><strong>eum</strong></span> <span class='ocrx_word' id='word_1_929' title='bbox 3446 5612 3633 5669; x_wconf 55' lang='lat' dir='ltr'><strong>Domid</strong></span> 
     </span>
    </p>
   </div>
   <div class='ocr_carea' id='block_1_115' title="bbox 431 5736 1968 5861">
    <p class='ocr_par' dir='ltr' id='par_1_115' title="bbox 431 5774 1968 5861">
     <span class='ocr_line' id='line_1_116' title="bbox 431 5774 1968 5861; baseline -0.01 -12"><span class='ocrx_word' id='word_1_930' title='bbox 431 5776 483 5861; x_wconf 29' lang='lat'><strong>7&quot;</strong></span> <span class='ocrx_word' id='word_1_931' title='bbox 510 5774 665 5861; x_wconf 60' lang='lat'><strong>3339-</strong></span> <span class='ocrx_word' id='word_1_932' title='bbox 704 5780 922 5861; x_wconf 52' lang='grc' dir='ltr'><strong>πίνης-ζ’.</strong></span> <span class='ocrx_word' id='word_1_933' title='bbox 944 5848 1002 5861; x_wconf 44' lang='grc' dir='ltr'><strong>,Δ</strong></span> <span class='ocrx_word' id='word_1_934' title='bbox 1023 5780 1068 5813; x_wconf 77' lang='grc' dir='ltr'><strong>⁸ο</strong></span> <span class='ocrx_word' id='word_1_935' title='bbox 1098 5779 1262 5836; x_wconf 72' lang='lat' dir='ltr'><strong>Num.</strong></span> <span class='ocrx_word' id='word_1_936' title='bbox 1291 5796 1406 5847; x_wconf 77' lang='lat' dir='ltr'><strong>xw,</strong></span> <span class='ocrx_word' id='word_1_937' title='bbox 1440 5780 1523 5836; x_wconf 73' lang='grc' dir='ltr'>Η.</span> <span class='ocrx_word' id='word_1_938' title='bbox 1603 5779 1647 5812; x_wconf 76' lang='grc'><strong>⁸⁸</strong></span> <span class='ocrx_word' id='word_1_939' title='bbox 1677 5777 1852 5836; x_wconf 82' lang='lat' dir='ltr'><strong>Exod.</strong></span> <span class='ocrx_word' id='word_1_940' title='bbox 1884 5793 1968 5834; x_wconf 73' lang='lat' dir='ltr'><strong>xm</strong></span> 
     </span>
    </p>
   </div>
   <div class='ocr_carea' id='block_1_116' title="bbox 2071 5736 3634 5861">
    <p class='ocr_par' dir='ltr' id='par_1_116' title="bbox 2071 5736 3634 5861">
     <span class='ocr_line' id='line_1_117' title="bbox 2071 5736 3634 5861; baseline -0.005 -30"><span class='ocrx_word' id='word_1_941' title='bbox 2071 5775 2123 5843; x_wconf 87' lang='lat'><strong>9,</strong></span> <span class='ocrx_word' id='word_1_942' title='bbox 2148 5774 2237 5831; x_wconf 77' lang='lat' dir='ltr'><strong>i0.</strong></span> <span class='ocrx_word' id='word_1_943' title='bbox 2309 5774 2355 5808; x_wconf 82' lang='grc'><strong>⁸⁸</strong></span> <span class='ocrx_word' id='word_1_944' title='bbox 2376 5771 2533 5829; x_wconf 77' lang='lat' dir='ltr'><strong>Joan.</strong></span> <span class='ocrx_word' id='word_1_945' title='bbox 2572 5786 2611 5839; x_wconf 85' lang='grc' dir='ltr'>ι,</span> <span class='ocrx_word' id='word_1_946' title='bbox 2649 5771 2737 5827; x_wconf 72' lang='lat' dir='ltr'><strong>i8.</strong></span> <span class='ocrx_word' id='word_1_947' title='bbox 2812 5772 2857 5804; x_wconf 80' lang='grc'><strong>⁸³</strong></span> <span class='ocrx_word' id='word_1_948' title='bbox 2889 5771 3024 5829; x_wconf 82' lang='lat' dir='ltr'><strong>Gen.</strong></span> <span class='ocrx_word' id='word_1_949' title='bbox 3052 5786 3229 5861; x_wconf 55' lang='lat' dir='ltr'><strong>xxsn,</strong></span> <span class='ocrx_word' id='word_1_950' title='bbox 3257 5771 3349 5828; x_wconf 64' lang='lat'><strong>28.-</strong></span> <span class='ocrx_word' id='word_1_951' title='bbox 3422 5769 3470 5855; x_wconf 12' lang='grc' dir='ltr'><strong>⁸η⁵</strong></span> <span class='ocrx_word' id='word_1_952' title='bbox 3495 5767 3634 5827; x_wconf 69' lang='lat' dir='ltr'><strong>ibid;</strong></span> 
     </span>
    </p>
   </div>
   <div class='ocr_carea' id='block_1_117' title="bbox 368 5844 1023 5913">
    <p class='ocr_par' dir='ltr' id='par_1_117' title="bbox 368 5844 1023 5913">
     <span class='ocr_line' id='line_1_118' title="bbox 368 5844 1023 5913; baseline 0.012 -15"><span class='ocrx_word' id='word_1_953' title='bbox 368 5844 456 5900; x_wconf 76' lang='lat'><strong>50.</strong></span> <span class='ocrx_word' id='word_1_954' title='bbox 536 5848 581 5879; x_wconf 83' lang='grc'><strong>⁸⁵</strong></span> <span class='ocrx_word' id='word_1_955' title='bbox 605 5848 718 5903; x_wconf 84' lang='lat' dir='ltr'><strong>Jos.</strong></span> <span class='ocrx_word' id='word_1_956' title='bbox 756 5865 807 5913; x_wconf 79' lang='grc' dir='ltr'>γ,</span> <span class='ocrx_word' id='word_1_957' title='bbox 836 5848 1023 5908; x_wconf 69' lang='grc' dir='ltr'><strong>15δ16.</strong></span> 
     </span>
    </p>
   </div>
  </div>
