4110 6448
478 340 582 396 ΞΜ

1145 336 1409 391 EUSEBII
1440 339 1919 397 CESARIENSIS
1958 345 2107 399 "PP.
2150 344 2332 400 PARS
2363 344 2430 402 ll.
2469 377 2538 389 -——
2567 344 3061 403 APOLOGETICA.

3644 348 3750 402 ιοθ

478 471 585 510 nus
617 455 685 511 de
712 455 891 511 medio
919 452 1063 512 rubi.
1098 451 1323 507 dicens:
1360 451 1560 520 Moses,
1594 454 1795 522 Moses,
1831 474 1899 514 ne
1922 476 2038 529 pro-

2150 462 2404 516 ἐκάλεσεν
2428 463 2586 517 αὑτὸν
2614 464 2642 515 ό
2670 462 2874 533 Κύριος
2898 464 2961 515 ὲκ
2989 461 3152 532 μέσου
3185 459 3284 530 τῆς
3321 460 3485 530 βάτου
3526 461 3710 530 λέγων
3732 477 3750 493 ο

476 550 599 618 pius
639 549 942 604 accesseris
1002 547 1111 601 huc
1139 566 1153 602 :
1181 547 1333 603 solve
1378 549 1806 605 calceamentum
1852 553 2038 620 pedum

2156 552 2352 623 Μωσῆ,
2388 554 2580 622 Μωσῆ,
2622 553 2696 624 μὴ
2729 553 2956 624 ὲγγίσῃς
3015 547 3136 605 ὧδε.
3165 549 3337 604 Λῦσαι
3364 551 3426 604 τὸ
3479 552 3752 624 ὑπόδημα

476 650 737 709 tuorum,
807 642 960 696 locus
1044 639 1188 694 enim
1272 640 1326 695 in
1400 656 1508 711 quo
1568 648 1627 696 tu
1690 649 1847 705 stas,
1907 651 2051 699 terra

475 744 664 789 saneta
715 742 799 789 est
818 733 885 788 ⁸⁸.
922 753 942 786 ι
982 732 1137 788 Unus
1175 747 1305 804 ergo
1357 746 1520 803 atque
1551 723 1708 788 idem
1742 735 1843 788 fuit
1886 734 2049 800 Deus,

475 823 565 892 qui
616 821 883 876 ambobus
933 822 1254 891 respondit,
1309 822 1769 893 quemadmodum
1818 825 2051 897 exipso

475 917 746 979 praecepto
773 916 1010 964 constat.
1041 907 1146 964 Sed
1181 927 1327 965 nunc
1358 912 1579 981 quidem
1624 928 1719 982 per
1753 914 2048 985 principem

476 1002 865 1069 imperatorum
911 1002 1189 1057 exercitus
1235 1002 1393 1073 ejus:
1425 1003 1560 1060 Mosi
1606 1021 1734 1060 vero
1785 1023 1883 1077 per
1924 1023 2047 1062 eum

475 1093 721 1163 angelum
755 1092 847 1162 qui
878 1094 1031 1148 visus
1080 1092 1277 1159 fuerat,
1312 1096 1592 1149 oraculum
1624 1098 1862 1152 exhibet.
1909 1097 2051 1152 Mili-

474 1184 561 1238 tiae
589 1198 719 1237 vero
759 1184 957 1237 cwlum
993 1184 1098 1239 sub
1144 1200 1202 1239 se
1231 1185 1501 1249 habentis,
1540 1194 1594 1241 et
1629 1188 1905 1243 exercitus
1930 1189 2051 1258 ipso

472 1275 676 1331 mundo
721 1276 1045 1344 superioris,
1069 1284 1124 1331 et
1155 1277 1448 1347 spirituum
1495 1278 1875 1345 invisibilium,
1911 1280 2051 1335 divi-

472 1383 781 1439 norumque
821 1369 1140 1439 angelorum
1189 1377 1355 1440 atque
1418 1371 1868 1443 archangelorum
1911 1373 2046 1444 regi,

471 1460 821 1531 perfectoque
844 1461 1082 1516 universi
1116 1458 1226 1515 Deo
1256 1460 1666 1516 inservientium
1699 1463 1882 1528 (sicuti
1907 1465 2049 1534 apud

471 1550 746 1607 Danielem
796 1552 1001 1607 dictum
1050 1558 1176 1607 est:
1209 1570 1227 1602 ι
1260 1551 1405 1607 Mille
1442 1538 1612 1608 millia
1664 1554 2051 1610 ministrabant

470 1643 542 1706 ei,
575 1648 629 1697 et
659 1642 866 1697 centies
899 1642 1044 1697 mille
1065 1642 1233 1696 millia
1252 1644 1778 1700 assistebantcoram
1803 1661 1869 1701 eo
1888 1646 1932 1677 ⁸⁷
1955 1650 1993 1715 );
2021 1666 2039 1699 ι

470 1732 739 1795 omnium,
785 1734 1028 1803 inquam,
1071 1733 1261 1786 talium
1306 1749 1618 1804 supremus,
1659 1736 1783 1806 quis
1825 1738 2044 1793 tandem

3735 646 3751 667 9

2151 643 2260 697 τῶν
2304 644 2479 697 ποδῶν
2516 662 2641 697 σου·
2672 646 2702 697 ὁ
2729 645 2838 715 γὰρ
2874 648 3036 707 τόπος
3071 645 3128 697 ὲν
3164 636 3210 711 ᾧ
3252 644 3322 698 σὺ
3358 643 3612 714 ἕστηκας
3658 647 3733 697 ὲπ

2150 734 2314 789 αὐτοῦ
2348 735 2417 806 γῆ
2460 734 2589 804 ἀγία
2631 734 2797 788 ἐστίν.
2826 754 2844 787 ι
2876 728 2969 798 Εἷς
2997 735 3103 806 ἀρα
3124 733 3218 788 καὶ
3245 736 3274 788 ό
3295 735 3457 799 αὐτὸς
3477 731 3551 806 ἦν
3577 738 3607 788 ό
3631 739 3746 800 τοῖς

2152 826 2477 900 ἀμφοτέροις
2508 826 2852 898 χρηματίσας
2881 826 3036 889 Θεὸς,
3076 825 3152 889 ὡς
3179 827 3244 879 ὲκ
3279 825 3374 879 τοῦ
3414 826 3745 898 παραγγέλ-

2154 936 2319 989 ματος
2355 918 2643 971 δείκνυται.
2693 918 2852 971 Ἀλλά
2909 916 3002 969 νῦν
3044 918 3140 987 μὲν
3181 917 3268 970 διά
3301 917 3394 971 τοῦ
3435 919 3735 990 ἀρχιστρα-

2149 1013 2314 1082 τήγου
2342 1010 2442 1078 τῆς
2469 1009 2750 1079 δυνάμεως
2781 1008 2965 1073 αὐτοῦ,
2988 1009 3176 1061 Μωσεῖ
3215 1009 3272 1062 δὲ
3305 1009 3393 1063 διὰ
3416 1010 3507 1063 τοῦ
3544 1010 3743 1085 ὀφθέν·¹

2149 1118 2239 1163 τος
2267 1101 2496 1169 ἀγγέλου
2522 1098 2786 1163 θεσπίζει.
2807 1097 3081 1170 Στρατιῶν
3101 1098 3158 1150 δὲ
3181 1099 3617 1172 ὐπερουρανίων,
3645 1100 3743 1154 καὶ

2148 1192 2431 1262 δυνάμεων
2489 1190 2873 1262 ὑπερκοσμίων
2920 1191 3013 1244 καὶ
3065 1189 3394 1260 πνευμάτων
3445 1192 3738 1263 ἀοράτων,

2150 1283 2399 1352 ἀγγέλων
2433 1299 2492 1335 τε
2541 1281 2701 1335 θείων
2746 1281 2839 1334 καὶ
2888 1280 3242 1353 ἀρχαγγέλων
3284 1279 3360 1350 τῷ
3396 1280 3738 1351 παμϐασιλεῐ

2149 1375 2243 1430 καὶ
2300 1374 2634 1444 πανηγεμόνι
2664 1371 2781 1443 Θεῷ
2807 1371 3259 1443 λειτουργούντων
3290 1372 3449 1439 (κατά
3484 1374 3544 1427 τὸ
3571 1377 3734 1440 εἰρη-

2153 1466 2311 1537 μένον
2353 1465 2501 1536 παρά
2525 1465 2604 1535 τῷ
2630 1463 2825 1535 Δανιήλ
2847 1482 2860 1495 ο
2904 1483 2923 1515 ι
2964 1463 3145 1517 Χὶλιαι
3180 1463 3412 1533 χιλιάδες
3451 1465 3732 1537 ἐλειτούρο

2149 1577 2278 1629 γουν
2306 1558 2453 1629 αὐτῷ
2473 1598 2487 1621 ,
2518 1559 2611 1611 καὶ
2643 1557 2833 1628 μύριαι
2864 1556 3120 1628 μυριάδες
3152 1558 3606 1628 παρειστήκεισαν
3631 1556 3726 1627 ἕμρ

2156 1650 2393 1724 προσθεν
2412 1649 2573 1703 αὐτοῦ
2592 1650 2633 1719 )·
2666 1667 2684 1701 ι
2715 1651 2744 1701 ό
2775 1648 2991 1701 πάντων
3015 1651 3273 1702 ἀνωτάτω
3306 1647 3387 1712 τίς
3418 1647 3481 1700 ἂν
3514 1647 3725 1717 γένοιτο

2151 1744 2335 1814 ἕτερος
2369 1742 2462 1796 τοῦ
2490 1741 2625 1795 Θεοῦ
2663 1741 2861 1809 Λόγου,
2890 1740 2983 1793 καὶ
3011 1739 3107 1810 τῆς
3137 1739 3478 1811 πρωτοτόκου
3500 1739 3721 1807 Σοφίας,

469 1823 542 1878 sit
577 1823 737 1887 alius,
784 1838 947 1892 quam
996 1821 1091 1877 Dei
1122 1820 1386 1886 Verbum,
1440 1831 1494 1877 et
1524 1825 1887 1894 primogenita
1941 1826 2038 1882 Sa-

2142 1834 2234 1889 τοῦ
2261 1851 2319 1887 τε
2350 1833 2534 1888 ὲνθέου
2566 1835 2939 1905 γεννήματος;
3002 1831 3239 1894 Εἰκότως
3303 1831 3410 1903 ἄρα
3440 1832 3533 1884 καὶ⁸
3564 1832 3723 1902 ἀρχισ-

469 1912 699 1981 pientia.
747 1920 800 1967 et
846 1911 1063 1967 soboles
1108 1909 1334 1965 divina?
1384 1911 1576 1967 Merito
1618 1929 1748 1985 ergo
1787 1915 2042 1988 princeps

468 2004 856 2074 imperatorum
903 2003 1179 2058 exercitus
1222 2003 1434 2058 Domini
1480 2003 1670 2059 hocin
1712 2006 1833 2062 loco
1864 2007 2042 2064 dictus

467 2103 573 2164 est,
604 2104 788 2168 utpote
814 2097 909 2168 qui
939 2097 1092 2163 alibi,
1143 2107 1193 2152 et
1228 2097 1409 2167 magni
1449 2096 1667 2151 consilii
1696 2098 1945 2168 angelus.
1987 2109 2042 2154 et

465 2202 757 2244 consessor
788 2187 968 2243 Patris
989 2228 1002 2249 .
1034 2197 1088 2244 et
1134 2197 1371 2244 :eternus
1414 2202 1478 2242 ac
1522 2203 1751 2260 magnus
1786 2193 2041 2247 sacerdos

464 2296 607 2346 esse,
642 2281 713 2336 sit
739 2280 1169 2338 demonstratus.
1206 2279 1312 2336 Sed
1347 2280 1479 2335 illud
1518 2296 1736 2351 quoque
1758 2291 2038 2339 ostensum

463 2380 567 2439 est,
612 2374 759 2444 quod
796 2373 941 2429 idem
982 2384 1036 2426 et
1073 2373 1355 2440 Dominus,
1393 2380 1448 2427 et
1482 2372 1648 2434 Deus.
1690 2382 1745 2429 et
1785 2374 2038 2431 Christus

462 2465 556 2525 sit.
585 2468 677 2534 qui
710 2480 740 2519 a
759 2464 920 2521 Patre
942 2466 1065 2521 oleo
1084 2465 1468 2521 exsultationis
1502 2474 1587 2520 est
1616 2474 1832 2522 unctus.
1866 2464 2039 2521 Abra-

463 2556 546 2612 hae
578 2557 742 2627 igitur
783 2557 926 2627 apud
977 2572 1238 2628 quercum
1288 2557 1440 2613 visus
1473 2557 1529 2611 in
1574 2556 1813 2612 hominis
1858 2555 2034 2612 forma

461 2650 668 2719 quieta,
702 2649 1002 2719 habituque
1034 2632 1284 2720 paciﬁca,
1327 2649 1570 2719 seipsum
1615 2649 1876 2711 ostendit,
1909 2664 2034 2705 cum

462 2756 525 2797 ex
559 2741 652 2796 illo
682 2756 855 2811 usque
884 2749 1127 2811 tempore
1169 2743 1466 2797 salutarem
1497 2756 1656 2797 suum
1691 2742 1756 2797 ad
1788 2740 2035 2797 homines

461 2831 752 2888 adventum
810 2833 1176 2889 exordiretur.
1224 2834 1333 2905 Ipsi
1377 2849 1506 2889 vero
1552 2833 1723 2890 Iacob
1775 2842 2032 2905 tanquam

460 2925 889 2981 exercitabundo
913 2940 976 2979 ac
1010 2926 1295 2989 certatori,
1322 2927 1417 2996 qui
1442 2926 1709 2983 adversus
1743 2926 1952 2989 hostes,
1978 2934 2032 2981 et

461 3014 790 3077 Iuctaturus.
827 3024 883 3074 et
912 3017 1263 3086 praeliaturus
1289 3028 1456 3081 esset,
1487 3018 1653 3072 veluti
1694 3017 1877 3072 homo.
1926 3015 2030 3072 Sed

2149 1928 2457 2000 στράτηγος
2489 1928 2770 1998 δυνάμεως
2800 1926 3005 1998 Κυρίου
3045 1925 3139 1978 ἐπὶ
3168 1923 3261 1979 τοῦ
3292 1924 3557 1996 παρόντος
3587 1923 3725 1978 ἀνεί-

2146 2037 2338 2092 ρηται,
2374 2020 2450 2083 ὡς
2483 2020 2576 2073 καὶ
2608 2018 2850 2090 μεγάλης
2879 2018 3073 2089 βουλῆς
3115 2018 3345 2087 ἄγγελος
3379 2020 3437 2072 ὲν
3475 2018 3723 2089 ἑτέροις,

2144 2112 2238 2166 καὶ
2271 2110 2556 2184 σύνθρονος
2592 2110 2687 2164 τοῦ
2721 2109 2952 2182 Πατρὸς,
2980 2109 3194 2174 αἰώνιός
3218 2128 3277 2163 τε
3309 2111 3403 2164 καὶ
3426 2110 3597 2181 μέγας
3622 2109 3720 2180 ἀρ-

2142 2202 2374 2274 χιερεύς.
2408 2203 2807 2256 ’Δποδέδεικται
2839 2202 2916 2268 δὲ,
2937 2203 3020 2255 ὅτι
3052 2203 3147 2255 καὶ
3179 2202 3385 2273 Κύριος
3413 2203 3504 2256 καὶ
3529 2202 3653 2263 Θεὸς
3681 2201 3710 2252 ὁ

2141 2296 2301 2360 αὐτὸς
2324 2336 2340 2361 ,
2370 2297 2465 2350 καὶ
2496 2295 2728 2366 Χριστὸς
2762 2295 2866 2349 ὑπὸ
2891 2294 2983 2348 τοῦ
3024 2294 3235 2367 Πατρὸς
3272 2295 3438 2366 ἐλαίῳ
3466 2293 3709 2364 ἀγαλλιά-

2142 2406 2278 2453 σεως
2322 2387 2695 2460 κεχρισμένος.
2735 2387 2825 2459 Τῷ
2875 2389 2972 2459 μὲν
3020 2383 3113 2441 οὖν
3157 2387 3409 2460 Ἀϐραὰμ
3459 2388 3603 2459 παρά
3638 2390 3702 2459 τῇ

2138 2480 2258 2551 δρυῒ
2284 2480 2467 2550 φανεὶς
2495 2481 2551 2534 ἐν
2581 2477 2865 2551 ἀνθρώπου
2895 2480 3023 2532 εἴδει
3054 2479 3298 2550 γύηνῷ,
3330 2481 3421 2534 καὶ
3455 2480 3709 2550 είρηναίῳ

2139 2574 2397 2643 σχήματι,
2432 2572 2620 2625 ἑαυτὸν
2635 2570 3108 2641 ὑποδείκνυσι,τὴν
3131 2572 3395 2644 σωτήριον
3417 2574 3494 2635 εις
3517 2571 3723 2644 ἀνθρὼ-

2137 2680 2270 2727 πους
2305 2661 2467 2716 αὑτοῦ
2514 2660 2814 2734 παρουσίαν
2850 2661 2909 2728 ἐξ
2942 2662 3153 2717 ἐκείνου
3197 2663 3718 2735 προοιμιαζόμενος·

2134 2752 2213 2823 τῷ
2238 2752 2294 2806 δὲ
2325 2750 2534 2816 Ἰακὼϐ,
2558 2750 2633 2816 ὡς
2654 2752 2864 2823 ἀσκητῇ
2896 2753 2989 2806 καὶ
3019 2753 3285 2824 ἀγωνιστῇ
3318 2753 3562 2807 παλαίειν
3582 2753 3717 2825 πρὸς

2135 2843 2361 2915 ἐχθροὺς
2401 2843 2497 2897 καὶ
2545 2840 2903 2912 ἀγωνίζεσθαι
2952 2843 3215 2914 μέλλοντι.
3251 2839 3340 2897 οἵα
3380 2842 3699 2915 ἄνθρωπος⁶

2136 2934 2326 2987 Μωσεί
2355 2931 2412 2985 δὲ
2470 2932 2564 2986 καὶ
2605 2930 2684 3002 τῷ
2712 2929 2825 3000 λαῷ
2864 2933 2922 2984 ὲν
2962 2932 3089 2985 εἴδει
3137 2931 3366 3004 νεφέλης
3410 2933 3503 2986 καὶ
3543 2930 3714 3003 πυρὸς

2134 3023 2450 3094 καθηγεϊτο,
2513 3019 2741 3093 φοϐερὸν
2790 3020 2925 3093 ὁμοῦ
2970 3022 3064 3075 καὶ
3105 3020 3536 3093 ὲπεσκιασμένον
3577 3038 3716 3094 παρ-

462 3106 664 3165 losem
697 3117 751 3166 et
782 3110 1040 3181 populum
1080 3110 1134 3165 in
1166 3112 1347 3182 specie
1377 3110 1540 3165 nubis
1566 3118 1728 3181 atque
1755 3110 1895 3180 ignis
1930 3110 2032 3165 du-

2142 3115 2271 3187 έχων
2302 3113 2510 3169 ἑαυτόν.
2530 3113 2679 3167 Ἐπεὶ
2706 3113 2761 3167 δὲ
2790 3115 2819 3166 ό
2844 3110 2938 3166 τοῦ
2971 3113 3213 3176 Μωσέως
3244 3113 3481 3184 διάδοχος
3510 3114 3717 3185 Ἰησοῦς

459 3200 647 3267 cobet,
695 3202 991 3258 terribilem
1042 3204 1258 3258 interim
1307 3210 1471 3273 atque
1521 3202 1904 3256 adumbratam
1947 3218 2035 3257 se-

2142 3183 2417 3274 πολεμίοις
2461 3203 2649 3273 ἔμελλε
2693 3202 3129 3274 παρατάττεσθαι
3161 3205 3296 3267 τοῖς,
3342 3183 3402 3257 τὸ
3435 3183 3583 3276 πρὶν
3607 3204 3717 3256 Πα-

414 3326 430 3347 ρ
459 3292 639 3362 ipsum
670 3293 987 3349 ostendens.
1026 3294 1093 3348 At
1123 3294 1383 3364 quoniam
1416 3290 1583 3346 Mosis
1623 3307 1914 3348 successor
1937 3290 2033 3347 Je-

2142 3298 2424 3351 λαιστίνων
2445 3296 2547 3367 γῆς
2575 3297 2905 3368 οἰκήτορσιν,
2935 3296 3251 3366 ἀλλοφύλοις
3274 3296 3450 3350 ἔθνεσι
3481 3296 3571 3351 καὶ
3592 3298 3720 3349 ἀσε-

460 3396 575 3446 sus,
621 3392 815 3438 contra
848 3385 1035 3441 hostes
1082 3393 1201 3441 erat
1246 3385 1625 3448 instruendus,
1674 3385 1768 3456 qui
1799 3384 2032 3439 antehae

2142 3387 2418 3451 εεστάτοις
2438 3424 2453 3449 ,
2485 3386 2710 3450 εἰκότως
2756 3384 2896 3458 μετά
2941 3385 3216 3459 ῥομφαίας
3248 3387 3593 3458 ὲσπασμένης
3624 3387 3721 3440 καὶ

459 3479 660 3529 terram
712 3473 1056 3531 Palaestinam
1119 3476 1483 3542 incoluerant,
1526 3486 1783 3532 externas
1841 3477 2031 3548 utique

459 3564 803 3637 maximeque
847 3568 1045 3641 impias
1091 3570 1376 3635 nationes,
1424 3567 1622 3623 merito
1677 3583 1801 3623 cum
1846 3568 2028 3640 gladio

459 3657 651 3728 vagina
680 3669 867 3725 exuto,
910 3669 964 3716 et
994 3671 1186 3717 contra
1215 3663 1403 3718 hostes
1446 3674 1676 3716 acumen
1711 3676 1823 3731 prae
1855 3676 1914 3717 se
1951 3660 2031 3717 fe-

458 3757 609 3804 rente
629 3749 1060 3817 demonstratur,
1089 3755 1186 3808 tali
1208 3755 1600 3826 propemodum
1627 3754 1838 3811 visione
1859 3752 2032 3823 signi-

457 3839 647 3910 ﬁcans,
670 3844 1128 3914 quemadmodum
1153 3847 1269 3919 ipse
1290 3847 1475 3903 divina
1492 3848 1715 3914 virtute,
1728 3844 1888 3919 247
1909 3852 2033 3898 lan-

455 3948 616 4003 quam
648 3934 906 3991 invisibili
936 3936 1137 4007 gladio,
1169 3954 1293 3994 cum
1336 3941 1453 3996 suis
1476 3938 1697 4008 interim
1727 3936 1891 3993 simul
1926 3936 2029 3990 mi-

2137 3478 2277 3534 κατὰ
2306 3477 2413 3532 τῶν
2442 3477 2713 3549 πολεμίων
2741 3477 3085 3550 ἡκονημὲνης
3120 3476 3499 3547 ὑποφαίνεται,
3522 3494 3712 3549 μονον-

2134 3572 2255 3642 ουχὶ
2296 3570 2386 3625 διὰ
2422 3570 2523 3641 τῆς
2550 3570 2722 3640 ὅψεως
2746 3569 3087 3637 ἀποδεικνὺς,
3114 3570 3199 3623 ὅτι
3225 3568 3290 3642 δὴ
3318 3569 3478 3632 αὐτὸς
3508 3569 3720 3643 ἀοράτῳ

2132 3661 2395 3736 ῥομφαίᾳ,
2418 3661 2584 3732 ὲνθέῳ
2598 3660 2842 3732 δυνάμει,
2872 3662 2995 3725 τοὺς
3017 3659 3231 3725 ἀσεϐεῖς
3248 3658 3485 3731 μετιέναι
3506 3660 3718 3731 ἔμελλε,

2136 3754 2246 3817 τοῖς
2307 3750 2525 3815 οίκείοις
2591 3749 3085 3822 συστρατευόμενος
3134 3749 3228 3804 καὶ
3281 3749 3719 3820 συναγωνιζόμεο

2137 3860 2245 3907 νος.
2311 3841 2405 3895 Διὸ
2452 3840 2592 3895 κατά
2637 3840 2826 3912 καιρὸν
2898 3840 2992 3893 καὶ
3031 3840 3465 3911 ἀρχιστράτηγον
3510 3839 3717 3911 Κυρίου

2135 3934 2327 3988 ἑαυτὸν
2354 3932 2737 4005 ἀνηγόρευσεν.

455 4021 638 4087 litans,
665 4025 856 4095 eisque
881 4040 1039 4101 opem
1071 4026 1294 4083 assidue
1320 4027 1526 4092 ferens,
1557 4037 1675 4084 erat
1710 4027 1908 4098 impios
1944 4026 2180 4082 ulturus.
2214 4024 2396 4091 Quare
2421 4024 2586 4081 etiam
2630 4029 2937 4094 opportune
2995 4024 3235 4095 seipsum
3274 4023 3574 4095 principem
3614 4024 3708 4077 im-

456 4124 766 4185 peratorum
797 4113 1012 4170 Domini
1043 4116 1350 4189 appellavit.

1054 4226 1284 4284 CAPUT
1317 4228 1436 4284 XX.

458 4316 534 4371 Ab
562 4315 685 4390 Job.
717 4348 789 4359 —
813 4319 965 4384 Quod
991 4320 1234 4390 shnililer
1281 4321 1385 4389 ipsi
1419 4320 1523 4375 Job
1545 4359 1560 4383 ,
1591 4318 2032 4390 quemadmodum

523 4389 785 4456 patribus,
833 4390 941 4455 ipse
983 4388 1171 4459 Opifex
1210 4388 1436 4445 uniuersi
1492 4388 1630 4444 Deus
1685 4390 1935 4454 Verbum,
1979 4398 2029 4444 et

525 4459 878 4527 respondisse,
904 4469 953 4514 et
980 4460 1149 4515 oculis
1184 4463 1324 4517 visus
1356 4478 1466 4517 esse
1495 4462 1712 4518 dicitur.

2667 4223 2962 4277 ΚΕΦΑΛᾹΙ
2970 4223 3061 4275 ΟΝ
3101 4222 3186 4278 K'.

2146 4315 2289 4371 Ἀπὸ
2318 4315 2424 4370 τοῦ
2478 4313 2612 4369 Ἰὼϐ.
2647 4343 2718 4355 ——
2756 4314 2849 4379 Ὡς
2881 4312 3094 4382 ὁμοίως
3146 4312 3270 4379 τοῖς
3309 4313 3571 4381 πατράσι
3615 4316 3716 4369 καί

2201 4386 2282 4451 τῷ
2324 4386 2460 4448 Ἰὼϐ,
2511 4383 2693 4450 αὐτὸς
2739 4386 2771 4437 ό
2825 4383 3185 4452 Δημιουρτός
3209 4382 3325 4438 τῶν
3366 4384 3526 4439 ὅλων
3571 4384 3715 4451 Θεὸς

2201 4457 2413 4525 Λόγος,
2450 4452 2677 4524 ἔχρησέ
2706 4470 2770 4507 τε
2801 4452 2899 4507 καὶ
2933 4454 3260 4523 ὀφθαλμοῖς
3299 4452 3591 4523 ἑωρᾶσθαι
3610 4455 3716 4510 λέ-

2206 4531 2390 4597 retas.

527 4660 546 4693 ι
574 4639 717 4695 Dixit
747 4647 927 4695 autem
952 4640 1212 4700 Dominus
1238 4643 1305 4698 ad
1330 4641 1434 4699 Job
1457 4643 1523 4698 de
1551 4642 1767 4697 turbine
1791 4650 1844 4697 et
1871 4642 2028 4699 nubi-

2214 4659 2234 4693 ι
2266 4635 2402 4693 Εἴπε
2430 4638 2488 4692 δὲ
2508 4637 2709 4709 Κύριος
2730 4636 2807 4708 τῷ
2838 4635 2960 4690 Ἰὼϐ
2980 4635 3066 4690 διὰ
3098 4636 3363 4705 λαίλαπος
3388 4640 3480 4694 καὶ
3507 4639 3715 4710 νεφῶνσ

450 4735 554 4791 bus
582 4753 595 4790 :
626 4731 728 4789 Ubi
763 4749 888 4790 eras
906 4733 1033 4789 dum
1050 4749 1148 4804 ego
1168 4733 1450 4789 fundarem
1471 4742 1670 4789 terram
1696 4734 1719 4787 ?
1742 4732 2031 4805 Responde

2142 4732 2249 4787 [Ιοῦ
2283 4728 2352 4803 ἧς
2391 4730 2448 4784 ἐν
2483 4728 2560 4801 τῷ
2587 4729 2866 4801 θεμελιὸῦν
2927 4746 2993 4800 με
3025 4729 3126 4801 τὴν
3182 4731 3321 4801 γῆν;
3360 4730 3717 4801 Ἀπάγγειλον

455 4826 561 4895 iam
592 4826 750 4893 mihi,
775 4833 957 4881 utrum
983 4827 1200 4882 noveris
1232 4827 1590 4891 intellectum,
1633 4829 1757 4898 quis
1784 4827 2030 4897 posuerit

2142 4825 2201 4898 δή
2238 4841 2325 4895 μοι
2359 4816 2406 4876 εί
2432 4822 2720 4877 ἐπίστασαι
2763 4821 2994 4881 σύνεσιν,
3026 4818 3110 4883 τίς
3137 4820 3290 4874 ἔθετο
3319 4821 3387 4875 τὰ
3416 4822 3590 4896 μέτρα
3620 4822 3714 4875 αὐ-

454 4933 740 4975 mensuras
768 4918 888 4988 ejus
910 4918 955 4975 si
989 4919 1134 4973 nosti
1165 4918 1230 4983 ⁸⁸,
1264 4938 1280 4970 ι
1310 4926 1362 4974 et
1390 4928 1585 4976 caetera
1619 4940 1631 4975 :
1661 4941 1679 4971 ι
1718 4920 1854 4976 Cum
1887 4920 2027 4974 facta

2142 4916 2252 4988 τῆς,
2277 4916 2326 4968 εί
2355 4910 2518 4978 οἶδας,
2548 4933 2566 4965 ι
2606 4914 2697 4968 καὶ
2710 4912 2777 4966 τά
2800 4909 2946 4983 ἑξῆςο
2978 4932 2996 4966 ι
3021 4912 3147 4966 Ὅτε
3178 4912 3532 4985 ἐγενήθησαν,
3561 4933 3579 4963 ι
3613 4930 3716 4983 φη-

454 5017 600 5072 sunt,
662 5009 863 5081 inquit,
900 5018 1068 5074 astra,
1124 5008 1485 5065 laudaverunt
1542 5026 1630 5067 me
1670 5026 1803 5067 voce
1829 5025 2027 5080 magna

2142 5008 2240 5071 σιν,
2278 5027 2297 5060 ι
2333 5007 2526 5078 ἄστρα,
2563 5007 2760 5077 ᾕνεσάν
2793 5025 2856 5079 με
2884 5010 3034 5080 φωνῇ
3072 5005 3278 5078 μεγάλῃ
3324 5005 3525 5068 πάντες
3553 5005 3716 5074 ἀγγε-

454 5116 640 5157 omnes
667 5101 849 5174 angeli
880 5102 1007 5157 mei.
1031 5100 1292 5157 Obstruxi
1321 5110 1504 5158 autem
1532 5117 1681 5157 mare
1702 5105 1875 5172 portis
1895 5100 1977 5167 ⁸⁹ς
2004 5120 2021 5152 ι

2142 5101 2210 5153 “tot
2249 5118 2370 5170 μου.
2406 5100 2659 5171 ’Έφραξα
2691 5099 2748 5152 δὲ
2777 5099 3052 5153 θάλασσαν
3086 5099 3302 5161 πύλαις.
3344 5117 3362 5149 ι
3397 5097 3508 5151 Καὶ
3555 5096 3709 5167 ἑξῆς·

452 5208 514 5246 ac
537 5194 798 5263 deinceps
829 5194 974 5264 quod
1009 5195 1257 5264 sequitur
1283 5213 1297 5249 :
1336 5213 1355 5245 ι
1380 5193 1519 5250 Num
1546 5209 1670 5251 eras
1703 5204 1759 5247 tu
1807 5192 2028 5263 quando

2142 5210 2153 5242 ι
2188 5188 2261 5245 Ἦ
2296 5194 2388 5246 ἐπὶ
2416 5190 2506 5245 σού
2544 5192 2839 5261 συντέταχα
2870 5192 3069 5261 φέγγος
3093 5190 3362 5261 πρωῖνόν,
3407 5187 3713 5259 Ἐωσφόρος

451 5284 709 5338 constitui
742 5284 924 5340 lumen
941 5288 1306 5340 matutinum?
1334 5286 1553 5342 Lucifer
1572 5292 1755 5340 autem
1779 5283 2029 5353 despexit

453 5387 610 5428 suum
640 5375 890 5431 ordinem
918 5376 1002 5430 “‘3
1036 5397 1054 5429 ι
1088 5376 1155 5431 Ει
1185 5394 1411 5434 rursus:
1446 5397 1464 5429 ι
1501 5376 1642 5431 Num
1677 5384 1759 5442 tu,
1802 5383 2028 5445 accepto

452 5470 608 5519 terrae
640 5466 778 5531 luto,
837 5466 1012 5525 fecisti
1050 5469 1285 5525 animal?
1318 5477 1371 5525 et
1404 5470 1470 5525 ad
1524 5467 1858 5538 loquendum
1906 5468 2026 5524 ido-

452 5564 612 5609 neum
638 5556 816 5624 ipsum
868 5560 1099 5629 posuisti
1143 5563 1197 5617 in
1226 5561 1411 5617 terra?
1461 5561 1735 5618 abstulisti
1782 5577 1911 5619 vero
1958 5562 2026 5616 ab

454 5641 635 5714 impiis
671 5646 903 5703 lumen?
941 5651 1223 5707 brachium
1263 5663 1443 5709 autem
1493 5654 1853 5726 superborum
1891 5668 2026 5709 con-

2129 5282 2183 5336 δὲ
2222 5284 2401 5337 ἐπεῖδε
2446 5283 2543 5355 τὴν
2590 5282 2783 5336 ἑαυτοῦ
2830 5283 3011 5349 τάξιν;
3056 5301 3074 5334 ι
3108 5283 3220 5336 Καὶ
3254 5279 3446 5335 πάλιν·
3486 5300 3504 5331 ι
3538 5276 3614 5333 Ἦ
3646 5279 3711 5333 σὺ

2128 5372 2309 5427 λαϐὼν
2341 5374 2445 5445 γῆς
2479 5373 2646 5445 πηλὸν
2687 5373 2926 5438 ἔπλασας
2954 5372 3112 5437 ζῶον,
3145 5373 3239 5426 καὶ
3282 5371 3511 5443 λαλητὸν
3550 5369 3710 5424 αὐτὸν

2133 5466 2254 5521 ἔθου
2278 5467 2370 5519 ἐπὶ
2400 5467 2497 5538 τῆς
2534 5467 2668 5538 γῆςς
2706 5466 2922 5535 ἀφεῖλες
2959 5465 3015 5518 δὲ
3058 5466 3165 5520 ἀπὸ
3211 5464 3423 5519 ἀσεϐῶν
3460 5464 3520 5517 τὸ
3562 5461 3706 5531 φῶςς

2134 5558 2391 5631 βραχίονα
2433 5558 2476 5611 δ’
2516 5558 2877 5629 ὑπερηφάνων
2911 5556 3264 5628 συνέτριψαςς
3317 5551 3481 5626 ἦλθες
3521 5553 3578 5608 δὲ
3619 5553 3711 5607 ἐπὶ

2131 5654 2313 5725 πηγὴν
2342 5651 2644 5722 θαλάσσης,
2683 5653 2739 5704 ὲν
2776 5650 2831 5704 δὲ
2863 5649 3062 5722 ἴχνεσιν
3104 5648 3340 5702 ἀϐύσσου
3373 5647 3699 5718 περιεπάτη-

520 5798 568 5833 ⁶⁸
597 5799 775 5857 Exod.
814 5818 897 5867 Ill,
919 5801 974 5869 ι,
998 5806 1051 5860 5.
1127 5807 1169 5839 "
1204 5806 1338 5863 Dan.
1363 5823 1459 5874 vn,
1500 5809 1585 5866 lo.
1668 5811 1712 5845 ⁸³
1748 5808 1869 5868 Job.
1901 5825 2038 5868 xxxv

2168 5811 2219 5875 ί.
2249 5811 2337 5867 65.
2416 5811 2460 5844 ⁸⁹
2492 5807 2623 5867 ibid.
2663 5810 2713 5865 7.
2787 5808 2836 5841 ”
2884 5807 3016 5865 ibid.
3058 5807 3142 5862 12.
