4110 6420
370 387 460 441 ιοι

1255 377 1905 435 DEMONSTRATIONIS
1941 371 2393 432 EVANGELICE
2432 371 2560 429 LIB.
2596 370 2665 429 V.

3504 363 3606 420 J09

370 517 502 566 σας;
534 498 836 568 ἀνοίγονται
857 495 914 549 δέ
940 512 1020 550 σοι
1047 494 1196 566 φόϐῳ
1221 495 1382 549 πύλαι
1408 494 1668 562 θανάτους
1695 493 1932 564 πυλωροὶ

2039 488 2270 545 trivisti?
2300 487 2493 543 venisti
2525 493 2701 540 autem
2735 483 2801 538 ad
2836 482 3037 537 fontem
3082 479 3249 537 maris
3280 520 3294 543 ,
3332 489 3378 536 et
3407 477 3459 531 in
3504 493 3601 533 ve-

369 593 423 648 δὲ
474 592 599 663 ᾆδον
654 588 848 651 ιδόντες
894 603 954 641 σε
1004 585 1277 656 ἐπτηξανς
1317 604 1336 636 ι
1371 585 1481 639 Καὶ
1528 584 1620 637 ἐπὶ
1662 584 1801 636 τέλει
1840 581 1937 636 τοῦ

374 683 568 747 παντὸς
593 678 838 754 χρησμοῦ
865 678 1212 748 ἀποκρίνεται
1237 675 1358 731 Ἱὼὸ
1388 675 1467 747 τῷ
1498 675 1704 748 Κυρίῳ,
1736 675 1934 743 λέγων·

374 792 394 825 ι
434 774 693 827 ’Ἄκουσον
717 770 779 841 δή
816 786 941 840 μου,
971 766 1166 840 Κύριε,
1197 768 1284 821 ἴνα
1309 764 1463 835 κάγὼ
1488 765 1723 835 λαλήσω.
1773 765 1939 835 Ἐρω-

370 866 518 937 τήσω
562 864 628 917 se
693 880 774 929 σε,
827 864 890 916 σὺ
936 861 994 914 δέ
1043 879 1109 931 με
1146 858 1374 924 δίδαξον.
1415 858 1621 928 Ἀκοὴν
1657 857 1754 928 μὲν
1803 855 1940 918 ὠτὸς

370 955 565 1028 ἧκουόν
595 971 686 1008 σου
710 955 770 1007 τὺ
796 953 1077 1024 πρότερον,
1115 951 1209 1005 νῦν
1248 951 1305 1005 δὲ
1329 952 1359 1004 ὁ
1381 949 1653 1020 ὀφθαλμός
1692 966 1793 1020 μου
1838 946 1941 1000 ἑώ-

373 1047 505 1119 ρακὲ
538 1061 616 1100 σε.
648 1045 737 1101 Aab
763 1044 1026 1113 ὲφαύλισα
1055 1042 1309 1113 ἐμαυτὸν,
1334 1041 1430 1097 καὶ
1457 1040 1656 1112 ὲτάκην
1676 1059 1689 1071 ·
1718 1041 1828 1112 ⁴ἵιγη
1838 1054 1934 1109 μαι

366 1135 424 1188 δὲ
461 1133 696 1205 ἐμαυτὸν
723 1134 828 1204 γῆν
878 1134 972 1186 καὶ
1014 1132 1229 1187 σποδόν.
1272 1149 1293 1183 ›
1322 1131 1443 1185 Ὅτι
1473 1130 1570 1201 μὲν
1601 1125 1694 1183 οὖν
1736 1126 1939 1199 Κυρίου

368 1227 462 1281 τοῦ
493 1226 834 1300 Δημιουργοῢ
863 1226 1216 1296 τυγχάνουσιν
1261 1225 1317 1278 αἱ
1356 1223 1705 1293 προκείμεναι
1747 1219 1940 1290 φωναὶ,

366 1320 467 1372 οὐκ
495 1321 557 1372 ὲκ
579 1319 686 1374 τῶν
714 1317 1082 1390 προτεθέντων
1118 1315 1296 1386 μόνον,
1327 1313 1461 1367 ἀλλὰ
1504 1314 1597 1367 καὶ⁵
1634 1313 1697 1366 ὲκ
1728 1313 1835 1366 τῶν
1861 1327 1944 1364 σοι

366 1409 705 1479 φαινομένων
741 1404 1030 1474 διαγνῶναι
1074 1404 1283 1474 ῥᾴδιονι
1322 1403 1403 1456 ὅτι
1451 1403 1509 1456 δὲ
1551 1402 1632 1465 τὸ,
1686 1420 1705 1452 ι
1741 1396 1944 1460 Ἦλθες

368 1501 459 1553 ἐπὶ
485 1501 669 1571 πηγὴν
706 1498 1000 1567 θαλάσσης,
1046 1497 1105 1547 ὲν
1149 1495 1206 1547 δὲ
1252 1494 1457 1565 ἴχνεσιν
1503 1491 1741 1546 ἀϐύσσου
1793 1507 1946 1562 περι-

366 1589 680 1662 επάτησας;
716 1608 734 1641 ι
759 1589 854 1642 καὶ
880 1588 960 1651 τὸ,
995 1606 1013 1638 ι
1046 1583 1370 1652 Ἀνοίγονται
1406 1584 1463 1637 δέ
1484 1600 1566 1637 σοι
1595 1582 1745 1652 φόϐῳ
1784 1580 1946 1634 πύλαι

366 1681 620 1746 θανάτου;
651 1680 890 1752 πυλωροὶ
924 1678 982 1731 δὲ
1018 1678 1141 1749 ᾅδου
1178 1678 1373 1741 ἰδόντες
1401 1694 1459 1729 σε
1487 1674 1750 1745 ἔπτηξανς
1793 1691 1813 1724 ι
1848 1671 1946 1742 τὴν

374 1774 455 1836 εἰς
489 1771 619 1843 ᾆδου
648 1770 872 1824 κάθοδον
897 1769 991 1823 τοῦ
1025 1769 1273 1840 Σωτῆρος
1320 1767 1476 1839 ἡμῶν
1508 1766 1772 1830 θεσπίζει,
1806 1764 1946 1819 κατὰ

2039 579 2215 649 stigiis
2249 577 2428 648 abyssi
2486 571 3341 642 deambulasti?aperiunturque
3387 566 3482 622 tibi
3529 565 3603 619 ti-

2030 658 2190 726 ‘more
2212 678 2380 740 portae
2404 667 2637 723 mortis?
2663 675 2717 719 et
2731 666 2999 736 janitores
3017 663 3315 720 inferorum
3358 659 3604 714 videntes

2040 770 2092 817 te
2119 761 2292 816 territi
2328 767 2456 814 sunt
2486 758 2528 789 ⁹¹
2553 760 2578 810 ?
2607 776 2625 808 ι
2661 756 2867 812 Deinde
2923 757 2976 810 in
3034 754 3139 809 ﬁne
3168 753 3334 809 totius
3370 748 3604 813 oraculi,

2040 853 2329 923 respondet
2352 849 2454 906 Job
2480 848 2728 911 Domino,
2761 848 2948 903 dicens
2972 863 2985 899 :
3018 865 3039 899 ι
3062 844 3200 901 Audi
3230 845 3341 913 jam
3367 858 3471 909 me,
3500 841 3606 895 Do-

2040 945 2206 1009 mine,
2235 950 2293 997 ut
2323 943 2486 998 etiam
2517 956 2617 1010 ego
2648 940 2862 1009 loquar,
2896 947 2950 994 et
2982 936 3324 1007 interrogabo
3357 942 3430 1000 te,
3464 939 3527 1001 ει,
3545 939 3605 990 ιιι

2041 1052 2127 1092 me
2159 1035 2374 1091 doceto.
2418 1032 2621 1088 Auditu
2665 1032 2884 1102 quidem
2927 1030 3076 1086 auris
3125 1027 3304 1083 audivi
3335 1034 3387 1082 te
3430 1025 3603 1096 prius,

2041 1145 2186 1185 nunc
2215 1135 2393 1182 autem
2448 1125 2641 1180 oculus
2686 1137 2841 1178 meus
2872 1121 3005 1176 vidit
3036 1130 3107 1177 te.
3142 1120 3408 1188 Quocirca
3445 1118 3605 1173 vilem

2045 1219 2207 1275 habui
2258 1217 2546 1286 meipsum.
2613 1220 2667 1269 et
2722 1211 3046 1282 liquefactus
3100 1227 3243 1276 sum,
3311 1216 3371 1266 et
3423 1205 3607 1280 putavi

2044 1310 2309 1381 meipsum
2340 1316 2540 1362 terram
2590 1313 2643 1360 et
2685 1305 2923 1359 cinerem
2942 1304 3009 1358 θ’.
3044 1321 3062 1355 ι
3102 1300 3313 1356 Domini
3337 1300 3499 1370 igitur
3521 1314 3604 1353 re-

2044 1417 2164 1457 rum
2198 1398 2420 1470 Opificis
2460 1396 2739 1468 expositas
2793 1394 2955 1450 modo
2988 1409 3111 1450 esse
3159 1408 3341 1457 voces,
3366 1407 3475 1446 non
3517 1406 3606 1447 so-

2043 1494 2157 1549 lum
2182 1507 2248 1547 ex
2277 1492 2366 1553 iis,
2396 1505 2516 1562 quae
2543 1487 2825 1559 proposita
2856 1494 3006 1549 sunt,
3031 1501 3217 1542 verum
3241 1484 3401 1538 etiam
3427 1497 3492 1537 ex
3518 1482 3606 1544 iis,

2045 1601 2165 1658 qua:
2209 1584 2305 1640 tibi
2341 1583 2445 1655 ipsi
2499 1582 2811 1646 videantur,
2858 1570 3179 1650 dignoscere
3212 1576 3366 1631 facile
3386 1583 3471 1631 est
3497 1612 3511 1625 .
3547 1574 3613 1629 il-

2046 1679 2137 1734 lud
2161 1694 2287 1735 vero
2312 1717 2326 1744 ,
2364 1697 2382 1728 ι
2411 1673 2618 1731 Venisti
2648 1674 2717 1730 ad
2744 1672 2948 1728 fontem
2975 1671 3164 1734 maris,
3198 1677 3251 1725 et
3281 1670 3337 1724 in
3369 1667 3609 1738 vestigiis

2048 1771 2233 1842 abyssi
2290 1765 2687 1823 deambulasti?
2721 1784 2738 1818 ι
2787 1771 2842 1819 ει
2880 1761 3035 1826 illud,
3073 1780 3091 1813 ι
3120 1761 3452 1831 Aperiunlur
3486 1773 3610 1813 vero

371 1862 464 1915 τὸν
515 1863 859 1933 προσήκοντα
901 1860 1087 1932 καιρὸν
1131 1858 1508 1929 ἀποδείξομεν·
1549 1856 1799 1911 τοσοῦτον
1847 1855 1937 1909 νῦν

2042 1863 2136 1918 tibi
2168 1862 2361 1916 timore
2387 1869 2557 1931 porta:
2586 1858 2776 1913 mortis
2800 1898 2814 1922 ,
2877 1864 2933 1911 et
2987 1856 3255 1926 jauitores
3313 1851 3609 1907 inferorum

372 1954 857 2025 ἑπισημηνάμενοι,
895 1952 971 2015 ὡς
1013 1951 1209 2022 μᾶλλον
1243 1950 1321 2020 τῷ
1351 1949 1469 2021 Θεῷ
1504 1949 1660 2018 Λόγῳ
1687 1950 1831 2019 ἥπερ
1859 1947 1937 2019 τῷ

371 2044 492 2115 Θεῷ
506 2045 612 2098 τῶν
633 2044 765 2097 ὅλων
785 2043 851 2097 τὰ
875 2042 1013 2097 κατὰ
1030 2042 1120 2095 τὸν
1136 2042 1299 2096 τόπον
1319 2039 1628 2095 ἀνατιθέναι
1649 2040 1928 2112 προσήκει.

382 2132 438 2188 '0
452 2133 585 2201 γοῦν
600 2133 735 2197 Ἰὼϐ,
755 2132 901 2201 ἑξῆς,
923 2132 1123 2201 ὁμοίως
1138 2134 1252 2196 τοῖς
1272 2131 1542 2203 πατράσιν
1557 2130 1718 2184 αὑτὸν
1735 2128 1799 2200 δὴ
1813 2127 1936 2182 τοῦ-

365 2240 456 2277 τον
481 2224 570 2278 τὸν
595 2226 652 2277 ὲν
678 2226 869 2294 ἀρχαῖς
897 2223 984 2277 διὰ
1015 2223 1273 2287 λαίλαπος
1312 2223 1406 2277 καὶ
1455 2222 1631 2292 νεφῶν
1671 2221 1936 2293 χρηματί-

367 2311 525 2376 ζοντα
549 2311 694 2383 αύτῷ
722 2312 946 2384 Κύριον,
967 2313 1196 2384 αθτοψίᾳ
1223 2312 1620 2385 τεθεωρηκέναι
1651 2314 1931 2384 μαρτυρεῖ,

364 2400 556 2469 λέγων·
584 2422 603 2453 ι
633 2403 896 2456 Ἄκουσον
939 2402 997 2456 δέ
1031 2400 1359 2473 μου,Κύριε,
1396 2402 1484 2455 ἵνα
1515 2399 1669 2470 κάγὼ
1695 2401 1930 2472 λαλήσω.

377 2492 665 2564 Ἐρωτήσω
695 2493 751 2547 δέ
785 2510 866 2558 σε,
904 2494 969 2547 σὺ
1001 2492 1058 2546 δέ
1090 2509 1155 2563 με
1185 2493 1411 2558 δίδαξον.
1454 2493 1645 2563 Ἀκοὴν
1675 2492 1773 2564 μὲν
1799 2492 1935 2556 ὠτὸς

366 2583 560 2652 ἤκουόν
587 2600 681 2637 σου
718 2584 1093 2656 τὸοπρότερον,
1117 2583 1211 2639 νῦν
1247 2584 1301 2637 δὲ
1342 2585 1370 2636 ό
1400 2582 1671 2654 ὀφθαλμός
1706 2601 1804 2654 μου
1832 2582 1933 2636 ἑώ-

372 2674 505 2743 ρακέ
530 2691 606 2729 σε.
641 2675 732 2727 Διὸ
763 2675 1026 2744 ὲφοιύλισα
1057 2675 1313 2745 ἐμαυτὸν,
1339 2676 1434 2729 καὶ
1465 2675 1691 2745 ὲτάκην·
1720 2675 1934 2746 ἥγημαι

365 2764 421 2817 δὲ
448 2765 681 2836 ἐμαυτὸν
712 2767 813 2836 γῆν
845 2766 938 2820 καὶ
971 2766 1182 2820 σποδόν.
1223 2785 1241 2819 ι
1271 2766 1397 2830 Πῶς
1421 2766 1465 2820 δ’
1489 2766 1553 2820 ἂν
1570 2766 1660 2822 τὸν
1679 2766 1936 2821 ἀνωτάτω

364 2855 519 2925 Θεὸν,
546 2856 636 2910 τὸν
657 2856 764 2911 τῶν
787 2858 924 2936 ὅλων
946 2859 1220 2923 ὲπέκεινα,
1246 2858 1343 2930 τὴν
1367 2859 1632 2930 ἄτρεπτον
1658 2859 1751 2911 καὶ
1779 2858 1936 2927 ἀγέν-

364 2964 521 3020 νητον
547 2949 754 3012 οὐσίαν,
785 2949 963 3021 σάρκα
988 2950 1279 3022 περιϐεϐλη
1289 2951 1422 3023 μένη
1445 2951 1590 3022 ψυχὴ
1619 2950 1713 3004 κα)⁸
1738 2949 1935 3019 ὀφθαλ-

369 3041 459 3111 μοὶ
494 3040 702 3112 θνητῶν
734 3041 1044 3108 ἐθεάσαντο,
1080 3044 1126 3096 εί
1169 3044 1241 3115 μὴ
1286 3046 1393 3114 ἄρα
1437 3044 1621 3114 σαφῶς
1661 3043 1938 3102 κάνταῦθα

365 3131 725 3188 ύποὸαίνοντα
763 3135 855 3188 τοῦ
898 3135 1097 3190 οἰκείου
1143 3137 1406 3207 μεγέθους
1444 3137 1534 3191 τὸν
1573 3138 1704 3192 Θεὸν
1742 3137 1932 3207 Λόγον,

2041 1954 2286 2010 videntes
2309 1961 2360 2008 te
2387 1952 2563 2006 territi
2585 1949 2762 2007 sunt?
2799 1967 2818 2001 ι
2857 1947 3161 2003 Salvatoris
3192 1943 3610 2000 nostridescen-

2041 2062 2162 2102 sum
2218 2046 2287 2101 ad
2343 2044 2547 2101 inferos
2607 2041 2938 2114 significare,
2972 2056 3074 2095 suo
3125 2045 3367 2106 tempore
3389 2035 3615 2091 demon-

2040 2140 2357 2203 strabimus,
2391 2137 2618 2193 simodo
2650 2136 2752 2191 hoc
2774 2135 2896 2190 ioco
2926 2133 2977 2188 id
3004 2147 3170 2187 unum
3203 2129 3570 2185 notaverimus
3596 2147 3608 2181 :

2032 2230 2151 2299 Deo
2181 2230 2359 2287 Verbo
2388 2230 2559 2299 magis
2586 2243 2745 2299 quam
2785 2225 2897 2282 Deo
2916 2223 3088 2291 Patri,
3109 2237 3229 2293 qua:
3258 2220 3325 2275 ad
3363 2220 3507 2275 hunc
3534 2220 3614 2274 lo-

2039 2335 2163 2375 cum
2188 2319 2476 2390 pertinent,
2501 2333 2621 2373 esse
2640 2315 2945 2372 tribuenda.
2967 2313 3132 2386 258
3157 2311 3262 2367 Job
3286 2313 3471 2383 igitur,
3504 2310 3614 2366 sic-

2041 2420 2101 2468 ut
2148 2413 2311 2467 etiam
2352 2410 2545 2480 reliqui
2592 2417 2798 2480 patres,
2857 2408 3034 2477 ipsum
3091 2405 3238 2460 hunc
3266 2405 3335 2458 ab
3361 2402 3516 2456 initio
3547 2399 3615 2456 de

2041 2507 2253 2563 turbine
2295 2514 2349 2561 et
2391 2505 2626 2560 nubibus
2673 2503 3093 2573 respondentem
3149 2500 3252 2557 sibi
3300 2498 3610 2563 Dominum,

2039 2613 2223 2654 coram
2243 2611 2302 2654 se
2336 2597 2593 2653 intuitum
2626 2611 2747 2653 esse
2778 2595 3125 2660 testificatur,
3158 2590 3349 2645 dicens
3377 2605 3390 2642 :
3429 2608 3447 2641 ι
3471 2589 3611 2644 Audi

2038 2705 2168 2746 vero
2189 2705 2296 2755 me,
2330 2689 2576 2754 Domine,
2637 2696 2697 2743 ut
2731 2688 2894 2743 etiam
2925 2702 3025 2760 ego
3059 2686 3272 2758 loquar,
3301 2693 3357 2741 et
3379 2680 3614 2740 interro-

2039 2782 2180 2852 gabo
2222 2787 2296 2849 te,
2335 2788 2390 2836 et
2444 2789 2503 2836 tu
2545 2797 2633 2838 me
2684 2780 2879 2837 doceto
2912 2797 2925 2832 :
2959 2779 3151 2834 auditu
3194 2777 3413 2849 quidem
3464 2776 3613 2831 auris

2040 2873 2223 2928 audivi
2256 2881 2307 2929 te
2343 2874 2517 2944 prius,
2548 2888 2696 2929 nunc
2740 2882 2920 2928 autem
2950 2870 3145 2927 oculus
3179 2883 3333 2925 meus
3364 2867 3499 2922 vidit
3538 2874 3610 2921 te.

2040 2962 2308 3032 Quocirca
2330 2966 2492 3020 vilem
2521 2964 2687 3020 habui
2716 2966 3008 3035 meipsum,
3038 2971 3091 3018 et
3128 2959 3450 3032 liquefactus
3469 2973 3611 3020 sum,

2038 3063 2095 3111 et
2122 3055 2306 3126 putavi
2339 3055 2609 3126 meipsum
2645 3063 2847 3111 terram
2876 3062 2930 3109 et
2958 3054 3221 3110 cinerem.
3243 3072 3262 3106 ι
3306 3049 3410 3118 Qui
3434 3060 3613 3103 autem

2042 3146 2159 3201 ﬁeri
2189 3154 2388 3217 potest,
2452 3155 2509 3202 ut
2557 3163 2873 3218 supremum
2916 3146 3109 3211 Deum,
3142 3154 3195 3201 et
3236 3159 3361 3200 eum
3402 3143 3495 3214 qui
3527 3149 3614 3196 est

363 3223 422 3279 ὃν
446 3225 712 3297 διαφόρως
733 3227 1124 3299 άποδείκνυμεν
1153 3228 1374 3299 Κύριον,
1407 3228 1651 3301 εἴποιμεν
1697 3229 1763 3283 ἂν
1795 3247 1932 3302 παρ-

2039 3209 2410 3302 ultra-omnia,
2443 3209 2836 3294 immutabilem
2872 3238 3062 3309 utique
3096 3209 3158 3292 et
3195 3209 3497 3306 ingenitam
3522 3248 3611 3289 es-
3694 3313 3703 3319 ἢ

368 3316 649 3380 ίστασθαι,
685 3316 761 3381 ὡς
795 3317 909 3370 ἔστι
948 3321 1040 3371 καὶ
1066 3317 1127 3383 ἐξ
1168 3319 1345 3372 αὐτῶν
1389 3319 1498 3373 τῶν
1537 3317 1795 3391 χρησμῶν
1828 3337 1930 3391 μα-

364 3409 496 3472 θεῖν,
528 3409 596 3462 δι’
630 3401 704 3462 ὧν
743 3407 898 3475 αὖθις
927 3411 956 3463 ό
989 3409 1189 3481 Κύριος
1222 3412 1359 3482 πρὸς
1398 3412 1488 3466 τὸν
1531 3412 1651 3466 Ἰὼϐ
1689 3412 1758 3467 τὰ
1807 3415 1933 3484 περὶ

362 3496 457 3552 τοῦ
503 3497 745 3552 διαϐόλου
793 3498 868 3563 ὡς
921 3500 1049 3571 περὶ
1093 3499 1379 3572 δράκοντος
1430 3500 1579 3556 διιὼν
1624 3502 1932 3574 ὲπεχείρει;

370 3605 392 3639 ι
425 3589 497 3642 Οὐ
539 3588 780 3653 δέδοικας
825 3589 905 3642 ὅτι
936 3589 1257 3660 ἡτοίμασταί
1298 3608 1426 3660 μοι;
1463 3610 1482 3642 ι
1513 3592 1786 3663 Δράκοντα
1828 3590 1936 3663 γὰρ

362 3678 690 3749 ἡτοιμάσθαι
715 3679 853 3749 ποίῳ
869 3678 1056 3751 Κυρίῳ
1079 3682 1342 3754 προσήκει
1365 3680 1625 3751 νομίζειν,
1656 3680 1688 3750 ἢ
1714 3680 1789 3749 τῷ
1819 3680 1937 3751 θεῷ

362 3771 520 3841 Λόγῳ
543 3772 637 3824 καὶ
677 3772 886 3843 Σωτῆρι
925 3771 1113 3843 ἡμῶν,
1143 3772 1201 3835 ὃς
1229 3772 1320 3823 τὸν
1362 3770 1593 3843 ἄρχοντα
1625 3772 1717 3825 τοῦ
1747 3770 1939 3835 αἰῶνος

270 3848 275 3857 ’
364 3862 575 3925 τούτου,
610 3862 774 3916 πάλαι
805 3862 1068 3932 πρότερον
1096 3860 1481 3931 πολιορκοῦντα
1505 3861 1567 3914 τὸ
1592 3861 1699 3914 τῶν
1734 3860 1941 3932 ἀνθρώ-

364 3971 482 4007 πων
512 3955 685 4021 γένος,
717 3953 954 4017 καθεῖλε,
982 3952 1149 4019 λύσας
1193 3953 1290 4018 τὰς
1328 3953 1520 4018 ὠδῖνας
1548 3953 1640 4008 τοῦ
1678 3954 1937 4009 θανάτοιν

361 4044 392 4098 ὃ
413 4045 509 4098 καὶ
532 4045 695 4109 αὐτὸς
722 4045 1018 4116 παρίστησι
1050 4047 1228 4117 φήσας
1245 4086 1260 4110 ,
1289 4065 1309 4097 ι
1344 4041 1546 4111 τΗλθες
1565 4047 1609 4099 δ’
1639 4048 1733 4101 ἐπὶ
1760 4047 1941 4119 πηγὴν

365 4137 670 4209 θαλάσσης;
704 4140 760 4191 ὲν
784 4139 839 4195 δὲ
866 4140 1063 4210 ἴχνεσιν
1085 4140 1319 4193 ἀϐύσσου
1337 4142 1771 4214 περιεπάτησας;
1801 4142 1942 4197 ἀνοί-

363 4244 548 4296 γονται
577 4228 635 4282 δέ
666 4244 746 4282 σοι
779 4228 928 4298 φόϐῳ
960 4228 1124 4282 πύλαι
1158 4230 1423 4297 θανάτου;
1450 4230 1688 4303 πυλωροὶ
1725 4231 1784 4285 δὲ
1814 4231 1940 4304 ᾅδου

368 4319 564 4384 ἰδόντες
610 4336 670 4373 σε
719 4319 997 4392 ἐπτηξαν;
1040 4341 1057 4373 ι
1087 4321 1271 4376 Ταῦτα
1321 4321 1376 4375 δὲ
1408 4323 1633 4387 εἰκότως
1681 4323 1816 4397 πρὸς
1852 4324 1942 4381 τὸν

376 4411 495 4464 Ἰὼϐ
529 4411 852 4484 χρηματίζει
891 4412 1029 4484 μετὰ
1051 4413 1142 4467 τὸν
1174 4414 1346 4484 μέγαν
1377 4414 1701 4485 πειρασμὸν,
1754 4414 1813 4467 ὃν
1840 4416 1943 4468 ὑπ-

2034 3326 2287 3392 sentiam,
2317 3328 2499 3383 anima
2519 3327 2705 3384 induta
2732 3344 2980 3401 corpore,
3005 3336 3059 3384 et
3101 3329 3244 3383 oculi
3288 3326 3595 3384 mortalium

2033 3414 2217 3473 intuiti
2234 3418 2365 3485 sint,
2393 3418 2500 3475 nisi
2531 3418 2693 3491 plane
2736 3421 2841 3476 hoc
2896 3420 3060 3476 etiam
3091 3419 3234 3484 loco,
3282 3417 3466 3489 egredi
3529 3416 3599 3473 de

2033 3508 2253 3580 propria
2307 3510 2684 3583 magnitudine
2726 3510 2821 3569 Dei
2847 3510 3108 3578 Verbum,
3140 3511 3321 3582 ipsum
3366 3509 3461 3583 qui
3509 3507 3617 3566 Do-

2036 3601 2218 3656 minus
2261 3616 2385 3658 esse
2416 3640 2432 3667 ,
2484 3601 2654 3660 variis
2711 3603 3122 3659 demonstratur
3175 3601 3374 3668 modis,
3434 3591 3609 3672 eoque

2036 3692 2199 3747 modo
2222 3692 2482 3748 exhibere
2522 3708 2581 3748 se
2631 3694 2924 3750 videndum
2979 3694 3315 3761 dixerimus,
3350 3698 3613 3766 quemad-

2038 3783 2257 3839 modum
2288 3784 2414 3839 licet
2450 3785 2534 3840 vel
2582 3801 2648 3840 ex
2691 3784 2825 3855 ipsis
2871 3786 3114 3841 oraculis
3144 3784 3375 3853 discere,
3408 3786 3464 3842 in
3489 3787 3615 3858 quir

2039 3875 2142 3932 bus
2166 3890 2366 3933 rursus
2391 3876 2507 3947 ipse
2528 3875 2794 3932 Dominus
2823 3878 2890 3932 ad
2945 3876 3048 3934 Job
3069 3892 3133 3933 ea
3177 3893 3297 3947 quae
3324 3878 3391 3932 ad
3420 3877 3613 3933 diabo-

2040 3966 2151 4021 lum
2200 3967 2492 4038 pertinent,
2554 3975 2813 4039 tanquam
2855 3968 2922 4024 de
2962 3968 3202 4025 dracone
3232 3982 3495 4023 enarrans
3532 3969 3607 4023 in-

2041 4057 2245 4125 stabat,
2302 4055 2459 4112 «Non
2492 4056 2653 4113 times
2709 4059 2965 4128 quoniam
3023 4069 3243 4129 paratus
3264 4068 3349 4114 est
3374 4057 3551 4113 mihi?
3588 4077 3609 4112 ι

2040 4145 2140 4202 Cui
2160 4148 2303 4204 enim
2336 4147 2587 4211 Domino.
2613 4148 2905 4205 draconem
2926 4158 3173 4221 paratum
3200 4166 3321 4206 esse
3360 4150 3610 4205 arbitrari

2041 4242 2317 4306 convenit,
2351 4242 2455 4297 nisi
2484 4239 2595 4299 Deo
2625 4240 2803 4297 Verbo
2837 4251 2891 4299 et
2921 4242 3186 4299 Salvatori
3216 4251 3422 4308 nostro,
3452 4257 3612 4315 quem

2038 4332 2338 4404 principem
2370 4334 2530 4404 hujus
2561 4335 2742 4391 saeculi
2782 4334 3104 4406 jampridem
3131 4353 3302 4408 genus
3331 4335 3610 4393 hominum

2041 4424 2455 4495 depopulantem
2491 4428 2735 4494 sustulit,
2776 4429 3060 4484 dissolutis
3089 4429 3281 4487 mortis
3304 4427 3609 4494 doloribus,

363 4501 564 4571 ἑμεινε,
598 4502 693 4556 καὶ⁸
730 4502 935 4573 άγῶνα,
966 4504 1227 4559 διδάσκων
1262 4504 1442 4568 αὐτὸν,
1462 4506 1541 4560 ὅτι
1576 4506 1714 4578 ὑπὲρ
1741 4506 1937 4578 μέρους

2041 4509 2187 4610 quod
2233 4514 2451 4582 quidem
2510 4515 2712 4584 ipsum,
2774 4517 2892 4586 ipse
2932 4532 3149 4588 quoque
3195 4518 3343 4573 dicat
3400 4519 3611 4583 dicens,

362 4594 680 4662 ἠγώνισται,
722 4594 816 4648 τοῦ
853 4594 1096 4666 μείζονος
1136 4598 1230 4650 καὶ
1276 4597 1662 4670 κραταιοτέρου
1701 4599 1935 4672 πολέμου

2050 4619 2068 4653 ι
2104 4601 2313 4659 Veniati
2370 4621 2500 4661 vero
2557 4607 2624 4662 ad
2683 4605 2888 4662 fontem
2955 4611 3144 4673 maris,
3192 4619 3245 4665 et
3292 4611 3347 4665 in
3373 4610 3614 4680 vestigiis

364 4685 459 4738 καὶ
488 4685 697 4754 ἀγῶνος
717 4685 864 4757 αὐτῷ
892 4685 971 4757 τῷ
1000 4687 1191 4760 Κυρίῳ
1230 4689 1646 4760 πεφυλαγμένου
1676 4692 1817 4745 κατὰ
1846 4693 1935 4747 τὸν

363 4775 551 4846 καιρὸν
575 4777 672 4848 τῆς
704 4780 786 4842 είς
817 4778 908 4832 τὸν
937 4778 1161 4834 θάνατον
1189 4780 1356 4835 αὐτοῦ
1383 4781 1705 4852 παρουσίας.

2042 4696 2225 4767 abyssi
2266 4695 2662 4755 deambulasti?
2699 4702 3020 4771 aperiuntur
3070 4713 3251 4758 autem
3296 4702 3394 4758 tibi
3421 4703 3614 4757 timore

2040 4798 2210 4856 portae
2242 4789 2476 4845 mortis?
2503 4799 2559 4844 et
2605 4791 2870 4861 ianitores
2928 4792 3227 4849 inferorum
3274 4793 3519 4848 videntes
3562 4800 3614 4847 te

366 4869 538 4926 territi
572 4871 738 4923 sunt?
771 4888 789 4920 ι
821 4869 947 4925 Haec
996 4886 1129 4927 sane
1181 4871 1374 4927 merito
1415 4873 1484 4926 ad
1534 4871 1637 4928 Job
1662 4874 1922 4944 loquitur,
1964 4885 2088 4946 post
2152 4895 2405 4952 magnam
2455 4884 2834 4948 tentationem,
2866 4891 3097 4955 postque
3122 4897 3377 4954 magnum
3437 4894 3611 4939 certa-

363 4980 488 5020 men
517 4962 661 5033 quod
690 4964 971 5026 sustinuit,
1003 4965 1208 5022 docens
1242 4982 1387 5034 eum,
1435 4967 1582 5038 quod
1626 4984 1724 5038 pro
1772 4979 1926 5040 parte
1962 4974 2273 5042 certaverit,
2309 4991 2432 5031 cum
2500 4976 2718 5034 interim
2755 4978 2934 5048 majus
2963 4977 3266 5044 fortiusque
3300 4974 3501 5032 bellum
3557 4983 3613 5031 et

362 5063 639 5112 certamen
696 5054 797 5125 ipsi
824 5054 1052 5111 Domino
1075 5066 1402 5124 reservetur,
1432 5058 1538 5114 sub
1585 5067 1801 5129 tempus
1844 5060 1931 5115 sui
1969 5062 2036 5118 ad
2072 5072 2303 5122 mortem
2331 5067 2620 5126 adventus.

876 5175 1272 5231 ΚΕΦΑΛΑΙΟΝ
1299 5180 1431 5234 KA’.

373 5263 516 5320 Ἀπὸ
564 5263 671 5317 τοῦ
706 5268 771 5339 l,’
818 5266 1083 5339 ψαλμοῦ.
1121 5297 1188 5306 -
1226 5267 1343 5339 ίΩς
1371 5269 1482 5324 δύο
1528 5273 1786 5339 Κυρίους
1834 5275 1933 5329 καί

681 5338 714 5389 ὀ
758 5336 1146 5406 προκείμενος
1189 5334 1327 5392 οἶδε
1350 5342 1613 5409 ψαλμός.

435 5444 455 5478 ι
497 5424 617 5480 Ὀτι
669 5427 755 5489 σὺ,
805 5425 997 5498 Κύριε,
1026 5426 1180 5491 ἐλπίς
1215 5446 1338 5498 μου,
1381 5430 1470 5484 τὸν
1507 5431 1768 5502 ’Ὕψιστον
1813 5434 1934 5490 ἔθου

360 5518 676 5587 καταφυγήν
703 5533 818 5570 σου.
844 5517 919 5571 Οὐ
954 5519 1371 5589 προσελεύσεται
1395 5521 1530 5591 πρὸς
1556 5523 1617 5576 σὲ
1647 5524 1809 5590 κακὰ,
1841 5528 1936 5583 καὶ

360 5607 556 5678 μάστιξ
587 5608 686 5662 οὐκ
708 5610 882 5678 ὲγγιεῖ
910 5608 987 5681 τῷ
1009 5609 1322 5682 σκηνώματί
1354 5629 1447 5666 σου
1468 5630 1480 5643 ·
1513 5613 1594 5668 ὅτι
1626 5620 1737 5681 τοῖς
1767 5619 1935 5689 ἀγγέ-

428 5759 469 5790 ⁹¹
504 5758 606 5815 Job
664 5779 893 5829 xxxvm,
947 5764 1136 5823 13—17.
1212 5770 1256 5800 "
1297 5765 1399 5823 Job
1455 5782 1585 5832 xw,
1618 5768 1730 5829 ι-δ.

2616 5188 2844 5245 CAPUT
2877 5189 3021 5245 XXI.

2038 5275 2081 5329 Α
2110 5290 2178 5331 xc
2201 5278 2428 5339 psalmo.
2450 5280 2692 5348 w—Quod
2704 5281 2840 5335 duas
2879 5296 3133 5349 personas
3179 5279 3341 5336 etiam
3372 5279 3610 5349 propeet"
3676 5322 3701 5332 _

2497 5359 2581 5405 tus
2611 5353 2847 5422 agnoscit
2875 5351 3135 5421 psalmus.
3590 5396 3601 5409 ,η

2113 5457 2132 5490 ι
2164 5438 2432 5505 Quoniam
2485 5450 2562 5507 tu,
2612 5440 2859 5506 Domine,
2905 5457 3033 5512 spes
3078 5454 3219 5505 mea,
3265 5439 3607 5496 Altissimum

2036 5528 2267 5598 posuisti
2300 5529 2569 5601 refugium
2597 5540 2748 5585 tuum
2782 5549 2795 5584 :
2831 5545 2939 5586 non
2974 5527 3234 5585 accedent
3261 5528 3327 5582 ad
3362 5535 3415 5583 te
3444 5527 3607 5593 mala,

2035 5629 2088 5677 et
2116 5620 2384 5693 ﬂagellum
2415 5636 2525 5678 non
2578 5621 3037 5693 appropinquabit
3083 5622 3437 5677 tabernaculo
3467 5627 3605 5676 tuo:
