4110 6428
536 388 640 441 ιθὸ

1207 380 1289 431 EIJ
1302 376 1470 432 SEBll
1510 374 1989 432 C/ESAHIENSIS
2016 372 2097 429 ΟΡ

2204 370 2383 426 PARS
2414 369 2477 425 11.
2513 400 2584 412 -—
2607 365 3103 423 APOLOGETICA.

3673 362 3778 417 604

536 499 792 575 quoniam
824 496 1028 567 angelis
1053 493 1168 550 suis
1199 491 1473 547 mandavit
1506 492 1571 545 de
1608 499 1679 554 te,
1711 489 1876 562 259
1902 489 1956 542 in
1987 503 2094 541 ma.

2206 485 2315 548 λοις
2355 483 2519 538 αὑτοῦ
2557 484 2848 537 ἐντελεῖται
2893 481 3019 553 περὶ
3057 476 3173 533 σοῦ.
3208 474 3332 530 Ἐπὶ
3362 474 3562 546 χειρῶν
3584 473 3781 539 ἀροῦσί

538 592 699 647 nibus
743 590 932 644 tollent
984 596 1056 647 te.
1113 602 1181 641 ne
1227 585 1445 655 quando
1477 583 1722 640 offendas
1768 584 1833 638 ad
1868 583 2101 652 lapidem

538 683 723 753 pedem
754 689 943 735 tuum:
983 694 1147 749 super
1180 675 1424 747 aspidem
1450 684 1504 731 et
1539 677 1786 746 regulum
1814 675 2098 735 ascendes.

536 782 585 828 et
617 772 966 827 conculcabis
1001 772 1212 826 leonem
1269 778 1324 824 ct
1368 768 1661 824 draconem
1693 768 1759 821 ".
1783 787 1801 820 ι
1844 767 1940 823 His
1971 783 2102 823 sane

536 867 706 935 utitur
768 864 992 919 vocibus
1054 862 1325 924 diabolus,
1384 862 1438 915 in
1485 860 1783 915 tentatione
1839 859 2103 915 adversus

536 954 874 1009 Salvatorcm
916 962 1185 1009 nostrum.
1218 953 1601 1019 Conlemplare
1639 953 1728 1006 hic
1758 952 1941 1022 igitur,
1967 968 2103 1021 quo-

536 1062 657 1102 nam
688 1046 849 1100 modo
884 1045 1126 1115 psalmus
1160 1044 1227 1098 ad
1254 1045 1431 1115 ipsum
1463 1044 1749 1098 Dominum
1771 1045 1878 1098 ait:
1912 1062 1931 1095 ι
1954 1044 2103 1110 Quo-

537 1139 678 1190 niam
707 1146 784 1200 tu,
828 1134 1077 1200 Domine,
1128 1151 1252 1206 spes
1290 1151 1431 1200 mea,
1491 1136 1832 1191 Altissimum
1872 1137 2102 1205 posuisti

538 1227 803 1296 refugium
835 1234 1009 1280 tuum.
1045 1232 1128 1280 Tu
1179 1228 1324 1283 enim
1372 1228 1507 1299 ipse,
1555 1229 1749 1297 inquit,
1786 1243 1906 1283 mea
1954 1244 2101 1298 spes,

536 1332 567 1375 0
594 1319 841 1384 Domine,
880 1319 1031 1373 illum
1063 1333 1093 1372 a
1122 1335 1230 1390 quo
1251 1320 1366 1389 ipse
1396 1336 1475 1384 cs,
1505 1319 1680 1375 Deum
1723 1322 1900 1393 ipsum
1948 1323 2104 1375 altis-

539 1409 732 1465 simum
793 1417 847 1465 et
890 1423 1205 1479 supremum
1256 1417 1306 1463 et
1346 1419 1498 1463 tuum
1548 1409 1785 1474 Patrem,
1835 1409 2105 1480 refugium

539 1501 798 1581 posuisti,
829 1510 1055 1574 propter
1098 1500 1242 1573 quod
1275 1516 1383 1556 non
1426 1502 1685 1556 accedent
1736 1501 1803 1555 ad
1849 1510 1904 1556 te
1940 1503 2102 1566 mala,

540 1595 599 1663 ad
626 1602 700 1657 te,
733 1595 976 1664 inquam,
1004 1610 1185 1649 meum
1235 1592 1543 1658 Dominum,
1593 1600 1647 1649 et
1688 1593 1954 1665 ﬂagellum
1996 1610 2103 1650 non

538 1687 996 1758 appmpinquabit
1025 1689 1378 1743 tabernaculo
1406 1696 1519 1743 tuo.
1551 1707 1570 1739 ι
1598 1685 1734 1741 Nam
1764 1688 1868 1742 etsi
1911 1686 2104 1741 nefarii

540 1764 786 1849 homines
839 1780 1181 1835 conabuntur
1220 1790 1270 1835 te
1310 1779 1581 1835 hominem
1635 1779 1836 1834 factum
1880 1778 2105 1850 ﬂagellis

2213 593 2270 629 σε
2290 619 2303 641 ,
2337 578 2410 647 μή
2439 593 2568 629 ποτε
2595 574 2946 648 προσκόπτῃς
2974 570 3111 643 πρὸς
3150 568 3294 622 λίθον
3329 566 3467 621 πόδα
3498 583 3612 621 σου.
3652 567 3782 619 Ἐπὶ

2208 667 2409 722 ἀσπίδα
2438 668 2531 722 καὶ
2568 666 2877 737 βασιλίσκον
2910 662 3148 733 ὲπιδήσῃ
3176 700 3192 724 ,
3233 659 3329 713 καὶ
3370 659 3783 728 καταπατήσεις

2208 757 2395 811 λέοντα
2414 757 2508 810 καὶ
2527 756 2813 829 δράκοντα.
2844 773 2863 805 ι
2892 752 3130 815 Ταύταις
3154 751 3183 803 6
3203 748 3448 812 διάὁολος
3468 749 3527 802 ὲν
3541 746 3620 818 τῷ
3638 746 3786 801 κατά

2206 848 2300 902 τοῦ
2334 847 2756 921 Σωτῆροςὴμῶν
2789 843 3082 917 πειρασμῷ
3113 842 3378 914 κέχρηται
3398 842 3518 904 ταῖς
3544 839 3780 905 λέξεσιν.

2211 941 2349 1013 Ὅρα
2380 940 2444 1013 δὴ
2477 936 2570 994 οῦν
2598 941 2719 995 τίνα
2736 939 2936 1011 τρόπον
2974 938 3003 991 6
3048 935 3262 1006 ψαλμὸς
3303 932 3441 1004 πρὸς
3480 931 3643 986 αὐτὸν
3686 930 3782 984 τὸν

2210 1032 2410 1104 Κύριόν
2468 1050 2665 1104 φησιν’
2709 1051 2729 1084 ι
2777 1032 2901 1085 Ὀτι
2937 1030 3002 1083 σὺ
3028 1070 3043 1095 ,
3075 1028 3276 1099 Κύριε,
3310 1025 3467 1089 ἐλπίς
3504 1041 3642 1095 μου,
3688 1022 3781 1077 τὸν

2211 1127 2470 1196 Ὕψιστον
2493 1126 2615 1179 ἔθου
2647 1124 2966 1194 καταφυγήν
3004 1138 3118 1175 σου.
3157 1140 3174 1172 ι
3214 1119 3286 1173 Σὺ
3315 1119 3423 1190 γὰρ
3449 1116 3631 1179 αὐτὸς,
3670 1133 3777 1186 φηυ

2211 1212 2315 1277 civ,
2343 1214 2376 1283 ἠ
2403 1213 2507 1284 ἐμὴ
2537 1212 2711 1277 ἐλπὶς,
2739 1206 2785 1265 ὦ
2804 1210 2998 1281 Κύριε,
3049 1208 3267 1281 μείζονα
3294 1205 3513 1271 σαυτοῦ,
3535 1205 3624 1259 τὸν
3644 1203 3779 1258 Θεὸν

2208 1304 2370 1357 αὐτὸν
2397 1304 2487 1356 τὸν
2517 1303 2736 1373 ὕψιστον
2774 1304 2866 1357 καὶ
2894 1303 2987 1355 ἐπὶ
3023 1302 3238 1355 πάντων
3293 1300 3389 1353 καὶ
3432 1296 3629 1353 σαυτοῦ
3663 1298 3779 1351 Πα-

2209 1396 2359 1467 τέρα.
2394 1396 2713 1467 καταφυγὴν
2736 1395 2888 1449 ἔθου·
2916 1394 2982 1448 δι’
3006 1394 3065 1449 δν
3095 1394 3157 1447 ού
3188 1390 3608 1465 προσελεύσεται
3632 1388 3778 1442 κακά

2211 1484 2346 1554 πρὸς
2374 1484 2466 1544 σὲ,
2495 1482 2631 1555 πρὸς
2666 1483 2725 1536 σὲ
2769 1483 2859 1536 τὸν
2898 1483 3029 1554 ἐμὸν
3062 1481 3299 1552 Κύριον,
3334 1480 3426 1533 καὶ
3457 1477 3651 1549 μάστιξ
3676 1479 3776 1531 οὐκ

2209 1576 2382 1643 ὲγγιεί
2411 1575 2488 1645 τῷ
2521 1574 2835 1645 σκηνώματί
2858 1591 2970 1628 σου.
3007 1593 3026 1625 ι
3050 1573 3172 1627 Κᾶν
3202 1572 3314 1644 γὰρ
3342 1571 3558 1635 ἀσεϐεῖς
3583 1569 3776 1640 ἄνδρες

2211 1666 2602 1737 ἐπιχειρήσωσι
2657 1664 3154 1737 ὲνανθρωπήσαντά
3205 1680 3267 1716 σε
3320 1661 3634 1735 μαστίζειν,
3669 1659 3774 1715 κᾶν

2209 1755 2288 1827 τῷ
2321 1756 2534 1828 θανάτῳ
2565 1757 2943 1830 παραδιδόναι,
2970 1757 3083 1811 ἀλλ’
3102 1756 3222 1810 οῦτι
3251 1772 3315 1823 γε
3348 1757 3383 1825 ἡ
3416 1756 3480 1807 ὲκ
3509 1752 3644 1809 Θεοῦ
3672 1753 3773 1825 μάν

539 1844 767 1936 ασεὰετε,
798 1874 903 1930 etsi
943 1874 1103 1929 morti
1130 1873 1365 1939 tradere,
1420 1873 1733 1943 neutiquam
1788 1844 1977 1927 tamen
2000 1870 2097 1927 lla-

2207 1849 2321 1914 στιξ
2338 1848 2415 1920 τῷ
2436 1848 2514 1919 σῷ
2536 1851 2850 1920 προσεγγιεῖ
2872 1846 3207 1919 σκηνώματι,
3232 1846 3374 1900 τοῦτ’
3392 1846 3507 1899 ἐστι
3531 1844 3771 1915 σώματι,

538 1964 758 2035 gellum,
795 1965 939 2035 quod
985 1981 1016 2020 a
1044 1965 1154 2021 Deo
1180 1976 1285 2031 est,
1315 1974 1411 2021 tuo
1452 1966 2103 2036 appropinquabittaber—

538 2042 759 2120 naculo,
779 2056 882 2113 hoc
898 2064 1000 2121 est,
1036 2066 1131 2112 tuo
1159 2058 1398 2128 corpori,
1449 2073 1558 2128 quo
1610 2057 1862 2112 videlicet
1883 2068 2107 2127 prapter

538 2161 640 2221 nos
672 2145 833 2203 homo
867 2146 1067 2215 factus,
1109 2148 1334 2204 indutus
1381 2166 1461 2205 es.
1490 2149 1573 2204 Ad
1604 2149 1854 2205 eumdem
1880 2148 2101 2204 modum

536 2238 977 2294 accommodabis
1044 2239 1115 2303 ei,
1148 2255 1268 2310 quae
1327 2241 1381 2295 in
1441 2247 1554 2297 toto
1583 2241 1793 2311 psalmo
1824 2240 2101 2304 dicuntur,

534 2343 655 2401 qua:
678 2342 811 2397 sane
845 2345 946 2385 nos
979 2346 1195 2405 quoque
1216 2346 1316 2390 suo
1357 2340 1599 2405 tempore
1633 2330 2021 2404 disquiremus,
2053 2339 2108 2387 et

534 2414 1043 2495 contemplabimur.

1095 2532 1327 2595 CAPUT
1375 2533 1539 2603 xxu.

532 2618 609 2679 Ab
640 2620 789 2679 Osee.
806 2625 969 2682 —De
991 2623 1099 2680 Deo
1140 2625 1304 2682 Verbo
1320 2637 1369 2682 et
1400 2624 1583 2692 Patre,
1613 2613 1748 2684 sicut
1773 2627 1836 2682 de
1860 2626 2107 2711 Domino,

605 2799 625 2833 ι
653 2780 773 2838 Non
823 2783 1195 2855 derelinquam
1249 2793 1309 2839 ut
1355 2786 1561 2842 deieam
1604 2785 1795 2849 Jacob,
1845 2788 2103 2858 quoniam

2204 1937 2234 1990 ὸ
2278 1936 2516 2008 δηλονότι
2570 1938 2635 1991 δι’
2691 1940 2840 2009 ἡμᾶς
2879 1937 3304 2010 ὲνανθρωπήσας
3362 1934 3772 2007 περιϐέδλησαι.

2206 2027 2427 2091 Τούτοις
2459 2029 2764 2094 ἀκολούθως
2795 2030 3125 2101 ζεφαρμόσεις
3162 2027 3313 2098 αύτῷ
3341 2028 3410 2081 τά
3434 2027 3503 2080 δι’
3527 2026 3650 2081 ὅλου
3684 2025 3772 2081 τοῦ

2204 2115 2418 2187 ψαλμοῦ
2444 2118 2745 2189 δηλούμενα
2761 2161 2777 2186 ,
2811 2118 2847 2173 ἃ
2874 2120 2968 2175 καὶ
2983 2120 3137 2175 αὐτοὶ
3155 2118 3294 2178 κατά
3323 2118 3415 2175 τὸν
3436 2119 3633 2173 οἰκεῖον
3657 2133 3768 2173 και-

2207 2208 2301 2280 ρὸν
2339 2209 2802 2284 ἑπιθεωρὴσομεν.

2712 2526 3109 2583 ΚΕΦΔΛᾹῙΟΝ
3138 2527 3269 2581 ΚΒ⁹.

2221 2616 2364 2671 Ἀπὸ
2398 2617 2505 2671 τοῦ
2542 2614 2818 2688 Ὸσηέ.έ-
2837 2616 2973 2688 Περὶ
3024 2617 3130 2688 τοῦ
3156 2615 3303 2671 Θεοῦ
3332 2618 3525 2688 Λόγου
3549 2616 3644 2671 καὶ
3669 2614 3771 2670 τοῦ

2585 2686 2841 2753 Πατρός,
2870 2687 2950 2752 ὡς
2986 2687 3119 2753 περὶ
3152 2688 3393 2755 Κυρίου.

2283 2799 2303 2831 ι
2327 2779 2403 2834 (ιὺ
2430 2778 2503 2851 μὴ
2520 2778 2893 2848 ἐγκαταλείψω
2916 2779 3010 2831 τοῦ
3034 2778 3406 2849 ἐξαλειφθῆναι
3431 2778 3523 2831 τὸν
3556 2775 3766 2840 Ἰακὼϐ,

532 2869 679 2929 Deus
700 2890 800 2946 ego
835 2891 978 2943 sum,
1003 2864 1187 2933 etnon
1220 2877 1386 2932 homo
1431 2879 1485 2932 in
1542 2886 1594 2933 te
1634 2888 1880 2943 sanctus,
1912 2887 1966 2936 et
1994 2894 2097 2935 non

2205 2871 2287 2926 δτι
2323 2870 2456 2935 Θεὸς
2483 2868 2593 2939 ἐγώ
2628 2873 2771 2940 εἰμι,
2806 2869 2900 2924 καὶ
2925 2870 3025 2923 οὐκ
3053 2869 3332 2942 ἄνθρωπος
3373 2870 3431 2921 ἐν
3473 2869 3554 2921 σοὶ
3595 2867 3765 2935 ἅγιος

532 2967 810 3037 ingrediar
861 2967 919 3023 in
978 2968 1259 3023 civitatem
1318 2984 1331 3019 :

1395 2975 1517 3039 post
1569 2968 1854 3024 Dominum
1911 2971 2107 3025 ambu-

2206 2963 2299 3018 καὶ
2332 2964 2432 3016 οὐκ
2469 2961 2844 3033 εἰσελεύσομαι
2875 2963 2955 3025 εἰς
2986 2963 3138 3015 πόλιν
3161 2979 3176 2993 ·
3227 2961 3401 3015 ὀπίσω
3438 2960 3640 3032 Κυρίου
3673 2976 3767 3012 πο-

531 3059 655 3113 labo
689 3059 757 3112 “.
789 3079 808 3111 ι
832 3058 930 3113 Hic
954 3065 1009 3115 et
1056 3075 1153 3129 per
1185 3060 1289 3114 alia
1336 3060 1420 3116 his
1447 3061 1666 3127 similia,
1689 3060 1832 3118 Deus
1864 3061 2097 3118 Verbum

2210 3052 2488 3126 ρεύσομαι.
2525 3072 2543 3104 ι
2613 3052 2873 3107 Ἐνταῦθα
2899 3052 2993 3106 καὶ
3028 3052 3116 3106 διὰ
3145 3051 3348 3106 τούτων
3380 3052 3409 3104 6
3440 3051 3571 3114 Θεὸς
3606 3050 3770 3118 Λόγος

531 3146 695 3202 homo
714 3148 910 3213 factus,
944 3149 1011 3204 ad
1042 3165 1137 3205 eos
1169 3150 1321 3213 dicit,
1355 3152 1448 3221 qui
1479 3152 1651 3206 virum
1680 3153 1897 3223 quidem
1924 3154 2103 3224 ipsum

2207 3146 2629 3217 ἔνανθρωπήσας
2701 3146 2838 3217 πρὸς
2879 3146 3006 3209 τοὺς
3045 3144 3331 3213 ἄνθρωπον
3379 3142 3537 3195 αὑτὸν
3597 3141 3769 3209 ἅγιον,

534 3249 806 3301 sanctum,
832 3256 941 3296 non
971 3249 1150 3297 autem
1179 3242 1346 3297 Deum
1376 3258 1499 3299 esse
1529 3242 1857 3300 conﬁtentur
1877 3263 1890 3299 ι
1914 3265 1931 3297 ι
1958 3245 2097 3301 Deus

2204 3236 2319 3290 ἀλλ’
2345 3238 2406 3289 οὐ
2434 3236 2565 3290 Θεὸν
2618 3231 2754 3289 εἶναι
2809 3234 3204 3307 ὁμολογοῦντας
3233 3253 3246 3267 ο
3281 3252 3300 3286 ι
3331 3234 3464 3298 Θεὸς
3490 3233 3598 3303 ἐγώ
3624 3237 3736 3304 είμι
3755 3273 3770 3295 ,

530 3347 631 3403 ego
692 3350 836 3397 sum,
889 3336 1083 3406 inquit,
1137 3343 1190 3393 et
1235 3351 1344 3391 non
1399 3336 1560 3392 homo
1591 3337 1644 3391 in
1684 3344 1739 3392 te
1766 3344 2032 3393 sanctus:
2075 3357 2095 3390 ι

530 3422 726 3479 deinde
747 3424 839 3479 ubi
874 3424 1039 3481 Deum
1081 3428 1318 3498 seipsum
1345 3428 1502 3490 dixit,
1530 3427 1813 3482 Dominum
1843 3444 1906 3483 ac
1933 3427 2101 3483 Deum

530 3523 586 3573 et
619 3515 833 3572 Patrem
873 3534 1032 3574 suum
1057 3520 1284 3583 indicat,
1320 3520 1620 3591 adiungens
1650 3539 1664 3576 :
1698 3539 1717 3572 ι
1745 3522 1878 3577 Post
1911 3521 2101 3577 Domi-

530 3623 659 3681 num
693 3606 1022 3666 ambulatio:
1067 3631 1085 3665 ι
1122 3611 1254 3666 illud
1276 3618 1459 3667 autem
1489 3627 1503 3663 :
1542 3632 1561 3664 ι
1590 3611 1712 3668 Non
1743 3613 2017 3684 ingrediar
2045 3614 2100 3669 in

531 3702 833 3771 civitatem,
866 3721 885 3755 ι
915 3703 1237 3774 abnegantis
1269 3719 1400 3759 sane
1436 3704 1597 3761 fuerit
1618 3721 1986 3771 communem,
2037 3723 2101 3763 ac

529 3793 846 3863 popularem
893 3784 1173 3848 hominum
1216 3796 1639 3866 rempublicam,
1696 3811 1725 3849 a
1782 3812 1890 3868 qua
1934 3798 2098 3853 etiam

528 3898 660 3939 suos
688 3884 988 3954 discipulos
1036 3894 1308 3949 avertens,
1354 3887 1468 3941 ait:
1516 3905 1535 3937 ‹
1571 3886 1628 3942 In
1661 3888 1805 3942 viam
1857 3891 2097 3958 gentium

526 3990 597 4028 ne
627 3974 893 4037 abieritis,
924 3982 978 4029 et
1009 3975 1065 4029 in
1111 3977 1385 4031 civitatem
1419 3976 1886 4035 Samaritanorum
1911 3995 1982 4035 ne
2011 3980 2099 4035 in-

524 4065 804 4140 tt‘aveﬁtis
832 4066 897 4120 ".
928 4085 948 4127 ι

984 4178 1147 4250 250
1178 4179 1406 4237 CAPUT
1452 4181 1639 4253 xxm.

526 4285 607 4349 Ab
642 4287 823 4362 Amos.
857 4319 926 4330 —
962 4290 1036 4344 De
1063 4290 1338 4347 Salvatore
1359 4304 1560 4359 nostro,
1594 4296 1730 4349 sicut
1761 4298 1825 4351 de
1852 4296 2093 4362 Domino,

602 4367 649 4441 et
682 4358 746 4412 de
774 4357 958 4441 Patre,
994 4362 1127 4415 sicut
1157 4363 1221 4415 de
1253 4362 1359 4417 Deo
1388 4381 1407 4417 :
1437 4377 1487 4419 et
1534 4357 1597 4419 de
1628 4365 1939 4422 Judreorum
1975 4357 2099 4440 gen:-

599 4436 667 4479 tis
695 4436 978 4486 eversione.

2203 3329 2337 3400 φησὶ
2361 3370 2375 3391 ,
2430 3330 2523 3384 καὶ¹
2573 3330 2673 3384 οὐκ
2712 3329 2997 3401 ἄνθρωπος
3030 3331 3087 3384 ὲν
3121 3330 3203 3384 σοὶ
3228 3329 3403 3398 ἅγιος·
3440 3347 3459 3381 ι
3496 3324 3615 3381 εἶτα
3644 3325 3773 3380 Θεὸν

2202 3419 2363 3472 αὑτὸν
2406 3419 2574 3473 εἰπὼν
2598 3460 2612 3483 ,
2657 3418 2746 3473 τὸν
2783 3422 2875 3473 ἐπὶ
2910 3423 3124 3476 πάντων
3153 3421 3357 3493 Κύριον
3388 3421 3478 3476 καὶ
3511 3418 3645 3473 Θεὸν
3684 3417 3774 3472 καὶ

2202 3509 2429 3581 Πατέρα
2475 3508 2638 3563 αὑτοῦ
2676 3510 2863 3579 δηλοῖ,
2914 3511 3180 3581 ἐπιλέγων
3203 3529 3217 3542 ’
3259 3531 3278 3564 ι
3319 3511 3523 3565 Ὀπίσω
3568 3509 3772 3581 Κυρίου

2202 3598 2554 3671 πορεύσομαι.
2579 3619 2597 3651 ι
2628 3599 2700 3652 Τὸ
2719 3601 2797 3664 δὲ,
2833 3619 2851 3651 ι
2883 3601 2997 3654 Ούκ
3030 3601 3405 3672 εἰσελεύσομαι
3438 3602 3516 3664 είς
3545 3599 3717 3664 πόλιν,
3750 3617 3769 3648 ι

2202 3690 2534 3763 ἀρνουμένου
2557 3688 2622 3743 ἀν
2655 3690 2740 3763 εἴη
2769 3690 2871 3761 τὴν
2896 3690 3080 3760 κοινὴν
3108 3691 3202 3743 καὶ
3220 3688 3439 3761 δημώδη
3475 3686 3775 3758 ἀνθρώπων

2200 3781 2471 3835 πολιτείαν
2493 3798 2507 3811 ·
2551 3778 2620 3854 ἦς
2655 3782 2749 3833 καὶ
2782 3783 2908 3844 τοὺς
2947 3781 3108 3845 ἰδίους
3148 3781 3397 3853 μαθητὰς
3430 3779 3773 3852 ἀποτρέπων,

2202 3871 2387 3942 φησίν·
2443 3890 2462 3924 ι
2496 3871 2591 3935 Εἰς
2613 3871 2729 3925 ὁδὸν
2754 3870 2923 3926 ἐθνῶν
2953 3871 3029 3943 μὴ
3057 3871 3359 3944 ἀπέλθητε,
3391 3872 3484 3927 καὶ
3515 3874 3597 3935 εἰς
3622 3870 3775 3924 πόλιν

2201 3964 2553 4037 Σαμαρειτῶν
2586 3963 2661 4037 μὴ
2694 3964 2988 4036 εἰσέλθητε.
3029 3982 3050 4018 ι

2706 4184 3101 4239 ΚΕΦΑΛΑῙΟΝ
3134 4184 3263 4240 KI".

2213 4296 2354 4363 Ἁπὸ
2379 4296 2484 4351 τοῦ
2518 4297 2721 4367 Ἀμώς.
2741 4326 2810 4367 -έ
2838 4296 2975 4367 Περὶ
3022 4294 3130 4349 τοῦ
3160 4295 3430 4365 Σωτῆρος
3468 4293 3655 4367 ἡμῶν,
3690 4295 3770 4362 ὡς

2270 4369 2402 4436 περὶ
2431 4363 2672 4435 Κυρίου,
2709 4363 2925 4421 καὶτοῦ
2953 4368 3203 4435 Πατρός,
3224 4363 3453 4436 ὠςὲτερξ
3476 4363 3645 4429 Θεοῦ,
3670 4367 3772 4421 καὶ

2269 4433 2378 4507 τῆς
2408 4433 2818 4492 τοῦ-Ἰουδαίων
2834 4437 3049 4501 ἔθνους
3075 4433 3519 4505 καταστροφῆς.

604 4535 624 4569 ι
662 4517 842 4574 Everti
868 4538 987 4587 vos,
1041 4524 1183 4578 sicut
1236 4526 1431 4581 evertit
1459 4525 1601 4584 Deus
1632 4526 1868 4585 Sodoma
1901 4538 1957 4586 et
1996 4530 2097 4585 Go-

2274 4549 2293 4580 ι
2322 4529 2673 4600 Κατέστρεψα
2690 4529 2853 4600 ὑμᾶς,
2880 4527 3060 4591 καθὼς
3087 4529 3449 4599 κατέστρεψεν
3474 4528 3502 4580 6
3520 4527 3652 4591 Θεὸς
3672 4527 3774 4582 Σό-

524 4611 747 4665 morrha
773 4632 786 4666 :
822 4620 876 4669 et
894 4612 1017 4669 facti
1046 4620 1181 4674 estis
1212 4620 1367 4688 quasi
1400 4621 1568 4676 torris
1599 4633 1817 4692 ereptus
1843 4640 1909 4678 ex
1946 4623 2091 4695 igne.

520 4699 587 4756 Et
608 4718 678 4757 ne
709 4704 788 4758 sic
812 4707 1029 4775 quidem
1061 4714 1309 4766 conversi
1342 4713 1476 4767 estis
1503 4712 1568 4767 ad
1615 4728 1722 4777 me,
1760 4714 1892 4770 dicit
1913 4714 2096 4769 Domi-

518 4809 624 4850 nus
640 4795 707 4847 ".
739 4815 758 4848 ι
796 4794 970 4851 Etiam
998 4799 1101 4865 hoc
1127 4801 1244 4857 loco
1270 4803 1385 4872 ipse
1410 4802 1686 4868 Dominus,
1717 4805 1882 4861 Deum
1906 4822 2097 4878 quem-

516 4885 642 4938 dam
676 4886 752 4940 ait
809 4886 1170 4946 Sodomorum
1212 4894 1514 4955 eversionis
1574 4904 1852 4952 auctorem
1896 4897 2085 4962 fuisse,

519 4990 644 5031 cum
673 4977 816 5034 alius
841 4980 910 5033 sit
963 4980 1080 5050 ipse
1129 4981 1301 5040 Filius
1327 5001 1492 5055 quam
1532 4987 1578 5042 is
1622 4988 1689 5042 de
1718 5005 1826 5059 quo
1859 4990 1973 5059 ipse
2002 4990 2087 5045 lo-

515 5069 720 5137 quitur.
743 5067 914 5127 Porro
943 5074 997 5128 in
1024 5075 1139 5145 ipsa
1166 5076 1529 5135 Sodomorum
1553 5084 1834 5136 eversione
1863 5076 1970 5137 duo
1994 5097 2091 5152 ap-

516 5171 730 5232 parent.
763 5166 982 5233 quando
1008 5169 1144 5237 pluit
1166 5168 1427 5231 Dominus
1462 5173 1639 5243 ignem
1678 5188 1706 5226 a
1741 5173 1967 5228 Domino
1994 5190 2089 5228 su-

514 5265 611 5319 per
640 5249 876 5326 Sodoma
917 5262 971 5310 et
1008 5255 1331 5321 Gomorrha.
1382 5261 1610 5327 Qualem
1663 5263 1850 5331 igitur,
1885 5263 2083 5331 inquit.

516 5341 750 5399 Sodoma
785 5348 856 5402 ob
881 5356 1066 5419 turpes
1088 5359 1253 5422 atque
1281 5355 1549 5411 absurdas
1578 5356 1909 5425 impietates,
1932 5370 2087 5410 ever-

516 5435 722 5490 sionem
751 5452 1007 5508 perpessa
1050 5447 1378 5509 sunt;'talia
1405 5462 1503 5504 vos
1531 5464 1750 5517 quoque
1785 5449 2083 5517 patiemini,

518 5537 577 5580 ac
613 5540 681 5580 ne
703 5527 783 5581 sic
816 5533 1033 5599 quidem
1088 5540 1341 5593 conversi
1397 5541 1532 5595 estis
1562 5540 1628 5595 ad
1657 5555 1760 5597 me.
1790 5541 2087 5597 Consuevit

516 5623 693 5687 autem
724 5613 1030 5690 Scriptura,
1061 5633 1276 5699 tempus
1298 5630 1540 5686 tuturum
1562 5632 1717 5703 quasi
1752 5633 2085 5703 prateritum

2200 4622 2337 4691 δομα
2377 4622 2469 4675 καὶ
2500 4621 2784 4693 Γόμορρα,
2817 4621 2911 4675 καὶ
2937 4620 3187 4690 ἐγένεσθε
3223 4619 3298 4683 ὡς
3348 4618 3501 4682 δαλὸς
3544 4619 3774 4685 ὲξεσπα-

2204 4713 2398 4783 σμένος
2428 4714 2492 4766 ὲκ
2518 4712 2706 4783 πυρός.
2746 4713 2853 4767 Καὶ
2893 4711 2997 4764 οὐδ’
3029 4711 3202 4774 οὓτως
3237 4711 3604 4783 ἐπεστρέψατε
3639 4711 3773 4782 πρός

2205 4821 2273 4875 με
2293 4844 2307 4867 ,
2333 4803 2481 4872 λέγει
2505 4803 2726 4877 Κύριος.
2770 4822 2789 4854 ι
2828 4802 3121 4858 Κάνταῦθα
3156 4803 3321 4866 αὐτὸς
3346 4805 3375 4857 6
3400 4802 3603 4875 Κύριος
3640 4802 3773 4855 Θεὸν

2202 4896 2323 4949 τινά
2345 4912 2474 4965 φησι
2500 4896 2599 4968 τὴν
2625 4896 2718 4949 ἐπὶ
2730 4894 2975 4965 Σοδόμων
2994 4894 3374 4967 καταστροφὴν
3394 4893 3770 4964 πεποιηκέναι,

2194 4988 2378 5061 ἕτερος
2408 4987 2485 5042 ὣν
2522 4988 2722 5059 δηλαδὴ
2759 4987 2851 5041 τοῦ
2892 4987 3027 5058 πρὸς
3071 4986 3235 5041 αὑτοῦ
3270 4986 3621 5057 δηλουμένου.
3665 4987 3775 5041 Καὶ

2193 5082 2251 5133 ὲν
2282 5084 2345 5153 τῇ
2398 5081 2490 5135 ὲπὶ
2516 5080 2764 5152 Σοδόμων
2796 5080 2852 5134 δὲ
2884 5083 3229 5152 καταστροφῇ
3263 5079 3355 5132 δύο
3390 5079 3585 5150 Κύριοι
3634 5095 3775 5150 παρ-

2197 5173 2433 5227 ίστανται
2450 5213 2464 5236 ,
2492 5174 2580 5226 ὅτε
2610 5173 2828 5245 ἔϐρεξεν
2850 5174 2877 5226 6
2904 5172 3104 5241 Κύριος
3134 5171 3243 5243 πῦρ
3276 5171 3424 5242 παρά
3447 5170 3649 5242 Κυρίου
3681 5172 3773 5224 ἐπί

2193 5266 2402 5337 Σόδομα
2434 5265 2527 5319 καὶ
2551 5265 2820 5335 Γόμορρα.
2861 5263 3078 5318 Ὀποίαν
3107 5262 3421 5335 τοιγαροῦν,
3470 5263 3602 5331 φησὶ
3626 5302 3641 5325 ,
3681 5261 3771 5316 διά

2193 5357 2293 5420 τὰς
2324 5357 2588 5420 ἐκτύπους
2618 5355 2937 5419 δυσσεϐείας
2986 5354 3245 5425 ὑπέμεινε
3272 5352 3653 5425 καταστροφὴν
3701 5352 3772 5407 τά

2194 5448 2399 5518 Σόδομα
2420 5488 2434 5512 ,
2473 5448 2696 5503 τοιαῦτα
2723 5450 2818 5501 καὶ¹
2848 5449 3037 5523 ὑμεῖς,
3065 5441 3110 5499 ὦ
3149 5441 3314 5511 οὗτοι,
3348 5443 3600 5498 πείσεσθε
3624 5486 3639 5507 ,
3676 5446 3773 5499 καὶ

2192 5539 2297 5593 οὐδ’
2334 5539 2507 5603 οὕτως
2556 5540 2924 5612 ἐπεστρέψατε
2981 5539 3117 5607 πρός
3161 5556 3248 5609 με.
3301 5536 3537 5607 Σύνηθες
3582 5535 3642 5590 δὲ
3705 5538 3771 5607 τῇ

2192 5633 2382 5706 Γραφῇ
2412 5631 2473 5686 τὸ
2499 5632 2691 5704 μέλλον
2729 5614 2813 5697 ὡς
2841 5628 3210 5703 παρεληλυθὸς
3235 5628 3447 5705 δηλοῦν.
3478 5629 3642 5685 ’Ὥστε
3679 5629 3773 5684 καὶ

480 5764 485 5775 ’
583 5788 628 5823 ³³
664 5786 807 5863 Psal.
846 5799 931 5842 xc.
962 5783 1111 5840 9-l5.
1178 5787 1220 5817 "
1256 5786 1381 5843 Ose.
1415 5806 1491 5854 ix,
1524 5792 1579 5856 9,
1604 5791 1685 5847 l0.
1762 5792 1809 5824 "
1835 5790 2025 5848 Matth.
2060 5807 2112 5857 ι,
2150 5790 2203 5847 5.
2280 5791 2325 5823 “'
2354 5793 2520 5846 Amos
2550 5806 2634 5859 IV.
2668 5790 2753 5845 “-
