4110 6424
367 383 473 439 ΑΙΟὸ

1283 346 1944 419 ῡΕΜΟΝΞΤΒᾼΤιΟΝΙΞ
1976 324 2436 402 Eunaeum
2477 336 2604 394 LIB.
2639 335 2706 393 v.

3512 326 3612 382 tm}

367 504 439 557 τὰ
480 498 720 578 παρόντα
750 492 949 565 ὁμοίως
978 484 1081 559 χρὴ
1123 483 1285 547 νοεῖν,
1321 478 1452 534 ἀντὶ
1500 475 1599 549 μὲν
1621 473 1737 539 τοῦ,
1778 488 1945 572 stara:

2060 482 2268 539 ponere.
2325 464 2506 531 Quare
2556 456 2847 534 prmsentia
2908 471 3126 528 quoque
3171 452 3358 509 eadem
3409 451 3620 503 ratione

2060 564 2260 578 ____.-.
2295 554 2539 578 ,ΑλεκΛ-,ι
2591 557 2647 578 ..4
2667 550 2917 578 ..ειιηιεηηθ
2949 562 3048 578 ειη-Λ
3072 560 3138 578 nn
3189 542 3332 578 numd
3354 548 3617 578 nunt-lant-

372 562 610 667 στρέψῶ,
634 562 937 662 μέλλοντος,
966 578 1059 634 τοῦ
1080 573 1482 648 παρῳχημένου
1521 566 1837 666 εἰρημένου,
1855 562 1948 617 τοῦ

373 654 713 756 κατέστρεφα
732 697 747 711 ·
806 676 925 732 ἀντὶ
956 674 1013 726 δέ
1040 669 1154 733 τοῦ,
1185 660 1678 737 ἐπιστραφήσεσθε,
1705 654 1823 717 τοῦ,
1854 656 1952 707 ἐπ-

376 751 690 850 εστρέψατε,
713 769 985 841 κειμένου.
1002 762 1186 816 Ταῦτα
1210 760 1266 813 δὲ
1294 757 1429 829 πρὸς
1447 754 1507 809 τὸ
1520 752 1787 807 Ἰουδαίων
1802 751 1950 811 ἔθνος

380 842 745 924 ἀποτείνεται,
776 861 812 915 ἃ
842 859 935 915 καὶ
961 856 1069 911 οὐδ’
1096 852 1284 908 ἄλλοτε
1325 849 1358 919 ἢ
1403 847 1539 918 μετὰ
1562 845 1659 917 τὴν
1686 844 1829 899 κατὰ
1855 842 1948 897 τοῦ

380 960 629 1031 Σωτῆρος
656 955 814 1028 ἡμῶν
852 948 1144 1018 ἐπιϐουλὴν
1181 946 1261 1008 είς
1298 941 1494 1004 αὐτοὺς
1532 934 1854 1009 ἐπληροῦτο.
1892 935 1950 989 '0

378 1026 892 1123 γοῦν-ίερὸςμαῦτῶν
928 1043 1024 1098 καὶ
1056 1040 1119 1092 τὸ
1150 1039 1280 1109 πρὶν
1306 1034 1457 1102 ἆγιος
1485 1031 1648 1095 τόπος
1686 1031 1766 1093 εἰς
1793 1026 1950 1081 τοῦτο

379 1120 473 1197 νῦν
500 1120 784 1213 περιῆλθεν
803 1178 817 1202 ,
849 1135 925 1199 ὡς
967 1129 1109 1186 κατὰ
1148 1127 1314 1199 μηδὲν
1349 1124 1446 1194 τῆς
1488 1120 1735 1213 Σοδόμων
1781 1133 1951 1171 κατα-

380 1209 613 1307 στροφῆς
637 1209 875 1286 άποδεῖν.
923 1224 1070 1295 Πλὴν
1107 1223 1288 1292 ὅμως,
1327 1216 1528 1286 καίπερ
1565 1209 1833 1267 ἀκόλουθα
1881 1210 1949 1279 τῇ

379 1300 675 1401 προρρήσει
713 1318 1063 1380 πεπονθότες,
1089 1313 1242 1368 οῦπω
1268 1312 1361 1366 καὶ⁴
1397 1311 1477 1373 είς
1507 1304 1663 1377 δεῦρο
1686 1304 1784 1374 τὴν
1812 1300 1951 1372 πρὸς

379 1420 467 1475 τὸν
490 1415 723 1488 Χριστὸν
747 1412 842 1467 τοῦ
864 1408 1021 1473 Θεοῦ,
1055 1406 1122 1459 δι’
1147 1404 1205 1458 ὃν
1237 1400 1405 1457 ταῦτα
1435 1396 1760 1452 πεπόνθασιν
1781 1433 1796 1457 ,
1829 1394 1951 1446 ἐπι-

382 1485 619 1581 στροφὴν
659 1505 986 1572 ἐποιήσαντο
1007 1516 1024 1532 ·
1056 1498 1132 1560 ὡς
1161 1494 1384 1555 εἰκότως
1417 1490 1510 1545 καὶ
1547 1488 1704 1542 τοῦτο
1728 1485 1816 1541 διὰ
1855 1485 1951 1554 τῆς

381 1575 638 1671 εἴν-χερσὶ
680 1592 1032 1658 θεσπίζεσθαι
1076 1585 1430 1658 προφητείας,
1456 1580 1718 1651 λεγούσης
1746 1595 1760 1610 ·
1801 1596 1819 1626 ι
1844 1575 1952 1631 Καὶ

383 1692 493 1746 οὐδ’
525 1690 696 1752 οὕτως
726 1682 1094 1755 ἐπεστρέψατε
1138 1677 1273 1750 πρός
1305 1693 1396 1747 με,
1419 1674 1567 1743 λέγει
1596 1671 1817 1742 Κύριος.
1857 1686 1878 1719 ι

880 1937 1272 1998 ΚΕΦΑΛΑΙΟΝ
1331 1935 1454 1988 ΚΔν.

404 2052 535 2118 Ἆπὸ
586 2063 690 2117 τοῦ
745 2056 1022 2115 Ἀϐδειοῦ.
1057 2085 1127 2095 -
1166 2050 1305 2119 Περὶ
1362 2047 1482 2119 τῶν
1521 2045 1635 2119 δύο
1684 2042 1952 2119 γῌυρίων,

422 2113 969 2202 Υὶοῦ,
994 2123 1093 2179 καὶ
1118 2113 1376 2191 τῆς-’τῶν
1401 2115 1593 2173 ἐθνῶν
1620 2113 1917 2182 κλήσεως.

459 2262 480 2296 ι
512 2208 741 2317 Ὄρασις
784 2239 1047 2296 Ἀϐδειθῦ.
1094 2237 1233 2293 Τάδε
1264 2233 1414 2302 λέγει
1447 2233 1648 2306 Κύριος
1693 2232 1761 2302 τῇ
1801 2228 1957 2283 Ἰδου-

386 2336 540 2408 μαίᾳ⁸
572 2336 766 2409 Ἀκοὴν
786 2336 992 2407 ἥκουσα
1028 2330 1181 2404 παρὰ
1208 2329 1435 2402 Κυρίου,
1464 2325 1558 2379 καὶ
1590 2322 1847 2395 περιοχὴν
1878 2322 1959 2385 είς

382 2424 453 2478 τὰ
484 2423 608 2495 ἔθνη
639 2422 1007 2489 ἐξαπέστειλε.
1047 2441 1066 2472 ι
1105 2419 1307 2491 Κύριος
1346 2420 1373 2471 ὁ
1394 2415 1527 2478 Θεὸς
1554 2414 1724 2484 ἀκοὴν
1753 2413 1955 2483 ἢκουσε

384 2515 535 2587 παρὰ
588 2515 816 2586 Κυρίου.
861 2514 972 2568 Καὶ
1011 2512 1153 2583 αῦτη
1180 2510 1236 2563 δὲ
1279 2505 1346 2579 ἦν
1375 2505 1503 2578 περὶ
1530 2506 1628 2576 τῆς
1653 2502 1760 2558 τῶν
1788 2501 1958 2557 ἐθνῶν

385 2606 649 2678 κλήσεως.

907 2713 1298 2769 ΚΕΦΑΛΑΙΟΝ
1336 2711 1464 2765 KE’.

397 2829 528 2884 Ἀπὸ
568 2828 673 2884 τοῦ
708 2829 1024 2897 Ζαχαρίου.
1050 2856 1118 2865 —
1146 2827 1238 2891 Ὡς
1271 2828 1304 2897 ό
1340 2824 1496 2897 Θεὸς,
1524 2822 1717 2897 ᾼόγος
1747 2819 1960 2897 Κύριος

452 2898 539 3024 ἓν
580 2899 740 3025 ᾖξεὸς
785 2888 894 2954 ’ἷόῧ
948 2888 1227 2969 μείζονος(
1264 2888 1639 2950 ἀπεστάλθαι
1685 2888 1969 2959 ὁμολογεῖ

504 2988 579 3025 υο
681 3006 698 3024 .

504 2988 698 3039 υριου.

459 3123 480 3156 ι
508 3102 645 3157 Τάδε
676 3101 823 3170 λέγει
852 3099 1056 3173 Κύριος
1103 3097 1514 3169 παντοκράτωρ’
1553 3092 1758 3146 Ὀπίσω
1803 3090 1959 3162 δόξης

384 3194 693 3252 ἀπέσταλκε
728 3210 797 3265 με
827 3194 920 3247 ἐπὶ
946 3193 1015 3245 τὰ
1046 3191 1175 3263 ἔθνη
1219 3190 1287 3244 τὰ
1330 3186 1704 3243 σκυλεύσαντα
1734 3186 1897 3258 ὑμᾶς.
1934 3203 1953 3236 ι
1986 3215 2028 3271 C

385 3289 498 3345 Ε’ίτ⁴Ι
528 3290 777 3363 ἐπιφέρει
818 3289 955 3362 μετὰ
993 3287 1199 3361 βραχέα
1243 3286 1416 3355 λέγων
1438 3302 1451 3315 ·
1484 3303 1503 3336 r
1536 3283 1657 3349 Καὶ⁴
1688 3279 1961 3350 γνώσεσθε

383 3385 465 3437 ὅτι
491 3383 695 3456 Κύριος
728 3382 1121 3453 παντοκράτωρ
1154 3377 1461 3433 ἀπέσταλκέ
1497 3393 1588 3448 με.
1626 3394 1645 3427 ι
1701 3375 1765 3429 Et
1797 3373 1892 3427 xui.
1933 3372 1961 3426 6

385 3475 724 3529 ἀποστέλλων
752 3474 953 3546 Κύριός
986 3476 1103 3526 ἐστι
1156 3470 1570 3544 παντοκράτωρ,
1618 3468 1715 3522 καὶ
1763 3469 1792 3521 6
1857 3466 1963 3519 ὰπ-

385 3565 640 3621 εστάλθαι
671 3565 842 3634 λέγων
868 3563 1150 3627 ὡσαύτως,
1184 3561 1275 3615 δύο
1298 3563 1425 3634 ἄρα.
1460 3557 1655 3628 Σαφῶς
1698 3558 1755 3611 δὲ
1801 3558 1829 3610 6
1856 3557 1961 3609 ἁπ-

387 3658 753 3730 εσταλμένος,
795 3676 814 3709 ι
858 3655 1065 3727 Κύριος
1119 3653 1513 3726 παντοκράτωρ
1545 3651 1638 3704 ἐπὶ
1686 3651 1756 3704 τᾶ
1803 3649 1959 3722 ἔθνη,

389 3753 571 3823 φησὶν,
597 3749 908 3805 ἀπέσταλκε
937 3765 1026 3818 με.
1060 3766 1080 3798 ι

903 3852 1299 3910 ΚΕΦΔΛΑΙΟΝ
1337 3853 1481 3919 Kq'.

470 3972 524 4024 Ὁ
538 3970 741 4036 αὐτὸς,
775 3968 875 4022 καί
908 3967 1041 4037 περὶ
1075 3964 1187 4047 τῆς
1217 3962 1336 4018 τῶν
1372 3959 1564 4018 ἐθνῶν
1589 3957 1887 4025 κλήσεως.

465 4084 712 4155 ιΤὲρπου
751 4081 846 4135 καὶ
869 4071 1188 4149 εὐφραίνου,
1221 4074 1459 4147 θύγατερ
1491 4072 1649 4137 Σιὼν,
1683 4070 1819 4125 διότι
1854 4068 1962 4122 ἰδοὺ

387 4175 499 4245 ἐγὼ
525 4174 777 4247 ἔρχομαι,
817 4171 913 4226 καὶ
957 4168 1364 4240 κατασκηνώσω
1393 4167 1451 4220 ἐν
1483 4164 1633 4236 μέσῳ
1673 4179 1788 4225 σου,
1816 4160 1964 4232 λέγει

390 4269 615 4341 Κύριος.
650 4266 761 4321 Καὶ
790 4263 1218 4333 καταφεύξονται
1246 4261 1374 4332 ἔθνη
1406 4256 1575 4312 πολλὰ
1608 4255 1704 4310 ἐπὶ
1732 4254 1823 4307 τὸν
1848 4251 1963 4306 K6-

393 4376 507 4431 ριον
539 4362 596 4414 ἐν
622 4360 689 4429 τῇ
717 4356 898 4429 ἡμέρᾳ
924 4354 1133 4426 ἐκείνῃ·
1166 4354 1258 4407 καὶ
1282 4351 1495 4405 ἔσονται
1524 4345 1672 4417 αὐτῷ
1700 4346 1779 4408 είς
1813 4342 1960 4397 λαόν·

387 4452 481 4506 καὶ
499 4449 903 4520 κατασκηνώσω
921 4450 977 4501 ἐν
998 4447 1147 4518 μέσῳ
1175 4462 1289 4510 σου,
1317 4444 1411 4498 καὶ
1436 4441 1640 4513 γνώσῃ,
1664 4439 1747 4492 ὅτι
1763 4437 1966 4508 Κύριος

2051 564 2265 627 Oportet
2294 554 2560 624 accipere,
2591 557 2650 605 ut
2667 550 2920 605 videlicet
2949 562 3048 618 pro
3072 560 3159 612 eo,
3189 542 3334 614 quod
3354 548 3620 602 evertam,

2052 651 2219 706 futuri
2247 647 2508 719 temporis
2528 645 2732 700 dictum
2765 642 2857 706 sit,
2893 639 3088 703 everti,
3118 634 3400 709 praeteriti,
3430 640 3484 688 et
3522 647 3622 703 pro

2049 754 2137 802 eo,
2172 741 2315 808 quod
2332 745 2416 792 est
2444 731 2849 791 convertimini.
2877 727 3129 783 conversi
3152 727 3311 782 estis.
3339 723 3467 777 Haec
3493 735 3624 776 vero

2052 836 2179 885 sunt
2204 828 2270 883 ad
2292 825 2604 881 Iudaeorum
2628 832 2841 895 gentem
2868 819 3071 875 directe
3094 817 3326 888 prolata,
3357 828 3478 885 quae
3496 814 3623 882 qui-

2049 924 2172 979 dem
2202 937 2313 977 non
2346 920 2503 983 alias,
2545 931 2708 987 quam
2760 921 2882 985 post
2914 911 3085 967 factas
3127 911 3390 965 adversus
3442 904 3625 960 Salva-

2050 1021 2222 1069 torem
2249 1020 2499 1067 nostrum
2560 1006 2811 1071 insidias,
2867 1005 2921 1059 in
2978 1004 3130 1074 ipsos
3157 1001 3426 1071 completa
3473 1005 3621 1053 sunt.

2050 1103 2262 1158 Etenim
2288 1116 2444 1158 sacer
2476 1100 2723 1171 ipsorum
2760 1103 2814 1152 et
2846 1096 3000 1166 prius
3034 1101 3257 1150 sanctus
3283 1092 3438 1146 locus
3467 1089 3534 1143 ad
3572 1089 3625 1143 i'd

2054 1195 2307 1251 redactus
2331 1199 2436 1255 est,
2456 1200 2518 1246 ut
2540 1190 2689 1244 nulla
2717 1188 2771 1243 in
2815 1194 2969 1258 parte
3017 1201 3045 1240 a
3072 1184 3434 1242 Sodomorum
3471 1195 3628 1238 ever-

2053 1287 2206 1344 sione
2233 1284 2527 1355 discrepet.
2568 1280 2979 1343 Verumtamen,
3031 1279 3133 1333 etsi
3185 1291 3249 1331 ea
3292 1273 3439 1345 passi
3478 1282 3626 1334 sunt,

2052 1394 2175 1449 qum
2206 1377 2262 1431 in
2296 1375 2560 1430 vaticinio
2617 1373 2722 1428 sibi
2760 1370 3016 1442 praedicta
3035 1377 3220 1438 aperte
3266 1365 3627 1438 perspiciunt,

2052 1467 2281 1523 necdum
2318 1465 2372 1519 in
2406 1465 2552 1519 hunc
2580 1477 2755 1532 usque
2772 1460 2914 1514 diem
2959 1457 3025 1512 ad
3051 1456 3330 1512 Christum
3359 1454 3474 1519 Dei,
3502 1470 3631 1526 pro-

2054 1570 2171 1632 pter
2227 1573 2388 1632 quem
2426 1556 2558 1611 talia
2613 1552 2907 1626 pertulere,
2962 1551 3175 1621 seipsos
3221 1554 3627 1604 converterunt.

2054 1652 2237 1722 Itaque
2259 1650 2455 1705 merito
2485 1648 2556 1703 ab
2585 1663 2671 1712 ea,
2709 1661 2831 1717 qua:
2857 1660 3005 1699 nunc
3036 1643 3093 1697 in
3117 1641 3369 1696 manibus
3403 1646 3486 1694 est
3500 1654 3629 1709 pro-

2054 1741 2256 1813 phetia,
2292 1740 2343 1795 id
2374 1729 2634 1795 divinitus
2660 1736 2868 1792 dictum
2892 1740 2982 1788 est
3009 1750 3023 1786 :
3050 1749 3069 1783 ‹
3107 1732 3173 1785 Et
3207 1744 3274 1784 ne
3308 1727 3387 1783 sic
3410 1722 3628 1797 quidem

1988 1827 2030 1881 Β
2058 1831 2306 1889 conversi
2333 1830 2467 1887 estis
2494 1830 2560 1884 ad
2593 1843 2704 1892 me,
2737 1825 2873 1882 dicit
2907 1823 3195 1879 Dominus.
3224 1840 3242 1870 ι

2508 1942 2667 2013 251
2705 1938 2935 1996 CAPUT
2979 1933 3173 1991 xxw.

2056 2058 2135 2112 Ab
2163 2056 2359 2113 Abdia.
2387 2086 2459 2097 —
2491 2055 2569 2109 De
2601 2052 2805 2107 duobus
2839 2049 3103 2113 Dominis,
3145 2047 3304 2101 Patre
3343 2045 3541 2101 scilicet
3585 2052 3635 2097 et

2435 2125 2603 2190 Filio,
2627 2133 2676 2180 et
2701 2123 2933 2195 gentium
2966 2119 3255 2175 uacatione.

2132 2258 2154 2293 ‹
2188 2241 2338 2297 Visio
2362 2238 2572 2294 Abdiae.
2595 2234 2723 2291 Haec
2746 2234 2878 2289 dicit
2900 2231 3167 2288 Dominus
3199 2228 3269 2284 ad
3296 2226 3585 2283 ldumaeam
3619 2244 3633 2279 :

2057 2332 2319 2388 Auditum
2359 2329 2541 2386 audivi
2589 2344 2619 2383 a
2656 2326 2910 2388 Domino,
2943 2331 2999 2379 et
3031 2322 3390 2378 munitionem
3444 2319 3499 2375 in
3534 2332 3635 2371 na-

2059 2426 2235 2482 tiones
2280 2423 2463 2481 emisit
2487 2422 2553 2475 ”.
2596 2419 2905 2475 DDOI‘DanS
2949 2415 3093 2472 Deus
3141 2413 3387 2469 auditum
3427 2409 3639 2465 audivit

2059 2535 2090 2574 a
2133 2518 2386 2574 Domino.
2439 2514 2494 2572 ls
2538 2528 2670 2569 vero
2696 2511 2918 2568 auditus
2949 2509 3052 2564 fuit
3082 2508 3150 2565 de
3189 2505 3432 2579 gentium
3474 2515 3638 2559 voca-

2058 2609 2230 2665 tione.
3530 2612 3563 2650 ο

2639 2715 2868 2774 CAPUT
2907 2711 3074 2769 XXV.

2060 2837 2105 2890 A
2132 2835 2420 2890 Zacharia.
2445 2864 2514 2873 —
2552 2827 3009 2901 Quemadmodum
3031 2825 3187 2901 pws
3239 2820 3488 2901 Ver‘bum,
3518 2834 3639 2874 cum

2190 2907 2260 2961 sit
2291 2894 2592 2959 Dominus-
2617 2904 2839 2957 missum
2872 2916 2927 2955 se
2955 2916 2989 2952 a
3024 2896 3185 2951 Patre
3213 2894 3511 2948 conﬁtetur.

2138 3103 2159 3136 ί
2196 3082 2323 3139 Haec
2361 3082 2498 3138 dicit
2528 3079 2798 3137 Dominus
2819 3077 3167 3148 omnipotens
3202 3092 3214 3127 :
3247 3071 3379 3129 Post
3411 3069 3641 3141 gloriam

2061 3176 2212 3231 misit
2240 3190 2327 3231 me
2362 3175 2431 3230 ad
2468 3181 2679 3246 gentes,
2709 3187 2830 3242 quae
2861 3167 3186 3240 depraedatas
3220 3174 3348 3222 sunt
3390 3176 3488 3218 vos
3507 3161 3577 3214 ’⁸.
3616 3179 3635 3211 ι

2062 3266 2268 3324 Deinde
2302 3265 2549 3336 adjungit
2589 3270 2713 3334 post
2760 3275 2934 3333 pauca
2971 3300 2986 3325 ,
3018 3258 3205 3314 dicens
3244 3276 3257 3310 :
3302 3274 3320 3307 ι
3352 3254 3418 3309 Ει
3439 3266 3642 3322 cogno-

2066 3361 2233 3416 scetis
2276 3357 2425 3430 quod
2472 3356 2734 3412 Dominus
2790 3352 3140 3422 omnipotens
3196 3349 3347 3405 misit
3391 3362 3478 3402 me
3502 3345 3573 3401 ³⁸.
3615 3360 3638 3397 ι

2062 3450 2217 3519 Quod
2248 3451 2295 3506 si
2325 3452 2372 3506 is
2408 3447 2675 3504 Dominus
2701 3446 2795 3517 qui
2828 3446 3016 3511 mittit,
3054 3442 3319 3498 Dominus
3355 3447 3437 3494 est
3463 3436 3643 3493 omni-

2063 3554 2278 3615 potens,
2321 3549 2378 3597 et
2422 3541 2518 3610 qui
2563 3540 2698 3595 dicit
2734 3553 2795 3593 se
2841 3536 3071 3591 missum
3119 3548 3243 3589 esse
3291 3531 3500 3592 itidem,
3533 3527 3644 3583 duo

2065 3636 2249 3707 igitur.
2299 3631 2579 3703 Siquidem
2624 3632 2784 3701 plane
2813 3627 2905 3699 qui
2934 3627 3137 3682 missus
3178 3630 3284 3688 est,
3323 3640 3342 3673 ι
3382 3621 3645 3677 Dominus

2058 3734 2433 3802 omnipotens,
2466 3727 2665 3798 inquit,
2697 3726 2765 3781 ad
2789 3734 2977 3796 gentes
3008 3721 3159 3778 misit
3188 3734 3297 3773 me.
3335 3737 3354 3768 ι

2625 3837 2856 3893 CAPUT
2896 3833 3088 3891 XXVI.

2308 3952 2478 4018 Idem,
2510 3952 2705 4006 iterum
2740 3948 2804 4003 de
2842 3946 3112 4003 vocatione
3138 3943 3390 4013 gentium.

2139 4091 2159 4125 ι
2198 4067 2387 4124 Gaude
2411 4073 2466 4122 et
2487 4067 2694 4128 laetare,
2724 4062 2831 4118 ﬁlia
2858 4060 3012 4125 Sion,
3039 4058 3168 4130 quia
3190 4072 3319 4113 ecce
3339 4070 3441 4127 ego
3460 4056 3642 4123 venio,

2064 4169 2120 4218 et
2149 4160 2407 4219 habitabo
2442 4159 2499 4213 in
2532 4156 2712 4212 medio
2744 4153 2848 4219 tui,
2878 4152 3012 4211 dicit
3044 4148 3328 4205 Dominus.
3348 4148 3414 4202 Et
3446 4147 3645 4203 contu-
3722 4162 3725 4163 '

2064 4255 2214 4325 gient
2239 4260 2428 4323 gentes
2459 4249 2644 4304 multa:
2663 4246 2731 4301 ad
2752 4244 3042 4301 Dominum
3067 4244 3122 4298 in
3155 4243 3241 4297 die
3266 4241 3380 4303 illa,
3401 4246 3456 4297 et
3483 4250 3646 4295 erunt

2066 4346 2145 4400 illi
2168 4346 2222 4400 in
2257 4343 2540 4416 p0pulum,
2572 4348 2628 4397 et
2649 4338 2910 4395 habitabo
2936 4337 2990 4391 in
3022 4335 3203 4393 medio
3234 4335 3336 4399 tui,
3358 4341 3414 4390 et
3442 4349 3647 4404 cogno—

2067 4455 2190 4496 sces
2219 4438 2364 4508 quod
2393 4434 2659 4490 Dominus
2683 4434 3031 4502 omnipotens
3063 4428 3211 4484 misit
3240 4442 3326 4483 me
3356 4426 3425 4482 ad
3454 4433 3509 4482 te
3544 4427 3584 4491 ί,
3620 4444 3640 4477 ι

388 4518 780 4611 παντοκράτωρ
801 4533 1169 4602 ἐξαπέσταλκέ
1193 4550 1259 4604 με
1293 4531 1426 4600 πρὸς
1456 4529 1516 4582 σέ
1534 4546 1548 4561 ο
1564 4549 1581 4580 ι
1620 4528 1712 4582 καὶ
1734 4526 1800 4579 τὰ
1816 4526 1960 4597 ἑξῆς.

2067 4540 2173 4588 etc.
2215 4530 2426 4596 Quibus
2458 4533 2583 4597 post
2626 4524 2733 4578 alia
2774 4520 3024 4592 adjungit
3066 4539 3080 4576 :
3117 4538 3135 4571 ι
3172 4519 3240 4573 Et
3279 4518 3648 4577 corroboraho

389 4626 484 4695 Οἷς
513 4609 811 4701 μεθ’έτερα
838 4625 1074 4695 ἐπιλέγει
1095 4641 1107 4654 ο
1138 4643 1156 4675 ι
1180 4624 1290 4677 Καὶ⁸
1318 4622 1632 4692 κατισχύσω
1663 4618 1859 4681 αὐτοὺς
1900 4621 1958 4671 ἐν

2069 4640 2165 4680 eos
2219 4625 2273 4677 in
2319 4620 2550 4677 Domino
2600 4617 2712 4671 Deo
2764 4617 3033 4686 ipsorum,
3067 4622 3121 4669 et
3172 4612 3228 4667 in
3262 4612 3486 4667 nomine
3526 4609 3647 4679 ejus

388 4722 578 4793 Κυρίῳ
598 4720 717 4792 Θεῷ
739 4719 936 4783 αὐτῶν,
954 4718 1048 4771 καὶ
1067 4719 1124 4770 ἐν
1143 4713 1222 4785 τῷ
1242 4715 1464 4786 ὀνόματι
1483 4711 1647 4766 αὑτοῦ
1670 4711 1965 4781 καυχήσον-

385 4830 506 4879 ται,
526 4812 672 4881 λέγει
699 4810 917 4882 Κύριος.
947 4830 965 4863 ι
999 4808 1111 4861 Καὶ
1129 4806 1302 4862 ταῦτα
1329 4808 1441 4871 τοῖς
1471 4803 1754 4876 προτέροις
1778 4804 1960 4873 ὅμοια,

385 4903 484 4976 τὴν
499 4902 591 4958 τοῦ
611 4901 843 4973 Χριστοῦ
869 4904 947 4964 είς
973 4899 1069 4954 ἀνθ
1078 4899 1291 4973 ρώπους
1319 4896 1615 4968 παρουσίαν
1635 4897 1732 4952 καί
1750 4895 1848 4963 τὴν
1867 4909 1962 4956 γε-

387 4996 619 5068 νομένην
641 4992 749 5047 τῶν
774 4991 942 5046 ἐθνῶν
967 4995 1229 5061 σωτήριον
1259 4990 1326 5043 δι’
1354 4988 1515 5042 αὐτοῦ
1544 4988 1734 5058 κλῆσιν
1749 4987 1965 5054 ἀναφω-

386 5086 598 5143 νοῦντα·
621 5103 640 5137 ι
664 5081 805 5153 Ἐγὼ
824 5084 922 5153 μὲν
943 5078 1033 5136 οῦν
1045 5083 1203 5146 αὐτὸς
1225 5084 1253 5135 ὁ
1268 5081 1470 5153 Κύριος
1488 5079 1622 5151 ἥξω,
1646 5078 1828 5149 φησίν.
1846 5077 1970 5130 Ἐπὶ¹

385 5183 444 5236 δέ
465 5186 530 5254 τῇ
564 5182 671 5253 ἐμῇ
700 5180 970 5252 παρουσίᾳ
988 5178 1168 5234 οὐκέθ’
1193 5180 1221 5231 6
1249 5178 1416 5236 πάλαι
1447 5175 1682 5247 Ἰσραὴλ,
1711 5174 1819 5228 ἀλλ’
1847 5173 1967 5227 οὐδὲ

384 5276 447 5329 ῑιν
473 5276 631 5346 μόνον
663 5274 756 5327 ἐπὶ
786 5273 890 5344 γῆς
908 5272 1081 5337 ἔθνος,
1104 5272 1229 5343 ἔθνη
1258 5273 1315 5326 δὲ
1347 5270 1518 5324 πολλὰ
1537 5268 1966 5339 καταφεύξονται

387 5368 481 5420 ἐπὶ
509 5366 601 5419 τὸν
633 5365 917 5438 κρείττονα
959 5365 1054 5418 καὶ
1101 5361 1274 5435 μέγαν
1308 5362 1536 5435 Κύριον,
1584 5361 1676 5414 τὸν
1725 5359 1859 5429 ἐμοῦ
1905 5377 1965 5412 τε

387 5455 576 5520 αὐτοῦ,
608 5456 702 5509 καὶ
742 5453 851 5508 τῶν
890 5455 1027 5508 ὅλων
1059 5453 1210 5518 Θεὸν,
1245 5453 1329 5520 ἐφ’
1354 5452 1415 5506 ὃν
1450 5451 1518 5504 τὰ
1550 5449 1963 5519 καταφεύγοντα

387 5546 515 5618 ἔθνη
553 5546 818 5618 τοσαύτης
848 5546 1094 5613 τεύξεται
1136 5544 1472 5614 εὐεργεσίας,
1504 5542 1579 5605 ὡς
1621 5543 1715 5599 καὶ
1744 5558 1962 5613 χρημα-

387 5639 535 5695 τίσαι
585 5642 679 5696 καὶ
717 5637 964 5711 γενέσθαι
1023 5637 1149 5692 λαὸν
1197 5636 1369 5703 Θεοῦ,
1419 5635 1740 5706 κατοικῆσαι
1789 5651 1851 5687 τε
1908 5636 1964 5686 ἐν

2064 4718 2467 4791 gloriabuntur,
2498 4712 2633 4768 dicit
2666 4709 2929 4765 Dominus
2958 4710 3000 4763 ².
3037 4727 3056 4760 ι
3098 4705 3220 4761 Haec
3252 4720 3470 4777 quoque
3500 4705 3648 4773 prio-

2068 4810 2223 4865 ribus
2262 4806 2460 4863 similia
2493 4811 2644 4867 sunt,
2680 4817 2801 4872 quae
2823 4799 3028 4856 Christi
3062 4797 3130 4852 ad
3165 4797 3413 4851 homines
3443 4795 3648 4849 adven-

2070 4909 2209 4964 tum,
2268 4905 2324 4954 et
2379 4898 2675 4953 salutarem
2723 4892 2963 4949 futuram
3034 4889 3290 4960 gentibus
3341 4886 3502 4957 252
3551 4901 3648 4955 per

2070 4994 2247 5063 ipsum
2267 4990 2626 5051 vocationem,
2644 4987 2823 5057 palam
2843 4983 3130 5040 enuntiant
3149 4999 3193 5035 ε(
3224 4978 3340 5049 Ego
3354 4979 3518 5048 igitur
3531 4977 3649 5047 ipse

2071 5083 2336 5140 Dominus
2376 5081 2617 5146 veniam,
2651 5081 2851 5151 inquit,
2892 5086 2948 5135 et
2992 5079 3049 5132 in
3102 5091 3225 5131 meo
3256 5075 3493 5129 adventu
3535 5087 3647 5126 non

2066 5176 2301 5247 amplius
2330 5176 2421 5231 ille
2466 5175 2728 5245 antiquus
2753 5171 2919 5227 Israel
2941 5212 2957 5236 ,
2991 5186 3055 5225 ac
3089 5184 3156 5223 ne
3190 5182 3299 5223 una
3327 5165 3548 5236 quidem
3590 5165 3646 5219 in

2066 5278 2214 5323 terra
2235 5282 2392 5332 gens,
2414 5264 2511 5321 sed
2532 5265 2925 5334 multaegentes
2941 5276 3043 5316 con
3052 5258 3280 5329 fugient,
3301 5253 3368 5309 ad
3382 5264 3645 5325 praesum-

2066 5359 2260 5413 tiorem
2292 5364 2347 5412 et
2383 5370 2641 5428 magnum
2685 5352 3011 5417 Dominum,
3042 5350 3138 5420 qui
3161 5356 3217 5403 et
3250 5361 3405 5402 meus
3447 5348 3644 5417 ipsius,

2068 5458 2122 5505 et
2161 5449 2404 5504 universi
2447 5454 2533 5502 est
2578 5445 2744 5509 Deus,
2793 5444 2862 5499 ad
2906 5457 3069 5513 quem
3123 5439 3505 5511 confugientes
3541 5455 3644 5495 na.-

2070 5539 2246 5594 tiones
2305 5544 2519 5592 tantum
2572 5540 2981 5603 consequentur
3026 5529 3395 5597 beneﬁcium,
3460 5537 3522 5585 ut
3583 5537 3640 5583 et

2072 5631 2413 5703 appellentur
2442 5636 2498 5684 et
2524 5627 2645 5685 sint
2666 5625 2901 5696 populus
2931 5625 3051 5693 Dei,
3081 5634 3137 5681 et
3166 5622 3414 5681 habitent
3440 5623 3498 5679 in
3529 5637 3648 5682 mea

460 5796 503 5828 ‘7
539 5796 677 5851 Abd.
728 5812 785 5860 ι,
835 5795 878 5848 l.
955 5794 1002 5826 ⁸⁸
1033 5792 1197 5853 Zach.
1231 5808 1291 5856 ιι,
1326 5792 1384 5849 8.
1455 5791 1502 5825 ⁹⁹
1550 5788 1679 5847 ibid.
1718 5790 1768 5846 9.
1853 5789 1865 5818 '
1906 5789 1960 5845 ib

2082 5788 2171 5853 10,
2206 5786 2296 5842 Η.
2374 5786 2395 5815 ⁸
2425 5780 2591 5838 Zach.
2629 5797 2681 5846 ι,
2711 5781 2797 5836 1'2.
