4110 6422
525 372 633 429 407

1229 362 1497 423 EUSEBII
1525 356 2000 419 CAESARIENSIS
2037 356 2184 413 OPP.
2222 356 2400 412 PARS
2440 356 2502 411 II.
2542 387 2612 398 —
2647 354 3149 411 APOLOGE'I'ICA.

3653 347 3759 408 403

523 494 615 548 dio
661 489 781 562 ejus
806 506 927 560 quae
968 496 1193 542 vocatur
1209 486 1317 541 illia
1349 465 1513 540 Sion:
1534 502 1555 535 ι
1590 480 1703 552 (Sic
1747 480 1891 535 enim
1923 477 2016 532 Dei
2048 477 2082 528 it

2213 478 2360 547 μέσῳ
2401 478 2498 547 τῆς
2538 474 2875 545 καλουμένης
2922 472 3188 542 θυγατρὸς
3222 469 3378 524 Σιών.
3415 487 3436 521 s
3476 470 3653 539 (Οὕτω
3697 470 3760 524 δέ

525 585 668 634 terra
705 577 1003 632 Ecclesium
1030 616 1045 640 ,
1072 576 1227 647 quasi
1262 574 1425 628 liliam
1460 571 1745 643 quamdam
1777 571 1917 638 ejus,
1968 582 2088 638 qua:

524 669 577 723 in
625 668 765 724 coelo
802 675 906 731 est,
941 682 1112 722 sacrae
1158 664 1375 720 Littera:
1402 679 1600 719 vocare
1640 662 2086 729 consueverunt.)

525 757 674 812 lianc
707 758 872 813 etiam
904 757 1066 813 veluti
1109 757 1253 811 bono
1292 760 1485 811 nuntio
1510 756 1744 827 gaudere
1771 756 1921 824 jubet
1949 771 2089 809 ora-

523 849 727 913 culum,
757 848 984 904 dicens:
1019 866 1039 899 ι
1076 846 1264 904 Gaude
1292 856 1345 902 et
1391 850 1594 911 lmtare,
1634 847 1740 901 tilia
1784 846 1935 910 Sion,
1960 861 2087 901 ecce

523 954 619 1009 ego
659 943 848 1003 venio,
894 948 946 995 et
979 939 1235 994 habitabo
1279 940 1333 993 in
1380 940 1556 994 medio
1587 939 1683 992 tui.
1746 959 1765 991 ι
1804 940 1859 992 In
1909 939 2087 993 medio

523 1031 663 1084 enim
695 1029 953 1086 Ecclesia:
984 1028 1151 1085 Deum
1203 1030 1438 1085 Verbum
1487 1030 1732 1085 habitare
1767 1029 2041 1084 credimus
2068 1048 2081 1083 :

522 1120 979 1191 quemadmodum
1039 1121 1154 1190 ipse
1206 1122 1482 1191 pollicitus
1533 1131 1659 1183 est,
1720 1136 1843 1195 gum
1900 1120 2080 1174 dixit:

528 1229 546 1262 ι
588 1208 729 1264 Ecce
779 1226 881 1281 ego
917 1210 1197 1266 vobiscum
1248 1227 1368 1265 sum
1412 1227 1605 1266 omnes
1652 1211 1789 1275 dies,
1822 1227 1991 1279 usque
2018 1210 2084 1265 ad

522 1304 1043 1355 consummationem
1066 1301 1250 1357 steculi
1288 1302 1327 1368 ³,
1380 1325 1399 1356 ι
1435 1311 1484 1356 et
1511 1320 1523 1355 :
1551 1321 1569 1351 ι
1608 1300 1709 1356 Ubi
1739 1302 1847 1355 duo
1863 1308 1955 1353 aut
1979 1311 2087 1354 tres

521 1391 835 1461 congregati
859 1399 988 1449 sunt
1015 1392 1071 1447 in
1096 1395 1313 1447 nomine
1346 1407 1488 1454 meo,
1527 1393 1637 1446 illic
1675 1408 1793 1446 sum
1829 1394 1881 1445 in
1909 1391 2087 1445 medio

522 1482 892 1539 eorum‘u—c
930 1483 1064 1538 Cum
1102 1495 1277 1539 autem
1317 1501 1436 1554 ego,
1459 1484 1633 1554 inquit
1660 1486 1772 1554 ipse
1803 1482 2082 1549 Dominus,

522 1586 742 1639 venero,
781 1582 836 1627 et
889 1574 1145 1629 habitabo
1193 1576 1246 1629 in
1285 1576 1462 1630 medio
1500 1578 1604 1637 tui,
1636 1595 1653 1628 ι
1686 1573 1944 1643 majorem
1967 1581 2083 1628 tum

522 1665 887 1735 cognitionem
935 1665 1002 1720 de
1048 1664 1159 1719 Deo
1206 1667 1576 1735 omnipotente
1628 1667 1863 1735 accipies
1904 1683 1917 1719 :
1955 1663 2082 1718 dum

521 1769 621 1824 ego
659 1754 920 1811 Dominus
943 1771 1186 1816 causam,
1218 1772 1319 1809 cur
1349 1756 1416 1809 ad
1456 1756 1702 1809 homines
1727 1756 1929 1810 missus
1956 1754 2081 1819 sim,

2190 567 2287 638 τὴν
2321 569 2412 619 ἐπὶ
2443 566 2545 636 γῆς
2581 564 2904 634 Ἐκκλησίαν
2947 565 3039 618 τοῦ
3069 563 3240 627 Θεοῦ,
3279 562 3467 632 ῶσπερ
3496 560 3618 614 τινὰ
3663 560 3762 613 θυ-

2187 658 2395 729 γατέρα
2456 657 2819 725 τυγχάνουσαν
2871 655 2970 725 τῆς
3019 654 3363 725 ἐπουρανίου,
3423 654 3537 716 τοῖς
3590 652 3760 723 ἱεροῖς

2197 747 2483 820 Γράμμασι
2514 746 2805 800 ἀποκαλεῖν
2850 745 3045 815 φίλον.)
3094 744 3310 815 Ταύτην
3355 743 3413 797 δέ
3456 743 3549 796 καὶ
3594 744 3765 811 εὐαγ-

2185 838 2458 907 γελίζεται
2492 839 2554 891 τὸ
2578 839 2784 906 φάσκον
2819 836 3029 906 λόγιον·
3064 856 3083 887 ι
3119 838 3288 907 Χαῖρε
3322 835 3411 889 καὶ
3440 836 3760 905 εὐφραίνου,

2186 930 2420 1002 θύγατερ
2454 929 2609 994 Σιὼν,
2636 931 2766 984 διότι
2799 928 2905 981 ίδοὺ
2939 928 3187 1000 ἔρχομαι,
3221 927 3317 982 καὶ
3348 924 3760 996 κατασκηνώσει)

2186 1026 2244 1076 ἐν
2282 1023 2429 1093 μέσῳ
2464 1039 2579 1075 σου.
2614 1042 2632 1073 ι
2695 1024 2781 1075 Ἐν
2826 1021 2974 1093 μέσῳ
3016 1018 3126 1092 γὰρ
3170 1020 3268 1089 τῆς
3299 1017 3623 1089 Ἐκκλησίας
3664 1017 3759 1072 τὸν

2183 1110 2315 1164 Θεὸν
2370 1111 2539 1179 Λόγον
2587 1110 2959 1181 κατασκηνοῦν
3011 1108 3466 1179 πεπιστεύκαμεν·
3506 1108 3582 1172 ib;
3625 1107 3758 1177 γοῦν

2184 1205 2277 1258 καί¹
2309 1204 2635 1275 ἐπήγγελται
2670 1207 2848 1274 φήσας
2872 1221 2886 1234 ·
2916 1224 2935 1255 ι
2978 1204 3107 1257 ’ἰδοὺ
3148 1202 3259 1271 ἐγὼ
3291 1202 3409 1273 μεθ’
3449 1201 3603 1274 ὑμῶν
3640 1204 3758 1273 είμι

2184 1295 2360 1357 πάσας
2390 1295 2491 1357 τὰς
2522 1294 2734 1366 ἡμέρας
2765 1295 2870 1358 ἐως
2897 1295 2996 1364 τῆς
3028 1294 3333 1357 συντελείας
3357 1293 3450 1347 τοῦ
3487 1293 3700 1357 αἰῶνος·
3729 1312 3752 1347 s

2184 1387 2296 1437 καί·
2330 1386 2533 1437 «Ὅπου
2565 1383 2712 1454 δύοῆ
2735 1387 2883 1455 τρεῖς
2904 1383 3226 1453 συνηγμένοι
3258 1384 3392 1436 εἰσὶν
3424 1385 3501 1446 είς
3528 1384 3589 1436 τὸ
3621 1383 3754 1449 ἐμὸν

2182 1475 2371 1545 ὄνομα,
2386 1477 2503 1529 ἐκεῖ
2516 1478 2630 1545 εἰμι
2647 1479 2703 1529 ἐν
2719 1478 2867 1547 μέσῳ
2885 1477 3081 1531 αὐτῶν.
3097 1494 3218 1527 ›-ι
3240 1476 3482 1529 Ἐπειδὰν
3505 1476 3563 1529 δὲ
3583 1475 3712 1544 ἐγὼ,
3725 1495 3748 1528 s

2184 1566 2347 1636 φησὶν
2376 1566 2534 1629 αὐτὸς
2565 1568 2593 1619 6
2617 1566 2839 1637 Κύριος,
2864 1584 2881 1615 ι
2917 1564 3085 1619 ἐλθὼν
3101 1564 3501 1636 καταςίηῖιώσω
3527 1568 3585 1620 ὲν
3604 1567 3751 1636 μέσῳ

2186 1673 2301 1719 σου,
2326 1678 2343 1707 ι
2387 1655 2606 1726 μείζονα
2632 1658 2752 1709 τότε
2779 1657 2978 1724 γνῶσιν
3010 1659 3137 1727 περὶ
3164 1658 3257 1710 τοῦ
3288 1657 3420 1712 θεοῦ
3445 1658 3750 1729 παντοκρά-

2183 1766 2340 1817 τορος
2386 1749 2658 1821 ἀναλήψῃ,
2688 1750 2823 1820 ἐμοῦ
2858 1749 2952 1802 τοῦ
2983 1750 3187 1822 Κυρίου
3215 1752 3314 1822 τὴν
3343 1752 3518 1805 αἰτίαν
3542 1752 3640 1822 τῆς
3671 1755 3750 1816 είς

522 1844 667 1901 Patri
716 1848 806 1916 qui
846 1848 991 1901 misit
1023 1862 1129 1912 me,
1150 1847 1439 1902 attribuant
1467 1866 1480 1901 :
1519 1866 1537 1898 ι
1568 1848 1875 1917 Cognosces
1901 1854 2081 1902 autem

2186 1839 2501 1912 ἀνθρώπους
2520 1843 2821 1913 ἀποστολῆς
2850 1841 3189 1907 ἀνατιθέντος
3217 1843 3296 1914 τῷ
3320 1842 3750 1907 ἐξαποστείλαντί

521 1936 665 2006 quod
711 1935 969 1991 Dominus
1008 1937 1354 2006 omnipotens
1396 1936 1544 1991 misit
1584 1951 1671 1990 me
1712 1936 1779 1990 ad
1824 1943 1895 1989 te.
1941 1954 1961 1987 ι
2005 1935 2085 1988 Ac

520 2022 778 2093 deinceps
807 2024 863 2077 in
894 2024 1039 2078 lin-nc
1065 2040 1198 2079 sane
1223 2025 1441 2079 modum
1472 2025 1589 2094 ipse
1616 2024 1878 2080 Dominus
1908 2025 2075 2094 loqui-

520 2116 645 2162 tur:
675 2129 694 2160 ι
730 2109 794 2163 Et
811 2112 1182 2167 corroborabo
1210 2127 1305 2169 eos
1339 2113 1392 2167 in
1421 2112 1651 2169 Domino
1680 2114 1787 2168 Deo
1812 2114 2079 2185 ipsorum,

519 2206 573 2251 et
603 2199 657 2254 in
687 2202 907 2257 nomine
941 2202 1113 2273 ipsius
1148 2203 1550 2275 gloriabuntur,
1574 2206 1705 2261 dicit
1734 2204 2019 2262 Dominus.
2057 2226 2076 2258 ι

519 2285 624 2344 Sed
655 2292 749 2360 qui
779 2292 995 2349 tandem
1031 2301 1161 2350 sunt
1188 2295 1280 2365 qui
1304 2296 1359 2348 in
1393 2294 1623 2351 Domino
1652 2296 1989 2368 gloriantur?

1064 2467 1291 2524 CAPUT
1318 2468 1529 2526 XXVII.

518 2576 671 2645 Quod
704 2592 889 2630 rursus
922 2577 1175 2651 Dominus
1204 2580 1267 2651 de
1311 2580 1418 2634 alio
1457 2582 1706 2651 quodam,
1750 2592 1955 2639 constat
1982 2598 2079 2641 att-

2186 1949 2253 2002 με
2284 1933 2473 2003 Πατρί.
2506 1951 2524 1983 ι
2556 1935 2594 1985 Γ
2597 1934 2742 2007 νώσῃ
2766 1934 2843 1998 δὲ,
2873 1935 2954 1988 ὅτι
2986 1935 3187 2005 Κύριος
3219 1936 3613 2007 παντοκράτωρ
3646 1938 3752 1990 ἀπ-

2183 2023 2410 2078 έσταλκε
2460 2041 2528 2094 με
2548 2025 2681 2097 πρὸς
2716 2025 2795 2078 σέ.
2827 2045 2845 2077 ι
2884 2027 2992 2078 Kal.
3029 2027 3152 2096 ἑξῆς
3182 2027 3308 2096 περὶ
3345 2027 3531 2097 ἐτέρου
3552 2027 3748 2098 Κυρίου

2185 2114 2279 2167 καὶ
2302 2113 2437 2166 Θεοῦ
2476 2109 2576 2168 ὧδέ
2620 2133 2738 2180 πως
2783 2117 2945 2179 αὐτὸς
2977 2119 3005 2169 6
3029 2116 3231 2187 Κύριος
3276 2116 3552 2186 ἐπιλέγει·
3595 2137 3614 2169 ι
3644 2119 3745 2170 Kal

2191 2206 2500 2277 κατισχύσω
2537 2208 2732 2272 αὐτοὺς
2772 2211 2830 2263 ἐν
2852 2210 3040 2280 Κυρίῳ
3068 2209 3187 2278 Θεῷ
3224 2209 3423 2273 αὐτῶν,
3451 2211 3541 2264 καὶ
3583 2213 3639 2263 ἐν
3668 2209 3741 2279 τῷ

2180 2296 2404 2367 ὀνόματι
2453 2298 2615 2352 αὑτοῦ
2657 2301 3048 2371 καυχήσονται,
3088 2300 3235 2368 λέγει
3272 2302 3541 2375 Κύριος.)
3590 2301 3741 2363 Τίνες

2180 2387 2239 2443 δὲ
2265 2385 2331 2441 ἂν
2359 2383 2468 2441 εἷεν
2503 2390 2552 2442 οἱ
2580 2391 2637 2443 ἐν
2669 2389 2746 2459 τῷ
2770 2391 2958 2460 Κυρίῳ
2985 2390 3359 2460 καυχώμενοις

2689 2482 3078 2535 ΚΕΦΑΛΔῙΟΝ
3117 2484 3242 2536 ΚΖ’.

2193 2593 2290 2661 Ὠς
2314 2589 2487 2662 αὖθις
2520 2597 2734 2663 Κύριος
2766 2595 2897 2663 περὶ
2928 2594 3133 2661 ἐτέρου
3162 2596 3402 2663 Κυρίου,
3437 2593 3630 2661 δῆλον
3656 2592 3743 2660 δὲ,

821 2655 922 2700 tem
945 2648 1083 2719 quod
1112 2649 1175 2703 de
1196 2648 1362 2705 Patre
1384 2648 1478 2705 suo
1513 2652 1766 2722 loquitur.

2265 2648 2281 2661 ’
2359 2648 2616 2733 ὄτίπερῖ
2636 2648 2741 2719 toi?
2768 2648 3568 2734 ΙΙᾶτρὸς-Ῠῖιῦντοιῗι,’ὃιέιίξιειονίν⁸

593 2777 611 2810 ι
631 2758 697 2813 Et
716 2761 952 2816 ostendit
974 2762 1104 2818 mihi
1130 2761 1389 2820 Dominus
1407 2762 1591 2821 Iesum
1617 2768 1949 2824 sacerdotem
1968 2784 2082 2824 ma-

2255 2777 2395 2831 tKul.
2423 2775 2592 2841 ἔδειξέ
2625 2794 2715 2847 μοι
2748 2776 2948 2848 Κύριος
2983 2776 3186 2849 Ἰησοῦν
3222 2776 3312 2829 τὸν
3349 2775 3497 2845 ἱερέα
3529 2773 3622 2829 τὸν
3647 2771 3746 2844 μι-

516 2868 704 2924 gnum,
741 2864 975 2913 stantem
1006 2866 1132 2914 ante
1162 2858 1354 2914 faciem
1387 2863 1563 2927 angeli
1596 2863 1845 2930 Domini,
1879 2872 1935 2920 et
1963 2865 2081 2919 dia-

2186 2883 2303 2935 γαν,
2337 2866 2549 2922 ἑστῶτα
2603 2868 2711 2939 πρὸ
2752 2867 3042 2939 προσώπου
3084 2868 3315 2938 ἀγγέλου
3361 2866 3599 2937 Κυρίου·
3642 2863 3741 2918 καὶ

515 2946 676 3002 bolus
707 2949 886 3004 stabat
923 2966 954 3005 a
987 2951 1197 3009 dextris
1225 2953 1365 3022 ejus,
1404 2965 1462 3010 ut
1493 2956 1875 3013 adversaretur
1910 2960 1981 3013 ei.
2012 2958 2078 3013 Et

2186 2958 2470 3023 ΰδιάσολος
2501 2962 2739 3032 εἱστήκει
2767 2962 2831 3013 ἐκ
2860 2959 3045 3024 δεξιῶν
3085 2958 3271 3025 αὐτοῦ,
3298 2958 3390 3011 τοῦ
3415 2956 3741 3011 ἀντικεῖσθαι

518 3037 653 3092 dixit
692 3037 956 3095 Dominus
984 3040 1052 3094 ad
1078 3039 1354 3096 diabolum
1388 3062 1400 3098 :
1433 3042 1683 3115 lncrepet
1713 3044 1978 3101 Dominus
2021 3045 2077 3101 in

2186 3051 2343 3123 αὐτῷ.
2381 3052 2491 3105 Καὶ
2525 3048 2644 3105 εἷπε
2678 3051 2878 3124 Κύριος
2931 3052 3066 3124 πρὸς
3109 3051 3200 3104 τὸν
3230 3049 3500 3104 διάϐολον·
3546 3048 3747 3100 Ἐπιτι-

515 3134 590 3191 te,
614 3127 846 3191 diabole,
875 3137 930 3184 et
969 3129 1212 3201 increpet
1259 3130 1521 3187 Dominus
1569 3133 1626 3186 in
1660 3140 1734 3198 te,
1780 3134 1872 3203 qui
1918 3133 2078 3203 elegit

2186 3140 2349 3212 μήσαι
2378 3142 2580 3213 Κύριος
2616 3142 2673 3194 ἐν
2702 3143 2802 3207 σοὶ,
2826 3140 3056 3203 διάϐολε,
3089 3142 3182 3193 καὶ
3208 3140 3523 3210 ἐπιτιμήσαι
3547 3135 3747 3206 Κύριος

516 3219 677 3291 253
723 3219 1022 3277 Jerusalem
1063 3225 1105 3280 ⁸.
1160 3245 1179 3277 ι
1232 3223 1444 3281 Rursus
1497 3225 1600 3280 hoc
1652 3225 1769 3281 loco
1817 3224 2078 3281 Dominus

2186 3233 2239 3286 ἐν
2269 3234 2371 3295 σοὶ,
2400 3236 2429 3287 6
2461 3232 2816 3302 ἐκλεξάμενος
2845 3233 2944 3303 τὴν
2987 3232 3355 3305 Ἰερουσαλήμ.
3391 3249 3410 3282 ι
3451 3229 3617 3284 Πάλιν
3655 3227 3749 3281 καὶ

518 3313 683 3365 alium
704 3314 989 3383 quemdam
1020 3316 1432 3387 objurgaturum
1465 3318 1540 3372 ait
1570 3321 1745 3388 ipsum
1780 3317 2077 3380 diabolum,

2186 3322 2412 3377 ἐνταῦθα
2472 3325 2501 3377 6
2545 3324 2750 3395 Κύριος
2800 3324 2984 3396 ἕτερον
3028 3324 3234 3397 Κύριον
3280 3322 3622 3392 ἐπιτιμήσειν
3670 3317 3750 3389 τῷ

518 3403 609 3455 ubi
650 3418 782 3460 sane
807 3421 914 3461 non
940 3407 1078 3477 ipse,
1102 3409 1195 3480 qui
1226 3410 1467 3480 loquitur
1494 3408 1781 3475 Dominus,
1811 3409 2078 3479 increpat,

2186 3417 2408 3488 διαϐόλῳ
2436 3418 2620 3487 φησιν,
2649 3417 2745 3487 οὐχ
2778 3419 2806 3469 6
2830 3415 3348 3488 προσδιαλεγόμενος
3379 3413 3581 3483 Κύριος.-
3627 3414 3751 3466 ἐπι-

516 3492 613 3547 sed
637 3495 866 3550 alterum
892 3510 1158 3554 memorat
1179 3523 1190 3556 :
1220 3503 1422 3572 quibus
1448 3502 1628 3558 verbis
1652 3503 1809 3573 plane
1828 3510 2081 3559 constare

2186 3509 2376 3580 τιμῶν,
2405 3509 2519 3565 ἀλλ’
2557 3510 2743 3579 ἐτέρου
2771 3508 3120 3581 μνημονεύων
3142 3507 3367 3579 Κυρίου·
3397 3505 3463 3560 δι’
3484 3498 3558 3558 ὧν
3586 3504 3751 3576 ἠγοῦ-

518 3584 752 3641 arbitror
774 3587 1289 3648 demonstrationem
1321 3592 1387 3648 de
1424 3593 1637 3649 duabus
1672 3597 1942 3663 personis,
1971 3608 2081 3649 uno

2186 3620 2284 3673 μαι
2316 3602 2502 3672 σαφῶς
2540 3600 2902 3674 παρίστασθαι
2952 3602 3079 3671 περὶ
3112 3600 3220 3653 τῶν
3260 3599 3353 3652 δύο
3380 3598 3619 3669 Κυρίων,
3653 3595 3750 3649 τοῦ

515 3671 696 3740 Patre,
722 3677 892 3733 altero
918 3694 983 3735 eo
1001 3683 1094 3752 qui
1126 3697 1155 3735 a
1178 3681 1338 3738 Patre
1358 3685 1598 3739 omnium
1621 3700 1742 3754 qua:
1769 3683 1908 3739 facta
1930 3692 2078 3751 sunt,

2186 3671 2394 3766 Πατρὸς
2436 3694 2529 3746 καὶ
2554 3671 2688 3746 Θεοῦ
2735 3692 2843 3746 τῶν
2877 3691 3034 3755 ὅλων,
3068 3692 3160 3744 καὶ
3196 3689 3290 3743 τοῦ
3338 3688 3477 3761 μετά
3520 3688 3611 3741 τὸν
3635 3688 3752 3741 Πα-

515 3773 837 3835 potestatem
875 3783 939 3825 ac
978 3772 1402 3831 dominationem
1426 3776 1716 3845 acceperit.
2181 3786 2317 3856 τέρα
2358 3784 2455 3857 τὴν
2488 3785 2630 3839 κατὰ
2678 3785 2895 3838 πάντων
2942 3784 3050 3837 τῶν
3076 3783 3347 3856 γεννητῶν
3386 3782 3609 3854 κυρείαν
3656 3780 3754 3835 καὶ

2183 3874 2502 3928 δεσποτείαν
2534 3872 2865 3944 διειληφότος
2898 3872 3188 3939 ἀπόδειξιν.

2683 3985 3075 4040 ΚΕΦΑΛΔῙΟΝ
3123 3987 3258 4041 ΚΗ’.

2195 4098 2338 4153 Ἀπὸ
2386 4099 2495 4153 τοῦ
2543 4100 2876 4168 Μαλαχίου.
2908 4129 2977 4140 -—-
3013 4099 3107 4165 Ὠς
3156 4098 3413 4168 ἄγγελον
3458 4095 3754 4164 Διαθήκης

2253 4170 2360 4221 τὸν
2389 4170 2669 4237 Χριστὸν,
2704 4173 2810 4221 τὸν
2843 4168 3030 4223 αὐτόν
3056 4169 3125 4222 δὲ
3161 4172 3260 4224 καί
3292 4170 3509 4237 Κύριον
3535 4171 3569 4222 ό
3595 4183 3745 4220 παν-

2253 4239 2547 4306 τοκράτωρ
2576 4238 2721 4305 Θεὸς
2747 4238 3053 4294 ἀποκαλεῖ.

1053 3952 1280 4010 CAPUT
1305 3955 1542 4013 XXVIII.

515 4067 557 4119 Α
587 4063 879 4143 Ιαίαείιὶᾳ.
898 4069 1142 4143 --ρυοιι
1164 4072 1407 4140 angelum
1438 4073 1757 4129 Testamenta“
1784 4074 2079 4143 Christum,

616 4147 667 4189 et
694 4138 930 4191 eumdem
958 4137 1252 4195 Dominum
1275 4143 1598 4211 ontnipotens
1631 4144 1772 4200 Deus
1802 4156 1973 4203 vocat.

589 4344 610 4379 ι
644 4326 784 4385 Ecce
830 4343 932 4399 ego
964 4332 1117 4386 mitto
1158 4333 1408 4401 angelum
1457 4351 1659 4401 meum,
1689 4346 1743 4393 et
1788 4341 2082 4411 prospiciet

2259 4371 2277 4403 ι
2322 4352 2451 4405 Ἰδοὺ
2487 4351 2862 4419 ἐξαποστέλλω
2885 4352 2976 4404 τὸν
3007 4351 3237 4421 ἄγγελόν
3264 4368 3386 4422 μου,
3415 4351 3504 4403 καὶ
3532 4348 3755 4403 ἐπιϐλέ-

509 4419 655 4472 viam
689 4428 815 4475 ante
844 4420 1036 4476 faciem
1071 4439 1269 4490 meam,
1299 4433 1353 4481 et
1382 4435 1603 4497 repente
1633 4430 1812 4483 veniet
1851 4433 1918 4485 ad
1944 4439 2081 4485 tem-

2186 4445 2341 4515 ψεται
2372 4444 2491 4499 ὁδὸν
2526 4444 2632 4516 πρὸ
2656 4443 2946 4519 προσώπου
2976 4419 3101 4516 μου,
3122 4447 3216 4499 καὶ
3242 4419 3496 4515 ἐξαίφνης
3520 4443 3640 4515 ἣξει
3675 4444 3759 4507 είς

510 4510 660 4580 plum
690 4508 970 4582 Dominus,
1002 4531 1164 4585 quem
1205 4533 1304 4573 vos
1337 4520 1603 4588 quaeritis,
1635 4528 1689 4576 et
1721 4523 1948 4594 angelus
1976 4523 2080 4580 Te-

2186 4505 2273 4591 τδν
2306 4537 2432 4591 ναὸν
2460 4505 2682 4608 Κύριος,
2704 4505 2773 4590 ’ὃν
2797 4538 2954 4606 ὑμεῖς
2976 4505 3220 4608 ζητεῖτε,
3239 4505 3331 4591 καὶ
3353 4505 3386 4589 ό.
3406 4505 3631 4606 ἄγγελος

508 4604 786 4674 stamenti,
804 4623 962 4677 quem
986 4625 1083 4666 vos
1109 4611 1292 4676 vultis,
1317 4626 1444 4667 ecce
1473 4614 1641 4681 venit,
1663 4615 1793 4670 dicit
1817 4615 2080 4672 Dominus

2186 4625 2477 4696 Δια-θήκης,
2508 4604 2567 4677 ὃν
2596 4624 2752 4695 ὑμεῖς
2789 4604 2991 4677 θέλετε.
3034 4604 3165 4678 λιδοὺ
3194 4626 3431 4696 ἔρχεται,
3456 4604 3613 4694 λέγει
3647 4604 3758 4679 Κύο

510 4697 894 4767 omnipotens,
944 4711 998 4756 et
1060 4703 1183 4773 quis
1239 4706 1532 4761 sustinebit
1584 4707 1726 4763 diem
1798 4709 2079 4779 ingressus

2186 4734 2299 4790 ριος
2334 4717 2749 4789 παντοκράτωρ,
2785 4717 2880 4769 καὶ
2903 4715 2987 4780 τις
3018 4717 3281 4788 ὑπομενεῖ
3310 4718 3521 4790 ἡμέραν
3550 4718 3762 4773 εἰσόδου

509 4789 706 4887 ejus‘?
734 4810 755 4843 ι
784 4790 957 4847 Etiam
972 4795 1084 4850 haec
1101 4797 1597 4887 prioribussimilia
1623 4809 1769 4857 sunt.
1800 4802 1920 4874 Ipse
1933 4804 2076 4859 enim

2186 4789 2341 4862 αὐτοῦ
2360 4823 2374 4871 ;
2395 4825 2413 4856 ι
2435 4807 2633 4877 Ὅμοια
2654 4806 2748 4859 καὶ
2776 4804 2946 4861 ταῦτα
2964 4808 3073 4869 τοῖς
3096 4806 3401 4880 προτέροις.
3426 4789 3630 4877 Κύριος
3651 4806 3763 4877 γάρ

507 4875 770 4979 Dominus
792 4879 936 4937 Deus
967 4886 1328 4956 omnipotens,
1358 4875 1644 4945 Dominum
1678 4902 1968 4948 venturum
2002 4897 2080 4950 ait

2186 4900 2343 4962 αὐτὸς
2374 4901 2403 4952 6
2438 4875 2570 4963 Θεδς
2599 4900 2994 4972 παντοκράτωρ
3025 4875 3173 4970 ἥξειν
3203 4875 3366 4969 φησὶν
3400 4901 3479 4961 είς
3511 4875 3600 4953 τὸν
3634 4875 3764 4954 ναὸν

506 4971 565 5022 in
598 4971 859 5040 templum
892 4988 1076 5041 suum,
1105 4978 1321 5031 interim
1353 4978 1422 5033 de
1455 4980 1561 5035 alio
1593 4982 1821 5052 loquens
1856 5000 1869 5035 :
1909 4986 2079 5052 signi-

2186 4990 2346 5045 αὑτοῦ
2378 4990 2614 5062 Κύριον,
2645 4992 2772 5061 περ)⁸
2806 4971 2992 5064 ἐτέρου
3025 4990 3220 5059 λέγων.
3250 4990 3411 5060 Δηλοῖ
3439 4990 3497 5043 δέ
3529 4990 3641 5063 ἀρα
3672 4992 3766 5046 τὸν

506 5059 635 5155 θαι
663 5076 829 5133 porro
853 5063 1024 5120 Deum
1078 5067 1333 5131 Verbum,
1370 5086 1530 5141 quem
1576 5082 1764 5143 postea
1824 5077 2075 5146 angelum

2186 5083 2313 5138 Θεὸν
2334 5059 2525 5152 Λόγον.
2550 5084 2704 5138 Μετά
2725 5059 2963 5137 τοῦτοδὲ
2995 5084 3090 5136 καὶ
3113 5059 3342 5151 ἄγγελον
3364 5082 3463 5153 τῆς
3484 5059 3765 5155 Διαθήης

504 5151 838 5210 Testamenti
876 5158 1145 5224 nominat,
1177 5176 1449 5232 quemque
1476 5164 1638 5218 etiam
1670 5168 1785 5236 ipse
1814 5165 2077 5223 Dominus

2186 5151 2468 5245 ὀνομάζει,
2512 5173 2572 5227 δν
2634 5174 2729 5227 καὶ
2760 5173 2921 5236 αὐτὸς
2953 5175 2982 5225 6
3012 5172 3404 5243 παντοκράτωρ
3425 5151 3763 5243 -Κύριοςηὲξ-

502 5250 849 5322 omnipotens
883 5250 1043 5307 docet
1083 5268 1142 5309 se
1174 5255 1389 5310 mittere
1413 5264 1540 5313 ante
1564 5257 1755 5313 faciem
1783 5273 1960 5323 suam,
1991 5258 2078 5313 di-

2186 5264 2529 5319 ἀποστέλλειν
2560 5264 2667 5336 πρὸ
2699 5262 2990 5336 προσώπου
3024 5261 3219 5315 ἐαυτοῦ
3262 5261 3521 5327 διδάσκει,
3565 5261 3767 5331 λέγων·

500 5358 673 5400 cens:
702 5362 721 5395 ι
750 5343 891 5399 Ecce
916 5359 1017 5415 ego
1049 5345 1206 5400 mitto
1229 5347 1479 5418 angelum
1515 5363 1695 5403 meum
1731 5362 1857 5403 ante
1881 5348 2073 5403 faciem

2187 5374 2206 5408 ι
2249 5355 2381 5409 Ἰδοὺ
2417 5355 2528 5425 ἐγὼ
2550 5353 2923 5421 ἐξαποστέλλω
2953 5353 3180 5424 ἄγγελόν
3205 5370 3305 5425 μου
3328 5353 3433 5425 πρὸ
3467 5352 3767 5426 προσώπου

501 5438 903 5511 ωεσιη.»Διιιιιί
923 5439 1170 5495 eumdem
1186 5439 1348 5507 hunc,
1369 5456 1527 5511 quem
1547 5459 1567 5492 ι
1587 5442 1835 5511 angelum
1850 5456 2028 5495 meum
2048 5461 2069 5494 ι

2186 5465 2305 5519 μου.
2338 5467 2357 5498 ι
2385 5448 2488 5501 Τὸν
2516 5448 2679 5504 αὑτὸν
2709 5448 2766 5501 δὲ
2794 5447 3004 5511 τοῦτον,
3035 5446 3094 5499 δν
3121 5465 3140 5498 ι
3177 5445 3410 5515 ἄγγελόν
3467 5460 3570 5516 μου
3607 5463 3627 5495 s
3659 5446 3766 5497 ἀπ-

500 5532 735 5595 vocavit,
797 5546 992 5589 rursus
1051 5533 1310 5603 deinceps
1352 5533 1642 5591 Dominum
1679 5534 1935 5605 appellat,
1976 5536 2070 5591 ubi

2186 5537 2422 5602 εκάλεσε,
2453 5538 2613 5593 πάλιν
2637 5538 2763 5610 ἑξῆς
2786 5538 2986 5611 Κύριον
3026 5535 3298 5609 ὀνομάζει·
3326 5555 3344 5587 ι
3363 5535 3474 5589 Kal.
3501 5534 3769 5606 ἐξαίφνης

504 5621 751 5694 adjungit
782 5622 953 5678 illud:
990 5643 1010 5676 ι
1052 5624 1117 5678 Et
1141 5634 1366 5697 repente
1392 5635 1574 5683 veniet
1600 5627 1863 5684 Dominus
1881 5637 1935 5683 et
1971 5644 2069 5683 an-

2186 5629 2295 5695 ἥξει
2327 5629 2549 5701 Κύριος,
2588 5649 2607 5682 ι
2642 5630 2929 5699 ἐπιλέγων,
2960 5648 2979 5680 ι
3008 5629 3103 5683 καὶ
3126 5631 3155 5683 ὁ
3177 5626 3409 5697 ἄγγελος
3439 5626 3536 5697 τῆς
3558 5626 3767 5699 Διάθη-

566 5787 591 5826 ³
619 5787 811 5847 Μςπιιιι.
849 5803 1041 5853 sxnu,
1070 5786 1159 5840 20.
1239 5791 1259 5818 ⁸
1284 5786 1474 5843 Matth.
1503 5803 1657 5851 xvut,
1691 5787 1783 5845 20.
1861 5789 1882 5822 ⁸
1911 5785 2077 5845 Zacb.

2186 5827 2196 5857 ,
2226 5787 2354 5853 l,2.
2433 5789 2454 5820 ⁶
2477 5785 2707 5844 Malach.
2745 5803 2831 5854 tu,
2865 5786 2993 5856 με.
