4110 6428
362 392 467 449 ὁο9

1308 369 1965 430 DEMONSTRATIONIS
1999 362 2463 423 EVANGELICIE
2498 360 2626 418 LIB.
2662 357 2732 415 V.

3502 346 3611 402 «MO

366 522 491 577 κης.
524 522 544 556 ι
597 500 736 555 Ἕνα
784 498 842 552 δὲ
869 498 964 552 καὶ
1000 495 1090 550 τὸν
1139 493 1302 549 αὑτὸν
1342 491 1618 563 προειπὼν
1657 490 1928 562 ἐπιφέρει’
1961 537 1966 549 ,

2068 487 2186 543 elus
2233 480 2589 539 Testamenti.
2632 496 2650 530 ι
2694 476 2873 531 Unum
2921 485 3052 528 vero
3082 476 3137 526 et
3186 465 3435 523 eumdem
3483 478 3609 517 cum

372 618 390 649 ι
435 597 564 651 Ἰδοὺ
597 596 835 666 ἔρχεται,
884 590 978 644 καὶ
1021 589 1105 652 τίς
1152 589 1414 657 ὑπομενεί
1459 584 1672 657 ἡμέραν
1728 583 1933 637 εἰσόδου

367 686 570 752 αύτοῦ;
603 705 624 738 ι
645 685 744 756 τὴν
781 682 1039 754 δευτέραν
1060 680 1155 733 καὶ
1179 678 1388 745 ἔνδοξον
1427 676 1729 748 παρουσίαν
1768 672 1933 728 αὐτοῦ

370 777 671 850 σημαίνων.
704 776 760 829 '0
776 774 945 828 ταῦτα
977 773 1032 826 δέ
1061 773 1240 827 πάντα
1268 768 1558 834 θεσπίζων,
1582 767 1787 838 Κύριός
1816 767 1936 819 ἐστι

372 868 762 938 παντοκράτωρ
794 866 824 921 ὁ
854 864 961 919 τῶν
989 863 1124 917 ὅλων
1149 862 1301 926 Θεὸς.

872 1059 1266 1117 ΚΕΦΑΛΑὶΟΝ
1303 1057 1432 1111 ΚΘθ.

388 1182 481 1249 Ὡς
514 1181 690 1250 ἥλιον
717 1174 1249 1250 δικαιοσύνης-τὸν
1276 1171 1544 1250 ἔριστὸν
1572 1172 1605 1225 ὁ
1635 1167 1755 1225 τῶν
1784 1167 1947 1222 ὅλων

926 1246 1072 1312 Θεὸς
1103 1242 1390 1315 ὀνομάζει.

454 1384 470 1417 ι
507 1364 617 1418 Καὶ
638 1361 886 1417 ἀνατελεῖ
906 1362 1016 1424 τοῖς
1038 1356 1391 1429 φοϐουμένοις
1413 1356 1473 1409 τὸ
1492 1354 1661 1426 ὄνομά
1677 1370 1781 1425 μου
1798 1352 1946 1424 ἥλιος

376 1456 741 1526 δικαιοσύνης,
772 1453 866 1508 καὶ
899 1453 1041 1514 ἴασις
1068 1450 1218 1503 ἔσται
1240 1451 1298 1502 ἐν
1318 1450 1437 1512 ταῖς
1453 1445 1709 1519 πτέρυξιν
1727 1443 1908 1498 αὑτοῦ.
1923 1463 1942 1494 ι

391 1549 448 1602 Ὀ
467 1547 723 1609 πολλάκις
739 1543 1057 1615 όνομασθεὶς
1071 1540 1293 1611 Κύριος,
1316 1539 1408 1590 καί
1421 1537 1572 1601 Θεὸς,
1591 1535 1686 1590 καὶ
1700 1532 1946 1602 ἄγγελος,

379 1640 474 1692 καὶ
485 1632 1170 1711 ἀρχιστράτηγος,Χριστός
1181 1648 1239 1683 τε
1252 1630 1344 1683 καὶ
1358 1631 1401 1681 is
1411 1626 1652 1700 ρεὺς,καὶ
1665 1625 1951 1694 Λόγος,καὶ

383 1732 542 1799 σοφία
561 1727 717 1794 Θεοῦ,
736 1727 829 1782 καὶ
854 1725 1035 1788 εἰκὼν,
1050 1723 1143 1777 νῦν
1167 1722 1326 1785 αὐτὸς
1348 1715 1499 1783 οὗτος
1525 1718 1672 1789 ἥλιος
1693 1716 1952 1787 κέκληται

381 1820 747 1892 δικαιοσύνης.
780 1817 976 1872 Τοῦτον
1003 1816 1066 1886 δὴ
1098 1810 1189 1867 οὖν
1217 1811 1376 1866 αὑτὸν
1407 1813 1436 1864 ὁ
1468 1810 1734 1879 γεννήσας
1762 1807 1953 1878 Πατὴρ

2043 553 2382 649 produxerit,
2416 582 2529 628 tum
2560 570 2712 625 addit
2740 588 2752 623 :
2788 586 2805 618 ι
2849 565 2987 619 Ecce
3017 561 3184 623 venit,
3214 568 3268 613 et
3294 556 3419 626 quis
3443 553 3611 610 susti-

2042 646 2192 726 nebit
2214 668 2356 722 diem
2392 667 2672 735 ingressus
2705 658 2866 727 ejus?
2902 675 2920 707 ι
2955 653 3157 723 quibus
3206 646 3386 703 verbis
3417 659 3616 701 secun-

2043 761 2171 814 dum
2210 768 2267 814 et
2307 732 2602 827 gloriosum
2633 753 2780 806 illius
2832 747 3123 801 adventum
3180 737 3470 809 significat.
3508 732 3615 827 Sed

2043 854 2138 924 qui
2167 826 2349 905 omnia
2380 848 2493 902 haec
2522 845 2691 909 canit,
2724 841 2986 895 Dominus
3011 844 3094 892 est
3119 832 3463 901 omnipotens
3493 826 3617 880 uni-

2043 943 2188 1000 versi
2225 942 2390 998 Deus.

2613 1047 2840 1108 CAPUT
2868 1044 3063 1101 XXIX.

2048 1172 2212 1246 254
2254 1166 2408 1238 Quod
2459 1163 2874 1246 solemjustitiw
2914 1158 3184 1243 _Christum
3235 1155 3347 1223 ipse
3390 1149 3619 1207 uniuersi

2616 1235 2753 1289 Deus
2783 1232 3043 1287 nominat.

2126 1377 2145 1409 ι
2176 1329 2242 1410 Ει
2267 1352 2474 1407 orietur
2500 1346 2817 1403 timentibus
2850 1356 3043 1399 nomen
3067 1352 3246 1394 meum
3270 1335 3351 1390 sol
3374 1331 3620 1403 iustitiae,

2052 1458 2107 1507 et
2138 1447 2352 1505 sanatio
2377 1445 2481 1499 erit
2514 1443 2568 1496 in
2596 1441 2700 1495 alis
2731 1439 2909 1508 ejus".
2947 1456 2966 1489 ι
3000 1433 3102 1502 Qui
3138 1446 3278 1500 saepe
3311 1427 3625 1482 nominatus

2054 1552 2139 1600 est
2167 1550 2222 1598 et
2255 1540 2540 1601 Dominus,
2578 1541 2631 1591 et
2682 1532 2849 1594 Deus,
2896 1537 2951 1585 et
2984 1526 3233 1596 angelus,
3287 1530 3341 1577 et
3372 1519 3626 1589 princeps

2056 1636 2472 1706 imperatorum,
2508 1637 2563 1684 et
2588 1627 2863 1685 Christus,
2896 1629 2950 1675 et
2978 1615 3258 1677 sacerdos,
3289 1619 3343 1666 et
3364 1608 3626 1671 Verbum,

2057 1735 2112 1783 et
2139 1699 2411 1796 sapientia
2446 1720 2562 1781 Dei,
2595 1725 2650 1772 et
2682 1718 2898 1786 imago:
2932 1726 3079 1766 nunc
3120 1706 3261 1762 idem
3294 1722 3313 1755 ι
3353 1703 3435 1758 sol
3463 1699 3629 1771 justi—-

2060 1820 2148 1874 tiae
2184 1794 2460 1871 rdicitur.
2489 1813 2644 1866 Hunc
2669 1813 2849 1880 ipsum
2884 1807 3069 1877 igitur,
3105 1804 3152 1857 is
3183 1802 3275 1872 qui
3315 1797 3501 1871 genuit
3526 1794 3634 1849 Pa-

385 1912 448 1964 ού
478 1914 592 1974 τοῖς
621 1888 804 1973 πᾶσιν,
839 1906 972 1960 ἀλλὰ
1007 1905 1188 1976 μόνοις
1217 1905 1327 1967 τοῖς
1358 1902 1418 1955 τὸ
1450 1902 1618 1971 ὄνομα
1651 1898 1814 1953 αὐτοῦ
1852 1914 1948 1967 φο-

2067 1929 2156 1976 ;er,
2213 1927 2321 1964 non
2373 1907 2626 1962 omnibus
2685 1902 2953 1958 oriturum
3008 1895 3295 1968 promittit,
3358 1890 3452 1946 sed
3502 1888 3634 1944 solis

390 2001 670 2073 ϐουμένοις
704 1997 976 2053 ἀνατελείν
1007 1993 1426 2065 ἐπαγγέλλεται,
1453 1994 1618 2065 γέρας
1644 1992 1826 2054 αὐτοῖς
1857 1987 1949 2042 τοῦ

387 2095 467 2156 εἰς
497 2093 655 2146 αὐτὸν
684 2090 843 2159 φόϐου
885 2088 1058 2151 διδοὺς
1094 2087 1155 2140 τὸ
1201 2086 1314 2156 φῶς
1349 2085 1441 2138 τοῦ
1477 2086 1575 2155 τῆς
1610 2081 1953 2152 δικαιοσύνης

386 2183 558 2253 ἡλίου.
584 2184 679 2252 Είη
711 2181 756 2234 δ’
783 2182 848 2234 ἂν
870 2173 1022 2243 οὗτος
1050 2180 1079 2232 ὁ
1100 2178 1231 2242 Θεὸς
1257 2178 1448 2246 Λόγος,
1475 2178 1503 2229 ὁ
1529 2174 1719 2229 εἰπὼν·
1756 2194 1774 2225 ‹
1815 2172 1955 2242 Ἐγώ

381 2272 499 2342 είμι
525 2271 587 2325 τὸ
618 2271 731 2341 φῶς
763 2269 856 2325 τοῦ
889 2271 1094 2341 κόσμου
1115 2285 1130 2300 ·
1180 2269 1317 2340 ὅπερ
1362 2264 1430 2340 ἦν
1471 2265 1586 2337 φῶς
1625 2265 1685 2318 τὸ
1727 2264 1955 2334 φωτίζον

384 2363 563 2417 πάντα
593 2362 877 2435 ἄνθρωπον
911 2362 1203 2433 ἐρχόμενον
1228 2361 1307 2425 εἰς
1331 2360 1421 2412 τὸν
1454 2358 1675 2428 κόσμον.
1707 2375 1727 2408 ι
1758 2355 1956 2410 Τοῦτον

383 2452 448 2525 δὴ
475 2451 587 2518 οὖν,
615 2453 727 2508 ἀλλ’
761 2453 820 2525 οὐ
853 2453 943 2506 τὸν
975 2450 1253 2522 αἰσθητὸν,
1284 2449 1406 2503 οὐδὲ
1436 2449 1529 2502 τὸν
1565 2447 1814 2520 προφανῆ
1844 2448 1958 2509 τοῖς

386 2550 521 2603 πᾶσι
543 2547 780 2616 λογικοῖς
807 2563 866 2600 τε
901 2545 996 2600 καὶ
1017 2544 1232 2613 ἀλόγοις
1260 2543 1430 2615 ἥλιον,
1470 2541 1605 2597 ἀλλά
1631 2542 1725 2595 τὸν
1754 2541 1956 2605 ἔνθεον,

386 2641 480 2696 καὶ
504 2640 708 2710 νοερὸν,
743 2641 838 2695 καὶ
860 2639 1040 2708 πάσης
1061 2638 1259 2710 ἀρετῆς
1279 2637 1374 2690 καὶ
1396 2634 1738 2705 δικαιοσύνης
1759 2633 1847 2690 αίτ
1858 2649 1957 2699 ιον,

392 2735 574 2807 μόνοις
611 2736 724 2797 τοῖς
767 2730 1119 2803 φοϐουμένοις
1168 2728 1328 2784 αὑτὸν
1379 2727 1654 2782 ἀνατελεϊν
1701 2727 1795 2780 ἐπὶ
1864 2722 1957 2779 τοῦ

390 2827 698 2900 παρόντοςὸ
723 2825 853 2888 Θεός
874 2841 1059 2895 φησιν,
1094 2819 1461 2893 ἀποκρύπτων
1517 2819 1682 2873 αὐτὸν
1709 2817 1818 2871 τῶν
1864 2817 1960 2871 ἀν-

390 2920 576 2986 αξίων·
613 2923 741 2989 περὶ
772 2909 847 2971 ὧν
875 2913 1128 2986 ἀλλαχόθι
1153 2929 1255 2966 που
1295 2910 1462 2981 λέγει’
1494 2930 1513 2963 ι
1547 2910 1658 2965 Καὶ
1679 2908 1897 2964 δύσεται
1932 2911 1963 2963 ὁ

388 3010 540 3080 ἥλιος
571 3009 665 3063 ἐπὶ
695 3010 820 3073 τοὺς
855 3008 1139 3080 προφήτας
1176 3004 1304 3067 τοὺς
1347 3000 1663 3066 πλανῶντας
1699 3000 1793 3055 τὸν
1835 3000 1962 3056 λαόν

395 3114 517 3170 μου.
555 3115 576 3150 ι

917 3231 1315 3288 ΚΕΦΑΛΑΙΟΝ
1350 3231 1430 3286 Λ’.

2060 2018 2258 2059 nomen
2289 2017 2447 2058 suum
2478 1996 2814 2060 timentibus,
2847 1999 2907 2045 ut
2939 1990 3018 2045 sic
3047 1988 3152 2043 illis
3178 1985 3389 2040 timoris
3418 1997 3545 2053 erga
3574 1996 3634 2036 se

2063 2094 2364 2167 praemium,
2396 2092 2529 2148 solis
2563 2088 2791 2159 iustitiae
2820 2085 2909 2138 det
2944 2083 3148 2136 lumen.
3186 2077 3301 2133 Erit
3331 2084 3510 2131 autem
3543 2074 3635 2129 hic

2063 2187 2206 2243 Deus
2240 2184 2500 2247 Verbum,
2534 2197 2564 2234 a
2591 2195 2701 2250 quo
2734 2178 2867 2233 illud
2907 2175 3113 2229 dictum
3149 2183 3234 2226 est
3265 2189 3280 2224 :
3311 2187 3330 2221 ι
3371 2168 3483 2240 Ego
3512 2181 3635 2222 sum

2062 2280 2154 2334 lux
2185 2276 2430 2338 mundi“,
2457 2288 2578 2344 quae
2603 2278 2722 2328 erat
2751 2267 3188 2344 luxJilluminans
3214 2279 3428 2320 omnem
3460 2261 3637 2316 homi-

2060 2385 2184 2425 nem
2223 2367 2526 2423 venientem
2571 2364 2625 2418 in
2670 2363 2815 2415 hunc
2833 2336 3107 2413 inundum
3128 2359 3170 2411 '.
3203 2376 3222 2409 ι
3260 2354 3413 2410 lianc
3454 2354 3638 2421 itaque

2063 2463 2260 2523 lucem,
2294 2474 2403 2513 non
2435 2464 2616 2511 autem
2646 2454 2797 2508 illum
2829 2450 3145 2507 sensibilem
3178 2456 3232 2504 et
3262 2444 3635 2509 manifestum,

2063 2566 2117 2611 et
2152 2551 2514 2608 rationalibus
2543 2557 2598 2602 et
2635 2545 2814 2602 brutis
2843 2544 3036 2609 solem,
3076 2542 3171 2597 sed
3201 2541 3444 2596 divinum
3477 2546 3640 2608 atque

2063 2646 2477 2716 intelligentem,
2494 2648 2548 2696 et
2565 2640 2744 2696 omnis
2766 2637 2983 2693 virtutis
3009 2651 3075 2691 ac
3100 2634 3329 2706 iustitiae
3359 2639 3638 2687 auctorem

2065 2740 2201 2796 solis
2239 2740 2419 2808 ipsum
2465 2733 2784 2790 timentibus
2832 2731 3126 2794 oriturum,
3164 2728 3218 2782 in
3266 2725 3522 2799 praesenti
3565 2722 3643 2777 ait

2066 2831 2233 2899 Deus,
2266 2832 2417 2885 illttm
2451 2828 2519 2883 iis
2567 2825 2784 2881 interim
2818 2822 3126 2883 occultans,
3163 2819 3255 2890 qui
3288 2820 3383 2873 illo
3431 2814 3644 2885 indigni

2067 2924 2199 2988 sint,
2231 2923 2300 2979 de
2328 2922 2530 2992 quibus
2568 2918 2732 2974 etiam
2764 2915 2895 2969 alibi
2933 2914 3103 2968 dicit:
3139 2929 3158 2963 ι
3196 2910 3262 2966 Et
3300 2907 3513 2965 occidet
3559 2904 3645 2959 sol

2067 3032 2233 3087 super
2249 3014 2565 3087 prophetas,
2597 3009 2692 3081 qui
2720 3007 3003 3077 decipiunt
3031 3004 3291 3076 populum
3326 3013 3509 3056 meum
3531 2995 3632 3050 ⁸⁸.»

2631 3227 2863 3286 CAPUT
2898 3225 3068 3283 XXX.

406 3346 551 3403 Ἀπὸ
579 3347 685 3403 τοῦ
728 3348 1027 3419 Ἱερεμίου.
1044 3375 1116 3419 -έ
1141 3346 1234 3419 ᾯς
1264 3343 1407 3419 Θεὸς
1435 3343 1625 3419 Aera;-
1648 3340 1863 3419 Κύριος
1881 3337 1966 3419 (ἓν

2069 3353 2147 3411 Ab
2173 3350 2428 3407 Ieremia.
2462 3343 3031 3419 —.Quemadmod_un_t
3083 3341 3228 3419 Deus
3277 3339 3524 3400 Verbum,
3575 3336 3647 3419 _ad

466 3419 658 3486 Κυρίῳ
694 3409 1006 3485 τῷἾΪατρὶ
1049 3409 1244 3485 εὐχὴόρ
1273 3409 1641 3486 Δᾲίβαπέμζττιςι,
1694 3409 1811 3480 τὴν
1848 3409 1969 3463 τῶν

466 3482 653 3542 eoid»
677 3482 1051 3557 ἐπιστροςὲὴν
1078 3482 1389 3546 θεσπίζων.

471 3619 490 3652 ι
518 3600 689 3673 Κύριε
723 3601 756 3670 ή
797 3598 946 3671 ἰσχύς
982 3615 1103 3669 μου,
1138 3597 1233 3651 καὶ
1270 3594 1491 3666 βοήθειά
1525 3611 1648 3666 μου,
1674 3594 1769 3646 καὶ
1799 3608 1968 3647 κατα-

399 3692 545 3762 φυγή
583 3708 684 3762 μου
714 3692 771 3744 ἐν
804 3690 987 3762 ἡμέρᾳ
1017 3687 1282 3758 θλίψεως,
1321 3685 1457 3755 πρὸς
1490 3684 1550 3736 σὲ
1586 3682 1714 3752 ἔθνη
1749 3681 1969 3752 ἥξουσιν

396 3783 492 3835 ἀπ’
520 3766 750 3852 ἐσχάτου
783 3782 883 3850 τῆς
912 3781 1034 3850 γῆς,
1060 3778 1155 3832 καὶ
1183 3775 1421 3848 ἐροῦσιν·
1455 3765 1555 3838 ’Ὦς
1582 3773 1749 3845 ψευδῆ
1810 3773 1971 3843 ἐκτή-

397 3889 562 3928 σαντο
601 3873 653 3925 οί
696 3873 931 3942 πατέρες
978 3871 1134 3941 ἡμῶν
1182 3867 1395 3931 εἴδωλα,
1447 3865 1542 3918 καὶ
1584 3864 1685 3918 οὐκ
1726 3862 1873 3917 ἐστιν
1913 3863 1971 3914 ὲν

397 3965 585 4027 αὐτοῖς
632 3962 890 4031 ὠφέλεια.
940 3962 1003 4015 Εἰ
1042 3961 1256 4031 ποιήσει
1287 3956 1437 4028 αὑτῷ
1475 3954 1761 4027 ἄνθρωπος
1792 3953 1969 4017 θεοὺς,

400 4054 496 4108 καὶ
540 4044 683 4105 οὗτοι
729 4051 830 4105 οὐκ
873 4049 981 4104 εἰσὶ
1029 4050 1160 4104 θεοί.
1212 4051 1312 4102 Διὰ
1357 4045 1517 4100 τοῦτο
1569 4046 1678 4098 ἰδοὺ
1719 4041 1830 4113 ἐγὼ
1882 4042 1974 4114 δη-

399 4144 558 4200 λώσω
613 4143 793 4207 αὐτοῖς
834 4144 891 4196 ἐν
933 4140 1011 4214 τῷ
1051 4139 1229 4213 καιρῷ
1270 4137 1444 4209 τούτῳ
1494 4136 1591 4208 τὴν
1638 4135 1798 4206 χεῖρά
1848 4150 1971 4205 μου,

399 4238 495 4291 rat
528 4235 746 4309 γνωριῶ
777 4235 959 4299 αὐτοῖς
992 4235 1092 4305 τὴν
1130 4231 1357 4303 δύναμίν
1389 4247 1510 4302 μου,
1554 4229 1649 4282 καὶ
1677 4225 1974 4296 γνώσονται

399 4329 483 4382 ὅτι
511 4326 621 4397 ἐγὼ
646 4327 866 4398 Κύριος.
903 4345 923 4378 ι
952 4325 1155 4397 Κύριος
1184 4324 1357 4395 ἑτέρῳ
1386 4320 1606 4391 εὔχεται
1648 4318 1858 4391 Κυρίῳ,
1898 4316 1976 4388 τῷ

402 4420 579 4491 Πατρὶ
618 4418 820 4489 δηλαδὴ
857 4418 951 4471 καὶ
988 4416 1106 4488 Θεῷ
1140 4414 1251 4469 τῶν
1289 4414 1447 4477 ὅλων,
1485 4414 1543 4465 ἐν
1568 4407 1650 4474 οἷς
1676 4408 1978 4483 ἀρχόμενος

404 4529 560 4586 φησυ
587 4536 605 4564 ι
630 4512 821 4584 Κύριε,
850 4510 1001 4581 ἰσχύς
1033 4527 1188 4580 pou,»
1216 4509 1310 4562 καὶ¹
1326 4506 1395 4561 τά
1416 4505 1562 4576 ἑξῆς.
1589 4503 1784 4573 Σαφῶς
1805 4504 1862 4557 δὲ
1878 4503 1977 4574 τὴν

401 4606 511 4659 τῶν
543 4604 710 4659 ἐθνῶν
743 4606 807 4657 ἐκ
842 4602 944 4673 τῆς
986 4597 1362 4661 πολυπλανοῦς
1402 4595 1841 4668 είδωλολατρείας
1886 4594 1978 4646 ἐπὶ

402 4654 503 4770 τὴν
531 4654 1219 4762 ἐὐσέϐειαν
1258 4654 1558 4765 μεταϐολὴν
1586 4654 1850 4753 θεσπίζει·
1882 4688 1978 4739 καὶ
2008 4654 2052 4708 D

402 4792 541 4863 αὕτη
580 4790 638 4844 δὲ
671 4792 707 4861 ἡ
741 4788 1047 4862 προφητεία
1094 4786 1230 4859 μετά
1266 4785 1365 4857 τὴν
1405 4785 1485 4848 εἰς
1526 4781 1845 4854 ἀνθρώπους
1883 4779 1977 4832 τοῦ

403 4882 657 4953 Σωτῆρος
693 4880 851 4951 ἡμῶν
901 4878 1076 4950 Ἰησοῦ
1122 4875 1359 4949 Χριστοῦ
1404 4873 1704 4946 παρουσίαν
1749 4870 1979 4941 ἐναργέ-

408 4988 579 5026 στατα
624 4971 896 5023 δείκνυται
935 4967 1361 5040 πεπληρωμένη.
1402 4963 1562 5018 Ἀλλὰ
1597 4964 1705 5035 γὰρ
1745 4963 1813 5016 δι’
1844 4960 1979 5014 ὅλων

404 5065 699 5138 τριάκοντα
716 5059 1070 5133 προφητικῶν
1092 5059 1401 5130 κεφαλαίων
1422 5056 1670 5128 δεύτερον
1687 5053 1820 5107 Θεὸν
1844 5052 1983 5124 μετά

407 5158 499 5212 τὸν
538 5155 797 5209 ἀνωτάτω
831 5153 926 5206 καὶ
957 5153 1050 5205 ἐπὶ
1074 5152 1228 5214 πᾶσι,
1255 5151 1346 5204 τὸν
1381 5148 1611 5220 Σωτῆρα
1646 5145 1741 5199 καὶ
1777 5144 1982 5216 Κύριον

410 5248 566 5321 ἡμῶν
585 5245 675 5299 τὸν
695 5242 789 5299 τοῦ
810 5241 945 5297 Θεοῦ
968 5243 1138 5312 Λόγον
1164 5239 1302 5295 εἶναι
1329 5239 1726 5312 μεμαθηκότες,
1760 5238 1844 5306 ἐφ’
1866 5237 1983 5290 ἐτέ-

416 5361 514 5415 ραν
543 5341 645 5412 τῆς
686 5337 830 5393 κατά
866 5338 1028 5392 αὐτὸν
1059 5337 1371 5407 οἰκονομίας
1404 5334 1656 5388 ὑπόθεσιν
1687 5331 1988 5404 μεταϐησό-

419 5435 576 5506 μεθα,
597 5432 759 5488 αὑτὸν
781 5431 846 5505 δὴ
866 5430 1053 5485 τοῦτον
1078 5429 1208 5482 Θεὸν
1230 5430 1310 5487 εἰς
1331 5426 1651 5499 ἀνθρώπους
1673 5424 1986 5479 ἐλεύσεσθαι

412 5526 544 5583 (liv.
595 5527 659 5578 ἐκ
702 5523 811 5577 τῶν
853 5520 1032 5576 αὐτῶν
1075 5519 1227 5591 παρὰ
1268 5516 1536 5587 Ἑϐραίοις
1580 5516 1740 5588 ιερῶν
1788 5515 1986 5587 βίϐλων

419 5617 790 5686 συστήσοντες.

2140 3421 2361 3477 Patrem
2393 3408 2813 3488 deprecationem
2846 3414 3059 3477 emittit,
3087 3412 3322 3483 gentium
3352 3408 3647 3464 conversio-

2139 3510 2257 3549 nem
2286 3493 2527 3562 futuram
2556 3488 2885 3558 signiﬁcans.

2145 3621 2164 3654 ι
2198 3602 2421 3657 Domine
2438 3599 2703 3654 fortitudo
2726 3605 2936 3657 mea,et
2954 3595 3216 3648 auxilium
3251 3606 3451 3655 meum,
3484 3600 3539 3646 et
3562 3604 3650 3643 re-

2073 3694 2278 3765 fugium
2312 3709 2515 3756 meum,
2544 3692 2599 3745 in
2635 3690 2722 3745 die
2746 3686 3140 3752 tribulationis,
3171 3685 3237 3739 ad
3271 3693 3324 3739 te
3351 3692 3539 3753 gentes
3566 3697 3652 3736 ve-

2072 3787 2226 3839 nient
2268 3784 2337 3838 ab
2367 3792 2610 3838 extremo
2643 3788 2823 3842 terrm,
2859 3775 3109 3831 etdicent
3139 3795 3152 3829 :
3186 3774 3327 3830 Vere
3353 3773 3487 3829 falsa
3519 3789 3650 3843 pos-

2073 3878 2331 3933 sederunt
2376 3884 2560 3947 patres
2614 3875 2785 3930 nostri
2830 3871 3146 3941 simulacra,
3193 3876 3248 3924 et
3295 3883 3404 3922 non
3445 3875 3532 3923 est
3594 3866 3650 3920 in

2073 3968 2155 4024 eis
2184 3967 2412 4022 utilitas.
2433 3966 2490 4021 Si
2521 3965 2683 4020 faciet
2712 3964 2817 4020 sibi
2841 3964 3005 4017 homo
3035 3961 3188 4023 deos,
3221 3969 3277 4014 et
3304 3959 3359 4012 hi
3390 3972 3498 4011 non
3524 3962 3653 4010 sunt

2075 4060 2172 4115 dii.
2207 4058 2416 4114 Idcirco
2456 4072 2585 4113 ecce
2612 4072 2713 4127 ego
2742 4053 3025 4111 ostendam
3064 4054 3145 4109 eis
3171 4052 3224 4106 in
3256 4060 3500 4122 tempore
3525 4048 3651 4112 hoc,

2075 4160 2129 4208 et
2153 4157 2335 4206 notam
2368 4149 2563 4203 faciam
2594 4149 2674 4204 eis
2714 4161 2935 4201 manum
2969 4159 3167 4207 meam,
3204 4140 3366 4212 255
3394 4150 3448 4195 et
3475 4138 3653 4194 virtu-

2076 4249 2183 4296 tem
2227 4254 2427 4302 meam,
2460 4246 2514 4294 et
2545 4244 2884 4308 cognoscent
2911 4234 3056 4306 quod
3100 4248 3202 4303 ego
3245 4232 3587 4288 Dominus".
3630 4249 3650 4283 ι

2076 4331 2134 4387 In
2166 4332 2252 4387 bis
2282 4331 2465 4387 verbis
2497 4329 2760 4385 Dominus
2792 4329 2958 4383 alium
3008 4333 3289 4397 precatur,
3327 4323 3545 4379 Patrem
3576 4322 3658 4377 vi-

2077 4423 2277 4479 delicet
2309 4436 2374 4476 ac
2412 4420 2582 4476 Deum
2619 4417 2887 4482 universi,
2917 4417 3031 4472 illic
3082 4431 3217 4472 sane
3250 4413 3343 4469 ubi
3391 4413 3658 4484 incipiens

2078 4513 2154 4566 ait
2187 4532 2199 4565 :
2231 4529 2251 4559 ι
2289 4510 2541 4577 Domine,
2572 4509 2839 4565 fortitudo
2879 4522 3020 4570 mea,
3056 4527 3075 4559 ι
3102 4515 3157 4563 et
3194 4515 3410 4562 caetera.
3441 4502 3660 4573 Perspi-

2079 4619 2181 4659 cue
2193 4617 2324 4657 vero
2341 4601 2584 4671 gentium
2616 4601 2686 4656 ab
2705 4598 3013 4655 errabundo
3035 4599 3452 4654 simulacrorum
3484 4594 3658 4656 cultu.

2080 4692 2147 4747 ad
2170 4692 2449 4762 pietatem,
2481 4691 2913 4761 religionemque
2935 4704 3062 4759 erga
3085 4687 3254 4744 Deum
3277 4684 3662 4741 commutatio-

2079 4800 2203 4842 nem
2238 4784 2501 4849 futuram,
2537 4784 2849 4854 signiticat;
2882 4790 2938 4838 et
2969 4783 3082 4836 haec
3104 4779 3322 4835 interim
3353 4775 3658 4847 prophetia,

2078 4881 2204 4945 post
2230 4873 2534 4929 Salvatoris
2561 4873 2737 4933 nostri
2770 4870 2900 4928 Jesu
2936 4869 3144 4925 Christi
3183 4868 3250 4923 ad
3282 4866 3534 4921 homines
3565 4863 3662 4918 ad.

2078 4975 2299 5024 ventum
2323 4965 2730 5031 evidentissime
2750 4964 3018 5035 completa
3048 4966 3405 5016 monstratur.
3426 4954 3493 5010 At
3514 4955 3659 5010 enim

2081 5062 2369 5126 postquam
2402 5054 2670 5109 hactenus
2703 5069 2769 5109 ex
2800 5054 2933 5108 totis
2964 5052 3182 5121 triginta
3212 5046 3544 5118 propheticis
3573 5060 3664 5100 ca—

2087 5148 2313 5219 pitibus,
2349 5146 2541 5212 Deum,
2568 5144 2932 5208 Salvatorem,
2961 5157 3025 5196 ac
3063 5139 3354 5194 Dominum
3389 5145 3661 5201 nostrum,

2086 5238 2184 5294 Dei
2210 5236 2449 5293 Verbum
2478 5251 2601 5292 esse
2642 5235 2976 5298 didicimus;
3007 5229 3074 5284 ad
3111 5228 3342 5282 alterum
3371 5224 3512 5294 ejus,
3544 5238 3665 5294 quae

2085 5330 2152 5385 ad
2187 5327 2438 5385 eumdem
2482 5326 2742 5397 pertinet,
2784 5317 3214 5394 dispensationis
3257 5322 3661 5386 argumentum,

2085 5420 2347 5491 deinceps
2380 5429 2748 5480 transeamus,
2778 5424 2832 5471 et
2876 5416 3022 5468 hunc
3049 5413 3227 5481 ipsum
3261 5406 3433 5463 Deum
3464 5404 3533 5460 ad
3564 5406 3664 5459 hoe

2087 5512 2265 5568 mines
2292 5519 2582 5566 venturum
2636 5508 2830 5570 fuisse,
2864 5522 2927 5561 ex
2980 5503 3173 5559 iisdem
3200 5499 3375 5557 sacris
3405 5496 3664 5555 Hebr-teo-

2088 5621 2208 5660 rum
2237 5603 2392 5660 libris
2423 5600 2861 5673 comprobemus.

492 5784 515 5850 ί
544 5816 773 5875 Malach.
804 5832 878 5883 iv,
906 5816 961 5872 2.
1037 5817 1058 5849 ⁸
1080 5812 1237 5871 Joan.
1265 5827 1384 5879 vttt,
1420 5810 1505 5868 l2.
1581 5811 1603 5844 ⁸
1627 5809 1786 5869 Joan.
1822 5826 1863 5881 ι,
1887 5809 1941 5867 9.
2019 5811 2059 5843 “
2092 5806 2254 5863 Mich.
2288 5821 2372 5872 Ill,
2403 5804 2457 5860 6.
2535 5802 2576 5835 ¹¹
2608 5800 2718 5857 Jer.
2744 5813 2859 5869 ut,
2886 5802 3068 5861 19-21.
