4110 6454
424 382 530 438 ιιδ

1347 381 1996 439 DEMONSTRATIONIS
2033 383 2483 440 EVANGELICIE
2518 384 2644 441 LIB.
2683 384 2773 444 Vl.

3560 392 3663 448 ιιι

426 495 562 551 Θεοῦ
587 494 833 567 δύναμιν,
859 496 908 550 οἱ
924 494 1056 549 θεῖοι
1078 493 1447 567 προηγόρευον
1475 494 1643 563 λόγοι.
1677 496 1741 548 Εἰ
1769 498 1979 565 φανεῖεν

2092 496 2354 561 universi,
2387 507 2440 553 et
2476 497 2566 553 Dei
2608 496 2870 558 Verbum.
2916 505 2970 553 et
3013 498 3108 554 Dei
3143 499 3417 567 virtutem,
3473 501 3660 558 divina

422 590 521 643 ἐπὶ
547 587 640 642 τοῦ
674 587 932 660 παρόντος
960 588 1020 640 αἱ
1051 586 1384 658 προφητικαὶ
1405 587 1720 658 μαρτυρίαι,
1755 586 1884 640 Θεὸν
1910 588 1990 650 είς

427 680 747 753 ἀνθρώπους
812 679 1094 749 ἀφίξεσθαι
1143 678 1406 750 μέλλοντα
1463 679 1949 750 προαναφωνοῦσαι
1970 717 1985 741 ,

428 772 589 828 παντί
607 791 689 842 τῳ
713 772 869 843 δῆλον
898 771 991 824 ἐπὶ
1024 771 1146 824 τίνα
1185 770 1289 843 χρὴ
1320 772 1419 841 τὴν
1462 770 1740 842 ἀναφορὰν
1769 769 1863 823 τοῦ
1893 787 1988 842 ση-

430 865 749 937 μαινομένου
781 864 1064 918 ποιεῖσθαι·
1098 865 1186 918 ὅτε
1217 864 1448 936 μάλιστα
1481 863 1569 918 διὰ
1595 863 1702 917 τῶν
1730 863 1985 935 πρόσθεν,

426 957 484 1009 ἐν
540 953 825 1026 ἀνθρώπου
870 956 1047 1025 μορφῇ
1096 954 1190 1007 καὶ
1236 955 1493 1025 σχήματι,
1527 954 1641 1016 τοῖς
1704 954 1847 1023 ἀμφὶ
1895 953 1986 1006 τὸν

439 1046 685 1119 Ἀϐραὰμ
723 1045 1020 1115 θεοφιλέσιν
1053 1046 1081 1098 ό
1117 1045 1247 1109 Θεὸς
1268 1045 1438 1113 Λόγος
1460 1047 1545 1099 ἐπ’
1579 1045 1841 1115 ὀνόματος
1868 1046 1984 1096 Κυ-

424 1138 542 1209 ρίου
577 1139 669 1192 καὶ
699 1136 834 1193 Θεοῦ
890 1137 1096 1208 πέφηνε
1124 1135 1225 1200 τὰς
1276 1137 1355 1199 εἰς
1381 1135 1700 1207 ἀνθρώπους
1723 1135 1988 1198 ὀπτασίας

425 1230 803 1300 πεποιημένος.
818 1230 952 1301 Φέρε
969 1224 1058 1282 οὖν
1077 1228 1297 1299 ἴδωμεν,
1312 1229 1457 1292 ὅπως
1480 1229 1609 1282 ποτὲ
1633 1229 1729 1298 μὲν
1760 1227 1984 1299 Κύριον,

424 1320 554 1373 ποτέ
603 1320 661 1373 δὲ
706 1319 837 1372 Θεὸν
901 1317 1305 1389 καταϐήσεσθαι
1364 1318 1444 1382 είς
1490 1316 1835 1388 ἀνθρώπους,
1892 1317 1987 1371 xal.

424 1412 582 1467 πάλιν
614 1410 978 1482 ἀναϐήσεσθαι
1005 1408 1251 1480 ἐναργῶς
1295 1408 1436 1463 οὕτω
1499 1410 1877 1481 προαναφωνεί
1917 1408 1988 1462 τὰ

424 1504 552 1574 παρ’
581 1501 848 1574 Ἑϐραίοις
877 1500 1050 1569 λόγια,
1081 1501 1175 1554 xal.
1199 1501 1297 1565 τάς
1322 1517 1385 1570 γε
1417 1500 1593 1564 αἰτίας
1619 1500 1717 1572 τῆς
1741 1499 1983 1554 καθόδου.

424 1589 710 1662 Σημειὼσῃ
741 1590 875 1654 δ’ὡς
894 1589 1012 1643 τινὰ
1039 1590 1135 1660 μὲν
1164 1588 1374 1661 εἴρηται
1398 1588 1464 1641 δι’
1492 1590 1844 1660 αἰνιγμάτων,
1866 1589 1987 1644 τινὰ

422 1683 477 1736 δέ
494 1680 886 1754 φανερώτερον.
916 1681 998 1735 Τὰ
1031 1681 1129 1752 μὲν
1160 1676 1251 1734 οὖν
1271 1681 1337 1739 δι’
1372 1680 1717 1753 ἐπικρύψεως
1750 1682 1984 1753 ἠγοῦμαι

424 1775 530 1828 τῶν
573 1776 637 1829 ἐκ
676 1774 972 1847 περιτομῆς
1009 1767 1165 1829 ἕνεκα
1191 1772 1613 1844 κεκαλυμμένως
1634 1773 1983 1829 ἀποδεδόσθαι

2089 588 2240 657 prius
2285 589 2629 658 appellabant
2671 592 2913 646 oracula.
2964 590 3021 645 Si
3064 607 3194 662 ergo
3241 592 3659 664 hoctcmporc,

2087 680 2405 751 prophetica
2459 682 2625 737 etiam
2694 683 3006 737 testimonia
3061 683 3229 738 Deum
3289 684 3358 739 ad
3408 686 3660 744 homines

2088 770 2259 827 fuisse
2300 782 2615 838 venturum,
2664 774 2984 843 praedixisse
3035 775 3440 834 ostenderimus
3482 796 3498 834 :
3544 788 3660 834 tum

2088 860 2382 930 unicuique
2402 862 2622 931 planum
2658 864 2843 929 tuerit,
2874 865 2940 919 ad
2967 881 3124 935 quem
3155 866 3357 921 referre
3387 876 3656 937 oporteat,

2086 950 2138 1005 id
2156 950 2299 1020 quod
2313 950 2757 1021 signiﬁcavimus.
2774 969 2897 1006 cum
2918 968 3014 1022 per
3027 968 3090 1007 ea
3108 953 3341 1008 maxime
3361 968 3482 1022 quae
3500 961 3658 1009 antea

2085 1041 2230 1096 dicta
2252 1049 2401 1104 sunt,
2428 1041 2943 1107 demonstravimus,
2971 1041 3137 1097 Deum
3173 1041 3430 1107 Verbum,
3462 1042 3655 1097 habitu

2086 1131 2307 1201 quidem
2342 1130 2624 1200 formaque
2653 1130 2912 1195 hominis,
2948 1132 3167 1187 nomine
3197 1148 3326 1189 vero
3355 1131 3569 1187 Domini
3594 1147 3660 1188 ac

2088 1221 2202 1285 Dei,
2226 1229 2281 1277 et
2311 1221 2414 1294 ipsi
2441 1221 2697 1287 Abrahae,
2736 1230 2790 1277 et
2818 1222 3031 1277 caeteris
3053 1221 3147 1277 Dei
3171 1223 3363 1279 amicis
3393 1223 3542 1291 viris,
3566 1223 3659 1286 qui

2084 1314 2315 1369 Abrahae
2356 1321 2678 1384 tempestate
2717 1314 3025 1381 ﬂoruerint,
3069 1315 3308 1384 seipsum
3362 1314 3657 1370 videndum

2082 1407 2399 1478 praebuisse.
2431 1406 2551 1462 .Iam
2597 1421 2747 1461 nunc
2784 1406 2952 1476 igitur
2991 1413 3202 1475 tempus
3230 1412 3315 1460 est
3364 1412 3425 1459 ut
3468 1405 3656 1460 videa-

2085 1516 2207 1556 mus
2236 1516 2343 1571 qua
2385 1501 2618 1565 ratione,
2656 1515 2803 1554 nunc
2838 1499 3150 1562 Dominum,
3189 1514 3337 1553 nunc
3383 1496 3554 1553 Deum
3587 1498 3657 1553 ad

2085 1590 2332 1647 homines
2365 1590 2775 1654 descensurum,
2811 1599 2864 1645 et
2898 1604 3093 1644 rursus
3130 1602 3510 1653 ascensurum,
3545 1599 3655 1644 tam

2084 1683 2362 1739 evidenter
2414 1683 2761 1739 Hebraeorum
2817 1683 3041 1739 oracula
3092 1683 3247 1754 prius
3298 1682 3658 1738 denuntiave-

2082 1774 2213 1840 rint,
2252 1784 2305 1829 et
2332 1789 2577 1845 quaenam
2608 1772 2838 1841 hujusce
2864 1773 3164 1829 descensus
3190 1786 3372 1828 causa:
3401 1770 3604 1827 fuerint
3637 1787 3651 1825 :

423 1868 512 1921 διὰ
571 1867 640 1921 τὰ
694 1865 1051 1937 θεσπιζόμενα
1105 1868 1224 1921 κατ’
1286 1865 1463 1919 αὐτῶν
1522 1866 1821 1938 σκυθρωπά
1845 1883 1860 1896 °
1910 1867 1978 1921 δι’

2080 1867 2296 1923 tametsi
2324 1866 2458 1922 illud
2489 1867 2588 1921 tibi
2612 1858 2909 1922 notandum
2941 1873 3047 1931 est,
3081 1864 3188 1919 alia
3211 1864 3431 1937 quidem
3460 1864 3659 1919 obscu-

426 1959 567 2032 ἀπερ
591 1960 735 2024 εἰκὸς
764 1955 831 2031 ἦν
858 1959 947 2015 καὶ
995 1957 1249 2026 ἀφανίσαι
1295 1957 1491 2020 αὐτοὺς
1531 1957 1629 2028 τὴν
1661 1956 1902 2030 Γραφὴν,
1931 1959 1981 2011 εἰ

424 2055 491 2107 ἐκ
536 2050 627 2105 τοῦ
683 2049 986 2121 προφανοῦς
1028 2049 1124 2120 τὴν
1182 2048 1419 2119 ἐσχάτην
1483 2048 1661 2102 αὐτῶν
1710 2048 1983 2120 ἀποϐολὴν

421 2143 729 2211 ἐσήμαινεν.
771 2140 925 2193 Οὕτω
961 2139 1091 2209 γοῦν
1145 2140 1241 2194 καὶ
1294 2142 1406 2203 τοῖς
1444 2140 1751 2211 προφήταις
1800 2140 1983 2205 αὐτοῖς

417 2230 790 2286 ἐπιϐουλεῦσαι
810 2232 1005 2294 αὐτοὺς
1036 2231 1254 2301 κατέχει
1299 2231 1476 2300 λόγος,
1493 2231 1559 2285 δι’
1587 2229 1680 2294 οὓς
1708 2230 1984 2286 ἐποιοῦντο

416 2323 535 2380 κατ’
560 2323 736 2377 αὐτῶν
768 2323 1041 2394 ἐλέγχους.
1071 2323 1137 2377 Al
1175 2322 1233 2376 δὲ
1293 2326 1482 2392 σαφεῖς
1528 2325 1849 2394 προφητεῖαι
1884 2323 1983 2394 τὴν

415 2415 523 2470 τῶν
570 2415 741 2470 ἐθνῶν
794 2416 985 2486 κλῆσιν
1026 2415 1327 2471 λευκότατα
1357 2415 1685 2487 περιέχουσι,
1709 2415 1818 2470 τῶν
1856 2419 1975 2471 κατ’

415 2504 690 2559 εὐσέϐειαν
743 2506 962 2575 ἀγαθῶν
1009 2505 1106 2570 τὰς
1133 2506 1461 2575 ἐπαγγελίας
1499 2506 1559 2562 οὐ
1588 2506 1665 2578 τῷ
1716 2508 1980 2563 Ἰουδαίων

412 2594 577 2659 ἔθνει,
607 2597 743 2650 πᾶσι
788 2596 844 2650 δὲ
882 2594 1186 2668 ἀνθρώποις
1224 2598 1335 2659 τοῖς
1362 2595 1483 2649 καθ’
1520 2593 1649 2664 ὅλης
1674 2598 1771 2667 τῆς
1803 2599 1982 2651 οίκου-

419 2687 586 2760 μένης
647 2688 1129 2758 καταγγέλλουσαι.
1162 2681 1259 2741 Ὧν
1290 2686 1461 2752 οὕτως
1515 2689 1765 2760 ἐχόντων,
1791 2689 1981 2761 καιρὸς

416 2778 515 2849 ῆδη
549 2778 773 2833 καὶτῶν
811 2778 967 2832 θείων
994 2777 1293 2835 ἐπακοῦσαι
1326 2778 1541 2847 λογίων.

2084 1960 2221 2024 rius,
2255 1959 2362 2013 alia
2405 1967 2585 2016 autem
2611 1958 2852 2029 apertius
2885 1959 3030 2012 dicta
3072 1957 3324 2011 inveniri.
3352 1956 3528 2027 Atque
3556 1971 3656 2027 ego

2083 2051 2301 2122 quidem
2327 2050 2583 2118 arbitror,
2614 2050 2914 2105 occultiora
2945 2050 3037 2104 illa
3065 2058 3287 2120 propter
3309 2045 3546 2112 Iudaeos,
3580 2047 3657 2101 ita

2082 2144 2324 2199 involute
2357 2150 2519 2213 atque
2565 2141 2829 2212 implicite
2864 2140 3077 2196 reddita
3109 2154 3254 2203 esse,
3285 2139 3430 2210 quod
3462 2136 3658 2193 videli~

2082 2243 2172 2292 cet
2189 2235 2367 2292 tristia
2388 2233 2634 2306 quaedam
2663 2235 2717 2288 in
2751 2233 2859 2288 illis
2888 2241 3078 2289 contra
3116 2232 3267 2303 ipsos
3299 2238 3655 2293 canerentur,

2083 2329 2152 2384 ob
2183 2343 2306 2399 quae
2334 2326 2630 2384 verisimile
2664 2325 2786 2391 fuit,
2810 2328 2961 2395 ipsos
2984 2324 3284 2379 abolituros
3315 2322 3657 2393 perdituros-

2080 2433 2186 2490 que
2210 2417 2378 2474 fuisse
2399 2417 2759 2488 Scripturam,
2790 2416 2837 2472 si
2864 2421 3050 2486 aperte
3071 2425 3374 2469 extremum
3406 2413 3653 2482 ipsorum

2080 2508 2361 2564 interitum
2408 2508 2794 2580 signiﬁcasset.
2845 2504 2936 2561 Sic
2991 2520 3124 2560 sane
3160 2506 3325 2560 etiam
3369 2502 3653 2574 prophetis

2080 2601 2309 2657 infestos
2350 2601 2540 2667 fuisse,
2584 2600 2861 2656 memoriae
2904 2599 3180 2669 proditum
3215 2603 3320 2661 est,
3364 2602 3653 2666 propterea

2079 2693 2225 2762 quod
2254 2693 2322 2749 ab
2362 2693 2473 2749 illis
2505 2691 3058 2763 reprehenderentur.
3084 2689 3217 2756 Quae
3246 2703 3376 2742 vero
3405 2686 3650 2757 apertius

2080 2783 2379 2853 loquuntur
2407 2781 2727 2853 prophetiae,
2753 2780 2821 2834 ab
2845 2779 2914 2835 iis
2931 2779 3119 2847 utique
3143 2776 3384 2847 gentium
3413 2774 3650 2841 vocatio,

415 2871 581 2926 nullis
612 2872 850 2926 involuta
900 2870 1345 2935 obscuritatibus,
1380 2872 1690 2927 continetur
1715 2871 1763 2925 ':
1807 2871 2116 2943 eaedemque
2171 2875 2440 2931 bonorum
2473 2889 2594 2944 quae
2634 2887 2663 2926 a
2694 2872 2895 2943 pietate
2943 2867 3366 2940 proﬁciscuntur
3417 2864 3655 2935 promis—

415 2965 621 3032 siones,
661 2978 772 3019 non
819 2964 914 3018 uni
954 2961 1195 3019 Iudaicae
1237 2962 1404 3033 genti,
1461 2963 1556 3019 sed
1604 2964 1862 3019 omnibus
1904 2980 2001 3034 per
2063 2975 2234 3021 totum
2283 2974 2561 3023 terrarum
2626 2965 2813 3021 orbem
2872 2962 3224 3027 hominibus,
3281 2958 3650 3015 denuntiant:

410 3075 536 3131 quae
589 3074 715 3114 cum
761 3058 842 3114 sic
886 3072 945 3114 se
977 3072 1073 3113 res
1124 3056 1380 3123 habeant,
1426 3056 1539 3127 jam
1585 3072 1730 3113 nunc
1759 3059 1981 3113 oracula
2011 3068 2231 3133 quoque
2247 3060 2430 3118 divina
2457 3059 2671 3124 audire,
2699 3065 2916 3129 tempus
2944 3056 3127 3112 fuerit.

944 3172 1339 3228 ΚΕΦΑΛΑΙΟΝ
1377 3174 1458 3229 A'.

419 3263 670 3335 Ψαλμοῦ
690 3265 777 3330 ιζ’.
797 3293 870 3309 -ρ
890 3265 1035 3337 Θεοῦ
1054 3268 1140 3332 εις
1155 3266 1502 3337 ἀνθρώπους
1526 3266 1785 3336 ἀφίξεως
1796 3268 1982 3337 δήλω-

657 3350 776 3400 σις,
809 3335 905 3390 καὶ
930 3336 1028 3389 ἐπὶ
1068 3337 1250 3405 ταύτῃ
1276 3334 1496 3405 κλῆσις
1522 3334 1730 3392 ἐθνῶν.

490 3444 511 3479 ι
550 3427 662 3481 Καὶ
693 3424 901 3479 ἔκλινεν
948 3426 1230 3497 οὐρανοὺς,
1270 3425 1365 3479 καὶ
1408 3426 1636 3498 κατέϐη,
1658 3430 1751 3483 καὶ
1777 3430 1981 3502 γνόφος

414 3519 520 3572 ὑπὸ
545 3521 672 3583 τοὺς
696 3520 858 3583 πόδας
892 3518 1055 3574 αὑτοῦ
1075 3536 1089 3550 ο
1121 3519 1214 3573 καὶ
1241 3519 1411 3591 ἐπέϐη
1442 3520 1535 3574 ἐπὶ
1569 3523 1851 3594 χερουϐὶμ,
1886 3524 1981 3577 καὶ

413 3611 722 3683 ἐπετάσθηο
784 3612 1055 3684 ἐπετάσθη
1111 3613 1203 3666 ἐπὶ
1250 3610 1538 3685 πτερύγων
1584 3615 1833 3688 ἀνέμων’
1886 3615 1980 3670 καὶ

414 3702 564 3757 ἔθετο
613 3703 803 3768 σκότος
854 3705 1174 3776 ὰποκρυφὴν
1227 3704 1430 3771 αὑτοῦ,
1478 3707 1663 3779 κύκλῳ
1720 3704 1886 3761 αὑτοῦ
1943 3707 1978 3778 ἡ

414 3793 586 3866 σκηνὴ
614 3793 798 3848 αὐτοῦ.
840 3813 859 3846 ι
901 3794 1165 3867 Ἠγοῦμαι
1198 3796 1288 3851 διὰ
1330 3799 1533 3853 τούτων
1570 3799 1825 3871 ἄντικρυς
1845 3797 1977 3852 Θεοῦ

411 3886 636 3940 κάθοδον
666 3886 954 3957 οὐρανόθεν
985 3889 1366 3959 παρίστασθαι.
1401 3891 1686 3964 Προειπὼν
1709 3892 1817 3965 γὰρ
1849 3893 1979 3946 πολ-

409 3975 510 4040 λὰς
537 3975 832 4043 θεολογίας,
873 3976 1115 4045 ἐπιλέγει
1150 3978 1219 4031 τὰ
1260 3980 1570 4051 ἐκκείμενα.
1593 3982 1683 4053 Τῷ
1708 3983 1765 4036 δὲ
1801 3983 1978 4052 λέγειν

412 4066 612 4120 κλίνειν
633 4063 793 4119 αὐτὸν
819 4061 1099 4137 οὐρανοὺς,
1128 4068 1220 4124 καὶ
1262 4067 1694 4139 κατεληλυθέναι,
1726 4071 1980 4141 σημαίνει

409 4157 509 4229 τὴν
531 4157 828 4229 ὑποστολὴν
854 4159 953 4230 τῆς
966 4156 1151 4211 ἐνθέου
1184 4157 1362 4229 δόξης,
1394 4161 1459 4230 ἢν
1490 4161 1519 4213 ό
1544 4160 1685 4225 θεῖος
1717 4162 1976 4216 Ἀπόστο-

411 4251 502 4316 λος
525 4252 792 4323 παριστὰς
817 4250 1026 4320 ἐλεγενο
1062 4271 1080 4303 ι
1116 4254 1211 4315 Ὃς
1228 4253 1285 4307 ἐν
1319 4254 1501 4323 μορφῇ
1531 4251 1665 4309 Θεοῦ
1695 4252 1974 4325 ὑπάρχων,

412 4344 510 4415 οὐχ
542 4343 834 4415 ἁρπαγμὸν
887 4344 1131 4415 ἡγήσατο
1178 4344 1239 4397 τὸ
1267 4338 1405 4401 εἷναι
1433 4343 1524 4399 ἴσα
1552 4343 1689 4415 Θεῷ,
1724 4345 1838 4399 ἀλλ’
1871 4345 1975 4401 αύ-

412 4433 503 4487 τὸν
521 4434 772 4499 ἐκένωσε,
800 4434 1009 4507 μορφὴν
1028 4434 1210 4488 δούλου
1238 4434 1436 4489 λαϐών.
1464 4454 1482 4486 ι
1509 4434 1617 4489 Καὶ
1629 4435 1708 4498 τὸ,
1732 4454 1752 4485 ι
1774 4435 1973 4506 Ἐπέϐη

2600 3176 2764 3248 253
2791 3174 3019 3232 CAPUT
3053 3172 3095 3230 ι.

2081 3272 2123 3326 Α
2153 3273 2360 3342 psalmo
2399 3287 2532 3327 xvu.
2555 3299 2630 3342 -ί
2648 3269 2749 3322 Dei
2772 3267 2841 3321 ad
2865 3267 3097 3342 homines
3119 3264 3379 3342 adventus
3411 3262 3650 3319 ostendi-

2482 3351 2588 3401 tur,
2616 3341 2738 3393 item
2761 3339 2963 3392 vacatio
2989 3337 3244 3406 gentium.

2155 3450 2175 3484 ι
2205 3431 2270 3486 Et
2304 3432 2588 3487 inclinavit
2612 3431 2782 3487 ccelos
2809 3439 2864 3485 et
2906 3427 3212 3493 descendit,
3248 3435 3301 3481 et
3337 3425 3515 3497 caligo
3547 3423 3652 3479 sub

2079 3524 2308 3594 pedibus
2335 3523 2454 3592 ejus
2479 3541 2493 3578 ι
2524 3530 2579 3578 et
2607 3521 2853 3577 ascendit
2887 3535 3050 3589 super
3079 3519 3386 3583 cherubim,
3420 3524 3475 3572 et
3501 3516 3650 3571 vola-

2077 3616 2157 3672 vit
2188 3631 2201 3667 :
2238 3616 2439 3669 volavit
2465 3628 2629 3683 super
2658 3627 2866 3682 pennas
2903 3618 3191 3666 ventorum
3226 3627 3240 3664 :
3275 3617 3330 3664 et
3347 3607 3533 3677 posuit
3561 3612 3648 3660 te-

2080 3710 2275 3763 nebras
2301 3707 2583 3761 latibulum
2613 3719 2795 3766 suum,
2830 3704 2886 3757 in
2911 3701 3144 3757 circuitu
3171 3699 3291 3769 ejus
3318 3698 3649 3753 tabernacu-

2081 3802 2191 3856 lum
2220 3799 2340 3870 ejus
2361 3800 2421 3852 ¹¹.
2468 3817 2486 3849 ι
2536 3797 2786 3851 Arbitror
2834 3811 2901 3849 ex
2942 3793 3028 3848 his
3069 3790 3389 3862 planissime
3430 3789 3526 3844 Dei
3579 3788 3648 3843 de

2080 3892 2218 3947 caelo
2264 3890 2586 3945 descensum
2614 3884 2829 3941 ostendi
2862 3899 2876 3934 :
2923 3889 3212 3953 postquam
3241 3878 3386 3934 enim
3446 3877 3647 3932 multas

2079 3984 2385 4053 theologias
2432 3961 2758 4044 enuntiavit,
2800 3986 2913 4031 tum
2954 3990 3017 4030 ea
3067 3987 3190 4044 quae
3233 3968 3483 4037 exposita
3518 3977 3644 4022 sunt

2078 4076 2342 4146 adjungit.
2376 4072 2550 4128 Porro
2589 4072 2718 4125 dum
2760 4069 2895 4124 dicit
2929 4066 3225 4121 inclinasse
3259 4061 3410 4116 illum
3450 4059 3643 4120 cmlos,

2077 4174 2131 4220 et
2155 4167 2235 4220 sic
2258 4163 2631 4223 descendisse,
2670 4160 3098 4215 contractionem
3139 4153 3333 4210 divina:
3355 4150 3541 4220 gloria:
3570 4149 3645 4203 si-

2075 4258 2316 4328 gniﬁcat,
2331 4271 2493 4328 quam
2521 4254 2739 4309 divinus
2753 4251 3045 4322 Apostolus
3061 4247 3349 4303 declarans
3366 4242 3473 4296 ait:
3498 4261 3516 4293 ι
3541 4238 3644 4307 Qui

2077 4364 2201 4402 cum
2230 4348 2285 4403 in
2311 4348 2483 4403 forma
2511 4346 2605 4402 Dei
2623 4354 2790 4408 esset,
2813 4359 2922 4399 non
2951 4341 3197 4411 rapinam
3237 4335 3534 4393 arbitratus
3561 4338 3645 4387 est

2076 4454 2200 4494 esse
2228 4454 2287 4493 se
2311 4439 2572 4509 aequalem
2604 4437 2717 4492 Deo
2749 4452 2762 4488 :
2789 4436 2882 4490 sed
2915 4420 3154 4502 seipsum
3179 4426 3500 4488 exinanivit,
3534 4423 3644 4478 for-

408 4527 468 4585 δὲ
483 4527 576 4580 ἐπὶ
594 4526 874 4598 χερουϐὶμ,
896 4526 988 4582 καὶ
1010 4526 1302 4599 ἐπετάσθη,
1331 4546 1349 4580 ι
1368 4526 1695 4581 αἰνίττεσθαί
1724 4544 1813 4598 μοι
1833 4526 1979 4581 δοκεῖ

2082 4548 2224 4586 mam
2261 4535 2401 4587 servi
2443 4530 2797 4602 accipiens".
2832 4547 2849 4579 ι
2882 4526 3018 4603 illud
3058 4530 3238 4576 autem
3269 4559 3285 4583 ,
3330 4537 3349 4570 ι
3385 4514 3645 4574 Ascendit

411 4617 509 4690 τὴν
531 4618 624 4671 ἐπὶ
652 4617 745 4671 τοῦ
771 4617 905 4671 Θεοῦ
927 4617 1079 4683 δόξαν
1107 4618 1568 4684 ἀποκατάστασιν,
1594 4620 1660 4691 ἢν
1683 4618 1975 4690 πεποίηται

412 4710 727 4778 ἀγγελικαῖς
784 4710 876 4763 καὶ
930 4710 1100 4775 θείαις
1155 4710 1412 4781 δυνάμεσι
1473 4709 1969 4783 δορυφορούμενοςο

409 4799 439 4852 ὃ
473 4800 565 4854 καὶ
615 4799 746 4853 αὐτὸ
776 4797 1061 4870 δηλοῦσθαί
1090 4818 1180 4871 μοι
1208 4800 1352 4855 δοκεῖ
1372 4801 1456 4856 διὰ
1485 4801 1603 4854 τοῦ’
1624 4820 1643 4854 ι
1668 4801 1968 4871 Έπετὰσθη

411 4891 502 4942 ἐπὶ
532 4890 815 4961 πτερύγων
855 4892 1089 4963 ἀνέμων.
1120 4911 1139 4943 ι
1176 4892 1249 4945 Τὸ
1283 4892 1339 4944 δὲ
1365 4892 1553 4956 σκότος
1578 4892 1850 4946 τεθεῖσθαι
1870 4892 1969 4965 τὴν

409 4981 733 5053 ἀποκρυφὴν
761 4978 949 5043 αὑτοῦ,
988 4983 1080 5040 καὶ
1103 4982 1298 5052 γνόφον
1329 4983 1432 5036 ὑπὸ
1459 4984 1583 5046 τοὺς
1621 4982 1784 5048 πόδας
1809 4982 1975 5037 αὑτοῦ

411 5071 685 5140 λέγεσθαι,
738 5073 1140 5144 παραστατικὸν
1185 5072 1251 5127 ἂν
1308 5073 1396 5146 εἴη
1435 5075 1535 5144 τῆς
1590 5074 1822 5145 κρυφίου
1881 5073 1975 5129 καὶ

411 5164 722 5235 ἀπορρήτου
775 5164 1103 5232 οίκονομίας,
1145 5166 1263 5219 καθ’
1295 5168 1362 5238 ἢν
1400 5166 1572 5220 ταῦτα
1613 5167 1790 5222 πάντα
1825 5165 1975 5239 αύτῷ

412 5254 660 5313 ἐτελεῖτο.
706 5271 724 5302 ι
761 5250 959 5323 Κύκλῳ
1007 5254 1063 5307 δὲ
1087 5254 1250 5317 αὑτοῦ
1282 5259 1315 5328 ἡ
1372 5257 1543 5329 σκηνὴ
1576 5257 1764 5322 αὐτοῦ,
1802 5278 1821 5311 ι
1851 5261 1972 5314 τίνα

410 5344 661 5415 λέγεσθαι
719 5345 982 5415 προσήκει
1017 5347 1176 5411 νοεῖν,
1211 5346 1245 5416 ἢ
1296 5346 1395 5417 τὴν
1441 5347 1603 5416 ἁγίαν
1660 5346 1823 5401 αὑτοῦ
1881 5350 1973 5403 καὶ

409 5438 699 5509 καθολικὴν
730 5435 1072 5507 Ἐκκλησίαν,
1102 5437 1211 5490 εἴτε
1231 5436 1331 5509 τὴν
1363 5438 1453 5491 ἐπὶ
1468 5439 1563 5510 τῆς
1581 5440 1704 5511 γῆς,
1737 5440 1846 5496 εἴτε
1877 5440 1976 5517 τὴν

407 5531 466 5583 ἐν
492 5531 766 5603 ούρανοῖς;
810 5529 966 5600 Ἑξῆς
996 5528 1051 5582 δὲ
1080 5528 1221 5583 κατά
1247 5530 1335 5583 τὸν
1367 5532 1525 5586 αὑτὸν
1552 5533 1763 5605 ψαλμὸν
1797 5534 1976 5587 τελευ-

405 5624 514 5682 τῶν
537 5626 565 5676 ό
581 5623 756 5692 λόγος,
777 5622 913 5695 ὁμοῦ
937 5621 1264 5694 παραίτησιν
1285 5621 1379 5679 τοῦ
1407 5625 1670 5698 προτέρου
1706 5626 1854 5691 λαοῦ,
1884 5628 1976 5681 καὶ

479 5798 520 5830 ⁸⁸
551 5797 694 5854 l’sal.
726 5814 856 5865 xvu,
894 5799 1076 5854 10-12.
1159 5799 1202 5831 "
1239 5797 1466 5865 Philipp.
1498 5813 1559 5860 ιι,
1587 5798 1641 5856 6.

2083 4636 2247 4690 super
2267 4621 2570 4683 cherubim,
2602 4625 2658 4674 et
2685 4617 2911 4679 volavit,
2947 4634 2964 4667 υ
3000 4611 3311 4682 signiﬁcare
3329 4607 3461 4662 mihi
3494 4604 3645 4658 vide-

2078 4721 2188 4774 tur,
2219 4712 2360 4782 quod
2402 4712 2588 4782 gloriae
2626 4709 2721 4765 Dei
2749 4714 2897 4764 esset
2939 4700 3333 4765 restituendus,
3377 4703 3541 4767 atque
3570 4694 3654 4749 in-

2078 4805 2236 4860 terim
2291 4804 2552 4875 angelicis
2605 4801 2915 4870 divinisque
2959 4795 3132 4865 c0piis
3186 4787 3576 4859 constipandus
3624 4798 3642 4835 :

2076 4894 2220 4966 quod
2260 4894 2386 4948 item
2425 4894 2556 4947 mihi
2598 4891 2876 4947 declarare
2903 4887 3039 4966 illud
3072 4884 3288 4938 videtur
3325 4898 3338 4934 :
3372 4897 3391 4929 ι
3431 4875 3642 4931 Volavit

2075 4960 2240 5057 super
2265 5001 2471 5057 pennas
2498 4992 2804 5041 ventorum.
2838 5002 2856 5034 ι
2887 4960 3044 5048 Quod
3067 4984 3246 5031 autem
3282 4971 3537 5027 tenebras
3564 4969 3640 5021 la-

2071 5080 2303 5134 tibulum
2349 5092 2509 5132 suum
2537 5076 2803 5146 posuerit,
2836 5082 2888 5128 et
2939 5069 3225 5140 caliginem
3271 5065 3375 5122 sub
3410 5062 3642 5133 pedibus

2071 5169 2191 5239 ejus
2224 5166 2439 5231 dixerit,
2464 5165 2720 5221 nimirum
2752 5164 2857 5217 hoc
2894 5161 2981 5223 sit,
3024 5157 3292 5212 occultam
3317 5160 3373 5206 et
3402 5150 3648 5205 incll‘ahi-
3678 5226 3681 5229 _

2072 5264 2177 5318 lem
2217 5258 2679 5330 dispensationem
2724 5250 3042 5314 indicantis,
3099 5244 3401 5303 secundum
3450 5257 3640 5313 quam,

2076 5354 2330 5410 universa
2377 5352 2491 5407 haec
2519 5351 2589 5406 ab
2623 5352 2744 5421 ipso
2789 5344 3027 5418 perfecta
3054 5347 3182 5395 sunt
3215 5353 3228 5389 :
3262 5336 3408 5405 quod
3459 5341 3640 5388 autem

2074 5464 2100 5505 ,ι
2139 5446 2197 5500 In
2226 5445 2457 5500 circuitu
2510 5442 2631 5512 ejus
2661 5436 3070 5496 tabernaculum
3103 5430 3223 5501 ejus
3256 5448 3275 5481 ι
3308 5427 3514 5482 dictum
3547 5425 3640 5489 sit,

2074 5537 2208 5591 nihil
2246 5551 2353 5607 ego
2401 5535 2548 5590 aliud
2597 5531 2825 5602 intelligi
2864 5534 3119 5599 oportere
3167 5521 3424 5582 arbitror,
3476 5533 3640 5588 quam

2075 5632 2319 5683 sanctam
2365 5626 2541 5697 ipsius
2569 5630 2624 5679 et
2653 5620 2981 5677 catholicam
3011 5615 3340 5680 Ecclesium,
3373 5610 3488 5666 sive
3519 5624 3639 5663 eam
