  <div class='ocr_page' id='page_1' title='image "/cluster/home/n/w/nwhite01/storage/ocr_20150623/22:no.4/coo.31924054873025/221.png"; bbox 0 0 4110 6428; ppageno 0'>
   <div class='ocr_carea' id='block_1_1' title="bbox 456 353 561 407">
    <p class='ocr_par' dir='ltr' id='par_1_1' title="bbox 456 353 561 407">
     <span class='ocr_line' id='line_1_1' title="bbox 456 353 561 407; baseline -0.019 0"><span class='ocrx_word' id='word_1_1' title='bbox 456 353 561 407; x_wconf 66' lang='grc' dir='ltr'><strong>με</strong></span> 
     </span>
    </p>
   </div>
   <div class='ocr_carea' id='block_1_2' title="bbox 1095 335 3002 402">
    <p class='ocr_par' dir='ltr' id='par_1_2' title="bbox 1095 335 3002 402">
     <span class='ocr_line' id='line_1_2' title="bbox 1095 335 3002 402; baseline -0.005 0"><span class='ocrx_word' id='word_1_2' title='bbox 1095 343 1359 402; x_wconf 75' lang='lat' dir='ltr'><strong>EUSEBH</strong></span> <span class='ocrx_word' id='word_1_3' title='bbox 1382 339 1863 398; x_wconf 66' lang='lat' dir='ltr'><strong>CESARIENSIS</strong></span> <span class='ocrx_word' id='word_1_4' title='bbox 1894 338 2053 394; x_wconf 34' lang='lat' dir='ltr'><strong>‘09P.</strong></span> <span class='ocrx_word' id='word_1_5' title='bbox 2093 336 2273 394; x_wconf 76' lang='lat' dir='ltr'><strong>PARS</strong></span> <span class='ocrx_word' id='word_1_6' title='bbox 2302 337 2367 394; x_wconf 87' lang='lat' dir='ltr'><strong>ll.</strong></span> <span class='ocrx_word' id='word_1_7' title='bbox 2404 367 2477 380; x_wconf 90' lang='lat'><strong>—</strong></span> <span class='ocrx_word' id='word_1_8' title='bbox 2509 335 3002 393; x_wconf 79' lang='lat' dir='ltr'><strong>APOLOGETICA.</strong></span> 
     </span>
    </p>
   </div>
   <div class='ocr_carea' id='block_1_3' title="bbox 3598 341 3709 395">
    <p class='ocr_par' dir='ltr' id='par_1_3' title="bbox 3598 341 3709 395">
     <span class='ocr_line' id='line_1_3' title="bbox 3598 341 3709 395; baseline 0 0"><span class='ocrx_word' id='word_1_9' title='bbox 3598 341 3709 395; x_wconf 72' lang='lat' dir='ltr'><strong>M6</strong></span> 
     </span>
    </p>
   </div>
   <div class='ocr_carea' id='block_1_4' title="bbox 456 452 2051 545">
    <p class='ocr_par' dir='ltr' id='par_1_4' title="bbox 456 462 2043 545">
     <span class='ocr_line' id='line_1_4' title="bbox 456 462 2043 545; baseline -0.008 -16"><span class='ocrx_word' id='word_1_10' title='bbox 456 490 579 545; x_wconf 69' lang='lat' dir='ltr'><strong>quae</strong></span> <span class='ocrx_word' id='word_1_11' title='bbox 605 475 661 528; x_wconf 89' lang='lat' dir='ltr'><strong>iu</strong></span> <span class='ocrx_word' id='word_1_12' title='bbox 684 473 868 537; x_wconf 90' lang='lat' dir='ltr'><strong>terris,</strong></span> <span class='ocrx_word' id='word_1_13' title='bbox 902 470 1018 527; x_wconf 86' lang='lat' dir='ltr'><strong>sive</strong></span> <span class='ocrx_word' id='word_1_14' title='bbox 1053 483 1172 522; x_wconf 84' lang='lat' dir='ltr'><strong>eam</strong></span> <span class='ocrx_word' id='word_1_15' title='bbox 1206 480 1328 536; x_wconf 79' lang='lat' dir='ltr'><strong>qua:</strong></span> <span class='ocrx_word' id='word_1_16' title='bbox 1357 465 1413 519; x_wconf 87' lang='lat' dir='ltr'><strong>in</strong></span> <span class='ocrx_word' id='word_1_17' title='bbox 1443 465 1588 520; x_wconf 75' lang='lat' dir='ltr'><strong>cwlo</strong></span> <span class='ocrx_word' id='word_1_18' title='bbox 1611 471 1863 520; x_wconf 75' lang='lat' dir='ltr'><strong>versatur</strong></span> <span class='ocrx_word' id='word_1_19' title='bbox 1897 462 2043 516; x_wconf 87' lang='lat' dir='ltr'><strong>acci-</strong></span> 
     </span>
    </p>
   </div>
   <div class='ocr_carea' id='block_1_5' title="bbox 2152 452 3704 545">
    <p class='ocr_par' dir='ltr' id='par_1_5' title="bbox 2152 452 3704 532">
     <span class='ocr_line' id='line_1_5' title="bbox 2152 452 3704 532; baseline 0 -18"><span class='ocrx_word' id='word_1_20' title='bbox 2152 461 2238 532; x_wconf 72' lang='grc' dir='ltr'><strong>τὴν</strong></span> <span class='ocrx_word' id='word_1_21' title='bbox 2297 461 2489 531; x_wconf 78' lang='grc' dir='ltr'><strong>κλῆσιν</strong></span> <span class='ocrx_word' id='word_1_22' title='bbox 2531 460 2639 513; x_wconf 88' lang='grc' dir='ltr'><strong>τῶν</strong></span> <span class='ocrx_word' id='word_1_23' title='bbox 2684 457 2853 513; x_wconf 80' lang='grc' dir='ltr'><strong>ἐθνῶν</strong></span> <span class='ocrx_word' id='word_1_24' title='bbox 2903 457 3276 531; x_wconf 73' lang='grc' dir='ltr'><strong>προθεσπίζει,</strong></span> <span class='ocrx_word' id='word_1_25' title='bbox 3315 457 3384 511; x_wconf 77' lang='grc' dir='ltr'><strong>δι’</strong></span> <span class='ocrx_word' id='word_1_26' title='bbox 3427 452 3504 513; x_wconf 79' lang='grc' dir='ltr'><strong>ὧν</strong></span> <span class='ocrx_word' id='word_1_27' title='bbox 3543 477 3704 531; x_wconf 72' lang='grc' dir='ltr'><strong>φησιο</strong></span> 
     </span>
    </p>
   </div>
   <div class='ocr_carea' id='block_1_6' title="bbox 461 554 2039 636">
    <p class='ocr_par' dir='ltr' id='par_1_6' title="bbox 461 554 2039 636">
     <span class='ocr_line' id='line_1_6' title="bbox 461 554 2039 636; baseline -0.008 -17"><span class='ocrx_word' id='word_1_28' title='bbox 461 568 599 636; x_wconf 85' lang='lat' dir='ltr'><strong>pias.</strong></span> <span class='ocrx_word' id='word_1_29' title='bbox 634 564 899 632; x_wconf 83' lang='lat' dir='ltr'><strong>Deinceps</strong></span> <span class='ocrx_word' id='word_1_30' title='bbox 918 576 1047 615; x_wconf 88' lang='lat' dir='ltr'><strong>vero</strong></span> <span class='ocrx_word' id='word_1_31' title='bbox 1072 560 1128 613; x_wconf 93' lang='lat' dir='ltr'><strong>in</strong></span> <span class='ocrx_word' id='word_1_32' title='bbox 1158 558 1348 612; x_wconf 88' lang='lat' dir='ltr'><strong>eodem</strong></span> <span class='ocrx_word' id='word_1_33' title='bbox 1380 554 1904 626; x_wconf 42' lang='lat' dir='ltr'><strong>psalmoubi‘oratio</strong></span> <span class='ocrx_word' id='word_1_34' title='bbox 1932 563 2039 607; x_wconf 79' lang='lat' dir='ltr'><strong>ter-</strong></span> 
     </span>
    </p>
   </div>
   <div class='ocr_carea' id='block_1_7' title="bbox 461 648 2039 723">
    <p class='ocr_par' dir='ltr' id='par_1_7' title="bbox 461 648 2039 723">
     <span class='ocr_line' id='line_1_7' title="bbox 461 648 2039 723; baseline -0.009 -10"><span class='ocrx_word' id='word_1_35' title='bbox 461 661 722 723; x_wconf 88' lang='lat' dir='ltr'><strong>minatur,</strong></span> <span class='ocrx_word' id='word_1_36' title='bbox 745 657 905 711; x_wconf 84' lang='lat' dir='ltr'><strong>simul</strong></span> <span class='ocrx_word' id='word_1_37' title='bbox 937 663 991 710; x_wconf 87' lang='lat' dir='ltr'><strong>et</strong></span> <span class='ocrx_word' id='word_1_38' title='bbox 1017 652 1359 721; x_wconf 74' lang='lat' dir='ltr'><strong>rejectionem</strong></span> <span class='ocrx_word' id='word_1_39' title='bbox 1389 650 1587 721; x_wconf 82' lang='lat' dir='ltr'><strong>prioris</strong></span> <span class='ocrx_word' id='word_1_40' title='bbox 1619 648 1822 718; x_wconf 73' lang='lat' dir='ltr'><strong>populi,</strong></span> <span class='ocrx_word' id='word_1_41' title='bbox 1854 653 1909 701; x_wconf 89' lang='lat' dir='ltr'><strong>et</strong></span> <span class='ocrx_word' id='word_1_42' title='bbox 1941 660 2039 700; x_wconf 86' lang='lat' dir='ltr'><strong>vo-</strong></span> 
     </span>
    </p>
   </div>
   <div class='ocr_carea' id='block_1_8' title="bbox 460 736 2039 820">
    <p class='ocr_par' dir='ltr' id='par_1_8' title="bbox 460 736 2039 820">
     <span class='ocr_line' id='line_1_8' title="bbox 460 736 2039 820; baseline -0.009 -15"><span class='ocrx_word' id='word_1_43' title='bbox 460 753 730 805; x_wconf 88' lang='lat' dir='ltr'><strong>cationem</strong></span> <span class='ocrx_word' id='word_1_44' title='bbox 760 748 1001 820; x_wconf 87' lang='lat' dir='ltr'><strong>gentium</strong></span> <span class='ocrx_word' id='word_1_45' title='bbox 1034 741 1479 815; x_wconf 67' lang='lat' dir='ltr'><strong>praedivinat,his</strong></span> <span class='ocrx_word' id='word_1_46' title='bbox 1502 740 1725 795; x_wconf 84' lang='lat' dir='ltr'><strong>verbis:</strong></span> <span class='ocrx_word' id='word_1_47' title='bbox 1768 756 1787 788; x_wconf 80' lang='grc' dir='ltr'><strong>ι</strong></span> <span class='ocrx_word' id='word_1_48' title='bbox 1825 736 2039 807; x_wconf 82' lang='lat' dir='ltr'><strong>Eripies</strong></span> 
     </span>
    </p>
   </div>
   <div class='ocr_carea' id='block_1_9' title="bbox 465 828 2037 907">
    <p class='ocr_par' dir='ltr' id='par_1_9' title="bbox 465 828 2037 907">
     <span class='ocr_line' id='line_1_9' title="bbox 465 828 2037 907; baseline -0.013 -7"><span class='ocrx_word' id='word_1_49' title='bbox 465 861 549 900; x_wconf 89' lang='lat' dir='ltr'><strong>me</strong></span> <span class='ocrx_word' id='word_1_50' title='bbox 578 845 645 899; x_wconf 89' lang='lat' dir='ltr'><strong>de</strong></span> <span class='ocrx_word' id='word_1_51' title='bbox 689 839 1216 898; x_wconf 70' lang='lat' dir='ltr'><strong>contradictionibus</strong></span> <span class='ocrx_word' id='word_1_52' title='bbox 1266 835 1476 907; x_wconf 84' lang='lat' dir='ltr'><strong>pepuli,</strong></span> <span class='ocrx_word' id='word_1_53' title='bbox 1513 832 1819 888; x_wconf 74' lang='lat' dir='ltr'><strong>constitues</strong></span> <span class='ocrx_word' id='word_1_54' title='bbox 1863 844 1949 883; x_wconf 89' lang='lat' dir='ltr'><strong>me</strong></span> <span class='ocrx_word' id='word_1_55' title='bbox 1980 828 2037 881; x_wconf 89' lang='lat' dir='ltr'><strong>in</strong></span> 
     </span>
    </p>
   </div>
   <div class='ocr_carea' id='block_1_10' title="bbox 465 918 2039 1012">
    <p class='ocr_par' dir='ltr' id='par_1_10' title="bbox 465 918 2039 1012">
     <span class='ocr_line' id='line_1_10' title="bbox 465 918 2039 1012; baseline -0.017 -15"><span class='ocrx_word' id='word_1_56' title='bbox 465 948 628 1012; x_wconf 88' lang='lat' dir='ltr'><strong>caput</strong></span> <span class='ocrx_word' id='word_1_57' title='bbox 657 937 919 1008; x_wconf 89' lang='lat' dir='ltr'><strong>gentium.</strong></span> <span class='ocrx_word' id='word_1_58' title='bbox 953 931 1194 1001; x_wconf 88' lang='lat' dir='ltr'><strong>Populus</strong></span> <span class='ocrx_word' id='word_1_59' title='bbox 1234 944 1395 999; x_wconf 85' lang='lat' dir='ltr'><strong>quem</strong></span> <span class='ocrx_word' id='word_1_60' title='bbox 1420 941 1528 981; x_wconf 92' lang='lat' dir='ltr'><strong>non</strong></span> <span class='ocrx_word' id='word_1_61' title='bbox 1553 923 1783 995; x_wconf 83' lang='lat' dir='ltr'><strong>cognovi</strong></span> <span class='ocrx_word' id='word_1_62' title='bbox 1815 918 2039 1012; x_wconf 76' lang='lat' dir='ltr'><strong>servivit</strong></span> 
     </span>
    </p>
   </div>
   <div class='ocr_carea' id='block_1_11' title="bbox 466 1007 2038 1095">
    <p class='ocr_par' dir='ltr' id='par_1_11' title="bbox 466 1007 2038 1095">
     <span class='ocr_line' id='line_1_11' title="bbox 466 1007 2038 1095; baseline -0.018 -6"><span class='ocrx_word' id='word_1_63' title='bbox 466 1007 621 1095; x_wconf 78' lang='lat' dir='ltr'><strong>mihi,</strong></span> <span class='ocrx_word' id='word_1_64' title='bbox 665 1007 723 1084; x_wconf 81' lang='lat' dir='ltr'><strong>in</strong></span> <span class='ocrx_word' id='word_1_65' title='bbox 781 1026 970 1081; x_wconf 87' lang='lat' dir='ltr'><strong>auditu</strong></span> <span class='ocrx_word' id='word_1_66' title='bbox 1025 1024 1175 1078; x_wconf 81' lang='lat' dir='ltr'><strong>auris</strong></span> <span class='ocrx_word' id='word_1_67' title='bbox 1218 1019 1461 1075; x_wconf 87' lang='lat' dir='ltr'><strong>obedivit</strong></span> <span class='ocrx_word' id='word_1_68' title='bbox 1508 1017 1641 1070; x_wconf 88' lang='lat' dir='ltr'><strong>mihi</strong></span> <span class='ocrx_word' id='word_1_69' title='bbox 1681 1031 1692 1065; x_wconf 94' lang='lat'>:</span> <span class='ocrx_word' id='word_1_70' title='bbox 1738 1013 1834 1067; x_wconf 88' lang='lat' dir='ltr'><strong>lilii</strong></span> <span class='ocrx_word' id='word_1_71' title='bbox 1874 1007 2038 1065; x_wconf 85' lang='lat' dir='ltr'><strong>alieni</strong></span> 
     </span>
    </p>
   </div>
   <div class='ocr_carea' id='block_1_12' title="bbox 2146 550 3714 624">
    <p class='ocr_par' dir='ltr' id='par_1_12' title="bbox 2146 550 3714 624">
     <span class='ocr_line' id='line_1_12' title="bbox 2146 550 3714 624; baseline -0.001 -18"><span class='ocrx_word' id='word_1_72' title='bbox 2146 572 2166 606; x_wconf 76' lang='grc' dir='ltr'><strong>ι</strong></span> <span class='ocrx_word' id='word_1_73' title='bbox 2209 552 2375 624; x_wconf 80' lang='grc' dir='ltr'><strong>Ῥύσῃ</strong></span> <span class='ocrx_word' id='word_1_74' title='bbox 2396 569 2463 623; x_wconf 88' lang='grc' dir='ltr'><strong>με</strong></span> <span class='ocrx_word' id='word_1_75' title='bbox 2484 551 2546 616; x_wconf 80' lang='grc' dir='ltr'><strong>ἐξ</strong></span> <span class='ocrx_word' id='word_1_76' title='bbox 2563 550 2876 619; x_wconf 80' lang='grc' dir='ltr'><strong>ἀντιλογιῶν</strong></span> <span class='ocrx_word' id='word_1_77' title='bbox 2896 550 3046 616; x_wconf 81' lang='grc' dir='ltr'><strong>λαοῦ,</strong></span> <span class='ocrx_word' id='word_1_78' title='bbox 3062 551 3427 619; x_wconf 78' lang='grc' dir='ltr'><strong>καταστήσεις</strong></span> <span class='ocrx_word' id='word_1_79' title='bbox 3450 553 3608 620; x_wconf 83' lang='grc' dir='ltr'><strong>μεείς</strong></span> <span class='ocrx_word' id='word_1_80' title='bbox 3618 567 3714 604; x_wconf 82' lang='grc' dir='ltr'><strong>κε-</strong></span> 
     </span>
    </p>
   </div>
   <div class='ocr_carea' id='block_1_13' title="bbox 2140 638 3713 714">
    <p class='ocr_par' dir='ltr' id='par_1_13' title="bbox 2140 638 3713 714">
     <span class='ocr_line' id='line_1_13' title="bbox 2140 638 3713 714; baseline -0.001 -19"><span class='ocrx_word' id='word_1_81' title='bbox 2140 643 2315 714; x_wconf 84' lang='grc' dir='ltr'><strong>φαλάς</strong></span> <span class='ocrx_word' id='word_1_82' title='bbox 2343 640 2531 696; x_wconf 90' lang='grc' dir='ltr'><strong>ἐθνῶν.</strong></span> <span class='ocrx_word' id='word_1_83' title='bbox 2564 641 2702 705; x_wconf 76' lang='grc' dir='ltr'><strong>Δαὸς</strong></span> <span class='ocrx_word' id='word_1_84' title='bbox 2731 641 2792 695; x_wconf 81' lang='grc' dir='ltr'><strong>δν</strong></span> <span class='ocrx_word' id='word_1_85' title='bbox 2823 640 2922 695; x_wconf 75' lang='grc' dir='ltr'><strong>οὐκ</strong></span> <span class='ocrx_word' id='word_1_86' title='bbox 2947 640 3118 709; x_wconf 73' lang='grc' dir='ltr'><strong>ἔγνων</strong></span> <span class='ocrx_word' id='word_1_87' title='bbox 3147 638 3424 694; x_wconf 77' lang='grc' dir='ltr'><strong>ἐδούλευσέ</strong></span> <span class='ocrx_word' id='word_1_88' title='bbox 3457 656 3569 710; x_wconf 85' lang='grc' dir='ltr'><strong>μοι,</strong></span> <span class='ocrx_word' id='word_1_89' title='bbox 3603 641 3713 694; x_wconf 77' lang='grc' dir='ltr'><strong>υίοὶ</strong></span> 
     </span>
    </p>
   </div>
   <div class='ocr_carea' id='block_1_14' title="bbox 2141 730 3715 806">
    <p class='ocr_par' dir='ltr' id='par_1_14' title="bbox 2141 730 3715 806">
     <span class='ocr_line' id='line_1_14' title="bbox 2141 730 3715 806; baseline -0.004 -17"><span class='ocrx_word' id='word_1_90' title='bbox 2141 735 2407 806; x_wconf 81' lang='grc' dir='ltr'><strong>ἀλλότριοι</strong></span> <span class='ocrx_word' id='word_1_91' title='bbox 2438 732 2734 794; x_wconf 76' lang='grc' dir='ltr'><strong>ἐψεύσαντό</strong></span> <span class='ocrx_word' id='word_1_92' title='bbox 2780 749 2892 803; x_wconf 87' lang='grc' dir='ltr'><strong>μοι,</strong></span> <span class='ocrx_word' id='word_1_93' title='bbox 2923 732 3031 785; x_wconf 76' lang='grc' dir='ltr'><strong>υίοὶ</strong></span> <span class='ocrx_word' id='word_1_94' title='bbox 3063 731 3332 803; x_wconf 81' lang='grc' dir='ltr'><strong>ἀλλότριοι</strong></span> <span class='ocrx_word' id='word_1_95' title='bbox 3366 730 3715 804; x_wconf 79' lang='grc' dir='ltr'><strong>ἐπαλαιώθη-</strong></span> 
     </span>
    </p>
   </div>
   <div class='ocr_carea' id='block_1_15' title="bbox 2142 820 3713 894">
    <p class='ocr_par' dir='ltr' id='par_1_15' title="bbox 2142 820 3713 894">
     <span class='ocr_line' id='line_1_15' title="bbox 2142 820 3713 894; baseline -0.004 -14"><span class='ocrx_word' id='word_1_96' title='bbox 2142 843 2261 891; x_wconf 80' lang='grc' dir='ltr'><strong>σαν,</strong></span> <span class='ocrx_word' id='word_1_97' title='bbox 2295 825 2386 878; x_wconf 80' lang='grc' dir='ltr'><strong>καὶ</strong></span> <span class='ocrx_word' id='word_1_98' title='bbox 2412 822 2683 894; x_wconf 79' lang='grc' dir='ltr'><strong>ἐχώλαναν</strong></span> <span class='ocrx_word' id='word_1_99' title='bbox 2720 823 2828 876; x_wconf 72' lang='grc' dir='ltr'><strong>ἀπὸ</strong></span> <span class='ocrx_word' id='word_1_100' title='bbox 2851 823 2959 876; x_wconf 89' lang='grc' dir='ltr'><strong>τῶν</strong></span> <span class='ocrx_word' id='word_1_101' title='bbox 2990 821 3190 892; x_wconf 70' lang='grc' dir='ltr'><strong>τρίϐων</strong></span> <span class='ocrx_word' id='word_1_102' title='bbox 3218 821 3422 875; x_wconf 78' lang='grc' dir='ltr'><strong>αὐτῶν.</strong></span> <span class='ocrx_word' id='word_1_103' title='bbox 3466 839 3487 873; x_wconf 77' lang='lat' dir='ltr'><strong>s</strong></span> <span class='ocrx_word' id='word_1_104' title='bbox 3524 820 3713 876; x_wconf 82' lang='grc' dir='ltr'><strong>Ταῦτα</strong></span> 
     </span>
    </p>
   </div>
   <div class='ocr_carea' id='block_1_16' title="bbox 2142 911 3716 985">
    <p class='ocr_par' dir='ltr' id='par_1_16' title="bbox 2142 911 3716 985">
     <span class='ocr_line' id='line_1_16' title="bbox 2142 911 3716 985; baseline -0.002 -16"><span class='ocrx_word' id='word_1_105' title='bbox 2142 915 2198 969; x_wconf 84' lang='grc' dir='ltr'><strong>δὲ</strong></span> <span class='ocrx_word' id='word_1_106' title='bbox 2226 914 2412 977; x_wconf 74' lang='grc' dir='ltr'><strong>ὁποίας</strong></span> <span class='ocrx_word' id='word_1_107' title='bbox 2436 913 2675 977; x_wconf 76' lang='grc' dir='ltr'><strong>διανοίας</strong></span> <span class='ocrx_word' id='word_1_108' title='bbox 2706 912 2908 985; x_wconf 68' lang='grc' dir='ltr'><strong>ἔχεται,</strong></span> <span class='ocrx_word' id='word_1_109' title='bbox 2926 911 3069 967; x_wconf 84' lang='grc' dir='ltr'><strong>κατά</strong></span> <span class='ocrx_word' id='word_1_110' title='bbox 3094 912 3185 965; x_wconf 80' lang='grc' dir='ltr'><strong>τὸν</strong></span> <span class='ocrx_word' id='word_1_111' title='bbox 3212 913 3562 985; x_wconf 79' lang='grc' dir='ltr'><strong>προσήκοντα</strong></span> <span class='ocrx_word' id='word_1_112' title='bbox 3598 930 3716 966; x_wconf 90' lang='grc' dir='ltr'><strong>και-</strong></span> 
     </span>
    </p>
   </div>
   <div class='ocr_carea' id='block_1_17' title="bbox 2146 1002 2705 1076">
    <p class='ocr_par' dir='ltr' id='par_1_17' title="bbox 2146 1002 2705 1076">
     <span class='ocr_line' id='line_1_17' title="bbox 2146 1002 2705 1076; baseline 0 -18"><span class='ocrx_word' id='word_1_113' title='bbox 2146 1005 2240 1076; x_wconf 86' lang='grc' dir='ltr'><strong>ρὸν</strong></span> <span class='ocrx_word' id='word_1_114' title='bbox 2264 1002 2705 1074; x_wconf 79' lang='grc' dir='ltr'><strong>ἐξετασθήσεται.</strong></span> 
     </span>
    </p>
   </div>
   <div class='ocr_carea' id='block_1_18' title="bbox 466 1092 3713 1185">
    <p class='ocr_par' dir='ltr' id='par_1_18' title="bbox 466 1092 3713 1185">
     <span class='ocr_line' id='line_1_18' title="bbox 466 1092 3713 1185; baseline -0.01 0"><span class='ocrx_word' id='word_1_115' title='bbox 466 1092 680 1185; x_wconf 82' lang='lat' dir='ltr'><strong>mentiti</strong></span> <span class='ocrx_word' id='word_1_116' title='bbox 732 1135 861 1181; x_wconf 88' lang='lat' dir='ltr'><strong>sunt</strong></span> <span class='ocrx_word' id='word_1_117' title='bbox 905 1120 1062 1185; x_wconf 88' lang='lat' dir='ltr'><strong>mihi,</strong></span> <span class='ocrx_word' id='word_1_118' title='bbox 1110 1117 1204 1172; x_wconf 88' lang='lat' dir='ltr'><strong>lilii</strong></span> <span class='ocrx_word' id='word_1_119' title='bbox 1252 1113 1414 1170; x_wconf 89' lang='lat' dir='ltr'><strong>alieni</strong></span> <span class='ocrx_word' id='word_1_120' title='bbox 1464 1111 1749 1167; x_wconf 81' lang='lat' dir='ltr'><strong>inveterati</strong></span> <span class='ocrx_word' id='word_1_121' title='bbox 1783 1116 1933 1169; x_wconf 84' lang='lat' dir='ltr'><strong>sunt,</strong></span> <span class='ocrx_word' id='word_1_122' title='bbox 1984 1111 2038 1159; x_wconf 90' lang='lat' dir='ltr'><strong>et</strong></span> <span class='ocrx_word' id='word_1_123' title='bbox 2066 1100 2567 1157; x_wconf 87' lang='lat' dir='ltr'><strong>claudicaverunta</strong></span> <span class='ocrx_word' id='word_1_124' title='bbox 2598 1097 2808 1155; x_wconf 80' lang='lat' dir='ltr'><strong>semitis</strong></span> <span class='ocrx_word' id='word_1_125' title='bbox 2866 1092 3070 1154; x_wconf 74' lang='lat' dir='ltr'><strong>suis“.</strong></span> <span class='ocrx_word' id='word_1_126' title='bbox 3111 1114 3133 1150; x_wconf 71' lang='grc' dir='ltr'><strong>ι</strong></span> <span class='ocrx_word' id='word_1_127' title='bbox 3185 1094 3514 1154; x_wconf 54' lang='lat' dir='ltr'><strong>“meantem</strong></span> <span class='ocrx_word' id='word_1_128' title='bbox 3569 1111 3713 1169; x_wconf 83' lang='lat' dir='ltr'><strong>quo-</strong></span> 
     </span>
    </p>
   </div>
   <div class='ocr_carea' id='block_1_19' title="bbox 467 1195 2544 1287">
    <p class='ocr_par' dir='ltr' id='par_1_19' title="bbox 467 1195 2544 1287">
     <span class='ocr_line' id='line_1_19' title="bbox 467 1195 2544 1287; baseline -0.015 -7"><span class='ocrx_word' id='word_1_129' title='bbox 467 1240 594 1280; x_wconf 88' lang='lat' dir='ltr'><strong>nam</strong></span> <span class='ocrx_word' id='word_1_130' title='bbox 650 1236 816 1278; x_wconf 88' lang='lat' dir='ltr'><strong>sensu</strong></span> <span class='ocrx_word' id='word_1_131' title='bbox 844 1219 1160 1287; x_wconf 83' lang='lat' dir='ltr'><strong>accipienda</strong></span> <span class='ocrx_word' id='word_1_132' title='bbox 1196 1215 1328 1277; x_wconf 89' lang='lat' dir='ltr'><strong>sint,</strong></span> <span class='ocrx_word' id='word_1_133' title='bbox 1356 1224 1459 1266; x_wconf 89' lang='lat' dir='ltr'><strong>suo</strong></span> <span class='ocrx_word' id='word_1_134' title='bbox 1487 1218 1731 1279; x_wconf 84' lang='lat' dir='ltr'><strong>tempore</strong></span> <span class='ocrx_word' id='word_1_135' title='bbox 1758 1199 2141 1275; x_wconf 81' lang='lat' dir='ltr'><strong>inquirendum</strong></span> <span class='ocrx_word' id='word_1_136' title='bbox 2179 1213 2208 1251; x_wconf 95' lang='lat' dir='ltr'><strong>a</strong></span> <span class='ocrx_word' id='word_1_137' title='bbox 2233 1195 2391 1251; x_wconf 84' lang='lat' dir='ltr'><strong>nobis</strong></span> <span class='ocrx_word' id='word_1_138' title='bbox 2418 1196 2544 1250; x_wconf 86' lang='lat' dir='ltr'><strong>erit.</strong></span> 
     </span>
    </p>
   </div>
   <div class='ocr_carea' id='block_1_20' title="bbox 984 1322 1519 1401">
    <p class='ocr_par' dir='ltr' id='par_1_20' title="bbox 984 1322 1519 1401">
     <span class='ocr_line' id='line_1_20' title="bbox 984 1322 1519 1401; baseline -0.009 -17"><span class='ocrx_word' id='word_1_139' title='bbox 984 1329 1149 1401; x_wconf 72' lang='lat'><strong>259</strong></span> <span class='ocrx_word' id='word_1_140' title='bbox 1185 1324 1411 1384; x_wconf 70' lang='lat' dir='ltr'><strong>CAPUT</strong></span> <span class='ocrx_word' id='word_1_141' title='bbox 1455 1322 1519 1379; x_wconf 86' lang='grc' dir='ltr'><strong>ιι.</strong></span> 
     </span>
    </p>
   </div>
   <div class='ocr_carea' id='block_1_21' title="bbox 470 1431 2041 1518">
    <p class='ocr_par' dir='ltr' id='par_1_21' title="bbox 470 1431 2041 1518">
     <span class='ocr_line' id='line_1_21' title="bbox 470 1431 2041 1518; baseline -0.013 -13"><span class='ocrx_word' id='word_1_142' title='bbox 470 1451 514 1505; x_wconf 78' lang='grc' dir='ltr'>Α</span> <span class='ocrx_word' id='word_1_143' title='bbox 548 1449 753 1518; x_wconf 82' lang='lat' dir='ltr'><strong>psalmo</strong></span> <span class='ocrx_word' id='word_1_144' title='bbox 778 1461 922 1518; x_wconf 53' lang='grc' dir='ltr'><strong>τινι.</strong></span> <span class='ocrx_word' id='word_1_145' title='bbox 953 1472 1025 1485; x_wconf 93' lang='grc'><strong><em>-</em></strong></span> <span class='ocrx_word' id='word_1_146' title='bbox 1050 1443 1312 1518; x_wconf 66' lang='lat' dir='ltr'><strong>Ascensus</strong></span> <span class='ocrx_word' id='word_1_147' title='bbox 1340 1438 1435 1494; x_wconf 90' lang='lat' dir='ltr'><strong>Dei</strong></span> <span class='ocrx_word' id='word_1_148' title='bbox 1465 1439 1553 1507; x_wconf 87' lang='lat' dir='ltr'><strong>qui</strong></span> <span class='ocrx_word' id='word_1_149' title='bbox 1580 1438 1729 1505; x_wconf 77' lang='lat' dir='ltr'><strong>prius</strong></span> <span class='ocrx_word' id='word_1_150' title='bbox 1759 1431 2041 1518; x_wconf 53' lang='lat' dir='ltr'><strong>descende-</strong></span> 
     </span>
    </p>
   </div>
   <div class='ocr_carea' id='block_1_22' title="bbox 544 1513 2042 1582">
    <p class='ocr_par' dir='ltr' id='par_1_22' title="bbox 544 1513 2042 1582">
     <span class='ocr_line' id='line_1_22' title="bbox 544 1513 2042 1582; baseline -0.011 -9"><span class='ocrx_word' id='word_1_151' title='bbox 544 1513 627 1573; x_wconf 78' lang='lat' dir='ltr'><strong>rat</strong></span> <span class='ocrx_word' id='word_1_152' title='bbox 654 1534 671 1572; x_wconf 92' lang='lat'><strong><em>:</em></strong></span> <span class='ocrx_word' id='word_1_153' title='bbox 700 1534 762 1571; x_wconf 83' lang='lat' dir='ltr'><strong>ac</strong></span> <span class='ocrx_word' id='word_1_154' title='bbox 783 1516 1023 1582; x_wconf 73' lang='lat' dir='ltr'><strong>deinceps</strong></span> <span class='ocrx_word' id='word_1_155' title='bbox 1057 1513 1260 1566; x_wconf 80' lang='lat' dir='ltr'><strong>vacatio</strong></span> <span class='ocrx_word' id='word_1_156' title='bbox 1300 1518 1610 1582; x_wconf 78' lang='lat' dir='ltr'><strong>cunctarum</strong></span> <span class='ocrx_word' id='word_1_157' title='bbox 1638 1513 1893 1577; x_wconf 78' lang='lat' dir='ltr'><strong>gentium,</strong></span> <span class='ocrx_word' id='word_1_158' title='bbox 1925 1518 2042 1574; x_wconf 70' lang='lat' dir='ltr'><strong>quae</strong></span> 
     </span>
    </p>
   </div>
   <div class='ocr_carea' id='block_1_23' title="bbox 546 1579 1705 1649">
    <p class='ocr_par' dir='ltr' id='par_1_23' title="bbox 546 1579 1705 1649">
     <span class='ocr_line' id='line_1_23' title="bbox 546 1579 1705 1649; baseline -0.006 -11"><span class='ocrx_word' id='word_1_159' title='bbox 546 1602 705 1641; x_wconf 81' lang='lat' dir='ltr'><strong>unum</strong></span> <span class='ocrx_word' id='word_1_160' title='bbox 727 1598 776 1641; x_wconf 87' lang='lat' dir='ltr'><strong>et</strong></span> <span class='ocrx_word' id='word_1_161' title='bbox 808 1579 979 1641; x_wconf 74' lang='lat' dir='ltr'><strong>solum</strong></span> <span class='ocrx_word' id='word_1_162' title='bbox 1012 1582 1177 1639; x_wconf 83' lang='lat' dir='ltr'><strong>Deum</strong></span> <span class='ocrx_word' id='word_1_163' title='bbox 1214 1589 1366 1635; x_wconf 87' lang='lat' dir='ltr'><strong>erant</strong></span> <span class='ocrx_word' id='word_1_164' title='bbox 1395 1579 1705 1649; x_wconf 71' lang='lat' dir='ltr'><strong>cognitum.</strong></span> 
     </span>
    </p>
   </div>
   <div class='ocr_carea' id='block_1_24' title="bbox 549 1663 2043 1750">
    <p class='ocr_par' dir='ltr' id='par_1_24' title="bbox 549 1663 2043 1750">
     <span class='ocr_line' id='line_1_24' title="bbox 549 1663 2043 1750; baseline -0.01 -17"><span class='ocrx_word' id='word_1_165' title='bbox 549 1699 569 1733; x_wconf 76' lang='grc' dir='ltr'><strong>ι</strong></span> <span class='ocrx_word' id='word_1_166' title='bbox 604 1682 803 1735; x_wconf 89' lang='lat' dir='ltr'><strong>Omnes</strong></span> <span class='ocrx_word' id='word_1_167' title='bbox 827 1686 1037 1750; x_wconf 87' lang='lat' dir='ltr'><strong>gentes.</strong></span> <span class='ocrx_word' id='word_1_168' title='bbox 1087 1674 1325 1745; x_wconf 91' lang='lat' dir='ltr'><strong>plaudite</strong></span> <span class='ocrx_word' id='word_1_169' title='bbox 1357 1671 1634 1733; x_wconf 88' lang='lat' dir='ltr'><strong>manibus,</strong></span> <span class='ocrx_word' id='word_1_170' title='bbox 1667 1667 1897 1737; x_wconf 86' lang='lat' dir='ltr'><strong>jubilate</strong></span> <span class='ocrx_word' id='word_1_171' title='bbox 1933 1663 2043 1719; x_wconf 80' lang='lat' dir='ltr'><strong>Deo</strong></span> 
     </span>
    </p>
   </div>
   <div class='ocr_carea' id='block_1_25' title="bbox 473 1757 2039 1835">
    <p class='ocr_par' dir='ltr' id='par_1_25' title="bbox 473 1757 2039 1835">
     <span class='ocr_line' id='line_1_25' title="bbox 473 1757 2039 1835; baseline -0.011 -7"><span class='ocrx_word' id='word_1_172' title='bbox 473 1770 525 1828; x_wconf 79' lang='lat' dir='ltr'><strong>ir</strong></span> <span class='ocrx_word' id='word_1_173' title='bbox 567 1785 699 1825; x_wconf 88' lang='lat' dir='ltr'><strong>voce</strong></span> <span class='ocrx_word' id='word_1_174' title='bbox 723 1765 1124 1830; x_wconf 79' lang='lat' dir='ltr'><strong>exsultationis,</strong></span> <span class='ocrx_word' id='word_1_175' title='bbox 1156 1764 1412 1835; x_wconf 80' lang='lat' dir='ltr'><strong>quoniam</strong></span> <span class='ocrx_word' id='word_1_176' title='bbox 1428 1760 1692 1814; x_wconf 89' lang='lat' dir='ltr'><strong>Dominus</strong></span> <span class='ocrx_word' id='word_1_177' title='bbox 1718 1757 2039 1818; x_wconf 87' lang='lat' dir='ltr'><strong>altissimus,</strong></span> 
     </span>
    </p>
   </div>
   <div class='ocr_carea' id='block_1_26' title="bbox 2681 1308 3187 1363">
    <p class='ocr_par' dir='ltr' id='par_1_26' title="bbox 2681 1308 3187 1363">
     <span class='ocr_line' id='line_1_26' title="bbox 2681 1308 3187 1363; baseline -0.004 0"><span class='ocrx_word' id='word_1_178' title='bbox 2681 1308 3074 1363; x_wconf 76' lang='grc' dir='ltr'><strong>ΚΕΦΑΛᾹΙΟΝ</strong></span> <span class='ocrx_word' id='word_1_179' title='bbox 3108 1308 3187 1362; x_wconf 69' lang='grc' dir='ltr'><strong>Β.</strong></span> 
     </span>
    </p>
   </div>
   <div class='ocr_carea' id='block_1_27' title="bbox 2149 1437 3715 1561">
    <p class='ocr_par' dir='ltr' id='par_1_27' title="bbox 2149 1437 3715 1561">
     <span class='ocr_line' id='line_1_27' title="bbox 2149 1437 3715 1561; baseline -0.002 -67"><span class='ocrx_word' id='word_1_180' title='bbox 2149 1439 2399 1509; x_wconf 71' lang='grc' dir='ltr'><strong>Ψαλμοῦ</strong></span> <span class='ocrx_word' id='word_1_181' title='bbox 2431 1447 2544 1561; x_wconf 56' lang='grc' dir='ltr'><strong>μςκ</strong></span> <span class='ocrx_word' id='word_1_182' title='bbox 2576 1470 2648 1482; x_wconf 91' lang='grc'><strong><em>-</em></strong></span> <span class='ocrx_word' id='word_1_183' title='bbox 2679 1439 2988 1519; x_wconf 57' lang='grc' dir='ltr'><strong>Ἀγάόασες</strong></span> <span class='ocrx_word' id='word_1_184' title='bbox 3015 1437 3165 1523; x_wconf 66' lang='grc' dir='ltr'><strong>Θεοᾷ</strong></span> <span class='ocrx_word' id='word_1_185' title='bbox 3195 1438 3715 1531; x_wconf 52' lang='grc' dir='ltr'><strong>προκατεληλυθό-</strong></span> 
     </span>
     <span class='ocr_line' id='line_1_28' title="bbox 2218 1506 3714 1561; baseline 0 0"><span class='ocrx_word' id='word_1_186' title='bbox 2218 1527 2338 1561; x_wconf 61' lang='grc' dir='ltr'><strong>τοτ’.</strong></span> <span class='ocrx_word' id='word_1_187' title='bbox 2357 1528 2431 1561; x_wconf 83' lang='grc' dir='ltr'><strong>κα</strong></span> <span class='ocrx_word' id='word_1_188' title='bbox 2473 1512 2793 1561; x_wconf 60' lang='grc' dir='ltr'><strong>ἐπίκλησις</strong></span> <span class='ocrx_word' id='word_1_189' title='bbox 2820 1510 3009 1561; x_wconf 80' lang='grc' dir='ltr'><strong>ἐθνων</strong></span> <span class='ocrx_word' id='word_1_190' title='bbox 3027 1509 3327 1561; x_wconf 75' lang='grc' dir='ltr'><strong>ἁπάντων.</strong></span> <span class='ocrx_word' id='word_1_191' title='bbox 3353 1524 3459 1561; x_wconf 69' lang='grc' dir='ltr'><strong>των</strong></span> <span class='ocrx_word' id='word_1_192' title='bbox 3478 1506 3588 1561; x_wconf 77' lang='grc' dir='ltr'><strong>ἕνα</strong></span> <span class='ocrx_word' id='word_1_193' title='bbox 3612 1508 3714 1561; x_wconf 74' lang='grc' dir='ltr'><strong>καὶ</strong></span> 
     </span>
    </p>
   </div>
   <div class='ocr_carea' id='block_1_28' title="bbox 2218 1506 3714 1576">
    <p class='ocr_par' dir='ltr' id='par_1_28' title="bbox 2218 1506 3714 1576">
     <span class='ocr_line' id='line_1_29' title="bbox 2218 1506 3714 1576; baseline -0.001 -13"><span class='ocrx_word' id='word_1_194' title='bbox 2218 1506 2338 1574; x_wconf 65' lang='grc' dir='ltr'><strong>τοὶς,</strong></span> <span class='ocrx_word' id='word_1_195' title='bbox 2357 1506 2454 1563; x_wconf 76' lang='grc' dir='ltr'><strong>καὶ</strong></span> <span class='ocrx_word' id='word_1_196' title='bbox 2473 1512 2793 1576; x_wconf 71' lang='grc' dir='ltr'><strong>ἐπίκλησις</strong></span> <span class='ocrx_word' id='word_1_197' title='bbox 2820 1508 3009 1563; x_wconf 80' lang='grc' dir='ltr'>ἐθνῶν</span> <span class='ocrx_word' id='word_1_198' title='bbox 3027 1506 3327 1573; x_wconf 77' lang='grc' dir='ltr'><strong>ἁπάντων,</strong></span> <span class='ocrx_word' id='word_1_199' title='bbox 3353 1509 3459 1562; x_wconf 74' lang='grc' dir='ltr'><strong>τὸν</strong></span> <span class='ocrx_word' id='word_1_200' title='bbox 3478 1506 3588 1561; x_wconf 77' lang='grc' dir='ltr'><strong>ἕνα</strong></span> <span class='ocrx_word' id='word_1_201' title='bbox 3612 1508 3714 1561; x_wconf 74' lang='grc' dir='ltr'><strong>καὶ</strong></span> 
     </span>
    </p>
   </div>
   <div class='ocr_carea' id='block_1_29' title="bbox 2215 1579 3115 1649">
    <p class='ocr_par' dir='ltr' id='par_1_29' title="bbox 2215 1579 3115 1649">
     <span class='ocr_line' id='line_1_30' title="bbox 2215 1579 3115 1649; baseline 0 -17"><span class='ocrx_word' id='word_1_202' title='bbox 2215 1581 2405 1649; x_wconf 81' lang='grc' dir='ltr'><strong>μόνον</strong></span> <span class='ocrx_word' id='word_1_203' title='bbox 2430 1582 2575 1634; x_wconf 78' lang='grc' dir='ltr'><strong>Θεὸν</strong></span> <span class='ocrx_word' id='word_1_204' title='bbox 2606 1579 3115 1649; x_wconf 61' lang='grc' dir='ltr'><strong>ἐπιγινωσομένων.</strong></span> 
     </span>
    </p>
   </div>
   <div class='ocr_carea' id='block_1_30' title="bbox 2221 1667 3718 1743">
    <p class='ocr_par' dir='ltr' id='par_1_30' title="bbox 2221 1667 3718 1743">
     <span class='ocr_line' id='line_1_31' title="bbox 2221 1667 3718 1743; baseline 0 -22"><span class='ocrx_word' id='word_1_205' title='bbox 2221 1689 2241 1721; x_wconf 75' lang='grc' dir='ltr'>ι</span> <span class='ocrx_word' id='word_1_206' title='bbox 2271 1671 2452 1725; x_wconf 85' lang='grc' dir='ltr'><strong>Πάντα</strong></span> <span class='ocrx_word' id='word_1_207' title='bbox 2479 1670 2550 1723; x_wconf 86' lang='grc' dir='ltr'><strong>τά</strong></span> <span class='ocrx_word' id='word_1_208' title='bbox 2573 1670 2697 1741; x_wconf 76' lang='grc' dir='ltr'><strong>ἔθνη</strong></span> <span class='ocrx_word' id='word_1_209' title='bbox 2729 1672 3030 1743; x_wconf 81' lang='grc' dir='ltr'><strong>κροτήσατε</strong></span> <span class='ocrx_word' id='word_1_210' title='bbox 3059 1672 3276 1741; x_wconf 83' lang='grc' dir='ltr'><strong>χεῖρας,</strong></span> <span class='ocrx_word' id='word_1_211' title='bbox 3313 1667 3612 1734; x_wconf 79' lang='grc' dir='ltr'><strong>ἀλαλάξατε</strong></span> <span class='ocrx_word' id='word_1_212' title='bbox 3635 1667 3718 1743; x_wconf 77' lang='grc' dir='ltr'><strong>τῷ</strong></span> 
     </span>
    </p>
   </div>
   <div class='ocr_carea' id='block_1_31' title="bbox 2145 1759 3720 1835">
    <p class='ocr_par' dir='ltr' id='par_1_31' title="bbox 2145 1759 3720 1835">
     <span class='ocr_line' id='line_1_32' title="bbox 2145 1759 3720 1835; baseline -0.001 -21"><span class='ocrx_word' id='word_1_213' title='bbox 2145 1761 2263 1832; x_wconf 86' lang='grc' dir='ltr'>Θεῷ</span> <span class='ocrx_word' id='word_1_214' title='bbox 2293 1764 2351 1815; x_wconf 80' lang='grc' dir='ltr'><strong>ἐν</strong></span> <span class='ocrx_word' id='word_1_215' title='bbox 2383 1766 2531 1835; x_wconf 83' lang='grc' dir='ltr'><strong>φωνῇ</strong></span> <span class='ocrx_word' id='word_1_216' title='bbox 2563 1763 2929 1831; x_wconf 83' lang='grc' dir='ltr'><strong>ἀγαλλιάσεως</strong></span> <span class='ocrx_word' id='word_1_217' title='bbox 2949 1802 2963 1821; x_wconf 91' lang='grc'><strong>.</strong></span> <span class='ocrx_word' id='word_1_218' title='bbox 2984 1764 3065 1815; x_wconf 87' lang='grc' dir='ltr'><strong>ὃτι</strong></span> <span class='ocrx_word' id='word_1_219' title='bbox 3103 1760 3304 1832; x_wconf 77' lang='grc' dir='ltr'><strong>Κύριος</strong></span> <span class='ocrx_word' id='word_1_220' title='bbox 3329 1759 3551 1830; x_wconf 73' lang='grc' dir='ltr'><strong>ὕψιστος</strong></span> <span class='ocrx_word' id='word_1_221' title='bbox 3570 1799 3585 1823; x_wconf 87' lang='grc'><em>,</em></span> <span class='ocrx_word' id='word_1_222' title='bbox 3622 1777 3720 1829; x_wconf 80' lang='grc' dir='ltr'><strong>φο-</strong></span> 
     </span>
    </p>
   </div>
   <div class='ocr_carea' id='block_1_32' title="bbox 475 1844 2051 1928">
    <p class='ocr_par' dir='ltr' id='par_1_32' title="bbox 475 1845 2046 1928">
     <span class='ocr_line' id='line_1_33' title="bbox 475 1845 2046 1928; baseline -0.01 -14"><span class='ocrx_word' id='word_1_223' title='bbox 475 1861 759 1925; x_wconf 85' lang='lat' dir='ltr'><strong>terribilis,</strong></span> <span class='ocrx_word' id='word_1_224' title='bbox 793 1876 886 1914; x_wconf 75' lang='lat' dir='ltr'><strong>rex</strong></span> <span class='ocrx_word' id='word_1_225' title='bbox 919 1873 1148 1928; x_wconf 86' lang='lat' dir='ltr'><strong>magnus</strong></span> <span class='ocrx_word' id='word_1_226' title='bbox 1191 1870 1353 1926; x_wconf 84' lang='lat' dir='ltr'><strong>super</strong></span> <span class='ocrx_word' id='word_1_227' title='bbox 1399 1867 1614 1905; x_wconf 86' lang='lat' dir='ltr'><strong>omnem</strong></span> <span class='ocrx_word' id='word_1_228' title='bbox 1649 1858 1869 1904; x_wconf 89' lang='lat' dir='ltr'><strong>terram.</strong></span> <span class='ocrx_word' id='word_1_229' title='bbox 1900 1845 2046 1900; x_wconf 86' lang='lat' dir='ltr'><strong>Sub-</strong></span> 
     </span>
    </p>
   </div>
   <div class='ocr_carea' id='block_1_33' title="bbox 2152 1844 3719 1928">
    <p class='ocr_par' dir='ltr' id='par_1_33' title="bbox 2152 1850 3719 1926">
     <span class='ocr_line' id='line_1_34' title="bbox 2152 1850 3719 1926; baseline -0.001 -20"><span class='ocrx_word' id='word_1_230' title='bbox 2152 1853 2323 1925; x_wconf 72' lang='grc' dir='ltr'><strong>δερδς,</strong></span> <span class='ocrx_word' id='word_1_231' title='bbox 2357 1853 2605 1925; x_wconf 77' lang='grc' dir='ltr'><strong>βασιλεὺς</strong></span> <span class='ocrx_word' id='word_1_232' title='bbox 2637 1854 2807 1926; x_wconf 80' lang='grc' dir='ltr'><strong>μέγας</strong></span> <span class='ocrx_word' id='word_1_233' title='bbox 2841 1854 2931 1907; x_wconf 79' lang='grc' dir='ltr'><strong>ὲπί</strong></span> <span class='ocrx_word' id='word_1_234' title='bbox 2963 1854 3144 1907; x_wconf 80' lang='grc' dir='ltr'><strong>πᾶσαν</strong></span> <span class='ocrx_word' id='word_1_235' title='bbox 3165 1853 3264 1923; x_wconf 82' lang='grc' dir='ltr'><strong>τὴν</strong></span> <span class='ocrx_word' id='word_1_236' title='bbox 3295 1851 3418 1923; x_wconf 80' lang='grc' dir='ltr'><strong>γῆν.</strong></span> <span class='ocrx_word' id='word_1_237' title='bbox 3449 1850 3719 1919; x_wconf 79' lang='grc' dir='ltr'><strong>’Υπέταξε</strong></span> 
     </span>
    </p>
   </div>
   <div class='ocr_carea' id='block_1_34' title="bbox 476 1941 2039 2023">
    <p class='ocr_par' dir='ltr' id='par_1_34' title="bbox 476 1941 2039 2023">
     <span class='ocr_line' id='line_1_35' title="bbox 476 1941 2039 2023; baseline -0.009 -15"><span class='ocrx_word' id='word_1_238' title='bbox 476 1951 604 2023; x_wconf 73' lang='lat' dir='ltr'><strong>iecit</strong></span> <span class='ocrx_word' id='word_1_239' title='bbox 637 1953 864 2021; x_wconf 89' lang='lat' dir='ltr'><strong>populos</strong></span> <span class='ocrx_word' id='word_1_240' title='bbox 896 1950 1072 2012; x_wconf 87' lang='lat' dir='ltr'><strong>nobis,</strong></span> <span class='ocrx_word' id='word_1_241' title='bbox 1100 1955 1155 2003; x_wconf 91' lang='lat' dir='ltr'><strong>et</strong></span> <span class='ocrx_word' id='word_1_242' title='bbox 1171 1956 1362 2023; x_wconf 78' lang='lat' dir='ltr'><strong>gentes</strong></span> <span class='ocrx_word' id='word_1_243' title='bbox 1389 1944 1491 2000; x_wconf 92' lang='lat' dir='ltr'><strong>sub</strong></span> <span class='ocrx_word' id='word_1_244' title='bbox 1518 1942 1750 2014; x_wconf 77' lang='lat' dir='ltr'><strong>pedibus</strong></span> <span class='ocrx_word' id='word_1_245' title='bbox 1785 1941 1991 1994; x_wconf 84' lang='lat' dir='ltr'><strong>nostris</strong></span> <span class='ocrx_word' id='word_1_246' title='bbox 2025 1958 2039 1994; x_wconf 92' lang='lat'>:</span> 
     </span>
    </p>
   </div>
   <div class='ocr_carea' id='block_1_35' title="bbox 476 2022 2043 2113">
    <p class='ocr_par' dir='ltr' id='par_1_35' title="bbox 476 2022 2043 2113">
     <span class='ocr_line' id='line_1_36' title="bbox 476 2022 2043 2113; baseline -0.01 -16"><span class='ocrx_word' id='word_1_247' title='bbox 476 2022 637 2113; x_wconf 82' lang='lat' dir='ltr'><strong>elegit</strong></span> <span class='ocrx_word' id='word_1_248' title='bbox 667 2042 825 2096; x_wconf 86' lang='lat' dir='ltr'><strong>nobis</strong></span> <span class='ocrx_word' id='word_1_249' title='bbox 851 2022 1389 2099; x_wconf 51' lang='lat' dir='ltr'><strong>ha‘reditatem&#39;sibi,</strong></span> <span class='ocrx_word' id='word_1_250' title='bbox 1419 2035 1654 2104; x_wconf 81' lang='lat' dir='ltr'><strong>speciem</strong></span> <span class='ocrx_word' id='word_1_251' title='bbox 1686 2030 1855 2084; x_wconf 82' lang='lat' dir='ltr'><strong>Jacob</strong></span> <span class='ocrx_word' id='word_1_252' title='bbox 1880 2043 2043 2099; x_wconf 89' lang='lat' dir='ltr'><strong>quam</strong></span> 
     </span>
    </p>
   </div>
   <div class='ocr_carea' id='block_1_36' title="bbox 478 2122 2047 2198">
    <p class='ocr_par' dir='ltr' id='par_1_36' title="bbox 478 2122 2047 2198">
     <span class='ocr_line' id='line_1_37' title="bbox 478 2122 2047 2198; baseline -0.008 -10"><span class='ocrx_word' id='word_1_253' title='bbox 478 2134 685 2188; x_wconf 76' lang='lat' dir='ltr'><strong>dilexit.</strong></span> <span class='ocrx_word' id='word_1_254' title='bbox 736 2130 995 2187; x_wconf 82' lang='lat' dir='ltr'><strong>Ascendit</strong></span> <span class='ocrx_word' id='word_1_255' title='bbox 1024 2130 1165 2185; x_wconf 89' lang='lat' dir='ltr'><strong>Deus</strong></span> <span class='ocrx_word' id='word_1_256' title='bbox 1195 2133 1246 2183; x_wconf 91' lang='lat' dir='ltr'><strong>in</strong></span> <span class='ocrx_word' id='word_1_257' title='bbox 1271 2129 1467 2198; x_wconf 86' lang='lat' dir='ltr'><strong>jubilo,</strong></span> <span class='ocrx_word' id='word_1_258' title='bbox 1505 2123 1769 2180; x_wconf 88' lang='lat' dir='ltr'><strong>Dominus</strong></span> <span class='ocrx_word' id='word_1_259' title='bbox 1813 2122 1868 2176; x_wconf 89' lang='lat' dir='ltr'><strong>in</strong></span> <span class='ocrx_word' id='word_1_260' title='bbox 1916 2136 2047 2175; x_wconf 91' lang='lat' dir='ltr'><strong>voce</strong></span> 
     </span>
    </p>
   </div>
   <div class='ocr_carea' id='block_1_37' title="bbox 479 2211 2046 2291">
    <p class='ocr_par' dir='ltr' id='par_1_37' title="bbox 479 2211 2046 2291">
     <span class='ocr_line' id='line_1_38' title="bbox 479 2211 2046 2291; baseline -0.01 -11"><span class='ocrx_word' id='word_1_261' title='bbox 479 2227 643 2280; x_wconf 71' lang='lat' dir='ltr'><strong>tubae.</strong></span> <span class='ocrx_word' id='word_1_262' title='bbox 677 2223 899 2279; x_wconf 82' lang='lat' dir='ltr'><strong>Psallile</strong></span> <span class='ocrx_word' id='word_1_263' title='bbox 956 2222 1067 2278; x_wconf 89' lang='lat' dir='ltr'><strong>Deo</strong></span> <span class='ocrx_word' id='word_1_264' title='bbox 1114 2229 1328 2284; x_wconf 87' lang='lat' dir='ltr'><strong>nostro,</strong></span> <span class='ocrx_word' id='word_1_265' title='bbox 1364 2220 1613 2291; x_wconf 86' lang='lat' dir='ltr'><strong>psallite,</strong></span> <span class='ocrx_word' id='word_1_266' title='bbox 1672 2215 1888 2287; x_wconf 79' lang='lat' dir='ltr'><strong>psallite</strong></span> <span class='ocrx_word' id='word_1_267' title='bbox 1930 2211 2046 2282; x_wconf 86' lang='lat' dir='ltr'><strong>regi</strong></span> 
     </span>
    </p>
   </div>
   <div class='ocr_carea' id='block_1_38' title="bbox 480 2303 2045 2387">
    <p class='ocr_par' dir='ltr' id='par_1_38' title="bbox 480 2303 2045 2387">
     <span class='ocr_line' id='line_1_39' title="bbox 480 2303 2045 2387; baseline -0.01 -14"><span class='ocrx_word' id='word_1_268' title='bbox 480 2327 688 2380; x_wconf 91' lang='lat' dir='ltr'><strong>nostro,</strong></span> <span class='ocrx_word' id='word_1_269' title='bbox 721 2317 955 2387; x_wconf 75' lang='lat' dir='ltr'><strong>psallite,</strong></span> <span class='ocrx_word' id='word_1_270' title='bbox 991 2315 1247 2386; x_wconf 87' lang='lat' dir='ltr'><strong>quoniam</strong></span> <span class='ocrx_word' id='word_1_271' title='bbox 1297 2327 1391 2366; x_wconf 77' lang='lat' dir='ltr'><strong>rex</strong></span> <span class='ocrx_word' id='word_1_272' title='bbox 1436 2309 1616 2365; x_wconf 85' lang='lat' dir='ltr'><strong>omnis</strong></span> <span class='ocrx_word' id='word_1_273' title='bbox 1672 2317 1833 2362; x_wconf 77' lang='lat' dir='ltr'><strong>terra:</strong></span> <span class='ocrx_word' id='word_1_274' title='bbox 1880 2303 2045 2367; x_wconf 87' lang='lat' dir='ltr'><strong>Deus,</strong></span> 
     </span>
    </p>
   </div>
   <div class='ocr_carea' id='block_1_39' title="bbox 479 2402 2045 2481">
    <p class='ocr_par' dir='ltr' id='par_1_39' title="bbox 479 2402 2045 2481">
     <span class='ocr_line' id='line_1_40' title="bbox 479 2402 2045 2481; baseline -0.01 -15"><span class='ocrx_word' id='word_1_275' title='bbox 479 2410 692 2481; x_wconf 83' lang='lat' dir='ltr'><strong>psallite</strong></span> <span class='ocrx_word' id='word_1_276' title='bbox 744 2410 1057 2480; x_wconf 70' lang='lat' dir='ltr'><strong>sapienter:</strong></span> <span class='ocrx_word' id='word_1_277' title='bbox 1122 2405 1369 2476; x_wconf 78' lang='lat' dir='ltr'><strong>regnavit</strong></span> <span class='ocrx_word' id='word_1_278' title='bbox 1420 2402 1564 2457; x_wconf 87' lang='lat' dir='ltr'><strong>Deus</strong></span> <span class='ocrx_word' id='word_1_279' title='bbox 1619 2415 1783 2470; x_wconf 87' lang='lat' dir='ltr'><strong>super</strong></span> <span class='ocrx_word' id='word_1_280' title='bbox 1837 2404 2045 2468; x_wconf 88' lang='lat' dir='ltr'><strong>gentes,</strong></span> 
     </span>
    </p>
   </div>
   <div class='ocr_carea' id='block_1_40' title="bbox 479 2487 2050 2570">
    <p class='ocr_par' dir='ltr' id='par_1_40' title="bbox 479 2487 2050 2570">
     <span class='ocr_line' id='line_1_41' title="bbox 479 2487 2050 2570; baseline -0.008 -16"><span class='ocrx_word' id='word_1_281' title='bbox 479 2500 621 2556; x_wconf 86' lang='lat' dir='ltr'><strong>Deus</strong></span> <span class='ocrx_word' id='word_1_282' title='bbox 652 2499 801 2554; x_wconf 90' lang='lat' dir='ltr'><strong>sedet</strong></span> <span class='ocrx_word' id='word_1_283' title='bbox 843 2515 1007 2570; x_wconf 90' lang='lat' dir='ltr'><strong>super</strong></span> <span class='ocrx_word' id='word_1_284' title='bbox 1027 2497 1210 2553; x_wconf 90' lang='lat' dir='ltr'><strong>sedem</strong></span> <span class='ocrx_word' id='word_1_285' title='bbox 1248 2506 1491 2550; x_wconf 86' lang='lat' dir='ltr'><strong>sanctam</strong></span> <span class='ocrx_word' id='word_1_286' title='bbox 1543 2505 1721 2547; x_wconf 91' lang='lat' dir='ltr'><strong>suam.</strong></span> <span class='ocrx_word' id='word_1_287' title='bbox 1768 2487 2050 2557; x_wconf 86' lang='lat' dir='ltr'><strong>Principes</strong></span> 
     </span>
    </p>
   </div>
   <div class='ocr_carea' id='block_1_41' title="bbox 480 2578 2046 2660">
    <p class='ocr_par' dir='ltr' id='par_1_41' title="bbox 480 2578 2046 2660">
     <span class='ocr_line' id='line_1_42' title="bbox 480 2578 2046 2660; baseline -0.012 -14"><span class='ocrx_word' id='word_1_288' title='bbox 480 2591 803 2660; x_wconf 85' lang='lat' dir='ltr'><strong>populorum</strong></span> <span class='ocrx_word' id='word_1_289' title='bbox 864 2588 1177 2659; x_wconf 85' lang='lat' dir='ltr'><strong>congregati</strong></span> <span class='ocrx_word' id='word_1_290' title='bbox 1239 2594 1369 2640; x_wconf 86' lang='lat' dir='ltr'><strong>sunt</strong></span> <span class='ocrx_word' id='word_1_291' title='bbox 1417 2599 1538 2639; x_wconf 92' lang='lat' dir='ltr'><strong>cum</strong></span> <span class='ocrx_word' id='word_1_292' title='bbox 1586 2582 1696 2635; x_wconf 88' lang='lat' dir='ltr'><strong>Deo</strong></span> <span class='ocrx_word' id='word_1_293' title='bbox 1732 2578 2046 2638; x_wconf 81' lang='lat' dir='ltr'><strong>Abraham,</strong></span> 
     </span>
    </p>
   </div>
   <div class='ocr_carea' id='block_1_42' title="bbox 480 2667 2049 2750">
    <p class='ocr_par' dir='ltr' id='par_1_42' title="bbox 480 2667 2049 2750">
     <span class='ocr_line' id='line_1_43' title="bbox 480 2667 2049 2750; baseline -0.008 -16"><span class='ocrx_word' id='word_1_294' title='bbox 480 2680 737 2750; x_wconf 91' lang='lat' dir='ltr'><strong>quoniam</strong></span> <span class='ocrx_word' id='word_1_295' title='bbox 782 2678 952 2749; x_wconf 91' lang='lat' dir='ltr'><strong>ipsius</strong></span> <span class='ocrx_word' id='word_1_296' title='bbox 982 2677 1076 2733; x_wconf 90' lang='lat' dir='ltr'><strong>Dei</strong></span> <span class='ocrx_word' id='word_1_297' title='bbox 1130 2677 1300 2732; x_wconf 85' lang='lat' dir='ltr'><strong>fortes</strong></span> <span class='ocrx_word' id='word_1_298' title='bbox 1325 2694 1353 2730; x_wconf 90' lang='lat' dir='ltr'><strong>a</strong></span> <span class='ocrx_word' id='word_1_299' title='bbox 1388 2684 1531 2729; x_wconf 86' lang='lat' dir='ltr'><strong>terra</strong></span> <span class='ocrx_word' id='word_1_300' title='bbox 1559 2672 1909 2727; x_wconf 88' lang='lat' dir='ltr'><strong>vehementer</strong></span> <span class='ocrx_word' id='word_1_301' title='bbox 1936 2667 2049 2721; x_wconf 90' lang='lat' dir='ltr'><strong>ele-</strong></span> 
     </span>
    </p>
   </div>
   <div class='ocr_carea' id='block_1_43' title="bbox 480 2757 2053 2836">
    <p class='ocr_par' dir='ltr' id='par_1_43' title="bbox 480 2757 2053 2836">
     <span class='ocr_line' id='line_1_44' title="bbox 480 2757 2053 2836; baseline -0.009 -12"><span class='ocrx_word' id='word_1_302' title='bbox 480 2770 590 2824; x_wconf 88' lang='lat' dir='ltr'><strong>vati</strong></span> <span class='ocrx_word' id='word_1_303' title='bbox 621 2778 751 2825; x_wconf 91' lang='lat' dir='ltr'><strong>sunt</strong></span> <span class='ocrx_word' id='word_1_304' title='bbox 784 2771 848 2827; x_wconf 86' lang='lat'><strong>&quot;.</strong></span> <span class='ocrx_word' id='word_1_305' title='bbox 883 2790 902 2822; x_wconf 72' lang='grc' dir='ltr'><strong>ι</strong></span> <span class='ocrx_word' id='word_1_306' title='bbox 939 2769 1079 2836; x_wconf 82' lang='lat' dir='ltr'><strong>Quid</strong></span> <span class='ocrx_word' id='word_1_307' title='bbox 1102 2767 1320 2822; x_wconf 85' lang='lat' dir='ltr'><strong>tandem</strong></span> <span class='ocrx_word' id='word_1_308' title='bbox 1352 2765 1495 2819; x_wconf 90' lang='lat' dir='ltr'><strong>aliud</strong></span> <span class='ocrx_word' id='word_1_309' title='bbox 1528 2778 1639 2833; x_wconf 65' lang='lat' dir='ltr'><strong>prae</strong></span> <span class='ocrx_word' id='word_1_310' title='bbox 1668 2777 1727 2817; x_wconf 88' lang='lat' dir='ltr'><strong>se</strong></span> <span class='ocrx_word' id='word_1_311' title='bbox 1748 2759 1888 2814; x_wconf 81' lang='lat' dir='ltr'><strong>ferre</strong></span> <span class='ocrx_word' id='word_1_312' title='bbox 1936 2757 2053 2813; x_wconf 91' lang='lat' dir='ltr'><strong>vult</strong></span> 
     </span>
    </p>
   </div>
   <div class='ocr_carea' id='block_1_44' title="bbox 482 2852 2051 2929">
    <p class='ocr_par' dir='ltr' id='par_1_44' title="bbox 482 2852 2051 2929">
     <span class='ocr_line' id='line_1_45' title="bbox 482 2852 2051 2929; baseline -0.01 -11"><span class='ocrx_word' id='word_1_313' title='bbox 482 2863 530 2918; x_wconf 89' lang='lat' dir='ltr'><strong>is</strong></span> <span class='ocrx_word' id='word_1_314' title='bbox 556 2860 767 2917; x_wconf 90' lang='lat' dir='ltr'><strong>Domini</strong></span> <span class='ocrx_word' id='word_1_315' title='bbox 799 2878 862 2917; x_wconf 88' lang='lat' dir='ltr'><strong>ac</strong></span> <span class='ocrx_word' id='word_1_316' title='bbox 899 2862 991 2918; x_wconf 79' lang='lat' dir='ltr'><strong>Dei</strong></span> <span class='ocrx_word' id='word_1_317' title='bbox 1036 2874 1322 2922; x_wconf 88' lang='lat' dir='ltr'><strong>ascensus,</strong></span> <span class='ocrx_word' id='word_1_318' title='bbox 1372 2858 1465 2929; x_wconf 94' lang='lat' dir='ltr'><strong>qui</strong></span> <span class='ocrx_word' id='word_1_319' title='bbox 1498 2856 1648 2911; x_wconf 90' lang='lat' dir='ltr'><strong>hisce</strong></span> <span class='ocrx_word' id='word_1_320' title='bbox 1679 2852 1858 2908; x_wconf 86' lang='lat' dir='ltr'><strong>verbis</strong></span> <span class='ocrx_word' id='word_1_321' title='bbox 1884 2865 2051 2921; x_wconf 81' lang='lat' dir='ltr'><strong>expo-</strong></span> 
     </span>
    </p>
   </div>
   <div class='ocr_carea' id='block_1_45' title="bbox 481 2944 2052 3023">
    <p class='ocr_par' dir='ltr' id='par_1_45' title="bbox 481 2944 2052 3023">
     <span class='ocr_line' id='line_1_46' title="bbox 481 2944 2052 3023; baseline -0.007 -15"><span class='ocrx_word' id='word_1_322' title='bbox 481 2958 619 3009; x_wconf 88' lang='lat' dir='ltr'><strong>situs</strong></span> <span class='ocrx_word' id='word_1_323' title='bbox 639 2962 743 3018; x_wconf 84' lang='lat' dir='ltr'><strong>est,</strong></span> <span class='ocrx_word' id='word_1_324' title='bbox 774 2968 936 3023; x_wconf 91' lang='lat' dir='ltr'><strong>quam</strong></span> <span class='ocrx_word' id='word_1_325' title='bbox 976 2961 1136 3006; x_wconf 82' lang='lat' dir='ltr'><strong>antea</strong></span> <span class='ocrx_word' id='word_1_326' title='bbox 1167 2949 1516 3006; x_wconf 83' lang='lat' dir='ltr'><strong>descendisse</strong></span> <span class='ocrx_word' id='word_1_327' title='bbox 1569 2960 1693 3002; x_wconf 90' lang='lat' dir='ltr'><strong>eum</strong></span> <span class='ocrx_word' id='word_1_328' title='bbox 1721 2985 1737 3010; x_wconf 87' lang='lat'><strong>,</strong></span> <span class='ocrx_word' id='word_1_329' title='bbox 1779 2944 1872 3014; x_wconf 89' lang='lat' dir='ltr'><strong>qui</strong></span> <span class='ocrx_word' id='word_1_330' title='bbox 1908 2957 2052 2998; x_wconf 90' lang='lat' dir='ltr'><strong>nunc</strong></span> 
     </span>
    </p>
   </div>
   <div class='ocr_carea' id='block_1_46' title="bbox 484 3039 2053 3116">
    <p class='ocr_par' dir='ltr' id='par_1_46' title="bbox 484 3039 2053 3116">
     <span class='ocr_line' id='line_1_47' title="bbox 484 3039 2053 3116; baseline -0.008 -17"><span class='ocrx_word' id='word_1_331' title='bbox 484 3045 782 3101; x_wconf 84' lang='lat' dir='ltr'><strong>ascendat?</strong></span> <span class='ocrx_word' id='word_1_332' title='bbox 814 3052 935 3116; x_wconf 90' lang='lat' dir='ltr'><strong>post</strong></span> <span class='ocrx_word' id='word_1_333' title='bbox 961 3060 1121 3114; x_wconf 89' lang='lat' dir='ltr'><strong>quem</strong></span> <span class='ocrx_word' id='word_1_334' title='bbox 1156 3059 1288 3099; x_wconf 90' lang='lat' dir='ltr'><strong>sane</strong></span> <span class='ocrx_word' id='word_1_335' title='bbox 1311 3056 1623 3103; x_wconf 89' lang='lat' dir='ltr'><strong>ascensum,</strong></span> <span class='ocrx_word' id='word_1_336' title='bbox 1653 3039 2053 3108; x_wconf 84' lang='lat' dir='ltr'><strong>protinusgen-</strong></span> 
     </span>
    </p>
   </div>
   <div class='ocr_carea' id='block_1_47' title="bbox 482 3129 2051 3197">
    <p class='ocr_par' dir='ltr' id='par_1_47' title="bbox 482 3129 2051 3197">
     <span class='ocr_line' id='line_1_48' title="bbox 482 3129 2051 3197; baseline -0.008 -7"><span class='ocrx_word' id='word_1_337' title='bbox 482 3138 616 3191; x_wconf 91' lang='lat' dir='ltr'><strong>tium</strong></span> <span class='ocrx_word' id='word_1_338' title='bbox 645 3144 966 3191; x_wconf 89' lang='lat' dir='ltr'><strong>cunctarum</strong></span> <span class='ocrx_word' id='word_1_339' title='bbox 1016 3136 1231 3190; x_wconf 90' lang='lat' dir='ltr'><strong>vocatio</strong></span> <span class='ocrx_word' id='word_1_340' title='bbox 1286 3133 1522 3196; x_wconf 89' lang='lat' dir='ltr'><strong>canitur,</strong></span> <span class='ocrx_word' id='word_1_341' title='bbox 1554 3129 1952 3197; x_wconf 88' lang='lat' dir='ltr'><strong>hilaritatisque</strong></span> <span class='ocrx_word' id='word_1_342' title='bbox 1986 3139 2051 3178; x_wconf 87' lang='lat' dir='ltr'><strong>ac</strong></span> 
     </span>
    </p>
   </div>
   <div class='ocr_carea' id='block_1_48' title="bbox 485 3214 2049 3297">
    <p class='ocr_par' dir='ltr' id='par_1_48' title="bbox 485 3214 2049 3297">
     <span class='ocr_line' id='line_1_49' title="bbox 485 3214 2049 3297; baseline -0.008 -17"><span class='ocrx_word' id='word_1_343' title='bbox 485 3226 685 3282; x_wconf 63' lang='lat' dir='ltr'><strong>laetitiae</strong></span> <span class='ocrx_word' id='word_1_344' title='bbox 715 3229 892 3295; x_wconf 87' lang='lat' dir='ltr'><strong>signa,</strong></span> <span class='ocrx_word' id='word_1_345' title='bbox 924 3234 1050 3297; x_wconf 80' lang='lat' dir='ltr'><strong>pest</strong></span> <span class='ocrx_word' id='word_1_346' title='bbox 1079 3241 1200 3281; x_wconf 90' lang='lat' dir='ltr'><strong>eam</strong></span> <span class='ocrx_word' id='word_1_347' title='bbox 1221 3241 1342 3295; x_wconf 78' lang='lat' dir='ltr'><strong>qua:</strong></span> <span class='ocrx_word' id='word_1_348' title='bbox 1372 3228 1722 3293; x_wconf 77' lang='lat' dir='ltr'><strong>exspectatur</strong></span> <span class='ocrx_word' id='word_1_349' title='bbox 1745 3217 1837 3273; x_wconf 90' lang='lat' dir='ltr'><strong>Dei</strong></span> <span class='ocrx_word' id='word_1_350' title='bbox 1855 3214 2049 3286; x_wconf 87' lang='lat' dir='ltr'><strong>cogni-</strong></span> 
     </span>
    </p>
   </div>
   <div class='ocr_carea' id='block_1_49' title="bbox 483 3305 2054 3382">
    <p class='ocr_par' dir='ltr' id='par_1_49' title="bbox 483 3305 2054 3382">
     <span class='ocr_line' id='line_1_50' title="bbox 483 3305 2054 3382; baseline -0.009 -10"><span class='ocrx_word' id='word_1_351' title='bbox 483 3320 709 3382; x_wconf 88' lang='lat' dir='ltr'><strong>tionem,</strong></span> <span class='ocrx_word' id='word_1_352' title='bbox 745 3318 1059 3373; x_wconf 86' lang='lat' dir='ltr'><strong>nationibus</strong></span> <span class='ocrx_word' id='word_1_353' title='bbox 1091 3316 1365 3371; x_wconf 88' lang='lat' dir='ltr'><strong>universis</strong></span> <span class='ocrx_word' id='word_1_354' title='bbox 1413 3309 1751 3369; x_wconf 78' lang='lat' dir='ltr'><strong>nuntiatur?</strong></span> <span class='ocrx_word' id='word_1_355' title='bbox 1806 3305 2054 3378; x_wconf 84' lang='lat' dir='ltr'><strong>quando-</strong></span> 
     </span>
    </p>
   </div>
   <div class='ocr_carea' id='block_1_50' title="bbox 485 3396 2053 3480">
    <p class='ocr_par' dir='ltr' id='par_1_50' title="bbox 485 3396 2053 3480">
     <span class='ocr_line' id='line_1_51' title="bbox 485 3396 2053 3480; baseline -0.01 -18"><span class='ocrx_word' id='word_1_356' title='bbox 485 3409 703 3480; x_wconf 88' lang='lat' dir='ltr'><strong>quidem</strong></span> <span class='ocrx_word' id='word_1_357' title='bbox 757 3408 935 3476; x_wconf 91' lang='lat' dir='ltr'><strong>ipsum</strong></span> <span class='ocrx_word' id='word_1_358' title='bbox 961 3405 1249 3463; x_wconf 89' lang='lat' dir='ltr'><strong>Dominum</strong></span> <span class='ocrx_word' id='word_1_359' title='bbox 1291 3404 1651 3465; x_wconf 87' lang='lat' dir='ltr'><strong>altissimum,</strong></span> <span class='ocrx_word' id='word_1_360' title='bbox 1682 3412 1842 3469; x_wconf 88' lang='lat' dir='ltr'><strong>quem</strong></span> <span class='ocrx_word' id='word_1_361' title='bbox 1876 3396 2053 3449; x_wconf 88' lang='lat' dir='ltr'><strong>solum</strong></span> 
     </span>
    </p>
   </div>
   <div class='ocr_carea' id='block_1_51' title="bbox 487 3494 2056 3569">
    <p class='ocr_par' dir='ltr' id='par_1_51' title="bbox 487 3494 2056 3569">
     <span class='ocr_line' id='line_1_52' title="bbox 487 3494 2056 3569; baseline -0.003 -16"><span class='ocrx_word' id='word_1_362' title='bbox 487 3499 654 3554; x_wconf 92' lang='lat' dir='ltr'><strong>Deum</strong></span> <span class='ocrx_word' id='word_1_363' title='bbox 685 3514 749 3554; x_wconf 88' lang='lat' dir='ltr'><strong>ac</strong></span> <span class='ocrx_word' id='word_1_364' title='bbox 778 3514 957 3569; x_wconf 85' lang='lat' dir='ltr'><strong>regem</strong></span> <span class='ocrx_word' id='word_1_365' title='bbox 988 3499 1253 3554; x_wconf 69' lang='lat' dir='ltr'><strong>universae</strong></span> <span class='ocrx_word' id='word_1_366' title='bbox 1277 3504 1437 3552; x_wconf 78' lang='lat' dir='ltr'><strong>teme</strong></span> <span class='ocrx_word' id='word_1_367' title='bbox 1470 3498 1758 3553; x_wconf 79' lang='lat' dir='ltr'><strong>confessus</strong></span> <span class='ocrx_word' id='word_1_368' title='bbox 1787 3508 1890 3560; x_wconf 88' lang='lat' dir='ltr'><strong>est,</strong></span> <span class='ocrx_word' id='word_1_369' title='bbox 1923 3494 2056 3551; x_wconf 86' lang='lat' dir='ltr'><strong>sub-</strong></span> 
     </span>
    </p>
   </div>
   <div class='ocr_carea' id='block_1_52' title="bbox 482 3586 2056 3661">
    <p class='ocr_par' dir='ltr' id='par_1_52' title="bbox 482 3586 2056 3661">
     <span class='ocr_line' id='line_1_53' title="bbox 482 3586 2056 3661; baseline -0.006 -13"><span class='ocrx_word' id='word_1_370' title='bbox 482 3591 753 3659; x_wconf 82' lang='lat' dir='ltr'><strong>iecturum</strong></span> <span class='ocrx_word' id='word_1_371' title='bbox 799 3592 959 3647; x_wconf 89' lang='lat' dir='ltr'><strong>nobis</strong></span> <span class='ocrx_word' id='word_1_372' title='bbox 1012 3591 1242 3661; x_wconf 91' lang='lat' dir='ltr'><strong>populos</strong></span> <span class='ocrx_word' id='word_1_373' title='bbox 1288 3589 1420 3645; x_wconf 91' lang='lat' dir='ltr'><strong>dicit</strong></span> <span class='ocrx_word' id='word_1_374' title='bbox 1451 3608 1465 3642; x_wconf 87' lang='lat'><strong>:</strong></span> <span class='ocrx_word' id='word_1_375' title='bbox 1503 3591 1661 3645; x_wconf 90' lang='lat' dir='ltr'><strong>nobis</strong></span> <span class='ocrx_word' id='word_1_376' title='bbox 1697 3596 1900 3652; x_wconf 89' lang='lat' dir='ltr'><strong>autem,</strong></span> <span class='ocrx_word' id='word_1_377' title='bbox 1932 3586 2056 3657; x_wconf 79' lang='lat' dir='ltr'><strong>qui-</strong></span> 
     </span>
    </p>
   </div>
   <div class='ocr_carea' id='block_1_53' title="bbox 487 3678 2056 3753">
    <p class='ocr_par' dir='ltr' id='par_1_53' title="bbox 487 3678 2056 3753">
     <span class='ocr_line' id='line_1_54' title="bbox 487 3678 2056 3753; baseline -0.006 -13"><span class='ocrx_word' id='word_1_378' title='bbox 487 3685 590 3740; x_wconf 89' lang='lat' dir='ltr'><strong>bus</strong></span> <span class='ocrx_word' id='word_1_379' title='bbox 619 3683 643 3738; x_wconf 70' lang='grc' dir='ltr'><em>ἳ</em></span> <span class='ocrx_word' id='word_1_380' title='bbox 671 3684 753 3738; x_wconf 83' lang='lat' dir='ltr'><strong>liis</strong></span> <span class='ocrx_word' id='word_1_381' title='bbox 781 3699 932 3747; x_wconf 90' lang='lat' dir='ltr'><strong>sane,</strong></span> <span class='ocrx_word' id='word_1_382' title='bbox 962 3684 1055 3753; x_wconf 90' lang='lat' dir='ltr'><strong>qui</strong></span> <span class='ocrx_word' id='word_1_383' title='bbox 1087 3683 1200 3736; x_wconf 69' lang='lat' dir='ltr'><strong>haec</strong></span> <span class='ocrx_word' id='word_1_384' title='bbox 1231 3682 1347 3751; x_wconf 88' lang='lat' dir='ltr'><strong>ipsa</strong></span> <span class='ocrx_word' id='word_1_385' title='bbox 1383 3682 1664 3737; x_wconf 87' lang='lat' dir='ltr'><strong>vaticinati</strong></span> <span class='ocrx_word' id='word_1_386' title='bbox 1688 3687 1818 3736; x_wconf 89' lang='lat' dir='ltr'><strong>sunt</strong></span> <span class='ocrx_word' id='word_1_387' title='bbox 1849 3698 1863 3734; x_wconf 87' lang='lat'><strong>:</strong></span> <span class='ocrx_word' id='word_1_388' title='bbox 1910 3678 2056 3749; x_wconf 87' lang='lat' dir='ltr'><strong>quod</strong></span> 
     </span>
    </p>
   </div>
   <div class='ocr_carea' id='block_1_54' title="bbox 486 3760 2057 3847">
    <p class='ocr_par' dir='ltr' id='par_1_54' title="bbox 486 3760 2057 3847">
     <span class='ocr_line' id='line_1_55' title="bbox 486 3760 2057 3847; baseline -0.004 -16"><span class='ocrx_word' id='word_1_389' title='bbox 486 3776 665 3847; x_wconf 90' lang='lat' dir='ltr'><strong>ipsum</strong></span> <span class='ocrx_word' id='word_1_390' title='bbox 717 3776 934 3846; x_wconf 86' lang='lat' dir='ltr'><strong>quidem</strong></span> <span class='ocrx_word' id='word_1_391' title='bbox 958 3775 1070 3845; x_wconf 83' lang='lat' dir='ltr'><strong>jam</strong></span> <span class='ocrx_word' id='word_1_392' title='bbox 1103 3788 1249 3828; x_wconf 92' lang='lat' dir='ltr'><strong>nunc</strong></span> <span class='ocrx_word' id='word_1_393' title='bbox 1279 3774 1608 3843; x_wconf 90' lang='lat' dir='ltr'><strong>completum</strong></span> <span class='ocrx_word' id='word_1_394' title='bbox 1654 3774 1812 3843; x_wconf 88' lang='lat' dir='ltr'><strong>plane</strong></span> <span class='ocrx_word' id='word_1_395' title='bbox 1856 3760 2057 3827; x_wconf 90' lang='lat' dir='ltr'><strong>intueri</strong></span> 
     </span>
    </p>
   </div>
   <div class='ocr_carea' id='block_1_55' title="bbox 486 3864 2054 3940">
    <p class='ocr_par' dir='ltr' id='par_1_55' title="bbox 486 3864 2054 3940">
     <span class='ocr_line' id='line_1_56' title="bbox 486 3864 2054 3940; baseline -0.004 -17"><span class='ocrx_word' id='word_1_396' title='bbox 486 3870 632 3932; x_wconf 87' lang='lat' dir='ltr'><strong>licet,</strong></span> <span class='ocrx_word' id='word_1_397' title='bbox 655 3867 872 3940; x_wconf 90' lang='lat' dir='ltr'><strong>quando</strong></span> <span class='ocrx_word' id='word_1_398' title='bbox 897 3879 1103 3938; x_wconf 87' lang='lat' dir='ltr'><strong>gemes.</strong></span> <span class='ocrx_word' id='word_1_399' title='bbox 1131 3880 1251 3935; x_wconf 73' lang='lat' dir='ltr'><strong>qua:</strong></span> <span class='ocrx_word' id='word_1_400' title='bbox 1271 3865 1325 3918; x_wconf 89' lang='lat' dir='ltr'><strong>in</strong></span> <span class='ocrx_word' id='word_1_401' title='bbox 1354 3866 1560 3921; x_wconf 83' lang='lat' dir='ltr'><strong>Christi</strong></span> <span class='ocrx_word' id='word_1_402' title='bbox 1588 3864 1745 3920; x_wconf 82' lang='lat' dir='ltr'><strong>ﬁdem</strong></span> <span class='ocrx_word' id='word_1_403' title='bbox 1767 3871 2054 3928; x_wconf 87' lang='lat' dir='ltr'><strong>venerunt,</strong></span> 
     </span>
    </p>
   </div>
   <div class='ocr_carea' id='block_1_56' title="bbox 488 3955 2058 4028">
    <p class='ocr_par' dir='ltr' id='par_1_56' title="bbox 488 3955 2058 4028">
     <span class='ocr_line' id='line_1_57' title="bbox 488 3955 2058 4028; baseline -0.003 -13"><span class='ocrx_word' id='word_1_404' title='bbox 488 3977 680 4017; x_wconf 90' lang='lat' dir='ltr'><strong>omnes</strong></span> <span class='ocrx_word' id='word_1_405' title='bbox 723 3961 962 4015; x_wconf 90' lang='lat' dir='ltr'><strong>oraculis</strong></span> <span class='ocrx_word' id='word_1_406' title='bbox 1005 3959 1393 4028; x_wconf 88' lang='lat' dir='ltr'><strong>prophetarum</strong></span> <span class='ocrx_word' id='word_1_407' title='bbox 1450 3958 1680 4013; x_wconf 70' lang='lat' dir='ltr'><strong>abdictaa</strong></span> <span class='ocrx_word' id='word_1_408' title='bbox 1738 3965 1885 4011; x_wconf 68' lang='lat' dir='ltr'><strong>sunt.</strong></span> <span class='ocrx_word' id='word_1_409' title='bbox 1933 3955 2058 4011; x_wconf 67' lang='lat' dir='ltr'><strong>Haec</strong></span> 
     </span>
    </p>
   </div>
   <div class='ocr_carea' id='block_1_57' title="bbox 485 4047 2061 4121">
    <p class='ocr_par' dir='ltr' id='par_1_57' title="bbox 485 4047 2061 4121">
     <span class='ocr_line' id='line_1_58' title="bbox 485 4047 2061 4121; baseline -0.002 -16"><span class='ocrx_word' id='word_1_410' title='bbox 485 4061 669 4107; x_wconf 84' lang='lat' dir='ltr'><strong>tamen</strong></span> <span class='ocrx_word' id='word_1_411' title='bbox 694 4054 905 4117; x_wconf 89' lang='lat' dir='ltr'><strong>eadem,</strong></span> <span class='ocrx_word' id='word_1_412' title='bbox 928 4054 1089 4107; x_wconf 89' lang='lat' dir='ltr'><strong>etiam</strong></span> <span class='ocrx_word' id='word_1_413' title='bbox 1108 4067 1174 4106; x_wconf 82' lang='lat' dir='ltr'><strong>ex</strong></span> <span class='ocrx_word' id='word_1_414' title='bbox 1198 4051 1567 4121; x_wconf 90' lang='lat' dir='ltr'><strong>apostolorum</strong></span> <span class='ocrx_word' id='word_1_415' title='bbox 1611 4047 1914 4104; x_wconf 88' lang='lat' dir='ltr'><strong>Salvatoris</strong></span> <span class='ocrx_word' id='word_1_416' title='bbox 1959 4062 2061 4103; x_wconf 90' lang='lat' dir='ltr'><strong>no-</strong></span> 
     </span>
    </p>
   </div>
   <div class='ocr_carea' id='block_1_58' title="bbox 491 4140 2058 4215">
    <p class='ocr_par' dir='ltr' id='par_1_58' title="bbox 491 4140 2058 4215">
     <span class='ocr_line' id='line_1_59' title="bbox 491 4140 2058 4215; baseline -0.003 -16"><span class='ocrx_word' id='word_1_417' title='bbox 491 4147 591 4199; x_wconf 88' lang='lat' dir='ltr'><strong>stri</strong></span> <span class='ocrx_word' id='word_1_418' title='bbox 632 4158 866 4215; x_wconf 89' lang='lat' dir='ltr'><strong>persona</strong></span> <span class='ocrx_word' id='word_1_419' title='bbox 900 4143 1007 4198; x_wconf 92' lang='lat' dir='ltr'><strong>dici</strong></span> <span class='ocrx_word' id='word_1_420' title='bbox 1038 4151 1293 4213; x_wconf 90' lang='lat' dir='ltr'><strong>possunt,</strong></span> <span class='ocrx_word' id='word_1_421' title='bbox 1318 4142 1410 4211; x_wconf 88' lang='lat' dir='ltr'><strong>qui</strong></span> <span class='ocrx_word' id='word_1_422' title='bbox 1442 4140 1660 4210; x_wconf 90' lang='lat' dir='ltr'><strong>quidem</strong></span> <span class='ocrx_word' id='word_1_423' title='bbox 1691 4140 1744 4194; x_wconf 93' lang='lat' dir='ltr'><strong>id</strong></span> <span class='ocrx_word' id='word_1_424' title='bbox 1775 4142 1851 4194; x_wconf 90' lang='lat' dir='ltr'><strong>ita</strong></span> <span class='ocrx_word' id='word_1_425' title='bbox 1881 4154 2058 4195; x_wconf 81' lang='lat' dir='ltr'><strong>enun-</strong></span> 
     </span>
    </p>
   </div>
   <div class='ocr_carea' id='block_1_59' title="bbox 491 4231 2059 4303">
    <p class='ocr_par' dir='ltr' id='par_1_59' title="bbox 491 4231 2059 4303">
     <span class='ocr_line' id='line_1_60' title="bbox 491 4231 2059 4303; baseline -0.003 -15"><span class='ocrx_word' id='word_1_426' title='bbox 491 4236 630 4290; x_wconf 90' lang='lat' dir='ltr'><strong>tient</strong></span> <span class='ocrx_word' id='word_1_427' title='bbox 655 4252 669 4289; x_wconf 87' lang='lat'><strong>:</strong></span> <span class='ocrx_word' id='word_1_428' title='bbox 704 4251 723 4283; x_wconf 80' lang='grc' dir='ltr'><strong>ι</strong></span> <span class='ocrx_word' id='word_1_429' title='bbox 746 4233 921 4303; x_wconf 82' lang='lat' dir='ltr'><strong>Elegit</strong></span> <span class='ocrx_word' id='word_1_430' title='bbox 947 4233 1102 4287; x_wconf 92' lang='lat' dir='ltr'><strong>nobis</strong></span> <span class='ocrx_word' id='word_1_431' title='bbox 1127 4231 1493 4287; x_wconf 77' lang='lat' dir='ltr'><strong>haereditatem</strong></span> <span class='ocrx_word' id='word_1_432' title='bbox 1523 4246 1679 4286; x_wconf 89' lang='lat' dir='ltr'><strong>suam</strong></span> <span class='ocrx_word' id='word_1_433' title='bbox 1711 4247 1726 4284; x_wconf 90' lang='lat'><strong>:</strong></span> <span class='ocrx_word' id='word_1_434' title='bbox 1758 4248 1776 4282; x_wconf 75' lang='grc' dir='ltr'><strong>ι</strong></span> <span class='ocrx_word' id='word_1_435' title='bbox 1804 4236 2059 4284; x_wconf 67' lang='lat' dir='ltr'><strong>caeterum</strong></span> 
     </span>
    </p>
   </div>
   <div class='ocr_carea' id='block_1_60' title="bbox 492 4320 2061 4397">
    <p class='ocr_par' dir='ltr' id='par_1_60' title="bbox 492 4320 2061 4397">
     <span class='ocr_line' id='line_1_61' title="bbox 492 4320 2061 4397; baseline -0.003 -17"><span class='ocrx_word' id='word_1_436' title='bbox 492 4341 655 4397; x_wconf 89' lang='lat' dir='ltr'><strong>quam</strong></span> <span class='ocrx_word' id='word_1_437' title='bbox 684 4326 901 4380; x_wconf 89' lang='lat' dir='ltr'><strong>tandem</strong></span> <span class='ocrx_word' id='word_1_438' title='bbox 956 4323 1321 4379; x_wconf 65' lang='lat' dir='ltr'><strong>hmrvditatem</strong></span> <span class='ocrx_word' id='word_1_439' title='bbox 1357 4322 1604 4392; x_wconf 90' lang='lat' dir='ltr'><strong>accipere</strong></span> <span class='ocrx_word' id='word_1_440' title='bbox 1654 4328 1906 4391; x_wconf 88' lang='lat' dir='ltr'><strong>oportet,</strong></span> <span class='ocrx_word' id='word_1_441' title='bbox 1956 4320 2061 4376; x_wconf 84' lang='lat' dir='ltr'><strong>nisi</strong></span> 
     </span>
    </p>
   </div>
   <div class='ocr_carea' id='block_1_61' title="bbox 490 4412 2063 4487">
    <p class='ocr_par' dir='ltr' id='par_1_61' title="bbox 490 4412 2063 4487">
     <span class='ocr_line' id='line_1_62' title="bbox 490 4412 2063 4487; baseline -0.005 -13"><span class='ocrx_word' id='word_1_442' title='bbox 490 4419 829 4474; x_wconf 88' lang='lat' dir='ltr'><strong>vocationem</strong></span> <span class='ocrx_word' id='word_1_443' title='bbox 863 4417 1104 4487; x_wconf 89' lang='lat' dir='ltr'><strong>gentium</strong></span> <span class='ocrx_word' id='word_1_444' title='bbox 1129 4414 1720 4483; x_wconf 86' lang='lat' dir='ltr'><strong>universarum?quam</strong></span> <span class='ocrx_word' id='word_1_445' title='bbox 1758 4414 1873 4483; x_wconf 84' lang='lat' dir='ltr'><strong>ipse</strong></span> <span class='ocrx_word' id='word_1_446' title='bbox 1903 4412 2063 4468; x_wconf 87' lang='lat' dir='ltr'><strong>Chri-</strong></span> 
     </span>
    </p>
   </div>
   <div class='ocr_carea' id='block_1_62' title="bbox 2143 1944 3724 2018">
    <p class='ocr_par' dir='ltr' id='par_1_62' title="bbox 2143 1944 3724 2018">
     <span class='ocr_line' id='line_1_63' title="bbox 2143 1944 3724 2018; baseline 0.001 -20"><span class='ocrx_word' id='word_1_447' title='bbox 2143 1945 2303 2010; x_wconf 76' lang='grc' dir='ltr'><strong>λαοὺς</strong></span> <span class='ocrx_word' id='word_1_448' title='bbox 2326 1948 2489 2017; x_wconf 75' lang='grc' dir='ltr'><strong>ἡμῖν,</strong></span> <span class='ocrx_word' id='word_1_449' title='bbox 2536 1947 2631 2000; x_wconf 72' lang='grc' dir='ltr'><strong>καὶ</strong></span> <span class='ocrx_word' id='word_1_450' title='bbox 2658 1947 2783 2018; x_wconf 74' lang='grc' dir='ltr'><strong>ἔθνη</strong></span> <span class='ocrx_word' id='word_1_451' title='bbox 2826 1946 2931 2000; x_wconf 82' lang='grc' dir='ltr'><strong>ὑπὸ</strong></span> <span class='ocrx_word' id='word_1_452' title='bbox 2975 1946 3101 2010; x_wconf 79' lang='grc' dir='ltr'><strong>τοὺς</strong></span> <span class='ocrx_word' id='word_1_453' title='bbox 3132 1946 3296 2010; x_wconf 85' lang='grc' dir='ltr'><strong>πόδας</strong></span> <span class='ocrx_word' id='word_1_454' title='bbox 3328 1944 3513 2016; x_wconf 76' lang='grc' dir='ltr'><strong>ἡμῶν·</strong></span> <span class='ocrx_word' id='word_1_455' title='bbox 3545 1945 3724 2013; x_wconf 81' lang='grc' dir='ltr'><strong>ἐξελέ-</strong></span> 
     </span>
    </p>
   </div>
   <div class='ocr_carea' id='block_1_63' title="bbox 2148 2033 3724 2108">
    <p class='ocr_par' dir='ltr' id='par_1_63' title="bbox 2148 2033 3724 2108">
     <span class='ocr_line' id='line_1_64' title="bbox 2148 2033 3724 2108; baseline 0 -20"><span class='ocrx_word' id='word_1_456' title='bbox 2148 2034 2273 2100; x_wconf 80' lang='grc' dir='ltr'><strong>ξατο</strong></span> <span class='ocrx_word' id='word_1_457' title='bbox 2301 2038 2431 2106; x_wconf 72' lang='grc' dir='ltr'><strong>ἡμῖν</strong></span> <span class='ocrx_word' id='word_1_458' title='bbox 2457 2037 2554 2108; x_wconf 80' lang='grc' dir='ltr'><strong>τὴν</strong></span> <span class='ocrx_word' id='word_1_459' title='bbox 2584 2035 2944 2108; x_wconf 77' lang='grc' dir='ltr'><strong>κληρονομίαν</strong></span> <span class='ocrx_word' id='word_1_460' title='bbox 2976 2033 3173 2105; x_wconf 78' lang='grc' dir='ltr'><strong>ἐαυτῷ,</strong></span> <span class='ocrx_word' id='word_1_461' title='bbox 3204 2034 3302 2107; x_wconf 74' lang='grc' dir='ltr'><strong>τὴν</strong></span> <span class='ocrx_word' id='word_1_462' title='bbox 3326 2033 3594 2106; x_wconf 80' lang='grc' dir='ltr'><strong>καλλονὴν</strong></span> <span class='ocrx_word' id='word_1_463' title='bbox 3621 2036 3724 2088; x_wconf 82' lang='grc' dir='ltr'><strong>Ἰα-</strong></span> 
     </span>
    </p>
   </div>
   <div class='ocr_carea' id='block_1_64' title="bbox 2146 2125 3716 2199">
    <p class='ocr_par' dir='ltr' id='par_1_64' title="bbox 2146 2125 3716 2199">
     <span class='ocr_line' id='line_1_65' title="bbox 2146 2125 3716 2199; baseline 0.002 -20"><span class='ocrx_word' id='word_1_464' title='bbox 2146 2126 2295 2191; x_wconf 77' lang='grc' dir='ltr'><strong>κὼό,</strong></span> <span class='ocrx_word' id='word_1_465' title='bbox 2343 2127 2409 2198; x_wconf 75' lang='grc' dir='ltr'><strong>ην</strong></span> <span class='ocrx_word' id='word_1_466' title='bbox 2460 2128 2765 2199; x_wconf 71' lang='grc' dir='ltr'><strong>ἠγάπησεν.</strong></span> <span class='ocrx_word' id='word_1_467' title='bbox 2817 2127 3008 2198; x_wconf 81' lang='grc' dir='ltr'><strong>Ἀνέϐη</strong></span> <span class='ocrx_word' id='word_1_468' title='bbox 3042 2128 3071 2180; x_wconf 80' lang='lat'><strong>6</strong></span> <span class='ocrx_word' id='word_1_469' title='bbox 3114 2125 3245 2190; x_wconf 71' lang='grc' dir='ltr'><strong>Θεὸς</strong></span> <span class='ocrx_word' id='word_1_470' title='bbox 3280 2128 3338 2180; x_wconf 86' lang='grc' dir='ltr'><strong>ἐν</strong></span> <span class='ocrx_word' id='word_1_471' title='bbox 3382 2127 3716 2198; x_wconf 80' lang='grc' dir='ltr'><strong>ἀλαλαγμῷ,</strong></span> 
     </span>
    </p>
   </div>
   <div class='ocr_carea' id='block_1_65' title="bbox 2145 2217 3713 2290">
    <p class='ocr_par' dir='ltr' id='par_1_65' title="bbox 2145 2217 3713 2290">
     <span class='ocr_line' id='line_1_66' title="bbox 2145 2217 3713 2290; baseline 0 -20"><span class='ocrx_word' id='word_1_472' title='bbox 2145 2218 2347 2290; x_wconf 79' lang='grc' dir='ltr'><strong>Κύριος</strong></span> <span class='ocrx_word' id='word_1_473' title='bbox 2389 2220 2446 2272; x_wconf 88' lang='grc' dir='ltr'><strong>ἐν</strong></span> <span class='ocrx_word' id='word_1_474' title='bbox 2478 2221 2627 2290; x_wconf 77' lang='grc' dir='ltr'><strong>φωνῇ</strong></span> <span class='ocrx_word' id='word_1_475' title='bbox 2664 2218 2979 2287; x_wconf 78' lang='grc' dir='ltr'><strong>σάλπιγγος.</strong></span> <span class='ocrx_word' id='word_1_476' title='bbox 3010 2218 3225 2272; x_wconf 73' lang='grc' dir='ltr'><strong>Ψάλατε</strong></span> <span class='ocrx_word' id='word_1_477' title='bbox 3257 2217 3335 2289; x_wconf 80' lang='grc' dir='ltr'><strong>τῷ</strong></span> <span class='ocrx_word' id='word_1_478' title='bbox 3376 2218 3493 2289; x_wconf 83' lang='grc' dir='ltr'><strong>Θεῷ</strong></span> <span class='ocrx_word' id='word_1_479' title='bbox 3518 2219 3674 2290; x_wconf 74' lang='grc' dir='ltr'><strong>ἡμῶν</strong></span> <span class='ocrx_word' id='word_1_480' title='bbox 3696 2257 3713 2281; x_wconf 84' lang='grc'><strong><em>,</em></strong></span> 
     </span>
    </p>
   </div>
   <div class='ocr_carea' id='block_1_66' title="bbox 2145 2307 3718 2381">
    <p class='ocr_par' dir='ltr' id='par_1_66' title="bbox 2145 2307 3718 2381">
     <span class='ocr_line' id='line_1_67' title="bbox 2145 2307 3718 2381; baseline -0.002 -17"><span class='ocrx_word' id='word_1_481' title='bbox 2145 2311 2369 2380; x_wconf 72' lang='grc' dir='ltr'><strong>ψάλατε,</strong></span> <span class='ocrx_word' id='word_1_482' title='bbox 2403 2310 2609 2380; x_wconf 75' lang='grc' dir='ltr'><strong>ψάλατε</strong></span> <span class='ocrx_word' id='word_1_483' title='bbox 2635 2310 2712 2381; x_wconf 82' lang='grc' dir='ltr'><strong>τῷ</strong></span> <span class='ocrx_word' id='word_1_484' title='bbox 2743 2309 2949 2380; x_wconf 84' lang='grc' dir='ltr'><strong>βασιλεῖ</strong></span> <span class='ocrx_word' id='word_1_485' title='bbox 2980 2309 3156 2381; x_wconf 73' lang='grc' dir='ltr'><strong>ἡμῶν,</strong></span> <span class='ocrx_word' id='word_1_486' title='bbox 3194 2307 3426 2378; x_wconf 77' lang='grc' dir='ltr'><strong>ψάλατε,</strong></span> <span class='ocrx_word' id='word_1_487' title='bbox 3459 2310 3538 2362; x_wconf 85' lang='grc' dir='ltr'><strong>ὅτι</strong></span> <span class='ocrx_word' id='word_1_488' title='bbox 3569 2307 3718 2378; x_wconf 84' lang='grc' dir='ltr'><strong>βασι-</strong></span> 
     </span>
    </p>
   </div>
   <div class='ocr_carea' id='block_1_67' title="bbox 2147 2400 3723 2474">
    <p class='ocr_par' dir='ltr' id='par_1_67' title="bbox 2147 2400 3723 2474">
     <span class='ocr_line' id='line_1_68' title="bbox 2147 2400 3723 2474; baseline 0 -20"><span class='ocrx_word' id='word_1_489' title='bbox 2147 2401 2271 2466; x_wconf 82' lang='grc' dir='ltr'><strong>λεὺς</strong></span> <span class='ocrx_word' id='word_1_490' title='bbox 2296 2402 2473 2474; x_wconf 83' lang='grc' dir='ltr'><strong>πάσης</strong></span> <span class='ocrx_word' id='word_1_491' title='bbox 2499 2402 2599 2473; x_wconf 84' lang='grc' dir='ltr'><strong>τῆς</strong></span> <span class='ocrx_word' id='word_1_492' title='bbox 2627 2402 2732 2471; x_wconf 79' lang='grc' dir='ltr'><strong>γῆς</strong></span> <span class='ocrx_word' id='word_1_493' title='bbox 2762 2404 2789 2455; x_wconf 92' lang='lat'><strong>6</strong></span> <span class='ocrx_word' id='word_1_494' title='bbox 2816 2401 2969 2466; x_wconf 82' lang='grc' dir='ltr'><strong>Θεὸς,</strong></span> <span class='ocrx_word' id='word_1_495' title='bbox 3001 2401 3206 2470; x_wconf 71' lang='grc' dir='ltr'><strong>ψάλατε</strong></span> <span class='ocrx_word' id='word_1_496' title='bbox 3237 2402 3475 2465; x_wconf 81' lang='grc' dir='ltr'><strong>συνετῶς</strong></span> <span class='ocrx_word' id='word_1_497' title='bbox 3495 2417 3510 2432; x_wconf 77' lang='grc'><em>’</em></span> <span class='ocrx_word' id='word_1_498' title='bbox 3540 2400 3723 2454; x_wconf 74' lang='grc' dir='ltr'><strong>ἐϐασί-</strong></span> 
     </span>
    </p>
   </div>
   <div class='ocr_carea' id='block_1_68' title="bbox 2147 2489 3725 2563">
    <p class='ocr_par' dir='ltr' id='par_1_68' title="bbox 2147 2489 3725 2563">
     <span class='ocr_line' id='line_1_69' title="bbox 2147 2489 3725 2563; baseline -0.001 -18"><span class='ocrx_word' id='word_1_499' title='bbox 2147 2492 2337 2545; x_wconf 88' lang='grc' dir='ltr'><strong>λευσεν</strong></span> <span class='ocrx_word' id='word_1_500' title='bbox 2358 2493 2386 2543; x_wconf 91' lang='lat'><strong>6</strong></span> <span class='ocrx_word' id='word_1_501' title='bbox 2415 2493 2546 2557; x_wconf 80' lang='grc' dir='ltr'><strong>Θεὸς</strong></span> <span class='ocrx_word' id='word_1_502' title='bbox 2564 2492 2664 2558; x_wconf 56' lang='grc' dir='ltr'><strong>,ἐπὶ</strong></span> <span class='ocrx_word' id='word_1_503' title='bbox 2701 2491 2768 2544; x_wconf 88' lang='grc' dir='ltr'><strong>τά</strong></span> <span class='ocrx_word' id='word_1_504' title='bbox 2810 2492 2937 2561; x_wconf 74' lang='grc' dir='ltr'><strong>ἔθνη</strong></span> <span class='ocrx_word' id='word_1_505' title='bbox 2956 2509 2969 2522; x_wconf 93' lang='grc'><strong>·</strong></span> <span class='ocrx_word' id='word_1_506' title='bbox 3002 2494 3032 2545; x_wconf 92' lang='lat'><strong>6</strong></span> <span class='ocrx_word' id='word_1_507' title='bbox 3054 2490 3187 2554; x_wconf 85' lang='grc' dir='ltr'><strong>Θεὸς</strong></span> <span class='ocrx_word' id='word_1_508' title='bbox 3211 2489 3449 2563; x_wconf 82' lang='grc' dir='ltr'><strong>κάθηται</strong></span> <span class='ocrx_word' id='word_1_509' title='bbox 3478 2490 3571 2545; x_wconf 67' lang='grc' dir='ltr'><strong>ἐπὶ</strong></span> <span class='ocrx_word' id='word_1_510' title='bbox 3603 2490 3725 2562; x_wconf 84' lang='grc' dir='ltr'><strong>θρό-</strong></span> 
     </span>
    </p>
   </div>
   <div class='ocr_carea' id='block_1_69' title="bbox 2150 2582 3727 2657">
    <p class='ocr_par' dir='ltr' id='par_1_69' title="bbox 2150 2582 3727 2657">
     <span class='ocr_line' id='line_1_70' title="bbox 2150 2582 3727 2657; baseline 0.001 -21"><span class='ocrx_word' id='word_1_511' title='bbox 2150 2601 2241 2637; x_wconf 88' lang='grc' dir='ltr'><strong>νου</strong></span> <span class='ocrx_word' id='word_1_512' title='bbox 2276 2584 2429 2653; x_wconf 86' lang='grc' dir='ltr'><strong>ἁγίου</strong></span> <span class='ocrx_word' id='word_1_513' title='bbox 2463 2584 2647 2638; x_wconf 80' lang='grc' dir='ltr'><strong>αὐτοῦ.</strong></span> <span class='ocrx_word' id='word_1_514' title='bbox 2691 2586 2982 2657; x_wconf 74' lang='grc' dir='ltr'><strong>’Ἄρχοντες</strong></span> <span class='ocrx_word' id='word_1_515' title='bbox 3021 2583 3163 2637; x_wconf 91' lang='grc' dir='ltr'><strong>λαῶν</strong></span> <span class='ocrx_word' id='word_1_516' title='bbox 3204 2583 3551 2655; x_wconf 75' lang='grc' dir='ltr'><strong>συνήχθησαν</strong></span> <span class='ocrx_word' id='word_1_517' title='bbox 3587 2582 3727 2655; x_wconf 83' lang='grc' dir='ltr'><strong>μετά</strong></span> 
     </span>
    </p>
   </div>
   <div class='ocr_carea' id='block_1_70' title="bbox 2148 2672 3728 2746">
    <p class='ocr_par' dir='ltr' id='par_1_70' title="bbox 2148 2672 3728 2746">
     <span class='ocr_line' id='line_1_71' title="bbox 2148 2672 3728 2746; baseline 0 -19"><span class='ocrx_word' id='word_1_518' title='bbox 2148 2673 2243 2728; x_wconf 76' lang='grc' dir='ltr'><strong>τοῦ</strong></span> <span class='ocrx_word' id='word_1_519' title='bbox 2275 2674 2409 2728; x_wconf 79' lang='grc' dir='ltr'><strong>Θεοῦ</strong></span> <span class='ocrx_word' id='word_1_520' title='bbox 2458 2674 2729 2746; x_wconf 74' lang='grc' dir='ltr'><strong>Ἀϐραάμ,</strong></span> <span class='ocrx_word' id='word_1_521' title='bbox 2759 2676 2839 2728; x_wconf 82' lang='grc' dir='ltr'><strong>ὅτι</strong></span> <span class='ocrx_word' id='word_1_522' title='bbox 2861 2673 2954 2728; x_wconf 81' lang='grc' dir='ltr'><strong>τοῦ</strong></span> <span class='ocrx_word' id='word_1_523' title='bbox 2976 2673 3110 2727; x_wconf 87' lang='grc' dir='ltr'>Θεοῦ</span> <span class='ocrx_word' id='word_1_524' title='bbox 3135 2676 3181 2727; x_wconf 91' lang='grc' dir='ltr'><strong>οί</strong></span> <span class='ocrx_word' id='word_1_525' title='bbox 3214 2673 3464 2743; x_wconf 78' lang='grc' dir='ltr'><strong>κραταιοὶ</strong></span> <span class='ocrx_word' id='word_1_526' title='bbox 3490 2672 3594 2742; x_wconf 85' lang='grc' dir='ltr'><strong>τῆς</strong></span> <span class='ocrx_word' id='word_1_527' title='bbox 3622 2672 3728 2745; x_wconf 84' lang='grc' dir='ltr'><strong>γῆς</strong></span> 
     </span>
    </p>
   </div>
   <div class='ocr_carea' id='block_1_71' title="bbox 2153 2763 3727 2838">
    <p class='ocr_par' dir='ltr' id='par_1_71' title="bbox 2153 2763 3727 2838">
     <span class='ocr_line' id='line_1_72' title="bbox 2153 2763 3727 2838; baseline -0.003 -19"><span class='ocrx_word' id='word_1_528' title='bbox 2153 2765 2358 2838; x_wconf 83' lang='grc' dir='ltr'><strong>σφόδρα</strong></span> <span class='ocrx_word' id='word_1_529' title='bbox 2390 2764 2727 2838; x_wconf 85' lang='grc' dir='ltr'><strong>ἐπήρθησαν.</strong></span> <span class='ocrx_word' id='word_1_530' title='bbox 2767 2785 2785 2817; x_wconf 77' lang='grc' dir='ltr'><strong>ι</strong></span> <span class='ocrx_word' id='word_1_531' title='bbox 2824 2766 2934 2819; x_wconf 78' lang='grc' dir='ltr'><strong>Καὶ</strong></span> <span class='ocrx_word' id='word_1_532' title='bbox 2964 2765 3014 2818; x_wconf 86' lang='grc' dir='ltr'><strong>τί</strong></span> <span class='ocrx_word' id='word_1_533' title='bbox 3039 2765 3223 2835; x_wconf 72' lang='grc' dir='ltr'><strong>ἕτερον</strong></span> <span class='ocrx_word' id='word_1_534' title='bbox 3250 2763 3498 2833; x_wconf 76' lang='grc' dir='ltr'><strong>βούλεται</strong></span> <span class='ocrx_word' id='word_1_535' title='bbox 3530 2763 3727 2833; x_wconf 88' lang='grc' dir='ltr'><strong>σημαί-</strong></span> 
     </span>
    </p>
   </div>
   <div class='ocr_carea' id='block_1_72' title="bbox 2151 2854 3725 2929">
    <p class='ocr_par' dir='ltr' id='par_1_72' title="bbox 2151 2854 3725 2929">
     <span class='ocr_line' id='line_1_73' title="bbox 2151 2854 3725 2929; baseline -0.001 -19"><span class='ocrx_word' id='word_1_536' title='bbox 2151 2874 2263 2910; x_wconf 90' lang='grc' dir='ltr'><strong>νειν</strong></span> <span class='ocrx_word' id='word_1_537' title='bbox 2293 2859 2327 2929; x_wconf 83' lang='grc' dir='ltr'>ἡ</span> <span class='ocrx_word' id='word_1_538' title='bbox 2365 2856 2450 2910; x_wconf 85' lang='grc' dir='ltr'><strong>διὰ</strong></span> <span class='ocrx_word' id='word_1_539' title='bbox 2478 2857 2681 2911; x_wconf 82' lang='grc' dir='ltr'><strong>τούτων</strong></span> <span class='ocrx_word' id='word_1_540' title='bbox 2718 2856 3019 2928; x_wconf 78' lang='grc' dir='ltr'><strong>δηλουμένη</strong></span> <span class='ocrx_word' id='word_1_541' title='bbox 3076 2855 3277 2925; x_wconf 80' lang='grc' dir='ltr'><strong>Κυρίου</strong></span> <span class='ocrx_word' id='word_1_542' title='bbox 3340 2855 3434 2908; x_wconf 82' lang='grc' dir='ltr'><strong>τοῦ</strong></span> <span class='ocrx_word' id='word_1_543' title='bbox 3460 2854 3596 2908; x_wconf 84' lang='grc' dir='ltr'>Θεοῦ</span> <span class='ocrx_word' id='word_1_544' title='bbox 3630 2855 3725 2909; x_wconf 84' lang='grc' dir='ltr'><strong>ἀν-</strong></span> 
     </span>
    </p>
   </div>
   <div class='ocr_carea' id='block_1_73' title="bbox 2151 2941 3728 3021">
    <p class='ocr_par' dir='ltr' id='par_1_73' title="bbox 2151 2941 3728 3021">
     <span class='ocr_line' id='line_1_74' title="bbox 2151 2941 3728 3021; baseline -0.001 -18"><span class='ocrx_word' id='word_1_545' title='bbox 2151 2949 2288 3013; x_wconf 79' lang='grc' dir='ltr'><strong>οδος,</strong></span> <span class='ocrx_word' id='word_1_546' title='bbox 2321 2949 2353 3021; x_wconf 84' lang='grc' dir='ltr'>ἢ</span> <span class='ocrx_word' id='word_1_547' title='bbox 2386 2951 2484 3021; x_wconf 79' lang='grc' dir='ltr'><strong>τὴν</strong></span> <span class='ocrx_word' id='word_1_548' title='bbox 2516 2949 2734 3020; x_wconf 75' lang='grc' dir='ltr'><strong>πρὸτῆς</strong></span> <span class='ocrx_word' id='word_1_549' title='bbox 2761 2949 2947 3003; x_wconf 86' lang='grc' dir='ltr'><strong>ἀνόδου</strong></span> <span class='ocrx_word' id='word_1_550' title='bbox 2976 2947 3197 3002; x_wconf 87' lang='grc' dir='ltr'><strong>κάθοδον</strong></span> <span class='ocrx_word' id='word_1_551' title='bbox 3226 2945 3424 3012; x_wconf 77' lang='grc' dir='ltr'><strong>αὐτοῦ;</strong></span> <span class='ocrx_word' id='word_1_552' title='bbox 3452 2948 3537 3016; x_wconf 70' lang='grc' dir='ltr'><strong>ἐφ’</strong></span> <span class='ocrx_word' id='word_1_553' title='bbox 3620 2947 3728 3002; x_wconf 89' lang='grc' dir='ltr'><strong>πά·-</strong></span> 
     </span>
    </p>
   </div>
   <div class='ocr_carea' id='block_1_74' title="bbox 2151 3040 3727 3113">
    <p class='ocr_par' dir='ltr' id='par_1_74' title="bbox 2151 3040 3727 3113">
     <span class='ocr_line' id='line_1_75' title="bbox 2151 3040 3727 3113; baseline 0.001 -19"><span class='ocrx_word' id='word_1_554' title='bbox 2151 3043 2235 3095; x_wconf 90' lang='grc' dir='ltr'><strong>λιν</strong></span> <span class='ocrx_word' id='word_1_555' title='bbox 2267 3043 2300 3113; x_wconf 75' lang='grc' dir='ltr'><strong>ἡ</strong></span> <span class='ocrx_word' id='word_1_556' title='bbox 2323 3042 2430 3095; x_wconf 87' lang='grc' dir='ltr'><strong>τῶν</strong></span> <span class='ocrx_word' id='word_1_557' title='bbox 2458 3042 2625 3096; x_wconf 80' lang='grc' dir='ltr'><strong>ἐθνῶν</strong></span> <span class='ocrx_word' id='word_1_558' title='bbox 2647 3043 2862 3096; x_wconf 87' lang='grc' dir='ltr'><strong>πάντων</strong></span> <span class='ocrx_word' id='word_1_559' title='bbox 2886 3042 3077 3112; x_wconf 80' lang='grc' dir='ltr'><strong>κλῆσις</strong></span> <span class='ocrx_word' id='word_1_560' title='bbox 3103 3040 3438 3106; x_wconf 73' lang='grc' dir='ltr'><strong>θεσπίζεται,</strong></span> <span class='ocrx_word' id='word_1_561' title='bbox 3466 3042 3644 3112; x_wconf 74' lang='grc' dir='ltr'><strong>χαρᾶς</strong></span> <span class='ocrx_word' id='word_1_562' title='bbox 3666 3058 3727 3095; x_wconf 85' lang='grc' dir='ltr'><strong>τε</strong></span> 
     </span>
    </p>
   </div>
   <div class='ocr_carea' id='block_1_75' title="bbox 2155 3132 3731 3205">
    <p class='ocr_par' dir='ltr' id='par_1_75' title="bbox 2155 3132 3731 3205">
     <span class='ocr_line' id='line_1_76' title="bbox 2155 3132 3731 3205; baseline -0.001 -17"><span class='ocrx_word' id='word_1_563' title='bbox 2155 3135 2247 3188; x_wconf 80' lang='grc' dir='ltr'><strong>καὶ</strong></span> <span class='ocrx_word' id='word_1_564' title='bbox 2280 3134 2616 3205; x_wconf 77' lang='grc' dir='ltr'><strong>εὐφροσύνης</strong></span> <span class='ocrx_word' id='word_1_565' title='bbox 2658 3136 2858 3205; x_wconf 78' lang='grc' dir='ltr'><strong>σημεῖα</strong></span> <span class='ocrx_word' id='word_1_566' title='bbox 2897 3134 2990 3187; x_wconf 73' lang='grc' dir='ltr'><strong>ἐπὶ</strong></span> <span class='ocrx_word' id='word_1_567' title='bbox 3026 3136 3091 3204; x_wconf 78' lang='grc' dir='ltr'><strong>τῇ</strong></span> <span class='ocrx_word' id='word_1_568' title='bbox 3128 3132 3396 3205; x_wconf 71' lang='grc' dir='ltr'><strong>μελλούσῃ</strong></span> <span class='ocrx_word' id='word_1_569' title='bbox 3431 3132 3731 3205; x_wconf 77' lang='grc' dir='ltr'><strong>θεογνωσία</strong></span> 
     </span>
    </p>
   </div>
   <div class='ocr_carea' id='block_1_76' title="bbox 2148 3223 3731 3296">
    <p class='ocr_par' dir='ltr' id='par_1_76' title="bbox 2148 3223 3731 3296">
     <span class='ocr_line' id='line_1_77' title="bbox 2148 3223 3731 3296; baseline -0.001 -17"><span class='ocrx_word' id='word_1_570' title='bbox 2148 3229 2266 3288; x_wconf 84' lang='grc' dir='ltr'><strong>τοῖς</strong></span> <span class='ocrx_word' id='word_1_571' title='bbox 2291 3225 2500 3281; x_wconf 77' lang='grc' dir='ltr'><strong>ἔθνεσιν</strong></span> <span class='ocrx_word' id='word_1_572' title='bbox 2529 3226 2731 3281; x_wconf 79' lang='grc' dir='ltr'><strong>ἅπασιν</strong></span> <span class='ocrx_word' id='word_1_573' title='bbox 2768 3223 3196 3294; x_wconf 80' lang='grc' dir='ltr'><strong>εὐαγγελίζεται,</strong></span> <span class='ocrx_word' id='word_1_574' title='bbox 3226 3224 3318 3277; x_wconf 78' lang='grc' dir='ltr'><strong>ὅτε</strong></span> <span class='ocrx_word' id='word_1_575' title='bbox 3341 3224 3546 3296; x_wconf 84' lang='grc' dir='ltr'><strong>Κύριος</strong></span> <span class='ocrx_word' id='word_1_576' title='bbox 3565 3224 3731 3288; x_wconf 68' lang='grc' dir='ltr'><strong>αὐτὸς</strong></span> 
     </span>
    </p>
   </div>
   <div class='ocr_carea' id='block_1_77' title="bbox 2152 3314 3730 3387">
    <p class='ocr_par' dir='ltr' id='par_1_77' title="bbox 2152 3314 3730 3387">
     <span class='ocr_line' id='line_1_78' title="bbox 2152 3314 3730 3387; baseline 0.002 -18"><span class='ocrx_word' id='word_1_577' title='bbox 2152 3318 2182 3370; x_wconf 93' lang='lat'><strong>6</strong></span> <span class='ocrx_word' id='word_1_578' title='bbox 2211 3316 2433 3385; x_wconf 72' lang='grc' dir='ltr'><strong>ὕψιστος</strong></span> <span class='ocrx_word' id='word_1_579' title='bbox 2455 3356 2469 3380; x_wconf 89' lang='grc'><em>,</em></span> <span class='ocrx_word' id='word_1_580' title='bbox 2500 3317 2658 3387; x_wconf 86' lang='grc' dir='ltr'><strong>μόνος</strong></span> <span class='ocrx_word' id='word_1_581' title='bbox 2687 3317 2821 3381; x_wconf 79' lang='grc' dir='ltr'><strong>Θεὸς</strong></span> <span class='ocrx_word' id='word_1_582' title='bbox 2851 3316 2944 3370; x_wconf 71' lang='grc' dir='ltr'><strong>καὶ</strong></span> <span class='ocrx_word' id='word_1_583' title='bbox 2976 3314 3226 3386; x_wconf 78' lang='grc' dir='ltr'><strong>βασιλεὺς</strong></span> <span class='ocrx_word' id='word_1_584' title='bbox 3254 3315 3470 3385; x_wconf 78' lang='grc' dir='ltr'><strong>ἀπάσης</strong></span> <span class='ocrx_word' id='word_1_585' title='bbox 3503 3317 3601 3387; x_wconf 81' lang='grc' dir='ltr'><strong>τῆς</strong></span> <span class='ocrx_word' id='word_1_586' title='bbox 3626 3316 3730 3385; x_wconf 82' lang='grc' dir='ltr'><strong>γῆς</strong></span> 
     </span>
    </p>
   </div>
   <div class='ocr_carea' id='block_1_78' title="bbox 2150 3406 3731 3478">
    <p class='ocr_par' dir='ltr' id='par_1_78' title="bbox 2150 3406 3731 3478">
     <span class='ocr_line' id='line_1_79' title="bbox 2150 3406 3731 3478; baseline 0.001 -18"><span class='ocrx_word' id='word_1_587' title='bbox 2150 3407 2506 3477; x_wconf 70' lang='grc' dir='ltr'><strong>ὁμολογηθεὶς</strong></span> <span class='ocrx_word' id='word_1_588' title='bbox 2526 3446 2540 3470; x_wconf 86' lang='grc'><em>,</em></span> <span class='ocrx_word' id='word_1_589' title='bbox 2572 3407 2862 3475; x_wconf 81' lang='grc' dir='ltr'><strong>ὑποτάξειν</strong></span> <span class='ocrx_word' id='word_1_590' title='bbox 2899 3408 3059 3471; x_wconf 77' lang='grc' dir='ltr'><strong>λαοὺς</strong></span> <span class='ocrx_word' id='word_1_591' title='bbox 3097 3409 3226 3478; x_wconf 78' lang='grc' dir='ltr'><strong>ἡμῖν</strong></span> <span class='ocrx_word' id='word_1_592' title='bbox 3259 3406 3529 3461; x_wconf 86' lang='grc' dir='ltr'><strong>λέλεκται.</strong></span> <span class='ocrx_word' id='word_1_593' title='bbox 3566 3408 3731 3478; x_wconf 83' lang='grc' dir='ltr'><strong>Ἡμῖν</strong></span> 
     </span>
    </p>
   </div>
   <div class='ocr_carea' id='block_1_79' title="bbox 2153 3500 3730 3573">
    <p class='ocr_par' dir='ltr' id='par_1_79' title="bbox 2153 3500 3730 3573">
     <span class='ocr_line' id='line_1_80' title="bbox 2153 3500 3730 3573; baseline 0.001 -20"><span class='ocrx_word' id='word_1_594' title='bbox 2153 3500 2211 3553; x_wconf 78' lang='grc' dir='ltr'><strong>δὲ</strong></span> <span class='ocrx_word' id='word_1_595' title='bbox 2242 3502 2382 3553; x_wconf 89' lang='grc' dir='ltr'><strong>τίσιν</strong></span> <span class='ocrx_word' id='word_1_596' title='bbox 2432 3500 2464 3572; x_wconf 82' lang='grc' dir='ltr'>ἢ</span> <span class='ocrx_word' id='word_1_597' title='bbox 2494 3500 2693 3573; x_wconf 80' lang='grc' dir='ltr'><strong>δηλαδὴ</strong></span> <span class='ocrx_word' id='word_1_598' title='bbox 2747 3503 2859 3564; x_wconf 83' lang='grc' dir='ltr'><strong>τοῖς</strong></span> <span class='ocrx_word' id='word_1_599' title='bbox 2883 3500 3054 3553; x_wconf 74' lang='grc' dir='ltr'><strong>ταῦτα</strong></span> <span class='ocrx_word' id='word_1_600' title='bbox 3073 3500 3541 3570; x_wconf 77' lang='grc' dir='ltr'><strong>προφητεύουσιν;</strong></span> <span class='ocrx_word' id='word_1_601' title='bbox 3576 3502 3606 3555; x_wconf 83' lang='grc' dir='ltr'><strong>δ</strong></span> <span class='ocrx_word' id='word_1_602' title='bbox 3634 3501 3730 3555; x_wconf 77' lang='grc' dir='ltr'><strong>καὶ</strong></span> 
     </span>
    </p>
   </div>
   <div class='ocr_carea' id='block_1_80' title="bbox 2154 3591 3732 3665">
    <p class='ocr_par' dir='ltr' id='par_1_80' title="bbox 2154 3591 3732 3665">
     <span class='ocr_line' id='line_1_81' title="bbox 2154 3591 3732 3665; baseline 0.001 -20"><span class='ocrx_word' id='word_1_603' title='bbox 2154 3591 2300 3646; x_wconf 76' lang='grc' dir='ltr'><strong>ἐστιν</strong></span> <span class='ocrx_word' id='word_1_604' title='bbox 2331 3593 2574 3664; x_wconf 81' lang='grc' dir='ltr'><strong>ἐναργῶς</strong></span> <span class='ocrx_word' id='word_1_605' title='bbox 2607 3594 2732 3646; x_wconf 84' lang='grc' dir='ltr'><strong>ἰδεῖν</strong></span> <span class='ocrx_word' id='word_1_606' title='bbox 2766 3592 3207 3665; x_wconf 81' lang='grc' dir='ltr'><strong>πεπληρωμένον,</strong></span> <span class='ocrx_word' id='word_1_607' title='bbox 3231 3594 3321 3646; x_wconf 82' lang='grc' dir='ltr'><strong>ὅτε</strong></span> <span class='ocrx_word' id='word_1_608' title='bbox 3353 3594 3535 3648; x_wconf 89' lang='grc' dir='ltr'><strong>πάντα</strong></span> <span class='ocrx_word' id='word_1_609' title='bbox 3561 3594 3631 3647; x_wconf 72' lang='grc' dir='ltr'><strong>τὰ</strong></span> <span class='ocrx_word' id='word_1_610' title='bbox 3651 3596 3732 3659; x_wconf 86' lang='grc' dir='ltr'><strong>είς</strong></span> 
     </span>
    </p>
   </div>
   <div class='ocr_carea' id='block_1_81' title="bbox 2156 3685 3730 3758">
    <p class='ocr_par' dir='ltr' id='par_1_81' title="bbox 2156 3685 3730 3758">
     <span class='ocr_line' id='line_1_82' title="bbox 2156 3685 3730 3758; baseline -0.001 -19"><span class='ocrx_word' id='word_1_611' title='bbox 2156 3685 2389 3757; x_wconf 70' lang='grc' dir='ltr'><strong>Χριστὸν</strong></span> <span class='ocrx_word' id='word_1_612' title='bbox 2415 3686 2819 3739; x_wconf 78' lang='grc' dir='ltr'><strong>πεπιστευκότα</strong></span> <span class='ocrx_word' id='word_1_613' title='bbox 2859 3685 2985 3758; x_wconf 76' lang='grc' dir='ltr'><strong>ἔθνη</strong></span> <span class='ocrx_word' id='word_1_614' title='bbox 3012 3689 3123 3750; x_wconf 76' lang='grc' dir='ltr'><strong>τοῖς</strong></span> <span class='ocrx_word' id='word_1_615' title='bbox 3162 3685 3340 3754; x_wconf 80' lang='grc' dir='ltr'><strong>λόγοις</strong></span> <span class='ocrx_word' id='word_1_616' title='bbox 3374 3685 3483 3739; x_wconf 89' lang='grc' dir='ltr'><strong>τῶν</strong></span> <span class='ocrx_word' id='word_1_617' title='bbox 3514 3703 3730 3758; x_wconf 66' lang='grc' dir='ltr'><strong>προφη-</strong></span> 
     </span>
    </p>
   </div>
   <div class='ocr_carea' id='block_1_82' title="bbox 2156 3777 3727 3849">
    <p class='ocr_par' dir='ltr' id='par_1_82' title="bbox 2156 3777 3727 3849">
     <span class='ocr_line' id='line_1_83' title="bbox 2156 3777 3727 3849; baseline 0.001 -19"><span class='ocrx_word' id='word_1_618' title='bbox 2156 3777 2264 3831; x_wconf 87' lang='grc' dir='ltr'><strong>τῶν</strong></span> <span class='ocrx_word' id='word_1_619' title='bbox 2295 3779 2671 3832; x_wconf 80' lang='grc' dir='ltr'><strong>ὑποτέτακται.</strong></span> <span class='ocrx_word' id='word_1_620' title='bbox 2715 3778 2939 3847; x_wconf 83' lang='grc' dir='ltr'><strong>Λέγοιτο</strong></span> <span class='ocrx_word' id='word_1_621' title='bbox 2962 3778 3008 3831; x_wconf 77' lang='grc' dir='ltr'><strong>δ’</strong></span> <span class='ocrx_word' id='word_1_622' title='bbox 3037 3778 3102 3832; x_wconf 83' lang='grc' dir='ltr'>ἂν</span> <span class='ocrx_word' id='word_1_623' title='bbox 3131 3777 3301 3830; x_wconf 80' lang='grc' dir='ltr'><strong>ταῦτα</strong></span> <span class='ocrx_word' id='word_1_624' title='bbox 3328 3777 3424 3831; x_wconf 75' lang='grc' dir='ltr'><strong>καὶ</strong></span> <span class='ocrx_word' id='word_1_625' title='bbox 3457 3779 3523 3832; x_wconf 91' lang='grc' dir='ltr'><strong>ἐκ</strong></span> <span class='ocrx_word' id='word_1_626' title='bbox 3552 3794 3727 3849; x_wconf 85' lang='grc' dir='ltr'><strong>προσ-</strong></span> 
     </span>
    </p>
   </div>
   <div class='ocr_carea' id='block_1_83' title="bbox 2157 3869 3732 3943">
    <p class='ocr_par' dir='ltr' id='par_1_83' title="bbox 2157 3869 3732 3943">
     <span class='ocr_line' id='line_1_84' title="bbox 2157 3869 3732 3943; baseline 0.001 -18"><span class='ocrx_word' id='word_1_627' title='bbox 2157 3870 2306 3925; x_wconf 88' lang='grc' dir='ltr'><strong>ώπου</strong></span> <span class='ocrx_word' id='word_1_628' title='bbox 2352 3871 2460 3924; x_wconf 91' lang='grc' dir='ltr'><strong>τῶν</strong></span> <span class='ocrx_word' id='word_1_629' title='bbox 2505 3872 2818 3925; x_wconf 86' lang='grc' dir='ltr'><strong>ἀποστόλων</strong></span> <span class='ocrx_word' id='word_1_630' title='bbox 2861 3869 2955 3925; x_wconf 83' lang='grc' dir='ltr'><strong>τοῦ</strong></span> <span class='ocrx_word' id='word_1_631' title='bbox 3005 3871 3253 3943; x_wconf 78' lang='grc' dir='ltr'><strong>Σωτῆρος</strong></span> <span class='ocrx_word' id='word_1_632' title='bbox 3298 3870 3487 3943; x_wconf 87' lang='grc' dir='ltr'><strong>ήμῶν,</strong></span> <span class='ocrx_word' id='word_1_633' title='bbox 3535 3872 3585 3925; x_wconf 80' lang='grc' dir='ltr'><strong>οἶ</strong></span> <span class='ocrx_word' id='word_1_634' title='bbox 3634 3873 3732 3926; x_wconf 78' lang='grc' dir='ltr'><strong>καὶ</strong></span> 
     </span>
    </p>
   </div>
   <div class='ocr_carea' id='block_1_84' title="bbox 2158 3963 3730 4037">
    <p class='ocr_par' dir='ltr' id='par_1_84' title="bbox 2158 3963 3730 4037">
     <span class='ocr_line' id='line_1_85' title="bbox 2158 3963 3730 4037; baseline 0 -18"><span class='ocrx_word' id='word_1_635' title='bbox 2158 3964 2363 4019; x_wconf 71' lang='grc' dir='ltr'><strong>εἴποιεν</strong></span> <span class='ocrx_word' id='word_1_636' title='bbox 2400 3964 2466 4019; x_wconf 86' lang='grc' dir='ltr'>ἂν</span> <span class='ocrx_word' id='word_1_637' title='bbox 2498 3965 2578 4017; x_wconf 90' lang='grc' dir='ltr'><strong>τό·</strong></span> <span class='ocrx_word' id='word_1_638' title='bbox 2628 3983 2646 4016; x_wconf 87' lang='grc' dir='ltr'><strong>ι</strong></span> <span class='ocrx_word' id='word_1_639' title='bbox 2688 3963 3002 4030; x_wconf 78' lang='grc' dir='ltr'><strong>Ἐξελέξατο</strong></span> <span class='ocrx_word' id='word_1_640' title='bbox 3055 3967 3185 4035; x_wconf 79' lang='grc' dir='ltr'><strong>ἡμῖν</strong></span> <span class='ocrx_word' id='word_1_641' title='bbox 3227 3964 3328 4035; x_wconf 79' lang='grc' dir='ltr'><strong>τὴν</strong></span> <span class='ocrx_word' id='word_1_642' title='bbox 3364 3964 3730 4037; x_wconf 82' lang='grc' dir='ltr'><strong>κληρονομίαν</strong></span> 
     </span>
    </p>
   </div>
   <div class='ocr_carea' id='block_1_85' title="bbox 2160 4052 3729 4127">
    <p class='ocr_par' dir='ltr' id='par_1_85' title="bbox 2160 4052 3729 4127">
     <span class='ocr_line' id='line_1_86' title="bbox 2160 4052 3729 4127; baseline 0 -19"><span class='ocrx_word' id='word_1_643' title='bbox 2160 4053 2372 4109; x_wconf 77' lang='grc' dir='ltr'><strong>ἑαυτοῦ.</strong></span> <span class='ocrx_word' id='word_1_644' title='bbox 2408 4073 2425 4105; x_wconf 75' lang='grc' dir='ltr'><strong>ι</strong></span> <span class='ocrx_word' id='word_1_645' title='bbox 2457 4053 2838 4127; x_wconf 85' lang='grc' dir='ltr'><strong>Κληρονομίαν</strong></span> <span class='ocrx_word' id='word_1_646' title='bbox 2865 4054 2922 4109; x_wconf 82' lang='grc' dir='ltr'><strong>δὲ</strong></span> <span class='ocrx_word' id='word_1_647' title='bbox 2949 4053 3111 4108; x_wconf 82' lang='grc' dir='ltr'><strong>αὐτοῦ</strong></span> <span class='ocrx_word' id='word_1_648' title='bbox 3142 4052 3260 4107; x_wconf 87' lang='grc' dir='ltr'><strong>τίνα</strong></span> <span class='ocrx_word' id='word_1_649' title='bbox 3280 4055 3382 4125; x_wconf 82' lang='grc' dir='ltr'><strong>χρὴ</strong></span> <span class='ocrx_word' id='word_1_650' title='bbox 3408 4057 3548 4108; x_wconf 86' lang='grc' dir='ltr'><strong>νοεῖν</strong></span> <span class='ocrx_word' id='word_1_651' title='bbox 3570 4055 3602 4125; x_wconf 75' lang='grc' dir='ltr'>ἢ</span> <span class='ocrx_word' id='word_1_652' title='bbox 3628 4056 3729 4127; x_wconf 81' lang='grc' dir='ltr'><strong>τὴν</strong></span> 
     </span>
    </p>
   </div>
   <div class='ocr_carea' id='block_1_86' title="bbox 2158 4143 3726 4216">
    <p class='ocr_par' dir='ltr' id='par_1_86' title="bbox 2158 4143 3726 4216">
     <span class='ocr_line' id='line_1_87' title="bbox 2158 4143 3726 4216; baseline 0 -18"><span class='ocrx_word' id='word_1_653' title='bbox 2158 4144 2348 4216; x_wconf 81' lang='grc' dir='ltr'><strong>κλῆσιν</strong></span> <span class='ocrx_word' id='word_1_654' title='bbox 2372 4143 2479 4198; x_wconf 87' lang='grc' dir='ltr'><strong>τῶν</strong></span> <span class='ocrx_word' id='word_1_655' title='bbox 2504 4143 2673 4197; x_wconf 86' lang='grc' dir='ltr'><strong>ἐθνῶν</strong></span> <span class='ocrx_word' id='word_1_656' title='bbox 2704 4144 2992 4211; x_wconf 89' lang='grc' dir='ltr'><strong>ἀπάντων;</strong></span> <span class='ocrx_word' id='word_1_657' title='bbox 3030 4147 3095 4215; x_wconf 74' lang='grc' dir='ltr'><strong>ἣν</strong></span> <span class='ocrx_word' id='word_1_658' title='bbox 3125 4144 3283 4208; x_wconf 83' lang='grc' dir='ltr'><strong>αὐτὸς</strong></span> <span class='ocrx_word' id='word_1_659' title='bbox 3307 4147 3335 4197; x_wconf 98' lang='lat'><strong>6</strong></span> <span class='ocrx_word' id='word_1_660' title='bbox 3365 4144 3595 4215; x_wconf 79' lang='grc' dir='ltr'><strong>Χριστὸς</strong></span> <span class='ocrx_word' id='word_1_661' title='bbox 3627 4145 3726 4198; x_wconf 79' lang='grc' dir='ltr'><strong>τοῦ</strong></span> 
     </span>
    </p>
   </div>
   <div class='ocr_carea' id='block_1_87' title="bbox 2158 4231 3723 4308">
    <p class='ocr_par' dir='ltr' id='par_1_87' title="bbox 2158 4231 3723 4308">
     <span class='ocr_line' id='line_1_88' title="bbox 2158 4231 3723 4308; baseline 0.001 -19"><span class='ocrx_word' id='word_1_662' title='bbox 2158 4235 2293 4289; x_wconf 87' lang='grc' dir='ltr'>Θεοῦ</span> <span class='ocrx_word' id='word_1_663' title='bbox 2349 4236 2621 4308; x_wconf 81' lang='grc' dir='ltr'><strong>παριστὰς</strong></span> <span class='ocrx_word' id='word_1_664' title='bbox 2680 4236 2884 4307; x_wconf 75' lang='grc' dir='ltr'><strong>ἔφησε·</strong></span> <span class='ocrx_word' id='word_1_665' title='bbox 2945 4256 2964 4287; x_wconf 77' lang='grc' dir='ltr'><strong>ι</strong></span> <span class='ocrx_word' id='word_1_666' title='bbox 3008 4236 3209 4308; x_wconf 83' lang='grc' dir='ltr'><strong>Κύριος</strong></span> <span class='ocrx_word' id='word_1_667' title='bbox 3257 4231 3372 4288; x_wconf 81' lang='grc' dir='ltr'><strong>εἷπε</strong></span> <span class='ocrx_word' id='word_1_668' title='bbox 3433 4236 3568 4307; x_wconf 86' lang='grc' dir='ltr'><strong>πρός</strong></span> <span class='ocrx_word' id='word_1_669' title='bbox 3622 4254 3723 4307; x_wconf 88' lang='grc' dir='ltr'><strong>με·</strong></span> 
     </span>
    </p>
   </div>
   <div class='ocr_carea' id='block_1_88' title="bbox 2162 4325 3728 4401">
    <p class='ocr_par' dir='ltr' id='par_1_88' title="bbox 2162 4325 3728 4401">
     <span class='ocr_line' id='line_1_89' title="bbox 2162 4325 3728 4401; baseline 0.002 -20"><span class='ocrx_word' id='word_1_670' title='bbox 2162 4327 2289 4393; x_wconf 81' lang='grc' dir='ltr'><strong>Υἱός</strong></span> <span class='ocrx_word' id='word_1_671' title='bbox 2343 4344 2442 4399; x_wconf 84' lang='grc' dir='ltr'><strong>μου</strong></span> <span class='ocrx_word' id='word_1_672' title='bbox 2483 4325 2533 4381; x_wconf 71' lang='grc' dir='ltr'><strong>εἷ</strong></span> <span class='ocrx_word' id='word_1_673' title='bbox 2563 4330 2646 4392; x_wconf 78' lang='grc' dir='ltr'><strong>σὺ,</strong></span> <span class='ocrx_word' id='word_1_674' title='bbox 2672 4328 2781 4397; x_wconf 83' lang='grc' dir='ltr'><strong>ἐγὼ</strong></span> <span class='ocrx_word' id='word_1_675' title='bbox 2804 4331 3041 4401; x_wconf 82' lang='grc' dir='ltr'><strong>σήμερον</strong></span> <span class='ocrx_word' id='word_1_676' title='bbox 3074 4327 3369 4400; x_wconf 81' lang='grc' dir='ltr'><strong>γεγέννηκά</strong></span> <span class='ocrx_word' id='word_1_677' title='bbox 3399 4345 3477 4381; x_wconf 86' lang='grc' dir='ltr'><strong>σε.</strong></span> <span class='ocrx_word' id='word_1_678' title='bbox 3496 4328 3728 4400; x_wconf 73' lang='grc' dir='ltr'><strong>Αἴτησαι</strong></span> 
     </span>
    </p>
   </div>
   <div class='ocr_carea' id='block_1_89' title="bbox 2162 4418 3727 4493">
    <p class='ocr_par' dir='ltr' id='par_1_89' title="bbox 2162 4418 3727 4493">
     <span class='ocr_line' id='line_1_90' title="bbox 2162 4418 3727 4493; baseline -0.001 -20"><span class='ocrx_word' id='word_1_679' title='bbox 2162 4420 2288 4491; x_wconf 82' lang='grc' dir='ltr'><strong>παρ’</strong></span> <span class='ocrx_word' id='word_1_680' title='bbox 2321 4418 2455 4490; x_wconf 81' lang='grc' dir='ltr'><strong>ἐμοῦ</strong></span> <span class='ocrx_word' id='word_1_681' title='bbox 2477 4462 2492 4484; x_wconf 85' lang='grc'>,</span> <span class='ocrx_word' id='word_1_682' title='bbox 2519 4421 2612 4473; x_wconf 72' lang='grc' dir='ltr'><strong>καὶ</strong></span> <span class='ocrx_word' id='word_1_683' title='bbox 2635 4419 2790 4473; x_wconf 82' lang='grc' dir='ltr'><strong>δώσω</strong></span> <span class='ocrx_word' id='word_1_684' title='bbox 2819 4437 2899 4474; x_wconf 92' lang='grc' dir='ltr'><strong>σοι</strong></span> <span class='ocrx_word' id='word_1_685' title='bbox 2925 4421 3049 4492; x_wconf 77' lang='grc' dir='ltr'><strong>ἔθνη</strong></span> <span class='ocrx_word' id='word_1_686' title='bbox 3083 4422 3181 4493; x_wconf 77' lang='grc' dir='ltr'><strong>τὴν</strong></span> <span class='ocrx_word' id='word_1_687' title='bbox 3214 4418 3573 4492; x_wconf 74' lang='grc' dir='ltr'><strong>κληρονομίαν</strong></span> <span class='ocrx_word' id='word_1_688' title='bbox 3605 4436 3727 4484; x_wconf 59' lang='grc' dir='ltr'><strong>σου,</strong></span> 
     </span>
    </p>
   </div>
   <div class='ocr_carea' id='block_1_90' title="bbox 490 4505 2051 4584">
    <p class='ocr_par' dir='ltr' id='par_1_90' title="bbox 490 4505 2051 4582">
     <span class='ocr_line' id='line_1_91' title="bbox 490 4505 2051 4582; baseline -0.005 -13"><span class='ocrx_word' id='word_1_689' title='bbox 490 4523 607 4569; x_wconf 79' lang='lat' dir='ltr'><strong>stus</strong></span> <span class='ocrx_word' id='word_1_690' title='bbox 648 4510 740 4567; x_wconf 90' lang='lat' dir='ltr'><strong>Dei</strong></span> <span class='ocrx_word' id='word_1_691' title='bbox 771 4527 893 4567; x_wconf 89' lang='lat' dir='ltr'><strong>cum</strong></span> <span class='ocrx_word' id='word_1_692' title='bbox 919 4509 1226 4582; x_wconf 76' lang='lat' dir='ltr'><strong>significare</strong></span> <span class='ocrx_word' id='word_1_693' title='bbox 1249 4508 1445 4573; x_wconf 89' lang='lat' dir='ltr'><strong>vellet,</strong></span> <span class='ocrx_word' id='word_1_694' title='bbox 1478 4507 1554 4561; x_wconf 89' lang='lat' dir='ltr'><strong>ita</strong></span> <span class='ocrx_word' id='word_1_695' title='bbox 1583 4507 1658 4560; x_wconf 90' lang='lat' dir='ltr'><strong>ait</strong></span> <span class='ocrx_word' id='word_1_696' title='bbox 1692 4526 1704 4561; x_wconf 90' lang='lat'>:</span> <span class='ocrx_word' id='word_1_697' title='bbox 1739 4523 1758 4557; x_wconf 86' lang='grc' dir='ltr'><strong>ι</strong></span> <span class='ocrx_word' id='word_1_698' title='bbox 1795 4505 2051 4561; x_wconf 88' lang='lat' dir='ltr'><strong>Dominus</strong></span> 
     </span>
    </p>
   </div>
   <div class='ocr_carea' id='block_1_91' title="bbox 2152 4505 3729 4584">
    <p class='ocr_par' dir='ltr' id='par_1_91' title="bbox 2159 4511 3729 4584">
     <span class='ocr_line' id='line_1_92' title="bbox 2159 4511 3729 4584; baseline 0.002 -21"><span class='ocrx_word' id='word_1_699' title='bbox 2159 4511 2249 4564; x_wconf 76' lang='grc' dir='ltr'><strong>καὶ</strong></span> <span class='ocrx_word' id='word_1_700' title='bbox 2280 4512 2379 4583; x_wconf 76' lang='grc' dir='ltr'><strong>τὴν</strong></span> <span class='ocrx_word' id='word_1_701' title='bbox 2407 4511 2732 4582; x_wconf 84' lang='grc' dir='ltr'><strong>κατάσχεσίν</strong></span> <span class='ocrx_word' id='word_1_702' title='bbox 2766 4528 2858 4564; x_wconf 90' lang='grc' dir='ltr'><strong>σου</strong></span> <span class='ocrx_word' id='word_1_703' title='bbox 2895 4512 2962 4565; x_wconf 76' lang='grc' dir='ltr'><strong>τὰ</strong></span> <span class='ocrx_word' id='word_1_704' title='bbox 2994 4515 3201 4584; x_wconf 89' lang='grc' dir='ltr'><strong>πέρατα</strong></span> <span class='ocrx_word' id='word_1_705' title='bbox 3244 4513 3340 4583; x_wconf 82' lang='grc' dir='ltr'><strong>τῆς</strong></span> <span class='ocrx_word' id='word_1_706' title='bbox 3365 4511 3488 4580; x_wconf 78' lang='grc' dir='ltr'><strong>γῆς.</strong></span> <span class='ocrx_word' id='word_1_707' title='bbox 3523 4531 3541 4562; x_wconf 73' lang='grc' dir='ltr'><strong>ι</strong></span> <span class='ocrx_word' id='word_1_708' title='bbox 3587 4511 3729 4566; x_wconf 73' lang='lat' dir='ltr'><strong>Tati-</strong></span> 
     </span>
    </p>
   </div>
   <div class='ocr_carea' id='block_1_92' title="bbox 488 4597 2052 4670">
    <p class='ocr_par' dir='ltr' id='par_1_92' title="bbox 488 4597 2052 4670">
     <span class='ocr_line' id='line_1_93' title="bbox 488 4597 2052 4670; baseline -0.003 -12"><span class='ocrx_word' id='word_1_709' title='bbox 488 4605 627 4659; x_wconf 77' lang='lat' dir='ltr'><strong>dixit</strong></span> <span class='ocrx_word' id='word_1_710' title='bbox 656 4604 721 4658; x_wconf 89' lang='lat' dir='ltr'><strong>ad</strong></span> <span class='ocrx_word' id='word_1_711' title='bbox 748 4620 851 4666; x_wconf 89' lang='lat' dir='ltr'><strong>me,</strong></span> <span class='ocrx_word' id='word_1_712' title='bbox 884 4601 1057 4657; x_wconf 89' lang='lat' dir='ltr'><strong>Filius</strong></span> <span class='ocrx_word' id='word_1_713' title='bbox 1085 4616 1236 4655; x_wconf 89' lang='lat' dir='ltr'><strong>meus</strong></span> <span class='ocrx_word' id='word_1_714' title='bbox 1264 4616 1323 4655; x_wconf 92' lang='lat' dir='ltr'><strong>es</strong></span> <span class='ocrx_word' id='word_1_715' title='bbox 1356 4608 1436 4664; x_wconf 94' lang='lat' dir='ltr'><strong>tu,</strong></span> <span class='ocrx_word' id='word_1_716' title='bbox 1456 4615 1557 4669; x_wconf 90' lang='lat' dir='ltr'><strong>ego</strong></span> <span class='ocrx_word' id='word_1_717' title='bbox 1587 4599 1747 4653; x_wconf 91' lang='lat' dir='ltr'><strong>hodie</strong></span> <span class='ocrx_word' id='word_1_718' title='bbox 1771 4597 1933 4670; x_wconf 84' lang='lat' dir='ltr'><strong>genui</strong></span> <span class='ocrx_word' id='word_1_719' title='bbox 1965 4605 2052 4664; x_wconf 90' lang='lat' dir='ltr'><strong>te;</strong></span> 
     </span>
    </p>
   </div>
   <div class='ocr_carea' id='block_1_93' title="bbox 492 4692 2055 4769">
    <p class='ocr_par' dir='ltr' id='par_1_93' title="bbox 492 4692 2055 4769">
     <span class='ocr_line' id='line_1_94' title="bbox 492 4692 2055 4769; baseline -0.004 -16"><span class='ocrx_word' id='word_1_720' title='bbox 492 4697 707 4769; x_wconf 88' lang='lat' dir='ltr'><strong>postula</strong></span> <span class='ocrx_word' id='word_1_721' title='bbox 735 4710 766 4749; x_wconf 90' lang='lat' dir='ltr'><strong>a</strong></span> <span class='ocrx_word' id='word_1_722' title='bbox 793 4710 900 4759; x_wconf 91' lang='lat' dir='ltr'><strong>me,</strong></span> <span class='ocrx_word' id='word_1_723' title='bbox 929 4702 983 4749; x_wconf 91' lang='lat' dir='ltr'><strong>et</strong></span> <span class='ocrx_word' id='word_1_724' title='bbox 1013 4694 1155 4749; x_wconf 88' lang='lat' dir='ltr'><strong>dabo</strong></span> <span class='ocrx_word' id='word_1_725' title='bbox 1175 4695 1270 4749; x_wconf 89' lang='lat' dir='ltr'><strong>tibi</strong></span> <span class='ocrx_word' id='word_1_726' title='bbox 1303 4700 1492 4763; x_wconf 89' lang='lat' dir='ltr'><strong>gentes</strong></span> <span class='ocrx_word' id='word_1_727' title='bbox 1522 4692 1890 4746; x_wconf 61' lang='lat' dir='ltr'><strong>hereditatem</strong></span> <span class='ocrx_word' id='word_1_728' title='bbox 1908 4701 2055 4746; x_wconf 88' lang='lat' dir='ltr'><strong>tuam</strong></span> 
     </span>
    </p>
   </div>
   <div class='ocr_carea' id='block_1_94' title="bbox 489 4784 2059 4864">
    <p class='ocr_par' dir='ltr' id='par_1_94' title="bbox 489 4784 2059 4864">
     <span class='ocr_line' id='line_1_95' title="bbox 489 4784 2059 4864; baseline -0.009 -14"><span class='ocrx_word' id='word_1_729' title='bbox 489 4805 544 4850; x_wconf 91' lang='lat' dir='ltr'><strong>et</strong></span> <span class='ocrx_word' id='word_1_730' title='bbox 571 4792 973 4864; x_wconf 90' lang='lat' dir='ltr'><strong>possessionem</strong></span> <span class='ocrx_word' id='word_1_731' title='bbox 998 4797 1144 4842; x_wconf 91' lang='lat' dir='ltr'><strong>tuam</strong></span> <span class='ocrx_word' id='word_1_732' title='bbox 1169 4787 1435 4843; x_wconf 89' lang='lat' dir='ltr'><strong>terminos</strong></span> <span class='ocrx_word' id='word_1_733' title='bbox 1465 4793 1623 4840; x_wconf 59' lang='lat' dir='ltr'><strong>terra;</strong></span> <span class='ocrx_word' id='word_1_734' title='bbox 1649 4785 1708 4836; x_wconf 84' lang='lat'><strong>&quot;.</strong></span> <span class='ocrx_word' id='word_1_735' title='bbox 1750 4804 1769 4838; x_wconf 71' lang='grc' dir='ltr'><strong>ι</strong></span> <span class='ocrx_word' id='word_1_736' title='bbox 1798 4784 1929 4852; x_wconf 67' lang='lat' dir='ltr'><strong>Quae</strong></span> <span class='ocrx_word' id='word_1_737' title='bbox 1958 4784 2059 4855; x_wconf 88' lang='lat' dir='ltr'><strong>igi-</strong></span> 
     </span>
    </p>
   </div>
   <div class='ocr_carea' id='block_1_95' title="bbox 490 4873 2059 4953">
    <p class='ocr_par' dir='ltr' id='par_1_95' title="bbox 490 4873 2059 4953">
     <span class='ocr_line' id='line_1_96' title="bbox 490 4873 2059 4953; baseline -0.006 -14"><span class='ocrx_word' id='word_1_738' title='bbox 490 4891 578 4939; x_wconf 88' lang='lat' dir='ltr'><strong>tur</strong></span> <span class='ocrx_word' id='word_1_739' title='bbox 605 4883 723 4953; x_wconf 89' lang='lat' dir='ltr'><strong>ipsa</strong></span> <span class='ocrx_word' id='word_1_740' title='bbox 751 4894 782 4934; x_wconf 88' lang='lat' dir='ltr'><strong>a</strong></span> <span class='ocrx_word' id='word_1_741' title='bbox 818 4877 977 4932; x_wconf 81' lang='lat' dir='ltr'><strong>Patre</strong></span> <span class='ocrx_word' id='word_1_742' title='bbox 1011 4878 1136 4932; x_wconf 88' lang='lat' dir='ltr'><strong>data</strong></span> <span class='ocrx_word' id='word_1_743' title='bbox 1164 4885 1246 4932; x_wconf 88' lang='lat' dir='ltr'><strong>est</strong></span> <span class='ocrx_word' id='word_1_744' title='bbox 1285 4873 1595 4936; x_wconf 64' lang='lat' dir='ltr'><strong>haereditas,</strong></span> <span class='ocrx_word' id='word_1_745' title='bbox 1626 4875 1765 4929; x_wconf 90' lang='lat' dir='ltr'><strong>hanc</strong></span> <span class='ocrx_word' id='word_1_746' title='bbox 1794 4875 2059 4945; x_wconf 89' lang='lat' dir='ltr'><strong>apostolis</strong></span> 
     </span>
    </p>
   </div>
   <div class='ocr_carea' id='block_1_96' title="bbox 489 4966 2061 5043">
    <p class='ocr_par' dir='ltr' id='par_1_96' title="bbox 489 4966 2061 5043">
     <span class='ocr_line' id='line_1_97' title="bbox 489 4966 2061 5043; baseline -0.01 -8"><span class='ocrx_word' id='word_1_747' title='bbox 489 4978 603 5035; x_wconf 87' lang='lat' dir='ltr'><strong>suis</strong></span> <span class='ocrx_word' id='word_1_748' title='bbox 643 4982 806 5043; x_wconf 90' lang='lat' dir='ltr'><strong>atque</strong></span> <span class='ocrx_word' id='word_1_749' title='bbox 838 4969 1119 5042; x_wconf 86' lang='lat' dir='ltr'><strong>prephetis</strong></span> <span class='ocrx_word' id='word_1_750' title='bbox 1170 4967 1336 5039; x_wconf 72' lang='lat'><strong>260</strong></span> <span class='ocrx_word' id='word_1_751' title='bbox 1383 4966 1640 5035; x_wconf 85' lang='lat' dir='ltr'><strong>subjecit,</strong></span> <span class='ocrx_word' id='word_1_752' title='bbox 1673 4966 1802 5020; x_wconf 92' lang='lat' dir='ltr'><strong>dum</strong></span> <span class='ocrx_word' id='word_1_753' title='bbox 1832 4968 2061 5036; x_wconf 87' lang='lat' dir='ltr'><strong>quicun-</strong></span> 
     </span>
    </p>
   </div>
   <div class='ocr_carea' id='block_1_97' title="bbox 488 5057 2054 5139">
    <p class='ocr_par' dir='ltr' id='par_1_97' title="bbox 488 5057 2054 5139">
     <span class='ocr_line' id='line_1_98' title="bbox 488 5057 2054 5139; baseline -0.007 -19"><span class='ocrx_word' id='word_1_754' title='bbox 488 5083 593 5139; x_wconf 90' lang='lat' dir='ltr'><strong>que</strong></span> <span class='ocrx_word' id='word_1_755' title='bbox 618 5064 722 5136; x_wconf 90' lang='lat' dir='ltr'><strong>ipsi</strong></span> <span class='ocrx_word' id='word_1_756' title='bbox 740 5062 971 5117; x_wconf 90' lang='lat' dir='ltr'><strong>credunt</strong></span> <span class='ocrx_word' id='word_1_757' title='bbox 1002 5060 1194 5114; x_wconf 90' lang='lat' dir='ltr'><strong>horum</strong></span> <span class='ocrx_word' id='word_1_758' title='bbox 1222 5057 1504 5129; x_wconf 64' lang='lat' dir='ltr'><strong>praeceptis</strong></span> <span class='ocrx_word' id='word_1_759' title='bbox 1529 5072 1592 5111; x_wconf 85' lang='lat' dir='ltr'><strong>ac</strong></span> <span class='ocrx_word' id='word_1_760' title='bbox 1618 5057 1825 5127; x_wconf 87' lang='lat' dir='ltr'><strong>legibus</strong></span> <span class='ocrx_word' id='word_1_761' title='bbox 1843 5065 2054 5127; x_wconf 87' lang='lat' dir='ltr'><strong>parent,</strong></span> 
     </span>
    </p>
   </div>
   <div class='ocr_carea' id='block_1_98' title="bbox 489 5149 2058 5231">
    <p class='ocr_par' dir='ltr' id='par_1_98' title="bbox 489 5149 2058 5231">
     <span class='ocr_line' id='line_1_99' title="bbox 489 5149 2058 5231; baseline -0.006 -18"><span class='ocrx_word' id='word_1_762' title='bbox 489 5155 941 5231; x_wconf 89' lang='lat' dir='ltr'><strong>quemadmodum</strong></span> <span class='ocrx_word' id='word_1_763' title='bbox 955 5151 1201 5222; x_wconf 77' lang='lat' dir='ltr'><strong>exposita</strong></span> <span class='ocrx_word' id='word_1_764' title='bbox 1220 5150 1474 5203; x_wconf 84' lang='lat' dir='ltr'><strong>vaticinia</strong></span> <span class='ocrx_word' id='word_1_765' title='bbox 1500 5149 1863 5220; x_wconf 63' lang='lat' dir='ltr'><strong>praescribunt</strong></span> <span class='ocrx_word' id='word_1_766' title='bbox 1897 5167 1910 5203; x_wconf 93' lang='lat'>:</span> <span class='ocrx_word' id='word_1_767' title='bbox 1944 5149 2058 5204; x_wconf 66' lang='lat' dir='ltr'><strong>hac</strong></span> 
     </span>
    </p>
   </div>
   <div class='ocr_carea' id='block_1_99' title="bbox 490 5237 2055 5308">
    <p class='ocr_par' dir='ltr' id='par_1_99' title="bbox 490 5237 2055 5308">
     <span class='ocr_line' id='line_1_100' title="bbox 490 5237 2055 5308; baseline -0.009 -3"><span class='ocrx_word' id='word_1_768' title='bbox 490 5264 616 5305; x_wconf 91' lang='lat' dir='ltr'><strong>vero</strong></span> <span class='ocrx_word' id='word_1_769' title='bbox 638 5254 857 5308; x_wconf 89' lang='lat' dir='ltr'><strong>cuncta,</strong></span> <span class='ocrx_word' id='word_1_770' title='bbox 891 5257 1014 5297; x_wconf 91' lang='lat' dir='ltr'><strong>eum</strong></span> <span class='ocrx_word' id='word_1_771' title='bbox 1035 5240 1175 5296; x_wconf 89' lang='lat' dir='ltr'><strong>Deus</strong></span> <span class='ocrx_word' id='word_1_772' title='bbox 1193 5237 1428 5294; x_wconf 82' lang='lat' dir='ltr'><strong>Verbum</strong></span> <span class='ocrx_word' id='word_1_773' title='bbox 1451 5240 1553 5294; x_wconf 84' lang='lat' dir='ltr'><strong>sub</strong></span> <span class='ocrx_word' id='word_1_774' title='bbox 1573 5239 1866 5293; x_wconf 89' lang='lat' dir='ltr'><strong>adventum</strong></span> <span class='ocrx_word' id='word_1_775' title='bbox 1897 5254 2055 5293; x_wconf 89' lang='lat' dir='ltr'><strong>suum</strong></span> 
     </span>
    </p>
   </div>
   <div class='ocr_carea' id='block_1_100' title="bbox 2154 4600 3729 4676">
    <p class='ocr_par' dir='ltr' id='par_1_100' title="bbox 2154 4600 3729 4676">
     <span class='ocr_line' id='line_1_101' title="bbox 2154 4600 3729 4676; baseline -0.001 -19"><span class='ocrx_word' id='word_1_776' title='bbox 2154 4622 2254 4675; x_wconf 83' lang='grc' dir='ltr'><strong>την</strong></span> <span class='ocrx_word' id='word_1_777' title='bbox 2287 4600 2377 4659; x_wconf 78' lang='grc' dir='ltr'><strong>οὖν</strong></span> <span class='ocrx_word' id='word_1_778' title='bbox 2400 4604 2496 4675; x_wconf 82' lang='grc' dir='ltr'><strong>τὴν</strong></span> <span class='ocrx_word' id='word_1_779' title='bbox 2529 4604 2636 4657; x_wconf 71' lang='grc' dir='ltr'><strong>ὑπὸ</strong></span> <span class='ocrx_word' id='word_1_780' title='bbox 2673 4603 2766 4657; x_wconf 82' lang='grc' dir='ltr'><strong>τοῦ</strong></span> <span class='ocrx_word' id='word_1_781' title='bbox 2810 4604 3023 4676; x_wconf 84' lang='grc' dir='ltr'><strong>Πατρὺς</strong></span> <span class='ocrx_word' id='word_1_782' title='bbox 3047 4604 3334 4675; x_wconf 79' lang='grc' dir='ltr'><strong>δεδομένην</strong></span> <span class='ocrx_word' id='word_1_783' title='bbox 3359 4602 3507 4672; x_wconf 81' lang='grc' dir='ltr'><strong>αὐτῷ</strong></span> <span class='ocrx_word' id='word_1_784' title='bbox 3530 4602 3729 4675; x_wconf 83' lang='grc' dir='ltr'><strong>κληρο-</strong></span> 
     </span>
    </p>
   </div>
   <div class='ocr_carea' id='block_1_101' title="bbox 2157 4695 3730 4768">
    <p class='ocr_par' dir='ltr' id='par_1_101' title="bbox 2157 4695 3730 4768">
     <span class='ocr_line' id='line_1_102' title="bbox 2157 4695 3730 4768; baseline -0.001 -19"><span class='ocrx_word' id='word_1_785' title='bbox 2157 4697 2380 4767; x_wconf 84' lang='grc' dir='ltr'><strong>νομίαν,</strong></span> <span class='ocrx_word' id='word_1_786' title='bbox 2414 4695 2647 4762; x_wconf 76' lang='grc' dir='ltr'><strong>ὑπέταξε</strong></span> <span class='ocrx_word' id='word_1_787' title='bbox 2676 4700 2787 4759; x_wconf 85' lang='grc' dir='ltr'><strong>τοῖς</strong></span> <span class='ocrx_word' id='word_1_788' title='bbox 2826 4696 3139 4759; x_wconf 82' lang='grc' dir='ltr'><strong>ἀποστόλοις</strong></span> <span class='ocrx_word' id='word_1_789' title='bbox 3170 4695 3333 4748; x_wconf 77' lang='grc' dir='ltr'><strong>αὐτοῦ</strong></span> <span class='ocrx_word' id='word_1_790' title='bbox 3380 4697 3474 4748; x_wconf 79' lang='grc' dir='ltr'><strong>καὶ</strong></span> <span class='ocrx_word' id='word_1_791' title='bbox 3513 4700 3730 4768; x_wconf 79' lang='grc' dir='ltr'><strong>προφή-</strong></span> 
     </span>
    </p>
   </div>
   <div class='ocr_carea' id='block_1_102' title="bbox 2156 4786 3733 4857">
    <p class='ocr_par' dir='ltr' id='par_1_102' title="bbox 2156 4786 3733 4857">
     <span class='ocr_line' id='line_1_103' title="bbox 2156 4786 3733 4857; baseline 0.003 -18"><span class='ocrx_word' id='word_1_792' title='bbox 2156 4803 2278 4850; x_wconf 88' lang='grc' dir='ltr'><strong>ταις</strong></span> <span class='ocrx_word' id='word_1_793' title='bbox 2298 4828 2311 4851; x_wconf 89' lang='grc'><em>,</em></span> <span class='ocrx_word' id='word_1_794' title='bbox 2346 4786 2422 4857; x_wconf 83' lang='grc' dir='ltr'><strong>τῷ</strong></span> <span class='ocrx_word' id='word_1_795' title='bbox 2452 4790 2576 4853; x_wconf 72' lang='grc' dir='ltr'><strong>τοὺς</strong></span> <span class='ocrx_word' id='word_1_796' title='bbox 2613 4790 2691 4851; x_wconf 85' lang='grc' dir='ltr'><strong>είς</strong></span> <span class='ocrx_word' id='word_1_797' title='bbox 2737 4789 2897 4841; x_wconf 80' lang='grc' dir='ltr'><strong>αὐτὸν</strong></span> <span class='ocrx_word' id='word_1_798' title='bbox 2929 4789 3356 4852; x_wconf 85' lang='grc' dir='ltr'><strong>πεπιστευκότας</strong></span> <span class='ocrx_word' id='word_1_799' title='bbox 3386 4791 3497 4852; x_wconf 84' lang='grc' dir='ltr'><strong>τοῖς</strong></span> <span class='ocrx_word' id='word_1_800' title='bbox 3527 4788 3733 4844; x_wconf 76' lang='grc' dir='ltr'><strong>τούτων</strong></span> 
     </span>
    </p>
   </div>
   <div class='ocr_carea' id='block_1_103' title="bbox 2160 4862 3733 4952">
    <p class='ocr_par' dir='ltr' id='par_1_103' title="bbox 2160 4862 3733 4952">
     <span class='ocr_line' id='line_1_104' title="bbox 2160 4862 3733 4952; baseline 0.003 -21"><span class='ocrx_word' id='word_1_801' title='bbox 2160 4878 2525 4951; x_wconf 83' lang='grc' dir='ltr'><strong>ὑποτετάχθαι</strong></span> <span class='ocrx_word' id='word_1_802' title='bbox 2569 4862 2780 4948; x_wconf 74' lang='grc' dir='ltr'><strong>λόγοις,</strong></span> <span class='ocrx_word' id='word_1_803' title='bbox 2833 4880 3139 4944; x_wconf 80' lang='grc' dir='ltr'><strong>ἀκολούθως</strong></span> <span class='ocrx_word' id='word_1_804' title='bbox 3187 4883 3298 4943; x_wconf 76' lang='grc' dir='ltr'><strong>τοῖς</strong></span> <span class='ocrx_word' id='word_1_805' title='bbox 3351 4882 3733 4952; x_wconf 83' lang='grc' dir='ltr'><strong>προκειμένοις</strong></span> 
     </span>
    </p>
   </div>
   <div class='ocr_carea' id='block_1_104' title="bbox 2159 4969 3734 5042">
    <p class='ocr_par' dir='ltr' id='par_1_104' title="bbox 2159 4969 3734 5042">
     <span class='ocr_line' id='line_1_105' title="bbox 2159 4969 3734 5042; baseline 0.003 -19"><span class='ocrx_word' id='word_1_806' title='bbox 2159 4969 2509 5042; x_wconf 86' lang='grc' dir='ltr'><strong>θεσπίσμασι.</strong></span> <span class='ocrx_word' id='word_1_807' title='bbox 2565 4972 2674 5024; x_wconf 73' lang='grc' dir='ltr'><strong>Καὶ</strong></span> <span class='ocrx_word' id='word_1_808' title='bbox 2718 4970 2889 5026; x_wconf 79' lang='grc' dir='ltr'><strong>ταῦτα</strong></span> <span class='ocrx_word' id='word_1_809' title='bbox 2923 4971 2978 5024; x_wconf 74' lang='grc' dir='ltr'><strong>δὲ</strong></span> <span class='ocrx_word' id='word_1_810' title='bbox 3027 4972 3202 5025; x_wconf 85' lang='grc' dir='ltr'><strong>πάντα</strong></span> <span class='ocrx_word' id='word_1_811' title='bbox 3253 4970 3601 5042; x_wconf 82' lang='grc' dir='ltr'><strong>κατορθώσας</strong></span> <span class='ocrx_word' id='word_1_812' title='bbox 3640 4974 3734 5027; x_wconf 77' lang='grc' dir='ltr'><strong>ἐπὶ</strong></span> 
     </span>
    </p>
   </div>
   <div class='ocr_carea' id='block_1_105' title="bbox 2159 5062 3728 5136">
    <p class='ocr_par' dir='ltr' id='par_1_105' title="bbox 2159 5062 3728 5136">
     <span class='ocr_line' id='line_1_106' title="bbox 2159 5062 3728 5136; baseline 0.002 -20"><span class='ocrx_word' id='word_1_813' title='bbox 2159 5064 2259 5134; x_wconf 82' lang='grc' dir='ltr'><strong>τῆς</strong></span> <span class='ocrx_word' id='word_1_814' title='bbox 2286 5065 2366 5127; x_wconf 88' lang='grc' dir='ltr'><strong>είς</strong></span> <span class='ocrx_word' id='word_1_815' title='bbox 2408 5062 2727 5135; x_wconf 85' lang='grc' dir='ltr'><strong>ἀνθρώπους</strong></span> <span class='ocrx_word' id='word_1_816' title='bbox 2758 5063 2923 5117; x_wconf 76' lang='grc' dir='ltr'><strong>αὐτοῦ</strong></span> <span class='ocrx_word' id='word_1_817' title='bbox 2972 5065 3272 5136; x_wconf 85' lang='grc' dir='ltr'><strong>παρουσίας</strong></span> <span class='ocrx_word' id='word_1_818' title='bbox 3302 5065 3331 5117; x_wconf 91' lang='lat'><strong>6</strong></span> <span class='ocrx_word' id='word_1_819' title='bbox 3358 5065 3491 5128; x_wconf 72' lang='grc' dir='ltr'><strong>Θεὸς</strong></span> <span class='ocrx_word' id='word_1_820' title='bbox 3522 5066 3728 5133; x_wconf 82' lang='grc' dir='ltr'><strong>Λόγος,</strong></span> 
     </span>
    </p>
   </div>
   <div class='ocr_carea' id='block_1_106' title="bbox 2163 5148 3731 5226">
    <p class='ocr_par' dir='ltr' id='par_1_106' title="bbox 2163 5148 3731 5226">
     <span class='ocr_line' id='line_1_107' title="bbox 2163 5148 3731 5226; baseline 0.003 -20"><span class='ocrx_word' id='word_1_821' title='bbox 2163 5154 2291 5223; x_wconf 85' lang='grc' dir='ltr'><strong>περί</strong></span> <span class='ocrx_word' id='word_1_822' title='bbox 2327 5148 2389 5208; x_wconf 69' lang='grc' dir='ltr'><strong>οὗ</strong></span> <span class='ocrx_word' id='word_1_823' title='bbox 2434 5154 2657 5207; x_wconf 87' lang='grc' dir='ltr'><strong>πλεῖστα</strong></span> <span class='ocrx_word' id='word_1_824' title='bbox 2712 5157 2843 5225; x_wconf 78' lang='grc' dir='ltr'><strong>ἡμῖν</strong></span> <span class='ocrx_word' id='word_1_825' title='bbox 2898 5154 3201 5225; x_wconf 87' lang='grc' dir='ltr'><strong>διείληπται</strong></span> <span class='ocrx_word' id='word_1_826' title='bbox 3223 5196 3237 5220; x_wconf 89' lang='grc'><em>,</em></span> <span class='ocrx_word' id='word_1_827' title='bbox 3281 5155 3445 5226; x_wconf 77' lang='grc' dir='ltr'><strong>ἀνέϐη</strong></span> <span class='ocrx_word' id='word_1_828' title='bbox 3488 5156 3547 5209; x_wconf 90' lang='grc' dir='ltr'><strong>ἐν</strong></span> <span class='ocrx_word' id='word_1_829' title='bbox 3597 5159 3731 5210; x_wconf 85' lang='grc' dir='ltr'><strong>ἀλα-</strong></span> 
     </span>
    </p>
   </div>
   <div class='ocr_carea' id='block_1_107' title="bbox 2161 5243 3730 5318">
    <p class='ocr_par' dir='ltr' id='par_1_107' title="bbox 2161 5243 3730 5318">
     <span class='ocr_line' id='line_1_108' title="bbox 2161 5243 3730 5318; baseline 0.001 -22"><span class='ocrx_word' id='word_1_830' title='bbox 2161 5243 2372 5315; x_wconf 81' lang='grc' dir='ltr'><strong>λαγμῷ.</strong></span> <span class='ocrx_word' id='word_1_831' title='bbox 2406 5244 2576 5298; x_wconf 76' lang='grc' dir='ltr'><strong>Τοῦτο</strong></span> <span class='ocrx_word' id='word_1_832' title='bbox 2616 5244 2672 5297; x_wconf 81' lang='grc' dir='ltr'><strong>δέ</strong></span> <span class='ocrx_word' id='word_1_833' title='bbox 2716 5245 3032 5316; x_wconf 76' lang='grc' dir='ltr'><strong>ἑρμηνεύων</strong></span> <span class='ocrx_word' id='word_1_834' title='bbox 3080 5245 3157 5313; x_wconf 79' lang='lat' dir='ltr'><strong>(l)</strong></span> <span class='ocrx_word' id='word_1_835' title='bbox 3199 5245 3516 5311; x_wconf 84' lang='grc' dir='ltr'><strong>Ἀπόστολός</strong></span> <span class='ocrx_word' id='word_1_836' title='bbox 3550 5262 3680 5318; x_wconf 71' lang='grc' dir='ltr'><strong>φησι</strong></span> <span class='ocrx_word' id='word_1_837' title='bbox 3712 5260 3730 5277; x_wconf 77' lang='grc' dir='ltr'><strong>ο</strong></span> 
     </span>
    </p>
   </div>
   <div class='ocr_carea' id='block_1_108' title="bbox 489 5326 2051 5408">
    <p class='ocr_par' dir='ltr' id='par_1_108' title="bbox 489 5326 2051 5401">
     <span class='ocr_line' id='line_1_109' title="bbox 489 5326 2051 5401; baseline -0.008 -6"><span class='ocrx_word' id='word_1_838' title='bbox 489 5340 555 5395; x_wconf 89' lang='lat' dir='ltr'><strong>ad</strong></span> <span class='ocrx_word' id='word_1_839' title='bbox 576 5336 845 5399; x_wconf 89' lang='lat' dir='ltr'><strong>homines,</strong></span> <span class='ocrx_word' id='word_1_840' title='bbox 889 5330 1244 5401; x_wconf 88' lang='lat' dir='ltr'><strong>compleverit</strong></span> <span class='ocrx_word' id='word_1_841' title='bbox 1269 5344 1332 5384; x_wconf 90' lang='lat' dir='ltr'><strong>ac</strong></span> <span class='ocrx_word' id='word_1_842' title='bbox 1360 5329 1683 5400; x_wconf 78' lang='lat' dir='ltr'><strong>perfecerit,</strong></span> <span class='ocrx_word' id='word_1_843' title='bbox 1718 5329 1786 5383; x_wconf 86' lang='lat' dir='ltr'><strong>de</strong></span> <span class='ocrx_word' id='word_1_844' title='bbox 1807 5343 1917 5399; x_wconf 89' lang='lat' dir='ltr'><strong>quo</strong></span> <span class='ocrx_word' id='word_1_845' title='bbox 1950 5326 2051 5383; x_wconf 86' lang='lat' dir='ltr'><strong>Deo</strong></span> 
     </span>
    </p>
   </div>
   <div class='ocr_carea' id='block_1_109' title="bbox 2152 5326 3734 5408">
    <p class='ocr_par' dir='ltr' id='par_1_109' title="bbox 2152 5332 3734 5408">
     <span class='ocr_line' id='line_1_110' title="bbox 2152 5332 3734 5408; baseline 0.003 -23"><span class='ocrx_word' id='word_1_846' title='bbox 2152 5352 2189 5385; x_wconf 74' lang='grc' dir='ltr'><strong>σι</strong></span> <span class='ocrx_word' id='word_1_847' title='bbox 2222 5333 2365 5386; x_wconf 86' lang='grc' dir='ltr'><strong>Τὸδὲ</strong></span> <span class='ocrx_word' id='word_1_848' title='bbox 2386 5334 2551 5404; x_wconf 80' lang='grc' dir='ltr'><strong>ἀνέδη</strong></span> <span class='ocrx_word' id='word_1_849' title='bbox 2570 5332 2622 5385; x_wconf 91' lang='grc' dir='ltr'><strong>τί</strong></span> <span class='ocrx_word' id='word_1_850' title='bbox 2645 5333 2813 5397; x_wconf 89' lang='grc' dir='ltr'><strong>ἐστιν,</strong></span> <span class='ocrx_word' id='word_1_851' title='bbox 2846 5336 2894 5387; x_wconf 88' lang='grc' dir='ltr'><strong>εί</strong></span> <span class='ocrx_word' id='word_1_852' title='bbox 2929 5333 3003 5405; x_wconf 84' lang='grc' dir='ltr'><strong>μὴ</strong></span> <span class='ocrx_word' id='word_1_853' title='bbox 3024 5335 3105 5388; x_wconf 74' lang='grc' dir='ltr'><strong>ὅτι</strong></span> <span class='ocrx_word' id='word_1_854' title='bbox 3136 5336 3228 5388; x_wconf 78' lang='grc' dir='ltr'><strong>καὶ</strong></span> <span class='ocrx_word' id='word_1_855' title='bbox 3244 5335 3446 5406; x_wconf 75' lang='grc' dir='ltr'><strong>κατέϐη</strong></span> <span class='ocrx_word' id='word_1_856' title='bbox 3481 5336 3734 5408; x_wconf 85' lang='grc' dir='ltr'><strong>πρῶτον;</strong></span> 
     </span>
    </p>
   </div>
   <div class='ocr_carea' id='block_1_110' title="bbox 493 5421 2062 5500">
    <p class='ocr_par' dir='ltr' id='par_1_110' title="bbox 493 5421 2062 5500">
     <span class='ocr_line' id='line_1_111' title="bbox 493 5421 2062 5500; baseline -0.004 -19"><span class='ocrx_word' id='word_1_857' title='bbox 493 5430 797 5500; x_wconf 76' lang='lat' dir='ltr'><strong>Verbojam</strong></span> <span class='ocrx_word' id='word_1_858' title='bbox 828 5428 985 5499; x_wconf 84' lang='lat' dir='ltr'><strong>plura</strong></span> <span class='ocrx_word' id='word_1_859' title='bbox 1011 5423 1390 5488; x_wconf 88' lang='lat' dir='ltr'><strong>tractavimus,</strong></span> <span class='ocrx_word' id='word_1_860' title='bbox 1419 5431 1539 5477; x_wconf 91' lang='lat' dir='ltr'><strong>tum</strong></span> <span class='ocrx_word' id='word_1_861' title='bbox 1572 5421 1821 5477; x_wconf 89' lang='lat' dir='ltr'><strong>ascendit</strong></span> <span class='ocrx_word' id='word_1_862' title='bbox 1871 5421 1927 5475; x_wconf 87' lang='lat' dir='ltr'><strong>in</strong></span> <span class='ocrx_word' id='word_1_863' title='bbox 1972 5421 2062 5491; x_wconf 79' lang='lat' dir='ltr'><strong>ju-</strong></span> 
     </span>
    </p>
   </div>
   <div class='ocr_carea' id='block_1_111' title="bbox 490 5512 2058 5591">
    <p class='ocr_par' dir='ltr' id='par_1_111' title="bbox 490 5512 2058 5591">
     <span class='ocr_line' id='line_1_112' title="bbox 490 5512 2058 5591; baseline -0.007 -13"><span class='ocrx_word' id='word_1_864' title='bbox 490 5523 621 5589; x_wconf 91' lang='lat' dir='ltr'><strong>bilo,</strong></span> <span class='ocrx_word' id='word_1_865' title='bbox 652 5521 796 5591; x_wconf 90' lang='lat' dir='ltr'><strong>quod</strong></span> <span class='ocrx_word' id='word_1_866' title='bbox 823 5519 1042 5590; x_wconf 88' lang='lat' dir='ltr'><strong>quidem</strong></span> <span class='ocrx_word' id='word_1_867' title='bbox 1076 5531 1199 5570; x_wconf 91' lang='lat' dir='ltr'><strong>cum</strong></span> <span class='ocrx_word' id='word_1_868' title='bbox 1237 5512 1534 5584; x_wconf 88' lang='lat' dir='ltr'><strong>Apostolus</strong></span> <span class='ocrx_word' id='word_1_869' title='bbox 1589 5513 2058 5582; x_wconf 88' lang='lat' dir='ltr'><strong>interpretaretur,</strong></span> 
     </span>
    </p>
   </div>
   <div class='ocr_carea' id='block_1_112' title="bbox 490 5603 2062 5681">
    <p class='ocr_par' dir='ltr' id='par_1_112' title="bbox 490 5603 2062 5681">
     <span class='ocr_line' id='line_1_113' title="bbox 490 5603 2062 5681; baseline -0.006 -13"><span class='ocrx_word' id='word_1_870' title='bbox 490 5615 565 5668; x_wconf 91' lang='lat' dir='ltr'><strong>ita</strong></span> <span class='ocrx_word' id='word_1_871' title='bbox 616 5613 732 5665; x_wconf 89' lang='lat' dir='ltr'><strong>ait:</strong></span> <span class='ocrx_word' id='word_1_872' title='bbox 766 5630 785 5664; x_wconf 83' lang='grc' dir='ltr'><strong>ι</strong></span> <span class='ocrx_word' id='word_1_873' title='bbox 821 5607 975 5677; x_wconf 86' lang='lat' dir='ltr'><strong>Quod</strong></span> <span class='ocrx_word' id='word_1_874' title='bbox 1028 5616 1210 5663; x_wconf 87' lang='lat' dir='ltr'><strong>autem</strong></span> <span class='ocrx_word' id='word_1_875' title='bbox 1245 5606 1573 5669; x_wconf 90' lang='lat' dir='ltr'><strong>ascenderit,</strong></span> <span class='ocrx_word' id='word_1_876' title='bbox 1626 5603 1757 5675; x_wconf 90' lang='lat' dir='ltr'><strong>quid</strong></span> <span class='ocrx_word' id='word_1_877' title='bbox 1810 5613 1913 5670; x_wconf 88' lang='lat' dir='ltr'><strong>est,</strong></span> <span class='ocrx_word' id='word_1_878' title='bbox 1956 5605 2062 5681; x_wconf 85' lang='lat' dir='ltr'><strong>nisi</strong></span> 
     </span>
    </p>
   </div>
   <div class='ocr_carea' id='block_1_113' title="bbox 2164 5423 3737 5497">
    <p class='ocr_par' dir='ltr' id='par_1_113' title="bbox 2164 5423 3737 5497">
     <span class='ocr_line' id='line_1_114' title="bbox 2164 5423 3737 5497; baseline 0.004 -21"><span class='ocrx_word' id='word_1_879' title='bbox 2164 5426 2243 5488; x_wconf 86' lang='grc' dir='ltr'><strong>είς</strong></span> <span class='ocrx_word' id='word_1_880' title='bbox 2291 5424 2359 5477; x_wconf 77' lang='grc' dir='ltr'><strong>τὰ</strong></span> <span class='ocrx_word' id='word_1_881' title='bbox 2411 5423 2700 5478; x_wconf 85' lang='grc' dir='ltr'><strong>κατώτατα</strong></span> <span class='ocrx_word' id='word_1_882' title='bbox 2740 5425 2879 5497; x_wconf 87' lang='grc' dir='ltr'><strong>μέρη</strong></span> <span class='ocrx_word' id='word_1_883' title='bbox 2910 5426 3011 5497; x_wconf 83' lang='grc' dir='ltr'><strong>τῆς</strong></span> <span class='ocrx_word' id='word_1_884' title='bbox 3044 5426 3145 5497; x_wconf 81' lang='grc' dir='ltr'><strong>γῆς</strong></span> <span class='ocrx_word' id='word_1_885' title='bbox 3180 5430 3209 5480; x_wconf 90' lang='lat'><strong>6</strong></span> <span class='ocrx_word' id='word_1_886' title='bbox 3240 5426 3519 5494; x_wconf 78' lang='grc' dir='ltr'><strong>καταϐάς,</strong></span> <span class='ocrx_word' id='word_1_887' title='bbox 3572 5429 3737 5494; x_wconf 85' lang='grc' dir='ltr'><strong>αὑτός</strong></span> 
     </span>
    </p>
   </div>
   <div class='ocr_carea' id='block_1_114' title="bbox 2165 5514 3738 5591">
    <p class='ocr_par' dir='ltr' id='par_1_114' title="bbox 2165 5514 3738 5591">
     <span class='ocr_line' id='line_1_115' title="bbox 2165 5514 3738 5591; baseline 0.004 -23"><span class='ocrx_word' id='word_1_888' title='bbox 2165 5516 2282 5568; x_wconf 85' lang='grc' dir='ltr'><strong>ἐστι</strong></span> <span class='ocrx_word' id='word_1_889' title='bbox 2321 5514 2415 5567; x_wconf 74' lang='grc' dir='ltr'><strong>καὶ</strong></span> <span class='ocrx_word' id='word_1_890' title='bbox 2438 5516 2467 5567; x_wconf 94' lang='lat'><strong>6</strong></span> <span class='ocrx_word' id='word_1_891' title='bbox 2494 5515 2700 5578; x_wconf 68' lang='grc' dir='ltr'><strong>ἀναϐὰς</strong></span> <span class='ocrx_word' id='word_1_892' title='bbox 2731 5516 2985 5589; x_wconf 81' lang='grc' dir='ltr'><strong>ὑπεράνω</strong></span> <span class='ocrx_word' id='word_1_893' title='bbox 3011 5518 3118 5570; x_wconf 86' lang='grc' dir='ltr'><strong>τῶν</strong></span> <span class='ocrx_word' id='word_1_894' title='bbox 3145 5518 3407 5591; x_wconf 81' lang='grc' dir='ltr'><strong>οὐρανῶν.</strong></span> <span class='ocrx_word' id='word_1_895' title='bbox 3449 5537 3468 5570; x_wconf 73' lang='grc' dir='ltr'><strong>ι</strong></span> <span class='ocrx_word' id='word_1_896' title='bbox 3490 5520 3578 5574; x_wconf 84' lang='grc' dir='ltr'><strong>Ἐν</strong></span> <span class='ocrx_word' id='word_1_897' title='bbox 3606 5520 3738 5574; x_wconf 81' lang='grc' dir='ltr'><strong>ἀλα-</strong></span> 
     </span>
    </p>
   </div>
   <div class='ocr_carea' id='block_1_115' title="bbox 2165 5603 3739 5683">
    <p class='ocr_par' dir='ltr' id='par_1_115' title="bbox 2165 5603 3739 5683">
     <span class='ocr_line' id='line_1_116' title="bbox 2165 5603 3739 5683; baseline 0.008 -26"><span class='ocrx_word' id='word_1_898' title='bbox 2165 5603 2363 5675; x_wconf 80' lang='grc' dir='ltr'><strong>λαγμῷ</strong></span> <span class='ocrx_word' id='word_1_899' title='bbox 2390 5604 2447 5659; x_wconf 84' lang='grc' dir='ltr'><strong>δέ</strong></span> <span class='ocrx_word' id='word_1_900' title='bbox 2478 5607 2640 5661; x_wconf 74' lang='grc' dir='ltr'><strong>αὐτόν</strong></span> <span class='ocrx_word' id='word_1_901' title='bbox 2670 5625 2833 5679; x_wconf 71' lang='grc' dir='ltr'><strong>φησιν</strong></span> <span class='ocrx_word' id='word_1_902' title='bbox 2863 5608 3249 5680; x_wconf 84' lang='grc' dir='ltr'><strong>ἀνεληλυθέναι</strong></span> <span class='ocrx_word' id='word_1_903' title='bbox 3279 5610 3369 5664; x_wconf 78' lang='grc' dir='ltr'><strong>διὰ</strong></span> <span class='ocrx_word' id='word_1_904' title='bbox 3401 5611 3499 5683; x_wconf 74' lang='grc' dir='ltr'><strong>τὴν</strong></span> <span class='ocrx_word' id='word_1_905' title='bbox 3530 5614 3610 5677; x_wconf 82' lang='grc' dir='ltr'><strong>είς</strong></span> <span class='ocrx_word' id='word_1_906' title='bbox 3647 5612 3739 5669; x_wconf 81' lang='grc' dir='ltr'><strong>αὐ-</strong></span> 
     </span>
    </p>
   </div>
   <div class='ocr_carea' id='block_1_116' title="bbox 563 5695 2475 5765">
    <p class='ocr_par' dir='ltr' id='par_1_116' title="bbox 563 5695 2475 5765">
     <span class='ocr_line' id='line_1_117' title="bbox 563 5695 2475 5765; baseline 0 -12"><span class='ocrx_word' id='word_1_907' title='bbox 563 5700 604 5734; x_wconf 77' lang='lat'>“</span> <span class='ocrx_word' id='word_1_908' title='bbox 639 5699 781 5761; x_wconf 88' lang='lat' dir='ltr'><strong>Psal.</strong></span> <span class='ocrx_word' id='word_1_909' title='bbox 820 5717 954 5765; x_wconf 78' lang='lat' dir='ltr'><strong>xvu,</strong></span> <span class='ocrx_word' id='word_1_910' title='bbox 998 5697 1189 5753; x_wconf 64' lang='lat' dir='ltr'>M46.</span> <span class='ocrx_word' id='word_1_911' title='bbox 1266 5698 1308 5729; x_wconf 80' lang='lat'><strong>&quot;</strong></span> <span class='ocrx_word' id='word_1_912' title='bbox 1340 5695 1484 5753; x_wconf 84' lang='lat' dir='ltr'><strong>Psal.</strong></span> <span class='ocrx_word' id='word_1_913' title='bbox 1537 5711 1684 5762; x_wconf 71' lang='lat' dir='ltr'><strong>nvi,</strong></span> <span class='ocrx_word' id='word_1_914' title='bbox 1717 5695 1868 5753; x_wconf 76' lang='lat'><strong>2-10.</strong></span> <span class='ocrx_word' id='word_1_915' title='bbox 1949 5697 1992 5729; x_wconf 85' lang='lat'>&quot;</span> <span class='ocrx_word' id='word_1_916' title='bbox 2025 5695 2169 5752; x_wconf 81' lang='lat' dir='ltr'><strong>Psal.</strong></span> <span class='ocrx_word' id='word_1_917' title='bbox 2209 5712 2282 5759; x_wconf 80' lang='grc' dir='ltr'><strong>ιι,</strong></span> <span class='ocrx_word' id='word_1_918' title='bbox 2334 5696 2384 5761; x_wconf 90' lang='lat'><strong>7,</strong></span> <span class='ocrx_word' id='word_1_919' title='bbox 2421 5695 2475 5753; x_wconf 89' lang='lat'><strong>8.</strong></span> 
     </span>
    </p>
   </div>
   <div class='ocr_carea' id='block_1_117' title="bbox 566 5792 1306 5854">
    <p class='ocr_par' dir='ltr' id='par_1_117' title="bbox 566 5792 1306 5854">
     <span class='ocr_line' id='line_1_118' title="bbox 566 5792 1306 5854; baseline -0.008 0"><span class='ocrx_word' id='word_1_920' title='bbox 566 5793 648 5854; x_wconf 72' lang='lat' dir='ltr'><strong>(li</strong></span> <span class='ocrx_word' id='word_1_921' title='bbox 675 5793 1025 5853; x_wconf 74' lang='lat' dir='ltr'><strong>Desideratur</strong></span> <span class='ocrx_word' id='word_1_922' title='bbox 1055 5796 1101 5849; x_wconf 88' lang='lat'>6.</span> <span class='ocrx_word' id='word_1_923' title='bbox 1145 5792 1306 5848; x_wconf 81' lang='grc' dir='ltr'><strong>Εοιτ.</strong></span> 
     </span>
    </p>
   </div>
  </div>
