4110 6430
405 407 514 460 ἨἸ

1353 406 1996 463 DEMONSTRATIONIS
2039 408 2492 465 EVANUELICAS
2531 411 2659 466 LIB.
2703 412 2788 468 Vl.

3534 417 3639 473 H8

407 522 499 577 τὸν
544 519 816 590 θεολογίαν
876 521 980 574 τῶν
1043 521 1480 593 δορυφορούντων
1529 521 1689 574 αὑτὸν
1753 521 1947 574 ἀνιόντι

2072 523 2212 592 quod
2237 533 2291 578 et
2314 523 2656 580 descenderit
2687 529 2919 597 primum
2944 529 2997 585 in
3027 530 3241 587 inﬁmas
3289 542 3470 602 partes
3521 543 3635 588 ter-

409 612 672 681 ἀγγέλων·
699 614 746 666 οἳ
765 615 858 666 καὶ
895 613 1094 682 ἔλεγον·
1129 633 1145 663 ι
1163 615 1362 684 ’Δρατε
1389 614 1580 678 πύλας,
1609 617 1656 667 οί
1678 616 1958 685 ἄρχοντες,

412 705 582 774 ὃμῶν,
601 705 690 757 καὶ
706 704 994 775 ἐπάρθητε,
1013 703 1174 756 πύλαι
1192 703 1418 768 αἰὼνιοι,
1445 707 1541 757 καὶ
1563 705 1924 757 εἰσελεύσεται
1940 707 1970 757 6

409 795 660 866 βασιλεὺς
706 797 798 867 τῆς
835 796 1008 864 δόξης.
1056 816 1073 848 ι
1107 798 1292 867 Φωνὴν
1338 797 1393 850 δὲ
1430 796 1726 864 σάλπιγγος
1758 797 1856 848 οὐκ
1901 796 1966 848 ἂν

409 889 666 960 σφαλείης
693 889 753 940 τὸ
779 891 1034 958 κήρυγμα
1058 887 1226 939 εἰπὼν
1255 888 1316 940 τὸ
1345 887 1717 954 εὑαγγελικὸν,
1759 890 1837 952 είς
1867 889 1968 940 πᾶ-

407 997 506 1034 σαν
533 981 800 1050 ἐξηχῆσαν
832 979 927 1050 τὴν
959 981 1300 1049 οἰκουμένην.
1348 979 1551 1040 Παντὸς
1587 978 1693 1049 γὰρ
1737 980 1965 1050 ὀργάνου

408 1071 662 1142 μουσικοῦ
699 1071 1208 1141 μεγαλοφωνοτέρας
1235 1069 1399 1141 οῦσης
1424 1072 1522 1140 τῆς
1552 1071 1866 1138 σάλπιγγος,
1892 1073 1969 1123 οἱ·

404 1163 563 1225 κείως
607 1163 968 1234 παρείληπται
1013 1163 1074 1215 τὸ
1122 1163 1470 1232 παράδειγμα
1513 1165 1592 1226 είς
1626 1163 1967 1234 παράστασιν

402 1252 492 1306 τοῦ
516 1255 728 1307 πάντων
751 1253 857 1307 τῶν
888 1253 945 1320 ἐξ
973 1254 1166 1316 αἰῶνος
1193 1254 1584 1324 κραταιοτέραν
1615 1254 1707 1307 καὶ
1733 1253 1965 1320 μεγαλο-

402 1345 707 1415 φωνοτέραν
747 1345 846 1415 τὴν
873 1343 1124 1415 περὶτοῦ
1178 1343 1414 1412 Χριστοῦ
1458 1345 1620 1397 πᾶσιν
1663 1343 1968 1414 ἀνθρώποις

401 1432 764 1506 κατηγγέλθαι
793 1435 1158 1500 διδασκαλίαν,
1203 1436 1268 1488 δι’
1293 1431 1361 1507 ἦς
1399 1434 1586 1503 ὥσπερ
1615 1436 1702 1489 διὰ
1737 1435 1964 1504 σάλπιγ-

400 1542 493 1594 γος
538 1529 616 1590 είς
648 1526 970 1589 ἐξάκουστον
1011 1526 1227 1580 πάντων
1255 1527 1362 1578 τῶν
1392 1527 1694 1596 ἀνθρώπων
1738 1527 1832 1596 βοᾷ
1873 1529 1965 1580 καὶ

401 1617 636 1687 κέκραγε
681 1618 740 1670 τὸ
781 1617 1002 1687 Πνεῦμα
1037 1618 1096 1669 τὸ
1133 1618 1283 1685 ἅγιον
1311 1617 1378 1668 τὰ
1417 1617 1544 1685 ἑξῆς
1590 1617 1681 1669 τοῦ
1712 1617 1924 1688 ψαλμοῦ
1947 1657 1961 1681 ,

399 1707 461 1761 δι’
509 1701 584 1760 ὧν
637 1708 880 1778 εἴρηται·
919 1727 935 1758 ι
970 1708 1184 1761 Ψάλατε
1214 1706 1290 1776 τῷ
1333 1707 1452 1776 Θεῷ
1479 1707 1664 1778 ημῶν,
1715 1708 1920 1776 ψάλατε
1945 1748 1960 1772 ,

399 1798 602 1868 ᾧάλατε
647 1797 724 1868 τῷ
775 1797 977 1869 βασιλεῖ
1021 1798 1194 1868 ἡμῶν,
1245 1798 1447 1866 ψάλατε
1485 1816 1498 1828 ·
1548 1801 1627 1852 ὅτι
1665 1799 1955 1868 βασιλεὺς»

2070 629 2142 667 ra:
2171 615 2194 666 ?
2219 615 2310 684 qui
2370 616 2672 681 descendit,
2723 619 2838 688 ipse
2877 629 2960 675 est
2993 630 3048 675 et
3069 623 3162 692 qui
3197 625 3441 680 ascendit
3470 641 3636 696 supra

2067 719 2256 760 omnes
2289 707 2457 762 caelos
2483 710 2522 738 ¹⁷
2559 729 2571 763 :
2612 729 2630 760 ›
2676 711 2729 764 in
2759 712 2935 780 jubilo
2960 723 3139 767 autem
3175 714 3327 768 illum
3353 715 3488 770 dicit
3541 732 3636 769 as-

2068 793 2337 858 cendisse,
2369 797 2438 849 ob
2461 797 2676 852 divinas
2730 811 2784 852 et
2814 815 3001 856 sacras
3053 817 3180 871 erga
3239 805 3415 872 ipsum
3447 819 3632 868 voces,

2068 885 2244 954 ipsum
2294 887 2422 940 dum
2459 891 2780 945 ascenderet
2817 895 3246 962 conslipnntium
3289 897 3629 963 angelorum,

2068 977 2159 1045 qui
2185 978 2347 1030 etiam
2379 978 2511 1032 illud
2543 980 2794 1035 dicebant
2833 1001 2844 1035 :
2886 1001 2904 1033 ε
2959 983 3155 1038 Tollite
3204 994 3408 1053 portas,
3436 987 3635 1056 princi-

2068 1082 2184 1135 pes,
2218 1076 2448 1131 vestras,
2485 1077 2538 1123 et
2562 1071 2867 1136 elevamini,
2905 1085 3071 1142 porta;
3097 1083 3331 1139 aeternae,
3359 1084 3412 1130 et
3460 1079 3634 1132 intro-

2074 1157 2176 1210 ibit
2209 1173 2303 1212 rex
2349 1159 2534 1229 gloria:
2569 1161 2664 1214 ¹⁸.›
2700 1161 2896 1217 Vocem
2927 1175 3104 1220 autem
3138 1169 3278 1220 tuba:
3317 1185 3423 1222 non
3454 1170 3634 1223 admo-

2067 1249 2194 1304 dum
2225 1252 2597 1316 aberraveris,
2649 1255 2694 1308 si
2730 1257 3165 1324 praedicationem
3215 1261 3419 1316 dixeris
3473 1277 3632 1316 evan-

2067 1343 2314 1412 gelicam,
2364 1359 2485 1414 quae
2522 1346 2574 1398 in
2602 1352 2773 1399 totum
2810 1349 3066 1403 exaudita
3112 1360 3193 1405 est
3229 1360 3494 1406 terrarum
3544 1369 3632 1408 or-

2066 1433 2185 1485 bem
2214 1450 2228 1484 :
2267 1447 2388 1484 cum
2417 1435 2560 1487 enim
2593 1435 2720 1488 tuba
2767 1438 2914 1489 omni
2961 1438 3068 1490 alio
3116 1439 3478 1493 instrumento
3508 1456 3630 1494 mu-

2065 1521 2180 1576 sico
2205 1523 2445 1576 vocalior
2474 1525 2566 1585 sit,
2594 1525 2728 1579 satis
2747 1528 3151 1582 accommodata
3165 1531 3621 1600 convenientique

2064 1611 2234 1682 figura
2267 1611 2469 1666 dictum
2502 1613 2664 1666 fuerit
2695 1615 2847 1679 illud,
2875 1617 2942 1669 ad
2973 1618 3454 1673 demonstrandum
3480 1622 3626 1689 quod

2063 1703 2318 1758 omnibus
2354 1705 2477 1758 aliis
2524 1720 2645 1774 quae
2674 1721 2703 1758 a
2749 1709 2968 1763 condito
3015 1725 3130 1764 εενο
3173 1712 3503 1775 exstiterint,
3535 1731 3627 1768 ro-

2065 1794 2275 1848 bustior
2302 1803 2356 1849 et
2382 1796 2624 1849 vocalior
2671 1799 2886 1852 cunctis
2945 1800 3258 1854 hominibus
3304 1803 3624 1858 denunliata

400 1889 580 1942 οὐκέτι
630 1891 788 1960 μόνου
841 1889 932 1941 τοῦ
986 1889 1251 1940 Ἰουδαίων
1294 1889 1497 1953 ἔθνους,
1545 1890 1678 1942 ἀλλὰ
1710 1907 1730 1940 ι
1760 1891 1947 1962 πάσης.

2062 1885 2350 1941 sitChristi
2380 1888 2648 1951 doctrina,
2674 1905 2768 1962 per
2793 1905 2954 1959 quam
2979 1893 3140 1946 veluti
3173 1911 3269 1964 per
3297 1896 3503 1959 tubam,
3538 1911 3627 1949 us-

400 1981 551 2049 φησὶ,
579 1981 674 2050 τῆς
689 1981 787 2050 γῆς
823 1981 850 2031 6
891 1978 1038 2041 Θεός·
1059 1978 1260 2046 ψάλατε
1295 1979 1550 2042 συνετῶς.
1579 1999 1596 2031 ι
1634 1981 1828 2033 Οὐκέτι
1852 1981 1960 2052 γὰρ

397 2071 444 2121 οί
476 2071 602 2140 πρὶν
626 2070 886 2140 δαίμονες,
913 2071 1060 2138 φησὶ,
1081 2071 1199 2123 οὐδὲ
1223 2071 1292 2123 τὰ
1314 2071 1565 2142 περίγεια
1593 2072 1686 2124 καὶ
1709 2073 1958 2143 ἀπατηλὰ

394 2159 692 2228 πνεύματα,
721 2159 831 2212 ἀλλ’
857 2161 1014 2222 αὐτὸς
1047 2180 1065 2211 ι
1095 2164 1123 2214 6
1153 2161 1282 2224 Θεὸς
1309 2161 1754 2216 ἐϐασίλευσενέπὶ
1783 2163 1957 2215 πάντα

388 2249 456 2300 τὰ
485 2249 610 2321 ἔθνη
628 2266 675 2300 ο»
701 2251 728 2303 6
744 2250 874 2314 Θεὸς
890 2252 1069 2316 αὐτὸς,
1107 2271 1126 2303 ι
1151 2253 1208 2316 ὃς
1233 2252 1469 2324 κάθηται
1492 2253 1582 2306 ἐπὶ
1599 2253 1787 2324 θρόνου
1800 2254 1956 2322 ἁγίου

388 2339 570 2392 αὑτοῦ.
587 2360 603 2390 ι
637 2340 772 2409 Ἤδη
801 2341 855 2393 δέ
879 2341 1140 2413 πρότερον
1158 2341 1253 2394 τοῦ
1280 2341 1414 2396 Θεοῦ
1439 2343 1611 2410 Λόγου
1633 2343 1722 2395 τὸν
1748 2342 1955 2413 θρόνον,

389 2429 472 2498 ἐφ’
501 2429 558 2483 ὃν
602 2430 924 2494 καθέζεσθαι
973 2435 1002 2485 6
1048 2434 1240 2504 Πατὴρ
1289 2433 1437 2503 αὐτῷ
1481 2433 1951 2504 παρεκελεύσατο,

389 2520 594 2587 εἰπὼν,
649 2542 667 2573 ι
704 2523 884 2576 Κάθου
932 2526 995 2576 ἐκ
1049 2523 1236 2588 δεξιῶν
1272 2542 1404 2594 μου,
1450 2526 1552 2589 ἕως
1592 2525 1657 2578 ἂν
1707 2525 1783 2578 θῶ
1828 2527 1953 2589 τοὺς

389 2612 614 2684 ἐχθρούς
642 2631 735 2667 σου
763 2615 1050 2669 ὑποπόδιον
1082 2617 1188 2669 τῶν
1220 2617 1393 2669 ποδῶν
1425 2635 1540 2682 σου,
1568 2637 1585 2668 ι
1614 2617 1701 2670 διὰ
1723 2617 1814 2671 τοῦ
1847 2617 1953 2688 πρὸ

386 2700 574 2754 τούτου
611 2703 1036 2774 συγγράμματος
1065 2707 1500 2776 παρεστήσαμεν.
1537 2705 1608 2760 Τὸ
1632 2707 1689 2760 δέ
1708 2749 1723 2771 ,
1773 2727 1792 2757 ‹
1821 2709 1952 2780 Ἀρ-

386 2809 569 2861 χοντες
593 2792 735 2846 λαῶν
764 2794 1104 2866 συνήχθησαν
1141 2796 1278 2865 μετὰ
1306 2796 1398 2849 τοῦ
1438 2797 1572 2850 Θεοῦ
1610 2798 1890 2870 Ἀϐραὰμ,
1925 2819 1942 2850 ι

387 2883 465 2934 ἔτι
510 2883 836 2956 σαφέστερον
865 2885 1014 2955 δηλοῖ
1059 2887 1464 2958 μετατεθεῖσθαι
1512 2891 1590 2953 εἰς
1623 2889 1714 2941 τὸν
1751 2890 1947 2961 κλῆρον

383 2974 490 3027 τῶν
530 2975 694 3029 πάλαι
749 2975 1007 3047 θεοφιλῶν
1055 2978 1149 3031 τοῦ
1199 2979 1332 3032 Θεοῦ
1379 2981 1668 3051 προφητῶν
1713 2982 1837 3045 τοὺς
1887 2983 1948 3048 ἐξ

385 3065 550 3120 ἐθνῶν
579 3067 842 3137 ἄρχοντας
869 3069 965 3140 τῆς
997 3069 1227 3141 Χριστοῦ
1269 3070 1613 3142 Ἐκκλησίας,
1649 3071 1720 3135 οἳ,
1754 3074 1844 3126 καὶ
1877 3078 1942 3145 τῇ

381 3157 604 3228 δυνάμει
637 3159 732 3212 τοῦ
761 3161 1014 3232 Σωτῆρος
1041 3162 1196 3232 ἡμῶν
1225 3163 1657 3232 κραταιωθέντες
1679 3204 1694 3228 ,
1739 3164 1945 3236 σφόδρα

380 3248 694 3320 ἐπήρθησαν
743 3251 951 3316 οὐδενὸς
1008 3252 1307 3324 ἀνθρώπων
1362 3255 1683 3308 καταϐαλεῖν
1749 3255 1944 3321 αὐτοὺς

381 3342 474 3393 καὶ
511 3342 836 3396 ταπεινῶσαι
869 3343 1247 3415 δεδυνημένου,
1280 3345 1367 3398 διὸ.
1390 3347 1489 3418 τὴν
1517 3345 1821 3415 ἀνυψοῦσαν
1850 3348 1946 3402 αὐ-

379 3435 501 3495 τοὺς
536 3434 628 3486 καὶ
651 3434 988 3503 δυναμοῦσαν
1015 3435 1104 3488 τοῦ
1131 3435 1265 3488 Θεοῦ
1295 3436 1498 3502 δεξιάν.
1537 3439 1648 3492 Καὶ
1682 3438 1852 3494 ταῦτα
1885 3439 1942 3494 δὲ

377 3523 469 3575 ἐπὶ
501 3525 694 3594 σχολῆς
722 3526 964 3589 ἐντελοῦς
997 3527 1241 3590 τεύξεται
1272 3527 1594 3600 διηγήσεως.

2060 1991 2165 2044 que
2195 1977 2328 2030 adeo
2363 1986 2586 2032 sanctus
2629 1981 2847 2044 clamat,
2880 1989 2932 2033 et
2967 1983 3298 2036 vociferatur
3359 1983 3621 2054 Spiritus,

2060 2074 2118 2117 ut
2152 2065 2219 2119 ab
2251 2067 2504 2122 omnibus
2527 2069 2773 2123 exaudiri
2809 2072 2981 2140 possit
3040 2073 3371 2137 hominibus,
3421 2077 3624 2128 clamat

2056 2171 2186 2210 vero
2214 2172 2275 2211 ea
2305 2173 2424 2228 quae
2456 2159 2508 2212 in
2530 2161 2722 2214 eodem
2746 2164 2955 2231 psalmo
2973 2173 3291 2233 sequuntur,
3348 2165 3400 2218 in
3424 2167 3622 2234 quibus

2057 2247 2295 2302 dicitur:
2333 2268 2352 2301 ι
2393 2249 2612 2305 Psallite
2635 2251 2744 2306 Deo
2767 2262 2973 2318 nostro,
3002 2255 3232 2324 psallite,
3255 2256 3469 2326 psallite
3506 2257 3616 2326 regi

2055 2345 2262 2402 nostro,
2282 2341 2514 2408 psallite,
2547 2344 2804 2411 quoniam
2831 2361 2922 2399 rex
2966 2366 2984 2396 ι
3034 2363 3142 2399 non
3187 2347 3419 2416 amplius
3451 2349 3616 2404 unius

2060 2429 2291 2487 ludaica:
2321 2435 2516 2504 gentis,
2571 2437 2664 2490 sed
2697 2455 2714 2486 ‹
2751 2439 2948 2503 omnis,
2980 2439 3176 2508 inquit,
3237 2449 3395 2494 terra:
3447 2440 3616 2506 Deus,

2053 2524 2266 2592 psallite
2286 2525 2581 2594 sapienter.
2635 2545 2653 2577 ι
2680 2525 2798 2579 Non
2821 2530 2964 2580 etiim
3002 2531 3258 2598 amplius,
3311 2532 3508 2600 inquit,
3539 2532 3616 2585 illi

2051 2615 2144 2685 qui
2175 2616 2326 2686 prius
2353 2615 2646 2680 daemones,
2680 2633 2856 2688 neque
2886 2621 3092 2674 circum
3122 2631 3618 2680 terrann'ersantes

2051 2705 2382 2776 fallacesque
2413 2708 2660 2778 spiritus,
2694 2710 2789 2764 sed
2823 2711 2938 2780 ipse
2963 2729 2979 2761 ι
3011 2711 3152 2768 Deus
3180 2717 3427 2786 regnavit
3453 2732 3616 2785 super

2049 2815 2238 2856 omnes
2268 2811 2477 2872 gentes,
2510 2821 2528 2853 ι
2571 2803 2706 2873 ipse,
2745 2805 2991 2874 inquam,
3043 2805 3207 2872 Dens,
3256 2826 3274 2858 ι
3311 2809 3402 2878 qui
3464 2809 3616 2863 sedet

2051 2907 2215 2960 super
2263 2893 2390 2947 sede
2443 2902 2630 2947 sancta
2667 2910 2786 2948 sua.
2821 2914 2838 2945 ι
2874 2894 3138 2950 Caeterum
3165 2898 3274 2966 jam
3329 2906 3486 2951 antea
3519 2897 3611 2952 Dei

2047 2977 2208 3033 Verbi
2235 2981 2414 3036 sedem
2446 2997 2608 3052 super
2635 2999 2740 3052 qua
2775 2984 2933 3039 Pater
2978 2987 3153 3055 ipsum
3203 2987 3392 3042 sedere
3433 2987 3615 3057 jusse-

2048 3078 2152 3138 rat,
2183 3073 2292 3126 illis
2323 3075 2541 3128 verbis:
2580 3093 2596 3124 ι
2638 3075 2776 3131 Sede
2809 3093 2836 3130 a
2870 3077 3079 3133 dextris
3109 3079 3246 3133 meis
3267 3121 3279 3142 ,
3311 3080 3484 3134 donec
3515 3095 3613 3149 po-

2048 3179 2170 3216 nam
2191 3164 2438 3220 inimicos
2470 3174 2590 3220 tuos
2609 3168 2900 3221 scabellum
2934 3169 3130 3238 pedum
3166 3180 3381 3225 tuorum
3417 3169 3513 3234 ¹⁹,ι
3547 3185 3612 3225 co

2049 3257 2140 3324 qui
2166 3256 2310 3310 hunc
2339 3261 2611 3313 antecedit
2639 3262 2797 3325 libro,
2834 3277 2932 3330 pro
2949 3263 3156 3317 viribus
3187 3262 3607 3318 declaravimus.

2049 3347 2185 3400 lllud
2232 3357 2411 3401 autem
2457 3367 2525 3402 ε(
2575 3349 2858 3420 Principes
2917 3355 3236 3422 populorum
3299 3354 3613 3423 congregati

2049 3445 2178 3490 sunt
2207 3452 2328 3489 cum
2376 3437 2486 3492 Deo
2534 3439 2830 3504 Abraham,
2865 3459 2884 3490 ι
2911 3441 3088 3495 adhuc
3111 3443 3352 3510 apertius
3386 3443 3611 3496 demon-

2050 3535 2208 3591 strat,
2265 3538 2630 3584 commutatos
2658 3546 2781 3585 esse
2814 3532 2868 3584 in
2896 3529 3092 3584 fortem
3146 3539 3359 3585 uterum
3395 3533 3613 3600 religio-

377 3630 563 3670 sorum
611 3615 705 3670 Dei
766 3619 1170 3685 prophetarum,
1208 3629 1518 3689 assumptos
1563 3620 1630 3674 de
1678 3619 1933 3688 gentibus
1970 3617 2228 3674 Ecclesiae
2273 3617 2476 3672 Christi
2531 3621 2830 3690 principes,
2857 3625 2952 3690 qui
3000 3622 3171 3675 etiam
3239 3623 3440 3677 virtute
3486 3623 3608 3676 Sal-

375 3708 578 3762 vatoris
627 3708 800 3761 nostri
856 3709 1213 3774 corroborati,
1257 3711 1314 3765 in
1357 3712 1590 3766 sublime
1637 3711 1929 3764 admodum
1961 3710 2133 3764 evecti
2158 3717 2306 3772 sunt,
2335 3709 2533 3778 quippe
2584 3723 2722 3778 quos
2779 3725 2938 3764 nemo
2992 3725 3059 3763 ex
3093 3709 3344 3764 omnibus
3377 3709 3610 3762 homini-

374 3799 476 3853 bus
503 3800 738 3869 dejicere
767 3810 860 3854 aut
902 3810 1244 3870 prosternere
1292 3805 1548 3872 potuerit,
1572 3804 1803 3866 obeam,
1835 3805 1927 3873 qui
1963 3803 2112 3872 ipsos
2165 3801 2378 3856 extollit
2427 3801 2704 3870 fortesque
2757 3801 2908 3867 facit,
2961 3801 3159 3856 summi
3189 3799 3284 3854 Dei
3335 3799 3604 3858 dextram.

370 3892 530 3962 26],
561 3893 824 3946 Caeterum
864 3893 981 3947 haec
1018 3895 1193 3962 majus
1228 3896 1396 3949 otium
1435 3895 1600 3958 nacti,
1628 3895 1930 3950 absolutius
1962 3892 2257 3964 aliquando
2285 3892 2683 3946 enarrabimus.

895 4005 1286 4060 ΚΕΦΔΛΑΙΟΝ
1334 4007 1409 4060 I".

382 4115 514 4170 Ἀπὸ
548 4117 790 4186 ψαλμοῦ
823 4122 936 4187 μθ.
976 4149 1044 4158 -—
1077 4117 1171 4183 Ὠς
1205 4115 1480 4187 ἐμφανῶς
1519 4115 1692 4187 ἥξειν
1727 4120 1758 4169 ὀ
1791 4115 1934 4187 Θεὸς

439 4190 526 4253 εἰς
549 4184 894 4255 ἆνθρώποὺς
936 4187 1188 4256 λέγεται,
1215 4184 1311 4240 καὶ
1353 4186 1474 4238 πᾶν
1511 4186 1684 4256 γένος
1715 4184 1935 4255 ἀνθρώ-

440 4273 568 4312 πων
601 4260 748 4325 πρὸς
777 4258 991 4310 ἑαυτὸν
1021 4259 1527 4311 ἀνακαλέσασθαι.

445 4391 464 4423 ε
498 4371 627 4434 Θεὸς
656 4371 790 4423 θεῶν
821 4373 1022 4442 Κύριος
1051 4371 1298 4442 ἐλάλησε,
1337 4371 1430 4423 καὶ
1463 4369 1684 4422 ἐκάλεσε
1713 4367 1808 4439 τὴν
1831 4368 1933 4438 γῆν

371 4463 477 4517 ἀπὸ
505 4461 774 4516 ἀνατολῶν
808 4462 957 4532 ἡλίου
999 4462 1093 4515 καὶ
1125 4462 1285 4533 μέχρι
1324 4459 1561 4530 δυσμῶν.
1607 4461 1700 4512 Ἐκ
1729 4459 1864 4512 Σιὼν
1896 4461 1928 4530 ἡ

2637 4000 2864 4056 CAPUT
2918 4000 3002 4054 ΙΙΙ.

2041 4116 2082 4170 Α
2117 4115 2320 4184 psalmo
2342 4130 2489 4170 xLIx.
2523 4145 2594 4155 -——
2631 4113 2782 4180 Quod
2807 4113 3083 4181 manifeste
3116 4112 3185 4165 ad
3209 4112 3442 4184 homines
3479 4127 3604 4184 ven:

2113 4180 2258 4237 turus
2293 4186 2490 4238 dicitur
2522 4184 2693 4247 Deus,
2725 4195 2771 4238 et
2811 4180 2960 4237 omne
3010 4199 3171 4252 genus
3218 4183 3483 4236 hominum
3534 4180 3603 4234 ad

2109 4258 2339 4323 seipsum
2379 4264 2733 4308 revocaturus.

2113 4383 2132 4414 ι
2175 4364 2317 4419 Deus
2346 4365 2568 4419 deorum
2600 4363 2858 4418 Dominus
2905 4365 3120 4418 locutus
3165 4370 3269 4425 est,
3304 4370 3356 4416 et
3389 4363 3603 4416 vocavit

2037 4462 2237 4510 terram
2274 4470 2303 4508 a
2336 4456 2468 4509 solis
2513 4463 2637 4508 ortu
2691 4470 2860 4522 usque
2891 4457 2956 4506 ad
2999 4469 3276 4510 occasum.
3337 4451 3414 4506 Ex
3471 4451 3601 4508 Sion

368 4554 666 4625 εὐπρέπεια
696 4553 793 4622 τῆς
827 4552 1150 4624 ὼραιότητος
1189 4552 1371 4606 αὑτοῦ.
1418 4553 1477 4604 '0
1508 4551 1640 4614 Θεὸς
1677 4551 1932 4620 ἐμφανῶς

2051 4546 2248 4615 ςρεεὶεε
2281 4545 2496 4600 decoris
2527 4545 2647 4614 ejus
2679 4564 2690 4600 :
2737 4545 2878 4599 Deus
2909 4545 3197 4600 manifeste
3224 4545 3424 4608 veniet,
3461 4544 3601 4599 Deus

370 4646 507 4717 ἡξει,
537 4645 566 4696 ὁ
607 4644 736 4708 Θεὸς
779 4644 954 4715 ἡμῶν,
991 4645 1085 4698 καὶ
1116 4645 1177 4697 οὐ
1218 4645 1721 4714 παρασιωπήσεται.
1759 4662 1778 4694 ι
1821 4644 1930 4696 Καὶ

367 4736 486 4806 μεθ’
544 4736 734 4808 ἕτερα·
770 4753 788 4787 ‹
825 4737 1104 4796 Ἀκουσον,
1153 4735 1303 4805 φησὶ,
1342 4734 1468 4797 λαός
1512 4751 1634 4804 μου,
1689 4734 1785 4787 καὶ
1831 4733 1927 4785 λα-

369 4829 513 4900 λήσω
546 4845 648 4893 σοι,
689 4827 919 4899 Ἰσραὴλ,
951 4827 1046 4880 καὶ
1089 4825 1530 4898 διαμαρτύρομαί
1565 4842 1666 4876 σοι.
1715 4822 1773 4878 Ὀ
1799 4824 1931 4887 Θεὸς

368 4923 398 4972 6
437 4919 567 4983 Θεός
615 4936 707 4972 σου
759 4919 874 4988 εἰμὶ
927 4918 1055 4986 ἐγώ.
1117 4920 1232 4970 Οὐκ
1281 4917 1372 4969 ἐπὶ
1423 4919 1541 4980 ταῖς
1573 4916 1784 4978 θυσίαις
1833 4932 1927 4967 σου

365 5011 566 5080 ἐλέγξω
589 5027 666 5063 σε.
693 5011 774 5062 Τὰ
800 5011 856 5063 δέ
879 5007 1298 5079 ὁλοκαυτώματα
1319 5024 1409 5059 σου
1443 5005 1669 5058 ἐνώπιόν
1700 5023 1798 5076 μου
1824 5005 1930 5057 εἰσὶ

362 5102 448 5157 διὰ
480 5101 698 5164 παντός.
753 5101 826 5154 Οὐ
866 5099 1084 5168 δέξομαι
1114 5101 1178 5151 ἐκ
1220 5099 1312 5152 τοῦ
1348 5098 1496 5150 οἴκου
1547 5113 1637 5149 σου
1673 5096 1926 5165 μόσχους,

361 5192 477 5246 οὐδὲ
517 5193 583 5246 ἐκ
619 5191 727 5243 τῶν
771 5191 1036 5261 ποιμνίων
1086 5206 1176 5242 σου
1217 5190 1506 5260 χιμάρους,
1544 5188 1624 5240 ὅτι
1660 5187 1768 5256 ἐμά
1810 5188 1927 5238 ἐστι

359 5285 534 5339 πάντα
566 5282 634 5337 τὰ
664 5281 826 5355 θηρία
872 5281 964 5333 τοῦ
1011 5280 1236 5352 δρυμοῦ,
1289 5282 1458 5350 κτήνη
1509 5283 1566 5332 ἐν
1612 5281 1722 5341 τοῖς
1753 5278 1922 5348 ὄρεσι,

356 5375 449 5430 καὶ
495 5374 645 5446 βόεςο
681 5374 893 5443 ἔγνωκα
942 5373 1116 5426 πάντα
1159 5372 1227 5424 τὶ
1277 5371 1493 5424 πετεινὰ
1537 5370 1629 5423 τοῦ
1671 5370 1922 5440 οὐρανοῦ,

358 5466 449 5518 καὶ
475 5463 743 5534 ὡραιότης
773 5461 943 5534 ἀγροῦ
977 5461 1089 5533 μετ’
1119 5460 1253 5532 ἐμοῦ
1283 5464 1449 5514 ἐστιν.
1499 5461 1625 5514 Ἐὰν
1659 5461 1918 5521 πεινάσω,

356 5557 412 5608 οἶ»
445 5559 520 5627 μή
551 5572 630 5609 σοι
662 5557 800 5609 εἴπω
820 5572 834 5585 ο
866 5553 972 5626 ἐμὴ
1000 5554 1108 5625 γάρ
1137 5554 1282 5606 ἐστιν
1319 5555 1350 5622 ἡ
1379 5551 1689 5622 οἰκουμένη,
1730 5551 1823 5604 καὶ
1860 5553 1921 5604 τὸ

357 5647 626 5718 πλήρωμα
659 5645 844 5718 αὐτῆς.
880 5646 972 5717 Μὴ
997 5646 1237 5716 φάγομαι
1269 5643 1408 5716 κρέα
1439 5644 1674 5714 ταύρων,
1705 5643 1738 5713 ἢ
1780 5638 1920 5713 αἷμα

383 5847 386 5850 .
427 5802 468 5834 ιτ
505 5803 699 5864 Enhes.
754 5819 838 5866 tv,
872 5801 959 5858 10.
1035 5799 1080 5834 "
1108 5798 1252 5856 Psal.
1285 5816 1441 5862 xxm,
1483 5801 1599 5854 7—9.

2035 4646 2242 4698 noster,
2273 4644 2327 4688 et
2357 4651 2462 4689 non
2493 4637 2672 4691 silebit
2706 4637 2773 4688 ὀ.
2813 4656 2832 4687 ι
2871 4637 2933 4689 Ει
2964 4644 3084 4705 post
3138 4637 3398 4690 nonnulla
3439 4637 3543 4690 alia
3581 4655 3595 4690 :

2041 4748 2060 4779 ε
2090 4728 2248 4788 Audi,
2282 4729 2476 4796 inquit,
2498 4729 2728 4797 populus
2752 4744 2925 4791 meus,
2958 4738 3012 4783 et
3043 4729 3235 4797 loquar
3270 4728 3388 4789 tibi,
3408 4727 3596 4790 Israel,

2034 4827 2088 4874 et
2125 4819 2460 4873 testificabor
2492 4819 2608 4882 tibi,
2644 4818 2784 4875 Deus
2817 4819 2959 4874 Deus
2990 4829 3116 4874 tuus
3146 4835 3266 4874 sum
3322 4834 3442 4886 ego.
3476 4814 3594 4870 Non

2035 4911 2091 4964 in
2125 4909 2408 4965 sacriﬁciis
2441 4909 2547 4963 tuis
2575 4926 2797 4979 arguant
2826 4918 2879 4964 te
2912 4927 2924 4963 :
2963 4910 3280 4962 holocausta
3308 4914 3484 4960 autem
3503 4916 3595 4959 tua

2035 5003 2092 5056 in
2121 5010 2415 5071 conspectu
2448 5016 2566 5055 meo
2618 5013 2744 5056 sunt.
2778 5018 3009 5072 semper.
3067 4999 3186 5053 Non
3238 4998 3501 5067 accipiam
3527 4997 3596 5051 de

2032 5092 2194 5148 domo
2221 5104 2311 5146 tua
2344 5093 2543 5148 vitulos
2579 5133 2593 5156 ,
2645 5108 2821 5162 neque
2855 5093 2906 5144 in
2937 5091 3190 5160 gregibus
3233 5087 3341 5142 tuis
3388 5087 3592 5149 hircos,

2030 5184 2286 5254 quoniam
2321 5200 2453 5239 mea;
2483 5192 2611 5239 sunt
2639 5199 2827 5238 omnes
2859 5180 2984 5236 fera:
3022 5181 3316 5250 sylvarum,
3344 5177 3594 5246 jumenta

2030 5275 2086 5328 in
2136 5276 2442 5340 montibus,
2476 5287 2528 5330 et
2562 5276 2733 5330 boves
2769 5293 2781 5327 :
2843 5272 3076 5341 cognovi
3121 5269 3302 5322 omnia
3351 5268 3592 5322 volatilia

2030 5368 2178 5433 cmli,
2209 5377 2264 5422 et
2294 5367 2643 5437 pulchritudo
2676 5367 2790 5436 agri
2821 5379 3032 5419 mecum
3071 5369 3175 5415 est.
3213 5358 3269 5414 Si
3321 5359 3591 5425 esuriero,

2032 5475 2140 5513 non
2163 5459 2341 5513 dicam
2373 5459 2503 5526 tibi;
2535 5475 2690 5513 meus
2709 5469 2790 5512 est
2821 5456 2966 5511 enim
2999 5453 3149 5509 orbis
3181 5459 3361 5516 terrae,
3395 5461 3446 5506 et
3481 5452 3595 5520 plc-

2027 5549 2220 5603 nitudo
2240 5550 2379 5618 ejus.
2411 5547 2683 5616 Numquid
2699 5541 3036 5598 manducabo
3066 5555 3258 5595 carnes
3274 5548 3554 5593 taurorum
3570 5539 3596 5592 ?

2025 5648 2120 5694 aut
2151 5642 2468 5710 sanguinem
2507 5639 2779 5692 hircorum
2809 5632 3013 5704 potaho
3045 5631 3069 5688 τ
3106 5631 3326 5686 immola
3354 5629 3464 5686 Deo
3503 5647 3593 5686 sa-

1681 5802 1721 5833 "
1755 5799 1900 5856 Psal.
1924 5813 2036 5862 six,
2065 5797 2121 5861 2,
2152 5797 2204 5850 3.
2281 5795 2326 5827 ²⁰
2349 5791 2494 5846 Psal.
2521 5806 2667 5858 xux,
2711 5791 2822 5846 1-5.
