  <div class='ocr_page' id='page_1' title='image "/cluster/home/n/w/nwhite01/storage/ocr_20150623/22:no.4/coo.31924054873025/223.png"; bbox 0 0 4110 6428; ppageno 0'>
   <div class='ocr_carea' id='block_1_1' title="bbox 487 371 3730 439">
    <p class='ocr_par' dir='ltr' id='par_1_1' title="bbox 487 371 3730 439">
     <span class='ocr_line' id='line_1_1' title="bbox 487 371 3730 439; baseline -0.001 -1"><span class='ocrx_word' id='word_1_1' title='bbox 487 380 592 439; x_wconf 73' lang='lat' dir='ltr'><strong>U9</strong></span> <span class='ocrx_word' id='word_1_2' title='bbox 1132 372 1413 432; x_wconf 69' lang='lat' dir='ltr'><strong>&#39;EUSEBII</strong></span> <span class='ocrx_word' id='word_1_3' title='bbox 1440 371 1926 431; x_wconf 64' lang='lat' dir='ltr'><strong>CJESARIENSIS</strong></span> <span class='ocrx_word' id='word_1_4' title='bbox 1966 371 2115 432; x_wconf 90' lang='lat' dir='ltr'><strong>OPP.</strong></span> <span class='ocrx_word' id='word_1_5' title='bbox 2147 371 2329 429; x_wconf 77' lang='lat' dir='ltr'><strong>PARS</strong></span> <span class='ocrx_word' id='word_1_6' title='bbox 2366 372 2430 428; x_wconf 84' lang='grc'><strong>11.</strong></span> <span class='ocrx_word' id='word_1_7' title='bbox 2465 404 2535 416; x_wconf 90' lang='grc'><strong><em>-</em></strong></span> <span class='ocrx_word' id='word_1_8' title='bbox 2566 373 3061 431; x_wconf 80' lang='lat' dir='ltr'><strong>APOLOGETICA.</strong></span> <span class='ocrx_word' id='word_1_9' title='bbox 3623 377 3730 435; x_wconf 66' lang='lat'><strong>6‘30</strong></span> 
     </span>
    </p>
   </div>
   <div class='ocr_carea' id='block_1_2' title="bbox 487 463 2057 537">
    <p class='ocr_par' dir='ltr' id='par_1_2' title="bbox 487 466 2057 534">
     <span class='ocr_line' id='line_1_2' title="bbox 487 466 2057 534; baseline -0.005 -5"><span class='ocrx_word' id='word_1_10' title='bbox 487 473 752 530; x_wconf 82' lang='lat' dir='ltr'><strong>oriﬁcium</strong></span> <span class='ocrx_word' id='word_1_11' title='bbox 777 468 982 534; x_wconf 80' lang='lat' dir='ltr'><strong>laudis,</strong></span> <span class='ocrx_word' id='word_1_12' title='bbox 1015 474 1070 523; x_wconf 86' lang='lat' dir='ltr'><strong>et</strong></span> <span class='ocrx_word' id='word_1_13' title='bbox 1097 470 1264 522; x_wconf 89' lang='lat' dir='ltr'><strong>redde</strong></span> <span class='ocrx_word' id='word_1_14' title='bbox 1285 466 1572 521; x_wconf 78' lang='lat' dir='ltr'><strong>Altissimo</strong></span> <span class='ocrx_word' id='word_1_15' title='bbox 1599 475 1727 522; x_wconf 86' lang='lat' dir='ltr'><strong>vota</strong></span> <span class='ocrx_word' id='word_1_16' title='bbox 1763 477 1876 531; x_wconf 89' lang='lat' dir='ltr'><strong>tua,</strong></span> <span class='ocrx_word' id='word_1_17' title='bbox 1898 477 1952 523; x_wconf 90' lang='lat' dir='ltr'><strong>et</strong></span> <span class='ocrx_word' id='word_1_18' title='bbox 1983 468 2057 521; x_wconf 91' lang='lat' dir='ltr'><strong>in-</strong></span> 
     </span>
    </p>
   </div>
   <div class='ocr_carea' id='block_1_3' title="bbox 2157 463 3725 537">
    <p class='ocr_par' dir='ltr' id='par_1_3' title="bbox 2158 463 3725 537">
     <span class='ocr_line' id='line_1_3' title="bbox 2158 463 3725 537; baseline 0.004 -20"><span class='ocrx_word' id='word_1_19' title='bbox 2158 464 2377 535; x_wconf 84' lang='grc' dir='ltr'>τράγων</span> <span class='ocrx_word' id='word_1_20' title='bbox 2402 463 2595 534; x_wconf 81' lang='grc' dir='ltr'>πίομαι</span> <span class='ocrx_word' id='word_1_21' title='bbox 2618 480 2632 529; x_wconf 89' lang='grc'><strong>;</strong></span> <span class='ocrx_word' id='word_1_22' title='bbox 2661 463 2834 519; x_wconf 90' lang='grc' dir='ltr'>Θῦσον</span> <span class='ocrx_word' id='word_1_23' title='bbox 2857 466 2935 537; x_wconf 79' lang='grc' dir='ltr'>τῷ</span> <span class='ocrx_word' id='word_1_24' title='bbox 2961 465 3080 537; x_wconf 84' lang='grc' dir='ltr'><strong>Θεῷ</strong></span> <span class='ocrx_word' id='word_1_25' title='bbox 3105 464 3297 520; x_wconf 91' lang='grc' dir='ltr'>θυσίαν</span> <span class='ocrx_word' id='word_1_26' title='bbox 3324 467 3606 534; x_wconf 77' lang='grc' dir='ltr'><strong>αἰνέσεως,</strong></span> <span class='ocrx_word' id='word_1_27' title='bbox 3635 471 3725 524; x_wconf 78' lang='grc' dir='ltr'>καὶ</span> 
     </span>
    </p>
   </div>
   <div class='ocr_carea' id='block_1_4' title="bbox 484 554 2057 627">
    <p class='ocr_par' dir='ltr' id='par_1_4' title="bbox 484 556 2057 622">
     <span class='ocr_line' id='line_1_4' title="bbox 484 556 2057 622; baseline -0.005 0"><span class='ocrx_word' id='word_1_28' title='bbox 484 581 620 622; x_wconf 89' lang='lat' dir='ltr'><strong>voca</strong></span> <span class='ocrx_word' id='word_1_29' title='bbox 657 580 745 618; x_wconf 89' lang='lat' dir='ltr'><strong>me</strong></span> <span class='ocrx_word' id='word_1_30' title='bbox 777 564 833 617; x_wconf 89' lang='lat' dir='ltr'><strong>in</strong></span> <span class='ocrx_word' id='word_1_31' title='bbox 875 560 963 615; x_wconf 89' lang='lat' dir='ltr'><strong>die</strong></span> <span class='ocrx_word' id='word_1_32' title='bbox 989 557 1365 614; x_wconf 75' lang='lat' dir='ltr'><strong>tribulationis</strong></span> <span class='ocrx_word' id='word_1_33' title='bbox 1390 559 1456 612; x_wconf 71' lang='grc' dir='ltr'>υ.</span> <span class='ocrx_word' id='word_1_34' title='bbox 1491 577 1512 610; x_wconf 76' lang='grc' dir='ltr'><strong>ι</strong></span> <span class='ocrx_word' id='word_1_35' title='bbox 1548 556 1727 612; x_wconf 86' lang='lat' dir='ltr'><strong>Etiam</strong></span> <span class='ocrx_word' id='word_1_36' title='bbox 1778 558 1882 614; x_wconf 90' lang='lat' dir='ltr'><strong>hoc</strong></span> <span class='ocrx_word' id='word_1_37' title='bbox 1936 559 2057 614; x_wconf 88' lang='lat' dir='ltr'><strong>loco</strong></span> 
     </span>
    </p>
   </div>
   <div class='ocr_carea' id='block_1_5' title="bbox 2157 554 3733 627">
    <p class='ocr_par' dir='ltr' id='par_1_5' title="bbox 2163 554 3733 627">
     <span class='ocr_line' id='line_1_5' title="bbox 2163 554 3733 627; baseline 0.004 -18"><span class='ocrx_word' id='word_1_38' title='bbox 2163 555 2358 619; x_wconf 77' lang='grc' dir='ltr'>ἀπόδος</span> <span class='ocrx_word' id='word_1_39' title='bbox 2394 555 2472 626; x_wconf 82' lang='grc' dir='ltr'><strong>τῷ</strong></span> <span class='ocrx_word' id='word_1_40' title='bbox 2512 556 2748 626; x_wconf 74' lang='grc' dir='ltr'>Ύψίστῳ</span> <span class='ocrx_word' id='word_1_41' title='bbox 2788 554 2887 620; x_wconf 77' lang='grc' dir='ltr'><strong>τὰς</strong></span> <span class='ocrx_word' id='word_1_42' title='bbox 2932 556 3097 627; x_wconf 75' lang='grc' dir='ltr'>εὐχάς</span> <span class='ocrx_word' id='word_1_43' title='bbox 3146 574 3260 622; x_wconf 91' lang='grc' dir='ltr'>σου,</span> <span class='ocrx_word' id='word_1_44' title='bbox 3287 560 3382 611; x_wconf 78' lang='grc' dir='ltr'>καὶ</span> <span class='ocrx_word' id='word_1_45' title='bbox 3410 559 3733 617; x_wconf 73' lang='grc' dir='ltr'>έπικάλεσαί</span> 
     </span>
    </p>
   </div>
   <div class='ocr_carea' id='block_1_6' title="bbox 484 646 2057 724">
    <p class='ocr_par' dir='ltr' id='par_1_6' title="bbox 484 648 2057 723">
     <span class='ocr_line' id='line_1_6' title="bbox 484 648 2057 723; baseline -0.004 -13"><span class='ocrx_word' id='word_1_46' title='bbox 484 655 667 710; x_wconf 86' lang='lat' dir='ltr'><strong>divina</strong></span> <span class='ocrx_word' id='word_1_47' title='bbox 720 652 1000 723; x_wconf 65' lang='lat' dir='ltr'><strong>praedictio</strong></span> <span class='ocrx_word' id='word_1_48' title='bbox 1031 650 1187 721; x_wconf 81' lang='lat' dir='ltr'><strong>plane</strong></span> <span class='ocrx_word' id='word_1_49' title='bbox 1219 648 1387 705; x_wconf 91' lang='lat' dir='ltr'><strong>Deum</strong></span> <span class='ocrx_word' id='word_1_50' title='bbox 1418 648 1707 705; x_wconf 82' lang='lat' dir='ltr'><strong>manifeste</strong></span> <span class='ocrx_word' id='word_1_51' title='bbox 1763 657 2057 705; x_wconf 88' lang='lat' dir='ltr'><strong>venturum</strong></span> 
     </span>
    </p>
   </div>
   <div class='ocr_carea' id='block_1_7' title="bbox 2157 646 3733 724">
    <p class='ocr_par' dir='ltr' id='par_1_7' title="bbox 2161 646 3733 724">
     <span class='ocr_line' id='line_1_7' title="bbox 2161 646 3733 724; baseline 0.006 -25"><span class='ocrx_word' id='word_1_52' title='bbox 2161 665 2230 719; x_wconf 84' lang='grc' dir='ltr'><strong>με</strong></span> <span class='ocrx_word' id='word_1_53' title='bbox 2252 650 2311 701; x_wconf 81' lang='grc' dir='ltr'>ὲν</span> <span class='ocrx_word' id='word_1_54' title='bbox 2353 648 2531 719; x_wconf 78' lang='grc' dir='ltr'>ἡμέρᾳ</span> <span class='ocrx_word' id='word_1_55' title='bbox 2557 646 2801 718; x_wconf 71' lang='grc' dir='ltr'>θλίψεως.</span> <span class='ocrx_word' id='word_1_56' title='bbox 2836 667 2856 700; x_wconf 75' lang='grc' dir='ltr'><strong>ι</strong></span> <span class='ocrx_word' id='word_1_57' title='bbox 2892 648 3184 702; x_wconf 83' lang='grc' dir='ltr'>Κάνταῦθα</span> <span class='ocrx_word' id='word_1_58' title='bbox 3214 651 3247 719; x_wconf 83' lang='grc' dir='ltr'><strong>ἡ</strong></span> <span class='ocrx_word' id='word_1_59' title='bbox 3275 646 3395 704; x_wconf 88' lang='grc' dir='ltr'>θεία</span> <span class='ocrx_word' id='word_1_60' title='bbox 3425 651 3733 724; x_wconf 76' lang='grc' dir='ltr'>πρόρρησις</span> 
     </span>
    </p>
   </div>
   <div class='ocr_carea' id='block_1_8' title="bbox 483 739 2060 816">
    <p class='ocr_par' dir='ltr' id='par_1_8' title="bbox 483 739 2060 816">
     <span class='ocr_line' id='line_1_8' title="bbox 483 739 2060 816; baseline -0.003 -15"><span class='ocrx_word' id='word_1_61' title='bbox 483 749 652 813; x_wconf 88' lang='lat' dir='ltr'><strong>canit,</strong></span> <span class='ocrx_word' id='word_1_62' title='bbox 685 761 808 816; x_wconf 66' lang='lat' dir='ltr'><strong>qua:</strong></span> <span class='ocrx_word' id='word_1_63' title='bbox 852 744 1075 814; x_wconf 87' lang='lat' dir='ltr'><strong>quidem</strong></span> <span class='ocrx_word' id='word_1_64' title='bbox 1105 757 1217 797; x_wconf 91' lang='lat' dir='ltr'><strong>non</strong></span> <span class='ocrx_word' id='word_1_65' title='bbox 1251 742 1420 797; x_wconf 91' lang='lat' dir='ltr'><strong>alium</strong></span> <span class='ocrx_word' id='word_1_66' title='bbox 1451 780 1468 805; x_wconf 97' lang='lat'><strong>,</strong></span> <span class='ocrx_word' id='word_1_67' title='bbox 1518 757 1684 812; x_wconf 90' lang='lat' dir='ltr'><strong>quam</strong></span> <span class='ocrx_word' id='word_1_68' title='bbox 1739 742 1917 811; x_wconf 86' lang='lat' dir='ltr'><strong>ipsum</strong></span> <span class='ocrx_word' id='word_1_69' title='bbox 1961 739 2060 796; x_wconf 85' lang='lat' dir='ltr'><strong>Dei</strong></span> 
     </span>
    </p>
   </div>
   <div class='ocr_carea' id='block_1_9' title="bbox 485 830 2058 905">
    <p class='ocr_par' dir='ltr' id='par_1_9' title="bbox 485 830 2058 905">
     <span class='ocr_line' id='line_1_9' title="bbox 485 830 2058 905; baseline -0.004 -15"><span class='ocrx_word' id='word_1_70' title='bbox 485 835 724 892; x_wconf 83' lang='lat' dir='ltr'><strong>Verbum</strong></span> <span class='ocrx_word' id='word_1_71' title='bbox 758 834 1052 905; x_wconf 82' lang='lat' dir='ltr'><strong>signiﬁcat.</strong></span> <span class='ocrx_word' id='word_1_72' title='bbox 1076 832 1225 887; x_wconf 90' lang='lat' dir='ltr'><strong>lllius</strong></span> <span class='ocrx_word' id='word_1_73' title='bbox 1254 845 1386 886; x_wconf 90' lang='lat' dir='ltr'><strong>vero</strong></span> <span class='ocrx_word' id='word_1_74' title='bbox 1416 830 1682 886; x_wconf 85' lang='lat' dir='ltr'><strong>adventus</strong></span> <span class='ocrx_word' id='word_1_75' title='bbox 1697 844 1918 886; x_wconf 84' lang='lat' dir='ltr'><strong>causam</strong></span> <span class='ocrx_word' id='word_1_76' title='bbox 1939 844 2058 884; x_wconf 88' lang='lat' dir='ltr'><strong>ma-</strong></span> 
     </span>
    </p>
   </div>
   <div class='ocr_carea' id='block_1_10' title="bbox 484 918 2059 991">
    <p class='ocr_par' dir='ltr' id='par_1_10' title="bbox 484 918 2059 991">
     <span class='ocr_line' id='line_1_10' title="bbox 484 918 2059 991; baseline -0.005 -12"><span class='ocrx_word' id='word_1_77' title='bbox 484 925 840 980; x_wconf 88' lang='lat' dir='ltr'><strong>nifestissime</strong></span> <span class='ocrx_word' id='word_1_78' title='bbox 866 922 1093 986; x_wconf 88' lang='lat' dir='ltr'><strong>indicat,</strong></span> <span class='ocrx_word' id='word_1_79' title='bbox 1120 935 1185 974; x_wconf 87' lang='lat' dir='ltr'><strong>ac</strong></span> <span class='ocrx_word' id='word_1_80' title='bbox 1214 920 1457 991; x_wconf 82' lang='lat' dir='ltr'><strong>gentium</strong></span> <span class='ocrx_word' id='word_1_81' title='bbox 1479 934 1697 980; x_wconf 87' lang='lat' dir='ltr'><strong>rursus.</strong></span> <span class='ocrx_word' id='word_1_82' title='bbox 1721 933 1841 991; x_wconf 69' lang='lat' dir='ltr'><strong>qua:</strong></span> <span class='ocrx_word' id='word_1_83' title='bbox 1860 918 1917 972; x_wconf 93' lang='lat' dir='ltr'><strong>in</strong></span> <span class='ocrx_word' id='word_1_84' title='bbox 1947 926 2059 971; x_wconf 89' lang='lat' dir='ltr'><strong>tota</strong></span> 
     </span>
    </p>
   </div>
   <div class='ocr_carea' id='block_1_11' title="bbox 485 1010 2059 1079">
    <p class='ocr_par' dir='ltr' id='par_1_11' title="bbox 485 1010 2059 1079">
     <span class='ocr_line' id='line_1_11' title="bbox 485 1010 2059 1079; baseline -0.004 -7"><span class='ocrx_word' id='word_1_85' title='bbox 485 1029 632 1072; x_wconf 80' lang='lat' dir='ltr'><strong>terra</strong></span> <span class='ocrx_word' id='word_1_86' title='bbox 668 1017 1047 1079; x_wconf 85' lang='lat' dir='ltr'><strong>continentur,</strong></span> <span class='ocrx_word' id='word_1_87' title='bbox 1098 1013 1442 1068; x_wconf 87' lang='lat' dir='ltr'><strong>vocationem</strong></span> <span class='ocrx_word' id='word_1_88' title='bbox 1488 1010 1724 1066; x_wconf 88' lang='lat' dir='ltr'><strong>futuram</strong></span> <span class='ocrx_word' id='word_1_89' title='bbox 1752 1011 2059 1065; x_wconf 83' lang='lat' dir='ltr'><strong>denuntiat.</strong></span> 
     </span>
    </p>
   </div>
   <div class='ocr_carea' id='block_1_12' title="bbox 485 1103 2060 1180">
    <p class='ocr_par' dir='ltr' id='par_1_12' title="bbox 485 1103 2060 1180">
     <span class='ocr_line' id='line_1_12' title="bbox 485 1103 2060 1180; baseline -0.004 -17"><span class='ocrx_word' id='word_1_90' title='bbox 485 1112 679 1180; x_wconf 83' lang='lat' dir='ltr'><strong>Itaque</strong></span> <span class='ocrx_word' id='word_1_91' title='bbox 716 1127 736 1160; x_wconf 72' lang='grc' dir='ltr'><strong>ι</strong></span> <span class='ocrx_word' id='word_1_92' title='bbox 780 1107 1027 1169; x_wconf 86' lang='lat' dir='ltr'><strong>Vocavit,</strong></span> <span class='ocrx_word' id='word_1_93' title='bbox 1060 1105 1258 1174; x_wconf 89' lang='lat' dir='ltr'><strong>inquit,</strong></span> <span class='ocrx_word' id='word_1_94' title='bbox 1292 1114 1514 1169; x_wconf 87' lang='lat' dir='ltr'><strong>terram,</strong></span> <span class='ocrx_word' id='word_1_95' title='bbox 1552 1104 1621 1157; x_wconf 87' lang='lat' dir='ltr'><strong>ab</strong></span> <span class='ocrx_word' id='word_1_96' title='bbox 1652 1111 1775 1158; x_wconf 85' lang='lat' dir='ltr'><strong>ortu</strong></span> <span class='ocrx_word' id='word_1_97' title='bbox 1806 1103 1936 1158; x_wconf 91' lang='lat' dir='ltr'><strong>solis</strong></span> <span class='ocrx_word' id='word_1_98' title='bbox 1965 1118 2060 1156; x_wconf 85' lang='lat' dir='ltr'><strong>us-</strong></span> 
     </span>
    </p>
   </div>
   <div class='ocr_carea' id='block_1_13' title="bbox 486 1194 2061 1272">
    <p class='ocr_par' dir='ltr' id='par_1_13' title="bbox 486 1194 2061 1272">
     <span class='ocr_line' id='line_1_13' title="bbox 486 1194 2061 1272; baseline -0.006 -17"><span class='ocrx_word' id='word_1_99' title='bbox 486 1218 593 1272; x_wconf 88' lang='lat' dir='ltr'><strong>que</strong></span> <span class='ocrx_word' id='word_1_100' title='bbox 618 1202 686 1255; x_wconf 90' lang='lat' dir='ltr'><strong>ad</strong></span> <span class='ocrx_word' id='word_1_101' title='bbox 706 1213 984 1255; x_wconf 87' lang='lat' dir='ltr'><strong>occasum.</strong></span> <span class='ocrx_word' id='word_1_102' title='bbox 1012 1217 1031 1250; x_wconf 73' lang='grc' dir='ltr'><strong>ι</strong></span> <span class='ocrx_word' id='word_1_103' title='bbox 1060 1197 1195 1253; x_wconf 82' lang='lat' dir='ltr'><strong>Miro</strong></span> <span class='ocrx_word' id='word_1_104' title='bbox 1221 1204 1403 1250; x_wconf 91' lang='lat' dir='ltr'><strong>autem</strong></span> <span class='ocrx_word' id='word_1_105' title='bbox 1438 1194 1672 1264; x_wconf 87' lang='lat' dir='ltr'><strong>quodam</strong></span> <span class='ocrx_word' id='word_1_106' title='bbox 1703 1194 1912 1257; x_wconf 86' lang='lat' dir='ltr'><strong>ordine,</strong></span> <span class='ocrx_word' id='word_1_107' title='bbox 1937 1200 2061 1263; x_wconf 90' lang='lat' dir='ltr'><strong>post</strong></span> 
     </span>
    </p>
   </div>
   <div class='ocr_carea' id='block_1_14' title="bbox 487 1284 2062 1359">
    <p class='ocr_par' dir='ltr' id='par_1_14' title="bbox 487 1284 2062 1359">
     <span class='ocr_line' id='line_1_14' title="bbox 487 1284 2062 1359; baseline -0.008 -11"><span class='ocrx_word' id='word_1_108' title='bbox 487 1296 777 1348; x_wconf 80' lang='lat' dir='ltr'><strong>adventum</strong></span> <span class='ocrx_word' id='word_1_109' title='bbox 809 1292 957 1346; x_wconf 91' lang='lat' dir='ltr'><strong>illius</strong></span> <span class='ocrx_word' id='word_1_110' title='bbox 978 1330 993 1354; x_wconf 92' lang='lat'><strong>,</strong></span> <span class='ocrx_word' id='word_1_111' title='bbox 1025 1298 1079 1344; x_wconf 83' lang='lat' dir='ltr'><strong>et</strong></span> <span class='ocrx_word' id='word_1_112' title='bbox 1111 1298 1231 1359; x_wconf 90' lang='lat' dir='ltr'><strong>post</strong></span> <span class='ocrx_word' id='word_1_113' title='bbox 1272 1287 1515 1358; x_wconf 79' lang='lat' dir='ltr'><strong>gentium</strong></span> <span class='ocrx_word' id='word_1_114' title='bbox 1541 1284 1902 1348; x_wconf 83' lang='lat' dir='ltr'><strong>vocationem,</strong></span> <span class='ocrx_word' id='word_1_115' title='bbox 1938 1284 2062 1353; x_wconf 79' lang='lat' dir='ltr'><strong>reji-</strong></span> 
     </span>
    </p>
   </div>
   <div class='ocr_carea' id='block_1_15' title="bbox 450 1375 2062 1447">
    <p class='ocr_par' dir='ltr' id='par_1_15' title="bbox 450 1375 2062 1447">
     <span class='ocr_line' id='line_1_15' title="bbox 450 1375 2062 1447; baseline -0.008 -7"><span class='ocrx_word' id='word_1_116' title='bbox 450 1390 455 1401; x_wconf 85' lang='lat'><strong>‘</strong></span> <span class='ocrx_word' id='word_1_117' title='bbox 487 1386 741 1441; x_wconf 88' lang='lat' dir='ltr'><strong>ciendam</strong></span> <span class='ocrx_word' id='word_1_118' title='bbox 780 1399 901 1439; x_wconf 89' lang='lat' dir='ltr'><strong>esse</strong></span> <span class='ocrx_word' id='word_1_119' title='bbox 932 1389 1170 1437; x_wconf 83' lang='lat' dir='ltr'><strong>veterem</strong></span> <span class='ocrx_word' id='word_1_120' title='bbox 1215 1380 1364 1432; x_wconf 86' lang='lat' dir='ltr'><strong>illam</strong></span> <span class='ocrx_word' id='word_1_121' title='bbox 1410 1376 1628 1447; x_wconf 88' lang='lat' dir='ltr'><strong>corpori</strong></span> <span class='ocrx_word' id='word_1_122' title='bbox 1658 1375 1833 1445; x_wconf 88' lang='lat' dir='ltr'><strong>magis</strong></span> <span class='ocrx_word' id='word_1_123' title='bbox 1881 1376 2062 1429; x_wconf 87' lang='lat' dir='ltr'><strong>inser-</strong></span> 
     </span>
    </p>
   </div>
   <div class='ocr_carea' id='block_1_16' title="bbox 488 1466 2059 1545">
    <p class='ocr_par' dir='ltr' id='par_1_16' title="bbox 488 1466 2059 1545">
     <span class='ocr_line' id='line_1_16' title="bbox 488 1466 2059 1545; baseline -0.007 -16"><span class='ocrx_word' id='word_1_124' title='bbox 488 1478 749 1539; x_wconf 85' lang='lat' dir='ltr'><strong>vientem,</strong></span> <span class='ocrx_word' id='word_1_125' title='bbox 771 1489 935 1545; x_wconf 89' lang='lat' dir='ltr'><strong>quam</strong></span> <span class='ocrx_word' id='word_1_126' title='bbox 962 1471 1197 1542; x_wconf 87' lang='lat' dir='ltr'><strong>spiritui,</strong></span> <span class='ocrx_word' id='word_1_127' title='bbox 1219 1486 1285 1524; x_wconf 82' lang='lat' dir='ltr'><strong>ex</strong></span> <span class='ocrx_word' id='word_1_128' title='bbox 1321 1469 1436 1539; x_wconf 88' lang='lat' dir='ltr'><strong>lege</strong></span> <span class='ocrx_word' id='word_1_129' title='bbox 1466 1467 1661 1538; x_wconf 79' lang='lat' dir='ltr'><strong>Moysis</strong></span> <span class='ocrx_word' id='word_1_130' title='bbox 1688 1466 2059 1520; x_wconf 87' lang='lat' dir='ltr'><strong>adorationem</strong></span> 
     </span>
    </p>
   </div>
   <div class='ocr_carea' id='block_1_17' title="bbox 489 1556 2061 1636">
    <p class='ocr_par' dir='ltr' id='par_1_17' title="bbox 489 1556 2061 1636">
     <span class='ocr_line' id='line_1_17' title="bbox 489 1556 2061 1636; baseline -0.011 -12"><span class='ocrx_word' id='word_1_131' title='bbox 489 1569 671 1629; x_wconf 87' lang='lat' dir='ltr'><strong>docet,</strong></span> <span class='ocrx_word' id='word_1_132' title='bbox 695 1582 818 1636; x_wconf 78' lang='lat' dir='ltr'><strong>qua:</strong></span> <span class='ocrx_word' id='word_1_133' title='bbox 862 1566 980 1634; x_wconf 87' lang='lat' dir='ltr'><strong>ipsa</strong></span> <span class='ocrx_word' id='word_1_134' title='bbox 1008 1578 1225 1632; x_wconf 89' lang='lat' dir='ltr'><strong>quoque</strong></span> <span class='ocrx_word' id='word_1_135' title='bbox 1274 1575 1433 1614; x_wconf 90' lang='lat' dir='ltr'><strong>suum</strong></span> <span class='ocrx_word' id='word_1_136' title='bbox 1464 1558 1691 1627; x_wconf 88' lang='lat' dir='ltr'><strong>contigit</strong></span> <span class='ocrx_word' id='word_1_137' title='bbox 1721 1556 1904 1620; x_wconf 86' lang='lat' dir='ltr'><strong>ﬁnem,</strong></span> <span class='ocrx_word' id='word_1_138' title='bbox 1938 1561 2061 1625; x_wconf 87' lang='lat' dir='ltr'><strong>post</strong></span> 
     </span>
    </p>
   </div>
   <div class='ocr_carea' id='block_1_18' title="bbox 490 1647 2060 1713">
    <p class='ocr_par' dir='ltr' id='par_1_18' title="bbox 490 1647 2060 1713">
     <span class='ocr_line' id='line_1_18' title="bbox 490 1647 2060 1713; baseline -0.006 -2"><span class='ocrx_word' id='word_1_139' title='bbox 490 1657 588 1713; x_wconf 89' lang='lat' dir='ltr'><strong>Dei</strong></span> <span class='ocrx_word' id='word_1_140' title='bbox 610 1655 775 1711; x_wconf 84' lang='lat' dir='ltr'><strong>Verbi</strong></span> <span class='ocrx_word' id='word_1_141' title='bbox 815 1654 881 1708; x_wconf 85' lang='lat' dir='ltr'><strong>ad</strong></span> <span class='ocrx_word' id='word_1_142' title='bbox 914 1653 1161 1709; x_wconf 82' lang='lat' dir='ltr'><strong>homines</strong></span> <span class='ocrx_word' id='word_1_143' title='bbox 1220 1650 1535 1704; x_wconf 86' lang='lat' dir='ltr'><strong>adventum.</strong></span> <span class='ocrx_word' id='word_1_144' title='bbox 1580 1649 1661 1703; x_wconf 75' lang='lat' dir='ltr'><strong>Ex</strong></span> <span class='ocrx_word' id='word_1_145' title='bbox 1696 1649 1790 1702; x_wconf 91' lang='lat' dir='ltr'><strong>illo</strong></span> <span class='ocrx_word' id='word_1_146' title='bbox 1819 1648 1965 1702; x_wconf 90' lang='lat' dir='ltr'><strong>enim</strong></span> <span class='ocrx_word' id='word_1_147' title='bbox 1991 1647 2060 1702; x_wconf 86' lang='lat' dir='ltr'><strong>ad</strong></span> 
     </span>
    </p>
   </div>
   <div class='ocr_carea' id='block_1_19' title="bbox 491 1737 2061 1813">
    <p class='ocr_par' dir='ltr' id='par_1_19' title="bbox 491 1737 2061 1813">
     <span class='ocr_line' id='line_1_19' title="bbox 491 1737 2061 1813; baseline -0.004 -13"><span class='ocrx_word' id='word_1_148' title='bbox 491 1746 639 1801; x_wconf 87' lang='lat' dir='ltr'><strong>hunc</strong></span> <span class='ocrx_word' id='word_1_149' title='bbox 669 1760 843 1813; x_wconf 83' lang='lat' dir='ltr'><strong>usque</strong></span> <span class='ocrx_word' id='word_1_150' title='bbox 896 1743 1041 1797; x_wconf 86' lang='lat' dir='ltr'><strong>diem</strong></span> <span class='ocrx_word' id='word_1_151' title='bbox 1100 1738 1276 1794; x_wconf 87' lang='lat' dir='ltr'><strong>vocati</strong></span> <span class='ocrx_word' id='word_1_152' title='bbox 1296 1738 1409 1809; x_wconf 90' lang='lat' dir='ltr'><strong>jam</strong></span> <span class='ocrx_word' id='word_1_153' title='bbox 1444 1747 1571 1792; x_wconf 90' lang='lat' dir='ltr'><strong>sunt</strong></span> <span class='ocrx_word' id='word_1_154' title='bbox 1615 1753 1807 1793; x_wconf 90' lang='lat' dir='ltr'><strong>omnes</strong></span> <span class='ocrx_word' id='word_1_155' title='bbox 1851 1737 1918 1794; x_wconf 91' lang='lat' dir='ltr'><strong>de</strong></span> <span class='ocrx_word' id='word_1_156' title='bbox 1946 1746 2061 1793; x_wconf 92' lang='lat' dir='ltr'><strong>toto</strong></span> 
     </span>
    </p>
   </div>
   <div class='ocr_carea' id='block_1_20' title="bbox 490 1830 2060 1900">
    <p class='ocr_par' dir='ltr' id='par_1_20' title="bbox 490 1830 2060 1900">
     <span class='ocr_line' id='line_1_20' title="bbox 490 1830 2060 1900; baseline -0.005 -6"><span class='ocrx_word' id='word_1_157' title='bbox 490 1840 624 1894; x_wconf 86' lang='lat' dir='ltr'><strong>orbe</strong></span> <span class='ocrx_word' id='word_1_158' title='bbox 656 1848 924 1893; x_wconf 89' lang='lat' dir='ltr'><strong>terrarum</strong></span> <span class='ocrx_word' id='word_1_159' title='bbox 974 1834 1222 1888; x_wconf 86' lang='lat' dir='ltr'><strong>homines</strong></span> <span class='ocrx_word' id='word_1_160' title='bbox 1249 1872 1265 1899; x_wconf 91' lang='lat'><strong>,</strong></span> <span class='ocrx_word' id='word_1_161' title='bbox 1311 1845 1610 1900; x_wconf 88' lang='lat' dir='ltr'><strong>omnesque</strong></span> <span class='ocrx_word' id='word_1_162' title='bbox 1643 1830 1712 1885; x_wconf 86' lang='lat' dir='ltr'><strong>ab</strong></span> <span class='ocrx_word' id='word_1_163' title='bbox 1753 1838 1878 1884; x_wconf 92' lang='lat' dir='ltr'><strong>ortu</strong></span> <span class='ocrx_word' id='word_1_164' title='bbox 1927 1830 2060 1886; x_wconf 90' lang='lat' dir='ltr'><strong>solis</strong></span> 
     </span>
    </p>
   </div>
   <div class='ocr_carea' id='block_1_21' title="bbox 492 1911 2062 2001">
    <p class='ocr_par' dir='ltr' id='par_1_21' title="bbox 492 1911 2062 2001">
     <span class='ocr_line' id='line_1_21' title="bbox 492 1911 2062 2001; baseline -0.008 -14"><span class='ocrx_word' id='word_1_165' title='bbox 492 1947 667 2001; x_wconf 86' lang='lat' dir='ltr'><strong>usque</strong></span> <span class='ocrx_word' id='word_1_166' title='bbox 698 1931 763 1984; x_wconf 91' lang='lat' dir='ltr'><strong>ad</strong></span> <span class='ocrx_word' id='word_1_167' title='bbox 789 1942 1044 1984; x_wconf 87' lang='lat' dir='ltr'><strong>occasum</strong></span> <span class='ocrx_word' id='word_1_168' title='bbox 1073 1937 1280 1996; x_wconf 89' lang='lat' dir='ltr'><strong>gentes.</strong></span> <span class='ocrx_word' id='word_1_169' title='bbox 1340 1911 1589 1979; x_wconf 70' lang='lat' dir='ltr'><strong>Ces&#39;savit</strong></span> <span class='ocrx_word' id='word_1_170' title='bbox 1622 1931 1827 1989; x_wconf 87' lang='lat' dir='ltr'><strong>autem,</strong></span> <span class='ocrx_word' id='word_1_171' title='bbox 1875 1922 2062 1978; x_wconf 87' lang='lat' dir='ltr'><strong>subla-</strong></span> 
     </span>
    </p>
   </div>
   <div class='ocr_carea' id='block_1_22' title="bbox 491 2012 2059 2095">
    <p class='ocr_par' dir='ltr' id='par_1_22' title="bbox 491 2012 2059 2095">
     <span class='ocr_line' id='line_1_22' title="bbox 491 2012 2059 2095; baseline -0.009 -14"><span class='ocrx_word' id='word_1_172' title='bbox 491 2036 689 2095; x_wconf 88' lang='lat' dir='ltr'><strong>tusque</strong></span> <span class='ocrx_word' id='word_1_173' title='bbox 740 2029 824 2077; x_wconf 90' lang='lat' dir='ltr'><strong>est</strong></span> <span class='ocrx_word' id='word_1_174' title='bbox 877 2018 1188 2074; x_wconf 59' lang='lat' dir='ltr'><strong>Iudaeorum</strong></span> <span class='ocrx_word' id='word_1_175' title='bbox 1218 2017 1401 2081; x_wconf 85' lang='lat' dir='ltr'><strong>ritus,</strong></span> <span class='ocrx_word' id='word_1_176' title='bbox 1451 2015 1543 2069; x_wconf 89' lang='lat' dir='ltr'><strong>ubi</strong></span> <span class='ocrx_word' id='word_1_177' title='bbox 1593 2030 1658 2069; x_wconf 78' lang='lat' dir='ltr'><strong>ex</strong></span> <span class='ocrx_word' id='word_1_178' title='bbox 1687 2012 1839 2069; x_wconf 88' lang='lat' dir='ltr'><strong>Novo</strong></span> <span class='ocrx_word' id='word_1_179' title='bbox 1896 2014 2059 2086; x_wconf 69' lang='grc'><strong>262</strong></span> 
     </span>
    </p>
   </div>
   <div class='ocr_carea' id='block_1_23' title="bbox 491 2105 2061 2183">
    <p class='ocr_par' dir='ltr' id='par_1_23' title="bbox 491 2105 2061 2183">
     <span class='ocr_line' id='line_1_23' title="bbox 491 2105 2061 2183; baseline -0.006 -15"><span class='ocrx_word' id='word_1_180' title='bbox 491 2111 813 2183; x_wconf 73' lang='lat' dir='ltr'><strong>evangelica:</strong></span> <span class='ocrx_word' id='word_1_181' title='bbox 859 2107 1263 2180; x_wconf 66' lang='lat' dir='ltr'><strong>praedicationis</strong></span> <span class='ocrx_word' id='word_1_182' title='bbox 1312 2105 1699 2168; x_wconf 86' lang='lat' dir='ltr'><strong>Testamento,</strong></span> <span class='ocrx_word' id='word_1_183' title='bbox 1737 2119 1845 2158; x_wconf 93' lang='lat' dir='ltr'><strong>non</strong></span> <span class='ocrx_word' id='word_1_184' title='bbox 1875 2113 2061 2160; x_wconf 85' lang='lat' dir='ltr'><strong>autem</strong></span> 
     </span>
    </p>
   </div>
   <div class='ocr_carea' id='block_1_24' title="bbox 488 2196 2059 2275">
    <p class='ocr_par' dir='ltr' id='par_1_24' title="bbox 488 2196 2059 2275">
     <span class='ocr_line' id='line_1_24' title="bbox 488 2196 2059 2275; baseline -0.007 -15"><span class='ocrx_word' id='word_1_185' title='bbox 488 2220 555 2260; x_wconf 81' lang='lat' dir='ltr'><strong>ex</strong></span> <span class='ocrx_word' id='word_1_186' title='bbox 570 2205 685 2275; x_wconf 83' lang='lat' dir='ltr'><strong>lege</strong></span> <span class='ocrx_word' id='word_1_187' title='bbox 702 2204 920 2273; x_wconf 77' lang='lat' dir='ltr'><strong>Moysis,</strong></span> <span class='ocrx_word' id='word_1_188' title='bbox 945 2216 1135 2256; x_wconf 87' lang='lat' dir='ltr'><strong>omnes</strong></span> <span class='ocrx_word' id='word_1_189' title='bbox 1166 2199 1414 2255; x_wconf 89' lang='lat' dir='ltr'><strong>homines</strong></span> <span class='ocrx_word' id='word_1_190' title='bbox 1437 2197 1607 2253; x_wconf 91' lang='lat' dir='ltr'><strong>Deum</strong></span> <span class='ocrx_word' id='word_1_191' title='bbox 1636 2196 1837 2260; x_wconf 87' lang='lat' dir='ltr'><strong>colere,</strong></span> <span class='ocrx_word' id='word_1_192' title='bbox 1862 2205 2059 2250; x_wconf 88' lang='lat' dir='ltr'><strong>etcum</strong></span> 
     </span>
    </p>
   </div>
   <div class='ocr_carea' id='block_1_25' title="bbox 487 2289 2060 2367">
    <p class='ocr_par' dir='ltr' id='par_1_25' title="bbox 487 2289 2060 2367">
     <span class='ocr_line' id='line_1_25' title="bbox 487 2289 2060 2367; baseline -0.004 -17"><span class='ocrx_word' id='word_1_193' title='bbox 487 2297 688 2367; x_wconf 86' lang='lat' dir='ltr'><strong>pietate</strong></span> <span class='ocrx_word' id='word_1_194' title='bbox 725 2296 909 2351; x_wconf 82' lang='lat' dir='ltr'><strong>vivere</strong></span> <span class='ocrx_word' id='word_1_195' title='bbox 941 2293 1206 2348; x_wconf 88' lang='lat' dir='ltr'><strong>admoniti</strong></span> <span class='ocrx_word' id='word_1_196' title='bbox 1253 2291 1547 2361; x_wconf 87' lang='lat' dir='ltr'><strong>edoctique</strong></span> <span class='ocrx_word' id='word_1_197' title='bbox 1616 2297 1766 2345; x_wconf 91' lang='lat' dir='ltr'><strong>sunt.</strong></span> <span class='ocrx_word' id='word_1_198' title='bbox 1802 2289 2060 2344; x_wconf 87' lang='lat' dir='ltr'><strong>Attamen</strong></span> 
     </span>
    </p>
   </div>
   <div class='ocr_carea' id='block_1_26' title="bbox 486 2379 2061 2455">
    <p class='ocr_par' dir='ltr' id='par_1_26' title="bbox 486 2379 2061 2455">
     <span class='ocr_line' id='line_1_26' title="bbox 486 2379 2061 2455; baseline -0.006 -10"><span class='ocrx_word' id='word_1_199' title='bbox 486 2388 677 2445; x_wconf 89' lang='lat' dir='ltr'><strong>eadem</strong></span> <span class='ocrx_word' id='word_1_200' title='bbox 707 2388 823 2442; x_wconf 64' lang='lat' dir='ltr'><strong>haec</strong></span> <span class='ocrx_word' id='word_1_201' title='bbox 849 2386 917 2441; x_wconf 91' lang='lat' dir='ltr'><strong>ad</strong></span> <span class='ocrx_word' id='word_1_202' title='bbox 950 2385 1252 2442; x_wconf 89' lang='lat' dir='ltr'><strong>secundum</strong></span> <span class='ocrx_word' id='word_1_203' title='bbox 1295 2384 1712 2455; x_wconf 86' lang='lat' dir='ltr'><strong>gloriosumque</strong></span> <span class='ocrx_word' id='word_1_204' title='bbox 1761 2379 2061 2437; x_wconf 87' lang='lat' dir='ltr'><strong>Salvatoris</strong></span> 
     </span>
    </p>
   </div>
   <div class='ocr_carea' id='block_1_27' title="bbox 487 2479 1457 2549">
    <p class='ocr_par' dir='ltr' id='par_1_27' title="bbox 487 2479 1457 2549">
     <span class='ocr_line' id='line_1_27' title="bbox 487 2479 1457 2549; baseline -0.008 -11"><span class='ocrx_word' id='word_1_205' title='bbox 487 2482 805 2547; x_wconf 80' lang='lat' dir='ltr'><strong>adventum,</strong></span> <span class='ocrx_word' id='word_1_206' title='bbox 824 2479 1015 2537; x_wconf 82' lang='lat' dir='ltr'><strong>referri</strong></span> <span class='ocrx_word' id='word_1_207' title='bbox 1045 2480 1175 2534; x_wconf 90' lang='lat' dir='ltr'><strong>item</strong></span> <span class='ocrx_word' id='word_1_208' title='bbox 1205 2490 1457 2549; x_wconf 80' lang='lat' dir='ltr'><strong>possunt.</strong></span> 
     </span>
    </p>
   </div>
   <div class='ocr_carea' id='block_1_28' title="bbox 1095 2588 1450 2647">
    <p class='ocr_par' dir='ltr' id='par_1_28' title="bbox 1095 2588 1450 2647">
     <span class='ocr_line' id='line_1_28' title="bbox 1095 2588 1450 2647; baseline -0.003 -1"><span class='ocrx_word' id='word_1_209' title='bbox 1095 2589 1325 2647; x_wconf 76' lang='lat' dir='ltr'><strong>CAPUT</strong></span> <span class='ocrx_word' id='word_1_210' title='bbox 1363 2588 1450 2645; x_wconf 88' lang='lat' dir='ltr'><strong>IV.</strong></span> 
     </span>
    </p>
   </div>
   <div class='ocr_carea' id='block_1_29' title="bbox 490 2700 2060 2776">
    <p class='ocr_par' dir='ltr' id='par_1_29' title="bbox 490 2700 2060 2776">
     <span class='ocr_line' id='line_1_29' title="bbox 490 2700 2060 2776; baseline -0.005 -14"><span class='ocrx_word' id='word_1_211' title='bbox 490 2707 533 2762; x_wconf 77' lang='grc' dir='ltr'><em>Α</em></span> <span class='ocrx_word' id='word_1_212' title='bbox 580 2706 785 2776; x_wconf 84' lang='lat' dir='ltr'><strong>psalmo</strong></span> <span class='ocrx_word' id='word_1_213' title='bbox 811 2721 1133 2776; x_wconf 30' lang='lat' dir='ltr'><strong>Lunai—7</strong></span> <span class='ocrx_word' id='word_1_214' title='bbox 1156 2702 1592 2776; x_wconf 61' lang='lat' dir='ltr'><strong>Quodvidendus</strong></span> <span class='ocrx_word' id='word_1_215' title='bbox 1617 2703 1671 2776; x_wconf 76' lang='lat' dir='ltr'><strong>in</strong></span> <span class='ocrx_word' id='word_1_216' title='bbox 1691 2711 1834 2757; x_wconf 84' lang='lat' dir='ltr'><strong>terra</strong></span> <span class='ocrx_word' id='word_1_217' title='bbox 1861 2700 2060 2755; x_wconf 79' lang='lat' dir='ltr'><strong>dicere-</strong></span> 
     </span>
    </p>
   </div>
   <div class='ocr_carea' id='block_1_30' title="bbox 561 2773 1880 2845">
    <p class='ocr_par' dir='ltr' id='par_1_30' title="bbox 561 2773 1880 2845">
     <span class='ocr_line' id='line_1_30' title="bbox 561 2773 1880 2845; baseline -0.006 -13"><span class='ocrx_word' id='word_1_218' title='bbox 561 2773 647 2833; x_wconf 73' lang='lat' dir='ltr'><strong>tur</strong></span> <span class='ocrx_word' id='word_1_219' title='bbox 673 2776 834 2844; x_wconf 80' lang='lat' dir='ltr'><strong>Deus,</strong></span> <span class='ocrx_word' id='word_1_220' title='bbox 868 2792 960 2845; x_wconf 80' lang='lat' dir='ltr'><strong>per</strong></span> <span class='ocrx_word' id='word_1_221' title='bbox 987 2773 1188 2829; x_wconf 82' lang='lat' dir='ltr'><strong>Christi</strong></span> <span class='ocrx_word' id='word_1_222' title='bbox 1213 2774 1281 2827; x_wconf 88' lang='lat' dir='ltr'><strong>ad</strong></span> <span class='ocrx_word' id='word_1_223' title='bbox 1311 2774 1545 2828; x_wconf 82' lang='lat' dir='ltr'><strong>homines</strong></span> <span class='ocrx_word' id='word_1_224' title='bbox 1579 2773 1880 2827; x_wconf 79' lang='lat' dir='ltr'><strong>adventum.</strong></span> 
     </span>
    </p>
   </div>
   <div class='ocr_carea' id='block_1_31' title="bbox 564 2950 2059 3011">
    <p class='ocr_par' dir='ltr' id='par_1_31' title="bbox 564 2950 2059 3011">
     <span class='ocr_line' id='line_1_31' title="bbox 564 2950 2059 3011; baseline -0.001 -1"><span class='ocrx_word' id='word_1_225' title='bbox 564 2973 586 3010; x_wconf 72' lang='grc' dir='ltr'><strong>ι</strong></span> <span class='ocrx_word' id='word_1_226' title='bbox 636 2954 920 3011; x_wconf 89' lang='lat' dir='ltr'><strong>Videbitur</strong></span> <span class='ocrx_word' id='word_1_227' title='bbox 942 2954 1085 3009; x_wconf 88' lang='lat' dir='ltr'><strong>Deus</strong></span> <span class='ocrx_word' id='word_1_228' title='bbox 1119 2953 1345 3009; x_wconf 87' lang='lat' dir='ltr'><strong>deorum</strong></span> <span class='ocrx_word' id='word_1_229' title='bbox 1376 2956 1431 3010; x_wconf 91' lang='lat' dir='ltr'><strong>in</strong></span> <span class='ocrx_word' id='word_1_230' title='bbox 1456 2952 1610 3010; x_wconf 90' lang='lat' dir='ltr'><strong>Sion.</strong></span> <span class='ocrx_word' id='word_1_231' title='bbox 1640 2953 1871 3009; x_wconf 86' lang='lat' dir='ltr'><strong>Domine</strong></span> <span class='ocrx_word' id='word_1_232' title='bbox 1914 2950 2059 3008; x_wconf 82' lang='lat' dir='ltr'><strong>Deus</strong></span> 
     </span>
    </p>
   </div>
   <div class='ocr_carea' id='block_1_32' title="bbox 486 3044 2055 3115">
    <p class='ocr_par' dir='ltr' id='par_1_32' title="bbox 486 3044 2055 3115">
     <span class='ocr_line' id='line_1_32' title="bbox 486 3044 2055 3115; baseline -0.003 -14"><span class='ocrx_word' id='word_1_233' title='bbox 486 3047 775 3112; x_wconf 75' lang='lat' dir='ltr'><strong>virtutum,</strong></span> <span class='ocrx_word' id='word_1_234' title='bbox 801 3046 997 3101; x_wconf 78' lang='lat' dir='ltr'><strong>exaudi</strong></span> <span class='ocrx_word' id='word_1_235' title='bbox 1017 3046 1319 3101; x_wconf 89' lang='lat' dir='ltr'><strong>orationem</strong></span> <span class='ocrx_word' id='word_1_236' title='bbox 1340 3061 1537 3110; x_wconf 90' lang='lat' dir='ltr'><strong>meam,</strong></span> <span class='ocrx_word' id='word_1_237' title='bbox 1558 3045 1785 3101; x_wconf 87' lang='lat' dir='ltr'><strong>auribus</strong></span> <span class='ocrx_word' id='word_1_238' title='bbox 1816 3044 2055 3115; x_wconf 89' lang='lat' dir='ltr'><strong>percipe,</strong></span> 
     </span>
    </p>
   </div>
   <div class='ocr_carea' id='block_1_33' title="bbox 2160 737 3734 818">
    <p class='ocr_par' dir='ltr' id='par_1_33' title="bbox 2160 737 3734 818">
     <span class='ocr_line' id='line_1_33' title="bbox 2160 737 3734 818; baseline -0.001 -24"><span class='ocrx_word' id='word_1_239' title='bbox 2160 739 2347 809; x_wconf 77' lang='grc' dir='ltr'>σαφῶς</span> <span class='ocrx_word' id='word_1_240' title='bbox 2391 739 2522 792; x_wconf 88' lang='grc' dir='ltr'>Θεὸν</span> <span class='ocrx_word' id='word_1_241' title='bbox 2565 739 2821 809; x_wconf 78' lang='grc' dir='ltr'><strong>ἐμφανῶς</strong></span> <span class='ocrx_word' id='word_1_242' title='bbox 2861 739 3010 811; x_wconf 72' lang='grc' dir='ltr'>ἥξειν</span> <span class='ocrx_word' id='word_1_243' title='bbox 3052 737 3316 804; x_wconf 76' lang='grc' dir='ltr'><strong>θεσπίζει,</strong></span> <span class='ocrx_word' id='word_1_244' title='bbox 3361 742 3463 794; x_wconf 81' lang='grc' dir='ltr'>οὐκ</span> <span class='ocrx_word' id='word_1_245' title='bbox 3507 742 3667 799; x_wconf 75' lang='grc' dir='ltr'>ἄλλον</span> <span class='ocrx_word' id='word_1_246' title='bbox 3697 744 3734 818; x_wconf 68' lang='grc' dir='ltr'>ἢ</span> 
     </span>
    </p>
   </div>
   <div class='ocr_carea' id='block_1_34' title="bbox 2156 830 3733 908">
    <p class='ocr_par' dir='ltr' id='par_1_34' title="bbox 2156 830 3733 908">
     <span class='ocr_line' id='line_1_34' title="bbox 2156 830 3733 908; baseline 0 -21"><span class='ocrx_word' id='word_1_247' title='bbox 2156 832 2248 887; x_wconf 88' lang='grc' dir='ltr'><strong>τὸν</strong></span> <span class='ocrx_word' id='word_1_248' title='bbox 2274 832 2366 885; x_wconf 86' lang='grc' dir='ltr'><strong>τοῦ</strong></span> <span class='ocrx_word' id='word_1_249' title='bbox 2409 831 2545 885; x_wconf 92' lang='grc' dir='ltr'>Θεοῦ</span> <span class='ocrx_word' id='word_1_250' title='bbox 2578 832 2748 901; x_wconf 84' lang='grc' dir='ltr'>Λόγον</span> <span class='ocrx_word' id='word_1_251' title='bbox 2790 832 3042 902; x_wconf 82' lang='grc' dir='ltr'><strong>δηλοῦσα.</strong></span> <span class='ocrx_word' id='word_1_252' title='bbox 3087 830 3196 886; x_wconf 71' lang='grc' dir='ltr'><strong>Καὶ</strong></span> <span class='ocrx_word' id='word_1_253' title='bbox 3235 833 3296 886; x_wconf 89' lang='grc' dir='ltr'><strong>τὸ</strong></span> <span class='ocrx_word' id='word_1_254' title='bbox 3332 834 3503 888; x_wconf 79' lang='grc' dir='ltr'>αἴτιον</span> <span class='ocrx_word' id='word_1_255' title='bbox 3544 835 3604 889; x_wconf 84' lang='grc' dir='ltr'>δὲ</span> <span class='ocrx_word' id='word_1_256' title='bbox 3633 835 3733 908; x_wconf 82' lang='grc' dir='ltr'><strong>τῆς</strong></span> 
     </span>
    </p>
   </div>
   <div class='ocr_carea' id='block_1_35' title="bbox 2159 915 3735 993">
    <p class='ocr_par' dir='ltr' id='par_1_35' title="bbox 2159 915 3735 993">
     <span class='ocr_line' id='line_1_35' title="bbox 2159 915 3735 993; baseline 0 -18"><span class='ocrx_word' id='word_1_257' title='bbox 2159 922 2458 993; x_wconf 84' lang='grc' dir='ltr'><strong>παρουσίας</strong></span> <span class='ocrx_word' id='word_1_258' title='bbox 2491 919 2667 974; x_wconf 84' lang='grc' dir='ltr'>αὑτοῦ·</span> <span class='ocrx_word' id='word_1_259' title='bbox 2699 920 3009 990; x_wconf 84' lang='grc' dir='ltr'>σαφέστατα</span> <span class='ocrx_word' id='word_1_260' title='bbox 3051 919 3397 991; x_wconf 79' lang='grc' dir='ltr'><strong>παρίστησιν,</strong></span> <span class='ocrx_word' id='word_1_261' title='bbox 3440 915 3600 984; x_wconf 83' lang='grc' dir='ltr'>αὖθις</span> <span class='ocrx_word' id='word_1_262' title='bbox 3633 919 3735 992; x_wconf 81' lang='grc' dir='ltr'>τὴν</span> 
     </span>
    </p>
   </div>
   <div class='ocr_carea' id='block_1_36' title="bbox 2158 1009 3735 1083">
    <p class='ocr_par' dir='ltr' id='par_1_36' title="bbox 2158 1009 3735 1083">
     <span class='ocr_line' id='line_1_36' title="bbox 2158 1009 3735 1083; baseline -0.001 -18"><span class='ocrx_word' id='word_1_263' title='bbox 2158 1013 2349 1083; x_wconf 81' lang='grc' dir='ltr'>κλῆσιν</span> <span class='ocrx_word' id='word_1_264' title='bbox 2398 1011 2733 1083; x_wconf 82' lang='grc' dir='ltr'>σημαίνουσα</span> <span class='ocrx_word' id='word_1_265' title='bbox 2776 1010 2890 1063; x_wconf 79' lang='grc' dir='ltr'><strong>τῶν</strong></span> <span class='ocrx_word' id='word_1_266' title='bbox 2933 1009 3055 1064; x_wconf 75' lang='grc' dir='ltr'>καθ’</span> <span class='ocrx_word' id='word_1_267' title='bbox 3104 1009 3229 1081; x_wconf 81' lang='grc' dir='ltr'>ὅλης</span> <span class='ocrx_word' id='word_1_268' title='bbox 3273 1010 3371 1081; x_wconf 90' lang='grc' dir='ltr'><strong>τῆς</strong></span> <span class='ocrx_word' id='word_1_269' title='bbox 3408 1010 3735 1083; x_wconf 78' lang='grc' dir='ltr'>οἰκουμένης</span> 
     </span>
    </p>
   </div>
   <div class='ocr_carea' id='block_1_37' title="bbox 2159 1102 3738 1174">
    <p class='ocr_par' dir='ltr' id='par_1_37' title="bbox 2159 1102 3738 1174">
     <span class='ocr_line' id='line_1_37' title="bbox 2159 1102 3738 1174; baseline -0.003 -13"><span class='ocrx_word' id='word_1_270' title='bbox 2159 1106 2350 1161; x_wconf 71' lang='grc' dir='ltr'>ἐθνῶνο</span> <span class='ocrx_word' id='word_1_271' title='bbox 2392 1124 2412 1157; x_wconf 74' lang='grc' dir='ltr'><strong>ι</strong></span> <span class='ocrx_word' id='word_1_272' title='bbox 2470 1105 2726 1159; x_wconf 84' lang='grc' dir='ltr'>Ἐκάλεσε</span> <span class='ocrx_word' id='word_1_273' title='bbox 2781 1103 2932 1174; x_wconf 87' lang='grc' dir='ltr'>γοῦν,</span> <span class='ocrx_word' id='word_1_274' title='bbox 2988 1104 3142 1174; x_wconf 81' lang='grc' dir='ltr'>φησὶ,</span> <span class='ocrx_word' id='word_1_275' title='bbox 3176 1102 3274 1174; x_wconf 81' lang='grc' dir='ltr'>τὴν</span> <span class='ocrx_word' id='word_1_276' title='bbox 3313 1104 3416 1174; x_wconf 87' lang='grc' dir='ltr'><strong>γῆν</strong></span> <span class='ocrx_word' id='word_1_277' title='bbox 3471 1102 3581 1156; x_wconf 87' lang='grc' dir='ltr'><strong>άπὸ</strong></span> <span class='ocrx_word' id='word_1_278' title='bbox 3606 1103 3738 1157; x_wconf 73' lang='grc' dir='ltr'>ἀνα-ι</span> 
     </span>
    </p>
   </div>
   <div class='ocr_carea' id='block_1_38' title="bbox 2158 1191 3737 1265">
    <p class='ocr_par' dir='ltr' id='par_1_38' title="bbox 2158 1191 3737 1265">
     <span class='ocr_line' id='line_1_38' title="bbox 2158 1191 3737 1265; baseline -0.002 -16"><span class='ocrx_word' id='word_1_279' title='bbox 2158 1192 2326 1249; x_wconf 86' lang='grc' dir='ltr'>τολῶν</span> <span class='ocrx_word' id='word_1_280' title='bbox 2352 1194 2503 1265; x_wconf 78' lang='grc' dir='ltr'>ἡλίου</span> <span class='ocrx_word' id='word_1_281' title='bbox 2532 1193 2626 1248; x_wconf 75' lang='grc' dir='ltr'>καὶ</span> <span class='ocrx_word' id='word_1_282' title='bbox 2661 1193 2821 1264; x_wconf 84' lang='grc' dir='ltr'>μέχρι</span> <span class='ocrx_word' id='word_1_283' title='bbox 2850 1192 3088 1263; x_wconf 81' lang='grc' dir='ltr'>δυσμῶν.</span> <span class='ocrx_word' id='word_1_284' title='bbox 3119 1211 3137 1243; x_wconf 70' lang='grc' dir='ltr'>δ</span> <span class='ocrx_word' id='word_1_285' title='bbox 3175 1191 3386 1263; x_wconf 80' lang='grc' dir='ltr'>Σφόδρα</span> <span class='ocrx_word' id='word_1_286' title='bbox 3423 1191 3482 1245; x_wconf 83' lang='grc' dir='ltr'>δὲ</span> <span class='ocrx_word' id='word_1_287' title='bbox 3511 1192 3737 1247; x_wconf 56' lang='grc' dir='ltr'>άκολούε</span> 
     </span>
    </p>
   </div>
   <div class='ocr_carea' id='block_1_39' title="bbox 2160 1282 3735 1356">
    <p class='ocr_par' dir='ltr' id='par_1_39' title="bbox 2160 1282 3735 1356">
     <span class='ocr_line' id='line_1_39' title="bbox 2160 1282 3735 1356; baseline -0.008 -18"><span class='ocrx_word' id='word_1_288' title='bbox 2160 1284 2267 1348; x_wconf 85' lang='grc' dir='ltr'><strong>θως</strong></span> <span class='ocrx_word' id='word_1_289' title='bbox 2296 1285 2437 1355; x_wconf 83' lang='grc' dir='ltr'>μετὰ</span> <span class='ocrx_word' id='word_1_290' title='bbox 2462 1285 2559 1356; x_wconf 82' lang='grc' dir='ltr'>τὴν</span> <span class='ocrx_word' id='word_1_291' title='bbox 2603 1284 2926 1352; x_wconf 73' lang='grc' dir='ltr'>ἐπιφάνειαν</span> <span class='ocrx_word' id='word_1_292' title='bbox 2959 1282 3145 1346; x_wconf 81' lang='grc' dir='ltr'>αὑτοῦ,</span> <span class='ocrx_word' id='word_1_293' title='bbox 3172 1284 3265 1336; x_wconf 75' lang='grc' dir='ltr'>καὶ</span> <span class='ocrx_word' id='word_1_294' title='bbox 3305 1284 3440 1353; x_wconf 81' lang='grc' dir='ltr'>μετὰ</span> <span class='ocrx_word' id='word_1_295' title='bbox 3474 1283 3573 1355; x_wconf 85' lang='grc' dir='ltr'>τὴν</span> <span class='ocrx_word' id='word_1_296' title='bbox 3601 1284 3735 1355; x_wconf 57' lang='grc' dir='ltr'>κλῇ..</span> 
     </span>
    </p>
   </div>
   <div class='ocr_carea' id='block_1_40' title="bbox 2161 1375 3735 1449">
    <p class='ocr_par' dir='ltr' id='par_1_40' title="bbox 2161 1375 3735 1449">
     <span class='ocr_line' id='line_1_40' title="bbox 2161 1375 3735 1449; baseline 0.002 -20"><span class='ocrx_word' id='word_1_297' title='bbox 2161 1393 2245 1429; x_wconf 93' lang='grc' dir='ltr'><strong>σιν</strong></span> <span class='ocrx_word' id='word_1_298' title='bbox 2280 1375 2389 1430; x_wconf 89' lang='grc' dir='ltr'><strong>τῶν</strong></span> <span class='ocrx_word' id='word_1_299' title='bbox 2418 1376 2587 1430; x_wconf 71' lang='grc' dir='ltr'>ἐθνῶν</span> <span class='ocrx_word' id='word_1_300' title='bbox 2610 1416 2627 1441; x_wconf 93' lang='grc'><strong>,</strong></span> <span class='ocrx_word' id='word_1_301' title='bbox 2660 1377 2759 1449; x_wconf 80' lang='grc' dir='ltr'>τὴν</span> <span class='ocrx_word' id='word_1_302' title='bbox 2800 1377 3129 1448; x_wconf 80' lang='grc' dir='ltr'>παραίτησιν</span> <span class='ocrx_word' id='word_1_303' title='bbox 3166 1376 3264 1447; x_wconf 85' lang='grc' dir='ltr'><strong>τῆς</strong></span> <span class='ocrx_word' id='word_1_304' title='bbox 3304 1377 3443 1430; x_wconf 84' lang='grc' dir='ltr'>κατὰ</span> <span class='ocrx_word' id='word_1_305' title='bbox 3478 1376 3572 1431; x_wconf 90' lang='grc' dir='ltr'><strong>τὸν</strong></span> <span class='ocrx_word' id='word_1_306' title='bbox 3597 1380 3735 1432; x_wconf 85' lang='grc' dir='ltr'><strong>Μω-</strong></span> 
     </span>
    </p>
   </div>
   <div class='ocr_carea' id='block_1_41' title="bbox 2162 1468 3739 1543">
    <p class='ocr_par' dir='ltr' id='par_1_41' title="bbox 2162 1468 3739 1543">
     <span class='ocr_line' id='line_1_41' title="bbox 2162 1468 3739 1543; baseline 0.003 -22"><span class='ocrx_word' id='word_1_307' title='bbox 2162 1468 2299 1532; x_wconf 89' lang='grc' dir='ltr'>σέως</span> <span class='ocrx_word' id='word_1_308' title='bbox 2322 1469 2485 1539; x_wconf 85' lang='grc' dir='ltr'>νόμον</span> <span class='ocrx_word' id='word_1_309' title='bbox 2527 1470 2985 1541; x_wconf 85' lang='grc' dir='ltr'>σωματικωτέρας</span> <span class='ocrx_word' id='word_1_310' title='bbox 3013 1468 3262 1540; x_wconf 87' lang='grc' dir='ltr'>λατρείας</span> <span class='ocrx_word' id='word_1_311' title='bbox 3292 1468 3550 1534; x_wconf 82' lang='grc' dir='ltr'>διδάσκει,</span> <span class='ocrx_word' id='word_1_312' title='bbox 3574 1471 3607 1543; x_wconf 76' lang='grc' dir='ltr'>ἢ</span> <span class='ocrx_word' id='word_1_313' title='bbox 3639 1472 3739 1525; x_wconf 67' lang='grc' dir='ltr'>καὶ</span> 
     </span>
    </p>
   </div>
   <div class='ocr_carea' id='block_1_42' title="bbox 2159 1557 3742 1631">
    <p class='ocr_par' dir='ltr' id='par_1_42' title="bbox 2159 1557 3742 1631">
     <span class='ocr_line' id='line_1_42' title="bbox 2159 1557 3742 1631; baseline 0.001 -19"><span class='ocrx_word' id='word_1_314' title='bbox 2159 1560 2294 1631; x_wconf 81' lang='grc' dir='ltr'>αὐτὴ</span> <span class='ocrx_word' id='word_1_315' title='bbox 2319 1560 2504 1623; x_wconf 85' lang='grc' dir='ltr'>τέλους</span> <span class='ocrx_word' id='word_1_316' title='bbox 2529 1558 2687 1629; x_wconf 76' lang='grc' dir='ltr'>ἔτυχε</span> <span class='ocrx_word' id='word_1_317' title='bbox 2716 1559 2852 1630; x_wconf 74' lang='grc' dir='ltr'>μετὰ</span> <span class='ocrx_word' id='word_1_318' title='bbox 2891 1558 2986 1630; x_wconf 79' lang='grc' dir='ltr'>τὴν</span> <span class='ocrx_word' id='word_1_319' title='bbox 3007 1557 3100 1611; x_wconf 87' lang='grc' dir='ltr'><strong>τοῦ</strong></span> <span class='ocrx_word' id='word_1_320' title='bbox 3127 1557 3260 1611; x_wconf 89' lang='grc' dir='ltr'>Θεοῦ</span> <span class='ocrx_word' id='word_1_321' title='bbox 3285 1559 3456 1626; x_wconf 85' lang='grc' dir='ltr'>Λόγου</span> <span class='ocrx_word' id='word_1_322' title='bbox 3486 1561 3567 1623; x_wconf 82' lang='grc' dir='ltr'><strong>είς</strong></span> <span class='ocrx_word' id='word_1_323' title='bbox 3600 1561 3742 1614; x_wconf 83' lang='grc' dir='ltr'>πάν-</span> 
     </span>
    </p>
   </div>
   <div class='ocr_carea' id='block_1_43' title="bbox 2158 1650 3741 1723">
    <p class='ocr_par' dir='ltr' id='par_1_43' title="bbox 2158 1650 3741 1723">
     <span class='ocr_line' id='line_1_43' title="bbox 2158 1650 3741 1723; baseline 0.003 -19"><span class='ocrx_word' id='word_1_324' title='bbox 2158 1668 2260 1715; x_wconf 88' lang='grc' dir='ltr'><strong>τας</strong></span> <span class='ocrx_word' id='word_1_325' title='bbox 2287 1650 2606 1723; x_wconf 84' lang='grc' dir='ltr'>ἀνθρώπους</span> <span class='ocrx_word' id='word_1_326' title='bbox 2630 1651 2970 1721; x_wconf 74' lang='grc' dir='ltr'>ἐπιφάνειαν.</span> <span class='ocrx_word' id='word_1_327' title='bbox 3020 1650 3107 1716; x_wconf 80' lang='grc' dir='ltr'><strong>Ἐξ</strong></span> <span class='ocrx_word' id='word_1_328' title='bbox 3136 1651 3343 1704; x_wconf 80' lang='grc' dir='ltr'>ἐκείνου</span> <span class='ocrx_word' id='word_1_329' title='bbox 3378 1651 3483 1723; x_wconf 88' lang='grc' dir='ltr'><strong>γάρ</strong></span> <span class='ocrx_word' id='word_1_330' title='bbox 3516 1669 3600 1706; x_wconf 90' lang='grc' dir='ltr'><strong>τοι</strong></span> <span class='ocrx_word' id='word_1_331' title='bbox 3641 1654 3741 1708; x_wconf 69' lang='grc' dir='ltr'><strong>και</strong></span> 
     </span>
    </p>
   </div>
   <div class='ocr_carea' id='block_1_44' title="bbox 2160 1742 3735 1816">
    <p class='ocr_par' dir='ltr' id='par_1_44' title="bbox 2160 1742 3735 1816">
     <span class='ocr_line' id='line_1_44' title="bbox 2160 1742 3735 1816; baseline 0.002 -19"><span class='ocrx_word' id='word_1_332' title='bbox 2160 1745 2240 1808; x_wconf 84' lang='grc' dir='ltr'><strong>είς</strong></span> <span class='ocrx_word' id='word_1_333' title='bbox 2269 1744 2427 1816; x_wconf 86' lang='grc' dir='ltr'>δεῦρο</span> <span class='ocrx_word' id='word_1_334' title='bbox 2474 1743 2765 1815; x_wconf 76' lang='grc' dir='ltr'>κέκληνται</span> <span class='ocrx_word' id='word_1_335' title='bbox 2800 1743 2900 1816; x_wconf 69' lang='grc' dir='ltr'>μὲν</span> <span class='ocrx_word' id='word_1_336' title='bbox 2938 1742 3137 1806; x_wconf 84' lang='grc' dir='ltr'>πάντες</span> <span class='ocrx_word' id='word_1_337' title='bbox 3181 1744 3230 1796; x_wconf 88' lang='grc' dir='ltr'>οἰ</span> <span class='ocrx_word' id='word_1_338' title='bbox 3272 1742 3366 1796; x_wconf 78' lang='grc' dir='ltr'><strong>ἐπὶ</strong></span> <span class='ocrx_word' id='word_1_339' title='bbox 3414 1744 3597 1815; x_wconf 80' lang='grc' dir='ltr'>πάσης</span> <span class='ocrx_word' id='word_1_340' title='bbox 3638 1746 3735 1816; x_wconf 83' lang='grc' dir='ltr'><strong>τῆς</strong></span> 
     </span>
    </p>
   </div>
   <div class='ocr_carea' id='block_1_45' title="bbox 2159 1834 3740 1908">
    <p class='ocr_par' dir='ltr' id='par_1_45' title="bbox 2159 1834 3740 1908">
     <span class='ocr_line' id='line_1_45' title="bbox 2159 1834 3740 1908; baseline -0.001 -18"><span class='ocrx_word' id='word_1_341' title='bbox 2159 1837 2483 1908; x_wconf 80' lang='grc' dir='ltr'>οἰκουμένης</span> <span class='ocrx_word' id='word_1_342' title='bbox 2525 1837 2822 1908; x_wconf 77' lang='grc' dir='ltr'>ἄνθρωποι,</span> <span class='ocrx_word' id='word_1_343' title='bbox 2862 1836 2957 1890; x_wconf 77' lang='grc' dir='ltr'>καὶ</span> <span class='ocrx_word' id='word_1_344' title='bbox 2998 1834 3174 1889; x_wconf 85' lang='grc' dir='ltr'>πάντα</span> <span class='ocrx_word' id='word_1_345' title='bbox 3215 1835 3285 1890; x_wconf 85' lang='grc' dir='ltr'><strong>τά</strong></span> <span class='ocrx_word' id='word_1_346' title='bbox 3322 1836 3430 1890; x_wconf 83' lang='grc' dir='ltr'>ἀπὸ</span> <span class='ocrx_word' id='word_1_347' title='bbox 3462 1836 3740 1891; x_wconf 84' lang='grc' dir='ltr'>ἀνατολῶν</span> 
     </span>
    </p>
   </div>
   <div class='ocr_carea' id='block_1_46' title="bbox 2162 1928 3741 2002">
    <p class='ocr_par' dir='ltr' id='par_1_46' title="bbox 2162 1928 3741 2002">
     <span class='ocr_line' id='line_1_46' title="bbox 2162 1928 3741 2002; baseline -0.001 -19"><span class='ocrx_word' id='word_1_348' title='bbox 2162 1930 2258 1983; x_wconf 78' lang='grc' dir='ltr'>καὶ</span> <span class='ocrx_word' id='word_1_349' title='bbox 2289 1930 2450 2001; x_wconf 80' lang='grc' dir='ltr'>μέχρι</span> <span class='ocrx_word' id='word_1_350' title='bbox 2472 1930 2689 2001; x_wconf 87' lang='grc' dir='ltr'>δυσμῶν</span> <span class='ocrx_word' id='word_1_351' title='bbox 2723 1930 2871 2002; x_wconf 71' lang='grc' dir='ltr'>ἔθνη.</span> <span class='ocrx_word' id='word_1_352' title='bbox 2905 1930 3275 1991; x_wconf 77' lang='grc' dir='ltr'>Πέπαυταιδὲ</span> <span class='ocrx_word' id='word_1_353' title='bbox 3305 1929 3402 1983; x_wconf 74' lang='grc' dir='ltr'>καὶ</span> <span class='ocrx_word' id='word_1_354' title='bbox 3431 1928 3741 2001; x_wconf 77' lang='grc' dir='ltr'>καθῄρηται</span> 
     </span>
    </p>
   </div>
   <div class='ocr_carea' id='block_1_47' title="bbox 2162 2019 3750 2094">
    <p class='ocr_par' dir='ltr' id='par_1_47' title="bbox 2162 2019 3750 2094">
     <span class='ocr_line' id='line_1_47' title="bbox 2162 2019 3750 2094; baseline 0.001 -20"><span class='ocrx_word' id='word_1_355' title='bbox 2162 2023 2196 2094; x_wconf 79' lang='grc' dir='ltr'>ἡ</span> <span class='ocrx_word' id='word_1_356' title='bbox 2227 2019 2370 2074; x_wconf 85' lang='grc' dir='ltr'>κατὰ</span> <span class='ocrx_word' id='word_1_357' title='bbox 2406 2019 2685 2084; x_wconf 87' lang='grc' dir='ltr'>Ἰουδαίους</span> <span class='ocrx_word' id='word_1_358' title='bbox 2717 2020 3001 2093; x_wconf 87' lang='grc' dir='ltr'>θρησκεία,</span> <span class='ocrx_word' id='word_1_359' title='bbox 3028 2022 3171 2076; x_wconf 83' lang='grc' dir='ltr'>κατά</span> <span class='ocrx_word' id='word_1_360' title='bbox 3196 2021 3295 2093; x_wconf 81' lang='grc' dir='ltr'><strong>τὴν</strong></span> <span class='ocrx_word' id='word_1_361' title='bbox 3326 2021 3522 2092; x_wconf 82' lang='grc' dir='ltr'>καινὴν</span> <span class='ocrx_word' id='word_1_362' title='bbox 3548 2021 3750 2093; x_wconf 80' lang='grc' dir='ltr'>Διαθή-</span> 
     </span>
    </p>
   </div>
   <div class='ocr_carea' id='block_1_48' title="bbox 2159 2112 3740 2187">
    <p class='ocr_par' dir='ltr' id='par_1_48' title="bbox 2159 2112 3740 2187">
     <span class='ocr_line' id='line_1_48' title="bbox 2159 2112 3740 2187; baseline -0.003 -19"><span class='ocrx_word' id='word_1_363' title='bbox 2159 2132 2263 2185; x_wconf 91' lang='grc' dir='ltr'><strong>κην</strong></span> <span class='ocrx_word' id='word_1_364' title='bbox 2292 2113 2386 2167; x_wconf 83' lang='grc' dir='ltr'><strong>τοῦ</strong></span> <span class='ocrx_word' id='word_1_365' title='bbox 2416 2113 2767 2182; x_wconf 83' lang='grc' dir='ltr'>εὑαγγελικοῦ</span> <span class='ocrx_word' id='word_1_366' title='bbox 2796 2115 3170 2187; x_wconf 80' lang='grc' dir='ltr'>κηρύγματος,</span> <span class='ocrx_word' id='word_1_367' title='bbox 3212 2113 3325 2167; x_wconf 78' lang='grc' dir='ltr'>ἀλλ’</span> <span class='ocrx_word' id='word_1_368' title='bbox 3366 2113 3427 2167; x_wconf 79' lang='grc' dir='ltr'>οὑ</span> <span class='ocrx_word' id='word_1_369' title='bbox 3464 2112 3622 2168; x_wconf 79' lang='grc' dir='ltr'>Κατὰ</span> <span class='ocrx_word' id='word_1_370' title='bbox 3647 2113 3740 2167; x_wconf 89' lang='grc' dir='ltr'><strong>τὸν</strong></span> 
     </span>
    </p>
   </div>
   <div class='ocr_carea' id='block_1_49' title="bbox 2158 2205 3731 2279">
    <p class='ocr_par' dir='ltr' id='par_1_49' title="bbox 2158 2205 3731 2279">
     <span class='ocr_line' id='line_1_49' title="bbox 2158 2205 3731 2279; baseline -0.002 -17"><span class='ocrx_word' id='word_1_371' title='bbox 2158 2206 2402 2271; x_wconf 82' lang='grc' dir='ltr'><strong>Μωσέως</strong></span> <span class='ocrx_word' id='word_1_372' title='bbox 2435 2206 2621 2277; x_wconf 84' lang='grc' dir='ltr'>νόμον,</span> <span class='ocrx_word' id='word_1_373' title='bbox 2676 2206 2894 2262; x_wconf 83' lang='grc' dir='ltr'>πάντων</span> <span class='ocrx_word' id='word_1_374' title='bbox 2916 2206 3217 2279; x_wconf 71' lang='grc' dir='ltr'>ἀνθρώπων</span> <span class='ocrx_word' id='word_1_375' title='bbox 3245 2205 3490 2259; x_wconf 76' lang='grc' dir='ltr'>εὐσεῦεἰν</span> <span class='ocrx_word' id='word_1_376' title='bbox 3513 2222 3731 2279; x_wconf 80' lang='grc' dir='ltr'>παρηγ-</span> 
     </span>
    </p>
   </div>
   <div class='ocr_carea' id='block_1_50' title="bbox 2157 2294 3734 2367">
    <p class='ocr_par' dir='ltr' id='par_1_50' title="bbox 2157 2294 3734 2367">
     <span class='ocr_line' id='line_1_50' title="bbox 2157 2294 3734 2367; baseline -0.001 -18"><span class='ocrx_word' id='word_1_377' title='bbox 2157 2296 2456 2367; x_wconf 82' lang='grc' dir='ltr'>γελμένων.</span> <span class='ocrx_word' id='word_1_378' title='bbox 2491 2294 2675 2348; x_wconf 91' lang='grc' dir='ltr'>Ταῦτα</span> <span class='ocrx_word' id='word_1_379' title='bbox 2705 2295 2763 2348; x_wconf 85' lang='grc' dir='ltr'>δὲ</span> <span class='ocrx_word' id='word_1_380' title='bbox 2808 2296 2902 2349; x_wconf 83' lang='grc' dir='ltr'><strong>καὶ</strong></span> <span class='ocrx_word' id='word_1_381' title='bbox 2951 2297 3043 2349; x_wconf 74' lang='grc' dir='ltr'><strong>ἐπὶ</strong></span> <span class='ocrx_word' id='word_1_382' title='bbox 3085 2294 3184 2367; x_wconf 87' lang='grc' dir='ltr'>τὴν</span> <span class='ocrx_word' id='word_1_383' title='bbox 3223 2294 3483 2365; x_wconf 74' lang='grc' dir='ltr'>δευτέραν</span> <span class='ocrx_word' id='word_1_384' title='bbox 3511 2295 3607 2350; x_wconf 71' lang='grc' dir='ltr'>καὶ</span> <span class='ocrx_word' id='word_1_385' title='bbox 3646 2294 3734 2349; x_wconf 67' lang='grc' dir='ltr'>ένα-</span> 
     </span>
    </p>
   </div>
   <div class='ocr_carea' id='block_1_51' title="bbox 2157 2387 3523 2461">
    <p class='ocr_par' dir='ltr' id='par_1_51' title="bbox 2157 2387 3523 2461">
     <span class='ocr_line' id='line_1_51' title="bbox 2157 2387 3523 2461; baseline -0.001 -19"><span class='ocrx_word' id='word_1_386' title='bbox 2157 2387 2307 2453; x_wconf 82' lang='grc' dir='ltr'>δοξον</span> <span class='ocrx_word' id='word_1_387' title='bbox 2337 2387 2657 2458; x_wconf 75' lang='grc' dir='ltr'>ἐπιφάνειαν</span> <span class='ocrx_word' id='word_1_388' title='bbox 2684 2387 2780 2441; x_wconf 87' lang='grc' dir='ltr'><strong>τοῦ</strong></span> <span class='ocrx_word' id='word_1_389' title='bbox 2810 2388 3062 2461; x_wconf 77' lang='grc' dir='ltr'>Σωτῆρος</span> <span class='ocrx_word' id='word_1_390' title='bbox 3090 2387 3417 2460; x_wconf 77' lang='grc' dir='ltr'>ἀναφέροιτο</span> <span class='ocrx_word' id='word_1_391' title='bbox 3441 2388 3523 2443; x_wconf 71' lang='grc' dir='ltr'>ἄν.</span> 
     </span>
    </p>
   </div>
   <div class='ocr_carea' id='block_1_52' title="bbox 2701 2585 3197 2642">
    <p class='ocr_par' dir='ltr' id='par_1_52' title="bbox 2701 2585 3197 2642">
     <span class='ocr_line' id='line_1_52' title="bbox 2701 2585 3197 2642; baseline 0.008 -4"><span class='ocrx_word' id='word_1_392' title='bbox 2701 2585 3095 2640; x_wconf 69' lang='grc' dir='ltr'><strong>ΚΕΦΑΛΔΙΟΝ</strong></span> <span class='ocrx_word' id='word_1_393' title='bbox 3119 2587 3197 2642; x_wconf 85' lang='grc' dir='ltr'><strong>Δ’.</strong></span> 
     </span>
    </p>
   </div>
   <div class='ocr_carea' id='block_1_53' title="bbox 2170 2697 3745 2782">
    <p class='ocr_par' dir='ltr' id='par_1_53' title="bbox 2170 2697 3745 2782">
     <span class='ocr_line' id='line_1_53' title="bbox 2170 2697 3745 2782; baseline 0.004 -30"><span class='ocrx_word' id='word_1_394' title='bbox 2170 2697 2330 2782; x_wconf 41' lang='grc' dir='ltr'>Ἀπὸ.</span> <span class='ocrx_word' id='word_1_395' title='bbox 2351 2700 2598 2782; x_wconf 50' lang='lat' dir='ltr'><strong>ill-ratam?</strong></span> <span class='ocrx_word' id='word_1_396' title='bbox 2628 2700 2979 2782; x_wconf 35' lang='grc' dir='ltr'>σταίη-..Ὡς</span> <span class='ocrx_word' id='word_1_397' title='bbox 3015 2699 3271 2782; x_wconf 49' lang='lat' dir='ltr'><strong>{rainy-ﬁ;-</strong></span> <span class='ocrx_word' id='word_1_398' title='bbox 3302 2700 3745 2782; x_wconf 50' lang='grc' dir='ltr'>ὀφθήσερνφιῤ</span> 
     </span>
    </p>
   </div>
   <div class='ocr_carea' id='block_1_54' title="bbox 2229 2768 3741 2843">
    <p class='ocr_par' dir='ltr' id='par_1_54' title="bbox 2229 2768 3741 2843">
     <span class='ocr_line' id='line_1_54' title="bbox 2229 2768 3741 2843; baseline 0.005 -22"><span class='ocrx_word' id='word_1_399' title='bbox 2229 2768 2374 2833; x_wconf 81' lang='grc' dir='ltr'>Θεὸς</span> <span class='ocrx_word' id='word_1_400' title='bbox 2411 2769 2646 2843; x_wconf 60' lang='grc' dir='ltr'>νζέγεται</span> <span class='ocrx_word' id='word_1_401' title='bbox 2682 2768 2784 2843; x_wconf 76' lang='grc' dir='ltr'>διὰ</span> <span class='ocrx_word' id='word_1_402' title='bbox 2808 2768 2915 2839; x_wconf 84' lang='grc' dir='ltr'><strong>τῆς</strong></span> <span class='ocrx_word' id='word_1_403' title='bbox 2953 2771 3062 2825; x_wconf 79' lang='grc' dir='ltr'><strong>τοῦ</strong></span> <span class='ocrx_word' id='word_1_404' title='bbox 3101 2768 3360 2840; x_wconf 73' lang='grc' dir='ltr'>Χριστοῦ</span> <span class='ocrx_word' id='word_1_405' title='bbox 3397 2775 3486 2838; x_wconf 83' lang='grc' dir='ltr'><strong>είς</strong></span> <span class='ocrx_word' id='word_1_406' title='bbox 3511 2774 3741 2843; x_wconf 62' lang='grc' dir='ltr'>ἁνθρώυ</span> 
     </span>
    </p>
   </div>
   <div class='ocr_carea' id='block_1_55' title="bbox 2228 2840 2782 2908">
    <p class='ocr_par' dir='ltr' id='par_1_55' title="bbox 2228 2840 2782 2908">
     <span class='ocr_line' id='line_1_55' title="bbox 2228 2840 2782 2908; baseline 0.009 -17"><span class='ocrx_word' id='word_1_407' title='bbox 2228 2855 2382 2904; x_wconf 81' lang='grc' dir='ltr'>πους</span> <span class='ocrx_word' id='word_1_408' title='bbox 2411 2840 2782 2908; x_wconf 66' lang='grc' dir='ltr'>ἐπιφανείας.</span> 
     </span>
    </p>
   </div>
   <div class='ocr_carea' id='block_1_56' title="bbox 2233 2951 3739 3033">
    <p class='ocr_par' dir='ltr' id='par_1_56' title="bbox 2233 2951 3739 3033">
     <span class='ocr_line' id='line_1_56' title="bbox 2233 2951 3739 3033; baseline 0.009 -31"><span class='ocrx_word' id='word_1_409' title='bbox 2233 2969 2252 3001; x_wconf 81' lang='grc' dir='ltr'><strong>ι</strong></span> <span class='ocrx_word' id='word_1_410' title='bbox 2301 2951 2625 3024; x_wconf 78' lang='grc' dir='ltr'>Ὀφθήσεται</span> <span class='ocrx_word' id='word_1_411' title='bbox 2661 2956 2690 3007; x_wconf 99' lang='lat'><strong>6</strong></span> <span class='ocrx_word' id='word_1_412' title='bbox 2734 2954 2866 3019; x_wconf 88' lang='grc' dir='ltr'>Θεὸς</span> <span class='ocrx_word' id='word_1_413' title='bbox 2899 2954 3009 3009; x_wconf 82' lang='grc' dir='ltr'><strong>τῶν</strong></span> <span class='ocrx_word' id='word_1_414' title='bbox 3048 2955 3185 3010; x_wconf 87' lang='grc' dir='ltr'>θεῶν</span> <span class='ocrx_word' id='word_1_415' title='bbox 3212 2958 3271 3011; x_wconf 80' lang='grc' dir='ltr'>ὲν</span> <span class='ocrx_word' id='word_1_416' title='bbox 3312 2957 3472 3013; x_wconf 85' lang='grc' dir='ltr'>Σιών.</span> <span class='ocrx_word' id='word_1_417' title='bbox 3504 2960 3679 3033; x_wconf 83' lang='grc' dir='ltr'>Κύριε</span> <span class='ocrx_word' id='word_1_418' title='bbox 3706 2963 3739 3015; x_wconf 84' lang='lat'><strong>6</strong></span> 
     </span>
    </p>
   </div>
   <div class='ocr_carea' id='block_1_57' title="bbox 2155 3038 3739 3123">
    <p class='ocr_par' dir='ltr' id='par_1_57' title="bbox 2155 3038 3739 3123">
     <span class='ocr_line' id='line_1_57' title="bbox 2155 3038 3739 3123; baseline 0.009 -32"><span class='ocrx_word' id='word_1_419' title='bbox 2155 3038 2290 3103; x_wconf 89' lang='grc' dir='ltr'>Θεὸς</span> <span class='ocrx_word' id='word_1_420' title='bbox 2331 3041 2438 3093; x_wconf 88' lang='grc' dir='ltr'><strong>τῶν</strong></span> <span class='ocrx_word' id='word_1_421' title='bbox 2473 3041 2775 3114; x_wconf 85' lang='grc' dir='ltr'>δυνάμεων,</span> <span class='ocrx_word' id='word_1_422' title='bbox 2803 3045 3114 3100; x_wconf 74' lang='grc' dir='ltr'>εἰσάκουσον</span> <span class='ocrx_word' id='word_1_423' title='bbox 3144 3047 3244 3117; x_wconf 89' lang='grc' dir='ltr'><strong>τῆς</strong></span> <span class='ocrx_word' id='word_1_424' title='bbox 3273 3051 3580 3121; x_wconf 80' lang='grc' dir='ltr'>προσευχῆς</span> <span class='ocrx_word' id='word_1_425' title='bbox 3611 3069 3739 3123; x_wconf 82' lang='grc' dir='ltr'>μου,</span> 
     </span>
    </p>
   </div>
   <div class='ocr_carea' id='block_1_58' title="bbox 489 3128 2057 3211">
    <p class='ocr_par' dir='ltr' id='par_1_58' title="bbox 489 3135 2056 3206">
     <span class='ocr_line' id='line_1_58' title="bbox 489 3135 2056 3206; baseline -0.003 -13"><span class='ocrx_word' id='word_1_426' title='bbox 489 3137 635 3194; x_wconf 90' lang='lat' dir='ltr'><strong>Deus</strong></span> <span class='ocrx_word' id='word_1_427' title='bbox 656 3137 843 3192; x_wconf 87' lang='lat' dir='ltr'><strong>Jacob.</strong></span> <span class='ocrx_word' id='word_1_428' title='bbox 872 3135 1153 3192; x_wconf 88' lang='lat' dir='ltr'><strong>Protector</strong></span> <span class='ocrx_word' id='word_1_429' title='bbox 1182 3145 1370 3192; x_wconf 89' lang='lat' dir='ltr'><strong>noster</strong></span> <span class='ocrx_word' id='word_1_430' title='bbox 1397 3137 1598 3206; x_wconf 88' lang='lat' dir='ltr'><strong>aspice,</strong></span> <span class='ocrx_word' id='word_1_431' title='bbox 1639 3135 1803 3201; x_wconf 89' lang='lat' dir='ltr'><strong>Deus,</strong></span> <span class='ocrx_word' id='word_1_432' title='bbox 1844 3135 2056 3204; x_wconf 87' lang='lat' dir='ltr'><strong>respice</strong></span> 
     </span>
    </p>
   </div>
   <div class='ocr_carea' id='block_1_59' title="bbox 2157 3128 3743 3211">
    <p class='ocr_par' dir='ltr' id='par_1_59' title="bbox 2158 3128 3743 3211">
     <span class='ocr_line' id='line_1_59' title="bbox 2158 3128 3743 3211; baseline 0.009 -28"><span class='ocrx_word' id='word_1_433' title='bbox 2158 3128 2433 3197; x_wconf 81' lang='grc' dir='ltr'>ὲνώτισαι,</span> <span class='ocrx_word' id='word_1_434' title='bbox 2466 3134 2494 3186; x_wconf 93' lang='lat'><strong>6</strong></span> <span class='ocrx_word' id='word_1_435' title='bbox 2518 3133 2651 3198; x_wconf 84' lang='grc' dir='ltr'>Θεὸς</span> <span class='ocrx_word' id='word_1_436' title='bbox 2685 3134 2909 3188; x_wconf 76' lang='grc' dir='ltr'>Ἰακώϐ·</span> <span class='ocrx_word' id='word_1_437' title='bbox 2951 3137 3333 3207; x_wconf 81' lang='grc' dir='ltr'>ὑπερασπιστὰ</span> <span class='ocrx_word' id='word_1_438' title='bbox 3376 3141 3555 3211; x_wconf 73' lang='grc' dir='ltr'>ἡμῶν,</span> <span class='ocrx_word' id='word_1_439' title='bbox 3588 3142 3683 3208; x_wconf 83' lang='grc' dir='ltr'>ίδε,</span> <span class='ocrx_word' id='word_1_440' title='bbox 3708 3142 3743 3197; x_wconf 77' lang='grc' dir='ltr'><strong>ὀ</strong></span> 
     </span>
    </p>
   </div>
   <div class='ocr_carea' id='block_1_60' title="bbox 490 3222 2057 3307">
    <p class='ocr_par' dir='ltr' id='par_1_60' title="bbox 490 3227 2053 3299">
     <span class='ocr_line' id='line_1_60' title="bbox 490 3227 2053 3299; baseline -0.002 -17"><span class='ocrx_word' id='word_1_441' title='bbox 490 3229 547 3282; x_wconf 92' lang='lat' dir='ltr'><strong>in</strong></span> <span class='ocrx_word' id='word_1_442' title='bbox 580 3228 772 3283; x_wconf 89' lang='lat' dir='ltr'><strong>faciem</strong></span> <span class='ocrx_word' id='word_1_443' title='bbox 800 3228 1001 3284; x_wconf 86' lang='lat' dir='ltr'><strong>Christi</strong></span> <span class='ocrx_word' id='word_1_444' title='bbox 1031 3230 1111 3284; x_wconf 89' lang='lat' dir='ltr'><strong>tui</strong></span> <span class='ocrx_word' id='word_1_445' title='bbox 1138 3232 1203 3285; x_wconf 82' lang='grc'><strong>²¹.</strong></span> <span class='ocrx_word' id='word_1_446' title='bbox 1233 3249 1252 3281; x_wconf 77' lang='grc' dir='ltr'><strong>ι</strong></span> <span class='ocrx_word' id='word_1_447' title='bbox 1291 3228 1587 3299; x_wconf 87' lang='lat' dir='ltr'><strong>Postquam</strong></span> <span class='ocrx_word' id='word_1_448' title='bbox 1623 3227 1791 3283; x_wconf 89' lang='lat' dir='ltr'><strong>Deum</strong></span> <span class='ocrx_word' id='word_1_449' title='bbox 1826 3227 2053 3281; x_wconf 89' lang='lat' dir='ltr'><strong>deorum</strong></span> 
     </span>
    </p>
   </div>
   <div class='ocr_carea' id='block_1_61' title="bbox 2157 3222 3741 3307">
    <p class='ocr_par' dir='ltr' id='par_1_61' title="bbox 2157 3222 3741 3307">
     <span class='ocr_line' id='line_1_61' title="bbox 2157 3222 3741 3307; baseline 0.009 -31"><span class='ocrx_word' id='word_1_450' title='bbox 2157 3222 2312 3287; x_wconf 83' lang='grc' dir='ltr'>Θεὸς,</span> <span class='ocrx_word' id='word_1_451' title='bbox 2343 3225 2437 3277; x_wconf 76' lang='grc' dir='ltr'>καὶ</span> <span class='ocrx_word' id='word_1_452' title='bbox 2485 3225 2775 3296; x_wconf 80' lang='grc' dir='ltr'>ὲπίὸλεψον</span> <span class='ocrx_word' id='word_1_453' title='bbox 2805 3229 2898 3281; x_wconf 75' lang='grc' dir='ltr'><strong>ἐπὶ</strong></span> <span class='ocrx_word' id='word_1_454' title='bbox 2927 3228 2988 3281; x_wconf 91' lang='grc' dir='ltr'><strong>τὸ</strong></span> <span class='ocrx_word' id='word_1_455' title='bbox 3036 3230 3329 3301; x_wconf 85' lang='grc' dir='ltr'>πρόσωπον</span> <span class='ocrx_word' id='word_1_456' title='bbox 3356 3233 3451 3286; x_wconf 90' lang='grc' dir='ltr'><strong>τοῦ</strong></span> <span class='ocrx_word' id='word_1_457' title='bbox 3495 3232 3741 3307; x_wconf 82' lang='grc' dir='ltr'>Χριστοῦ</span> 
     </span>
    </p>
   </div>
   <div class='ocr_carea' id='block_1_62' title="bbox 488 3317 2057 3399">
    <p class='ocr_par' dir='ltr' id='par_1_62' title="bbox 488 3319 2054 3391">
     <span class='ocr_line' id='line_1_62' title="bbox 488 3319 2054 3391; baseline -0.001 -16"><span class='ocrx_word' id='word_1_458' title='bbox 488 3319 782 3375; x_wconf 88' lang='lat' dir='ltr'><strong>videndum</strong></span> <span class='ocrx_word' id='word_1_459' title='bbox 814 3322 1080 3391; x_wconf 63' lang='lat' dir='ltr'><strong>praedixit,</strong></span> <span class='ocrx_word' id='word_1_460' title='bbox 1109 3331 1225 3377; x_wconf 93' lang='lat' dir='ltr'><strong>tum</strong></span> <span class='ocrx_word' id='word_1_461' title='bbox 1272 3331 1394 3377; x_wconf 89' lang='lat' dir='ltr'><strong>orat</strong></span> <span class='ocrx_word' id='word_1_462' title='bbox 1424 3322 1718 3377; x_wconf 88' lang='lat' dir='ltr'><strong>adventum</strong></span> <span class='ocrx_word' id='word_1_463' title='bbox 1747 3321 1867 3391; x_wconf 85' lang='lat' dir='ltr'><strong>ejus</strong></span> <span class='ocrx_word' id='word_1_464' title='bbox 1888 3333 2054 3390; x_wconf 88' lang='lat' dir='ltr'><strong>quam</strong></span> 
     </span>
    </p>
   </div>
   <div class='ocr_carea' id='block_1_63' title="bbox 2157 3317 3741 3399">
    <p class='ocr_par' dir='ltr' id='par_1_63' title="bbox 2158 3317 3741 3399">
     <span class='ocr_line' id='line_1_63' title="bbox 2158 3317 3741 3399; baseline 0.009 -31"><span class='ocrx_word' id='word_1_465' title='bbox 2158 3332 2271 3369; x_wconf 90' lang='grc' dir='ltr'>σου.</span> <span class='ocrx_word' id='word_1_466' title='bbox 2299 3333 2318 3368; x_wconf 72' lang='grc' dir='ltr'><strong>ι</strong></span> <span class='ocrx_word' id='word_1_467' title='bbox 2339 3317 2441 3371; x_wconf 91' lang='grc' dir='ltr'>Τὸν</span> <span class='ocrx_word' id='word_1_468' title='bbox 2456 3317 2587 3370; x_wconf 87' lang='grc' dir='ltr'>Θεὸν</span> <span class='ocrx_word' id='word_1_469' title='bbox 2609 3318 2717 3371; x_wconf 82' lang='grc' dir='ltr'><strong>τῶν</strong></span> <span class='ocrx_word' id='word_1_470' title='bbox 2743 3318 2880 3373; x_wconf 89' lang='grc' dir='ltr'>θεῶν</span> <span class='ocrx_word' id='word_1_471' title='bbox 2904 3320 3235 3392; x_wconf 77' lang='grc' dir='ltr'>ὀφθήσεσθαι</span> <span class='ocrx_word' id='word_1_472' title='bbox 3255 3325 3555 3394; x_wconf 86' lang='grc' dir='ltr'>προειπὼν,</span> <span class='ocrx_word' id='word_1_473' title='bbox 3582 3326 3741 3399; x_wconf 77' lang='grc' dir='ltr'>εὔχε-</span> 
     </span>
    </p>
   </div>
   <div class='ocr_carea' id='block_1_64' title="bbox 489 3411 2057 3486">
    <p class='ocr_par' dir='ltr' id='par_1_64' title="bbox 489 3411 2057 3486">
     <span class='ocr_line' id='line_1_64' title="bbox 489 3411 2057 3486; baseline 0.001 -21"><span class='ocrx_word' id='word_1_474' title='bbox 489 3412 773 3469; x_wconf 85' lang='lat' dir='ltr'><strong>celerrime</strong></span> <span class='ocrx_word' id='word_1_475' title='bbox 801 3414 1026 3481; x_wconf 85' lang='lat' dir='ltr'><strong>adesse,</strong></span> <span class='ocrx_word' id='word_1_476' title='bbox 1089 3415 1310 3470; x_wconf 90' lang='lat' dir='ltr'><strong>modum</strong></span> <span class='ocrx_word' id='word_1_477' title='bbox 1344 3430 1454 3486; x_wconf 92' lang='lat' dir='ltr'><strong>quo</strong></span> <span class='ocrx_word' id='word_1_478' title='bbox 1482 3413 1751 3469; x_wconf 86' lang='lat' dir='ltr'><strong>videndus</strong></span> <span class='ocrx_word' id='word_1_479' title='bbox 1794 3413 1867 3467; x_wconf 88' lang='lat' dir='ltr'><strong>sit</strong></span> <span class='ocrx_word' id='word_1_480' title='bbox 1911 3411 2057 3466; x_wconf 80' lang='lat' dir='ltr'><strong>inte-</strong></span> 
     </span>
    </p>
   </div>
   <div class='ocr_carea' id='block_1_65' title="bbox 492 3502 2061 3577">
    <p class='ocr_par' dir='ltr' id='par_1_65' title="bbox 492 3502 2061 3577">
     <span class='ocr_line' id='line_1_65' title="bbox 492 3502 2061 3577; baseline 0.001 -22"><span class='ocrx_word' id='word_1_481' title='bbox 492 3503 595 3557; x_wconf 90' lang='lat' dir='ltr'><strong>rim</strong></span> <span class='ocrx_word' id='word_1_482' title='bbox 625 3503 829 3560; x_wconf 89' lang='lat' dir='ltr'><strong>docens</strong></span> <span class='ocrx_word' id='word_1_483' title='bbox 868 3506 979 3562; x_wconf 90' lang='lat' dir='ltr'><strong>illis</strong></span> <span class='ocrx_word' id='word_1_484' title='bbox 1011 3506 1191 3563; x_wconf 85' lang='lat' dir='ltr'><strong>verbis</strong></span> <span class='ocrx_word' id='word_1_485' title='bbox 1222 3525 1236 3562; x_wconf 93' lang='lat'><strong>:</strong></span> <span class='ocrx_word' id='word_1_486' title='bbox 1271 3528 1290 3559; x_wconf 85' lang='grc'><strong>‹</strong></span> <span class='ocrx_word' id='word_1_487' title='bbox 1326 3505 1556 3577; x_wconf 78' lang='lat' dir='ltr'><strong>Respice</strong></span> <span class='ocrx_word' id='word_1_488' title='bbox 1588 3505 1644 3559; x_wconf 90' lang='lat' dir='ltr'><strong>in</strong></span> <span class='ocrx_word' id='word_1_489' title='bbox 1678 3504 1871 3559; x_wconf 81' lang='lat' dir='ltr'><strong>faciem</strong></span> <span class='ocrx_word' id='word_1_490' title='bbox 1896 3502 2061 3559; x_wconf 88' lang='lat' dir='ltr'><strong>Chri-</strong></span> 
     </span>
    </p>
   </div>
   <div class='ocr_carea' id='block_1_66' title="bbox 491 3594 2061 3671">
    <p class='ocr_par' dir='ltr' id='par_1_66' title="bbox 491 3594 2061 3671">
     <span class='ocr_line' id='line_1_66' title="bbox 491 3594 2061 3671; baseline -0.001 -21"><span class='ocrx_word' id='word_1_491' title='bbox 491 3595 561 3650; x_wconf 90' lang='lat' dir='ltr'><strong>sti</strong></span> <span class='ocrx_word' id='word_1_492' title='bbox 585 3597 684 3662; x_wconf 90' lang='lat' dir='ltr'><strong>tui,</strong></span> <span class='ocrx_word' id='word_1_493' title='bbox 726 3616 746 3650; x_wconf 72' lang='grc' dir='ltr'><strong>ι</strong></span> <span class='ocrx_word' id='word_1_494' title='bbox 774 3612 883 3652; x_wconf 93' lang='lat' dir='ltr'><strong>non</strong></span> <span class='ocrx_word' id='word_1_495' title='bbox 926 3599 1083 3655; x_wconf 87' lang='lat' dir='ltr'><strong>aliter</strong></span> <span class='ocrx_word' id='word_1_496' title='bbox 1112 3615 1275 3670; x_wconf 90' lang='lat' dir='ltr'><strong>quam</strong></span> <span class='ocrx_word' id='word_1_497' title='bbox 1327 3600 1566 3671; x_wconf 88' lang='lat' dir='ltr'><strong>planius,</strong></span> <span class='ocrx_word' id='word_1_498' title='bbox 1599 3598 1867 3653; x_wconf 83' lang='lat' dir='ltr'><strong>dixisset:</strong></span> <span class='ocrx_word' id='word_1_499' title='bbox 1928 3594 2061 3650; x_wconf 90' lang='lat' dir='ltr'><strong>Post</strong></span> 
     </span>
    </p>
   </div>
   <div class='ocr_carea' id='block_1_67' title="bbox 489 3685 2060 3762">
    <p class='ocr_par' dir='ltr' id='par_1_67' title="bbox 489 3685 2060 3762">
     <span class='ocr_line' id='line_1_67' title="bbox 489 3685 2060 3762; baseline -0.001 -21"><span class='ocrx_word' id='word_1_500' title='bbox 489 3688 679 3742; x_wconf 83' lang='lat' dir='ltr'><strong>faciem</strong></span> <span class='ocrx_word' id='word_1_501' title='bbox 728 3688 932 3745; x_wconf 87' lang='lat' dir='ltr'><strong>Christi</strong></span> <span class='ocrx_word' id='word_1_502' title='bbox 979 3691 1059 3745; x_wconf 90' lang='lat' dir='ltr'><strong>tui</strong></span> <span class='ocrx_word' id='word_1_503' title='bbox 1110 3692 1290 3762; x_wconf 65' lang='lat' dir='ltr'><strong>praebe</strong></span> <span class='ocrx_word' id='word_1_504' title='bbox 1319 3691 1551 3761; x_wconf 89' lang='lat' dir='ltr'><strong>teipsum</strong></span> <span class='ocrx_word' id='word_1_505' title='bbox 1574 3690 1887 3745; x_wconf 89' lang='lat' dir='ltr'><strong>videndum.</strong></span> <span class='ocrx_word' id='word_1_506' title='bbox 1921 3685 2060 3741; x_wconf 84' lang='lat' dir='ltr'><strong>Pro-</strong></span> 
     </span>
    </p>
   </div>
   <div class='ocr_carea' id='block_1_68' title="bbox 489 3780 2057 3855">
    <p class='ocr_par' dir='ltr' id='par_1_68' title="bbox 489 3780 2057 3855">
     <span class='ocr_line' id='line_1_68' title="bbox 489 3780 2057 3855; baseline 0 -22"><span class='ocrx_word' id='word_1_507' title='bbox 489 3788 669 3851; x_wconf 89' lang='lat' dir='ltr'><strong>pterca</strong></span> <span class='ocrx_word' id='word_1_508' title='bbox 692 3781 858 3847; x_wconf 90' lang='lat' dir='ltr'><strong>enim,</strong></span> <span class='ocrx_word' id='word_1_509' title='bbox 893 3783 1038 3853; x_wconf 88' lang='lat' dir='ltr'><strong>quod</strong></span> <span class='ocrx_word' id='word_1_510' title='bbox 1069 3801 1088 3835; x_wconf 77' lang='grc' dir='ltr'><strong>ι</strong></span> <span class='ocrx_word' id='word_1_511' title='bbox 1128 3783 1222 3855; x_wconf 91' lang='lat' dir='ltr'><strong>qui</strong></span> <span class='ocrx_word' id='word_1_512' title='bbox 1255 3783 1387 3837; x_wconf 90' lang='lat' dir='ltr'><strong>vidit</strong></span> <span class='ocrx_word' id='word_1_513' title='bbox 1418 3781 1637 3849; x_wconf 86' lang='lat' dir='ltr'><strong>Filium,</strong></span> <span class='ocrx_word' id='word_1_514' title='bbox 1674 3780 1810 3835; x_wconf 89' lang='lat' dir='ltr'><strong>vidit</strong></span> <span class='ocrx_word' id='word_1_515' title='bbox 1842 3780 2057 3834; x_wconf 84' lang='lat' dir='ltr'><strong>Patrem</strong></span> 
     </span>
    </p>
   </div>
   <div class='ocr_carea' id='block_1_69' title="bbox 487 3872 2057 3945">
    <p class='ocr_par' dir='ltr' id='par_1_69' title="bbox 487 3872 2057 3945">
     <span class='ocr_line' id='line_1_69' title="bbox 487 3872 2057 3945; baseline -0.002 -17"><span class='ocrx_word' id='word_1_516' title='bbox 487 3875 579 3944; x_wconf 91' lang='lat' dir='ltr'><strong>qui</strong></span> <span class='ocrx_word' id='word_1_517' title='bbox 610 3873 759 3928; x_wconf 89' lang='lat' dir='ltr'><strong>misit</strong></span> <span class='ocrx_word' id='word_1_518' title='bbox 784 3874 934 3929; x_wconf 90' lang='lat' dir='ltr'><strong>illum</strong></span> <span class='ocrx_word' id='word_1_519' title='bbox 964 3875 1011 3906; x_wconf 79' lang='lat'>”</span> <span class='ocrx_word' id='word_1_520' title='bbox 1044 3893 1059 3930; x_wconf 91' lang='lat'><strong>:</strong></span> <span class='ocrx_word' id='word_1_521' title='bbox 1125 3894 1145 3928; x_wconf 77' lang='grc' dir='ltr'><strong>ι</strong></span> <span class='ocrx_word' id='word_1_522' title='bbox 1174 3875 1369 3929; x_wconf 92' lang='lat' dir='ltr'><strong>merito</strong></span> <span class='ocrx_word' id='word_1_523' title='bbox 1419 3889 1520 3945; x_wconf 90' lang='lat' dir='ltr'><strong>per</strong></span> <span class='ocrx_word' id='word_1_524' title='bbox 1572 3873 1767 3928; x_wconf 84' lang='lat' dir='ltr'><strong>faciem</strong></span> <span class='ocrx_word' id='word_1_525' title='bbox 1827 3872 2057 3937; x_wconf 88' lang='lat' dir='ltr'><strong>Christi,</strong></span> 
     </span>
    </p>
   </div>
   <div class='ocr_carea' id='block_1_70' title="bbox 487 3963 2058 4037">
    <p class='ocr_par' dir='ltr' id='par_1_70' title="bbox 487 3963 2058 4037">
     <span class='ocr_line' id='line_1_70' title="bbox 487 3963 2058 4037; baseline -0.003 -16"><span class='ocrx_word' id='word_1_526' title='bbox 487 3983 611 4022; x_wconf 84' lang='lat' dir='ltr'><strong>cum</strong></span> <span class='ocrx_word' id='word_1_527' title='bbox 642 3967 737 4037; x_wconf 85' lang='lat' dir='ltr'><strong>qui</strong></span> <span class='ocrx_word' id='word_1_528' title='bbox 765 3966 821 4021; x_wconf 92' lang='lat' dir='ltr'><strong>in</strong></span> <span class='ocrx_word' id='word_1_529' title='bbox 842 3965 1065 4024; x_wconf 91' lang='lat' dir='ltr'><strong>Christo</strong></span> <span class='ocrx_word' id='word_1_530' title='bbox 1079 3967 1305 4032; x_wconf 86' lang='lat' dir='ltr'><strong>habitat,</strong></span> <span class='ocrx_word' id='word_1_531' title='bbox 1334 3965 1504 4022; x_wconf 89' lang='lat' dir='ltr'><strong>Deum</strong></span> <span class='ocrx_word' id='word_1_532' title='bbox 1524 3964 1748 4021; x_wconf 90' lang='lat' dir='ltr'><strong>deorum</strong></span> <span class='ocrx_word' id='word_1_533' title='bbox 1766 3963 2058 4019; x_wconf 90' lang='lat' dir='ltr'><strong>videndum</strong></span> 
     </span>
    </p>
   </div>
   <div class='ocr_carea' id='block_1_71' title="bbox 487 4060 793 4116">
    <p class='ocr_par' dir='ltr' id='par_1_71' title="bbox 487 4060 793 4116">
     <span class='ocr_line' id='line_1_71' title="bbox 487 4060 793 4116; baseline -0.003 0"><span class='ocrx_word' id='word_1_534' title='bbox 487 4060 793 4116; x_wconf 89' lang='lat' dir='ltr'><strong>denuntiat.</strong></span> 
     </span>
    </p>
   </div>
   <div class='ocr_carea' id='block_1_72' title="bbox 1103 4253 1441 4313">
    <p class='ocr_par' dir='ltr' id='par_1_72' title="bbox 1103 4253 1441 4313">
     <span class='ocr_line' id='line_1_72' title="bbox 1103 4253 1441 4313; baseline -0.015 0"><span class='ocrx_word' id='word_1_535' title='bbox 1103 4254 1336 4313; x_wconf 84' lang='lat' dir='ltr'><strong>CAPUT</strong></span> <span class='ocrx_word' id='word_1_536' title='bbox 1375 4253 1441 4309; x_wconf 85' lang='lat' dir='ltr'><strong>V.</strong></span> 
     </span>
    </p>
   </div>
   <div class='ocr_carea' id='block_1_73' title="bbox 489 4366 2057 4439">
    <p class='ocr_par' dir='ltr' id='par_1_73' title="bbox 489 4366 2057 4439">
     <span class='ocr_line' id='line_1_73' title="bbox 489 4366 2057 4439; baseline -0.004 -15"><span class='ocrx_word' id='word_1_537' title='bbox 489 4370 533 4424; x_wconf 83' lang='lat' dir='ltr'><strong><em>A</em></strong></span> <span class='ocrx_word' id='word_1_538' title='bbox 573 4369 778 4439; x_wconf 77' lang='lat' dir='ltr'><strong>psalmo</strong></span> <span class='ocrx_word' id='word_1_539' title='bbox 808 4385 931 4426; x_wconf 79' lang='lat' dir='ltr'><strong>xcv.</strong></span> <span class='ocrx_word' id='word_1_540' title='bbox 961 4399 1034 4414; x_wconf 88' lang='lat'><strong>—-</strong></span> <span class='ocrx_word' id='word_1_541' title='bbox 1075 4371 1341 4424; x_wconf 84' lang='lat' dir='ltr'><strong>Adventus</strong></span> <span class='ocrx_word' id='word_1_542' title='bbox 1390 4367 1608 4423; x_wconf 85' lang='lat' dir='ltr'><strong>Domini</strong></span> <span class='ocrx_word' id='word_1_543' title='bbox 1650 4366 1705 4421; x_wconf 86' lang='lat' dir='ltr'><strong>in</strong></span> <span class='ocrx_word' id='word_1_544' title='bbox 1738 4375 1932 4439; x_wconf 57' lang='lat' dir='ltr'><strong>terram</strong></span> <span class='ocrx_word' id='word_1_545' title='bbox 1975 4381 2057 4419; x_wconf 89' lang='lat' dir='ltr'><strong>re-</strong></span> 
     </span>
    </p>
   </div>
   <div class='ocr_carea' id='block_1_74' title="bbox 558 4435 2055 4512">
    <p class='ocr_par' dir='ltr' id='par_1_74' title="bbox 558 4435 2055 4512">
     <span class='ocr_line' id='line_1_74' title="bbox 558 4435 2055 4512; baseline -0.003 -19"><span class='ocrx_word' id='word_1_546' title='bbox 558 4435 827 4512; x_wconf 58' lang='lat' dir='ltr'><strong>gnumque</strong></span> <span class='ocrx_word' id='word_1_547' title='bbox 864 4443 978 4511; x_wconf 83' lang='lat' dir='ltr'><strong>ejus</strong></span> <span class='ocrx_word' id='word_1_548' title='bbox 1028 4443 1165 4496; x_wconf 84' lang='lat' dir='ltr'><strong>inter</strong></span> <span class='ocrx_word' id='word_1_549' title='bbox 1205 4449 1417 4512; x_wconf 80' lang='lat' dir='ltr'><strong>gentes,</strong></span> <span class='ocrx_word' id='word_1_550' title='bbox 1462 4450 1735 4512; x_wconf 13' lang='lat' dir='ltr'><strong>etinovam</strong></span> <span class='ocrx_word' id='word_1_551' title='bbox 1774 4435 2055 4491; x_wconf 81' lang='lat' dir='ltr'><strong>Canticum</strong></span> 
     </span>
    </p>
   </div>
   <div class='ocr_carea' id='block_1_75' title="bbox 557 4508 1785 4582">
    <p class='ocr_par' dir='ltr' id='par_1_75' title="bbox 557 4508 1785 4582">
     <span class='ocr_line' id='line_1_75' title="bbox 557 4508 1785 4582; baseline 0 -17"><span class='ocrx_word' id='word_1_552' title='bbox 557 4508 659 4566; x_wconf 72' lang='lat' dir='ltr'><strong>non</strong></span> <span class='ocrx_word' id='word_1_553' title='bbox 680 4508 779 4582; x_wconf 74' lang='lat' dir='ltr'><strong>ipsi</strong></span> <span class='ocrx_word' id='word_1_554' title='bbox 808 4508 1001 4576; x_wconf 63' lang='lat' dir='ltr'><strong>Israel,</strong></span> <span class='ocrx_word' id='word_1_555' title='bbox 1035 4514 1125 4566; x_wconf 78' lang='lat' dir='ltr'><strong>sed</strong></span> <span class='ocrx_word' id='word_1_556' title='bbox 1149 4508 1388 4581; x_wconf 76' lang='lat' dir='ltr'><strong>gentibus</strong></span> <span class='ocrx_word' id='word_1_557' title='bbox 1418 4508 1785 4565; x_wconf 68' lang='lat' dir='ltr'><strong>exhibendum.</strong></span> 
     </span>
    </p>
   </div>
   <div class='ocr_carea' id='block_1_76' title="bbox 560 4687 2057 4754">
    <p class='ocr_par' dir='ltr' id='par_1_76' title="bbox 560 4687 2057 4754">
     <span class='ocr_line' id='line_1_76' title="bbox 560 4687 2057 4754; baseline -0.001 -8"><span class='ocrx_word' id='word_1_558' title='bbox 560 4711 581 4746; x_wconf 73' lang='grc' dir='ltr'><strong>ι</strong></span> <span class='ocrx_word' id='word_1_559' title='bbox 602 4691 831 4749; x_wconf 89' lang='lat' dir='ltr'><strong>Cantate</strong></span> <span class='ocrx_word' id='word_1_560' title='bbox 844 4691 1075 4747; x_wconf 89' lang='lat' dir='ltr'><strong>Domino</strong></span> <span class='ocrx_word' id='word_1_561' title='bbox 1088 4689 1363 4745; x_wconf 88' lang='lat' dir='ltr'><strong>canticum</strong></span> <span class='ocrx_word' id='word_1_562' title='bbox 1380 4704 1602 4754; x_wconf 90' lang='lat' dir='ltr'><strong>novum,</strong></span> <span class='ocrx_word' id='word_1_563' title='bbox 1625 4696 1843 4744; x_wconf 89' lang='lat' dir='ltr'><strong>cantate</strong></span> <span class='ocrx_word' id='word_1_564' title='bbox 1870 4687 2057 4745; x_wconf 88' lang='lat' dir='ltr'><strong>Domi-</strong></span> 
     </span>
    </p>
   </div>
   <div class='ocr_carea' id='block_1_77' title="bbox 486 4782 2051 4855">
    <p class='ocr_par' dir='ltr' id='par_1_77' title="bbox 486 4782 2051 4855">
     <span class='ocr_line' id='line_1_77' title="bbox 486 4782 2051 4855; baseline -0.003 -14"><span class='ocrx_word' id='word_1_565' title='bbox 486 4799 580 4851; x_wconf 91' lang='lat' dir='ltr'><strong>no,</strong></span> <span class='ocrx_word' id='word_1_566' title='bbox 604 4786 974 4855; x_wconf 49' lang='lat' dir='ltr'><strong>omnisgterra,</strong></span> <span class='ocrx_word' id='word_1_567' title='bbox 995 4790 1215 4838; x_wconf 89' lang='lat' dir='ltr'><strong>cantate</strong></span> <span class='ocrx_word' id='word_1_568' title='bbox 1244 4782 1499 4846; x_wconf 88' lang='lat' dir='ltr'><strong>Domino,</strong></span> <span class='ocrx_word' id='word_1_569' title='bbox 1520 4782 1824 4837; x_wconf 89' lang='lat' dir='ltr'><strong>benedicite</strong></span> <span class='ocrx_word' id='word_1_570' title='bbox 1843 4782 2051 4837; x_wconf 89' lang='lat' dir='ltr'><strong>nomini</strong></span> 
     </span>
    </p>
   </div>
   <div class='ocr_carea' id='block_1_78' title="bbox 481 4876 2049 4951">
    <p class='ocr_par' dir='ltr' id='par_1_78' title="bbox 481 4876 2049 4951">
     <span class='ocr_line' id='line_1_78' title="bbox 481 4876 2049 4951; baseline -0.001 -17"><span class='ocrx_word' id='word_1_571' title='bbox 481 4880 627 4951; x_wconf 90' lang='lat' dir='ltr'><strong>ejus,</strong></span> <span class='ocrx_word' id='word_1_572' title='bbox 655 4878 974 4933; x_wconf 89' lang='lat' dir='ltr'><strong>annuntiate</strong></span> <span class='ocrx_word' id='word_1_573' title='bbox 1035 4876 1103 4931; x_wconf 92' lang='lat' dir='ltr'><strong>de</strong></span> <span class='ocrx_word' id='word_1_574' title='bbox 1160 4877 1248 4931; x_wconf 89' lang='lat' dir='ltr'><strong>die</strong></span> <span class='ocrx_word' id='word_1_575' title='bbox 1301 4876 1354 4930; x_wconf 92' lang='lat' dir='ltr'><strong>in</strong></span> <span class='ocrx_word' id='word_1_576' title='bbox 1410 4876 1553 4931; x_wconf 89' lang='lat' dir='ltr'><strong>diem</strong></span> <span class='ocrx_word' id='word_1_577' title='bbox 1605 4878 1846 4933; x_wconf 90' lang='lat' dir='ltr'><strong>salutare</strong></span> <span class='ocrx_word' id='word_1_578' title='bbox 1894 4876 2049 4946; x_wconf 83' lang='lat' dir='ltr'><strong>ejus,</strong></span> 
     </span>
    </p>
   </div>
   <div class='ocr_carea' id='block_1_79' title="bbox 484 4968 2052 5040">
    <p class='ocr_par' dir='ltr' id='par_1_79' title="bbox 484 4968 2052 5040">
     <span class='ocr_line' id='line_1_79' title="bbox 484 4968 2052 5040; baseline -0.003 -15"><span class='ocrx_word' id='word_1_579' title='bbox 484 4971 807 5025; x_wconf 87' lang='lat' dir='ltr'><strong>annuntiate</strong></span> <span class='ocrx_word' id='word_1_580' title='bbox 856 4971 1002 5023; x_wconf 90' lang='lat' dir='ltr'><strong>inter</strong></span> <span class='ocrx_word' id='word_1_581' title='bbox 1052 4976 1240 5039; x_wconf 86' lang='lat' dir='ltr'><strong>gentes</strong></span> <span class='ocrx_word' id='word_1_582' title='bbox 1293 4969 1519 5039; x_wconf 88' lang='lat' dir='ltr'><strong>gloriam</strong></span> <span class='ocrx_word' id='word_1_583' title='bbox 1551 4969 1703 5040; x_wconf 85' lang='lat' dir='ltr'><strong>ejus,</strong></span> <span class='ocrx_word' id='word_1_584' title='bbox 1759 4970 1816 5024; x_wconf 95' lang='lat' dir='ltr'><strong>in</strong></span> <span class='ocrx_word' id='word_1_585' title='bbox 1872 4968 2052 5023; x_wconf 86' lang='lat' dir='ltr'><strong>omni-</strong></span> 
     </span>
    </p>
   </div>
   <div class='ocr_carea' id='block_1_80' title="bbox 481 5060 2048 5134">
    <p class='ocr_par' dir='ltr' id='par_1_80' title="bbox 481 5060 2048 5134">
     <span class='ocr_line' id='line_1_80' title="bbox 481 5060 2048 5134; baseline -0.004 -16"><span class='ocrx_word' id='word_1_586' title='bbox 481 5063 586 5118; x_wconf 87' lang='lat' dir='ltr'><strong>bus</strong></span> <span class='ocrx_word' id='word_1_587' title='bbox 647 5061 861 5134; x_wconf 80' lang='lat' dir='ltr'><strong>populis</strong></span> <span class='ocrx_word' id='word_1_588' title='bbox 922 5060 1192 5115; x_wconf 88' lang='lat' dir='ltr'><strong>mirabilia</strong></span> <span class='ocrx_word' id='word_1_589' title='bbox 1256 5060 1435 5130; x_wconf 88' lang='lat' dir='ltr'><strong>ejus:</strong></span> <span class='ocrx_word' id='word_1_590' title='bbox 1496 5061 1756 5131; x_wconf 85' lang='lat' dir='ltr'><strong>quoniam</strong></span> <span class='ocrx_word' id='word_1_591' title='bbox 1815 5073 2048 5129; x_wconf 87' lang='lat' dir='ltr'><strong>magnus</strong></span> 
     </span>
    </p>
   </div>
   <div class='ocr_carea' id='block_1_81' title="bbox 482 5153 2049 5229">
    <p class='ocr_par' dir='ltr' id='par_1_81' title="bbox 482 5153 2049 5229">
     <span class='ocr_line' id='line_1_81' title="bbox 482 5153 2049 5229; baseline -0.003 -18"><span class='ocrx_word' id='word_1_592' title='bbox 482 5158 642 5229; x_wconf 74' lang='lat'><strong>263</strong></span> <span class='ocrx_word' id='word_1_593' title='bbox 701 5156 965 5211; x_wconf 90' lang='lat' dir='ltr'><strong>Dominus</strong></span> <span class='ocrx_word' id='word_1_594' title='bbox 1012 5163 1065 5210; x_wconf 90' lang='lat' dir='ltr'><strong>et</strong></span> <span class='ocrx_word' id='word_1_595' title='bbox 1108 5154 1396 5210; x_wconf 80' lang='lat' dir='ltr'><strong>laudabilis</strong></span> <span class='ocrx_word' id='word_1_596' title='bbox 1425 5155 1612 5220; x_wconf 88' lang='lat' dir='ltr'><strong>nimis,</strong></span> <span class='ocrx_word' id='word_1_597' title='bbox 1641 5153 1921 5209; x_wconf 84' lang='lat' dir='ltr'><strong>terribilis</strong></span> <span class='ocrx_word' id='word_1_598' title='bbox 1963 5160 2049 5206; x_wconf 86' lang='lat' dir='ltr'><strong>est</strong></span> 
     </span>
    </p>
   </div>
   <div class='ocr_carea' id='block_1_82' title="bbox 477 5242 2049 5320">
    <p class='ocr_par' dir='ltr' id='par_1_82' title="bbox 477 5242 2049 5320">
     <span class='ocr_line' id='line_1_82' title="bbox 477 5242 2049 5320; baseline -0.006 -15"><span class='ocrx_word' id='word_1_599' title='bbox 477 5266 644 5320; x_wconf 83' lang='lat' dir='ltr'><strong>super</strong></span> <span class='ocrx_word' id='word_1_600' title='bbox 678 5264 868 5304; x_wconf 89' lang='lat' dir='ltr'><strong>omnes</strong></span> <span class='ocrx_word' id='word_1_601' title='bbox 890 5246 1031 5303; x_wconf 87' lang='lat' dir='ltr'><strong>Deos</strong></span> <span class='ocrx_word' id='word_1_602' title='bbox 1069 5247 1134 5303; x_wconf 71' lang='lat'><strong>&quot;.</strong></span> <span class='ocrx_word' id='word_1_603' title='bbox 1168 5266 1186 5299; x_wconf 76' lang='grc' dir='ltr'><strong>ι</strong></span> <span class='ocrx_word' id='word_1_604' title='bbox 1210 5245 1274 5300; x_wconf 88' lang='lat' dir='ltr'><strong>Et</strong></span> <span class='ocrx_word' id='word_1_605' title='bbox 1303 5262 1535 5302; x_wconf 87' lang='lat' dir='ltr'><strong>rursus:</strong></span> <span class='ocrx_word' id='word_1_606' title='bbox 1583 5264 1605 5299; x_wconf 77' lang='grc' dir='ltr'><strong>ι</strong></span> <span class='ocrx_word' id='word_1_607' title='bbox 1638 5245 1836 5299; x_wconf 69' lang='lat' dir='ltr'><strong>Aﬂ‘erte</strong></span> <span class='ocrx_word' id='word_1_608' title='bbox 1863 5242 2049 5297; x_wconf 86' lang='lat' dir='ltr'><strong>Domi-</strong></span> 
     </span>
    </p>
   </div>
   <div class='ocr_carea' id='block_1_83' title="bbox 480 5337 2048 5413">
    <p class='ocr_par' dir='ltr' id='par_1_83' title="bbox 480 5337 2048 5413">
     <span class='ocr_line' id='line_1_83' title="bbox 480 5337 2048 5413; baseline -0.004 -16"><span class='ocrx_word' id='word_1_609' title='bbox 480 5356 551 5397; x_wconf 91' lang='lat' dir='ltr'><strong>no</strong></span> <span class='ocrx_word' id='word_1_610' title='bbox 574 5343 760 5411; x_wconf 67' lang='lat' dir='ltr'><strong>patria:</strong></span> <span class='ocrx_word' id='word_1_611' title='bbox 789 5343 1029 5413; x_wconf 77' lang='lat' dir='ltr'><strong>gentium</strong></span> <span class='ocrx_word' id='word_1_612' title='bbox 1054 5341 1123 5395; x_wconf 80' lang='lat'><strong>“.</strong></span> <span class='ocrx_word' id='word_1_613' title='bbox 1161 5359 1180 5391; x_wconf 75' lang='grc' dir='ltr'><strong>ι</strong></span> <span class='ocrx_word' id='word_1_614' title='bbox 1217 5338 1281 5392; x_wconf 83' lang='grc' dir='ltr'>Ει</span> <span class='ocrx_word' id='word_1_615' title='bbox 1302 5355 1496 5396; x_wconf 88' lang='lat' dir='ltr'><strong>rursus</strong></span> <span class='ocrx_word' id='word_1_616' title='bbox 1529 5358 1543 5394; x_wconf 94' lang='lat'><strong>:</strong></span> <span class='ocrx_word' id='word_1_617' title='bbox 1576 5358 1597 5391; x_wconf 75' lang='grc' dir='ltr'><strong>ι</strong></span> <span class='ocrx_word' id='word_1_618' title='bbox 1628 5338 1800 5392; x_wconf 90' lang='lat' dir='ltr'><strong>Dicite</strong></span> <span class='ocrx_word' id='word_1_619' title='bbox 1829 5337 1883 5389; x_wconf 89' lang='lat' dir='ltr'><strong>in</strong></span> <span class='ocrx_word' id='word_1_620' title='bbox 1917 5352 2048 5404; x_wconf 82' lang='lat' dir='ltr'><strong>gen-</strong></span> 
     </span>
    </p>
   </div>
   <div class='ocr_carea' id='block_1_84' title="bbox 2154 3408 3742 3490">
    <p class='ocr_par' dir='ltr' id='par_1_84' title="bbox 2154 3408 3742 3490">
     <span class='ocr_line' id='line_1_84' title="bbox 2154 3408 3742 3490; baseline 0.009 -28"><span class='ocrx_word' id='word_1_621' title='bbox 2154 3418 2244 3463; x_wconf 78' lang='grc' dir='ltr'><strong>ται</strong></span> <span class='ocrx_word' id='word_1_622' title='bbox 2273 3409 2372 3481; x_wconf 82' lang='grc' dir='ltr'>τὴν</span> <span class='ocrx_word' id='word_1_623' title='bbox 2400 3411 2722 3480; x_wconf 71' lang='grc' dir='ltr'>ἐπιφάνειαν</span> <span class='ocrx_word' id='word_1_624' title='bbox 2763 3411 2927 3466; x_wconf 81' lang='grc' dir='ltr'>αὐτοῦ</span> <span class='ocrx_word' id='word_1_625' title='bbox 2974 3408 3218 3486; x_wconf 82' lang='grc' dir='ltr'>ᾖ⁶τάχος</span> <span class='ocrx_word' id='word_1_626' title='bbox 3261 3417 3569 3490; x_wconf 67' lang='grc' dir='ltr'>ἐπιστῆναι,</span> <span class='ocrx_word' id='word_1_627' title='bbox 3613 3421 3742 3476; x_wconf 82' lang='grc' dir='ltr'>καθ’</span> 
     </span>
    </p>
   </div>
   <div class='ocr_carea' id='block_1_85' title="bbox 2153 3500 3745 3575">
    <p class='ocr_par' dir='ltr' id='par_1_85' title="bbox 2153 3500 3745 3575">
     <span class='ocr_line' id='line_1_85' title="bbox 2153 3500 3745 3575; baseline 0.008 -21"><span class='ocrx_word' id='word_1_628' title='bbox 2153 3500 2214 3555; x_wconf 85' lang='lat' dir='ltr'><em>6v</em></span> <span class='ocrx_word' id='word_1_629' title='bbox 2255 3501 2551 3574; x_wconf 80' lang='grc' dir='ltr'>ὀφθήσεται</span> <span class='ocrx_word' id='word_1_630' title='bbox 2574 3504 2775 3575; x_wconf 87' lang='grc' dir='ltr'>τρόπον</span> <span class='ocrx_word' id='word_1_631' title='bbox 2817 3500 3084 3559; x_wconf 82' lang='grc' dir='ltr'>διδάσκων</span> <span class='ocrx_word' id='word_1_632' title='bbox 3122 3505 3207 3573; x_wconf 80' lang='grc' dir='ltr'>διὰ</span> <span class='ocrx_word' id='word_1_633' title='bbox 3254 3507 3383 3562; x_wconf 66' lang='grc' dir='ltr'>τοῦθ</span> <span class='ocrx_word' id='word_1_634' title='bbox 3420 3529 3440 3562; x_wconf 75' lang='grc' dir='ltr'><strong>ι</strong></span> <span class='ocrx_word' id='word_1_635' title='bbox 3488 3512 3745 3567; x_wconf 78' lang='grc' dir='ltr'>Ἐπίδλε-</span> 
     </span>
    </p>
   </div>
   <div class='ocr_carea' id='block_1_86' title="bbox 2155 3593 3743 3668">
    <p class='ocr_par' dir='ltr' id='par_1_86' title="bbox 2155 3593 3743 3668">
     <span class='ocr_line' id='line_1_86' title="bbox 2155 3593 3743 3668; baseline 0.008 -22"><span class='ocrx_word' id='word_1_636' title='bbox 2155 3593 2255 3662; x_wconf 83' lang='grc' dir='ltr'><strong>ψον</strong></span> <span class='ocrx_word' id='word_1_637' title='bbox 2283 3594 2377 3646; x_wconf 76' lang='grc' dir='ltr'><strong>ἐπὶ</strong></span> <span class='ocrx_word' id='word_1_638' title='bbox 2414 3594 2475 3648; x_wconf 86' lang='grc' dir='ltr'><strong>τὸ</strong></span> <span class='ocrx_word' id='word_1_639' title='bbox 2504 3596 2794 3668; x_wconf 88' lang='grc' dir='ltr'>πρόσωπον</span> <span class='ocrx_word' id='word_1_640' title='bbox 2834 3597 2930 3651; x_wconf 90' lang='grc' dir='ltr'><strong>τοῦ</strong></span> <span class='ocrx_word' id='word_1_641' title='bbox 2960 3598 3195 3668; x_wconf 84' lang='grc' dir='ltr'>Χριστοῦ</span> <span class='ocrx_word' id='word_1_642' title='bbox 3237 3613 3331 3654; x_wconf 92' lang='grc' dir='ltr'><strong>σου</strong></span> <span class='ocrx_word' id='word_1_643' title='bbox 3357 3618 3369 3629; x_wconf 92' lang='grc'><strong>·</strong></span> <span class='ocrx_word' id='word_1_644' title='bbox 3413 3621 3431 3655; x_wconf 79' lang='grc' dir='ltr'><strong>ι</strong></span> <span class='ocrx_word' id='word_1_645' title='bbox 3466 3602 3602 3656; x_wconf 78' lang='grc' dir='ltr'>ὡσεὶ</span> <span class='ocrx_word' id='word_1_646' title='bbox 3634 3621 3743 3659; x_wconf 78' lang='grc' dir='ltr'>σα-</span> 
     </span>
    </p>
   </div>
   <div class='ocr_carea' id='block_1_87' title="bbox 2156 3686 3735 3767">
    <p class='ocr_par' dir='ltr' id='par_1_87' title="bbox 2156 3686 3735 3767">
     <span class='ocr_line' id='line_1_87' title="bbox 2156 3686 3735 3767; baseline 0.008 -29"><span class='ocrx_word' id='word_1_647' title='bbox 2156 3686 2416 3756; x_wconf 83' lang='grc' dir='ltr'>φέστερον</span> <span class='ocrx_word' id='word_1_648' title='bbox 2469 3688 2709 3759; x_wconf 78' lang='grc' dir='ltr'>εἰρήκειο</span> <span class='ocrx_word' id='word_1_649' title='bbox 2761 3687 2860 3741; x_wconf 77' lang='grc' dir='ltr'>Διὰ</span> <span class='ocrx_word' id='word_1_650' title='bbox 2906 3688 2996 3742; x_wconf 85' lang='grc' dir='ltr'><strong>τοῦ</strong></span> <span class='ocrx_word' id='word_1_651' title='bbox 3040 3688 3329 3761; x_wconf 80' lang='grc' dir='ltr'>προσώπου</span> <span class='ocrx_word' id='word_1_652' title='bbox 3373 3693 3469 3747; x_wconf 90' lang='grc' dir='ltr'><strong>τοῦ</strong></span> <span class='ocrx_word' id='word_1_653' title='bbox 3497 3696 3735 3767; x_wconf 85' lang='grc' dir='ltr'>Χριστοῦ</span> 
     </span>
    </p>
   </div>
   <div class='ocr_carea' id='block_1_88' title="bbox 2159 3779 3738 3856">
    <p class='ocr_par' dir='ltr' id='par_1_88' title="bbox 2159 3779 3738 3856">
     <span class='ocr_line' id='line_1_88' title="bbox 2159 3779 3738 3856; baseline 0.008 -26"><span class='ocrx_word' id='word_1_654' title='bbox 2159 3793 2255 3831; x_wconf 91' lang='grc' dir='ltr'><strong>σου</strong></span> <span class='ocrx_word' id='word_1_655' title='bbox 2301 3779 2614 3851; x_wconf 75' lang='grc' dir='ltr'>ἐπιφάνηθι.</span> <span class='ocrx_word' id='word_1_656' title='bbox 2670 3782 2823 3834; x_wconf 81' lang='grc' dir='ltr'>Ἐπεὶ</span> <span class='ocrx_word' id='word_1_657' title='bbox 2894 3781 2992 3855; x_wconf 70' lang='grc' dir='ltr'><strong>γὰρ</strong></span> <span class='ocrx_word' id='word_1_658' title='bbox 3064 3785 3094 3837; x_wconf 91' lang='lat'><strong>6</strong></span> <span class='ocrx_word' id='word_1_659' title='bbox 3163 3785 3428 3856; x_wconf 80' lang='grc' dir='ltr'>ἑωρακὼς</span> <span class='ocrx_word' id='word_1_660' title='bbox 3469 3788 3565 3842; x_wconf 89' lang='grc' dir='ltr'><strong>τὸν</strong></span> <span class='ocrx_word' id='word_1_661' title='bbox 3603 3789 3738 3843; x_wconf 83' lang='grc' dir='ltr'>Υίὸν</span> 
     </span>
    </p>
   </div>
   <div class='ocr_carea' id='block_1_89' title="bbox 2157 3868 3735 3947">
    <p class='ocr_par' dir='ltr' id='par_1_89' title="bbox 2157 3868 3735 3947">
     <span class='ocr_line' id='line_1_89' title="bbox 2157 3868 3735 3947; baseline 0.008 -26"><span class='ocrx_word' id='word_1_662' title='bbox 2157 3868 2371 3942; x_wconf 75' lang='grc' dir='ltr'>ἑώρακε</span> <span class='ocrx_word' id='word_1_663' title='bbox 2412 3870 2504 3923; x_wconf 88' lang='grc' dir='ltr'><strong>τὸν</strong></span> <span class='ocrx_word' id='word_1_664' title='bbox 2551 3872 2772 3944; x_wconf 91' lang='grc' dir='ltr'>Πατέρα</span> <span class='ocrx_word' id='word_1_665' title='bbox 2810 3874 2902 3929; x_wconf 90' lang='grc' dir='ltr'><strong>τὸν</strong></span> <span class='ocrx_word' id='word_1_666' title='bbox 2949 3875 3237 3947; x_wconf 76' lang='grc' dir='ltr'>πέμψαντα</span> <span class='ocrx_word' id='word_1_667' title='bbox 3284 3877 3470 3942; x_wconf 85' lang='grc' dir='ltr'>αὑτὸν,</span> <span class='ocrx_word' id='word_1_668' title='bbox 3506 3880 3735 3947; x_wconf 83' lang='grc' dir='ltr'>είκότως</span> 
     </span>
    </p>
   </div>
   <div class='ocr_carea' id='block_1_90' title="bbox 2156 3960 3737 4043">
    <p class='ocr_par' dir='ltr' id='par_1_90' title="bbox 2156 3960 3737 4043">
     <span class='ocr_line' id='line_1_90' title="bbox 2156 3960 3737 4043; baseline 0.009 -29"><span class='ocrx_word' id='word_1_669' title='bbox 2156 3960 2245 4015; x_wconf 78' lang='grc' dir='ltr'><strong>διὰ</strong></span> <span class='ocrx_word' id='word_1_670' title='bbox 2287 3961 2381 4015; x_wconf 88' lang='grc' dir='ltr'><strong>τοῦ</strong></span> <span class='ocrx_word' id='word_1_671' title='bbox 2427 3962 2715 4035; x_wconf 86' lang='grc' dir='ltr'>προσώπου</span> <span class='ocrx_word' id='word_1_672' title='bbox 2744 3966 2840 4019; x_wconf 90' lang='grc' dir='ltr'><strong>τοῦ</strong></span> <span class='ocrx_word' id='word_1_673' title='bbox 2883 3968 3120 4039; x_wconf 87' lang='grc' dir='ltr'>Χριστοῦ</span> <span class='ocrx_word' id='word_1_674' title='bbox 3156 3970 3586 4043; x_wconf 81' lang='grc' dir='ltr'>ὲπιφανήσεσθαι</span> <span class='ocrx_word' id='word_1_675' title='bbox 3639 3974 3737 4028; x_wconf 85' lang='grc' dir='ltr'><strong>τὸν</strong></span> 
     </span>
    </p>
   </div>
   <div class='ocr_carea' id='block_1_91' title="bbox 2158 4053 3735 4135">
    <p class='ocr_par' dir='ltr' id='par_1_91' title="bbox 2158 4053 3735 4135">
     <span class='ocr_line' id='line_1_91' title="bbox 2158 4053 3735 4135; baseline 0.01 -30"><span class='ocrx_word' id='word_1_676' title='bbox 2158 4053 2216 4107; x_wconf 76' lang='grc' dir='ltr'>ἐν</span> <span class='ocrx_word' id='word_1_677' title='bbox 2259 4053 2338 4125; x_wconf 85' lang='grc' dir='ltr'>τῷ</span> <span class='ocrx_word' id='word_1_678' title='bbox 2377 4054 2598 4126; x_wconf 90' lang='grc' dir='ltr'>Χριστῷ</span> <span class='ocrx_word' id='word_1_679' title='bbox 2640 4056 2999 4113; x_wconf 89' lang='grc' dir='ltr'>κατοικοῦντα</span> <span class='ocrx_word' id='word_1_680' title='bbox 3040 4059 3174 4114; x_wconf 81' lang='grc' dir='ltr'>Θεὸν</span> <span class='ocrx_word' id='word_1_681' title='bbox 3220 4061 3329 4118; x_wconf 90' lang='grc' dir='ltr'><strong>τῶν</strong></span> <span class='ocrx_word' id='word_1_682' title='bbox 3381 4062 3519 4120; x_wconf 86' lang='grc' dir='ltr'>θεῶν</span> <span class='ocrx_word' id='word_1_683' title='bbox 3557 4066 3735 4135; x_wconf 72' lang='grc' dir='ltr'>ἐπαγ-</span> 
     </span>
    </p>
   </div>
   <div class='ocr_carea' id='block_1_92' title="bbox 2157 4145 2354 4216">
    <p class='ocr_par' dir='ltr' id='par_1_92' title="bbox 2157 4145 2354 4216">
     <span class='ocr_line' id='line_1_92' title="bbox 2157 4145 2354 4216; baseline 0.005 -17"><span class='ocrx_word' id='word_1_684' title='bbox 2157 4145 2354 4216; x_wconf 82' lang='grc' dir='ltr'>γέλλει.</span> 
     </span>
    </p>
   </div>
   <div class='ocr_carea' id='block_1_93' title="bbox 2688 4262 3199 4322">
    <p class='ocr_par' dir='ltr' id='par_1_93' title="bbox 2688 4262 3199 4322">
     <span class='ocr_line' id='line_1_93' title="bbox 2688 4262 3199 4322; baseline 0.012 -7"><span class='ocrx_word' id='word_1_685' title='bbox 2688 4262 3081 4319; x_wconf 76' lang='grc' dir='ltr'><strong>ΚΕΦΑΔΛΙΟΝ</strong></span> <span class='ocrx_word' id='word_1_686' title='bbox 3123 4262 3199 4322; x_wconf 87' lang='lat' dir='ltr'><strong>E&#39;.</strong></span> 
     </span>
    </p>
   </div>
   <div class='ocr_carea' id='block_1_94' title="bbox 2170 4369 3729 4452">
    <p class='ocr_par' dir='ltr' id='par_1_94' title="bbox 2170 4369 3729 4452">
     <span class='ocr_line' id='line_1_94' title="bbox 2170 4369 3729 4452; baseline 0.008 -29"><span class='ocrx_word' id='word_1_687' title='bbox 2170 4369 2301 4452; x_wconf 61' lang='grc' dir='ltr'>Ἇεξὸ</span> <span class='ocrx_word' id='word_1_688' title='bbox 2330 4371 2575 4452; x_wconf 69' lang='grc' dir='ltr'>ψαλμοῦ</span> <span class='ocrx_word' id='word_1_689' title='bbox 2613 4378 2722 4452; x_wconf 41' lang='grc' dir='ltr'>κε’.-</span> <span class='ocrx_word' id='word_1_690' title='bbox 2753 4404 2840 4452; x_wconf 78' lang='lat'><strong>—_</strong></span> <span class='ocrx_word' id='word_1_691' title='bbox 2861 4378 3407 4452; x_wconf 64' lang='lat' dir='ltr'><strong>[IapovglaKvglov</strong></span> <span class='ocrx_word' id='word_1_692' title='bbox 3451 4378 3551 4434; x_wconf 66' lang='lat' dir='ltr'><strong>em</strong></span> <span class='ocrx_word' id='word_1_693' title='bbox 3589 4380 3729 4452; x_wconf 71' lang='grc' dir='ltr'>γῆς,</span> 
     </span>
    </p>
   </div>
   <div class='ocr_carea' id='block_1_95' title="bbox 2221 4441 3741 4513">
    <p class='ocr_par' dir='ltr' id='par_1_95' title="bbox 2221 4441 3741 4513">
     <span class='ocr_line' id='line_1_95' title="bbox 2221 4441 3741 4513; baseline 0.01 -20"><span class='ocrx_word' id='word_1_694' title='bbox 2221 4441 2511 4513; x_wconf 60' lang='grc' dir='ltr'>,βασιλεία</span> <span class='ocrx_word' id='word_1_695' title='bbox 2549 4460 2613 4497; x_wconf 78' lang='grc' dir='ltr'><strong>τε</strong></span> <span class='ocrx_word' id='word_1_696' title='bbox 2640 4441 2844 4500; x_wconf 83' lang='grc' dir='ltr'>αὑτοῦ</span> <span class='ocrx_word' id='word_1_697' title='bbox 2880 4441 2979 4501; x_wconf 58' lang='grc' dir='ltr'><strong>ἐπεὶ</strong></span> <span class='ocrx_word' id='word_1_698' title='bbox 3016 4448 3135 4501; x_wconf 77' lang='grc' dir='ltr'><strong>τῶν</strong></span> <span class='ocrx_word' id='word_1_699' title='bbox 3165 4441 3370 4513; x_wconf 72' lang='grc' dir='ltr'>ἐθνῶν,</span> <span class='ocrx_word' id='word_1_700' title='bbox 3404 4441 3621 4505; x_wconf 68' lang='grc' dir='ltr'>καινόν</span> <span class='ocrx_word' id='word_1_701' title='bbox 3651 4441 3741 4508; x_wconf 64' lang='grc' dir='ltr'><strong>’ὗέ</strong></span> 
     </span>
    </p>
   </div>
   <div class='ocr_carea' id='block_1_96' title="bbox 2227 4505 3741 4592">
    <p class='ocr_par' dir='ltr' id='par_1_96' title="bbox 2227 4505 3741 4592">
     <span class='ocr_line' id='line_1_96' title="bbox 2227 4505 3741 4592; baseline -0.004 -12"><span class='ocrx_word' id='word_1_702' title='bbox 2227 4505 2393 4592; x_wconf 53' lang='grc' dir='ltr'>ᾆσμα</span> <span class='ocrx_word' id='word_1_703' title='bbox 2432 4517 2503 4567; x_wconf 84' lang='grc' dir='ltr'>οὐ</span> <span class='ocrx_word' id='word_1_704' title='bbox 2535 4513 2615 4580; x_wconf 82' lang='grc' dir='ltr'>τῷ</span> <span class='ocrx_word' id='word_1_705' title='bbox 2668 4516 2936 4585; x_wconf 77' lang='grc' dir='ltr'>Ἰσραὴλ,</span> <span class='ocrx_word' id='word_1_706' title='bbox 2978 4518 3138 4573; x_wconf 71' lang='grc' dir='ltr'><strong>ἀλλὰ</strong></span> <span class='ocrx_word' id='word_1_707' title='bbox 3164 4519 3288 4586; x_wconf 81' lang='grc' dir='ltr'><strong>τοῖς</strong></span> <span class='ocrx_word' id='word_1_708' title='bbox 3317 4505 3521 4575; x_wconf 69' lang='grc' dir='ltr'>ἔθνεσι</span> <span class='ocrx_word' id='word_1_709' title='bbox 3552 4505 3741 4592; x_wconf 64' lang='grc' dir='ltr'><strong>δοθῂζ</strong></span> 
     </span>
    </p>
   </div>
   <div class='ocr_carea' id='block_1_97' title="bbox 2081 4567 2502 4651">
    <p class='ocr_par' dir='ltr' id='par_1_97' title="bbox 2081 4567 2502 4651">
     <span class='ocr_line' id='line_1_97' title="bbox 2081 4567 2502 4651; baseline 0.005 -16"><span class='ocrx_word' id='word_1_710' title='bbox 2081 4567 2132 4627; x_wconf 82' lang='lat' dir='ltr'><strong>o</strong></span> <span class='ocrx_word' id='word_1_711' title='bbox 2226 4567 2502 4651; x_wconf 48' lang='lat' dir='ltr'><strong>edam».</strong></span> 
     </span>
    </p>
   </div>
   <div class='ocr_carea' id='block_1_98' title="bbox 2231 4696 3733 4781">
    <p class='ocr_par' dir='ltr' id='par_1_98' title="bbox 2231 4696 3733 4781">
     <span class='ocr_line' id='line_1_98' title="bbox 2231 4696 3733 4781; baseline 0.009 -33"><span class='ocrx_word' id='word_1_712' title='bbox 2231 4715 2249 4747; x_wconf 83' lang='grc' dir='ltr'><strong>ι</strong></span> <span class='ocrx_word' id='word_1_713' title='bbox 2292 4696 2490 4767; x_wconf 85' lang='grc' dir='ltr'>’ᾼσατε</span> <span class='ocrx_word' id='word_1_714' title='bbox 2513 4698 2590 4769; x_wconf 83' lang='grc' dir='ltr'>τῷ</span> <span class='ocrx_word' id='word_1_715' title='bbox 2613 4701 2802 4772; x_wconf 82' lang='grc' dir='ltr'>Κυρίῳ</span> <span class='ocrx_word' id='word_1_716' title='bbox 2826 4698 2977 4774; x_wconf 79' lang='grc' dir='ltr'>ᾆσμα</span> <span class='ocrx_word' id='word_1_717' title='bbox 3006 4703 3210 4771; x_wconf 85' lang='grc' dir='ltr'>καινὸν,</span> <span class='ocrx_word' id='word_1_718' title='bbox 3240 4704 3405 4777; x_wconf 75' lang='grc' dir='ltr'>ᾀσατε</span> <span class='ocrx_word' id='word_1_719' title='bbox 3420 4704 3499 4777; x_wconf 84' lang='grc' dir='ltr'>τῷ</span> <span class='ocrx_word' id='word_1_720' title='bbox 3512 4708 3733 4781; x_wconf 75' lang='grc' dir='ltr'>Κυρίῳ,</span> 
     </span>
    </p>
   </div>
   <div class='ocr_carea' id='block_1_99' title="bbox 2154 4790 3732 4872">
    <p class='ocr_par' dir='ltr' id='par_1_99' title="bbox 2154 4790 3732 4872">
     <span class='ocr_line' id='line_1_99' title="bbox 2154 4790 3732 4872; baseline 0.008 -31"><span class='ocrx_word' id='word_1_721' title='bbox 2154 4790 2357 4859; x_wconf 79' lang='grc' dir='ltr'>πᾶσαὴ</span> <span class='ocrx_word' id='word_1_722' title='bbox 2389 4791 2482 4860; x_wconf 86' lang='grc' dir='ltr'><strong>γῆ.</strong></span> <span class='ocrx_word' id='word_1_723' title='bbox 2518 4793 2718 4863; x_wconf 81' lang='grc' dir='ltr'>’ᾼσατε</span> <span class='ocrx_word' id='word_1_724' title='bbox 2748 4794 2825 4865; x_wconf 85' lang='grc' dir='ltr'>τῷ</span> <span class='ocrx_word' id='word_1_725' title='bbox 2856 4796 3068 4867; x_wconf 84' lang='grc' dir='ltr'>Κυρίῳ,</span> <span class='ocrx_word' id='word_1_726' title='bbox 3097 4796 3424 4868; x_wconf 80' lang='grc' dir='ltr'>εὐλογήσατε</span> <span class='ocrx_word' id='word_1_727' title='bbox 3448 4799 3511 4851; x_wconf 86' lang='grc' dir='ltr'><strong>τὸ</strong></span> <span class='ocrx_word' id='word_1_728' title='bbox 3556 4799 3732 4872; x_wconf 75' lang='grc' dir='ltr'>ὄνομα</span> 
     </span>
    </p>
   </div>
   <div class='ocr_carea' id='block_1_100' title="bbox 2152 4879 3735 4963">
    <p class='ocr_par' dir='ltr' id='par_1_100' title="bbox 2152 4879 3735 4963">
     <span class='ocr_line' id='line_1_100' title="bbox 2152 4879 3735 4963; baseline 0.008 -30"><span class='ocrx_word' id='word_1_729' title='bbox 2152 4879 2339 4935; x_wconf 79' lang='grc' dir='ltr'>αὑτοῦ.</span> <span class='ocrx_word' id='word_1_730' title='bbox 2361 4882 2800 4951; x_wconf 85' lang='grc' dir='ltr'>Εὑαγγελίσασθε</span> <span class='ocrx_word' id='word_1_731' title='bbox 2829 4886 3037 4959; x_wconf 79' lang='grc' dir='ltr'>ἡμέραν</span> <span class='ocrx_word' id='word_1_732' title='bbox 3057 4889 3117 4952; x_wconf 73' lang='grc' dir='ltr'>ἐξ</span> <span class='ocrx_word' id='word_1_733' title='bbox 3141 4888 3354 4960; x_wconf 83' lang='grc' dir='ltr'>ἡμέρας</span> <span class='ocrx_word' id='word_1_734' title='bbox 3378 4890 3439 4943; x_wconf 88' lang='grc' dir='ltr'><strong>τὸ</strong></span> <span class='ocrx_word' id='word_1_735' title='bbox 3461 4892 3735 4963; x_wconf 82' lang='grc' dir='ltr'>σωτήριον</span> 
     </span>
    </p>
   </div>
   <div class='ocr_carea' id='block_1_101' title="bbox 2153 4973 3729 5051">
    <p class='ocr_par' dir='ltr' id='par_1_101' title="bbox 2153 4973 3729 5051">
     <span class='ocr_line' id='line_1_101' title="bbox 2153 4973 3729 5051; baseline 0.008 -26"><span class='ocrx_word' id='word_1_736' title='bbox 2153 4973 2316 5026; x_wconf 77' lang='grc' dir='ltr'>αὐτοῦ</span> <span class='ocrx_word' id='word_1_737' title='bbox 2343 4989 2356 5004; x_wconf 91' lang='grc'><strong>·</strong></span> <span class='ocrx_word' id='word_1_738' title='bbox 2396 4974 2750 5044; x_wconf 83' lang='grc' dir='ltr'>ἀναγγείλατε</span> <span class='ocrx_word' id='word_1_739' title='bbox 2780 4978 2840 5030; x_wconf 83' lang='grc' dir='ltr'>ὲν</span> <span class='ocrx_word' id='word_1_740' title='bbox 2872 4982 2984 5042; x_wconf 88' lang='grc' dir='ltr'>τοῖς</span> <span class='ocrx_word' id='word_1_741' title='bbox 3007 4979 3184 5033; x_wconf 78' lang='grc' dir='ltr'>ἔθνεσι</span> <span class='ocrx_word' id='word_1_742' title='bbox 3208 4982 3309 5051; x_wconf 82' lang='grc' dir='ltr'>τὴν</span> <span class='ocrx_word' id='word_1_743' title='bbox 3344 4979 3502 5046; x_wconf 82' lang='grc' dir='ltr'>δόξαν</span> <span class='ocrx_word' id='word_1_744' title='bbox 3537 4983 3729 5050; x_wconf 80' lang='grc' dir='ltr'>αὑτοῦ,</span> 
     </span>
    </p>
   </div>
   <div class='ocr_carea' id='block_1_102' title="bbox 2154 5065 3731 5149">
    <p class='ocr_par' dir='ltr' id='par_1_102' title="bbox 2154 5065 3731 5149">
     <span class='ocr_line' id='line_1_102' title="bbox 2154 5065 3731 5149; baseline 0.01 -33"><span class='ocrx_word' id='word_1_745' title='bbox 2154 5065 2213 5118; x_wconf 77' lang='grc' dir='ltr'><strong>έν</strong></span> <span class='ocrx_word' id='word_1_746' title='bbox 2253 5067 2384 5119; x_wconf 73' lang='grc' dir='ltr'>πᾶσι</span> <span class='ocrx_word' id='word_1_747' title='bbox 2420 5071 2531 5130; x_wconf 87' lang='grc' dir='ltr'>τοῖς</span> <span class='ocrx_word' id='word_1_748' title='bbox 2571 5068 2719 5132; x_wconf 79' lang='grc' dir='ltr'>λαοῖς</span> <span class='ocrx_word' id='word_1_749' title='bbox 2749 5069 2819 5122; x_wconf 80' lang='grc' dir='ltr'>τὰ</span> <span class='ocrx_word' id='word_1_750' title='bbox 2861 5069 3140 5142; x_wconf 87' lang='grc' dir='ltr'>θαυμάσια</span> <span class='ocrx_word' id='word_1_751' title='bbox 3184 5074 3350 5128; x_wconf 79' lang='grc' dir='ltr'>αὑτοῦ</span> <span class='ocrx_word' id='word_1_752' title='bbox 3375 5091 3388 5104; x_wconf 88' lang='grc'><strong>·</strong></span> <span class='ocrx_word' id='word_1_753' title='bbox 3434 5077 3518 5129; x_wconf 81' lang='grc' dir='ltr'>ὅτι</span> <span class='ocrx_word' id='word_1_754' title='bbox 3551 5078 3731 5149; x_wconf 83' lang='grc' dir='ltr'>μέγας</span> 
     </span>
    </p>
   </div>
   <div class='ocr_carea' id='block_1_103' title="bbox 2153 5156 3732 5238">
    <p class='ocr_par' dir='ltr' id='par_1_103' title="bbox 2153 5156 3732 5238">
     <span class='ocr_line' id='line_1_103' title="bbox 2153 5156 3732 5238; baseline 0.009 -29"><span class='ocrx_word' id='word_1_755' title='bbox 2153 5156 2357 5228; x_wconf 82' lang='grc' dir='ltr'>Κύριος</span> <span class='ocrx_word' id='word_1_756' title='bbox 2385 5159 2479 5211; x_wconf 74' lang='grc' dir='ltr'><strong>καὶ</strong></span> <span class='ocrx_word' id='word_1_757' title='bbox 2511 5160 2719 5224; x_wconf 81' lang='grc' dir='ltr'>αἰνετὸς</span> <span class='ocrx_word' id='word_1_758' title='bbox 2741 5161 2965 5234; x_wconf 80' lang='grc' dir='ltr'>σφόδρα,</span> <span class='ocrx_word' id='word_1_759' title='bbox 2995 5164 3222 5237; x_wconf 80' lang='grc' dir='ltr'>φοϐερός</span> <span class='ocrx_word' id='word_1_760' title='bbox 3256 5169 3403 5220; x_wconf 73' lang='grc' dir='ltr'>ἐστιν</span> <span class='ocrx_word' id='word_1_761' title='bbox 3434 5168 3576 5238; x_wconf 79' lang='grc' dir='ltr'>ὑπὲρ</span> <span class='ocrx_word' id='word_1_762' title='bbox 3596 5171 3732 5224; x_wconf 82' lang='grc' dir='ltr'>πάν-</span> 
     </span>
    </p>
   </div>
   <div class='ocr_carea' id='block_1_104' title="bbox 2152 5250 3733 5331">
    <p class='ocr_par' dir='ltr' id='par_1_104' title="bbox 2152 5250 3733 5331">
     <span class='ocr_line' id='line_1_104' title="bbox 2152 5250 3733 5331; baseline 0.008 -30"><span class='ocrx_word' id='word_1_763' title='bbox 2152 5265 2252 5312; x_wconf 80' lang='grc' dir='ltr'><strong>τας</strong></span> <span class='ocrx_word' id='word_1_764' title='bbox 2290 5251 2418 5313; x_wconf 82' lang='grc' dir='ltr'>τοὺς</span> <span class='ocrx_word' id='word_1_765' title='bbox 2457 5250 2628 5314; x_wconf 87' lang='grc' dir='ltr'>θεούς.</span> <span class='ocrx_word' id='word_1_766' title='bbox 2674 5271 2695 5304; x_wconf 73' lang='grc' dir='ltr'><strong>ι</strong></span> <span class='ocrx_word' id='word_1_767' title='bbox 2736 5254 2846 5306; x_wconf 80' lang='grc' dir='ltr'>Καὶ</span> <span class='ocrx_word' id='word_1_768' title='bbox 2885 5256 3044 5311; x_wconf 80' lang='grc' dir='ltr'>πάλιν</span> <span class='ocrx_word' id='word_1_769' title='bbox 3069 5273 3084 5288; x_wconf 91' lang='grc'><strong>·</strong></span> <span class='ocrx_word' id='word_1_770' title='bbox 3122 5276 3142 5309; x_wconf 74' lang='grc' dir='ltr'><strong>ι</strong></span> <span class='ocrx_word' id='word_1_771' title='bbox 3191 5259 3477 5327; x_wconf 80' lang='grc' dir='ltr'>Ἐνέγκατε</span> <span class='ocrx_word' id='word_1_772' title='bbox 3505 5260 3585 5331; x_wconf 81' lang='grc' dir='ltr'>τῷ</span> <span class='ocrx_word' id='word_1_773' title='bbox 3615 5261 3733 5314; x_wconf 73' lang='grc' dir='ltr'>Κυα-</span> 
     </span>
    </p>
   </div>
   <div class='ocr_carea' id='block_1_105' title="bbox 2156 5340 3729 5413">
    <p class='ocr_par' dir='ltr' id='par_1_105' title="bbox 2156 5340 3729 5413">
     <span class='ocr_line' id='line_1_105' title="bbox 2156 5340 3729 5413; baseline 0.01 -21"><span class='ocrx_word' id='word_1_774' title='bbox 2156 5340 2256 5413; x_wconf 81' lang='grc' dir='ltr'>ρίῳ</span> <span class='ocrx_word' id='word_1_775' title='bbox 2278 5343 2336 5394; x_wconf 86' lang='grc' dir='ltr'>αἱ</span> <span class='ocrx_word' id='word_1_776' title='bbox 2363 5346 2591 5413; x_wconf 73' lang='grc' dir='ltr'>πατριαὶ</span> <span class='ocrx_word' id='word_1_777' title='bbox 2611 5345 2718 5399; x_wconf 83' lang='grc' dir='ltr'><strong>τῶν</strong></span> <span class='ocrx_word' id='word_1_778' title='bbox 2739 5346 2929 5403; x_wconf 78' lang='grc' dir='ltr'>ἐθνῶν.</span> <span class='ocrx_word' id='word_1_779' title='bbox 2969 5368 2987 5399; x_wconf 71' lang='grc' dir='ltr'><strong>ι</strong></span> <span class='ocrx_word' id='word_1_780' title='bbox 3020 5350 3129 5403; x_wconf 74' lang='grc' dir='ltr'>Καὶ</span> <span class='ocrx_word' id='word_1_781' title='bbox 3154 5350 3314 5404; x_wconf 85' lang='grc' dir='ltr'>πάλιν</span> <span class='ocrx_word' id='word_1_782' title='bbox 3331 5368 3347 5382; x_wconf 64' lang='grc' dir='ltr'>θ</span> <span class='ocrx_word' id='word_1_783' title='bbox 3383 5371 3404 5403; x_wconf 86' lang='grc'><em>‹</em></span> <span class='ocrx_word' id='word_1_784' title='bbox 3434 5352 3638 5407; x_wconf 77' lang='grc' dir='ltr'>Εἴπατε</span> <span class='ocrx_word' id='word_1_785' title='bbox 3668 5356 3729 5407; x_wconf 84' lang='grc' dir='ltr'>ὲν</span> 
     </span>
    </p>
   </div>
   <div class='ocr_carea' id='block_1_106' title="bbox 479 5429 2057 5511">
    <p class='ocr_par' dir='ltr' id='par_1_106' title="bbox 479 5429 2045 5504">
     <span class='ocr_line' id='line_1_106' title="bbox 479 5429 2045 5504; baseline -0.004 -17"><span class='ocrx_word' id='word_1_786' title='bbox 479 5433 626 5487; x_wconf 89' lang='lat' dir='ltr'><strong>tibus</strong></span> <span class='ocrx_word' id='word_1_787' title='bbox 655 5433 799 5504; x_wconf 92' lang='lat' dir='ltr'><strong>quod</strong></span> <span class='ocrx_word' id='word_1_788' title='bbox 854 5433 1119 5488; x_wconf 85' lang='lat' dir='ltr'><strong>Dominus</strong></span> <span class='ocrx_word' id='word_1_789' title='bbox 1174 5433 1421 5503; x_wconf 84' lang='lat' dir='ltr'><strong>regnavit</strong></span> <span class='ocrx_word' id='word_1_790' title='bbox 1458 5433 1525 5486; x_wconf 76' lang='lat'><strong>&#39;°.</strong></span> <span class='ocrx_word' id='word_1_791' title='bbox 1563 5450 1582 5483; x_wconf 71' lang='grc' dir='ltr'><strong>ι</strong></span> <span class='ocrx_word' id='word_1_792' title='bbox 1615 5429 1697 5484; x_wconf 84' lang='lat' dir='ltr'><strong>Ad</strong></span> <span class='ocrx_word' id='word_1_793' title='bbox 1742 5436 2045 5483; x_wconf 77' lang='lat' dir='ltr'><strong>extremum</strong></span> 
     </span>
    </p>
   </div>
   <div class='ocr_carea' id='block_1_107' title="bbox 2157 5429 3732 5511">
    <p class='ocr_par' dir='ltr' id='par_1_107' title="bbox 2157 5434 3732 5511">
     <span class='ocr_line' id='line_1_107' title="bbox 2157 5434 3732 5511; baseline 0.009 -26"><span class='ocrx_word' id='word_1_794' title='bbox 2157 5436 2266 5497; x_wconf 85' lang='grc' dir='ltr'>τοῖς</span> <span class='ocrx_word' id='word_1_795' title='bbox 2292 5434 2520 5498; x_wconf 72' lang='grc' dir='ltr'>ἔθνεσιν,</span> <span class='ocrx_word' id='word_1_796' title='bbox 2560 5437 2641 5491; x_wconf 86' lang='grc' dir='ltr'>ὅτι</span> <span class='ocrx_word' id='word_1_797' title='bbox 2674 5438 2876 5511; x_wconf 81' lang='grc' dir='ltr'>Κύριος</span> <span class='ocrx_word' id='word_1_798' title='bbox 2914 5440 3251 5496; x_wconf 70' lang='grc' dir='ltr'>ἐϐασίλευσε.</span> <span class='ocrx_word' id='word_1_799' title='bbox 3282 5463 3301 5495; x_wconf 75' lang='grc' dir='ltr'><strong>ι</strong></span> <span class='ocrx_word' id='word_1_800' title='bbox 3347 5444 3457 5497; x_wconf 75' lang='grc' dir='ltr'>Καὶ</span> <span class='ocrx_word' id='word_1_801' title='bbox 3501 5445 3594 5498; x_wconf 76' lang='grc' dir='ltr'><strong>ἐπὶ</strong></span> <span class='ocrx_word' id='word_1_802' title='bbox 3621 5448 3732 5498; x_wconf 82' lang='grc' dir='ltr'><strong>πᾶ·-</strong></span> 
     </span>
    </p>
   </div>
   <div class='ocr_carea' id='block_1_108' title="bbox 480 5524 2048 5598">
    <p class='ocr_par' dir='ltr' id='par_1_108' title="bbox 480 5524 2048 5598">
     <span class='ocr_line' id='line_1_108' title="bbox 480 5524 2048 5598; baseline -0.001 -19"><span class='ocrx_word' id='word_1_803' title='bbox 480 5540 609 5579; x_wconf 87' lang='lat' dir='ltr'><strong>vero</strong></span> <span class='ocrx_word' id='word_1_804' title='bbox 635 5527 880 5598; x_wconf 77' lang='lat' dir='ltr'><strong>adjungit</strong></span> <span class='ocrx_word' id='word_1_805' title='bbox 911 5545 925 5581; x_wconf 90' lang='lat'><strong>:</strong></span> <span class='ocrx_word' id='word_1_806' title='bbox 962 5545 982 5579; x_wconf 77' lang='grc' dir='ltr'><strong>ι</strong></span> <span class='ocrx_word' id='word_1_807' title='bbox 1024 5527 1179 5582; x_wconf 91' lang='lat' dir='ltr'><strong>Tunc</strong></span> <span class='ocrx_word' id='word_1_808' title='bbox 1209 5526 1561 5582; x_wconf 77' lang='lat' dir='ltr'><strong>exsultabant</strong></span> <span class='ocrx_word' id='word_1_809' title='bbox 1583 5524 1765 5579; x_wconf 90' lang='lat' dir='ltr'><strong>omnia</strong></span> <span class='ocrx_word' id='word_1_810' title='bbox 1790 5524 1933 5595; x_wconf 87' lang='lat' dir='ltr'><strong>ligna</strong></span> <span class='ocrx_word' id='word_1_811' title='bbox 1957 5524 2048 5579; x_wconf 74' lang='lat' dir='ltr'><strong>sil—</strong></span> 
     </span>
    </p>
   </div>
   <div class='ocr_carea' id='block_1_109' title="bbox 2154 5525 3733 5602">
    <p class='ocr_par' dir='ltr' id='par_1_109' title="bbox 2154 5525 3733 5602">
     <span class='ocr_line' id='line_1_109' title="bbox 2154 5525 3733 5602; baseline 0.008 -23"><span class='ocrx_word' id='word_1_812' title='bbox 2154 5541 2239 5579; x_wconf 89' lang='grc' dir='ltr'><strong>σιν</strong></span> <span class='ocrx_word' id='word_1_813' title='bbox 2271 5525 2512 5596; x_wconf 82' lang='grc' dir='ltr'>ἐπιλέγει</span> <span class='ocrx_word' id='word_1_814' title='bbox 2537 5544 2551 5558; x_wconf 72' lang='grc' dir='ltr'><strong><em>ο</em></strong></span> <span class='ocrx_word' id='word_1_815' title='bbox 2598 5548 2617 5580; x_wconf 76' lang='grc' dir='ltr'><strong>ι</strong></span> <span class='ocrx_word' id='word_1_816' title='bbox 2653 5528 2787 5584; x_wconf 85' lang='grc' dir='ltr'>Τότε</span> <span class='ocrx_word' id='word_1_817' title='bbox 2826 5533 3243 5601; x_wconf 84' lang='grc' dir='ltr'>άγαλλιάσονται</span> <span class='ocrx_word' id='word_1_818' title='bbox 3276 5536 3452 5590; x_wconf 88' lang='grc' dir='ltr'>πάντα</span> <span class='ocrx_word' id='word_1_819' title='bbox 3487 5538 3555 5592; x_wconf 83' lang='grc' dir='ltr'>τὰ</span> <span class='ocrx_word' id='word_1_820' title='bbox 3598 5538 3733 5602; x_wconf 76' lang='grc' dir='ltr'><strong>ξύλω</strong></span> 
     </span>
    </p>
   </div>
   <div class='ocr_carea' id='block_1_110' title="bbox 478 5615 2057 5700">
    <p class='ocr_par' dir='ltr' id='par_1_110' title="bbox 478 5615 2049 5690">
     <span class='ocr_line' id='line_1_110' title="bbox 478 5615 2049 5690; baseline -0.001 -19"><span class='ocrx_word' id='word_1_821' title='bbox 478 5621 665 5671; x_wconf 72' lang='lat' dir='ltr'><strong>Varuin</strong></span> <span class='ocrx_word' id='word_1_822' title='bbox 684 5632 713 5671; x_wconf 89' lang='lat' dir='ltr'><strong>a</strong></span> <span class='ocrx_word' id='word_1_823' title='bbox 731 5618 865 5675; x_wconf 85' lang='lat' dir='ltr'><strong>facie</strong></span> <span class='ocrx_word' id='word_1_824' title='bbox 887 5618 1121 5684; x_wconf 90' lang='lat' dir='ltr'><strong>Domini,</strong></span> <span class='ocrx_word' id='word_1_825' title='bbox 1138 5618 1395 5690; x_wconf 88' lang='lat' dir='ltr'><strong>quoniam</strong></span> <span class='ocrx_word' id='word_1_826' title='bbox 1416 5618 1597 5673; x_wconf 88' lang='lat' dir='ltr'><strong>venit:</strong></span> <span class='ocrx_word' id='word_1_827' title='bbox 1622 5615 1878 5687; x_wconf 86' lang='lat' dir='ltr'><strong>quoniam</strong></span> <span class='ocrx_word' id='word_1_828' title='bbox 1900 5616 2049 5672; x_wconf 89' lang='lat' dir='ltr'><strong>venit</strong></span> 
     </span>
    </p>
   </div>
   <div class='ocr_carea' id='block_1_111' title="bbox 2157 5615 3739 5700">
    <p class='ocr_par' dir='ltr' id='par_1_111' title="bbox 2157 5617 3739 5700">
     <span class='ocr_line' id='line_1_111' title="bbox 2157 5617 3739 5700; baseline 0.011 -31"><span class='ocrx_word' id='word_1_829' title='bbox 2157 5617 2244 5670; x_wconf 85' lang='grc' dir='ltr'><strong>τοῦ</strong></span> <span class='ocrx_word' id='word_1_830' title='bbox 2276 5618 2502 5690; x_wconf 87' lang='grc' dir='ltr'>δρυμοῦ,</span> <span class='ocrx_word' id='word_1_831' title='bbox 2540 5621 2647 5675; x_wconf 81' lang='grc' dir='ltr'>ἀπὸ</span> <span class='ocrx_word' id='word_1_832' title='bbox 2679 5623 2971 5694; x_wconf 76' lang='grc' dir='ltr'>προσώπου</span> <span class='ocrx_word' id='word_1_833' title='bbox 2995 5627 3222 5698; x_wconf 86' lang='grc' dir='ltr'>Κυρίου,</span> <span class='ocrx_word' id='word_1_834' title='bbox 3263 5629 3342 5682; x_wconf 83' lang='grc' dir='ltr'>ὅτι</span> <span class='ocrx_word' id='word_1_835' title='bbox 3365 5629 3585 5700; x_wconf 79' lang='grc' dir='ltr'>ἔρχεται</span> <span class='ocrx_word' id='word_1_836' title='bbox 3606 5648 3621 5663; x_wconf 72' lang='grc' dir='ltr'><strong>ο</strong></span> <span class='ocrx_word' id='word_1_837' title='bbox 3647 5634 3739 5686; x_wconf 63' lang='lat' dir='ltr'><strong>61t-</strong></span> 
     </span>
    </p>
   </div>
   <div class='ocr_carea' id='block_1_112' title="bbox 545 5766 3727 5846">
    <p class='ocr_par' dir='ltr' id='par_1_112' title="bbox 545 5766 3727 5846">
     <span class='ocr_line' id='line_1_112' title="bbox 545 5766 3727 5846; baseline 0.006 -25"><span class='ocrx_word' id='word_1_838' title='bbox 545 5767 596 5799; x_wconf 72' lang='grc' dir='ltr'>δι</span> <span class='ocrx_word' id='word_1_839' title='bbox 628 5766 768 5829; x_wconf 86' lang='lat' dir='ltr'><strong>Psal.</strong></span> <span class='ocrx_word' id='word_1_840' title='bbox 797 5788 943 5838; x_wconf 73' lang='lat' dir='ltr'><strong>nix,</strong></span> <span class='ocrx_word' id='word_1_841' title='bbox 967 5773 1115 5829; x_wconf 85' lang='lat' dir='ltr'><strong>7-l5.</strong></span> <span class='ocrx_word' id='word_1_842' title='bbox 1193 5773 1396 5830; x_wconf 78' lang='lat' dir='ltr'><strong>“Psal.</strong></span> <span class='ocrx_word' id='word_1_843' title='bbox 1420 5788 1625 5841; x_wconf 62' lang='lat' dir='ltr'><strong>nixu,</strong></span> <span class='ocrx_word' id='word_1_844' title='bbox 1658 5772 1812 5829; x_wconf 67' lang='lat'><strong>8-10.</strong></span> <span class='ocrx_word' id='word_1_845' title='bbox 1888 5774 1935 5807; x_wconf 81' lang='lat'>“</span> <span class='ocrx_word' id='word_1_846' title='bbox 1960 5773 2119 5832; x_wconf 86' lang='lat' dir='ltr'><strong>Joan.</strong></span> <span class='ocrx_word' id='word_1_847' title='bbox 2151 5791 2250 5842; x_wconf 75' lang='grc' dir='ltr'>ιιι,</span> <span class='ocrx_word' id='word_1_848' title='bbox 2275 5776 2365 5831; x_wconf 66' lang='lat'><strong>65.</strong></span> <span class='ocrx_word' id='word_1_849' title='bbox 2443 5777 2487 5810; x_wconf 74' lang='lat'>“</span> <span class='ocrx_word' id='word_1_850' title='bbox 2528 5775 2671 5834; x_wconf 88' lang='lat' dir='ltr'><strong>Psal.</strong></span> <span class='ocrx_word' id='word_1_851' title='bbox 2710 5795 2828 5846; x_wconf 72' lang='lat' dir='ltr'><strong>xcv,</strong></span> <span class='ocrx_word' id='word_1_852' title='bbox 2854 5782 2967 5836; x_wconf 71' lang='grc'><strong>1-4.</strong></span> <span class='ocrx_word' id='word_1_853' title='bbox 3043 5781 3238 5841; x_wconf 79' lang='lat' dir='ltr'><strong>&quot;ibid.</strong></span> <span class='ocrx_word' id='word_1_854' title='bbox 3273 5785 3323 5840; x_wconf 89' lang='lat'><strong>7.</strong></span> <span class='ocrx_word' id='word_1_855' title='bbox 3399 5787 3445 5818; x_wconf 84' lang='lat'>&quot;</span> <span class='ocrx_word' id='word_1_856' title='bbox 3464 5787 3598 5844; x_wconf 87' lang='lat' dir='ltr'><strong>ibid.</strong></span> <span class='ocrx_word' id='word_1_857' title='bbox 3640 5790 3727 5846; x_wconf 79' lang='lat' dir='ltr'><strong>l0.</strong></span> 
     </span>
    </p>
   </div>
  </div>
