4110 6426
340 399 438 453 421

1230 399 1887 457 ΒΕΜΟΝΒΤΠΑΤΙΟΝΙΞ
1926 401 2383 460 ΕῪΑΝΟΕΙᾸΟΕ
2424 404 2554 462 LIB.
2592 406 2678 461 Vl.

3504 417 3608 471 422

339 518 463 590 ἣκει
489 522 671 588 κρῖναι
694 519 793 590 τὴν
816 517 939 589 γῆν.
964 517 1157 590 Κρινεῖ
1175 519 1274 592 τὴν
1295 519 1617 591 οἰκουμένην
1644 522 1702 571 ὲν
1721 519 1896 573 δικαιο

1996 520 2274 589 judicare
2295 531 2516 578 terram.
2550 522 2826 578 Judicabit
2852 524 3042 581 orbem
3098 534 3260 583 terrae
3283 528 3336 583 in
3362 528 3603 600 justitia,

345 607 501 679 σύνῃ,
533 610 627 662 καὶ
666 608 826 673 λαοὺς
865 610 923 661 ὲν
961 611 1026 680 τῇ
1062 609 1290 681 ἀληθείᾳ
1324 609 1510 664 αὐτοῦ.
1552 629 1571 661 ι
1628 608 1921 664 Κάνταῦθα

342 701 506 755 πάλιν
544 702 832 772 ἐρχόμενος
868 704 948 765 εἰς
988 702 1307 773 ἀνθρώπους
1343 702 1549 774 Κύριος
1607 701 1918 773 προφητεύ-

344 811 486 858 εται,
519 794 701 847 καινόν
723 811 780 846 τε
809 789 959 865 ᾇσμα
978 795 1071 847 ἐπὶ
1099 797 1167 865 τῇ
1187 795 1460 865 παρουσίᾳ
1486 782 1650 846 αύτοῦ
1667 792 1915 864 ᾇσεσθαι.

341 884 441 955 τὴν
472 886 676 955 Καινὴν
716 885 1007 957 Διαθήκην,
1047 886 1108 938 ού
1155 886 1218 939 τὸ
1259 886 1528 939 Ἰουδαίων
1579 885 1750 949 ἔθνος,
1784 884 1920 939 ἀλλά

343 976 524 1027 πᾶσαν
565 975 661 1045 τὴν
701 976 834 1045 γῆν·
887 974 1441 1046 εύαγγελισθήσεσθαί
1488 992 1547 1028 τε
1591 975 1779 1029 οὐκέτι
1825 976 1917 1028 τὸν

354 1065 587 1136 Ἰσραὴλ,
634 1066 769 1119 ἀλλά
819 1067 996 1121 πάντα
1043 1066 1112 1119 τὰ
1165 1066 1325 1137 ἔθνηο
1391 1066 1689 1139 ἐπειδήπερ
1738 1066 1916 1119 αὐτῶν

342 1157 558 1212 ῑσεσθαί
595 1177 727 1230 φησι
765 1159 987 1229 βασιλέα
1025 1159 1118 1212 τὸν
1148 1160 1438 1230 ἐρχόμενον
1468 1160 1692 1231 Κύριον.
1728 1159 1824 1223 Τίς
1869 1159 1916 1212 δ’

340 1249 406 1303 ἃν
432 1248 513 1321 εἴη
548 1243 705 1313 οὗτος
730 1251 764 1322 ἢ
799 1252 828 1304 ὁ
869 1249 1003 1313 Θεὸς
1027 1250 1235 1318 Λόγος;
1275 1249 1336 1313 ὃς
1366 1250 1571 1319 μέλλων
1601 1250 1913 1322 δικαιοσύνῃ

337 1341 435 1412 τὴν
463 1342 810 1413 οἰκουμένην,
839 1342 936 1396 καὶ
973 1341 1200 1413 ἀληθείᾳ
1231 1341 1331 1412 τὴν
1368 1340 1758 1412 ἀνθρωπότητα
1797 1341 1916 1411 κρί-

336 1447 448 1484 νειν
472 1430 658 1502 ὲξίσης
686 1432 934 1494 ἅπαντας
954 1432 1082 1494 τοὺς
1110 1431 1203 1483 ἐπὶ
1232 1430 1334 1500 τῆς
1360 1431 1687 1500 οἰκουμένης
1714 1428 1918 1501 ἀνθρώ-

339 1540 494 1586 mus,
530 1525 629 1594 τῆς
662 1522 826 1577 αὑτοῦ
862 1523 1126 1594 κλήσεως,
1166 1520 1261 1575 καὶ
1297 1520 1397 1591 τῆς
1428 1520 1520 1573 ἐπὶ
1562 1520 1733 1591 ταύτῃ
1767 1519 1915 1590 παρά

340 1614 419 1685 τῷ
451 1614 570 1685 Θεῴ
595 1614 869 1686 σωτηρίας
887 1610 1240 1683 κατηξίωσεν.
1722 1616 1730 1621 ’

850 1808 1245 1863 ΚΕΦΑΛΑΙΟΝ
1286 1810 1374 1876 cr.

2021 619 2075 667 et
2095 614 2326 683 populos
2348 615 2404 669 in
2437 615 2667 670 veritate
2687 631 2786 670 sua
2813 617 2879 671 ’⁷.
2920 636 2940 669 ι
2966 615 3083 672 Hoc
3106 619 3232 673 item
3256 620 3376 676 loco
3410 630 3605 676 ventu-

2019 720 2114 759 rus
2149 705 2217 758 ad
2251 705 2497 762 homines
2530 709 2867 775 promittitur
2924 708 3226 774 Dominus,
3290 728 3601 784 novumque

2019 792 2076 847 in
2104 794 2395 849 adventum
2423 796 2545 864 ejus
2562 798 2868 852 canendum
2898 814 3020 853 esse
3049 800 3355 864 canticum,
3384 799 3613 855 Novum.

2017 886 2274 941 videlicet
2302 886 2737 952 Testamentum,
2763 905 2873 943 non
2904 892 2972 944 ab
3000 907 3106 946 una
3137 890 3363 946 Judaica
3415 903 3596 965 gente,

2017 977 2113 1033 sed
2143 977 2213 1030 ab
2259 978 2408 1031 omni
2440 986 2607 1040 terra,
2629 977 3032 1049 Evangelioque
3060 982 3444 1036 illustrandum
3485 998 3597 1038 non

2015 1069 2251 1139 amplius
2279 1069 2457 1137 ipsum
2504 1067 2692 1134 Israel,
2726 1071 2818 1124 sed
2861 1086 3052 1126 omnes
3077 1080 3268 1142 gentes
3298 1091 3312 1128 :
3346 1074 3594 1142 quando-

2016 1160 2232 1230 quidem
2266 1159 2383 1215 l‘ore
2414 1160 2657 1230 ipsorum
2690 1176 2869 1231 regem
2911 1162 2985 1215 ait
3017 1178 3140 1217 eum
3164 1202 3179 1226 ,
3214 1163 3307 1233 qui
3330 1174 3593 1219 venturus

2015 1252 2087 1306 sit
2125 1251 2411 1307 Dominus.
2446 1251 2580 1318 Quis
2606 1268 2771 1322 porro
2803 1253 2891 1307 hic
2924 1256 2994 1308 sit
3036 1254 3199 1318 alius,
3235 1271 3395 1325 quam
3448 1255 3593 1312 Deus

2014 1339 2303 1396 Verbum?
2364 1343 2457 1412 qui
2511 1342 2729 1411 justitia
2782 1343 2967 1397 orbem
3020 1352 3200 1411 terrae,
3248 1353 3303 1399 et
3360 1347 3591 1402 veritate

2013 1436 2401 1489 humanitatem
2429 1434 2776 1504 judicaturus
2795 1474 2810 1498 ,
2838 1450 2901 1490 ex
2938 1451 3097 1506 aequo
3128 1437 3387 1493 omnibus
3409 1439 3503 1508 qui
3531 1439 3587 1494 in

2012 1526 2198 1581 orbem
2227 1533 2386 1580 terrae
2413 1534 2599 1581 essent
2627 1526 2961 1589 hominibus.
2998 1528 3341 1582 vocationem
3401 1544 3583 1593 suam,

2012 1626 2066 1674 et
2089 1625 2212 1687 post
2244 1617 2584 1672 vocationem
2603 1658 2621 1687 ,
2668 1619 2898 1674 salutem
2929 1633 2959 1672 a
2991 1617 3103 1674 Deo
3167 1619 3585 1691 impertiendum

2011 1721 2135 1763 esse
2163 1705 2393 1775 putavit.

2615 1817 2845 1874 CAPUT
2884 1818 2974 1875 Vl.

353 1918 483 2005 Ἀξρ
527 1924 773 2005 ψαλμοῦ
805 1917 1238 2005 εφη-,ᾎσμα
1291 1924 1521 2005 καινὸν,
1573 1919 1797 2005 γνῶσίς
1846 1938 1896 2005 ξε

2010 1928 2054 1984 Α
2108 1930 2313 2001 psalmo
2352 1944 2527 2005 acvit.
2586 1958 2661 2005 τ
2709 1929 2988 1985 Canticum
3047 1948 3269 2005 norum,
3323 1935 3584 2005 gentium-

410 1992 598 2047 ἐθνῶν
627 1993 735 2061 τῆς
764 1992 869 2062 τοῦ
899 1994 1119 2062 Κυρίου
1141 1992 1550 2062 δικαιοσύνης,
1582 1992 1910 2062 ἐρχόμενος

409 2080 474 2116 τε
502 2064 684 2129 αὐτὸς
718 2061 922 2130 κριτὴς
950 2061 1068 2115 τῶν
1094 2061 1273 2117 ὅλων.

411 2195 431 2228 ‹
461 2177 659 2248 ’ᾼσατε
700 2177 776 2249 τῷ
808 2176 997 2247 Κυρίῳ
1052 2170 1206 2246 ᾆσμα
1255 2175 1460 2241 καινὸν,
1495 2176 1578 2229 ὅτι
1622 2174 1907 2246 θαυμαστὰ

332 2269 578 2339 ἐποίησε,
600 2287 618 2321 ο
639 2268 814 2322 καὶτά
829 2267 976 2338 ἑξῆς·
1004 2284 1023 2320 ι
1045 2266 1338 2339 Ἐγνώρισε
1354 2265 1556 2338 Κύριος
1566 2268 1626 2320 τὺ
1643 2268 1906 2338 σωτήριον

330 2359 513 2424 αὑτοῦ,
548 2360 788 2413 ἐναντίον
832 2360 1053 2413 πάντων
1099 2358 1208 2411 τῶν
1255 2357 1423 2412 ἐθνῶν
1462 2358 1775 2428 ἀπεκάλυψε
1806 2359 1904 2431 τὴν

326 2450 670 2522 δικαιοσύνην
725 2450 912 2505 αὐτοῦ.
943 2469 962 2501 ι
998 2450 1108 2503 Καὶ
1157 2449 1317 2503 πάλιν
1338 2465 1353 2480 ·
1398 2466 1422 2502 ι
1452 2448 1676 2503 Εἰδοσαν
1726 2450 1903 2504 πάντα

326 2542 396 2597 τὰ
417 2542 628 2614 πέρατα
646 2542 744 2612 τῆς
775 2543 877 2613 γῆς
899 2540 960 2594 τδ
988 2540 1252 2611 σωτήριον
1274 2539 1368 2593 τοῦ
1396 2539 1530 2593 Θεοῦ
1557 2538 1735 2612 ἡμῶν.
1752 2540 1903 2595 ’Δλα-

326 2633 522 2701 λάξατε
566 2634 645 2706 τῷ
689 2633 881 2706 Κυρίῳ
911 2633 1058 2685 πᾶσα
1090 2633 1123 2703 η
1151 2631 1245 2702 γῆ.
1270 2650 1288 2683 ι
1318 2632 1428 2687 Καὶ
1452 2631 1546 2685 ὲπὶ
1575 2633 1741 2686 πᾶσι·
1771 2650 1794 2685 ι
1820 2633 1900 2686 Τά

327 2726 426 2797 δρη
460 2725 874 2794 ἀγαλλιάσονται
915 2723 1022 2778 ἀπὺ
1050 2722 1339 2795 προσώπου
1373 2723 1596 2794 Κυρίου,
1627 2724 1708 2777 ὅτι
1745 2724 1900 2796 ἔρχε-

325 2833 438 2880 ται,
465 2818 545 2870 ὅτι
576 2816 701 2885 ἥκει
732 2818 914 2887 κρῖναι
955 2814 1052 2887 τὴν
1079 2815 1205 2885 γῆν.
1230 2815 1423 2885 Κρινεί
1445 2813 1545 2885 τὴν
1578 2814 1897 2886 οἰκουμένην

327 2910 386 2960 ὲν
421 2906 759 2981 δικαιοσύνῃ,
789 2906 882 2959 καὶ
910 2906 1073 2970 λαοὺς
1094 2908 1151 2959 ὲν
1176 2904 1448 2975 εύθύτητι.
1476 2924 1495 2957 ι
1525 2904 1743 2959 Πολλῶν
1762 2907 1898 2975 ἀγα-

325 3001 435 3055 θῶν
462 3001 614 3056 αἰτία
640 3001 733 3055 καὶ
762 3000 848 3055 διά
871 2998 1243 3070 τούτωνῆτοῦ
1269 2998 1470 3069 Κυρίου
1496 2998 1766 3071 παρουσία
1785 3001 1896 3064 τοῖς

2077 2000 2176 2071 que
2204 2000 2440 2083 _cognitio
2458 2000 2705 2070 justitiaz,
2744 2011 3090 2073 venturasque
3127 2004 3235 2071 ipse
3253 2000 3425 2074 judea:
3462 2008 3585 2060 uni-

2080 2087 2236 2125 υενδι.
3424 2104 3431 2107 ‘

2083 2201 2103 2234 ι
2135 2185 2360 2239 Caritate
2390 2180 2619 2238 Domino
2650 2182 2920 2236 canticum
2943 2198 3164 2249 novum,
3191 2185 3447 2254 quoniam
3474 2186 3582 2240 mi-

2005 2273 2197 2328 rabilia
2238 2272 2386 2337 fecit,
2426 2292 2445 2325 ι
2480 2280 2534 2327 et
2571 2282 2761 2327 caztera
2796 2291 2810 2327 :
2849 2291 2867 2324 ι
2906 2270 3102 2327 Notum
3136 2274 3263 2329 fecit
3316 2276 3580 2332 Dominus

2006 2364 2245 2419 salutare
2289 2377 2472 2426 suum,
2504 2362 2562 2417 in
2593 2373 2888 2433 conspectu
2922 2364 3162 2433 gentium
3211 2365 3466 2419 revelavit
3487 2366 3578 2435 ju-

2005 2454 2208 2510 stitiam
2267 2454 2503 2510 suam“.
2545 2473 2565 2506 ι
2614 2452 2680 2507 Ει
2736 2470 2972 2510 rursus:
3013 2474 3031 2507 ι
3070 2453 3334 2510 Viderunt
3385 2471 3576 2517 omnes

2004 2546 2220 2601 termini
2267 2554 2425 2600 terra:
2462 2546 2701 2601 salutare
2724 2544 2820 2601 Dei
2842 2546 3033 2611 nostri,
3059 2546 3288 2617 jubilate
3322 2546 3575 2616 Domino,

2002 2636 2180 2691 omnis
2206 2637 2429 2691 terra".
2467 2654 2486 2686 ι
2517 2633 2585 2688 Ει
2611 2634 2679 2689 ad
2710 2642 3011 2690 extremum
3043 2653 3056 2688 :
3092 2653 3111 2687 ι
3148 2635 3357 2692 Montes
3385 2639 3573 2693 exsul-

2001 2728 2195 2783 tabunt
2215 2742 2245 2781 a
2268 2735 2559 2799 conSpectu
2582 2726 2816 2790 Domini,
2844 2726 3102 2797 quoniam
3128 2728 3294 2791 venit,
3315 2729 3570 2800 quoniam

1999 2818 2149 2874 venit
2167 2819 2416 2888 judicare
2446 2824 2672 2872 terram.
2693 2814 2968 2870 Judicabit
2998 2816 3185 2871 orbem
3216 2823 3374 2871 terra:
3402 2817 3458 2871 in
3482 2817 3574 2887 ju-

2000 2910 2171 2975 stitia,
2206 2919 2261 2965 et
2302 2910 2533 2980 populos
2580 2908 2637 2962 in
2680 2906 2991 2977 aequitate"
3033 2924 3047 2961 :
3092 2925 3111 2958 ι
3150 2907 3441 2960 multorum
3472 2906 3572 2962 bo-

1998 3019 2198 3059 norum
2243 3002 2553 3058 eﬂ‘ectorem
2598 3000 2811 3054 Domini
2841 2999 3132 3054 adventum
3166 2998 3417 3070 gentibus
3438 3013 3570 3053 con-

325 3095 503 3149 εθνεσι
534 3094 857 3163 γεγενῆσθαι
887 3090 1285 3164 προφητεύεται
1304 3108 1318 3122 ’
1344 3091 1381 3145 ἀ
1404 3091 1498 3145 καί¹
1528 3091 1616 3145 διά
1644 3092 1743 3163 τῆς
1774 3094 1894 3146 ὲπι-

2001 3095 2213 3167 tigisse,
2242 3093 2358 3148 haec
2399 3093 2564 3148 verba
2607 3090 2913 3161 praedicunt
2943 3127 2959 3153 ,
2992 3104 3113 3159 quae
3155 3089 3371 3159 quidem
3401 3089 3567 3153 bona.

325 3186 550 3258 φανείας
567 3186 662 3239 τοῦ
677 3186 925 3257 Σωτῆρος
947 3184 1103 3256 ήμῶν
1132 3184 1224 3238 ἐπὶ
1244 3183 1418 3256 πέρας
1436 3183 1668 3254 ἀχθέντα
1691 3184 1746 3239 δε
1754 3185 1892 3241 ίκνυ-

1996 3204 2092 3261 per
2132 3186 2384 3243 eumdem
2434 3181 2732 3237 Salvatoris
2778 3180 2948 3236 nostri
2996 3180 3308 3244 adventum,
3360 3180 3568 3235 exitum

321 3295 432 3332 ται.
452 3277 542 3341 Ἐξ
568 3276 777 3330 ὲκείνου
807 3276 917 3348 γάρ
955 3293 1038 3329 τοι
1073 3275 1167 3329 καὶ
1202 3275 1263 3329 ού
1296 3275 1579 3348 πρότερον,
1610 3276 1671 3329 τὸ
1713 3278 1896 3333 καινὸν

1996 3279 2277 3350 accepisse
2312 3282 2712 3332 monstrantur.
2764 3273 2885 3329 Non
2931 3273 3084 3343 prius
3148 3273 3314 3339 enim,
3352 3272 3447 3328 sed
3498 3287 3566 3326 ex

324 3364 476 3439 ᾆσμα
527 3368 626 3437 τῆς
657 3366 868 3436 Καινῆς
906 3365 1181 3437 Διαθήκης
1220 3367 1302 3429 εἰς
1344 3364 1553 3430 πάντας
1580 3365 1896 3438 ἀνθρώπους

1996 3372 2089 3427 illo
2137 3370 2422 3432 duntaxat,
2477 3380 2676 3421 novum
2724 3364 2860 3419 Novi
2908 3363 3243 3420 Testamenti
3292 3364 3564 3418 canticum

322 3458 526 3529 ᾄδεται,
557 3458 650 3511 καὶ
669 3458 739 3511 τά
769 3456 1048 3528 θαυμάσια
1077 3455 1242 3509 αὐτοῦ
1275 3456 1363 3511 διὰ
1392 3458 1492 3529 τῆς
1520 3459 1630 3513 τῶν
1656 3459 1896 3528 Εὐαγγε-

1996 3457 2139 3529 apud
2166 3472 2358 3511 omnes
2383 3456 2634 3509 homines
2662 3454 2897 3517 canitur,
2925 3460 2979 3506 et
3009 3453 3282 3507 mirabilia
3321 3453 3440 3523 ejus
3469 3469 3567 3523 per

322 3547 451 3602 λίων
475 3548 692 3619 γραφῆς
722 3544 971 3617 γνώριμα
1000 3546 1096 3599 καὶ
1126 3544 1424 3623 ἐξάκουστα
1446 3551 1555 3612 τοῖς
1587 3551 1721 3602 πᾶσι
1750 3550 1894 3619 γίνεο

1996 3552 2318 3619 scripturam
2348 3546 2762 3617 Evangeliorum
2792 3542 2956 3614 264
2976 3551 3103 3597 nota
3135 3542 3292 3607 fiunt,
3316 3552 3370 3597 et
3391 3559 3561 3597 exau-

320 3657 432 3693 ται.
460 3642 534 3694 ού
580 3641 686 3712 μὴν
725 3638 861 3692 ἀλλά
892 3638 986 3693 καὶ
1022 3638 1083 3692 τὺ
1119 3640 1403 3711 σωτήριον,
1433 3641 1496 3694 τὸ
1532 3640 1675 3694 κατά
1701 3641 1795 3712 τὴν
1828 3644 1891 3695 ὲκ

318 3731 529 3805 νεκρῶν
572 3732 868 3785 ἀνάστασιν
916 3729 1104 3794 αὐτοῦ,
1158 3731 1325 3785 πᾶσιν
1371 3730 1727 3802 ἀπεκαλύφθη
1779 3735 1891 3796 τοίς

320 3823 521 3887 ἔθνεσι,
568 3824 665 3876 καὶ
716 3824 750 3893 ἡ
799 3820 1008 3893 ἀληθὴς
1056 3821 1390 3892 δικαιοσύνη,
1435 3821 1503 3874 δι’
1532 3815 1600 3892 ἦς
1647 3822 1888 3893 ἐναργῶς

320 3916 640 3985 ἀπεδείχθη,
674 3916 756 3969 ὅτι
793 3915 867 3987 μὴ
910 3914 1176 3968 Ἰουδαίων
1198 3917 1227 3967 ὁ
1251 3914 1383 3977 Θεὸς
1437 3915 1613 3985 μόνον,
1640 3914 1773 3969 ἀλλά
1797 3917 1888 3969 καὶ

320 4003 513 4061 ἐθνῶν·
552 4024 570 4057 ι
594 4007 853 4077 Ἐπείπερ
880 4001 960 4069 εἷς
986 4007 1016 4059 ὁ
1038 4005 1221 4071 Oak,»
1254 4005 1395 4059 κατά
1430 4007 1520 4060 τὸν
1553 4007 1695 4076 ἱερὸν
1727 4007 1887 4060 Ἀπό-

318 4100 523 4161 στολον,
567 4118 584 4149 ι
612 4097 671 4162 ὃς
715 4096 993 4152 δικαιώσει
1035 4096 1334 4169 περιτομὴν
1372 4098 1439 4151 ὲκ
1477 4098 1727 4162 πίστεως.
1760 4118 1780 4150 ι
1814 4100 1887 4152 Τὸ

314 4192 394 4254 δὲ,
436 4192 590 4244 «Ὅτι
620 4190 835 4261 ἔρχεται
861 4193 1039 4260 κρῖναι
1068 4188 1166 4260 τὴν
1199 4189 1323 4259 γῆν,
1360 4209 1378 4242 ι
1409 4190 1602 4259 γένοιτ’
1625 4190 1691 4245 ἂν
1714 4190 1887 4264 δηλω-

313 4283 466 4337 τικὸν
492 4282 587 4336 καὶ
614 4279 712 4354 τῆς
739 4281 994 4354 δευτέρας
1015 4280 1179 4335 αὐτοῦ
1214 4281 1535 4351 παρουσίας.

846 4574 1240 4628 ΚΕΦΑΛΑΙΟΝ
1277 4574 1351 4628 Ζ’.

323 4682 457 4740 Ἀπὸ
487 4688 730 4757 ψαλμοῦ
753 4695 861 4755 pc’.
898 4719 969 4728 —
1010 4687 1201 4757 ,Λόγος
1234 4686 1382 4740 Θεοῦ
1413 4688 1498 4753 εἰς
1529 4685 1877 4755 ἀνθρώπους

379 4756 903 4827 ἀποστελλόμενος
924 4756 1025 4810 ἐπὶ
1051 4758 1330 4823 θεραπείᾳ
1359 4758 1456 4810 καὶ
1480 4758 1741 4824 σωτηρίᾳ
1765 4761 1879 4826 36m-

381 4824 522 4895 κῶν,
553 4828 672 4880 τῶν
701 4824 884 4882 πάλαι
906 4827 977 4881 ἐν
1003 4827 1237 4892 κακίαις
1265 4827 1738 4895 τετρυχωμένων.

385 4956 404 4988 ι
429 4936 1041 5007 Ἐξομολογησάσθωσαν
1080 4936 1159 5009 τῷ
1201 4938 1391 5010 Κυρίῳ
1438 4938 1505 4991 τὰ
1530 4937 1651 5009 ὲλέη
1685 4938 1869 5002 αὐτοῦ,

306 5029 397 5082 καὶ
419 5027 489 5082 τὰ
516 5028 796 5098 θαυμάσια
815 5028 980 5081 αὑτοῦ
1000 5031 1113 5093 τοῖς
1140 5031 1274 5091 υἱοῖς
1295 5028 1402 5082 τῶν
1433 5028 1530 5082 ἀνθ
1540 5028 1735 5100 ρώπων
1754 5046 1768 5059 ’
1792 5029 1874 5081 ὃτι

306 5120 594 5191 συνέτριψε
625 5118 797 5181 πύλας
826 5118 1049 5190 χαλκᾶς,
1080 5120 1173 5172 καὶ
1211 5118 1438 5189 μοχλοὺς
1473 5118 1721 5188 σιδηροῦς
1753 5134 1877 5171 συν-

304 5213 547 5267 έθλασεν.
566 5210 908 5266 Ἀντελάὁετο
948 5211 1124 5265 αὐτῶν
1163 5210 1222 5275 ἐξ
1251 5209 1371 5264 ὁδοῦ
1404 5208 1631 5280 ἀνομίας
1656 5209 1832 5263 αὐτῶν
1854 5226 1868 5240 ’

301 5304 389 5357 διά
439 5304 548 5376 γὰρ
597 5302 695 5366 τὰς
742 5303 970 5373 ἀνομίας
1020 5302 1198 5355 αὐτῶν
1244 5301 1714 5370 ἐταπεινώθησαν
1762 5302 1870 5353 πᾶν

304 5398 499 5469 βρῶμα
531 5394 845 5458 ὲϐδελύξατο
886 5397 918 5466 ἡ
962 5394 1106 5465 ψυχὴ
1151 5393 1349 5457 αὐτῶν,
1376 5393 1469 5446 καὶ
1504 5394 1736 5464 ήγγισαν
1764 5391 1873 5454 ἕως

299 5483 410 5537 τῶν
444 5484 629 5537 πυλῶν
657 5484 753 5537 τοῦ
781 5483 1031 5548 θανάτου,
1066 5483 1160 5536 καὶ
1184 5481 1485 5553 ὲκέκραξαν
1512 5482 1647 5552 πρὸς
1667 5482 1871 5554 Κύριον

301 5576 361 5629 ἐν
391 5576 469 5647 τῷ
498 5575 771 5630 θλίϐεσθαι
803 5576 1017 5640 αὐτοὺς,
1051 5576 1146 5628 καὶ
1175 5576 1238 5628 ἐκ
1265 5575 1372 5627 τῶν
1400 5573 1651 5642 ἀναγκῶν
1690 5573 1868 5628 αὐτῶν

300 5669 502 5722 ῐσωσεν
514 5667 726 5732 αὐτούς.
746 5666 1053 5721 Ἀπέστειλε
1078 5665 1169 5721 τὸν
1184 5665 1340 5735 λόγον
1355 5663 1541 5729 αὐτοῦ,
1559 5665 1653 5719 καὶ
1679 5664 1867 5720 ἰάσατο

1907 4530 1954 4586 D

1989 3644 2216 3700 diuntur
2254 3641 2323 3695 ab
2355 3639 2630 3695 omnibus.
2662 3635 2974 3701 Quinetiam
3009 3635 3266 3700 salutare,
3301 3635 3445 3703 quod
3476 3649 3564 3688 se—

1989 3734 2229 3791 cundum
2258 3732 2495 3786 reditum
2519 3729 2664 3784 illius
2687 3729 2742 3781 in
2772 3729 2935 3780 vitam
2961 3725 3280 3795 percipitur,
3305 3726 3559 3781 omnibus

1990 3824 2321 3895 patefactum
2363 3828 2448 3876 est
2485 3818 2758 3890 gentibus,
2793 3826 2845 3869 et
2882 3830 3006 3868 cum
3045 3828 3111 3869 eo
3144 3829 3273 3868 vera
3320 3812 3556 3882 justitia,

1987 3931 2084 3985 per
2114 3928 2277 3985 quam
2309 3911 2590 3967 evidenter
2609 3915 2889 3962 ostensum
2911 3916 3017 3972 est,
3034 3905 3176 3975 quod
3201 3920 3308 3958 non
3342 3903 3559 3960 Judzeo-

1986 4021 2106 4061 rum
2136 4005 2312 4060 solum
2344 4002 2416 4057 sit
2448 4000 2611 4065 Deus,
2646 3998 2738 4054 sed
2771 3996 3000 4050 aliarum
3028 4009 3243 4066 quoque
3274 3994 3553 4065 gentium:

1990 4114 2011 4148 ι
2047 4091 2519 4162 Quandoquidem,
2554 4104 2699 4143 unus
2746 4086 2909 4151 Deus,
2951 4105 2971 4138 ι
3019 4094 3243 4142 sanctus
3297 4086 3373 4139 ait
3409 4084 3555 4154 Apo-

1984 4187 2181 4250 stolus,
2232 4201 2253 4236 ι
2288 4184 2383 4253 qui
2431 4180 2753 4252 justillcabit
2794 4178 3268 4234 circumcisionem
3313 4193 3380 4232 ex
3423 4178 3549 4243 ﬁde,

1982 4285 2038 4335 et
2056 4276 2379 4348 praeputium
2395 4289 2491 4343 per
2503 4273 2662 4327 ﬁdem
2678 4272 2742 4326 “.
2758 4290 2777 4324 ›
2798 4268 2931 4325 Illud
2952 4278 3129 4326 autem
3147 4288 3160 4323 :
3182 4288 3201 4320 ι
3228 4267 3382 4335 Quod
3405 4269 3555 4324 venit

1976 4370 2225 4441 judicare
2278 4375 2501 4430 terram,
2536 4383 2555 4418 ι
2592 4365 2755 4420 etiam
2806 4364 3036 4419 alterum
3073 4362 3220 4417 illius
3260 4360 3551 4419 adventum

1982 4458 2289 4532 signiﬁcare
2309 4457 2528 4529 poterit.

2570 4567 2800 4624 CAPUT
2842 4567 2953 4623 VII.

1980 4683 2023 4737 Α
2046 4682 2251 4751 psalmo
2295 4698 2403 4736 cvi.
2428 4713 2497 4723 —
2554 4682 2776 4737 Verbum
2813 4683 2909 4737 Dei
2954 4685 3023 4735 ad
3057 4683 3292 4738 homines
3330 4684 3549 4736 missum

2048 4755 2117 4805 ad
2150 4752 2405 4806 medelam
2436 4762 2485 4806 et
2520 4754 2745 4807 salutem
2772 4755 3091 4815 animarum,
3125 4770 3243 4823 qua
3280 4751 3548 4822 quondam

2048 4834 2248 4877 vexata:
2273 4838 2630 4892 oppresswque
2652 4833 2803 4876 erant
2827 4824 2881 4877 in
2907 4823 3086 4877 malis.

2054 4956 2073 4987 ‹
2093 4935 2469 4992 Conﬁteantur
2489 4936 2718 4992 Domino
2737 4935 3127 4992 misericordiae
3147 4935 3288 5004 ejus,
3308 4943 3361 4989 et
3378 4935 3545 4988 mira-

1977 5026 2108 5081 bilia
2154 5027 2273 5096 ejus
2322 5027 2447 5083 ﬁliis
2498 5028 2827 5082 hominum:
2874 5027 3000 5097 quia
3049 5025 3305 5080 contrivit
3356 5034 3546 5094 portas

1975 5133 2165 5181 aereas,
2201 5125 2255 5173 et
2286 5126 2469 5174 vectes
2499 5118 2706 5175 ferreos
2737 5117 3024 5187 confregit.
3070 5114 3322 5185 Suscepit
3347 5130 3444 5171 eos
3476 5116 3545 5171 de

1974 5210 2059 5262 via
2089 5210 2392 5280 iniquitatis
2420 5225 2630 5273 eorum,
2669 5226 2792 5264 nam
2820 5220 3039 5280 propter
3066 5207 3366 5276 injustitias
3414 5222 3543 5263 suas

1973 5296 2242 5353 hnmiliati
2264 5309 2391 5354 sunt
2419 5320 2432 5355 :
2460 5314 2678 5354 omnem
2697 5315 2877 5355 escam
2910 5301 3213 5354 abominata
3239 5305 3325 5352 est
3360 5299 3541 5353 anima

1972 5406 2183 5456 eorum,
2206 5401 2261 5447 et
2294 5394 2866 5465 appropinquaverunt
2887 5406 3060 5461 usque
3089 5390 3154 5445 ad
3181 5398 3369 5461 portas
3390 5406 3541 5445 mor-

1972 5484 2065 5549 tis,
2105 5493 2163 5539 et
2210 5485 2583 5539 clamaverunt
2614 5485 2679 5539 ad
2722 5482 3007 5537 Dominum
3041 5496 3164 5535 cum
3208 5481 3541 5537 tribularen-

1971 5583 2084 5638 tur,
2101 5581 2156 5629 et
2180 5574 2249 5630 de
2271 5575 2699 5631 necessitatibus
2718 5589 2906 5630 eorum
2937 5572 3185 5629 liberavit
3212 5587 3306 5628 eos
3341 5592 3355 5627 :
3389 5574 3543 5629 misi-

1970 5667 2196 5723 verbum
2227 5683 2385 5723 suum
2412 5674 2466 5723 et
2497 5666 2710 5723 sanavit
2752 5681 2870 5732 eos,
2898 5673 2951 5721 et
2987 5665 3188 5736 eripuit
3219 5680 3315 5721 eos
3348 5665 3417 5721 de
3448 5667 3539 5720 inv

370 5824 411 5856 ³⁷
456 5823 598 5880 Psal.
637 5838 757 5892 xcv,
796 5799 998 5891 l2,.l5.
1075 5824 1118 5855 “
1152 5821 1294 5878 Psal.
1332 5836 1499 5887 xcvn,
1537 5822 1588 5887 l,
1612 5821 1669 5875 2.
1742 5822 1786 5868 '9
1816 5820 1896 5876 ibi

1996 5822 2043 5878 5.
2120 5823 2164 5856 ³⁸
2194 5821 2324 5878 ibid.
2367 5821 2507 5888 8,»9.
2584 5823 2627 5854 ³¹
2667 5823 2824 5878 Rom.
2857 5838 2943 5887 tu,
2976 5823 3065 5879 30.
