4110 6426
491 429 596 483 423

491 542 842 603 teritionibus
898 544 1068 590 eorun

496 601 621 695 eum
653 654 666 690 :
690 633 770 706 [in
795 626 1038 685 Ecclesia
1067 617 1271 691 populi,
1307 622 1363 669 et
1405 612 1465 666 in
1492 604 1770 664 cathedris
1795 601 2074 658 seniorum

498 690 721 783 laudent
751 690 1117 785 eum,lposuit
1137 705 1362 762 numina
1393 703 1448 757 in
1479 700 1782 760 desertum,
1814 701 1869 748 et
1894 690 2077 747 exitus

500 826 765 886 aquarum
817 809 871 861 in
916 779 1084 865 sitim,
1125 808 1330 852 terram
1365 788 1706 846 fructiferam
1752 785 1807 838 in
1836 779 2077 850 salsugi-

502 875 649 971 nem,
686 921 715 959 a
749 899 953 957 malitia
987 890 1406 951 inhabitantium
1436 888 1493 940 in
1526 898 1589 939 ea
1621 901 1634 937 :
1671 877 1856 951 posuit
1891 875 2080 929 deser-

498 1008 612 1053 tum
674 996 731 1050 in
776 999 968 1060 stagna
1003 997 1290 1056 aquarum,
1329 988 1383 1034 et
1428 985 1634 1030 terram
1678 970 1799 1026 sine
1840 978 1981 1035 aqua
2023 962 2080 1016 in

497 1090 679 1146 exitus
735 1096 1023 1154 aquarum,
1069 1084 1121 1131 et
1155 1070 1444 1128 collocavit
1495 1067 1608 1120 illic
1657 1061 1985 1122 esurientes,
2025 1060 2082 1108 et

500 1150 904 1236 constituerunt
946 1170 1220 1225 civitatein
1254 1159 1607 1218 habitationis
1623 1157 1689 1210 ³³.
1718 1174 1737 1207 ι
1768 1152 1937 1206 Plane
1968 1150 2083 1203 haec

502 1285 720 1344 quoque
767 1262 1090 1321 nominatim
1138 1258 1233 1313 Dei
1267 1254 1430 1310 Verbi
1462 1251 1531 1305 de
1572 1250 1714 1304 coelo
1751 1244 2081 1300 descensum

504 1340 853 1422 annuntiant,
903 1364 1307 1427 prosperosque
1358 1344 1604 1415 ejusdem
1647 1340 1917 1394 adventus
1957 1348 2085 1389 suc-

504 1471 695 1513 cessus
732 1472 745 1509 :
788 1470 808 1503 ι
847 1450 1013 1512 Misit,
1064 1443 1261 1513 inquit,
1292 1439 1529 1494 Verbum
1567 1448 1751 1497 suum,
1775 1437 1831 1485 et
1870 1426 2087 1484 sanavit

504 1564 620 1604 eos.
664 1565 683 1599 ι
723 1542 959 1599 Verbum
1006 1547 1187 1593 autem
1216 1532 1313 1587 Dei
1349 1546 1450 1585 nos
1489 1528 1651 1599 plane
1679 1525 1787 1579 hoc
1823 1521 2084 1581 dicimus,

505 1637 652 1710 quod
699 1634 893 1692 salutis
923 1645 1088 1685 causa
1125 1627 1191 1682 ad
1212 1639 1400 1680 omnes
1434 1620 1683 1675 homines
1705 1632 1735 1671 a
1761 1614 1924 1669 Patre
1951 1612 2087 1666 inis-

508 1709 631 1791 sum
663 1738 747 1787 est
778 1747 792 1784 :
825 1726 1076 1798 quodque
1115 1738 1181 1777 ex
1225 1717 1399 1775 sacris
1453 1712 1762 1784 Evangeliis
1812 1709 2089 1764 celebrare

510 1831 572 1879 ut
621 1822 812 1883 Deum,
843 1817 1021 1875 edocti
1070 1827 1283 1870 sumus.
1314 1805 1475 1880 265
1516 1804 1799 1875 Signiﬁcat
1830 1813 2087 1872 praeterea

512 1915 662 1972 illius
708 1927 879 1982 usque
913 1907 981 1962 ad
1032 1913 1262 1961 mortem
1315 1902 1664 1960 descensum,
1709 1909 1819 1965 quo
1872 1900 2089 1963 pr0pter

512 2023 629 2071 eos,
663 2006 755 2078 qui
789 2004 855 2057 ad
907 2002 1046 2055 banc
1078 2007 1204 2054 ante
1249 1997 1429 2067 ipsum
1468 1997 1754 2050 venerant,
1789 2000 1923 2042 usus
1958 1992 2041 2040 est
2074 2000 2087 2036 :

513 2102 677 2156 etiam
714 2097 978 2152 adventus
1012 2092 1185 2163 ipsius
1220 2102 1445 2144 causam
1477 2085 1657 2145 docet.
1690 2081 1880 2150 utique
1913 2087 1971 2131 ut
1997 2092 2093 2131 eos

517 2191 792 2251 liberaret,
816 2185 909 2257 qui
961 2199 1055 2254 per
1103 2183 1282 2252 ipsum
1330 2174 1586 2234 servandi
1623 2180 1799 2227 erant.
1837 2169 1970 2224 Nam
2000 2182 2094 2222 eos

515 2283 608 2354 qui
658 2287 785 2335 ante
831 2279 1033 2349 ipsum,
1070 2288 1246 2344 usque
1286 2270 1355 2325 ad
1391 2274 1580 2338 portas
1613 2263 1807 2319 mortis
1836 2274 2097 2332 pervene-

516 2384 661 2436 rant,
709 2373 825 2442 ipse
876 2369 1027 2425 solus
1075 2363 1335 2424 servavit,
1389 2368 1553 2429 atque
1602 2354 1824 2412 eosdem
1873 2351 2096 2409 sanitati

516 2466 834 2523 restituens,
859 2460 928 2518 de
978 2456 1388 2514 interitionibus
1444 2453 1692 2522 ipsorum
1746 2445 1966 2515 eripuit,
2002 2458 2097 2498 ne-

517 2573 625 2629 que
672 2557 775 2611 hoc
820 2553 980 2607 aliter
1030 2548 1277 2622 perfecit,
1314 2558 1476 2615 quam
1530 2556 1625 2597 eas
1679 2539 1875 2593 mortis
1912 2542 2100 2607 portas

520 2658 831 2712 conterens,
873 2659 993 2716 qua:
1045 2656 1201 2697 aereae
1229 2638 1511 2699 dicuntur,
1547 2643 1602 2688 et
1629 2639 1815 2687 vectes
1854 2626 2102 2684 confrin-

521 2759 678 2816 gens,
733 2741 825 2812 qui
870 2736 1029 2794 ferrei
1061 2755 1074 2790 :
1102 2743 1166 2789 ac
1197 2732 1458 2799 deinceps
1505 2734 1627 2796 post
1669 2726 1783 2778 haec
1822 2729 1973 2777 certo
2011 2735 2103 2774 or-

522 2814 651 2895 dine
695 2834 924 2895 divinat,
962 2845 1058 2885 eos
1100 2840 1225 2882 esse
1257 2823 1313 2877 in
1354 2818 1705 2876 solitudinem
1753 2814 2099 2885 redigendos,

525 2926 619 2997 qui
664 2925 844 2995 ipsum
893 2919 1202 2974 venientem
1249 2928 1358 2967 non
1426 2908 1788 2979 susceperint.
1839 2926 1859 2958 ι
1913 2904 2104 2959 Posuit

523 3020 694 3081 enim,
724 3015 923 3087 inquit,
945 3009 1169 3066 ﬂumina
1199 3008 1253 3061 in
1282 3005 1580 3064 desertum,
1612 3006 1667 3054 et
1716 2999 1896 3052 exitus
1938 3010 2107 3066 aqua-

528 3125 649 3167 rum
695 3111 752 3163 in
802 3107 973 3167 sitim,
1005 3111 1210 3157 terram
1248 3096 1587 3153 fructiferam
1625 3096 1681 3150 in
1709 3092 2039 3162 salsuginem
2073 3102 2105 3143 ι

529 3201 734 3256 malitia
794 3192 1213 3252 inhabitantium
1263 3191 1318 3244 in
1363 3203 1448 3244 ea.
1487 3207 1505 3239 ι
1539 3185 1670 3253 Quae
1696 3184 1918 3256 quidem
1946 3181 2106 3251 plane

531 3292 746 3363 cognita
777 3289 1024 3351 habebis,
1043 3287 1091 3341 si
1116 3280 1453 3355 percurreris
1480 3279 1629 3335 illam
1658 3276 1900 3332 Iudaicae
1929 3272 2108 3345 gentis

531 3383 833 3453 antiquitus
863 3378 1192 3433 celebratam
1220 3371 1523 3430 Jerusalem
1543 3414 1558 3438 ,
1587 3369 1818 3439 ejusque
1853 3364 2106 3436 gloriam,

532 3488 599 3528 ac
630 3473 830 3527 divinae
884 3468 1056 3539 frugis
1116 3475 1463 3535 proventum.
1494 3472 1685 3516 eorum
1738 3457 1928 3527 utique
1980 3469 2111 3511 san-

533 3572 746 3619 ctorum
805 3561 1088 3615 hominum
1142 3556 1346 3627 Deique
1405 3554 1743 3614 amicorum,
1787 3550 1882 3620 qui
1942 3547 1997 3601 in
2046 3561 2112 3600 ea

533 3654 789 3713 vixerint.
835 3667 999 3722 quam
1052 3651 1240 3722 utique
1290 3649 1349 3703 in
1400 3645 1656 3718 praesenti
1710 3641 1970 3698 omnibus
2028 3639 2115 3694 his

534 3748 698 3801 rebus
748 3745 1015 3815 privatam
1065 3741 1460 3812 spoliatamque
1501 3736 1767 3792 invenies.
1821 3732 1957 3788 Nam
1987 3737 2114 3802 post

535 3839 739 3896 Christi
770 3833 1242 3898 adventumJacta
1270 3841 1354 3889 est
1383 3846 1510 3887 vere
1538 3829 1883 3884 infructuosa
1913 3832 1969 3880 et
1996 3828 2116 3879 sine

458 3976 461 3979 .
539 3945 702 4002 aqua,
735 3936 789 3985 et
816 3928 1040 3983 omnino
1061 3926 1301 3987 deserta,
1335 3930 1412 3987 et,
1448 3930 1508 3977 ut
1553 3922 1629 3975 ait
1670 3917 1952 3990 prephetia
1997 3933 2016 3967 ι
2058 3914 2115 3967 in

538 4020 872 4091 salsuginem
917 4033 948 4073 a
1000 4016 1208 4071 malitia
1256 4012 1676 4069 inhabitantium
1716 4010 1771 4064 in
1818 4022 1903 4062 ea.
1942 4025 1962 4058 ι
2016 4002 2115 4059 His

540 4112 783 4168 adnectit
802 4108 1082 4179 deinceps,
1116 4114 1281 4176 atque
1314 4101 1602 4158 admodum
1644 4108 1794 4155 certo
1821 4098 2015 4153 ordine
2061 4102 2116 4153 et

539 4203 862 4279 prophetico
884 4216 1035 4256 more
1060 4197 1336 4270 proponit,
1362 4196 1482 4265 ejus
1506 4209 1627 4265 quae
1659 4194 1788 4247 olim
1816 4192 2035 4247 deserta
2060 4195 2116 4244 et

541 4297 824 4354 siticulosa
875 4303 1012 4357 erat,
1061 4292 1176 4346 sive
1217 4291 1361 4343 hanc
1409 4286 1844 4357 uniuscujusque
1877 4282 2115 4336 hominis

541 4391 804 4451 animam,
868 4385 985 4441 sive
1035 4384 1103 4439 de
1158 4381 1411 4453 gentibus
1461 4378 1748 4433 collectam
1811 4373 2114 4429 Ecclesiam

541 4480 769 4545 dixeris,
814 4478 955 4549 ejus,
1003 4477 1247 4546 inquam,
1296 4470 1781 4526 commutationem
1811 4466 1865 4521 in
1895 4476 2116 4522 sanctos

540 4589 743 4636 mores,
783 4587 993 4627 necnon
1039 4570 1095 4624 in
1132 4566 1335 4623 divinis
1368 4563 1711 4621 sermonibus
1762 4568 2110 4631 proventum,

1124 403 1392 466 EUSEBII
1421 392 1902 458 CESARIENSIS
1941 387 2093 445 OPP.
2134 382 2316 440 PARS
2354 379 2419 435 ll.
2457 409 2530 421 —
2556 371 3056 433 APOLOGETICA.

1070 528 1169 583 i“.
1208 546 1227 577 ι
1269 523 1335 579 Et
1386 527 1511 593 post
1559 518 1666 571 alia
1698 534 1711 569 :
1748 532 1767 565 ι
1819 510 2100 565 Exaltent.

2202 501 2385 562 κύτους,
2432 497 2526 551 καὶ
2570 492 2838 567 ἐρρύσατο
2868 489 3064 551 αὐτοὺς
3094 485 3158 540 ἐκ
3189 484 3297 538 τῶν
3318 480 3626 553 διαφθορῶν
3658 482 3767 534 arb-

2123 1892 2164 1946 Β
2187 1875 2275 1930 διὰ
2315 1874 2443 1937 τοὺς

3650 365 3767 420 ινι

2177 588 2306 643 τῶν.
2339 608 2357 639 ι
2396 586 2506 640 Καὶ
2532 584 2647 657 μεθ’
2680 583 2875 653 ἓτερα’
2915 596 2933 629 ι
2956 574 3362 646 ’Υψωσὰτωσαν
3385 570 3550 626 αὐτόν
3568 586 3585 601 ·
3612 569 3773 622 ἔθετο

2177 682 2457 752 ποταμοὺς
2481 680 2561 741 είς
2589 676 2815 748 ἔρημον,
2844 672 2939 726 καὶ
2962 668 3227 734 διεξόδους
3255 665 3465 719 ὑδάτων
3488 665 3567 726 είς
3588 661 3770 731 δίψος,

2178 774 2284 844 γῆν
2332 770 2681 843 καρποφόρον
2724 768 2804 830 εἰς
2849 764 3027 834 ἆλμην
3070 760 3178 814 ἀπὺ
3211 757 3412 819 κακίας
3437 754 3549 809 τῶν
3576 771 3775 807 κατοι-

2180 865 2417 919 κούντων
2463 864 2520 914 ἐν
2562 857 2924 930 αύτῇ.Ἐθετο
2952 854 3051 925 τὴν
3076 852 3280 923 ἔρημον
3305 850 3386 912 εἰς
3407 848 3608 918 λίμνας
3637 847 3775 899 ὑδά-

2180 974 2308 1021 των,
2334 956 2428 1010 καὶ
2458 955 2561 1024 γῆν
2589 951 2815 1021 ἄνυδρον
2841 950 2920 1011 είς
2952 943 3216 1011 διεξόδους
3244 941 3452 995 ὑδάτων
3473 956 3487 969 ο
3519 939 3614 991 καὶ
3638 955 3777 991 κατ-

2181 1046 2379 1118 ᾤκισεν
2407 1047 2522 1098 ἐκεῖ
2548 1040 2864 1102 πεινῶντας,
2880 1037 2976 1090 καὶ
3002 1036 3398 1103 συνεστήσαντο
3423 1028 3605 1090 πόλεις
3635 1044 3775 1081 κατ-

2184 1117 2446 1202 οικεσίας.
2481 1157 2500 1189 ι
2552 1136 2660 1189 Καὶ
2701 1132 2873 1186 ταῦτα
2950 1126 3136 1196 σαφῶς
3181 1122 3443 1194 ὀνομαστὶ
3485 1119 3586 1191 τὴν
3631 1117 3773 1170 Θεοῦ

2184 1233 2358 1301 Λόγου
2382 1230 2442 1296 ἐξ
2469 1226 2715 1299 οὐρανῶν
2758 1223 2983 1278 κάθοδον
3020 1215 3445 1287 εὐαγγελίζεται,
3474 1213 3544 1266 τά
3576 1228 3636 1264 τε
3670 1211 3777 1282 τῆς

2187 1321 2491 1394 παρουσίας
2542 1317 2707 1373 αὐτοῦ
2742 1312 3161 1387 κατορθώματα.
3199 1326 3218 1360 ι
3262 1305 3571 1359 Ἀπέστειλε
3613 1302 3772 1371 γοῦν,

2187 1417 2345 1487 φησι,
2389 1414 2480 1468 τὸν
2507 1412 2679 1481 Λόγον
2712 1407 2901 1470 αὐτοῦ,
2938 1405 3034 1459 καὶ
3087 1401 3274 1457 ίάσατο
3298 1395 3513 1459 αὐτούς.
3542 1414 3561 1446 ι
3594 1394 3775 1462 Λόγον

2187 1512 2244 1565 δὲ
2274 1508 2410 1564 Θεοῦ
2436 1509 2599 1579 ἡμεῖς
2630 1502 2816 1572 σαφῶς
2841 1497 3030 1553 τοῦτόν
3060 1510 3240 1565 φαμεν
3271 1491 3359 1545 τὸν
3389 1487 3526 1559 πρὸς
3546 1487 3642 1539 τοῦ
3664 1487 3777 1539 Πα-

2187 1603 2316 1675 τρδς
2351 1577 2724 1654 ἀποσταλέντα
2758 1594 2923 1647 πᾶσιν
2951 1585 3259 1658 ἀνθρώποις
3288 1582 3548 1652 Σωτῆρα’
3581 1579 3641 1633 ὃν
3676 1577 3776 1631 καὶ

2189 1670 2278 1749 διὰ
2308 1692 2417 1745 τῶν
2442 1689 2602 1763 ἱερῶν
2637 1684 2986 1755 Εὐαγγελίων
3034 1678 3302 1747 θεολογεῖν
3336 1670 3771 1743 πεπαιδεύμεθα.

2191 1762 2505 1837 Λίνίττεται
2524 1781 2580 1834 δέ
2623 1779 2718 1833 καὶ
2748 1777 2845 1848 τήν
2892 1775 3056 1846 μέχρι
3083 1770 3313 1825 θανάτου
3349 1766 3575 1822 κάθοδον
3605 1762 3776 1820 αὑτοῦ

2517 1869 2823 1939 ἐφθακότας
2883 1867 2962 1927 είς
3009 1860 3196 1915 τοῦτον
3237 1855 3637 1927 γεγενημένην·
3682 1851 3780 1905 καὶ

2192 1970 2291 2038 τήν
2323 1983 2386 2033 γε
2435 1963 2615 2018 αἰτίαν
2655 1960 2757 2030 τῆς
2800 1955 3039 2026 ἀφίξεως
3090 1950 3255 2005 αὑτοῦ
3306 1948 3647 2019 παρίστησι,
3682 1945 3782 2014 τήν

2194 2058 2571 2130 ἀπολύτρωσιν
2602 2052 2879 2125 ἐμφαίνων
2905 2047 3013 2102 τῶν
3038 2046 3104 2100 δι’
3129 2042 3293 2098 αὐτοῦ
3359 2039 3778 2110 σωθησομένων.

2196 2152 2335 2215 Τοὺς
2379 2129 2489 2221 γὰρ
2531 2145 2836 2217 ἐφθακότας
2876 2141 2982 2203 ἕως
3023 2138 3133 2192 τῶν
3185 2133 3372 2189 πυλῶν
3403 2131 3501 2186 τοῦ
3549 2129 3776 2184 θανάτου

2197 2246 2368 2300 ἔσωσε
2397 2242 2554 2314 μόνος
2583 2236 2798 2299 αύτούς.
2834 2233 3068 2295 Τούτους
3097 2229 3153 2283 δέ
3185 2229 3280 2282 καὶ
3319 2224 3588 2297 ἐρρύσατο
3619 2222 3774 2275 ίασά-

2202 2353 2362 2409 μενος
2391 2313 2454 2387 ἐκ
2486 2331 2597 2386 τῶν
2637 2324 2945 2397 διαφθορῶν
2984 2321 3191 2376 αὐτῶν·
3225 2319 3320 2373 καὶ
3363 2313 3685 2387 διεπράξατό
3712 2327 3775 2379 γε

2198 2405 2373 2484 ταῦτα
2396 2428 2496 2481 οὐκ
2516 2424 2689 2485 ἄλλως
2720 2420 2753 2491 ἢ
2778 2418 2872 2473 τοῦ
2899 2415 3129 2470 θανάτου
3159 2412 3261 2477 τὰς
3284 2410 3584 2482 λεγομένας
3608 2405 3780 2466 πύλας

2201 2524 2406 2595 χαλκᾶς
2452 2517 2765 2590 συντρίψας,
2795 2514 2891 2569 καὶ
2923 2513 3050 2574 τοὺς
3089 2506 3340 2579 σιδηροῦς
3381 2504 3612 2577 μοχλοὺς
3654 2516 3785 2567 συγ-

2202 2593 2429 2680 κλάσας.
2457 2614 2569 2667 Καὶ
2609 2610 2672 2682 δή
2710 2607 2848 2681 μετὰ
2891 2605 3064 2660 ταῦτα
3103 2600 3413 2662 ἀκολούθως
3452 2593 3788 2669 προφητεύει

2202 2710 2300 2782 τὴν
2326 2711 2407 2773 είς
2437 2708 2642 2780 ἔρημον
2686 2702 3021 2757 κατάστασιν
3056 2697 3165 2752 τῶν
3212 2698 3285 2766 μή
3336 2693 3559 2747 ἐλθόντα
3606 2707 3791 2763 παρα·

2203 2800 2512 2872 δεξαμένων
2549 2796 2730 2851 αὐτόν·
2763 2814 2781 2845 ι
2825 2792 3018 2846 Ἔθετο
3046 2790 3172 2859 γὰρ,
3203 2786 3359 2856 φησι,
3396 2785 3679 2853 ποταμοὺς
3705 2782 3789 2843 είς

2206 2893 2430 2966 ἔρημον,
2463 2891 2557 2945 καὶ
2575 2888 2839 2955 διεξόδους
2871 2884 3079 2939 ὑδάτων
3109 2882 3187 2942 εἰς
3230 2878 3414 2947 δίψος,
3438 2876 3542 2946 γῆν
3572 2892 3788 2947 καρπο-

2207 2986 2370 3057 φόρον
2392 2985 2471 3045 είς
2487 2983 2664 3053 ἆλμην
2686 2979 2793 3032 ἀπὸ
2811 2977 3010 3038 κακίας
3035 2972 3143 3027 τῶν
3168 2967 3567 3024 κατοικούντων
3605 2968 3663 3020 ἐν
3694 2965 3792 3020 αὐ-

2206 3082 2295 3152 τῇ.
2321 3096 2340 3130 ι
2376 3077 2443 3131 ’Δ
2456 3075 2552 3129 καὶ
2573 3074 2787 3142 νοήσεις
2819 3065 3146 3141 ἀναδραμὼν
3174 3062 3270 3117 τοῦ
3305 3060 3575 3115 Ἰουδαίων
3602 3058 3793 3125 ἔθνους

2211 3172 2305 3225 ἐπὶ
2333 3170 2434 3240 τήν
2455 3167 2622 3221 πάλαι
2657 3162 2937 3236 βοωμένην
2963 3156 3267 3231 Ίερουσαλὴ
3278 3171 3338 3223 μ,
3363 3153 3461 3208 καί
3500 3152 3601 3221 τὴν
3631 3151 3794 3216 δόξαν

2212 3266 2401 3335 αὐτῆς,
2430 3260 2525 3315 καὶ
2549 3259 2647 3330 τὴν
2669 3254 2837 3311 ἐθνῶν
2854 3249 3252 3323 καρποφορίαν,
3272 3247 3382 3300 τῶν
3399 3247 3459 3299 ἐν
3479 3246 3617 3315 αὐτῇ
3637 3243 3793 3296 πολι-

2209 3334 2517 3427 τευομένων
2573 3351 2747 3421 ἁγίων
2803 3348 2898 3401 καὶ
2949 3341 3211 3413 θεοφιλῶν
3270 3338 3484 3412 ἀνδρῶν
3535 3339 3632 3393 ἐπὶ
3696 3334 3793 3391 τοῦ

2213 3449 2480 3521 παρόντος
2512 3441 2909 3517 ὑστερημένην.
2942 3436 3097 3493 Μετὰ
3140 3433 3250 3506 γὰρ
3294 3432 3396 3505 τὴν
3423 3430 3521 3486 τοῦ
3552 3429 3795 3504 Χριστοῦ

2213 3540 2514 3615 παρουσίαν
2549 3538 2772 3609 γέγονεν
2810 3529 3027 3605 ἀληθῶς
3065 3527 3344 3600 ἄκαρπος,
3397 3524 3494 3578 καὶ
3543 3521 3795 3591 ἄνυδρος,

2215 3612 2311 3688 καί
2324 3628 2602 3690 παντελῶς
2618 3626 2717 3698 ερη
2726 3643 2845 3697 μος,
2863 3624 2979 3686 καὶ,
3000 3620 3076 3685 ῶς
3087 3634 3252 3691 φησιν
3264 3618 3300 3687 ή
3318 3612 3650 3687 προφητεία,
3668 3629 3690 3664 ι
3713 3614 3798 3676 είς

2215 3724 2393 3797 ἅλμην
2415 3721 2524 3778 ἀπὸ
2542 3720 2739 3784 κακίας
2772 3717 2882 3771 τῶν
2914 3710 3307 3770 κατοικούντων
3322 3708 3385 3762 ἐν
3410 3709 3573 3778 αὐτῇ.
3611 3725 3632 3757 ι
3655 3704 3797 3759 Τού-

2214 3794 2330 3881 τοις
2350 3794 2712 3869 ἡέπισυνάπτει
2747 3808 2951 3880 σφόδρα
2973 3801 3278 3866 ἀκολούθως
3307 3794 3638 3872 προφητικῷ
3669 3796 3799 3869 τρό-

2217 3928 2304 3982 πῳ
2325 3907 2693 3977 αἰνιττόμενος
2716 3906 2815 3973 τῆς
2855 3899 3023 3954 πάλαι
3054 3897 3261 3968 ἐρήμου
3292 3893 3389 3946 καὶ
3411 3890 3650 3961 διψάδος,
3673 3890 3800 3961 ἦτοι

2216 3981 2398 4071 πάσης
2431 3996 2718 4068 ἀνθρώπου
2738 3993 2937 4064 ψυχῆς,
2973 3990 3007 4061 ἢ
3045 3990 3144 4060 τῆς
3169 3986 3230 4051 ἐξ
3258 3983 3428 4038 ἐθνῶν
3465 3981 3798 4052 Ἑκκλησίας

2214 4094 2314 4167 τὴν
2342 4094 2422 4156 εἰς
2450 4088 2733 4144 εὐσέϐειαν
2762 4083 3080 4157 μεταϐολήν,
3106 4082 3204 4153 τήν
3230 4096 3290 4132 τε
3313 4080 3371 4131 ἐν
3406 4076 3570 4138 θείοις
3610 4074 3798 4142 λόγοις

2216 4166 2625 4261 καρποφορίαν·
2672 4183 2709 4239 ἃ
2752 4183 2847 4236 καὶ
2893 4176 3172 4250 προδήλως
3203 4171 3517 4255 αἰνίττεται,
3570 4166 3751 4234 λέγων
3776 4182 3792 4198 ο

2222 4302 2241 4334 ι
2270 4246 2708 4350 ’ἐδεῖτο-ἔρημον
2748 4275 2829 4337 εἰς
2867 4246 3063 4343 λίμνα,
3097 4267 3364 4323 ὑδάτων.»
3393 4246 3592 4315 καὶτὰ
3623 4257 3794 4329 ἑξῆς·

2217 4372 2359 4442 ᾇπερ
2391 4349 2580 4441 νοῆσαι
2610 4368 2771 4439 μόνου
2811 4363 2905 4417 τοῦ
2940 4360 3092 4432 παρὰ
3117 4358 3235 4429 Θεῷ
3261 4351 3453 4425 γένοιτ’
3488 4349 3554 4404 ἂν
3588 4349 3761 4418 σοφοῦ
3780 4390 3796 4416 ,

2217 4464 2360 4519 κατὰ
2391 4463 2492 4535 τήν
2513 4461 2606 4514 ἐπὶ
2639 4457 2782 4512 τέλει
2810 4453 2906 4509 τοῦ
2939 4450 3154 4524 ψαλμοῦ
3196 4450 3439 4520 φήσασαν
3470 4443 3795 4515 ἐπαγωγὴν·

2224 4578 2243 4611 ι
2273 4557 2370 4621 Τίς
2401 4555 2581 4625 σοφὸς,
2603 4552 2698 4607 καὶ
2730 4548 2953 4621 φυλάξει
2975 4545 3175 4610 ruina;
3206 4562 3225 4592 ι
3247 4542 3339 4596 καὶ
3371 4537 3441 4592 τὰ
3465 4536 3614 4608 ἑξῆς.

540 4682 661 4738 qua:
711 4666 876 4720 etiam
922 4663 1136 4734 planius
1169 4658 1370 4721 innuit,
1422 4656 1610 4711 dicens
1652 4673 1665 4709 :
1707 4672 1725 4705 ι
1759 4652 1950 4707 Posuit
1982 4651 2260 4706 desertum
2295 4648 2349 4702 in
2407 4654 2598 4716 stagna
2656 4655 2948 4712 aquarum,
2981 4656 2999 4689 ι
3045 4644 3176 4697 etc.,
3211 4645 3333 4702 quae
3364 4630 3550 4698 utique
3592 4626 3803 4682 intelli-

539 4760 720 4833 gentia
777 4755 1037 4826 consequi
1087 4754 1207 4823 ejus
1256 4750 1419 4806 unius
1448 4762 1572 4804 esse
1610 4753 1806 4817 potest,
1847 4744 1939 4815 qui
1981 4742 2124 4813 apud
2176 4739 2345 4794 Deum
2387 4738 2460 4792 sit
2513 4736 2752 4806 sapiens,
2791 4732 2934 4787 sicut
2970 4744 3034 4785 ea
3063 4724 3306 4782 inductio
3349 4720 3535 4785 habet,
3585 4734 3708 4791 quae
3743 4719 3802 4776 in

542 4858 648 4911 line
695 4850 890 4925 psalmi
938 4850 1012 4904 ait
1068 4868 1081 4903 :

1117 4953 1348 5012 CAPUT
1388 4950 1526 5009 Vill.

539 5060 583 5116 Α
653 5058 857 5128 psalmo
911 5059 1150 5128 cxvt‘et
1205 5063 1375 5103 cxvn.
1431 5075 1501 5086 —
1583 5035 2117 5128 Cenltiumvuocatio,

616 5105 854 5197 υὲἶιέἦὲὶὲ
907 5105 1183 5197 manifeste
1244 5131 1525 5197 apparens,
1578 5121 1629 5168 et
1681 5109 1983 5165 benedictus
2030 5105 2120 5175 qui

611 5201 747 5256 venit
768 5190 838 5251 ’ἱοι
872 5190 1080 5249 nomine
1110 5190 1345 5245 Domini.

618 5334 637 5367 ι
668 5298 912 5369 Laudate
968 5306 1282 5368 Dominum,
1313 5317 1504 5358 omnes
1543 5305 1754 5371 gentes,
1804 5299 1860 5349 et
1913 5290 2121 5345 collau-

542 5408 667 5466 date
690 5420 837 5468 cum,
860 5416 1052 5457 omnes
1083 5396 1292 5470 populi,
1321 5395 1580 5465 quoniam
1603 5388 1769 5459 266
1796 5383 2119 5440 Conﬁrmata

544 5506 627 5554 est
677 5512 842 5568 super
893 5509 995 5548 nos
1045 5487 1423 5546 misericordia
1445 5482 1648 5554 ejus",
1685 5498 1706 5532 ι
1763 5488 1818 5534 et
1864 5484 2060 5532 caetera
2101 5491 2115 5530 :

551 5607 573 5642 ι
607 5586 653 5644 0
707 5589 953 5651 Domine,
1004 5586 1215 5641 salvum
1267 5580 1354 5634 fac
1401 5579 1511 5647 jam
1554 5588 1724 5639 nunc,
1765 5586 1798 5626 ο
1864 5568 2115 5629 Domine.

546 5682 619 5738 da
668 5680 967 5749 profectum
1004 5677 1117 5747 jam
1161 5688 1329 5730 nunc.
1371 5669 1701 5727 Benedictus
1730 5665 1825 5735 qui
1866 5661 2016 5717 venit
2062 5662 2119 5714 in

1142 4865 1162 4897 ι
1227 4844 1361 4911 Quis
1411 4840 1650 4910 sapiens,
1695 4845 1750 4892 et
1810 4834 2083 4903 custodiet
2113 4829 2332 4887 hac“?
2367 4850 2385 4881 ι
2419 4837 2525 4882 etc.

2750 4924 3145 4984 ΚΕΦΛΛΑΙΟΝ
3185 4924 3267 4977 H'.

2235 5028 2379 5084 Ἀπὸ
2400 5024 2645 5096 ψαλμοῦ
2664 5024 2778 5093 ῥις¹
2802 5021 2900 5096 καὶ
2915 5020 3046 5096 per.
3064 5047 3131 5058 -—
3384 5009 3628 5096 γλῆςγις,
3656 5010 3809 5096 93g;-

2294 5116 2359 5153 τε
2377 5081 2698 5166 ἑῖτιφᾶνὴξ,
2740 5081 2852 5147 ’καί
2890 5081 3298 5158 εὖλογημένος
3319 5087 3351 5138 ό
3378 5082 3703 5151 ἐρχόμενος
3732 5081 3809 5134 ἐν

2296 5170 2539 5239 ὀνόματι
2565 5166 2808 5233 Κυρίου.

2300 5304 2319 5337 ι
2350 5285 2556 5337 Αἰνεῖτε
2585 5279 2678 5333 τὸν
2718 5276 2942 5348 Κύριον,
2975 5274 3152 5330 πάντα
3182 5270 3252 5326 τὰ
3283 5270 3432 5339 ἔθνη,
3462 5268 3557 5322 καὶ
3589 5268 3812 5319 ἐπαινε-

2226 5376 2474 5430 σάτωσαν
2511 5371 2674 5426 αὐτὸν
2712 5369 2913 5432 πάντες
2942 5369 2992 5439 ot
3034 5364 3180 5419 λαοί·
3223 5365 3307 5417 ὅτι
3340 5357 3683 5432 ἐκμταιώθη
3715 5359 3807 5427 ἐφ’

2222 5469 2371 5540 ἡμᾶς
2388 5468 2451 5519 τὸ
2474 5464 2620 5528 ἕλεος
2646 5462 2867 5525 αύτοῦ,›
2893 5462 2988 5515 καὶ
3012 5458 3081 5512 τὰ
3106 5457 3231 5529 ἑξῆς
3255 5475 3268 5511 :
3289 5451 3389 5507 «Ὦ
3409 5452 3604 5524 Κύριε,
3633 5451 3813 5503 σῶς-ον

2223 5558 2308 5629 δή,
2334 5550 2380 5609 ὦ
2413 5555 2609 5626 Κύριε,
2644 5552 2906 5606 εὐόδωσον
2928 5549 3013 5621 δή.
3047 5544 3423 5616 Εὐλογημένος
3451 5542 3480 5594 ό
3512 5540 3813 5612 ἐρχόμενος

2226 5656 2284 5707 ἐν
2328 5652 2554 5723 ὀνόματι
2615 5648 2843 5719 Κυρίου.
2899 5643 3032 5706 Θεὸς
3077 5639 3303 5713 Κύριος,
3372 5636 3467 5690 καὶ
3536 5633 3815 5704 ἐπέφανεν

620 5836 663 5866 ⁹¹
691 5833 834 5894 Psal.
854 5853 964 5902 ενι,
1003 5831 1187 5889 15-20.
1260 5828 1305 5863 ³³
1335 5826 1468 5883 ibid.
1501 5821 1693 5882 32-37.
1768 5817 1813 5851 “
1845 5813 1978 5874 ibid.
2007 5812 2099 5871 45.

2202 5811 2218 5845 ³
2247 5807 2394 5864 Psal.
2425 5819 2569 5865 cm.
2594 5800 2714 5863 l.3.
