4110 6430
365 406 473 465 ηδ

1259 400 1910 460 DEMONSTRATIONIS
1950 398 2411 457 EVANGELICIE
2446 399 2576 455 LIB.
2620 398 2716 457 VI.

3484 403 3589 459 69.6

365 530 517 601 ἡμῖν.
540 547 558 579 ι
586 528 696 582 Καὶ
718 526 904 581 τούτου
935 502 1201 599 μέμνηται
1227 528 1259 597 ἡ
1295 526 1414 599 ἱερά
1449 526 1544 579 τοῦ
1581 525 1912 595 Εὑαγγελίου

2023 521 2240 577 nomine
2269 519 2507 577 Domini.
2538 519 2682 578 Deus
2712 519 2977 577 Dominus
3004 529 3057 577 et
3084 521 3261 578 illuxit
3288 522 3530 579 nobis“.
3566 546 3586 578 ι

365 619 575 694 Γραφὴ,
599 620 783 682 τέλους
809 618 1176 689 τετυχηκότος,
1190 618 1422 690 ὁπηνίκα
1441 618 1469 669 6
1490 618 1678 688 Σωτὴρ
1696 618 1789 670 καί⁹
1815 616 1925 668 Κύ-

368 727 485 785 ριος
511 711 665 782 ἡμῶν
690 709 851 773 αὑτὸς
876 710 906 761 6
934 708 1164 779 Χριστὸς
1189 710 1359 781 εἰσῄει
1388 711 1468 773 εἰς
1485 706 1926 779 τάἸεροσόλυμα,

365 801 502 856 πολύ
534 819 593 855 τε
627 801 825 873 πλῆθος
861 801 1066 874 ἀνδρῶν
1106 803 1200 856 καὶ
1245 800 1445 854 παίδων
1488 802 1730 872 προῆγεν
1762 798 1927 851 αὑτὸν

372 896 490 966 μετ’
535 894 867 966 εὐφροσύνης
895 894 1234 948 ἐπιϐοώντων
1253 915 1267 925 -
1302 912 1320 940 σ
1358 890 1585 946 Ὡσαννά
1614 890 1694 962 τῷ
1721 889 1822 961 υἰῷ
1851 888 1929 960 τῷ

368 981 533 1035 Δαϐὶδ
550 1023 565 1047 ,
608 982 963 1055 εὐλογημένος
985 985 1013 1036 6
1043 984 1336 1055 ἐρχόμενος
1364 984 1421 1035 ὲν
1447 982 1666 1053 ὀνόματι
1692 981 1926 1052 Κυρίου,

379 1072 603 1128 Ὧσαννά
627 1075 684 1128 ὲν
712 1078 823 1139 τοῖς
856 1075 1114 1145 ὑψίστοις.
1142 1095 1160 1125 ι
1201 1074 1344 1126 Ἀντὶ
1372 1072 1479 1144 γὰρ
1503 1072 1618 1140 τοῦ,
1638 1094 1656 1125 (
1678 1067 1933 1144 ὧΚύριε,

370 1166 539 1218 σῶσον
580 1165 663 1237 δὴ,
690 1187 709 1219 ι
736 1166 985 1237 κειμένου
1031 1168 1088 1218 ὲν
1132 1164 1211 1236 τῷ
1234 1163 1450 1235 ψαλμῷ,
1490 1163 1551 1216 τὸ
1588 1183 1607 1215 ι
1645 1161 1872 1217 Ὡσαννά
1904 1182 1922 1214 ι

381 1253 807 1327 Ἐϐραῖκώτερον
840 1256 1138 1325 φάσκοντες
1177 1253 1443 1307 ἐπεϐόωνο
1484 1255 1838 1326 ἑρμηνεύεται
1873 1254 1930 1307 δὲ

344 1334 541 1410 ’τοῦτο,
565 1346 773 1400 «Σῶσον
797 1346 879 1419 δή.
895 1366 912 1398 ι
934 1346 1045 1400 Καὶ
1072 1345 1152 1409 τὸ,
1177 1344 1408 1416 «Εὑλογη
1418 1344 1573 1416 μένος
1595 1346 1623 1397 6
1643 1344 1929 1417 ἐρχόμενος

365 1438 425 1494 ἀν
446 1438 666 1510 ὀνόματι
681 1438 906 1509 Κυρίου,
933 1458 952 1489 ι
984 1438 1235 1507 διασαφεῖ
1252 1435 1312 1489 τὸ
1337 1436 1513 1506 λόγιον
1533 1436 1658 1507 ἑξῆς
1690 1436 1893 1505 φάσκον
1913 1453 1925 1465 ·

373 1548 393 1583 σ
416 1530 546 1593 Θεὸς
569 1529 790 1601 Κύριος,
821 1530 912 1582 καὶ
934 1529 1199 1599 ὲπέφηνεν
1223 1528 1372 1598 ἡμῖν.
1400 1545 1418 1579 ι
1446 1526 1652 1580 Οὐκοῦν
1678 1521 1759 1590 εἷς
1786 1526 1879 1579 καὶ
1901 1527 1929 1577 6

367 1622 527 1686 αὐτὸς
551 1617 619 1694 ἦν
645 1622 673 1673 6
706 1621 1001 1694 ἐπιφανεὶς
1029 1622 1156 1691 ἡμῖν
1189 1617 1320 1682 Θεὸς
1355 1617 1577 1689 Κύριος,
1604 1619 1633 1670 6
1657 1616 1750 1670 τοῦ
1796 1615 1927 1669 Θεοῦ

365 1692 785 1785 δηλαδὴήΛόγος,
816 1713 843 1765 6
864 1711 954 1763 καὶ
974 1692 1060 1763 διὰ
1091 1709 1245 1762 τοῦτο
1268 1708 1646 1780 εὐλογημένος,
1674 1708 1755 1761 ὃτι
1781 1707 1843 1779 δὴ
1870 1708 1928 1760 ἐν

366 1786 589 1877 ὀνόμῗᾶτι
614 1804 820 1876 Κυρίου
846 1802 938 1857 τοῦ
966 1802 1271 1873 πέμψαντος
1300 1800 1460 1854 αὑτὸν
1490 1799 1702 1871 Πατρὸς
1731 1798 1828 1871 τὴν
1850 1799 1929 1863 είς

2034 613 2323 671 Enimvero
2343 615 2410 670 de
2428 614 2529 670 hac
2556 614 2671 684 ipsa
2691 630 2769 679 re,
2785 615 3236 685 quemadmodum
3259 630 3414 671 suum
3433 618 3594 673 ﬁnem

2034 706 2342 775 contigerit,
2375 706 2538 761 etiam
2579 722 2734 762 sacra
2760 705 3333 778 EvangeliiScriptura
3364 711 3597 765 mentio-

2033 809 2158 852 nem
2182 796 2332 861 facit,
2347 813 2456 867 quo
2479 803 2721 867 tempore
2736 797 2983 853 Salvator
3011 814 3075 855 ac
3094 799 3355 858 Dominus
3386 810 3592 868 noster,

2034 890 2150 959 ipse
2174 887 2424 944 Christus
2457 887 2828 961 Hierosolyma
2862 891 3140 961 ingressus
3171 899 3274 960 est,
3307 901 3469 963 atque
3508 894 3596 948 in-
3650 880 3659 884 ’

2032 992 2167 1050 gens
2201 976 2488 1031 multitudo
2518 977 2762 1031 virorum
2790 984 2845 1031 et
2873 994 3188 1048 puerorum,
3219 982 3398 1050 ipsum
3441 991 3597 1037 ante-

2034 1069 2281 1132 cedebat,
2320 1082 2443 1123 cum
2496 1068 2676 1123 laetitia
2702 1071 3050 1124 clamantium
3085 1090 3101 1124 :
3139 1090 3159 1123 ι
3198 1072 3455 1129 Hosanna
3483 1074 3595 1128 ﬁlio

2035 1156 2226 1221 David,
2289 1156 2607 1212 benedictus
2653 1156 2745 1227 qui
2797 1158 2939 1212 venit
2984 1157 3040 1212 in
3082 1159 3299 1214 nomine
3356 1158 3593 1225 Domini,

2035 1251 2280 1306 hosanna
2316 1249 2371 1303 in
2401 1249 2634 1306 excelsis
2652 1249 2719 1301 ³⁷.
2750 1268 2769 1300 ›
2796 1247 2903 1303 Pro
2932 1264 2997 1304 eo
3024 1250 3166 1304 enim
3199 1251 3342 1320 quod
3362 1251 3415 1304 in
3447 1250 3595 1320 psal-

2035 1355 2124 1395 mo
2146 1341 2383 1412 positum
2405 1348 2491 1396 est
2516 1359 2530 1396 :
2560 1338 2635 1395 «Ο
2654 1340 3125 1405 Dominc,.salvum
3151 1341 3236 1395 fac
3253 1343 3547 1418 jam.nunc,
3569 1361 3589 1394 ι

2036 1430 2201 1487 illud:
2223 1451 2243 1484 ι
2274 1431 2554 1496 Hosanna,
2596 1451 2615 1485 ι
2650 1430 2918 1487 Hebraico
2946 1446 3097 1487 more
3116 1433 3508 1496 acclamabant,
3537 1432 3595 1487 id

2035 1532 2213 1581 autem
2260 1525 2316 1580 in
2352 1532 2542 1579 nostra
2591 1525 2799 1596 lingua,
2853 1522 3068 1578 Salvum
3116 1523 3204 1592 fac
3250 1523 3395 1589 dum,
3440 1523 3595 1580 reddi

2036 1616 2194 1671 solet.
2218 1614 2356 1670 lllud
2391 1630 2518 1670 vero
2551 1633 2566 1670 :
2604 1633 2625 1667 ‹
2657 1615 2983 1671 Benedictus
3008 1617 3099 1684 qui
3128 1615 3274 1670 venit
3297 1616 3349 1669 in
3371 1616 3596 1670 nomine

2034 1706 2249 1762 Domini
2283 1724 2297 1761 :
2328 1725 2346 1757 ι
2372 1706 2550 1776 ipsum
2581 1705 2824 1761 declarat
2849 1706 3146 1771 oraculum,
3179 1706 3321 1777 quod
3337 1707 3594 1778 deinceps

2034 1798 2111 1853 ita
2144 1798 2220 1852 ait
2256 1817 2268 1852 :
2314 1817 2333 1850 ε
2382 1797 2526 1853 Deus
2555 1797 2837 1864 Dominus,
2858 1807 2912 1854 et
2938 1799 3116 1854 illuxit
3169 1799 3348 1856 nobis.
3387 1820 3406 1852 ι
3440 1799 3595 1858 Unus

368 1897 687 1970 ἀνθρώπους
737 1897 899 1950 αὑτοῦ
943 1894 1240 1967 παρουσίαν
1295 1895 1608 1964 ἐποιήσατο.
1666 1890 1919 1962 Ἐλέγχωι

2033 1890 2231 1960 igitur,
2252 1891 2505 1961 idemque
2556 1889 2678 1955 fuit,
2713 1890 2807 1961 qui
2861 1892 3101 1961 seipsum
3153 1891 3314 1945 nobis
3353 1894 3596 1948 ostendit

370 1987 500 2057 γοῦν
529 1989 653 2052 τοὺς
681 1988 1031 2049 ἀπιστοῦντας
1050 1986 1197 2057 αὑτῷ
1224 1985 1331 2039 τῶν
1353 1986 1418 2039 ὲκ
1439 1986 1758 2057 περιτομῆς,
1776 1983 1924 2052 ἔλεγε

368 2078 506 2149 πρὸς
533 2077 751 2141 αὐτούς·
776 2098 793 2129 ι
818 2076 955 2145 Ἐγὼ
976 2072 1135 2148 ἦλθον
1158 2076 1215 2129 ὲν
1243 2074 1320 2146 τῷ
1341 2075 1561 2146 ὀνόματι
1593 2072 1687 2127 τοῦ
1715 2072 1926 2144 Πατρός

366 2185 489 2239 μου,
520 2171 611 2223 καὶ
656 2170 715 2222 ού
759 2168 1059 2240 λαμϐάνετέ
1107 2186 1193 2240 με.
1224 2167 1415 2231 Ἀλλος
1456 2166 1550 2221 ἐὰν
1577 2166 1707 2240 ἔλθῃ
1750 2167 1807 2219 ὲν
1846 2165 1925 2236 τῷ

357 2258 579 2330 ὀνόματι
612 2260 689 2331 τῷ
733 2260 865 2331 ἰδίῳ,
902 2261 1106 2313 ἐκεῖνον
1134 2258 1385 2331 λήψεσθε.
1421 2277 1438 2310 ι
1466 2258 1704 2320 Εἰκότως
1744 2252 1836 2311 οῦν
1864 2258 1925 2310 τὸ

359 2349 581 2421 Πνεῦμα
620 2350 681 2403 τὸ
725 2351 877 2419 ἆγιον
930 2350 1112 2403 οὐκέτι
1154 2349 1232 2420 τῷ
1283 2348 1547 2401 Ἰουδαίων
1594 2346 1738 2419 λαῷ,
1792 2347 1925 2401 ἀλλά

359 2442 491 2494 πᾶσι
534 2443 645 2506 τοῖς
683 2442 880 2505 ἔθνεσι,
902 2441 970 2495 τὰ
1003 2442 1060 2495 ὲν
1095 2443 1161 2513 τῇ
1192 2441 1334 2512 ἀρχῇ
1364 2439 1457 2493 τοῦ
1505 2438 1720 2511 ψαλμοῦ
1761 2456 1928 2510 προσ-

362 2550 548 2602 φωνει.

2031 1981 2174 2037 Deus
2201 1996 2265 2036 ac
2287 1980 2569 2044 Dominus,
2598 1981 2691 2035 Dei
2719 1981 3405 2059 videlicetVerbum.Quod
3428 1985 3596 2042 etiam

2030 2073 2237 2128 idcirco
2261 2082 2346 2130 est
2368 2072 2732 2137 benedictum,
2748 2074 3003 2144 quoniam
3029 2077 3082 2128 in
3114 2075 3331 2129 nomine
3352 2073 3593 2140 Domini,

2029 2166 2123 2236 qui
2156 2165 2332 2236 ipsum
2365 2166 2534 2227 misit,
2570 2164 2767 2228 Patris,
2794 2179 2952 2220 suum
2993 2165 3059 2220 ad
3091 2165 3339 2221 homines
3392 2165 3595 2221 adven-

2031 2264 2143 2310 tum
2175 2256 2440 2311 exhibuit.
2476 2256 2660 2326 Itaque
2704 2271 2800 2311 eos
2843 2271 3098 2328 arguens,
3129 2257 3219 2328 qui
3256 2258 3356 2327 ipsi
3387 2257 3454 2312 de
3484 2257 3594 2313 cir-

2034 2347 2370 2403 cumcisione
2411 2363 2518 2402 non
2551 2346 2865 2411 credebant,
2896 2346 3108 2402 dicebat
3138 2348 3205 2402 ad
3241 2362 3337 2403 eos
3369 2364 3383 2401 :
3422 2364 3443 2399 (
3480 2346 3592 2417 Ege

2030 2439 2151 2494 veni
2186 2438 2239 2493 in
2290 2439 2510 2494 nomine
2571 2438 2748 2494 Patris
2806 2438 2931 2502 mei,
2966 2447 3018 2494 et
3050 2454 3158 2493 non
3197 2437 3441 2509 accipitis
3481 2452 3591 2495 me.

2028 2533 2183 2589 Alius
2231 2533 2277 2589 si
2311 2534 2488 2588 veniet
2537 2533 2592 2586 in
2639 2533 2855 2586 nomine
2883 2531 3124 2602 proprio,
3165 2532 3315 2586 illum
3358 2531 3594 2601 accipie-

357 2624 505 2680 tis”.
535 2643 555 2677 ι
590 2622 784 2679 Merito
828 2639 958 2695 ergo
1003 2622 1239 2694 Spiritus
1284 2631 1533 2688 sanctus,
1584 2637 1694 2678 non
1729 2623 1963 2695 amplius
2024 2626 2091 2681 ad
2126 2625 2413 2682 Iudaicum
2466 2626 2746 2697 populum,
2799 2625 2894 2681 sed
2938 2624 3006 2680 ad
3051 2640 3241 2682 omnes
3284 2633 3493 2697 gentes,
3526 2639 3592 2679 ea

359 2732 478 2789 qua;
507 2718 562 2772 in
594 2717 862 2790 principio
889 2718 1083 2789 psalmi
1109 2719 1380 2790 leguntur,
1414 2718 1680 2774 enuntiat.

877 2838 1271 2892 ΚΕΦΔΔΑΙΟΝ
1314 2838 1390 2892 Θ’.

371 2947 514 3005 Ἀπὸ
551 2952 794 3021 ψαλμοῦ
817 2957 971 3022 pm’.
996 2980 1070 2993 -—
1103 2953 1319 3022 Κύριος
1344 2952 1670 3022 οὐρανόθεν
1699 2951 1918 3006 κατιὼν

426 3021 749 3090 ἀνθρώπων
772 3021 1066 3089 σωτηρίας
1090 3021 1313 3085 ἕνεκεν,
1349 3021 1470 3090 ᾠδή
1493 3038 1557 3076 τε
1590 3022 1692 3075 ἐπὶ
1723 3023 1913 3086 τούτῳ

424 3092 704 3162 ᾲὸομένη,
734 3091 958 3161 Καινῆς
978 3091 1270 3161 Διαθήκης
1300 3091 1552 3162 δηλαδή.

430 3222 450 3256 ι
472 3205 662 3279 Κύριε,
695 3206 746 3260 τί
779 3208 924 3261 ἐστιν
945 3205 1246 3280 ἄνθρωπος,
1276 3207 1356 3260 ὅτι
1389 3205 1667 3277 ὲγνώσθης
1698 3203 1863 3276 αὑτῷ,
1889 3202 1923 3276 ἢ

356 3296 469 3361 υἰδς
498 3296 803 3369 ἀνθρώπου,
826 3299 906 3352 ὅτι
934 3298 1117 3370 λογίζῃ
1135 3299 1324 3364 αὑτόν;
1356 3298 1551 3370 Κύριε,
1569 3299 1743 3353 κλῖνον
1758 3298 1924 3370 ούρα-

355 3390 494 3455 νοὺς,
527 3391 620 3444 καὶ
634 3391 898 3463 κατάϐηθι
925 3408 940 3422 ⁸
974 3392 1106 3460 ἅψαι
1133 3392 1240 3445 τῶν
1267 3392 1457 3463 ὀρέων,
1481 3392 1574 3445 καὶ
1624 3390 1925 3462 καπνισθή-

355 3497 555 3538 σονται.
580 3502 597 3535 ι
614 3485 722 3537 Καὶ
744 3483 949 3547 ὑποϐὰς
972 3483 1213 3551 ἐπιλέγει
1232 3501 1245 3515 ο
1274 3503 1292 3535 ‹
1316 3486 1373 3537 Ὁ
1398 3484 1547 3548 Θεὸς,
1571 3483 1712 3555 ᾠδὴν
1728 3483 1922 3556 καινὴν

354 3568 555 3641 ᾇσομαί
585 3589 687 3626 σοι.
717 3591 735 3624 ι
764 3570 1019 3642 Ἔχεσθαι
1061 3573 1154 3625 καὶ
1180 3572 1353 3626 ταῦτα
1388 3574 1488 3643 τῆς
1523 3572 1921 3644 προσκειμένης

355 3663 660 3727 ὑποθέσεως
687 3663 946 3735 ἠγοῦμαι.
976 3662 1085 3734 Τὴν
1123 3663 1232 3735 γὰρ
1270 3665 1350 3726 εἰς
1381 3660 1698 3733 ἀνθρώπους
1715 3660 1917 3731 γνῶσιν

349 3747 445 3800 τοῦ
461 3749 593 3803 Θεοῦ
613 3751 781 3819 Λόγου
794 3750 1102 3822 θαυμάζων,
1117 3750 1612 3822 ὑπερεκπλήττεται
1626 3750 1725 3820 τῆς
1737 3749 1921 3818 φιλαν-

351 3839 625 3912 Θρωπίας,
653 3841 718 3895 δι’
742 3838 810 3913 ἧς
846 3844 943 3914 τῆς
974 3841 1220 3913 θεότητος
1244 3841 1451 3905 ὑποϐὰς
1497 3841 1611 3905 καὶ,
1648 3840 1742 3894 τοῦ
1783 3857 1920 3911 συμ-

350 3929 517 3999 φυοῦς
547 3931 805 4000 μεγέθους
837 3932 1025 3985 ἑαυτὸν
1052 3931 1350 4004 σμικρύνας
1369 3970 1384 3995 ,
1416 3930 1615 4001 ἠξίωσε
1658 3933 1758 4001 τῆς
1780 3932 1917 3997 ἰδίας

348 4020 602 4092 γνώσεως
642 4022 703 4077 τὸ
750 4022 1081 4096 ἀνθρώπειον
1131 4023 1304 4092 γένος.
1379 4023 1640 4077 Ἐνταῦθα
1686 4026 1784 4095 μὲν
1821 4020 1917 4079 οῦν

348 4111 565 4184 εὔχεται
591 4113 793 4182 λέγων’
831 4135 848 4166 ι
883 4115 1053 4186 Κύριε
1072 4154 1088 4180 ,
1124 4114 1300 4169 κλῖνον
1327 4115 1585 4186 οὐρανοὺς
1615 4115 1710 4169 καὶ
1750 4117 1917 4171 κατά-

350 4203 475 4276 ϐηθι
499 4245 512 4258 .
546 4223 564 4255 ι
614 4205 701 4258 Ἐν
741 4205 797 4258 δὲ
840 4205 918 4277 τῷ
948 4206 1389 4277 ἑπτακαιδεκάτῳ
1427 4204 1626 4277 ψαλμῷ
1668 4205 1910 4278 εἴρηται*

356 4314 375 4348 ι
414 4298 523 4352 Καὶ
547 4296 750 4350 ἔκλινεν
770 4298 1047 4370 οὐρανοὺς,
1083 4300 1179 4352 καὶ
1206 4297 1431 4369 κατέϐη,
1462 4296 1556 4350 καὶ
1587 4296 1784 4366 γνόφος
1808 4297 1913 4350 ὑπὸ

349 4388 472 4450 τοὺς
502 4387 665 4450 πόδας
696 4387 861 4440 αὑτοῦ
881 4404 893 4418 ο
923 4388 1017 4441 καὶ
1041 4387 1210 4458 ἐπέϐη
1233 4387 1324 4439 ἐπὶ
1344 4385 1627 4458 χερουϐὶμ,
1663 4386 1757 4439 καὶ
1781 4387 1909 4439 έπε-

2617 2805 2845 2863 CAPUT
2901 2792 2995 2862 lxi

2021 2922 2066 2976 Α
2116 2922 2320 2993 psalmo
2374 2937 2565 2979 cxutt.
2592 2952 2660 2962 —
2700 2919 2979 2993 Dominus
3004 2920 3068 2974 de
3113 2910 3239 2976 calo
3274 2923 3587 2979 descendens

2092 2991 2280 3048 salutis
2311 2995 2579 3064 hominum
2611 2991 2805 3064 gratia.
2839 2992 3203 3064 cantuumque
3225 3010 3412 3046 novum
3434 3010 3590 3064 super

2091 3064 2189 3118 hac
2222 3080 2278 3118 re
2303 3059 2626 3127 canendum,
2645 3059 2697 3114 Ν
2703 3064 2783 3115 ovi
2808 3060 3039 3115 videlicet
3075 3059 3410 3119 Testamenti.

2099 3193 2118 3227 ι
2165 3174 2392 3229 Domine
2443 3173 2575 3244 quid
2633 3178 2717 3228 est
2749 3171 2931 3236 homo,
2989 3171 3134 3241 quod
3191 3172 3471 3229 innotuisti
3505 3171 3590 3228 ei?

2023 3275 2119 3323 aut
2150 3266 2292 3321 ﬁlius
2325 3265 2580 3330 hominis,
2626 3261 2771 3333 quod
2813 3268 3032 3332 reputas
3056 3263 3214 3319 eum?
3241 3262 3485 3330 Domine,
3513 3264 3590 3318 in-

2024 3358 2169 3414 clina
2198 3357 2393 3423 caelos,
2419 3364 2474 3410 et
2503 3355 2811 3411 descende:
2835 3362 2995 3425 tange
3024 3363 3253 3422 montes,
3274 3362 3329 3411 et
3356 3354 3588 3427 fumiga-

2022 3450 2178 3507 bunt.
2211 3450 2255 3483 "
2309 3467 2329 3501 ι
2378 3446 2442 3501 Ει
2468 3460 2816 3517 progressus,
2849 3446 3097 3516 adiungit
3122 3465 3135 3500 :
3164 3463 3186 3521 ᾳ
3219 3445 3383 3514 Deus,
3406 3447 3588 3503 canti-

2022 3557 2146 3598 cum
2171 3554 2370 3596 novum
2390 3538 2622 3593 cantabo
2640 3538 2738 3593 tibi
2750 3537 2817 3591 ⁸⁸.
2840 3557 2859 3590 ι
2881 3537 3005 3593 Haec
3019 3552 3235 3608 quoque
3251 3553 3374 3593 cum
3388 3554 3588 3610 propo-

2023 3631 2131 3687 sito
2153 3634 2476 3701 argumento
2503 3641 2624 3682 esse
2651 3625 3110 3695 conjuncta,sane
3133 3641 3234 3697 ego
3256 3630 3584 3697 putaverim.

2020 3722 2181 3794 267
2209 3718 2587 3791 COgnitionem
2633 3718 2778 3774 enim
2820 3717 3134 3772 hominibus
3185 3717 3441 3773 traditam
3482 3718 3581 3774 Dei

2020 3806 2207 3872 Verbi
2245 3815 2544 3878 admirans,
2593 3813 2768 3884 ipsam
2817 3811 3164 3868 clementiam
3214 3813 3576 3882 obstupescit,

2018 3916 2241 3980 propter
2273 3922 2434 3977 quam
2468 3904 2609 3961 infra
2627 3904 2865 3960 divinam
2896 3919 3052 3960 suam
3078 3913 3330 3959 naturam
3351 3904 3575 3960 descen-

2018 4002 2177 4068 dens,
2212 4015 2379 4072 seque
2410 3999 2591 4070 ipsum
2634 3999 2872 4053 naturali
2911 4012 3011 4054 sua
3059 3996 3437 4068 magnitudine
3479 3997 3583 4051 mi-

2015 4110 2205 4152 norem
2216 4092 2480 4162 elﬁciens,
2498 4092 2718 4162 propria
2746 4091 2920 4161 ipsius
2937 4089 3246 4161 cognitione
3279 4089 3577 4144 humanum

2014 4203 2185 4262 genus
2224 4186 2443 4257 dignum
2492 4184 2843 4239 existimavit.
2889 4181 3075 4252 Itaque
3120 4180 3221 4235 hoc
3263 4180 3382 4235 loco
3435 4187 3578 4246 orat,

2015 4281 2234 4336 dicens:
2271 4296 2291 4330 ι
2332 4276 2582 4340 Domine,
2612 4276 2816 4331 inclina
2841 4275 3012 4330 cmlos
3044 4279 3097 4329 et
3120 4271 3408 4328 descende.
3439 4292 3458 4324 ι
3507 4273 3581 4326 At

2013 4373 2157 4429 enim
2189 4372 2244 4425 in
2275 4369 2487 4425 decimo
2513 4369 2745 4438 septimo
2773 4367 2986 4438 psalmo
3012 4366 3056 4397 “
3079 4363 3284 4418 dictum
3318 4370 3435 4420 est:
3468 4381 3488 4415 c
3511 4362 3580 4418 Et

349 4477 516 4551 τάσθη
543 4479 633 4532 ἐπὶ
653 4478 936 4550 πτερύγων
967 4453 1210 4550 ἀνέμων..
1230 4496 1248 4530 ι
1277 4453 1456 4532 Διί
1485 4477 1552 4532 τὰ
1570 4453 1678 4548 *τῆς
1698 4476 1905 4542 ἀνόδου,

2023 4461 2302 4530 inclinavit
2325 4460 2498 4515 caelos
2518 4466 2573 4513 et
2598 4456 2903 4521 descendit,
2930 4462 2984 4510 et
3008 4455 3186 4524 caligo
3215 4454 3318 4509 sub
3347 4453 3580 4523 pedibus

350 4568 416 4639 ῆν
433 4570 539 4623 ἀπὸ
563 4569 664 4639 γῆς
687 4571 765 4634 εἰς
792 4570 1052 4642 οὐρανοὺς
1083 4570 1394 4641 ἐποιήσατο,
1432 4566 1694 4632 θεσπίζει.
1725 4567 1908 4630 Ὅπως

346 4661 403 4715 δὲ
430 4660 650 4715 κάθοδον
675 4663 779 4734 χρὴ
805 4666 946 4716 νοεῖν
981 4662 1075 4716 καὶ
1103 4662 1287 4717 ἄνοδον
1325 4661 1417 4715 τοῦ
1457 4659 1592 4714 Θεοῦ
1621 4659 1816 4729 Λόγου,
1847 4659 1907 4712 οὐ

345 4750 582 4816 τοπικῶς
638 4752 961 4822 μεταϐάσεις
1000 4751 1319 4822 ποιουμένου
1343 4788 1358 4813 ,
1396 4748 1667 4821 τροπικῶς
1712 4748 1768 4802 δὲ
1812 4746 1909 4810 τάς

345 4840 555 4895 τοιάσδε
577 4843 883 4912 οἰκονομίας
915 4841 1077 4895 αὑτοῦ
1101 4840 1287 4895 τοῦτον
1313 4841 1413 4911 τῆς
1440 4838 1660 4912 Γραφῆς
1697 4840 1906 4892 ἀποκα-

346 4933 540 5004 λούσης
573 4934 664 4986 τὺν
699 4934 896 5004 τρόπον
917 4974 931 4999 ,
973 4935 1058 4987 ἐπ’
1088 4933 1292 4997 οἰκείας
1327 4930 1678 5002 ἀποδώσομεν
1692 4927 1904 4999 σχολῆς.

349 5028 496 5081 Ἔδει
522 5026 577 5079 δὲ
609 5024 973 5098 μνημονεῦσαι
996 5027 1053 5080 ὲν
1077 5026 1281 5090 τούτοις
1313 5025 1407 5078 καὶ
1430 5024 1528 5095 τῆς
1552 5021 1762 5090 Καινῆς
1784 5020 1908 5071 Δια-

347 5118 538 5192 θήκης,
569 5119 636 5189 ἢν
659 5117 876 5189 ἔμελλεν
899 5120 933 5189 ἡ
960 5117 1053 5170 τοῦ
1077 5116 1312 5190 Χριστοῦ
1346 5113 1615 5187 παρουσία
1645 5109 1909 5183 προξενὴ-

2011 4553 2169 4624 ejus:
2206 4559 2261 4608 et
2283 4550 2531 4608 ascendit
2561 4563 2727 4619 super
2759 4546 3060 4608 cherubim,
3083 4555 3138 4600 et
3164 4546 3399 4601 volavit:
3433 4548 3580 4603 vola—

2009 4649 2088 4704 vit
2140 4662 2304 4717 super
2342 4660 2553 4716 pennas
2580 4651 2889 4699 ventorum.
2953 4639 3054 4696 iln
3113 4641 3314 4712 quibus
3372 4641 3574 4705 verbis,

2010 4755 2079 4795 ea
2120 4754 2239 4810 quae
2277 4737 2345 4792 ad
2387 4750 2680 4791 ascensum
2714 4740 2985 4805 spectant,
3036 4748 3146 4804 quo
3188 4735 3255 4787 de
3298 4741 3447 4787 terra
3505 4731 3575 4785 ad

2012 4833 2211 4889 cmlum
2246 4845 2305 4886 se
2327 4828 2568 4891 sustulit,
2599 4827 2839 4882 divinat:
2869 4826 3013 4897 quod
3044 4824 3572 4892 autenLdescensum

2014 4933 2178 4995 atque
2209 4936 2498 4977 ascensum
2530 4918 2626 4975 Dei
2657 4917 2844 4983 Verbi,
2873 4932 2985 4972 non
3025 4916 3289 4987 quosdam
3323 4914 3444 4982 ejus
3477 4928 3575 4982 per
3670 4910 3676 4917 ’

2011 5015 2193 5069 locum
2227 5012 2492 5067 transitus
2531 5009 2781 5080 accipere
2830 5013 3099 5078 oporteat,
3130 5002 3575 5075 quandoquidem

2008 5107 2062 5162 in
2084 5105 2232 5160 hunc
2256 5102 2479 5158 modum
2512 5100 2798 5170 Scriptura
2823 5100 3024 5163 divina,
3048 5098 3183 5151 tales
3210 5095 3330 5166 ejus
3356 5093 3575 5163 dispen-

239 5258 249 5279 ,
346 5182 804 5282 σειννάνθρώποις
828 5182 964 5279 αὕτη
991 5209 1047 5262 δέ
1071 5182 1216 5262 ἐστιν
1238 5211 1272 5280 ἡ
1298 5182 1475 5279 Καινὴ
1497 5182 1734 5276 Διαθήκη
1770 5201 1904 5273 μετά

2023 5197 2251 5251 sationes
2279 5193 2554 5264 appellare
2592 5189 2898 5251 consuevit,
2930 5202 3030 5242 suo
3068 5187 3188 5239 loco
3225 5183 3459 5238 otiosius
3477 5182 3575 5237 de»

347 5301 443 5374 τὴν
476 5300 712 5354 Παλαιάν
738 5300 841 5354 ὑπὸ
868 5298 1102 5371 Χριστοῦ
1127 5299 1259 5351 πᾶσι
1283 5299 1392 5361 τοῖς
1425 5296 1599 5350 ἔθνεσι
1622 5291 1900 5364 δεδομένη.

2006 5282 2456 5340 monstrabimus.
2501 5279 2725 5350 Oportet
2771 5283 2953 5331 autem
3001 5274 3059 5328 in
3102 5272 3189 5329 bis
3229 5271 3395 5327 etiam
3434 5270 3571 5326 Novi

344 5360 435 5447 Διό
450 5411 579 5466 φησι
597 5394 658 5447 τὸ
682 5393 820 5466 μετά
838 5360 1023 5465 χεῖρας
1047 5391 1272 5461 λόγιονί
1294 5391 1350 5444 ’0
1367 5389 1518 5453 Θεὸς,
1544 5387 1687 5460 ᾠδὴν
1709 5360 1902 5456 καινὴν

2023 5372 2345 5431 l‘estamenti
2370 5370 2698 5425 mentionem
2733 5366 2931 5431 facere,
2951 5363 3098 5434 quod
3121 5360 3435 5417 hominibus
3453 5370 3574 5417 erat

344 5483 545 5557 ᾄσομαί
578 5501 682 5538 σοι.
721 5504 739 5536 ι
776 5484 848 5537 Τὸ
879 5483 956 5549 δὲ,
995 5503 1014 5534 ι
1038 5482 1207 5553 "Aspar.
1235 5481 1343 5535 τῶν
1360 5478 1553 5550 ὀρέων,
1586 5479 1679 5531 καί
1712 5491 1907 5528 καπνι-

345 5576 681 5649 σθήσονται,›
709 5576 1034 5631 αἰνίττεσθαι
1049 5569 1620 5648 ήγοῦμαιὲμπρησμὸν
1646 5569 1738 5622 καί
1757 5568 1901 5635 ἀφα-

2005 5466 2210 5524 Christi
2262 5464 2532 5520 adventus
2574 5459 3006 5516 conciliaturus:
3046 5454 3153 5509 hoc
3196 5467 3329 5509 sane
3359 5451 3570 5508 Novum

2004 5560 2416 5616 Testamentum
2449 5554 2584 5609 illud
2623 5559 2729 5616 est,
2760 5550 2906 5620 quod
2937 5564 2968 5603 a
2997 5547 3220 5605 Christo
3252 5554 3375 5617 post
3401 5546 3573 5605 Vetus

344 5639 531 5740 νισιών
554 5639 729 5742 πάσης
743 5639 1202 5740 εἰδωλολατρέίας,
1221 5639 1340 5736 ἥτις
1357 5639 1506 5733 ποιρά
1518 5639 1628 5725 τοῖς
1654 5658 1902 5721 παλαιοίς

2023 5656 2232 5710 dterum
2269 5649 2523 5705 omnibus
2564 5643 2820 5716 gentibus
2868 5641 3127 5696 traditum
3176 5648 3281 5697 est.
3328 5639 3570 5696 Proinde

452 5763 497 5798 ³ο
526 5762 669 5819 Psal.
700 5778 865 5827 cxvn,
896 5762 985 5819 26.

349 5834 434 5898 10,
475 5833 556 5893 Η.

618 5926 880 5986 Parnm“
927 5923 1043 5984 Gn.
1092 5920 1295 5982 XXII.

1096 5761 1139 5792 ³⁷
1172 5758 1361 5813 Matth.
1398 5772 1512 5823 χχι,
1544 5755 1599 5812 9.
1673 5754 1718 5786 ⁸⁸
1747 5751 1905 5807 Joan.
1942 5766 1997 5817 v,
2028 5750 2118 5804 45.

2225 5747 2267 5779 ³³
2307 5744 2452 5800 Psal.
2480 5756 2665 5809 cxmn,
2700 5742 2755 5805 5,
2791 5737 2845 5792 5.
2944 5735 2989 5768 ⁸⁸
3016 5736 3149 5792 ibid.
3192 5736 3248 5794 9.
3340 5736 3385 5768 δι
3425 5750 3571 5794 vers.

3181 5896 3250 5956 lb-
