4110 6426
494 393 597 447 ιε’]
1134 391 1401 449 EUSEBII
1420 391 1920 448 ιςλεδΑιιιΕΝειδ
1956 392 2042 450 ΟΡ

2152 393 2328 449 PARS
2362 398 2434 449 Il.
2477 423 2543 434 —--
2582 393 3073 450 AI‘OLOCETICA.
3601 396 3709 454 £28

492 509 773 563 oraculum
844 509 989 579 quod
1049 524 1194 563 nunc
1244 509 1299 563 in
1353 509 1609 563 manibus
1656 519 1760 573 est,
1811 510 1891 564 sic
1933 510 2038 564 ait:

2147 513 2201 564 ὲν
2235 513 2344 573 τοῖς
2385 511 2535 582 ὄρεσι
2585 510 2815 579 μάλιστα
2852 508 3208 573 ἐσπουδάζετο
3232 526 3245 539 ’
3293 508 3432 560 ὥστε
3470 507 3573 577 ἥδη
3614 512 3710 565 καὶ

497 601 704 666 «Deus,
746 602 1021 655 canticum
1069 616 1268 655 novum
1322 601 1557 655 cantabo
1596 601 1695 655 tibi
1744 601 1858 653 ".1
1910 601 2042 655 lllud

2147 601 2343 665 αὐτοὺς
2385 600 2669 664 Ἰουδαίους
2714 598 3137 669 ἀπελέγχεσθαι,
3178 599 3251 661 ὡς
3307 598 3399 649 ἐπὶ
3442 600 3553 649 πᾶν
3588 596 3713 669 ὅρος

492 701 704 748 autem:
749 693 973 763 «Tange
1017 700 1229 748 montes
1272 700 1326 747 et
1373 691 1783 763 fumigahuntt,
1816 692 2042 747 arbitror

2149 693 2367 764 ὑψηλὸν,
2401 692 2541 747 κατά
2576 693 2803 765 μίμησιν
2821 693 2926 746 τῶν
2951 691 3257 761 ἀλλοφύλων
3288 690 3476 755 ὲθνῶν,
3499 690 3715 744 είδωλο·

491 784 821 853 signiﬁcare,
854 783 1001 853 quod
1024 784 1264 838 omnium
1294 782 1717 838 simulacrorum
1749 782 1932 837 cultus
1977 782 2042 837 sit

2149 783 2496 856 λατροῦντας.

495 874 869 930 iueendendus
918 890 983 929 ac
1032 875 1319 937 delendus,
1369 874 1462 945 qui
1504 873 1646 945 apud
1699 875 1953 944 antiquos
1995 875 2050 929 in
2099 876 2374 931 montibus
2440 877 2671 931 maxime
2738 874 3222 946 frequentabatur;
3267 876 3503 946 denique
3543 875 3712 930 etiam

493 968 597 1037 ipsi
622 965 792 1021 Mati
821 966 1387 1037 reprehendebantur,
1444 968 1586 1039 quod
1646 969 1703 1022 in
1735 967 1884 1023 omni
1925 976 2106 1023 monte
2154 968 2389 1030 excelso,
2436 965 2502 1021 ad
2539 966 2890 1022 imitationem
2931 976 3277 1022 externarum
3318 968 3589 1039 gentium,
3629 969 3714 1027 si-

492 1060 738 1115 mulacra
762 1060 1026 1115 colerent.
3202 1064 3206 1069 '

1105 1197 1330 1253 CAPUT
1366 1198 1408 1251 Χ

493 1335 534 1389 Α
564 1320 768 1401 psalmo
794 1349 994 1388 cnvtt.
1028 1363 1099 1373 —
1127 1332 1218 1386 Dei
1258 1331 1481 1386 Verbum
1507 1334 1560 1386 in
1583 1341 1775 1387 terram
1799 1334 2043 1398 missum,

542 1415 602 1457 .et
632 1404 773 1459 crevi
803 1415 1028 1471 tempore
1058 1418 1363 1471 percurrens
1392 1405 1665 1458 universos
1697 1404 1949 1458 homines.

565 1619 586 1654 ι
602 1600 810 1667 Lauda,
828 1600 1146 1665 Ierusalem.
1169 1602 1476 1669 Dominum,
1497 1603 1657 1659 lauda
1674 1602 1842 1660 Deum
1863 1612 2038 1668 tuum,

406 1696 413 1701 ’
493 1692 623 1749 Sion
652 1694 763 1748 “.1
818 1693 1018 1750 Deinde
1062 1696 1334 1764 paululum
1385 1711 1707 1767 progressus
1732 1697 1836 1751 alt:
1880 1716 1899 1749 ι
1939 1696 2042 1764 Qui

492 1787 691 1840 emittit
712 1786 993 1856 eloquium
1036 1802 1194 1841 suum
1232 1796 1411 1852 terrai,
1448 1788 1707 1843 velociter
1733 1790 1905 1843 currit
1927 1804 2045 1845 ser-

494 1891 582 1929 mo
611 1876 731 1945 ejus
753 1875 843 1929 “:-
867 1895 885 1928 ι
910 1883 1123 1931 constat
1157 1884 1333 1931 autem
1364 1892 1489 1932 eum
1530 1879 1623 1947 qui
1656 1879 1841 1941 mittit,
1871 1879 1940 1934 ab
1978 1894 2044 1935 eo

2684 1209 3072 1263 ΚΕΦΑΛΔῙΟΝ
3110 1209 3165 1265 l'.

2157 1347 2300 1400 Ἀπὸ
2325 1344 2568 1414 ψαλμοῦ
2586 1343 2732 1413 uti".
2753 1372 2825 1383 —
2852 1345 3040 1414 Λόγος
3073 1343 3169 1395 ἐπὶ
3202 1343 3311 1413 γῆς
3337 1346 3709 1405 ἀποστελλό-

2216 1413 2674 1489 μενος-,καλέει
2725 1413 2946 1482 ,βραχεῖ
2991 1414 3189 1485 χρόνῳ
3226 1414 3456 1483 πάντας
3482 1419 3710 1489 ἀνθρώο

2220 1483 2372 1551 πους
2393 1483 2733 1553 διατρέχων.

2221 1639 2239 1670 ι
2286 1619 2523 1673 Ἐπαίνει
2548 1660 2563 1683 ,
2607 1618 2992 1691 Ἰερουσαλὴμ,
3032 1619 3123 1672 τὸν
3166 1620 3399 1691 Κύριον,
3437 1621 3576 1675 αἴνει
3611 1622 3709 1678 τὸν

2146 1708 2277 1761 Θεόν
2307 1726 2420 1776 σου,
2442 1708 2602 1763 Σιών.
2618 1728 2636 1762 ι
2666 1705 2779 1763 Εἶθ’
2802 1705 3007 1774 ὑποϐάς
3037 1727 3216 1782 φησιν·
3245 1731 3263 1763 ι
3287 1711 3342 1764 '0
3365 1713 3707 1769 ἀποστέλλων

2148 1800 2236 1853 τὸν
2261 1799 2414 1869 λόγον
2440 1800 2604 1854 αὑτοῦ
2624 1804 2688 1873 τῇ
2716 1804 2784 1872 γῇ
2802 1818 2814 1831 ·
2843 1802 2951 1867 ἓως
2975 1802 3171 1873 τάχους
3196 1803 3473 1875 δραμεῖται
3499 1806 3528 1858 ὁ
3550 1805 3709 1873 λόγος

2150 1891 2336 1945 αὐτοῦ.
2380 1910 2400 1944 ι
2440 1893 2616 1961 Σαφὲς
2646 1893 2843 1957 δὲ,’δτι
2869 1894 2963 1947 τοῦ
2995 1894 3449 1965 ἀποστελλομένου
3496 1898 3526 1949 ὁ
3567 1898 3707 1950 ἀπο-

492 1968 585 2038 qui
611 1967 841 2022 mittitur
860 1982 983 2023 esse
1007 1968 1301 2024 diversum.
1349 1968 1525 2025 Habes
1548 1971 1713 2041 igitur
1733 1971 1895 2026 etiam
1935 1972 2038 2027 hoc

2147 1982 2371 2036 στέλλων
2402 1982 2584 2055 ἕτερος
2609 1983 2683 2036 ῶν
2704 1984 2976 2054 τυγχάνει.
3033 1986 3211 2055 Ἔχεις
3257 1985 3543 2058 τοιγαροῦν
3575 1988 3710 2041 κάν-

492 2061 635 2124 loco,
680 2075 802 2116 eum
855 2060 1069 2130 quidem
1115 2061 1208 2131 qui
1250 2062 1437 2130 mittit,
1488 2078 1801 2132 supremum
1847 2062 2039 2128 Deum,

494 2152 658 2224 268
683 2168 809 2208 eum
841 2168 973 2208 vero
1007 2154 1105 2223 qui
1157 2155 1391 2209 mittitur
1429 2171 1765 2211 sermonem:
1797 2156 1890 2228 qui
1917 2173 2041 2212 cum

492 2246 658 2298 multa
679 2245 874 2301 habeat
899 2245 1140 2311 nomina,
1170 2262 1315 2301 nunc
1342 2246 1640 2318 Sapientia,
1660 2264 1807 2303 nunc
1830 2249 2039 2313 Sermo,

490 2347 543 2391 et
571 2336 841 2392 interdum
874 2337 1036 2404 Deus,
1064 2347 1117 2394 et
1149 2340 1283 2395 alias
1318 2339 1579 2397 Dominus
1605 2342 1662 2396 in
1682 2340 1881 2397 divinis
1919 2357 2043 2397 ora-

488 2430 629 2485 culis
666 2441 1043 2501 nuncupatur;
1084 2432 1229 2502 quod
1276 2432 1323 2488 si
1368 2434 1662 2490 attenderis
1689 2434 2043 2505 quemadmo-

489 2522 619 2576 dum
652 2523 971 2580 brevissimo
999 2532 1263 2596 tempore,
1302 2540 1516 2581 omnem
1561 2535 1830 2583 terrarum
1856 2527 2041 2583 orbem

492 2612 684 2669 Sermo
711 2613 974 2670 doctrinae
999 2615 1493 2685 illius'impleverit,
1529 2618 1773 2687 profecto
1793 2618 2036 2675 vaticinii

488 2704 843 2774 obstupesees
903 2712 1155 2761 eventum
1199 2706 1472 2763 dicentis:
1508 2726 1527 2759 ι
1553 2707 1822 2766 Velociter
1868 2709 2042 2763 currit

491 2809 671 2850 sermo
698 2794 836 2865 ejus.
872 2815 889 2847 ι

1087 2928 1315 2987 CAPUT
1346 2931 1438 2988 XI.

493 3064 533 3119 Α
574 3064 797 3119 secunda
829 3063 1138 3133 Regnorum.
1174 3097 1243 3106 —
1273 3065 1529 3123 Dominus
1571 3070 1634 3125 de
1669 3071 1797 3125 caelo
1829 3070 2043 3125 descen-

541 3135 694 3212 dens,
724 3136 812 3212 qui
837 3136 1084 3212 gentium,
1115 3153 1231 3207 quae
1266 3139 1416 3212 prius
1437 3141 1588 3194 illum
1626 3158 1728 3195 non
1767 3156 2043 3212 cognosce-

555 3205 703 3270 bant,
734 3205 846 3261 dum
863 3207 1092 3272 exsistit,
1114 3205 1162 3260 et
1194 3224 1227 3261 a
1250 3208 1480 3266 Iudaica
1508 3225 1655 3282 gente
1697 3205 1942 3280 seipsitm-
1966 3219 2042 3264 est

548 3291 848 3333 eversurus.

561 3427 580 3461 ι
615 3409 681 3464 Et
710 3411 925 3467 locutus
974 3421 1058 3470 est
1090 3412 1258 3470 David
1310 3414 1540 3471 Domino
1571 3417 1738 3473 verba
1781 3414 2041 3471 carminis

489 3501 653 3572 hujus
704 3504 770 3561 “.
815 3503 1017 3563 Deinde
1050 3522 1391 3580 progressus,
1424 3510 1497 3564 ita
1519 3510 1596 3564 ait
1631 3524 1647 3561 :
1684 3527 1703 3560 ι
1724 3507 1791 3562 Ει
1817 3508 2045 3563 inclina-

490 3595 568 3648 vit
599 3595 767 3652 caelos
790 3604 844 3651 et
882 3598 1181 3665 descendit,
1212 3609 1265 3657 et
1296 3601 1471 3673 caligo
1499 3602 1603 3658 sub
1637 3601 1868 3673 pedibus
1890 3599 2039 3669 eius;

489 3691 544 3738 et
569 3686 810 3742 ascendit
823 3689 1313 3758 super-cherubim,
1332 3699 1385 3748 et
1406 3692 1626 3756 volavit,
1655 3692 1858 3747 volavit
1878 3703 2044 3762 super

486 3790 692 3845 pennas
747 3787 1052 3844 ventorum,
1104 3790 1161 3838 et
1207 3785 1390 3854 posuit
1438 3785 1695 3841 tenebras
1751 3784 2039 3839 latibulum

488 3882 645 3923 suum
679 3888 693 3923 :
724 3890 742 3922 ι
775 3878 887 3925 tum
923 3873 977 3926 in
1010 3872 1115 3929 line
1129 3875 1370 3943 ejusdem
1400 3878 1655 3932 carminis
1682 3876 1762 3930 “z
1801 3895 1818 3926 ι
1847 3873 2043 3929 Libera

486 3973 593 4025 me,
624 3959 815 4031 inquit,
848 3962 914 4017 de
934 3966 1455 4022 contradictionibus
1485 3968 1693 4037 populi,
1743 3964 2043 4021 constitues

487 4066 573 4107 me
605 4052 661 4106 in
700 4064 861 4123 caput
887 4057 1163 4125 gentium;
1197 4058 1428 4128 pepulus
1457 4074 1618 4128 quem
1652 4072 1760 4112 non
1789 4056 2039 4125 cognovi,

487 4137 709 4192 servivit
749 4140 918 4205 mihi;
949 4142 1007 4197 in
1054 4144 1240 4201 auditu
1292 4146 1440 4201 auris
1466 4145 1706 4200 obedivit
1739 4144 1910 4211 mihi;
1947 4142 2042 4197 ﬁlii

487 4229 650 4283 alieni
681 4229 996 4299 rejicientur
1024 4236 1089 4290 ⁸⁷.
1131 4256 1150 4289 ι
1177 4235 1282 4303 Qui
1318 4236 1599 4291 inclinavit
1626 4236 1817 4300 caelos,
1862 4245 1916 4291 et
1948 4234 2044 4291 de-

486 4322 699 4375 scendit
724 4321 888 4388 Deus,
907 4327 997 4395 qui
1020 4334 1359 4397 assumptum
1389 4326 1494 4381 sibi
1524 4326 1797 4381 hominem
1828 4324 2045 4381 inscen-

485 4410 566 4465 dit
600 4410 780 4484 (quem
811 4432 942 4473 sane
988 4419 1286 4483 hominem,
1330 4432 1474 4472 nunc
1524 4418 1804 4472 oraculum
1847 4418 2044 4473 cheru-

485 4501 597 4556 bim
618 4505 903 4578 nominat),
929 4508 1129 4561 volavit
1153 4522 1279 4561 eum
1301 4521 1366 4560 eo
1390 4521 1630 4571 sursum,
1654 4506 2044 4562 comitantibus

485 4593 925 4669 stipantibusque
958 4600 1135 4670 ipsum
1185 4597 1386 4654 divinis
1432 4599 1737 4668 spiritibus,
1771 4599 1865 4668 qui
1896 4614 2044 4655 nunc

2142 2073 2314 2127 ταῦθα
2352 2074 2440 2127 τὸν
2484 2075 2580 2145 μὲν
2607 2075 2999 2129 ἀποστέλλοντα
3023 2076 3135 2142 τὸν,
3161 2078 3253 2130 ἐπὶ
3291 2076 3509 2131 πάντων
3540 2078 3705 2132 Θεόνο

2141 2165 2231 2220 τὸν
2257 2165 2312 2218 δὲ
2334 2165 2804 2238 ἀτωστελλόμενον,
2830 2167 2920 2220 τὸν
2945 2167 3120 2237 λόγον’
3150 2168 3208 2232 ὃς
3234 2167 3582 2239 πολυώνυμος
3609 2168 3704 2236 ῶν,

2140 2257 2261 2311 τοτὲ
2293 2258 2390 2329 μὲν
2422 2257 2623 2327 Σοφία,
2649 2257 2768 2311 τοτὲ
2792 2258 2848 2311 δὲ
2865 2259 3063 2327 Λόγος,
3092 2258 3277 2312 ἄλλοτε
3316 2260 3375 2312 δὲ
3407 2259 3538 2324 Θεὸς
3559 2299 3574 2324 ,
3611 2262 3703 2314 καὶ

2144 2350 2302 2405 πάλιν
2337 2349 2538 2422 Κύριος
2574 2350 2665 2404 διὰ
2703 2350 2812 2403 τῶν
2846 2350 3002 2404 θείων
3031 2342 3291 2422 χρησμῶν
3323 2352 3702 2423 ἀνηγόρευται.

2156 2442 2479 2512 Ἐπιστήσας
2511 2442 2588 2507 δὲ,
2620 2442 2743 2496 τίνα
2771 2444 2969 2513 τρόπον
2993 2444 3050 2494 ὲν
3093 2441 3294 2513 σφόδρα
3324 2443 3498 2515 χρόνῳ
3523 2443 3712 2515 βραχεῖ

2142 2532 2241 2603 τὴν
2282 2533 2459 2585 πᾶσαν
2510 2532 2832 2603 οἰκουμένην
2882 2531 3114 2602 ἔπλησεν
3156 2534 3185 2585 ὁ
3231 2533 3331 2603 τῆς
3369 2533 3713 2599 διδασκαλίας

2142 2623 2305 2678 αὐτοῦ
2327 2624 2500 2692 λόγος,
2528 2620 2586 2678 εὖ
2611 2619 2705 2679 οἷδ’
2733 2625 2812 2678 ὅτι
2838 2625 2897 2677 τὸ
2928 2623 3267 2695 ἀποτέλεσμα
3293 2625 3594 2696 θαυμάσεις
3613 2627 3715 2699 τῆς

2142 2716 2496 2788 προρρήσεως
2527 2715 2838 2785 φασκούσης
2857 2733 2870 2747 ·
2919 2734 2938 2766 ι
2972 2716 3115 2779 Ἕως
3139 2717 3335 2786 τάχους
3363 2716 3647 2787 δραμεῖται
3670 2717 3713 2771 ’6

2142 2806 2297 2875 λόγος
2334 2804 2516 2859 αὑτοῦ.
2549 2824 2568 2859 ι

2663 2940 3063 2994 ΚΕΦΑΛΑῙΟΝ
3092 2941 3192 2992 iA'.

2157 3073 2300 3130 Ἀπὸ
2333 3073 2444 3143 τῆς
2479 3076 2758 3144 δευτέρας
2794 3074 2912 3129 τῶν
2937 3073 3287 3129 Βασαειῶν.
3310 3105 3382 3144 σέ
3405 3075 3617 3142 Κύριος
3640 3075 3711 3141 ἐξ

2216 3146 2475 3225 οὐρανοῦ
2494 3143 3376 3225 κατιὼτῖιῆτούμετῖοςέῶτμρὶν
3400 3147 3511 3225 ρῠκ
3535 3145 3715 3225 ξυνω-

2208 3213 2397 3269 κότων
2441 3218 2625 3271 αὐτὸν
2676 3213 2907 3282 ἐθνῶν,
2953 3214 3021 3268 τὸ
3061 3213 3129 3267 δὲ
3192 3213 3494 3267 Ἰουδαίων
3535 3213 3713 3281 ἔθνος

2211 3286 2845 3356 ἀποστραφησόμενος.

2222 3442 2241 3474 ι
2274 3421 2385 3475 Καὶ
2419 3421 2648 3493 ὲλάλησε
2688 3418 2855 3474 Δαϐὶδ
2889 3417 2967 3489 τῷ
2997 3418 3184 3488 Κυρίῳ
3213 3415 3340 3481 τοὺς
3381 3415 3571 3483 λόγους
3611 3416 3713 3486 τῆς

2148 3511 2289 3582 ᾠδῆς
2315 3510 2534 3580 ταύτης.
2573 3529 2593 3561 ›
2623 3504 2735 3562 Εἴθ’
2770 3508 2894 3579 ἑξῆς
2916 3523 3047 3577 φησι
3074 3523 3087 3536 ⁸
3127 3524 3145 3555 ι
3172 3504 3284 3558 Καὶ
3313 3504 3520 3557 ἔκλινεν
3545 3504 3714 3575 ούρα-

2148 3604 2273 3667 νοὺς
2309 3603 2402 3657 καὶ
2441 3601 2646 3672 κατέϐη
2666 3641 2682 3665 ,
2722 3601 2817 3655 καὶ
2853 3599 3047 3669 γνόφος
3086 3597 3339 3651 ὑποκάτω
3383 3596 3492 3650 τῶν
3535 3594 3715 3648 ποδῶν

2148 3694 2310 3749 αὑτοῦ
2335 3711 2348 3725 ·
2386 3695 2480 3747 καὶ
2512 3692 2680 3762 ἐπέϐη
2718 3690 2811 3743 ἐπὶ
2838 3686 3099 3761 χερουϐὶμ
3118 3727 3132 3752 ,
3165 3685 3438 3756 ἑπετάσθη
3463 3687 3556 3740 ἐπὶ
3582 3700 3714 3739 πτι-

2150 3785 2327 3857 ρύγων
2352 3783 2585 3854 ἀνέμων,
2615 3783 2707 3835 καὶ
2731 3780 2880 3835 ἔθετο
2911 3779 3093 3842 σκότος
3115 3778 3437 3848 ἀποκρυφὴν
3467 3775 3652 3830 αὑτοῦ.
3683 3793 3710 3829 ι

2148 3874 2256 3926 Καὶ
2288 3871 2379 3925 ἐπὶ
2404 3872 2545 3926 τέλει
2569 3872 2668 3943 τῆς
2701 3872 2869 3941 αὐτῆς
3114 3887 3132 3919 t
3175 3865 3340 3939 Ῥύσῃ
3375 3882 3473 3935 με,
3504 3864 3713 3936 φησὶν,

2149 3963 2209 4030 ὲξ
2246 3963 2567 4033 ἀντιλογιῶν
2619 3963 2767 4016 λαοῦ.
2817 3961 3187 4031 Καταστήσεις
3237 3974 3303 4028 με
3348 3958 3426 4020 είς
3471 3955 3716 4027 κεφαλὴν

2148 4057 2336 4111 ἐθνῶν.
2371 4057 2510 4119 Λαδς
2541 4055 2600 4108 ὃν
2632 4054 2732 4108 οὐκ
2763 4054 2952 4123 ἔγνων,
2984 4050 3258 4105 ἐδούλευσε
3284 4066 3393 4121 μοι,
3428 4051 3507 4112 είς
3539 4048 3711 4119 ἀκοὴν

2149 4148 2308 4202 ὠτίου
2365 4145 2637 4216 ὑπήκουσέ
2695 4162 2817 4215 μου.
2870 4144 2989 4197 Υἱοὶ
3053 4142 3316 4213 ἀλλότριοι
3362 4137 3706 4210 ἀπορριφθή-

2152 4256 2352 4292 σονται.
2400 4256 2423 4290 ι
2484 4237 2543 4290 'U
2594 4237 2781 4300 κλίνας
2824 4235 3085 4308 οὐρανοὺς
3128 4234 3221 4287 καὶ
3261 4228 3499 4293 καταϐὰς
3540 4229 3709 4293 Θεὸς,

2148 4334 2178 4387 ὁ
2206 4331 2398 4396 ἐπιϐὰς
2429 4324 2473 4399 ᾧ
2504 4329 2787 4400 ἀνείληφεν
2806 4325 3094 4400 ἀνθρώπῳ,
3118 4326 3296 4379 ὅντινα
3319 4320 3411 4375 νῦν
3443 4319 3710 4391 χερουϐὶμ

2150 4424 2178 4475 ὁ
2214 4422 2367 4491 λόγος
2394 4418 2680 4493 ὀνομάζει,
2713 4419 2918 4489 ἀνέπτη
2953 4419 3049 4471 σὺν
3076 4414 3223 4486 αύτῷ
3253 4414 3346 4484 τὴν
3386 4411 3567 4465 ἄνοδον
3604 4428 3709 4464 περ

2151 4511 2445 4583 ποιημένος
2499 4509 2637 4582 μετά
2689 4509 2796 4564 τῶν
2855 4506 3287 4581 δορυφορούντων
3338 4503 3496 4557 αὑτὸν
3547 4501 3713 4556 θείων

2152 4608 2473 4679 πνευμάτων
2492 4647 2508 4673 ,
2541 4606 2826 4677 πτερύγων
2865 4604 3079 4676 ἀνέμων
3118 4602 3212 4657 καὶ
3240 4599 3414 4654 αὐτῶν
3447 4614 3712 4670 χρηματι-

485 4685 589 4755 ipsi
620 4701 835 4758 quoque
865 4698 1150 4746 ventorum
1178 4704 1369 4760 penum
1396 4690 1759 4759 appellantur.
1794 4688 2039 4746 Obscure

2147 4699 2360 4765 ζόντων.
2386 4697 2681 4759 Σκοτεινῶς
2708 4696 2765 4749 δὲ
2796 4693 2965 4749 ταῦτα
2989 4693 3082 4747 καὶ⁸
3103 4695 3160 4746 ὲν
3191 4688 3523 4762 παραϐύστῳ
3547 4703 3707 4755 γεγε-

484 4793 614 4834 vero
649 4780 759 4835 btec
781 4789 835 4837 et
885 4783 939 4836 in
972 4781 1294 4837 abscondito
1328 4779 1468 4835 facta
1500 4797 1642 4848 esse,
1671 4798 1767 4852 per
1798 4782 2043 4853 quasdam

485 4888 683 4929 arcana
721 4882 775 4930 et
823 4874 1047 4929 latentia
1092 4875 1256 4929 verba
1299 4873 1591 4944 signiﬁcat,
1646 4875 1739 4929 ubi
1768 4875 1874 4928 ait:
1919 4891 1938 4925 ι
1975 4873 2043 4927 Et

485 4967 668 5037 posuit
704 4967 959 5023 tenebras
1011 4966 1297 5021 latibulum
1350 4982 1530 5022 suum.
1556 4986 1575 5019 ι
1613 4966 1744 5033 Qua:
1784 4982 1915 5022 vero
1956 4981 2043 5021 se-

483 5065 728 5128 quuntur
773 5058 1054 5129 deinceps,
1102 5066 1393 5129 assumptus
1452 5074 1482 5113 a
1528 5058 1749 5115 Christo
1802 5057 2043 5113 hominis

486 5157 697 5204 naturae
734 5159 1100 5205 consentanea
1143 5158 1291 5215 sunt,
1320 5158 1373 5206 et
1409 5150 1895 5205 contradictionem
1923 5162 2043 5219 quae

484 5242 749 5298 adversus
790 5242 941 5297 illum
980 5241 1121 5297 facta
1149 5250 1232 5298 est
1259 5241 1468 5298 Judaici
1493 5242 1677 5313 populi
1718 5243 2041 5312 praecinunt,

484 5349 698 5389 necnon
731 5335 993 5390 doctrina:
1015 5334 1217 5389 Christi
1256 5344 1444 5406 gentes
1466 5350 1586 5389 esse
1613 5334 2040 5388 auscultaturas:

485 5426 678 5482 iisdem
712 5442 876 5498 porro
903 5428 1084 5482 verbis
1107 5427 1304 5482 similia
1332 5427 1578 5482 invenies
1606 5426 1660 5480 in
1701 5426 1912 5495 psalmo
1951 5424 2045 5480 de-

481 5517 628 5573 cimo
667 5520 931 5588 septimo:
967 5520 1021 5574 in
1070 5535 1188 5590 quae
1224 5517 1367 5590 quod
1396 5518 1555 5574 nobis
1588 5516 1765 5572 visum
1790 5527 1892 5583 est,
1919 5523 2045 5570 ante

480 5610 593 5680 jam
629 5609 883 5668 diximus.

2148 4789 2364 4861 νῆσθαι,
2398 4786 2541 4841 κατά
2596 4803 2744 4849 τινας
2814 4785 3155 4856 ἀπορρήτους
3206 4781 3301 4835 καὶ
3351 4776 3710 4839 λανθάνοντας

2147 4883 2439 4937 αἰνίττεται
2459 4880 2671 4949 λόγους,
2708 4881 2929 4949 φάσκων
2952 4895 2966 4908 ·
3008 4896 3025 4930 ι
3051 4877 3162 4931 Καὶ
3185 4874 3335 4928 ἔθετο
3367 4873 3554 4935 σκότος
3576 4871 3713 4924 ἀπο-

2146 4969 2358 5041 κρυφὴν
2417 4968 2602 5023 αὐτοῦ.
2647 4989 2666 5021 ι
2729 4968 2809 5021 Τά
2856 4967 2913 5020 δὲ
2964 4966 3091 5037 ἑξῆς
3138 4962 3441 5025 ἀκολούθως
3493 4963 3560 5032 τῇ
3614 4959 3711 5013 τοῦ
3797 5010 3805 5017 .

2145 5061 2377 5134 Χριστοῦ
2424 5060 2831 5132 ὲνανθρωπήσει
2889 5058 2987 5129 τὴν
3044 5056 3163 5111 κατ’
3192 5053 3355 5108 αὑτοῦ
3414 5049 3712 5121 γενομένην

2145 5154 2449 5223 ἀντιλογίαν
2471 5153 2565 5206 τοῦ
2600 5151 2863 5205 Ἰουδαίων
2891 5149 3020 5205 λαοῦ
3050 5147 3331 5220 σημαίνει,
3353 5145 3446 5199 καὶ
3481 5142 3578 5213 τὴν
3602 5139 3711 5193 τῶν

2149 5247 2319 5301 ἐθνῶν
2355 5247 2592 5318 ὲπακοὴν
2616 5246 2713 5317 τῆς
2737 5241 2827 5300 τοῦ
2850 5244 3083 5317 Χριστοῦ
3115 5236 3480 5300 διδασκαλίας,
3512 5233 3712 5295 Δύτοϊς

2148 5337 2204 5391 δὲ
2236 5340 2441 5411 ῥήμασι
2464 5339 2531 5393 τὰ
2558 5337 2907 5409 παραπλήσια
2930 5335 3103 5406 εὕροις
3129 5333 3194 5387 ἂν
3217 5330 3310 5385 καὶ⁵
3325 5331 3383 5384 ἐν
3401 5321 3716 5382 ἑπτακαιδε-

2151 5430 2302 5501 κάτῳ
2322 5429 2538 5503 ψαλμῷ,
2571 5431 2649 5494 είς
2680 5429 2715 5484 ἃ
2750 5429 2817 5483 τά
2852 5426 3085 5497 φανέντα
3114 5421 3452 5495 προείρηται.

556 5802 607 5835 ι’
631 5803 980 5876 Psal.t:rutt,
1006 5813 1054 5868 9.
1118 5809 1164 5843 “
1197 5808 1337 5865 Psal.
1369 5825 1573 5879 CXLVII,
1611 5810 1696 5865 12.
1774 5811 1829 5885 ⁸⁵,
1851 5809 1983 5866 ibid.
2012 5810 2036 5865 1

2177 5807 2222 5840 ⁸⁵
2254 5804 2396 5861 Psal.
2424 5819 2555 5869 xvtl,
2584 5806 2633 5858 Ι.
2711 5804 2757 5837 ⁸⁸
2786 5802 2915 5859 ibid.
2954 5797 3138 5857 iii-12.
3214 5797 3261 5831 "
3292 5794 3402 5851 ibid
3455 5790 3645 5849 tuo.
