4110 6430
406 408 513 466 429

921 526 1213 581 ΚΕΦΛΛΑΙ
1222 525 1311 577 ΟΝ
1350 523 1448 575 ΙΒ¹.

421 642 566 699 Ἀπὸ
598 641 706 709 τῆς
738 641 933 709 τρίτης
956 641 1075 694 τῶν
1095 635 1444 709 Βασιλειῶν.
1468 668 1533 709 -—_
1558 635 1707 709 Θεὸς
1725 638 1967 702 οὐρανό-

481 718 586 792 θιίν
610 705 843 778 metor,
877 705 972 765 καὶ
999 713 1126 780 μετ’
1158 708 1485 776 ἀνθρώπων
1505 706 1603 758 ἐπὶ
1634 705 1747 776 γῆς
1773 723 1968 760 κατοι-

483 799 622 836 κων.

489 955 509 988 ι
536 937 644 989 Καὶ
674 935 787 1002 νῦν,
824 935 994 1008 Κύριε
1035 936 1064 988 6
1094 934 1225 999 Θεὸς
1258 934 1492 1007 Ἰσραὴλ,
1540 933 1863 1006 πιστωθήτω
1907 934 1970 1008 δὴ

411 1026 475 1082 τὸ
502 1028 648 1100 ῥῆμά
677 1045 791 1091 σου,
824 1028 853 1080 ὃ
884 1027 1150 1099 ὲλάλησας
1181 1026 1257 1097 τῷ
1290 1025 1435 1079 παιδί
1464 1042 1555 1079 σου
1598 1025 1677 1096 τῷ
1713 1026 1875 1079 Δαὸἶδ
1896 1026 1972 1097 τῷ

413 1120 577 1191 πατρί
608 1137 738 1190 μου·
773 1119 855 1172 ὃτι
890 1121 937 1172 εἰ
970 1118 1181 1189 ἀληθῶς
1211 1118 1520 1189 κατοικήσει
1552 1116 1682 1180 Θεὸς
1717 1116 1853 1188 μετὰ
1875 1119 1970 1170 ἀν-

414 1209 642 1281 θρώπων
682 1211 777 1264 ὲπὶ
800 1211 924 1280 γῆς,
951 1211 998 1262 εἰ
1030 1212 1058 1263 6
1085 1209 1313 1281 οὐρανὸς
1338 1209 1431 1261 καὶ
1454 1210 1482 1260 6
1512 1207 1736 1279 οὐρανὸς
1765 1207 1858 1260 τοῦ
1885 1208 1973 1259 ού-

416 1301 574 1372 ρανοῦ
616 1302 717 1355 οὐκ
760 1300 1051 1371 ἀρκέσουσί
1083 1318 1183 1353 σοι.
1212 1320 1229 1350 ι
1263 1302 1451 1352 Κεῖται
1480 1298 1651 1353 ταῦτα
1679 1300 1865 1362 αὑταῖς
1890 1298 1974 1352 λέ-

413 1389 558 1456 ξεσιν
589 1393 683 1445 καὶ
724 1393 782 1446 ἐν
811 1391 1340 1463 Παραλειπομέναιςο
1382 1410 1401 1442 ι
1434 1389 1525 1461 Τῷ
1557 1392 1653 1461 μὲν
1690 1386 1782 1445 οὖν
1814 1391 1974 1444 Δαϐὶδ

412 1484 774 1555 ἐπηγγείλατο
800 1487 828 1537 6
856 1482 989 1547 Θεὸς
1028 1484 1346 1553 ἀναστήσειν
1374 1486 1438 1537 ὲκ
1463 1483 1668 1548 κοιλίας
1690 1482 1849 1537 αὐτοῦ
1880 1484 1976 1554 βα-

414 1575 583 1640 σιλέα,
615 1568 675 1629 οὗ
707 1575 888 1647 πατὴρ
916 1576 1076 1639 αὐτὸς
1118 1577 1147 1629 6
1193 1575 1323 1638 Θεὸς
1371 1574 1586 1628 ἔσεσθαί
1618 1592 1803 1645 φησιν,
1837 1574 1975 1628 ὥστε

412 1666 502 1719 τὸν
527 1667 814 1737 γενόμενον
832 1669 896 1721 ὲκ
923 1666 1228 1738 σπέρματος
1253 1665 1435 1732 Δαὸὶδ,
1468 1666 1593 1720 Υἱὸν
1619 1666 1975 1737 ὀνομασθῆναι

414 1757 571 1823 Θεοῦ,
590 1758 777 1830 θρόνον
804 1776 863 1812 τε
885 1757 1152 1830 βασιλείας
1171 1757 1309 1822 ἕξειν
1333 1757 1569 1813 αἰώνιον.
1597 1778 1616 1809 ι
1636 1755 1821 1810 Ταῦτα
1843 1757 1899 1811 δὲ
1919 1760 1976 1811 ὲν

421 1860 517 1923 μὲν
544 1854 612 1923 τῇ
632 1851 855 1923 δευτέρᾳ⁸
884 1851 993 1905 τῶν
1022 1850 1308 1903 Βασιλειῶν
1337 1850 1424 1903 διὰ
1448 1849 1634 1903 Νάθαν
1663 1848 1754 1902 τοῦ
1771 1851 1980 1920 προφή-

1284 401 1933 461 DEMONSTRATIONIS
1972 402 2430 461 EVANGELICIE
2462 401 2591 459 LIB.
2630 401 2719 456 Vl.

2000 539 2048 594 Α

3529 394 3633 451 650

2563 515 2727 588 269
2764 511 2991 568 CAPUT
3030 510 3146 566 xu.

2149 633 2192 687 Α
2225 633 2378 688 tertio
2411 630 2723 700 Regnorum.
2749 657 2818 700 _—-
2846 626 2983 700 Deus
3007 624 3074 678 de
3105 620 3598 700 cgelpﬂescendens,

2308 711 2358 757 et
2392 693 2510 755 cuni
2543 697 2838 754 hominibus
2869 697 2923 750 in
2954 705 3095 750 terra
3128 693 3396 748 habitans.
3429 722 3440 733 -

2159 938 2176 970 ‹
2208 917 2274 971 Ει
2319 932 2464 971 nunc
2492 954 2508 981 ,
2562 913 2787 969 Domine
2833 911 2977 968 Deus
3029 911 3235 979 Israel,
3279 909 3634 967 conﬁrmetur

2074 1011 2186 1080 jam
2243 1008 2470 1063 verbum
2518 1014 2701 1069 tuum,
2756 1004 2901 1075 quod
2951 1004 3166 1059 locutus
3211 1018 3272 1058 es
3317 1016 3487 1072 puero
3540 1009 3636 1054 tuo

2078 1100 2246 1157 David
2285 1099 2425 1171 patri
2463 1113 2585 1153 meo
2620 1098 2914 1167 :quoniam
2955 1096 3001 1150 si
3032 1110 3157 1151 vere
3190 1094 3456 1150 habitabit
3490 1092 3636 1148 Deus

2079 1209 2203 1249 cum
2230 1191 2547 1247 hominibus
2574 1191 2629 1245 in
2654 1203 2797 1246 terra
2816 1230 2831 1255 ,
2862 1190 2908 1245 si
2937 1189 3133 1243 coelum
3155 1227 3169 1250 ,
3193 1196 3251 1241 et
3284 1185 3482 1240 coelum
3510 1181 3634 1237 caeli

2080 1299 2189 1338 non
2240 1281 2457 1352 capient
2496 1289 2549 1336 te
2581 1281 2649 1334 ‘3.
2680 1301 2697 1333 ι
2731 1280 2919 1336 Posita
2973 1286 3103 1334 sunt
3157 1276 3347 1331 eadem
3404 1275 3519 1328 haec
3568 1272 3635 1325 ad

2077 1377 2302 1432 verbum
2359 1376 2489 1430 item
2563 1375 2621 1428 in
2675 1370 3151 1442 Paralipomenis:
3209 1366 3477 1437 siquidem
3531 1363 3635 1434 ipsi

2080 1467 2249 1521 David
2303 1466 2580 1537 pollicitus
2639 1464 2814 1519 fuerat
2852 1462 3031 1526 Deus,
3076 1461 3436 1515 excitaturum
3475 1472 3535 1513 se
3570 1455 3638 1509 de

2078 1566 2269 1617 ventre
2304 1559 2478 1629 ipsius
2506 1573 2720 1629 regem,
2763 1556 2926 1626 cujus
2968 1563 3178 1624 patrem
3226 1551 3343 1606 fore
3385 1565 3476 1613 se,
3522 1550 3640 1618 ipse

2080 1650 2226 1705 Deus
2264 1648 2501 1713 dixerat,
2521 1661 2697 1717 usque
2736 1646 2872 1702 adeo
2909 1652 2971 1698 ut
3008 1647 3057 1698 is
3091 1641 3189 1722 qui
3222 1647 3538 1696 nasceretur
3573 1637 3641 1691 de

2083 1746 2290 1798 semine
2341 1740 2548 1805 David,
2603 1748 2749 1794 esset
2779 1737 2952 1793 Filius
2998 1735 3094 1791 Dei
3142 1732 3539 1796 nominandus,
3586 1737 3642 1783 et

2083 1836 2280 1891 solium
2321 1833 2476 1903 regni
2513 1840 2776 1887 mlcrnum
2815 1829 3124 1884 habiturus.
3177 1825 3391 1881 Etenim
3431 1824 3546 1878 haec
3582 1821 3642 1875 in

416 1915 512 1993 του
538 1915 774 2012 ἐχρήσθη
789 1915 877 2011 '1};
902 1939 1061 1993 Δαὸὶδ
1078 1937 1260 1991 τοῦτον
1282 1938 1372 1992 τὸν
1398 1938 1613 2009 τρόπον’
1637 1958 1655 1989 ‹
1675 1939 1785 1992 Kal.

2087 1925 2330 1983 secundo
2380 1922 2726 1994 Regnorum,
2783 1934 2881 1990 per
2921 1917 3135 1972 Natban
3184 1915 3503 1987 prophetam
3548 1927 3640 1975 re-

419 2030 515 2085 ὲάν
544 2031 896 2102 πληρωθῶσιν
919 2033 973 2084 at
1005 2031 1205 2102 ἡμέραι
1239 2046 1353 2095 σου,
1385 2030 1478 2082 καὶ
1506 2028 1816 2101 κοιμηθήσῃ
1848 2028 1983 2099 μετὰ

416 2122 525 2175 τῶν
550 2123 798 2194 πατέρων
831 2140 945 2186 σου,
982 2124 1075 2176 καὶ
1098 2124 1385 2194 ἀναστήσω
1404 2122 1463 2175 τὸ
1486 2122 1705 2193 σπέρμα
1730 2137 1823 2173 σου
1847 2123 1983 2192 μετὰ

415 2211 503 2264 σέ·
532 2212 590 2276 ὃς
620 2215 768 2267 ἔσται
795 2214 859 2267 ὲκ
902 2215 999 2285 τῆς
1047 2214 1252 2277 κοιλίας
1303 2230 1417 2277 σου,
1448 2212 1540 2266 καὶ
1587 2211 1860 2283 ἑτοιμάσω
1884 2211 1983 2282 τὴν

413 2302 684 2372 βασιλείαν
708 2304 895 2358 αὑτοῦ.
915 2306 1084 2368 Αὐτὸς
1100 2304 1355 2375 οἰκοδομή
1365 2321 1445 2357 σει
1478 2321 1566 2374 μοι
1595 2299 1742 2356 οἷκον
1768 2302 1847 2373 τῷ
1866 2303 1967 2356 όνό·

415 2395 545 2464 ματε
570 2413 693 2465 μου,
726 2399 820 2450 καὶ
835 2395 1127 2469 ἀνορθώσω
1149 2396 1240 2450 τὸν
1261 2397 1447 2467 θρόνον
1473 2393 1632 2448 αὐτοῦ
1660 2393 1766 2457 ἕως
1794 2396 1872 2457 εἰς
1892 2393 1983 2447 τὸν

412 2491 601 2545 αἰῶνα.
618 2488 760 2557 Ἐγὼ
781 2488 973 2560 ἔσομαι
994 2487 1143 2559 αὐτῷ
1167 2491 1245 2551 εἰς
1269 2488 1507 2557 Πατέρα,
1534 2488 1628 2540 καὶ
1648 2485 1810 2550 αὐτὸς
1834 2485 1983 2539 ἔσται

416 2600 505 2652 μοι
539 2585 621 2646 εἰς
643 2581 794 2635 Υἱόν.
826 2599 844 2631 ι
881 2580 964 2634 Τὰ
1009 2581 1054 2633 δ’
1086 2579 1226 2633 αὐτὰ
1267 2578 1357 2632 καὶ
1386 2580 1442 2630 ὲν
1477 2578 1984 2650 Παραλειπομέναις

411 2672 612 2744 ὁμοίως
650 2674 882 2743 εἴρηται.
900 2672 990 2723 Ἐν
1018 2671 1075 2723 δὲ
1102 2668 1299 2740 ψαλμῷ
1325 2667 1664 2741 ὀγδοηκοστῷ
1701 2668 1870 2737 ὀγδόῳ
1899 2666 1987 2720 λέη

413 2763 629 2816 λεκται·
662 2783 680 2814 (
707 2762 873 2826 Αὐτὸς
909 2761 1292 2815 ἐπικαλέσεται
1320 2778 1386 2831 με
1409 2777 1423 2790 ο
1457 2760 1649 2831 Πατήρ
1680 2777 1780 2831 μου
1810 2755 1863 2812 εἴ
1896 2759 1981 2821 σὺ,

414 2854 546 2917 Θεὸς
577 2871 697 2924 μου,
726 2853 820 2906 καὶ
851 2851 1198 2925 άντιλήπτωρ
1228 2851 1328 2921 τῆς
1360 2851 1630 2921 σωτηρίας
1662 2868 1784 2921 μου.
1815 2848 1985 2919 Κάγὼ

415 2946 758 3018 πρωτότοκον
788 2945 1023 3016 θήσομαι
1055 2944 1236 3007 αὑτὸν,
1271 2943 1471 3013 ὑψηλὸν
1505 2941 1655 3013 ποιρᾴ
1691 2942 1804 3005 τοῖς
1834 2943 1987 3012 βασι-

412 3036 565 3092 λεῦσι
596 3037 694 3107 τῆς
730 3036 862 3107 γῆς’
889 3038 969 3100 εἰς
1011 3036 1101 3089 τὸν
1125 3035 1294 3089 αἰῶνα
1326 3034 1543 3105 φυλάξω
1575 3033 1721 3103 αὐτῷ
1752 3033 1813 3086 τὸ
1840 3031 1986 3096 ἔλεός

417 3146 544 3200 μου,
573 3130 666 3183 καὶ
704 3131 737 3201 ή
759 3128 987 3199 διαθήκη
1014 3145 1116 3200 μου
1143 3127 1306 3198 πιστὴ
1330 3126 1507 3197 αὐτῷ·
1534 3126 1627 3180 καὶ
1652 3125 1886 3197 θήσομαι
1906 3127 1987 3189 εἰς

413 3219 504 3272 τὸν
537 3217 706 3273 αἰῶνα
735 3219 828 3272 τοῦ
856 3218 1048 3281 αἰῶνος
1070 3219 1129 3273 τὸ
1159 3218 1379 3289 σπέρμα
1406 3216 1589 3280 αὐτοῦ,
1619 3216 1712 3271 καὶ
1739 3216 1830 3270 τὸν
1859 3216 1986 3288 θρόο-

413 3328 502 3364 νον
529 3310 693 3365 αὑτοῦ
720 3311 794 3375 ὡς
819 3310 917 3375 τὰς
950 3310 1162 3382 ἡμέρας
1182 3309 1276 3364 τοῦ
1314 3308 1565 3381 οὐρανοῦ.
1591 3329 1609 3360 ι
1646 3310 1757 3362 Καὶ
1785 3307 1944 3362 πάλιν
1964 3325 1977 3338 ·

420 3402 661 3473 «Ὤμοσα
685 3400 847 3455 Δαὸὶδ
878 3400 956 3471 τῷ
978 3399 1147 3471 δούλῳ
1175 3418 1275 3471 μου
1294 3417 1307 3431 ⁸
1344 3401 1485 3464 Ἕως
1507 3400 1600 3453 τοῦ
1630 3400 1824 3464 αἰῶνος
1849 3401 1985 3454 ἑτοι-

418 3492 574 3563 μάσω
599 3492 660 3545 τὸ
691 3492 912 3563 σπέρμα
939 3508 1054 3555 σου,
1084 3493 1177 3544 καὶ
1198 3491 1535 3562 οἰκοδομήσω
1566 3494 1645 3556 εἰς
1676 3491 1868 3557 γενεὰν
1893 3492 1985 3545 τὸν

415 3583 602 3656 θρόνον
632 3600 744 3636 σου.
779 3603 797 3635 ι
836 3585 944 3636 Καὶ
967 3580 1122 3648 αὖθις
1141 3601 1154 3615 ·
1197 3582 1410 3648 ι”Απαξ
1437 3583 1627 3656 ὤμοσα
1649 3586 1706 3636 ἐν
1737 3584 1814 3655 τῷ
1848 3585 1986 3654 άγίῳ

418 3692 543 3747 μου,
572 3676 620 3727 εἱ
652 3674 728 3745 τῷ
754 3674 917 3728 Δαϐὶδ
939 3674 1209 3745 ψεύσομαι
1231 3693 1244 3706 ο
1269 3675 1329 3727 τὸ
1352 3675 1570 3747 σπέρμα
1603 3674 1765 3727 αὐτοῦ
1796 3677 1874 3738 εἰς
1895 3674 1986 3729 τὸν

419 3766 590 3819 αἰῶνα
627 3769 795 3837 μενεῖ,
832 3767 926 3819 καὶ
954 3767 983 3818 ό
1007 3766 1196 3838 θρόνος
1223 3766 1385 3819 αὐτοῦ
1413 3766 1487 3829 ὡς
1513 3768 1541 3819 6
1571 3766 1721 3837 ἥλιος
1750 3765 1985 3819 ἐναντίον

419 3874 541 3928 μου,
573 3859 667 3911 καὶ
708 3857 782 3919 ὡς
830 3858 863 3926 ἡ
917 3857 1111 3929 σελήνη
1156 3858 1560 3929 κατηρτισμένη
1594 3859 1673 3920 εἰς
1714 3856 1805 3911 τὸν
1852 3858 1986 3910 αἰῶ-

415 3965 505 4002 να.
540 3966 559 3999 ι
590 3947 803 4001 Τούτων
830 3949 892 4019 δὴ
927 3950 1021 4002 καὶ
1066 3949 1095 4001 6
1144 3949 1431 4012 ὲκατοστὸς
1474 3949 1789 4021 τριακοστὸς
1841 3949 1990 4019 πρῶ-

417 4058 507 4104 τος
538 4039 748 4110 ψαλμὸς
784 4040 1178 4111 μνημονεύσας,
1213 4042 1305 4093 ἐπὶ
1350 4041 1439 4094 τὸν
1471 4040 1705 4113 Χριστὸν
1732 4040 1988 4112 ἀναφέρει

416 4134 485 4186 τὰ
512 4133 1038 4203 δηλούμενα.¹Ἀκουε
1066 4133 1110 4187 δ’
1145 4130 1238 4186 οῦν
1266 4134 1357 4187 καὶ
1383 4133 1572 4187 τούτου
1593 4151 1606 4164 ·
1642 4153 1660 4184 ι
1686 4132 1985 4204 Μνήσθητι,

418 4222 611 4295 Κύριε,
645 4223 738 4276 τοῦ
779 4224 961 4287 Δαϐὶδ,
1003 4224 1094 4277 καὶ
1131 4224 1311 4294 πάσης
1331 4225 1429 4295 τῆς
1454 4225 1759 4296 πραότητος
1791 4223 1984 4278 αὐτοῦ’

418 4311 493 4376 ὡς
531 4312 710 4383 ὤμοσε
745 4314 823 4385 τῷ
857 4317 1063 4385 Κυρίῳ,
1091 4314 1292 4385 ηύξατο
1326 4315 1406 4387 τῷ
1448 4315 1565 4387 Θεῷ
1597 4317 1809 4370 Ἰακώϐ.
1838 4337 1855 4370 ι
1894 4312 1988 4381 Οἷς

423 4402 539 4472 μεθ’
567 4404 726 4474 ἕτερα
765 4404 1033 4473 ἐπιλέγει*
1070 4406 1305 4475 «Ὠμοσε
1334 4404 1536 4475 Κύριος
1569 4404 1646 4475 τῷ
1677 4406 1840 4459 Δαὸὶδ
1869 4406 1969 4479 άλή

419 4494 586 4559 θειαν,
606 4495 699 4549 καὶ
722 4496 783 4548 ού
813 4496 886 4567 μὴ
920 4495 1157 4568 ἀθετήσῃ
1187 4496 1374 4566 αὐτήν.
1406 4497 1499 4550 Ἐκ
1531 4497 1743 4568 καρποῦ
1765 4497 1864 4568 τῆς
1881 4516 1991 4552 κοι-

2084 2033 2284 2089 sponsa
2333 2025 2464 2072 sunt
2515 2013 2621 2084 ipsi
2672 2011 2880 2075 David,
2925 2011 2981 2064 in
3031 2010 3177 2064 hunc
3219 2008 3486 2062 modum:
3522 2022 3543 2056 ι
3577 2002 3644 2056 Et

2082 2107 2207 2172 erit,
2231 2120 2355 2160 cum
2405 2103 2659 2174 completi
2697 2101 2902 2156 fuerint
2941 2100 3060 2155 dies
3099 2098 3214 2161 tui,
3254 2104 3309 2152 et
3351 2095 3643 2151 dormieris

2082 2212 2207 2253 cum
2247 2196 2495 2268 patribus
2530 2195 2673 2257 tuis,
2706 2202 2761 2249 et
2789 2191 3068 2248 suscitabo
3102 2204 3289 2245 semen
3328 2198 3480 2242 tuum
3519 2194 3644 2258 post

2084 2298 2138 2345 te
2159 2330 2175 2355 ,
2206 2297 2261 2344 et
2292 2287 2436 2359 quod
2470 2287 2573 2342 erit
2600 2301 2666 2340 ex
2696 2293 2884 2340 ventre
2914 2291 3041 2345 tuo,
3075 2289 3129 2337 et
3171 2279 3378 2350 parabo
3414 2292 3641 2348 regnum

2083 2382 2222 2451 ejus.
2271 2378 2393 2450 Ipse
2422 2377 2710 2433 aedificabit
2736 2373 2868 2430 mihi
2902 2374 3120 2428 domum
3150 2372 3206 2429 in
3236 2370 3456 2424 nomine
3483 2383 3606 2424 meo
3625 2407 3642 2429 ,

2084 2484 2137 2529 et
2165 2473 2368 2543 erigam
2402 2471 2584 2526 sedem
2617 2468 2738 2538 ejus
2787 2481 2959 2536 usque
3006 2464 3074 2519 ad
3118 2463 3531 2532 sempiternum.
3579 2458 3647 2513 Et

2084 2581 2179 2622 ero
2211 2566 2290 2622 illi
2316 2565 2375 2620 in
2403 2563 2621 2618 Patrem
2643 2601 2659 2625 ,
2689 2569 2743 2616 et
2771 2561 2889 2630 ipse
2918 2559 3022 2612 erit
3052 2555 3186 2610 mihi
3216 2555 3273 2609 in
3306 2551 3502 2607 Filium
3530 2551 3596 2604 ³⁸.
3620 2571 3639 2604 ι

2084 2656 2287 2711 Eadem
2320 2669 2449 2709 vero
2478 2653 2640 2708 etiam
2673 2651 2730 2704 in
2772 2645 3234 2716 Paralipomenis,
3280 2641 3446 2699 simili
3485 2641 3646 2696 modo

2084 2749 2231 2805 dicta
2259 2755 2386 2802 sunt
2413 2747 2481 2800 ⁸ο.
2510 2743 2568 2798 In
2596 2743 2809 2813 psalmo
2849 2747 3031 2795 autem
3075 2737 3407 2808 octogesimo
3453 2747 3648 2794 octavo

2086 2843 2294 2898 dictum
2319 2848 2403 2896 est
2428 2859 2440 2893 :
2472 2859 2491 2891 ι
2520 2839 2639 2910 Ipse
2666 2836 2939 2892 invocabit
2962 2851 3070 2899 me,
3094 2833 3257 2888 Pater
3281 2846 3437 2887 meus
3461 2844 3523 2885 es
3547 2836 3609 2884 tu
3625 2867 3646 2895 ,

2084 2935 2230 2991 Deus
2260 2950 2440 2998 meus,
2473 2941 2525 2988 et
2558 2938 2843 3001 susceptor
2871 2928 3063 2985 salutis
3089 2941 3242 2983 meae.
3282 2924 3349 2979 Et
3401 2938 3500 2994 ego
3530 2921 3647 2992 pri-

2085 3025 2419 3096 mogenitum
2466 3037 2662 3094 ponam
2713 3022 2901 3084 illum,
2949 3019 3223 3074 excelsum
3271 3028 3382 3086 prae
3424 3011 3649 3082 regibus

2086 3125 2290 3173 terrae:
2353 3115 2409 3170 in
2469 3121 2733 3169 aeternum
2795 3111 3025 3166 servabo
3082 3110 3161 3164 illi
3215 3102 3645 3163 misericordiam

2086 3219 2301 3268 meam,
2356 3210 2409 3258 et
2463 3210 2849 3257 testamentum
2905 3215 3120 3262 meum,
3156 3196 3339 3253 'fidele
3389 3194 3537 3265 ipsi:
3593 3201 3650 3248 et

2089 3308 2288 3364 ponam
2324 3294 2377 3346 in
2409 3291 2670 3346 saeculum
2706 3288 2891 3344 smculi
2936 3304 3121 3344 semen
3163 3287 3319 3357 ejus,
3364 3291 3419 3340 et
3464 3281 3649 3339 sedem

2088 3386 2209 3455 ejus
2243 3385 2390 3439 sicut
2432 3381 2551 3436 dies
2596 3381 2722 3436 coeli
2757 3381 2823 3434 ⁵³.
2856 3398 2875 3430 ι
2903 3378 2970 3433 Et
3001 3394 3194 3434 rursus
3225 3397 3238 3432 :
3272 3397 3290 3429 ι
3318 3374 3505 3430 Juravi
3546 3371 3653 3426 Da-

2087 3476 2179 3532 vid
2213 3490 2370 3531 servo
2411 3488 2569 3529 meo:
2595 3471 2781 3542 Usque
2817 3472 2871 3525 in
2911 3471 3167 3527 saeculum
3208 3466 3522 3538 praeparabo
3565 3479 3654 3520 se-

2090 3576 2214 3615 men
2243 3569 2394 3614 tuum
2418 3600 2433 3625 ,
2464 3567 2518 3615 et
2548 3559 2828 3614 mdificabo
2863 3560 2919 3613 in
2951 3557 3357 3628 generationem
3386 3565 3441 3610 et
3485 3568 3651 3624 gene-

2092 3653 2357 3707 rationem
2419 3651 2605 3707 sedem
2661 3659 2811 3705 tuam
2845 3652 2915 3706 ".
2956 3671 2974 3702 ι
3009 3651 3076 3704 Et
3128 3664 3322 3704 rursus
3358 3667 3372 3702 :
3412 3666 3431 3700 ι
3470 3646 3652 3702 Semel

2088 3746 2267 3816 juravi
2310 3744 2365 3800 in
2410 3752 2598 3800 sancto
2642 3760 2801 3809 meo,
2850 3743 2897 3798 si
2940 3742 3109 3797 David
3147 3742 3422 3806 mentiar;
3466 3753 3656 3795 semen

2093 3840 2212 3909 ejus
2242 3839 2296 3893 in
2327 3838 2586 3894 saeculum
2628 3842 2845 3900 manet,
2878 3844 2933 3889 et
2967 3833 3125 3889 sedes
3153 3833 3274 3902 ejus
3305 3831 3450 3885 sicut
3482 3829 3565 3885 sol
3595 3829 3654 3883 in

2094 3940 2390 4002 conspectu
2437 3944 2589 3993 meo,
2642 3936 2696 3982 et
2736 3926 2882 3983 sicut
2927 3926 3055 3979 luna
3100 3923 3336 3995 perfecta
3381 3926 3434 3977 in
3477 3937 3655 3978 saecu-

2093 4026 2205 4079 lum
2236 4023 2304 4078 ⁵³.
2341 4043 2360 4075 )
2396 4021 2557 4092 270
2584 4019 2755 4076 Porro
2783 4034 2906 4074 cum
2933 4017 3119 4073 eadem
3166 4016 3280 4072 haec
3317 4016 3479 4070 etiam
3523 4030 3656 4072 cen-

2090 4116 2326 4172 tesimus
2356 4115 2674 4171 tricesimus
2708 4112 2917 4184 primus
2948 4110 3193 4182 psalmus
3221 4113 3652 4172 commemoret,

2095 4210 2163 4264 ad
2217 4208 2493 4265 Christum
2545 4205 2713 4263 refert
2760 4220 2823 4260 ea
2880 4219 3001 4275 qua:
3050 4201 3239 4256 dictat.
3297 4199 3437 4255 Audi
3489 4199 3658 4271 igitur

2095 4301 2242 4357 hunc
2292 4315 2552 4371 quoque:
2590 4317 2609 4350 ι
2646 4297 2951 4363 Memento,
3010 4294 3273 4355 Domine,
3331 4291 3502 4347 David
3531 4333 3547 4358 ,
3602 4299 3658 4347 et

2094 4393 2275 4449 omnis
2305 4391 2743 4449 mansuetudinis
2791 4390 2909 4459 ejus
2950 4409 2964 4443 :
3024 4388 3165 4444 sicut
3217 4386 3423 4457 juravit
3473 4384 3660 4439 Domi-

2097 4500 2203 4550 no,
2239 4492 2424 4540 votum
2457 4483 2602 4540 vovit
2627 4482 2739 4538 Deo
2769 4481 2940 4537 Iacob
2970 4481 3038 4534 ³⁸.
3080 4500 3099 4532 ι
3139 4479 3349 4546 Quibus
3389 4485 3513 4548 post
3551 4477 3658 4531 alia

419 4585 539 4650 λίας
569 4603 660 4640 σου
691 4565 925 4658 θήσομαι
955 4588 1046 4640 ἐπὶ
1189 4565 1373 4659 θρόνον
1397 4605 1510 4641 σου.
1535 4608 1555 4640 ι
1585 4565 1695 4643 Καὶ
1724 4565 1982 4644 ὑποκατα-

2099 4576 2358 4646 deinceps
2404 4575 2692 4646 adiungit:
2730 4592 2749 4625 ι
2781 4571 2994 4628 Iuravit
3040 4570 3303 4625 Dominus
3350 4565 3521 4622 David
3563 4582 3657 4621 ve-

2127 4667 2162 4682 ..
2207 4674 2245 4682 ..
2388 4674 2421 4682 ,.
2609 4664 2632 4682 ρ
3013 4677 3121 4682 _-__-
3181 4660 3253 4682 τι,
3299 4659 3476 4682 LM.“
3525 4671 3624 4682 Μ,

420 4678 521 4741 ϐάς
546 4677 692 4751 ἑξῆς,
721 4679 812 4733 τὸν
843 4681 908 4733 ὲκ
933 4678 1146 4751 καρποῦ
1180 4681 1385 4744 κοιλίας
1416 4681 1579 4735 Δαόὶδ
1610 4682 1981 4754 ἀναστησόμε-

420 4784 508 4820 νον
541 4766 855 4838 λευκότερον
902 4767 1174 4839 ὀνομάζει,
1221 4768 1428 4838 λέγων’
1463 4787 1481 4820 ι
1506 4771 1653 4823 Ἑκεί
1687 4770 1986 4839 ὲξανατελῶ

420 4859 588 4928 κέρας
626 4858 703 4929 τῷ
731 4859 913 4925 Δαόὶδ,
946 4860 1216 4931 ήτοίμασα
1258 4860 1447 4932 λύχνον
1477 4860 1554 4931 τῷ
1581 4863 1799 4933 Χριστῷ
1846 4878 1945 4932 μου
1970 4877 1984 4890 ·

419 4952 545 5014 τοὺς
581 4948 806 5022 ἐχθροὺς
853 4949 1015 5003 αὐτοῦ
1054 4951 1257 5004 ἐνδύσω
1292 4951 1583 5023 αἰσχύνην·
1621 4953 1713 5005 ἐπὶ
1741 4937 1798 5005 δὲ
1828 4952 1988 5006 αὑτὸν

419 5039 706 5112 ὲξανθήσει
732 5041 793 5094 τὸ
819 5041 1068 5112 ἁγίασμά
1099 5059 1221 5112 μου.
1260 5060 1278 5094 ι
1306 5042 1489 5096 Ταῦτα
1519 5042 1805 5114 τοιγαροῦν
1828 5041 1986 5094 Σολο-

426 5131 543 5202 μῶν
568 5133 596 5185 6
632 5129 940 5199 σοφώτατος
969 5131 1047 5202 τῷ
1083 5130 1277 5184 ἑαυτοῦ
1337 5133 1503 5204 πατρὶ
1534 5132 1838 5204 χρησθέντα
1867 5148 1989 5184 συν-

423 5223 642 5292 νοήσας,
676 5220 750 5292 μὴ
770 5220 959 5291 μικρὰ,
994 5219 1213 5291 μείζονα
1223 5220 1278 5272 δὲ
1292 5220 1392 5292 τῆς
1415 5219 1556 5273 κατὰ
1576 5219 1860 5292 ἄνθρωπον
1890 5218 1990 5288 φύ-

425 5329 563 5376 σεως
607 5312 937 5383 τυγχάνοντα
987 5311 1229 5376 συνιδὼν,
1283 5313 1375 5366 καὶ
1430 5311 1629 5382 μᾶλλον
1682 5311 1987 5382 ἁρμόζοντα

424 5403 543 5475 Θεῷ
588 5405 729 5476 ήπερ
778 5402 944 5474 αὐτῷ,
978 5402 1178 5474 καίπερ
1202 5403 1312 5455 ὄντι
1350 5403 1451 5473 υἱῷ
1483 5403 1666 5466 Δαϐὶδ,
1702 5402 1901 5466 συνιείς
1930 5419 1990 5455 τε

423 5493 514 5546 τὸν
547 5493 680 5564 πρὸς
704 5490 797 5546 τοῦ
825 5490 956 5545 Θεοῦ
978 5492 1324 5563 Πρωτότοκον
1356 5490 1756 5562 ὠνομασμένον,
1783 5492 1875 5544 καὶ
1903 5490 1992 5544 τὸν

429 5581 614 5651 σαφῶς
642 5583 1109 5653 προφητευόμενον
1135 5582 1262 5634 Υἱὸν
1300 5581 1455 5644 Θεοῦ,
1489 5580 1830 5653 ὕπεργέγηθε
1875 5582 1993 5643 ταῖς

2092 4667 2343 4735 ritatem,
2373 4674 2427 4722 et
2456 4681 2564 4722 non
2607 4664 2963 4720 frustrabitur
3003 4677 3147 4718 eum.
3181 4660 3258 4716 De
3299 4659 3479 4713 fructu
3525 4671 3657 4711 ven-

2094 4757 2197 4811 tris
2243 4756 2323 4810 tui
2365 4771 2561 4826 ponam
2608 4770 2774 4826 super
2825 4754 3008 4810 sedem
3067 4761 3216 4807 tuam
3262 4752 3331 4806 ⁸⁵.
3365 4770 3383 4801 ι
3416 4748 3480 4802 Et
3520 4761 3659 4816 pau-

2095 4849 2204 4902 lum
2238 4862 2563 4918 progressus
2605 4847 2897 4917 deinceps,
2943 4860 3068 4900 eum
3112 4843 3205 4913 qui
3250 4842 3323 4897 sit
3365 4840 3434 4895 de
3473 4838 3656 4893 fructu

2094 4939 2303 4994 ventris
2353 4936 2521 4993 David
2571 4936 2955 5000 suscitandas,
3005 4934 3227 5005 planius
3273 4929 3521 4985 nominat
3570 4928 3658 4983 di-

2096 5045 2226 5087 cens
2255 5051 2268 5085 :
2294 5049 2312 5081 ι
2334 5031 2451 5086 Illic
2478 5031 2775 5101 producam
2812 5043 2983 5084 cornu
3018 5025 3184 5080 David
3204 5063 3220 5089 ,
3255 5021 3442 5093 paravi
3473 5020 3655 5075 lucer-

2095 5137 2223 5177 nam
2268 5121 2490 5177 Christo
2533 5136 2687 5185 meo,
2733 5120 2984 5174 inimicos
3023 5115 3143 5185 ejus
3183 5113 3405 5169 induam
3460 5110 3657 5165 confu-

2097 5214 2270 5269 sione.
2324 5213 2499 5284 Super
2550 5215 2729 5283 ipsum
2782 5218 2961 5265 autem
3001 5204 3266 5263 eﬂlorehit
3297 5202 3658 5258 sanctiﬁcatio

2094 5321 2216 5359 mea
2246 5305 2312 5359 ⁸⁸.
2345 5324 2364 5357 ι
2389 5305 2579 5375 Itaque
2610 5305 2724 5358 haec
2750 5301 3007 5356 Salomon
3037 5295 3475 5367 sapientissimus
3494 5335 3509 5361 ,
3537 5308 3660 5365 quan
3698 5341 3703 5347 .

2094 5399 2236 5467 patri
2272 5414 2375 5454 suo
2403 5410 2668 5467 responsa
2701 5395 2945 5456 fuerant,
2978 5403 3103 5445 cum
3138 5387 3500 5443 intellexisset
3543 5401 3659 5441 non

2096 5485 2172 5540 ita
2204 5501 2370 5556 parva
2399 5502 2552 5549 esse.
2588 5484 2683 5540 sed
2717 5482 2925 5551 majora
2955 5495 3116 5550 quam
3147 5486 3207 5533 ut
3238 5485 3447 5532 naturae
3479 5477 3664 5532 homi-

2100 5577 2189 5633 nis
2230 5579 2518 5633 convenire
2558 5581 2811 5646 possent,
2858 5571 3077 5642 Deoque
3120 5570 3300 5642 potius
3350 5583 3663 5626 accommo-

499 5759 544 5832 ἒξ
569 5759 630 5814 Ill
653 5759 783 5832 Reg.
810 5779 928 5819 vm.
950 5762 1040 5832 26,
1066 5762 1156 5816 27.
1228 5762 1272 5796 δ’
1305 5761 1348 5815 Il
1369 5760 1625 5832 Ile-gavit.
1658 5760 1841 5832 12-”,
1886 5759 1964 5832 “to

2087 5758 2203 5832 irai.
2222 5773 2370 5832 χιιι-ιὲ
2391 5756 2488 5832 1θᾷ
2549 5756 2593 5787 ⁸⁸
2634 5754 2775 5809 Psal.
2801 5768 3064 5818 Lxxxvul,
3096 5751 3292 5807 27-30.
3366 5750 3411 5782 "
3444 5747 3577 5808 ibid.
3602 5744 3660 5805 4.

428 5829 476 5862 ⁸³
503 5830 633 5887 ibid.
667 5826 864 5898 56,58.
938 5833 985 5865 ιδ
1020 5831 1163 5889 Psal.
1215 5845 1396 5896 exul,
1427 5826 1554 5901 (,2.
1632 5832 1677 5864 η
1708 5830 1837 5885 ibid.
1878 5830 1967 5915 ll.

2087 5828 2094 5860 ‘
2126 5828 2257 5884 ibid.
2304 5828 2392 5892 I7,
2428 5826 2512 5882 18.
