4110 6426
503 386 605 447 ιδι
1145 382 1411 442 EUSEBII
1438 372 1916 438 CESARIENSIS
1950 372 2102 435 OPP.
2143 374 2325 431 PARS
2357 373 2424 432 II.
2461 405 2529 415 —
2568 371 3070 431 APOLOGETICAI
3640 373 3751 429 453

508 506 685 562 danda
715 521 875 576 quam
907 503 1047 569 sibi,
1078 516 1201 555 cum
1235 509 1379 555 esset
1427 514 1645 569 quoque
1696 498 1837 554 ﬁlius
1888 494 2056 550 David

2189 493 2560 563 ἐπαγγελίαις,
2620 492 2713 546 καὶ
2775 494 3086 562 συνεύχεται
3126 489 3477 560 ιπιστωθῆναι
3532 490 3600 544 τά
3650 492 3756 564 τῆς

505 600 837 668 vidiss‘etque
888 610 1048 659 eum,
1104 594 1197 663 qui
1246 607 1275 645 a
1316 592 1425 647 Deo
1463 590 1863 662 Primogenitus
1909 589 2059 643 nomi

2186 587 2576 657 προρρήσεως,
2622 585 2973 655 ἐπιδημήσειν
3017 602 3076 636 τε
3118 585 3209 637 τὸν
3276 583 3755 656 προφητευόμενον

506 699 746 752 naretur,
777 686 974 756 quippe
1007 685 1163 754 plane
1192 682 1334 738 ﬁlius
1386 681 1479 736 Dei
1529 681 1802 736 diceretur
1830 680 2048 735 futurus

2185 676 2530 746 Πρωτότοκον
2557 676 2651 729 καὶ
2689 675 2824 728 Θεοῦ
2872 675 2995 728 Υίὸν
3033 674 3396 745 ἀναγορεύων.
3437 673 3527 726 Διό
3574 690 3708 745 φησι
3733 690 3752 705 ’

505 780 660 835 valde
716 776 914 830 talibus
964 772 1249 844 promissis
1315 772 1534 843 gavisus
1584 780 1670 827 cst
1726 790 1740 825 :
1797 778 1853 825 et
1906 770 2063 825 simul

2181 786 2199 818 ι
2230 769 2340 820 Καὶ
2369 766 2483 829 νῦν,
2520 769 2548 819 6
2581 766 2713 830 Θεὸς
2751 766 2985 838 Ἰσραὴλ,
3019 766 3341 836 πιστωθήτω
3383 766 3448 835 δὴ
3491 764 3552 818 τὸ
3596 764 3758 837 ῥῆμά

504 869 780 939 exaptavit
820 865 1133 939 conﬁrmari
1179 879 1275 929 ea,
1322 878 1445 933 quae
1477 863 1546 918 ad
1588 862 1692 918 hoc
1745 862 2063 917 vaticinium

2175 875 2288 924 σου,
2322 858 2351 910 ὃ
2382 858 2647 927 ἐλάλησας
2683 857 2762 928 τῷ
2804 857 2951 911 παιδί
2986 874 3076 910 σου
3108 857 3275 910 Δαϐὶδ
3304 855 3382 926 τῷ
3410 856 3575 928 πατρί
3604 873 3708 925 μου
3731 871 3751 888 ο

506 938 875 1032 pertinerent,
927 938 1144 1012 necnon
1201 965 1489 1012 venturum
1523 956 1673 1009 illum
1705 954 1773 1010 de
1800 969 1908 1025 quo
1942 969 2063 1023 pro-

2168 950 2250 1003 ὃτι
2288 951 2336 1002 εἰ
2364 948 2579 1019 άληθῶς
2607 950 2923 1020 κατοικήσει
2968 948 3099 1011 Θεὸς
3132 946 3268 1018 μετὰ
3308 946 3611 1019 ἀνθρώπων
3658 947 3757 1001 ἐπὶ

506 1052 690 1121 phetia
744 1050 1077 1118 loqueretur.
1131 1045 1563 1116 Primogenitum
1619 1058 1684 1097 ac
1738 1042 1834 1097 Dei
1866 1041 2063 1097 Filium

2169 1042 2267 1112 τῆς
2293 1042 2413 1112 γῆς,
2445 1043 2492 1094 εἰ
2517 1044 2545 1094 6
2568 1041 2792 1112 οὐρανὸς
2818 1042 2911 1094 καὶ
2937 1044 2965 1095 6
2996 1040 3223 1112 οὐρανὸς
3256 1038 3351 1093 τοῦ
3376 1038 3606 1110 ούρανοῦ
3648 1040 3754 1094 ούκ

507 1144 725 1201 interim
778 1143 930 1196 illum
983 1140 1280 1210 appellans.
1322 1136 1590 1203 Quocirca
1640 1136 1721 1191 sic
1766 1135 1890 1190 ait:
1946 1153 1966 1186 ι
2002 1133 2063 1187 Et

2173 1134 2464 1205 ἁρκέσουσί
2496 1150 2597 1185 σοι.
2632 1152 2650 1184 ι

506 1251 685 1301 nunc,
734 1233 960 1289 Domine
1008 1232 1148 1287 Deus
1208 1230 1408 1295 Israel,
1457 1228 1810 1285 conﬁrmetur
1840 1228 2061 1282 verbum
2096 1233 2282 1286 tuum,
2315 1225 2456 1295 quod
2490 1225 2702 1280 locutus
2748 1240 2809 1279 es
2856 1240 3026 1295 puero
3071 1233 3165 1279 tuo
3194 1222 3363 1279 David
3418 1226 3559 1295 patri
3586 1239 3745 1281 meo:

510 1330 768 1401 quoniam
795 1328 841 1383 si
870 1343 996 1385 vere
1023 1325 1285 1382 habitabit
1301 1324 1441 1381 Deus
1478 1340 1604 1380 cum
1641 1324 1956 1380 hominibus
1983 1337 2147 1392 super
2174 1328 2374 1377 terram
2395 1360 2410 1385 ,
2442 1321 2490 1377 si
2521 1321 2717 1375 cmlum
2748 1329 2798 1375 et
2834 1321 3032 1377 cmlum
3070 1319 3197 1374 caeli
3232 1335 3339 1375 non
3372 1321 3585 1391 capient
3614 1330 3687 1377 te.
3718 1339 3744 1372 ι

1083 1418 1311 1477 CAPUT
1348 1418 1488 1476 XIII.

498 1511 553 1566 Α
584 1511 830 1566 Micluea.
851 1540 919 1550 —
943 1510 1016 1565 De
1046 1510 1296 1565 descensu
1328 1512 1393 1565 de
1422 1510 1547 1564 caelo
1588 1509 1657 1563 ad
1694 1509 1928 1563 homines
1948 1548 1963 1573 ,
1994 1524 2059 1562 ac

578 1582 641 1637 de
686 1582 867 1650 futura
918 1583 971 1634 in
1020 1581 1240 1634 adventu
1288 1583 1402 1653 ejus
1441 1580 1680 1634 Iudaica:
1724 1581 1890 1653 gentis
1930 1580 2063 1647 reje-

579 1665 745 1706 ctmne
764 1692 777 1716 ,
808 1662 856 1705 et
881 1652 1197 1720 ultimarum
1226 1650 1457 1704 omnium
1487 1652 1717 1723 gentium
1762 1650 2058 1719 adoptione.

584 1888 604 1920 ι
635 1870 849 1934 Audite,
881 1871 1061 1941 populi
1125 1886 1350 1938 omnes,
1396 1882 1450 1929 et
1490 1876 1731 1930 attendat
1779 1884 1958 1942 terra,
2008 1885 2063 1933 et

508 1977 700 2018 omnes
732 1962 826 2032 qui
855 1962 908 2016 in
940 1978 1002 2017 ea
1036 1973 1179 2018 sunt.
1220 1964 1285 2018 Et
1317 1966 1422 2019 erit
1474 1966 1736 2024 Dominus
1772 1967 1917 2025 Deus
1966 1984 2063 2024 vc-

511 2062 625 2110 ster
654 2055 708 2108 in
727 2055 1118 2119 testimonium,
1149 2055 1409 2114 Dominus
1434 2058 1501 2114 de
1525 2058 1687 2114 domo
1715 2070 1901 2116 sancta
1930 2077 2060 2117 sua:

508 2146 664 2215 27],
701 2145 956 2215 quoniam
985 2162 1112 2202 ecce
1138 2146 1398 2203 Dominus
1415 2151 1691 2221 egreditur
1704 2167 1769 2207 ex
1792 2153 1913 2208 loco
1941 2168 2063 2219 suo,

505 2244 562 2291 et
594 2237 885 2293 descendet
914 2253 1079 2308 super
1106 2239 1421 2297 altitudines
1452 2252 1629 2309 terrae,
1662 2251 1716 2297 et
1753 2259 2065 2300 commove-

504 2330 706 2386 buntur
734 2339 948 2391 montes
996 2333 1184 2388 subter
1228 2348 1292 2389 eo
1319 2374 1334 2398 ,
1374 2344 1428 2389 et
1464 2335 1631 2391 valles
1680 2336 1980 2405 liquescent
2006 2343 2067 2390 ut

505 2437 629 2477 cera
657 2438 687 2477 a
720 2424 859 2479 Iacie
882 2425 1042 2495 ignis,
1065 2433 1119 2480 et
1138 2428 1279 2481 sicut
1305 2442 1441 2497 aqua
1466 2444 1586 2499 qua:
1627 2428 1868 2484 defertur
1890 2430 1944 2483 in
1966 2434 2066 2485 de-

503 2524 1039 2585 scensum:propter
1074 2515 1399 2586 impietatem
1445 2515 1613 2574 Jacob
1655 2520 1839 2575 omnia
1909 2521 2063 2580 haec.

501 2610 558 2657 et
590 2610 811 2672 propter
846 2611 1126 2672 peccatum
1155 2603 1350 2661 domus
1368 2604 1612 2662 Israel”.
1634 2627 1652 2660 ο
1675 2608 1830 2665 Nunc
1850 2623 2067 2679 quoque

505 2702 689 2762 aperte
723 2693 983 2751 Dominus
1018 2695 1162 2752 Deus
1220 2697 1287 2752 de
1339 2699 1479 2753 ctelo
1502 2699 1859 2765 descendens,
1891 2701 2066 2772 deque

503 2785 623 2840 loco
646 2802 745 2842 suo
771 2788 1074 2858 egrediens.
1096 2789 1149 2844 in
1177 2789 1243 2844 iis
1260 2804 1380 2858 qua:
1406 2792 1680 2860 proposita
1705 2799 1831 2848 sunt
1852 2794 2069 2846 nuntia-

508 2884 632 2931 tur:
665 2878 771 2933 erit
806 2885 984 2933 autem
1016 2878 1120 2933 hoc
1147 2877 1237 2933 Dei
1267 2878 1523 2946 Verbum,
1555 2880 1700 2952 quod
1733 2881 1789 2936 in
1827 2882 1914 2947 iis,
1948 2897 2069 2953 quae

503 2970 653 3038 prius
680 2969 824 3025 dicta
855 2977 1001 3033 sunt,
1024 2986 1148 3025 cum
1174 2972 1411 3042 genitmn
1442 2973 1532 3033 sit.
1561 2989 1684 3029 eum
1734 2989 1857 3030 esse
1898 2974 2068 3030 Deum

501 3074 566 3114 ac
613 3060 899 3116 Dominum
925 3100 941 3125 ,
970 3068 1025 3118 et
1050 3064 1229 3117 omnia
1270 3064 1374 3119 sub
1404 3079 1463 3119 se
1505 3064 1788 3122 habentem
1842 3066 2068 3122 demon-

2679 1416 3070 1468 ΚΕΦΑΛΑΙΟΝ
3110 1415 3207 1468 II".

2172 1507 2316 1579 Ἀπὸ
2363 1506 2468 1579 τοῦ
2520 1506 2861 1579 szala.__—
2888 1506 3032 1579 Hepi
3081 1504 3190 1579 τῆς
3238 1506 3307 1579 ἐξ
3351 1507 3617 1579 οὐρανῶν
3655 1511 3746 1578 εις

2230 1575 2579 1645 ἀνθρώπους
2627 1576 2903 1637 καθόδου,
2942 1575 3039 1628 καὶ
3062 1577 3193 1643 περὶ
3225 1575 3333 1644 τῆς
3357 1578 3453 1631 ἐπὶ
3493 1576 3600 1645 τῆς
3632 1575 3746 1631 παὶ-

2224 1648 2477 1715 ρουσίας
2498 1646 2680 1700 αὐτοῦ
2712 1645 3033 1715 γενομένης
3101 1646 3399 1716 ἀποϐολῆς
3460 1648 3577 1716 μὲν
3633 1649 3745 1702 τοῦ

2243 1716 2535 1770 Ἰουδαίων
2591 1715 2804 1779 ἔθνους
2828 1754 2843 1777 ,
2888 1715 3279 1782 εἰσποιήσεως
3338 1716 3406 1770 δὲ
3444 1715 3562 1771 τῶν
3614 1723 3744 1772 λοι-

2232 1784 2360 1839 πῶν
2395 1785 2671 1839 ἁπάντων
2695 1784 2901 1839 ἐθνῶν.

2241 1898 2260 1931 ι
2283 1878 2593 1943 Ἀκούσατε,
2616 1878 2735 1931 λαοὶ
2762 1878 2981 1942 πάντες,
3014 1880 3108 1933 καὶ
3130 1879 3446 1951 προσεχέτω
3472 1881 3507 1951 ή
3532 1880 3628 1951 γ’ή,
3653 1882 3744 1934 καὶ

2166 1971 2363 2033 πάντες
2412 1972 2460 2023 οἱ
2504 1969 2561 2023 ὲν
2607 1970 2762 2040 αὐτῇ.
2794 1971 2904 2023 Καὶ
2951 1969 3103 2023 ἔσται
3127 1970 3330 2041 Κύριος
3361 1973 3390 2025 6
3415 1972 3549 2035 Θεὸς
3587 1972 3743 2043 ἡμῶν

2164 2066 2245 2127 είς
2281 2062 2595 2135 μαρτύριον,
2630 2061 2832 2133 Κύριος
2883 2061 2942 2127 ἐξ
2987 2064 3135 2116 οῐκου
3179 2063 3331 2132 ἁγίου
3366 2064 3556 2119 αὑτοῦ.
3595 2066 3739 2119 Διότι

2168 2154 2276 2209 ίδοὺ
2321 2154 2521 2225 Κύριος
2558 2153 2907 2225 ἐκπορεύεται
2953 2154 3018 2207 ἐκ
3057 2153 3151 2206 τοῦ
3189 2154 3352 2207 τόπου
3401 2155 3594 2221 αὐτοῦ,
3642 2157 3734 2211 καὶ

2165 2242 2530 2313 καταϐήσεται
2558 2243 2649 2296 ἐπὶ
2688 2246 2756 2297 τὰ
2797 2242 2907 2315 ὕψη
2931 2242 3029 2313 τῆς
3062 2244 3187 2315 γῆς,
3219 2245 3315 2298 καί
3348 2245 3729 2316 σαλευθήσεται

2164 2331 2234 2386 τὰ
2260 2332 2361 2404 ὅρη
2392 2330 2735 2387 ὑποκάτωθεν
2762 2332 2948 2397 αύτοῦ,
2982 2334 3077 2388 καὶ
3107 2334 3163 2387 αἱ
3195 2334 3443 2398 κοιλάδες
3470 2339 3729 2408 τακήσονο

2163 2440 2254 2476 ται
2275 2423 2350 2487 ὠς
2382 2422 2550 2494 κηρὸς
2582 2423 2687 2476 ἀπὸ
2711 2422 3000 2495 προσώπου
3025 2425 3214 2496 πυρὸς,
3248 2427 3344 2481 καὶ¹
3366 2427 3441 2491 ὡς
3472 2428 3615 2497 ὕδωρ
3638 2446 3735 2482 κα-

2164 2516 2529 2588 ταφερόμενον
2586 2518 2644 2570 ὲν
2705 2516 3041 2570 καταϐάσει·
3101 2516 3167 2569 δι’
3228 2518 3484 2573 ἀσέϐειαν
3545 2518 3736 2573 Ἰακὼϐ

2165 2609 2343 2662 πάντα
2367 2607 2557 2672 ταῦτα,
2582 2608 2676 2661 καὶ
2721 2607 2787 2661 δι’
2816 2608 3089 2680 ἁμαρτίαν
3118 2608 3268 2662 οἴκου
3313 2611 3546 2683 Ἰσραήλ.
3582 2631 3601 2663 ι
3630 2613 3739 2666 Καὶ

2166 2699 2262 2753 νῦν
2292 2698 2615 2764 ἁκαλύπτως
2658 2699 2715 2765 ἐξ
2768 2700 2996 2771 ούρανοῦ
3042 2699 3245 2753 κατιὼν
3282 2700 3487 2773 Κύριος
3517 2704 3547 2755 6
3579 2702 3736 2770 Θεὸς,

2166 2791 2594 2863 ὲκπορευόμενός
2617 2808 2678 2843 τε
2716 2792 2780 2844 ὲκ
2803 2789 2896 2843 τοῦ
2929 2790 3096 2845 τόπου
3125 2789 3306 2851 αὑτοῦ,
3339 2791 3427 2847 διὰ
3461 2791 3567 2843 τῶν
3600 2809 3739 2862 προ-

2168 2884 2435 2955 κειμένων
2464 2882 2820 2955 κηρύττεται·
2864 2880 2949 2952 εἴη
2979 2881 3022 2934 δ’
3073 2882 3138 2935 ἂν
3172 2884 3200 2934 6
3232 2882 3325 2935 τοῦ
3368 2880 3501 2935 Θεοῦ
3535 2883 3732 2952 Λόγος,

2165 2976 2225 3031 ὃν
2264 2976 2421 3047 μόνον
2455 2975 2543 3029 διὰ
2571 2974 2676 3028 τῶν
2702 2972 3008 3045 ἔμπροσθεν
3030 2973 3283 3044 γεννητὸν
3317 2974 3580 3045 ὑπάρχειν
3598 2973 3734 3028 Θεὸν

2169 3068 2264 3122 καὶ
2291 3066 2493 3139 Κύριον
2526 3064 2664 3137 μετὰ
2693 3066 2782 3118 τὸν
2815 3060 3074 3118 ἀνωτάτω
3101 3065 3195 3119 καὶ
3254 3064 3351 3117 ἐπὶ
3390 3065 3606 3120 πάντων
3640 3066 3738 3117 ἐπ-

499 3153 812 3208 stravimus.
860 3150 1062 3208 Locum
1092 3164 1267 3210 autem
1304 3154 1423 3225 ejus
1455 3170 1564 3210 non
1606 3157 1846 3222 aberres,
1873 3156 1919 3214 si
1948 3172 2061 3214 coe-

2162 3159 2459 3231 εδείξαμεν.
2497 3158 2670 3212 Τόπον
2685 3156 2730 3210 δ’
2754 3156 2918 3210 αὑτοῦ
2941 3157 3040 3210 οὐκ
3068 3156 3132 3210 ἂν
3161 3157 3429 3229 ἁμάρτοις
3454 3156 3626 3225 λέγων
3657 3151 3738 3209 εἷο·

500 3243 635 3300 leste
664 3259 891 3314 regnum
944 3259 1066 3301 esse
1111 3245 1264 3301 dicas
1288 3285 1302 3311 ,
1332 3247 1728 3320 gloriosamque
1756 3250 2056 3307 divinitatis

497 3337 620 3405 ejus
650 3337 856 3401 sedem,
887 3352 1050 3406 quam
1107 3338 1407 3410 theologica
1467 3342 1736 3398 extollens
1792 3341 2060 3413 Propheta

499 3426 804 3494 psallebat,
865 3439 928 3481 ac
977 3425 1277 3482 dicebat”
1313 3424 1481 3484 Sedes
1527 3437 1641 3492 tua,
1674 3426 1836 3492 Deus,
1878 3430 1932 3483 in
1964 3444 2064 3484 sa:-

498 3518 679 3573 culum
725 3517 906 3573 saeculi
940 3518 1026 3573 ³⁸;
1072 3537 1093 3571 ι
1131 3534 1296 3589 super
1325 3533 1431 3590 qua
1465 3522 1641 3591 ipsum
1700 3523 1887 3577 sedere
1937 3532 2063 3577 tan-

498 3623 660 3680 quam
693 3610 913 3665 unicum
943 3610 1137 3665 Filium
1164 3612 1330 3682 jussit
1353 3610 1514 3669 Pater
1539 3614 1646 3669 illis
1674 3615 1852 3671 verbis
1883 3632 1896 3669 :
1928 3633 1946 3666 ι
1975 3613 2064 3670 Se-

500 3701 568 3757 de
595 3718 625 3756 a
646 3702 850 3759 dextris
880 3704 1017 3759 meis
1046 3704 1113 3757 “.
1158 3722 1178 3758 ι
1211 3702 1345 3759 Nam
1374 3705 1489 3761 haec
1518 3706 1675 3775 plane
1717 3706 1830 3775 jam
1882 3714 2059 3770 antea,

497 3794 565 3851 ad
606 3812 772 3850 unum
811 3794 1143 3851 Salvatorem
1198 3805 1443 3852 nostrum
1502 3796 1671 3853 Deum
1710 3796 1944 3853 Verbum
1975 3812 2063 3853 re-

496 3885 718 3943 ferenda
756 3902 878 3944 esse
931 3888 1150 3958 planum
1205 3888 1452 3943 fecimus.
1485 3887 1641 3943 Hunc
1670 3890 1833 3959 igitur
1881 3889 2060 3960 ipsum

498 3992 739 4050 praesens
769 3979 1050 4032 oraculum
1112 3978 1261 4032 canit
1290 3978 1650 4048 egredientem
1681 3980 1749 4036 de
1790 3981 1909 4036 loco
1938 3996 2059 4046 suo,

497 4074 888 4128 descensurum
906 4086 1012 4141 que
1028 4084 1192 4139 super
1206 4069 1520 4127 altitudines
1548 4078 1725 4127 terrae.
1775 4071 1944 4127 Porro
1967 4089 2064 4127 au-

498 4173 606 4219 tem
624 4178 871 4234 quasnam
885 4164 969 4217 ha:
987 4162 1119 4227 sint,
1143 4161 1271 4225 nisi,
1287 4161 1343 4216 id
1365 4162 1507 4232 quod
1531 4164 1648 4233 ipsa
1659 4164 1820 4219 verba
1842 4173 2060 4231 sonant,

499 4262 713 4311 montes
738 4252 906 4309 Israel
932 4262 986 4307 et
1022 4253 1225 4317 colles,
1278 4250 1346 4306 de
1386 4252 1584 4322 quibus
1639 4254 2062 4313 innumerabiles

498 4344 795 4415 prophetia:
824 4342 1224 4399 vaticinantur?
1251 4341 1476 4413 ipsaque
1497 4342 1816 4409 Jerusalem.
1843 4354 1898 4402 et
1936 4362 2061 4403 cum

497 4454 561 4494 ea
585 4452 740 4491 mons
765 4434 898 4491 Sion
918 4474 934 4499 ,
958 4434 1015 4488 in
1038 4447 1148 4504 quo
1175 4433 1465 4504 plurimum
1497 4433 1802 4493 diversatus
1829 4444 1913 4494 est
1946 4438 2063 4493 Sal-

493 4536 655 4586 vator
684 4542 747 4581 ac
767 4526 1028 4583 Dominus
1062 4524 1280 4580 noster?
1303 4522 1435 4578 Nam
1455 4523 1568 4583 fore
1597 4528 1787 4582 talium
1819 4528 2062 4585 altitudi-

498 4635 627 4675 num
673 4617 1029 4689 perditionem
1076 4623 1239 4688 atque
1278 4615 1590 4684 interitum,
1641 4620 1787 4672 cauit
1834 4619 1889 4673 in
1941 4620 2061 4691 ipso
2093 4618 2137 4674 Ι)

494 4711 701 4769 Christi
733 4711 1001 4767 descenSu
1031 4727 1046 4765 :
1084 4715 1138 4763 et
1169 4722 1300 4764 sane
1329 4714 1562 4773 constat,
1594 4719 1716 4778 post
1760 4708 2060 4769 Salvatoris

499 4804 675 4863 nostri
704 4804 997 4859 adventum
1031 4810 1258 4872 postque
1316 4813 1380 4854 ea
1426 4814 1547 4869 quae
1593 4801 1855 4859 adversus
1908 4804 2059 4859 illum

498 4905 628 4953 sunt
658 4897 798 4959 ausi,
821 4895 1077 4950 universa
1122 4893 1234 4957 illa,
1271 4905 1392 4961 quae
1414 4905 1586 4961 nuper
1605 4893 1749 4948 dicta
1781 4904 1929 4958 sunt,
1960 4895 2059 4951 de-

494 4989 752 5062 populata
786 4986 976 5051 fuisse,
1015 4995 1070 5042 et
1094 4984 1161 5039 ad
1181 4990 1479 5039 extremam
1529 4983 1872 5041 solitudinem
1903 4987 2062 5041 reda-

490 5091 579 5139 cta
608 5097 731 5140 esse
757 5099 773 5137 :
804 5087 1180 5136 verumtamen
1204 5073 1446 5129 Iudaica:
1471 5089 1684 5146 quoque
1715 5079 1889 5148 gentis
1912 5079 2064 5150 prin-

489 5177 661 5248 cipes,
679 5185 735 5232 et
759 5174 903 5247 quod
929 5178 1079 5245 prius
1104 5184 1272 5243 penes
1298 5167 1444 5237 ipsos
1475 5181 1698 5238 regnum
1718 5171 1914 5236 stabat,
1931 5187 2058 5228 nec-

490 5283 602 5324 non
649 5266 1040 5328 sacerdotium,
1069 5271 1125 5318 et
1159 5261 1331 5331 prima
1375 5259 1684 5317 docentium
1714 5260 1903 5327 sedes,
1963 5265 2056 5333 qui

490 5376 637 5417 nunc
678 5367 895 5415 montes
945 5360 1172 5429 ﬁgurate
1228 5355 1611 5422 nominantur,
1665 5357 2052 5412 commovenda

448 5473 453 5477 ·
487 5469 613 5509 esse
642 5455 748 5509 dici
780 5461 1007 5526 possunt
1042 5452 1095 5506 in
1126 5450 1249 5521 ipso
1278 5447 1489 5505 Domini
1517 5449 1584 5505 de
1614 5451 1754 5505 coelo
1782 5450 2048 5507 adventu:

486 5553 543 5601 et
570 5544 672 5599 hoc
696 5547 870 5616 ipsum
900 5545 1118 5618 quidem
1151 5542 1310 5598 ﬁnem
1345 5557 1503 5597 suum
1559 5542 1881 5613 contigisse,
1929 5544 2053 5615 quis

487 5650 599 5691 non
631 5638 845 5692 tandem
874 5637 1138 5704 fateatur,
1182 5643 1304 5708 post
1358 5634 1657 5691 Salvatoris
1694 5633 1865 5689 nostri
1923 5632 2052 5688 Iesu

483 5724 693 5783 Christi
722 5732 985 5799 tempora,
1018 5746 1141 5784 cum
1167 5730 1348 5783 omnia
1380 5730 1468 5783 illa
1501 5728 1681 5783 videre
1714 5729 1901 5795 possit,
1938 5743 2048 5782 non

557 5838 604 5871 ⁸⁷
633 5836 790 5898 Mieli.
828 5862 867 5911 l,
905 5844 1021 5901 2-5.
1098 5846 1142 5877 ⁸⁸
1169 5845 1312 5902 Psal.
1345 5861 1486 5912 xuv,
1520 5845 1573 5899 7.
1650 5843 1696 5878 ε’
1733 5843 1877 5900 Psal.
1905 5859 2015 5910 cxx,
2053 5843 2101 5899 I.

2171 3270 2258 3306 ναι
2292 3251 2387 3323 τὴν
2413 3253 2470 3305 ὲν
2492 3251 2737 3321 οὐρανοῖς
2762 3248 3053 3319 βασιλείαν,
3081 3248 3169 3301 τόν
3192 3265 3251 3301 τε
3271 3245 3479 3312 ἔνδοξον
3500 3247 3601 3317 τῆς
3629 3247 3739 3300 θεό-

2164 3361 2325 3415 τητος
2360 3341 2523 3397 αὑτοῦ
2568 3341 2776 3414 θρόνον,
2803 3341 2861 3395 δν
2895 3339 3158 3409 θεολογῶν
3188 3339 3217 3392 6
3251 3340 3545 3411 Προφήτης
3575 3339 3737 3409 ἔψαλ-

2165 3437 2275 3502 λεν,
2308 3454 2328 3487 ι
2369 3436 2428 3488 '0
2476 3434 2663 3507 θρόνος
2704 3450 2819 3498 σου,
2864 3452 2883 3485 ι
2920 3433 3163 3502 φάσκων,
3204 3448 3224 3482 ι
3268 3432 3297 3484 ό
3330 3431 3483 3496 Θεὸς,
3519 3434 3600 3495 είς
3643 3431 3737 3484 τὸν

2162 3525 2334 3580 αίῶνα
2351 3523 2444 3577 τοῦ
2467 3523 2659 3587 αίῶνος
2676 3540 2688 3553 ·
2706 3541 2723 3573 ι
2746 3523 2831 3592 ἐφ’
2859 3521 2916 3574 ὃν
2946 3519 3092 3591 αύτῷ
3120 3522 3149 3574 ό
3179 3519 3390 3592 Πατὴρ,
3438 3520 3587 3573 ὼσὰν
3620 3519 3736 3590 Υἱῷ

2166 3620 2460 3687 μονογενεῖ,
2513 3613 2833 3678 καθέζεσθαι
2859 3612 3294 3685 παρεκελεύσατο
3327 3609 3518 3664 εἰπών⁸
3565 3629 3585 3661 ι
3613 3612 3733 3664 Κά-

2162 3704 2255 3759 θου
2291 3708 2356 3759 ὲκ
2386 3705 2574 3772 δεξιῶν
2607 3722 2727 3776 μου.
2768 3724 2786 3757 ι
2824 3704 3006 3759 Ταῦτα
3038 3703 3145 3775 γὰρ
3191 3701 3378 3769 σαφῶς
3409 3702 3511 3773 ήδη
3543 3701 3737 3773 πρότεο

2163 3816 2256 3871 ρον
2279 3799 2371 3851 ἐπὶ
2392 3799 2553 3869 μόνον
2584 3797 2947 3869 ἀναφέρεσθαι
2969 3796 3058 3851 τὸν
3087 3795 3353 3866 ἡμέτερον
3387 3794 3617 3864 Σωτῆρα
3641 3793 3733 3847 τὸν

2161 3889 2293 3942 Θεὸν
2330 3889 2501 3957 Λόγον
2539 3890 2979 3961 παρεστήσαμεν.
3023 3887 3192 3940 Αὑτὸν
3236 3884 3300 3956 δὴ
3338 3881 3431 3940 οῦν
3474 3885 3661 3939 τοῦτον
3701 3886 3733 3939 6

2163 3978 2349 4051 παρὼν
2392 3979 2634 4045 θεσπίζει
2680 3981 2836 4049 λόγος
2882 3977 3270 4051 ἐκπορεύεσθαι
3314 3979 3377 4031 ἐκ
3424 3977 3518 4030 τοῦ
3563 3976 3729 4030 τόπου

2161 4071 2350 4136 αὐτοῦ,
2374 4072 2777 4144 καταϐήσεσθαι
2816 4089 2874 4127 τε
2921 4072 3015 4124 ἐπὶ
3042 4073 3112 4124 τὰ
3140 4070 3249 4141 ὕψη
3290 4070 3387 4140 τῆς
3426 4069 3546 4139 γῆς.
3592 4069 3731 4122 Ποῖα

2160 4162 2205 4215 δ’
2242 4162 2308 4216 ἂν
2341 4162 2429 4230 εἴη
2466 4162 2639 4217 ταῦτα
2664 4203 2677 4227 ,
2722 4163 2755 4233 ἢ
2800 4162 2976 4234 ῥητῶς
3008 4162 3106 4233 μὲν
3143 4161 3213 4216 τά
3239 4161 3338 4232 ὅρη
3384 4159 3477 4213 τοῦ
3518 4158 3731 4230 Ἰσραὴλ

2162 4254 2256 4308 καὶ
2286 4256 2334 4307 οἱ
2368 4253 2563 4324 βουνοί,
2609 4256 2736 4325 περὶ
2763 4251 2838 4309 ὦν
2874 4254 3060 4326 μυρίαι
3095 4254 3417 4325 προφητεῖαι
3443 4249 3729 4315 θεσπίζου-

2166 4376 2268 4425 σιν,
2304 4360 2439 4432 αύτή
2464 4378 2523 4414 τε
2552 4360 2905 4431 Ἰερουσαλὴμ
2929 4360 3022 4413 καὶ
3051 4358 3112 4411 τὸ
3134 4357 3272 4411 Σιὼν
3298 4357 3442 4430 ὅρος,
3464 4358 3523 4408 ὲν
3551 4348 3595 4423 ᾧ
3626 4354 3730 4419 τὰς

2164 4451 2420 4515 πλείστας
2464 4453 2697 4505 ἐποιεῖτο
2739 4450 3020 4523 διατριϐὰς
3062 4453 3091 4505 6
3138 4449 3331 4521 Σωτὴρ
3376 4449 3469 4502 καὶ
3522 4447 3731 4519 Κύριος

2166 4545 2363 4616 ἡμῶν;
2398 4543 2612 4599 Τούτων
2640 4545 2697 4599 δὲ
2742 4543 3036 4616 διαφθοράν
3070 4542 3284 4597 ἔσεσθαι
3319 4542 3412 4595 καὶ
3454 4539 3729 4594 ἀπώλειαν

2161 4638 2253 4692 ἐπὶ
2284 4640 2351 4710 τῇ
2381 4638 2471 4692 τοῦ
2500 4638 2735 4711 Χριστοῦ
2768 4638 2975 4709 καθόδῳ
3009 4637 3268 4701 θεσπίζει.
3299 4635 3410 4688 Καὶ
3443 4633 3728 4706 πρὰὗδηλον,

2157 4729 2231 4794 ὡς
2265 4728 2399 4800 μετὰ
2426 4728 2524 4800 τὴν
2566 4728 2659 4783 τοῦ
2699 4729 2947 4800 Σωτῆρος
2974 4726 3128 4799 ήμῶν
3173 4723 3492 4798 παρουσίαν,
3541 4724 3633 4776 καὶ
3660 4720 3728 4776 τὰ

2160 4823 2279 4876 κατ’
2311 4821 2473 4875 αὐτοῦ
2502 4820 2899 4892 τετολμημένα,
2928 4818 2996 4873 τὰ
3030 4816 3399 4891 προειρημένα
3427 4815 3603 4868 πάντα
3628 4829 3727 4865 πε·-

2160 4913 2532 4985 πολιόρκηται,
2570 4915 2665 4967 καὶ
2696 4916 2776 4977 εἰς
2811 4913 3044 4983 ἐσχάτην
3071 4911 3308 4984 ἐρημίαν
3346 4906 3620 4979 ἐλήλυθεν.
3651 4907 3725 4960 Οὐ

2163 5005 2269 5078 μὴν
2300 5006 2434 5060 ἁλλὰ
2463 5007 2557 5060 καὶ
2581 5008 2632 5059 οί
2651 5007 2908 5077 ἄρχοντες
2931 5003 3023 5059 τοῦ
3065 5002 3330 5058 Ἰουδαίων
3362 5001 3566 5065 ἔθνους,
3599 5000 3634 5069 ἦ
3666 5016 3728 5054 τε

2162 5099 2292 5170 παρ’
2321 5099 2502 5163 αὐτοῖς
2548 5099 2609 5151 τὸ
2656 5100 2785 5170 πρὶν
2818 5098 3124 5152 συνεστῶσα
3153 5093 3415 5166 βασιλεία,
3454 5089 3724 5162 ἱερωσύνη

2155 5214 2216 5251 τε
2244 5198 2339 5251 καὶ
2359 5196 2690 5251 διδασκάλων
2722 5197 3028 5270 προεδρεία,
3060 5198 3161 5270 ὅρη
3190 5195 3285 5250 νῦν
3312 5194 3585 5267 τροπικῶς
3605 5195 3724 5247 ὀνο-

2159 5301 2460 5375 μαζόμενα,
2505 5303 2928 5375 σαλευθήσεσθαι
2956 5303 3203 5370 λέγονται
3246 5302 3340 5355 ἐπὶ
3376 5304 3442 5372 τῇ
3478 5300 3569 5353 τοῦ
3612 5300 3726 5352 Ku—

2155 5409 2269 5481 ρίου
2304 5407 2363 5474 ὲξ
2383 5410 2624 5482 οὐρανῶν
2649 5411 2933 5484 παρουσίᾳ.
2958 5410 3069 5464 Καὶ
3095 5410 3251 5463 τοῦτο
3278 5409 3336 5462 δὲ
3362 5410 3509 5469 ὅπως
3533 5405 3724 5469 τέλους

2154 5516 2330 5587 ἔτυχε,
2361 5518 2445 5582 τίς
2471 5518 2569 5570 ούκ
2602 5517 2667 5572 ἂν
2696 5517 3063 5589 ὁμολογήσειε,
3098 5514 3235 5586 μετὰ
3265 5514 3389 5576 τοὺς
3415 5511 3505 5565 τοῦ
3540 5510 3726 5581 Σωτῆ-

2156 5640 2247 5693 ρος
2275 5621 2428 5693 ήμῶν
2467 5622 2639 5693 Ἰησοῦ
2666 5622 2899 5694 Χριποῦ
2926 5621 3169 5692 χρόνους,
3204 5620 3358 5674 πάντ’
3383 5619 3564 5672 ἐκεῖνα
3595 5616 3723 5671 θεω-

2159 5728 2268 5799 ρῶν
2293 5728 2353 5782 οὺ
2391 5727 2548 5799 μόνον
2582 5728 2924 5795 σαλευθέντα,
2968 5725 3103 5781 άλλὰ
3133 5727 3227 5781 καὶ
3280 5722 3522 5780 ἐκποδὼν
3561 5736 3722 5791 γεγε-
