4110 6426
377 402 479 459 ,εὖ

1255 394 1902 452 DEMONSTRATIONIS
1935 390 2391 448 EVANGELICz’E
2434 394 2561 449 LIB.
2604 394 2691 447 Vl.

3498 396 3615 449 43x5,

378 513 618 585 mpéva;
648 514 906 580 Κοιλάδες
942 515 997 568 δέ
1032 517 1197 569 εἰσέτι
1240 515 1332 568 νῦν
1373 515 1676 585 τηκόμεναι
1719 511 1828 567 εἷεν
1875 514 1938 566 ἂν

2044 513 2219 568 solum
2248 524 2536 578 commota,
2566 514 2657 570 sed
2698 514 2858 569 etiam
2890 514 3203 570 sublata‘de
3232 514 3446 569 medio?
3479 513 3597 567 Val-

376 605 432 655 αἱ
474 603 593 655 ἀντὶ
625 604 722 673 τῆς
755 603 1102 674 Ἰερουσαλὴμ
1146 604 1240 656 καὶ
1283 603 1377 657 τοῦ
1422 601 1560 655 Σιὼν
1600 602 1757 672 ὅρους
1801 598 1941 652 κατὰ

378 695 559 747 πᾶσαν
588 695 741 749 πόλιν
777 695 1102 748 συνεστῶσαι
1132 693 1308 748 αὐτῶν
1341 694 1671 763 συναγωγαὶ,
1703 693 1943 764 ἀποθρη-

378 785 566 839 νοῦσαι
602 786 695 839 καὶ
721 786 1160 857 ἀποκλαιόμεναι,
1191 786 1284 838 καὶ
1326 786 1400 849 ὡς
1434 786 1599 857 κηρὸς
1629 786 1737 838 ἀπὸ
1774 801 1942 854 προσ-

379 876 530 932 ώπου
557 879 722 951 πυρὸς
745 878 1058 949 τηκόμεναι,
1082 877 1170 930 διὰ
1201 876 1376 948 λύπην
1398 878 1490 929 καὶ
1516 876 1745 937 πένθους
1774 877 1942 946 ὑπερ-

382 969 559 1041 ϐολὴν,
601 971 697 1041 τῆς
728 988 787 1025 τε
814 970 921 1024 τῶν
962 970 1177 1024 οἰκείων
1202 970 1435 1041 ἐρημίας
1473 970 1566 1022 καὶ
1596 968 1695 1037 τῆς
1728 968 1942 1038 μακρᾶς

382 1062 480 1136 καίΔ
507 1060 795 1124 πολυετοῦς
826 1060 1065 1124 δουλείας
1096 1060 1298 1114 ἕνεκεν.
1350 1060 1456 1112 Καὶ
1493 1058 1664 1121 ἄλλως
1701 1058 1758 1112 δὲ
1803 1056 1941 1111 κατά

381 1150 613 1204 διάνοιαν
658 1154 691 1222 ἡ
741 1151 835 1205 τοῦ
875 1152 1049 1222 Λόγου
1100 1152 1194 1204 τοῦ
1233 1151 1375 1204 θείου
1427 1151 1695 1215 ὲπίϐασις,
1741 1152 1840 1204 οὐκ
1883 1151 1940 1202 ἐν

383 1243 619 1314 χάσμασι
652 1244 746 1298 καὶ
794 1241 1142 1314 κοιλώμασιν,
1180 1244 1285 1297 οὐδ’
1318 1246 1373 1298 ἐν
1402 1247 1676 1306 ταπειναῖς
1711 1244 1804 1296 καὶ
1845 1259 1942 1311 χα-

385 1335 668 1404 μαιπετέσι
694 1334 972 1399 διανοίαις,
1007 1334 1121 1388 ἀλλ’
1156 1336 1211 1388 ἐν
1236 1336 1568 1407 ἐπῃρμέναις
1602 1336 1661 1388 τὸ
1691 1334 1939 1407 φρόνημα

381 1425 703 1494 κατεγίνετο.
753 1425 941 1498 Ταύτῃ
975 1426 1104 1494 γοῦν
1133 1426 1530 1498 τροπικώτερον
1562 1427 1722 1489 αὐτὸς
1768 1428 1796 1479 6
1826 1425 1940 1479 Κύ-

381 1535 493 1588 ριος
524 1515 924 1587 καταϐήσεσθαι
952 1518 1043 1569 ἐπὶ
1068 1517 1135 1571 τὰ
1165 1515 1272 1585 ὕψη
1304 1516 1403 1587 τῆς
1433 1516 1538 1586 γῆς
1567 1515 1768 1588 εἴρητο.
1803 1516 1940 1586 Ὄρη

379 1609 435 1662 δὲ
473 1610 725 1679 σειόμενα
758 1608 1105 1662 ὑποκάτωθεν
1148 1608 1497 1672 αὑτοῦ,λαὺτά
1519 1607 1581 1678 δὴ
1631 1611 1809 1661 ἐκεῖνα
1847 1603 1937 1678 ἦν,

381 1699 508 1753 ἔνθα
546 1700 752 1771 ἀνήχθη
797 1701 901 1754 ὑπὸ
930 1699 1023 1754 τοῦ
1049 1701 1379 1771 Πνεύματος,
1430 1701 1788 1772 πειρασθῆναι
1836 1700 1940 1752 ὑπὸ

2043 605 2121 659 les
2151 614 2330 660 autem
2362 606 2538 661 adhuc
2572 607 2956 676 liquescentes,
2989 614 3150 664 erunt
3171 607 3264 677 qui
3302 622 3403 677 pro
3445 605 3591 661 Jern.

2042 696 2207 751 salem
2238 711 2441 766 proque
2483 706 2667 752 monte
2712 697 2864 763 Sion,
2890 715 2985 769 per
3011 714 3223 752 omnem
3257 698 3440 752 urbem
3470 711 3575 751 con

2041 787 2217 841 stituti
2249 797 2572 842 suntcorum
2601 799 2921 851 conventus,
2948 791 3107 860 272
3134 790 3406 859 plorantes
3434 803 3497 842 ac
3518 788 3600 843 lu-

2040 886 2247 949 gentes,
2277 888 2332 933 et
2380 880 2535 948 quasi
2579 896 2703 934 cera
2749 896 2778 933 a
2830 880 2965 936 facie
3009 882 3150 951 ignis
3200 882 3597 950 liquescentes,

2041 976 2261 1038 propter
2305 971 2553 1025 maeroris
2583 986 2646 1024 ac
2681 972 2859 1027 luctus
2891 987 3173 1028 excessum
3201 1012 3217 1031 .
3277 981 3334 1027 et
3378 977 3601 1041 propter

2040 1059 2145 1113 loci
2180 1060 2337 1129 patrii
2368 1060 2711 1116 solitudinem
2735 1102 2750 1125 ,
2790 1072 2844 1117 et
2884 1063 3095 1133 longam
3126 1070 3288 1132 atque
3335 1077 3598 1117 annosam

2041 1151 2374 1206 servitutem.
2419 1152 2540 1206 Alio
2582 1163 2838 1222 praeterea
2880 1153 3156 1208 intellectu
3210 1154 3381 1208 divini
3434 1152 3598 1207 Verbi

2042 1255 2206 1308 super
2258 1241 2569 1297 altitudines
2624 1243 2919 1298 descensus
2975 1244 3145 1313 accipi
3200 1252 3420 1313 potest:
3453 1245 3598 1314 quod

2042 1334 2226 1402 utique
2258 1349 2365 1389 non
2393 1333 2446 1387 in
2480 1335 2718 1391 hiatibus
2745 1344 2797 1391 et
2823 1336 3183 1399 convallibus,
3208 1352 3383 1407 neque
3409 1339 3467 1392 in
3504 1338 3601 1391 ab-

2036 1424 2194 1494 jeCtis
2222 1431 2384 1494 atque
2412 1426 2465 1480 in
2501 1426 2722 1480 humum
2768 1427 3145 1497 spectantibus
3181 1429 3374 1484 animis
3404 1438 3458 1483 et
3508 1442 3601 1482 co-

2042 1515 2413 1586 gitationibus,
2462 1516 2558 1572 sed
2596 1517 2651 1572 in
2682 1518 2843 1573 altius
2876 1519 3105 1574 sublatis
3137 1527 3191 1574 et
3224 1534 3441 1574 sursum
3481 1535 3603 1576 ere-

2040 1607 2146 1663 ctis
2186 1608 2392 1662 versari
2445 1609 2626 1664 vellet.
2684 1608 2800 1663 Tali
2847 1610 3015 1680 igitur
3041 1610 3215 1682 ﬁgura
3242 1610 3448 1665 dictum
3474 1622 3596 1677 est,

2042 1701 2216 1766 ipsum
2242 1697 2525 1752 Dominum
2557 1714 2719 1769 super
2759 1700 3072 1756 altitudines
3105 1710 3263 1756 terrae
3309 1701 3603 1756 descensu-

383 1790 476 1843 τοῦ
502 1789 744 1844 διαϐόλου
766 1807 778 1821 ·
819 1808 838 1842 ι
883 1791 1001 1844 Ὅτι
1028 1791 1120 1844 καὶ
1150 1790 1561 1861 παραλαμϐάνει
1594 1791 1753 1844 αὐτόν
1773 1794 1802 1845 6
1822 1793 1938 1846 διά-

2046 1802 2187 1843 rum.
2212 1788 2313 1856 Qui
2341 1805 2471 1846 vero
2501 1790 2885 1846 concutiantur
2915 1792 3102 1848 subter
3126 1807 3190 1848 co
3219 1802 3454 1855 montes,
3492 1790 3600 1861 ipsi

385 1881 536 1945 ϐολος
566 1884 644 1947 είς
680 1883 802 1955 όρος
836 1882 1034 1953 ὑῂλὸν
1080 1881 1230 1936 λίαν’
1276 1883 1367 1936 καὶ
1408 1879 1476 1954 ἦν
1512 1883 1647 1955 μετά
1694 1884 1800 1938 τῶν
1846 1884 1941 1956 θη-

390 1974 540 2045 ρίων.
579 1994 597 2025 ι
639 1975 774 2045 Ὄρη
806 1975 851 2027 δ’
872 1973 937 2027 ἂν
959 1974 1041 2044 εἴη
1065 1969 1219 2038 αὖθις
1249 1973 1647 2047 τροπικώτερον
1676 1976 1708 2046 ἡ
1748 1977 1805 2028 ἐν
1828 1979 1936 2040 τοῖς

385 2069 532 2134 ὀρεσι
557 2064 615 2117 τὸ
644 2067 767 2134 πρὶν
796 2064 1178 2136 ἐπιτελουμένη
1209 2066 1634 2138 εἰδωλολατρεία,
1664 2069 1760 2119 καὶ
1793 2068 1849 2119 αἱ
1881 2069 1938 2121 ἐν

383 2154 587 2217 τούτοις
631 2157 990 2227 ἐνεργήσασαι
1032 2156 1252 2228 ἀόρατοι
1296 2159 1388 2212 καὶ
1422 2159 1736 2231 ἀρχοντικαὶ
1778 2159 1938 2212 δυνά-

383 2262 520 2315 μεις,
553 2245 618 2310 ἀς
646 2247 705 2299 ού
742 2247 953 2319 μικρῶς
982 2250 1015 2318 ἡ
1049 2249 1140 2303 τοῦ
1170 2251 1420 2322 Σωτῆρος
1451 2251 1608 2321 ἡμῶν
1642 2251 1850 2305 ἀνέσειε
1879 2268 1938 2304 τε

377 2336 472 2389 καὶ
513 2337 744 2390 ἀνεκίνει
779 2337 1111 2393 διδασκαλία.
1158 2339 1371 2393 Τούτων
1401 2341 1510 2412 γὰρ
1542 2342 1573 2412 ή
1603 2340 1800 2403 ἔνθεος,
1830 2340 1937 2393 εἴτε

379 2425 788 2498 θαυματουργὺς
825 2430 918 2481 καὶ
964 2428 1381 2500 παραδοξοποιὸς
1420 2431 1592 2500 ἰσχὺς,
1643 2429 1940 2500 λεληθότως

379 2517 476 2588 τὴν
505 2517 644 2572 κατὰ
672 2518 780 2572 τῶν
811 2519 1109 2591 ἀνθρώπων
1142 2519 1356 2592 μακρὰν
1380 2522 1474 2574 καὶ
1507 2518 1740 2575 παλαιάν
1780 2520 1936 2574 δυνα-

381 2608 559 2662 στείαν
583 2609 831 2681 καθῄρει.
870 2611 1140 2675 Ὡσαύτως
1173 2613 1229 2665 δὲ
1256 2613 1349 2665 κοιλ¹
1379 2611 1622 2675 κοιλάδες
1643 2611 1938 2682 τηκόμεναι

378 2698 451 2764 ὡς
479 2702 645 2773 κηρὸς
675 2702 783 2755 ἀπὸ
802 2700 1089 2773 προσώπου
1107 2705 1296 2775 πυρὸς,
1322 2703 1573 2774 δαίμονες
1597 2703 1663 2757 ἂν
1680 2699 1787 2757 εἷεν
1816 2704 1938 2775 χθό-

380 2807 479 2844 νιοι
512 2792 605 2844 καὶ
637 2792 924 2863 περίγειοι,
956 2792 1077 2846 καθ’
1103 2787 1176 2846 ὧν
1208 2794 1268 2846 τὸ
1296 2794 1585 2848 καυστικὺν
1612 2793 1714 2862 τῆς
1745 2792 1935 2864 μοχθη-

362 2866 498 2950 ¹ρίας
539 2879 717 2935 αὐτῶν
750 2880 859 2953 πῦρ
899 2882 1068 2952 ἠφίει,
1105 2884 1310 2952 λέγων·
1349 2904 1367 2935 ι
1409 2884 1526 2954 Πῦρ
1557 2879 1718 2954 ἦλθον
1757 2882 1936 2952 βαλεῖν

380 2973 598 3045 ἐπὶπτὴν
620 2974 742 3045 γῆν,
779 2976 872 3028 καὶ
902 2974 955 3027 τί
982 2974 1137 3040 θέλω,
1169 2978 1217 3029 εἰ
1248 2975 1345 3047 ἤδη
1378 2976 1621 3047 ἀνήφθη;
1659 2994 1679 3027 ι
1728 2974 1846 3043 Ὑφ’
1876 2968 1936 3029 οῦ

361 3047 548 3134 ’πυρὸς
594 3063 658 3135 δὴ
708 3066 1004 3136 καιόμενοι,
1043 3067 1136 3120 καὶ
1174 3065 1247 3137 μὴ
1289 3061 1390 3119 οἷοί
1421 3084 1479 3120 τε
1520 3066 1670 3129 ὄντες
1699 3065 1798 3130 τὰς
1830 3065 1937 3119 ἀπὸ

2040 1882 2119 1935 illi
2144 1885 2330 1952 utique
2350 1890 2528 1958 erunt,
2559 1882 2627 1938 ad
2651 1899 2786 1954 quos
2818 1884 3087 1941 adductus
3112 1894 3198 1939 est
3223 1899 3256 1938 a
3291 1883 3508 1954 spiritu,
3543 1891 3602 1936 ut

2038 1982 2334 2030 tentaretur
2360 1990 2390 2028 a
2415 1975 2632 2031 diabolo
2666 1995 2695 2030 ι⁴
2730 1991 2840 2047 quo
2884 1984 3125 2045 tempore
3153 1996 3172 2028 ι
3210 1977 3502 2046 assumpsit
3534 1977 3603 2030 il-
3633 1974 3641 1981 '

2037 2062 2150 2118 lum
2181 2066 2429 2122 diabolus
2473 2066 2528 2120 in
2561 2078 2797 2123 montem
2826 2068 3102 2123 excelsum
3146 2067 3342 2133 valde,
3391 2076 3446 2122 et
3484 2074 3602 2123 erat

2037 2170 2163 2211 cum
2188 2154 2320 2212 feris
2348 2158 2415 2212 ⁶⁰.
2452 2177 2471 2210 ι
2504 2157 2720 2214 Rursus
2766 2161 2930 2214 etiam
2961 2160 3251 2229 ﬁguratius
3270 2166 3484 2214 montes
3508 2173 3601 2213 ac-

2036 2248 2322 2319 cipiemus,
2350 2248 2504 2303 illum
2524 2250 2941 2305 simulacrorum
2970 2252 3198 2314 cultum,
3231 2250 3324 2319 qui
3356 2249 3508 2321 prius
3542 2250 3602 2303 in

2038 2339 2313 2395 montibus
2347 2338 2808 2410 frequentabatur,
2831 2349 2885 2396 et
2912 2343 2968 2396 in
3011 2341 3080 2397 iis
3120 2340 3411 2396 ellicaciam
3443 2355 3598 2397 suam

2037 2429 2406 2495 ostendentes,
2448 2431 2748 2487 invisibiles
2779 2431 3116 2501 principatus
3168 2445 3231 2485 ac
3260 2437 3555 2500 potestates
3580 2469 3595 2493 ,

2037 2534 2174 2589 quas
2215 2536 2323 2574 non
2379 2520 2569 2575 leviter
2596 2519 2893 2577 Salvatoris
2920 2512 3115 2576 nostri
3143 2521 3423 2577 concussit
3447 2536 3602 2575 com-

2038 2613 2311 2681 movitque
2353 2611 2619 2668 doctrina.
2665 2610 2875 2666 Talium
2926 2612 3072 2667 enim
3103 2612 3315 2683 longam
3365 2620 3421 2668 et
3451 2624 3599 2668 vete-

2035 2717 2151 2756 rem
2175 2713 2366 2758 contra
2390 2702 2637 2758 homines
2668 2703 2963 2773 potentiam
2983 2743 3000 2769 ,
3029 2702 3258 2759 latenter
3290 2701 3491 2758 delevit
3509 2703 3596 2757 dir-

2035 2795 2219 2849 vinum
2251 2794 2396 2850 illius
2418 2794 2666 2859 verbum,
2707 2803 2762 2850 et
2789 2793 3015 2849 miriﬁca
3043 2801 3097 2849 et
3143 2808 3355 2849 omnem
3401 2795 3456 2849 in
3485 2794 3600 2850 elﬁ-

2036 2884 2232 2939 ciendo
2280 2884 2438 2940 ﬁdem
2481 2899 2751 2955 superans
2806 2886 2910 2940 vis.
2967 2884 3169 2940 Eadem
3212 2899 3339 2940 vero
3388 2884 3603 2940 ratione

2034 2979 2195 3033 etiam
2212 2979 2593 3050 liquescentes,
2610 2987 2666 3034 ut
2680 2995 2804 3036 cera
2820 2994 2852 3033 a
2863 2979 2999 3034 facie
3013 2979 3175 3050 ignis,
3193 2979 3381 3043 valles,
3396 2977 3598 3032 daemo-

2034 3087 2135 3127 nes
2158 3081 2318 3128 erunt
2345 3070 2543 3128 inferni
2558 3079 2611 3127 et
2625 3072 2828 3127 circum
2847 3079 3048 3127 terram
3070 3078 3350 3127 versantes
3364 3090 3381 3125 :
3405 3070 3600 3125 adver-

376 3155 473 3225 τῆς
506 3157 737 3228 ἀοράτου
778 3158 970 3227 φλογός
1008 3158 1193 3230 φέρειν
1239 3158 1521 3227 βασάνους,
1555 3157 1935 3231 ὑπανεχώρουν

2038 3181 2159 3221 sum
2188 3181 2326 3235 quos
2342 3166 2540 3236 ignem,
2568 3165 2662 3235 qui
2705 3165 3001 3235 nequitiam
3031 3166 3270 3234 ipsorum
3311 3164 3600 3219 combure-

376 3246 483 3299 τῶν
526 3245 877 3317 ἀνθρωπείων
913 3248 1193 3318 σωμάτων.
1236 3249 1345 3301 Καὶ
1390 3247 1452 3300 τὸ
1493 3248 1714 3318 συνέχον
1746 3264 1808 3318 γε
1842 3249 1936 3302 καὶ

2045 3264 2150 3321 ret,
2183 3256 2388 3311 dimisit
2415 3257 2640 3312 dicens:
2675 3276 2692 3309 ι
2726 3257 2908 3327 Ignem
2928 3256 3347 3313 venimitterein
3375 3264 3596 3319 terram,

376 3338 593 3393 ἐλαῦνον
616 3341 809 3404 αὐτοὺς
834 3340 1228 3410 ἀνωμολόγουν,
1263 3339 1489 3411 βοῶντες
1508 3358 1520 3371 ο
1549 3360 1567 3390 ε
1583 3341 1705 3404 Ἔα,
1728 3339 1781 3393 τί
1806 3341 1937 3410 ἡμῖν

2038 3355 2090 3402 et
2110 3348 2239 3418 quid
2264 3350 2409 3413 volo,
2429 3348 2473 3403 si
2488 3350 2600 3418 jam
2625 3363 2887 3404 accensus
2907 3347 3081 3403 est“?
3115 3367 3134 3399 ι
3155 3346 3409 3418 Quoigne
3427 3361 3603 3401 corre-

378 3430 471 3485 καὶ
504 3432 604 3496 σοὶ,
636 3431 731 3484 Υἱέ
764 3430 855 3485 τοῦ
885 3431 1048 3497 Θεοῦ;
1082 3427 1242 3502 ἦλθες
1283 3432 1389 3503 πρὸ
1417 3432 1608 3503 καιροῦ
1652 3432 1937 3503 βασανίσαι

2038 3442 2113 3511 pti
2126 3441 2350 3505 illi,cum
2374 3441 2662 3496 invisibilis
2677 3441 2903 3495 ﬂammae
2919 3446 3188 3495 tormenta
3201 3440 3340 3494 ferre
3355 3454 3462 3494 non
3475 3454 3601 3510 pos-

377 3522 521 3593 ἡμᾶς
548 3538 562 3587 ;
598 3521 832 3593 Οἴδαμεν
869 3539 927 3575 σε
951 3522 1033 3585 τίς
1063 3517 1145 3575 εἴ·
1177 3524 1204 3576 6
1233 3522 1386 3592 ἀγιος
1420 3522 1513 3575 τοῦ
1544 3522 1698 3577 Θεοῦ.
1739 3542 1761 3575 ι
1797 3521 1936 3574 Τού-

2038 3536 2179 3594 sent,
2198 3529 2266 3585 de
2277 3530 2532 3586 humanis
2557 3529 2876 3600 corporibus
2887 3528 3231 3594 recedebant,
3251 3528 3490 3598 illudque
3517 3528 3602 3597 ip-

376 3628 499 3676 τους
525 3612 582 3665 δὲ
619 3613 849 3683 μάλιστα
892 3612 1127 3683 ᾐκίζετο,
1170 3614 1264 3666 καὶ
1303 3613 1430 3676 τοὺς
1462 3614 1554 3667 ἐπὶ
1597 3612 1799 3666 τούτων
1840 3612 1938 3683 ἀρ-

2038 3635 2157 3675 sum
2185 3635 2292 3689 quo
2312 3620 2528 3675 interim
2560 3620 2946 3675 cohibebantur
2972 3629 3136 3690 atque
3165 3619 3597 3688 impellebantur,

378 3720 567 3774 χοντας
601 3704 847 3776 καθῄρει,
877 3705 979 3771 ὅτι,
1018 3705 1090 3776 μὴ
1119 3705 1476 3776 ἀρκεσθέντες
1512 3707 1576 3776 τῇ
1609 3705 1716 3757 τῶν
1739 3704 1937 3758 λοιπῶν

377 3795 544 3849 ἐθνῶν
570 3795 853 3868 διαφθορᾷ,
890 3797 955 3849 δι’
983 3791 1051 3868 ἧς
1076 3798 1201 3859 τοὺς
1223 3796 1427 3860 πάντας
1452 3797 1532 3859 είς
1561 3796 1659 3866 τὴν
1682 3793 1936 3849 πολύθεον

377 3884 582 3954 πλάνην
611 3885 1103 3956 καταϐεϐλήκεσαν,
1125 3887 1219 3938 καὶ
1238 3884 1316 3954 τῷ
1338 3884 1502 3938 πάλαι
1522 3883 1615 3937 τοῦ
1643 3884 1778 3938 Θεοῦ
1802 3884 1934 3953 λαῷ,

376 3973 524 4045 αὐτῷ
568 3975 631 4046 δὴ
676 3975 752 4045 τῷ
784 3977 848 4029 ἐκ
890 3977 1208 4047 περιτομῆς,
1256 3974 1793 4039 ἐπιϐεϐουλεύκεσαν,
1843 3975 1937 4029 καὶ

376 4067 779 4137 ἀποστήσαντες
801 4084 866 4135 γε
900 4067 993 4121 τοῦ
1026 4066 1158 4121 Θεοῦ
1184 4069 1276 4122 καὶ
1304 4067 1491 4122 τοῦτον
1532 4070 1808 4134 παντοίαις
1840 4088 1936 4123 πε-

381 4157 626 4229 ριέϐαλον
651 4156 1007 4222 δυσσεϐείαις.
1046 4158 1136 4213 Διὸ
1159 4161 1251 4213 καὶ
1280 4160 1512 4231 μάλιστα
1545 4162 1643 4232 τὴν
1675 4161 1733 4229 ἐξ
1770 4164 1937 4234 οὐρα-

2036 3724 2147 3780 prae
2163 3725 2221 3763 se
2237 3709 2485 3764 ferebant
2497 3725 2691 3781 magna
2704 3724 2835 3764 voce
2850 3709 3146 3764 clamantes
3163 3726 3177 3764 :
3198 3726 3217 3760 ι
3231 3707 3348 3772 Eia,
3366 3707 3498 3778 quid
3508 3721 3602 3764 no-

2036 3801 2121 3856 bis
2137 3807 2190 3854 et
2209 3800 2326 3863 tibi,
2346 3799 2447 3854 Fili
2462 3799 2581 3855 Dei?
2594 3800 2786 3854 venisti
2805 3807 2931 3854 ante
2953 3807 3165 3868 tempus
3179 3807 3433 3869 torquere
3458 3813 3560 3855 nos
3576 3799 3602 3854 2

2037 3891 2299 3947 Novimus
2329 3900 2400 3956 te,
2425 3892 2549 3962 quis
2581 3892 2658 3947 sis
2679 3931 2696 3958 ,
2747 3899 2968 3946 sanctus
3002 3889 3098 3945 Dei
3126 3890 3190 3944 5'.
3236 3909 3258 3940 ι
3294 3888 3403 3944 Hos
3435 3890 3601 3959 igitur

2038 3983 2274 4038 maxime
2297 3983 2633 4049 verberabat,
2655 3983 2957 4051 horumque
2982 3981 3255 4053 principes
3275 3980 3554 4036 auferebat
3581 4000 3594 4037 :

2037 4077 2294 4147 quoniam
2324 4092 2434 4131 non
2462 4077 2597 4132 satis
2629 4075 2890 4130 habentes
2918 4074 3062 4145 quod
3100 4074 3334 4145 reliquas
3349 4072 3600 4130 nationes

2039 4169 2441 4239 corrupissent,
2472 4175 2863 4238 corruptasque
2912 4168 2970 4222 in
3016 4181 3257 4222 errorem
3304 4166 3599 4236 compulis-

381 4246 489 4302 νῶν
520 4248 781 4320 πεποίητο
812 4250 841 4301 6
872 4248 1072 4322 Κύριος
1113 4250 1356 4306 κάθοδον.
1394 4253 1554 4308 Ὅθεν
1596 4253 1722 4325 ἑξῆς
1765 4272 1897 4326 φησι
1921 4272 1934 4286 ⁸

384 4357 404 4391 ‹
451 4339 548 4393 Διά
596 4339 695 4411 τὴν
741 4341 991 4395 ἀσέϐειαν
1045 4342 1237 4396 Ἰακὼϐ
1265 4343 1440 4398 πάντα
1486 4345 1676 4410 ταῦτα,
1732 4349 1825 4400 καὶ
1870 4347 1939 4400 δι’

2039 4269 2180 4324 sent,
2211 4276 2321 4332 quo
2371 4260 2504 4315 deos
2536 4259 2722 4329 plures
2757 4258 3018 4322 colerent,
3045 4258 3269 4328 antiquo
3310 4257 3475 4313 etiam
3520 4258 3598 4313 illi

2039 4352 2134 4410 Dei
2164 4354 2385 4423 populo,
2429 4351 2523 4422 qui
2554 4350 2991 4406 circumcisionis
3024 4364 3180 4406 usum
3216 4351 3487 4416 servabat,
3514 4351 3599 4406 in-

378 4431 648 4502 ἁμαρτίαν
675 4431 822 4486 οῐκου
859 4433 1100 4505 Ἰσραήλ’
1141 4454 1159 4487 ι
1193 4436 1302 4490 Καὶ
1329 4435 1408 4489 ἔτι
1443 4436 1576 4508 πρὸς
1606 4436 1813 4502 τούτοις
1839 4438 1938 4510 τῆς

2041 4449 2228 4506 sidiari
2255 4452 2553 4519 coeperant,
2581 4444 2834 4516 huncque
2863 4455 3167 4501 avertentes
3196 4460 3228 4499 a
3257 4444 3388 4510 Deo,
3420 4446 3598 4501 omnis

378 4522 438 4589 ἐξ
470 4524 697 4595 ούρανοῦ
736 4524 962 4579 καθόδου
1000 4524 1091 4579 τοῦ
1126 4527 1299 4595 Λόγου
1329 4529 1427 4600 τὴν
1453 4528 1630 4583 αίτίαν
1665 4528 1789 4602 ὲξῆς
1826 4531 1938 4585 δια-

2041 4541 2254 4613 generis
2303 4541 2671 4611 impietatibus
2719 4540 3151 4609 implicaverant.‘
3197 4538 3378 4606 Quare
3433 4539 3597 4592 etiam

380 4616 559 4683 σαφεῖ,
601 4615 693 4668 τοῦ
739 4616 836 4686 μὲν
868 4618 933 4669 ἐκ
978 4618 1276 4689 περιτομῆς
1313 4619 1442 4673 λαοῦ
1485 4619 1584 4684 τὰς
1625 4621 1936 4686 δυσσεϐείας

2040 4634 2276 4687 maxime
2306 4632 2375 4688 de
2400 4633 2541 4686 coelo
2566 4629 2848 4686 descendit
2894 4628 3192 4697 Dominus,
3237 4646 3306 4686 ex
3358 4644 3469 4700 quo
3523 4629 3599 4682 ait

379 4703 881 4776 ἀπαριθμούμενος,
923 4708 1016 4760 καὶ
1062 4708 1152 4761 τὸν
1202 4710 1293 4763 ἐπὶ
1338 4710 1562 4776 ταύταις
1615 4712 1936 4784 μετελθόντα

2040 4721 2332 4791 deinceps:
2370 4739 2391 4772 «η
2430 4720 2657 4791 Propter
2691 4721 3020 4791 impietatem
3052 4718 3219 4776 Jacob
3249 4722 3432 4776 omnia
3459 4720 3593 4782 lucc,

376 4796 572 4859 αὐτοὺς
611 4795 845 4868 ὄλεθρον,
880 4797 987 4851 τῶν
1030 4796 1085 4852 δὲ
1120 4798 1222 4854 ἀνά
1250 4803 1430 4855 πᾶσαν
1471 4804 1572 4874 τὴν
1614 4805 1938 4877 οἰκουμένην

2039 4819 2095 4867 et
2122 4819 2340 4881 propter
2368 4820 2650 4880 peccatum
2670 4808 2865 4865 domus
2888 4809 3074 4866 Israel.
3113 4829 3133 4862 ι
3163 4809 3246 4864 Ad
3277 4810 3410 4873 haec,
3433 4806 3597 4862 Verbi

377 4886 541 4940 ἐθνῶν
594 4890 995 4958 προαναφωνῶν
1047 4890 1145 4962 τὴν
1193 4891 1399 4963 κλῆσιν.
1464 4895 1564 4948 Διά
1604 4895 1777 4949 ταῦτα
1828 4897 1936 4969 γάρ

2038 4905 2201 4959 etiam
2232 4902 2299 4958 de
2325 4903 2463 4957 caelo
2492 4901 2790 4959 descensus
2814 4917 3038 4959 causam
3068 4902 3322 4971 deinceps
3351 4900 3593 4970 exponit,

377 4977 635 5049 ἐπεδήμει
662 4981 691 5032 6
719 4979 812 5032 τοῦ
841 4979 975 5033 Θεοῦ
1003 4981 1172 5050 Λόγος
1202 4982 1262 5048 ἐξ
1283 4985 1525 5056 οὐρανῶν
1554 4988 1647 5041 ἐπὶ⁵
1676 4991 1807 5059 γῆς·
1837 4991 1937 5043 καὶ

2039 4995 2131 5051 ubi
2167 4995 2342 5065 ipsius
2370 4993 2583 5050 Iudaici
2620 4997 2803 5066 populi
2838 4996 3139 5066 impietates
3176 4993 3336 5064 273
3381 5007 3594 5048 connu-

374 5069 483 5125 τῶν
509 5087 574 5139 γε
617 5069 811 5134 λέξεων
858 5073 1055 5128 ἀκουεο
1102 5093 1120 5126 ι
1144 5077 1221 5129 Δι’
1259 5076 1509 5130 ἀσέϐειαν
1549 5078 1697 5132 οἴκου
1743 5079 1937 5133 Ἰακὼϐ

2038 5097 2231 5151 merat,
2246 5093 2300 5142 et
2333 5087 2423 5141 ubi
2449 5095 2571 5157 post
2599 5087 2902 5158 impietates
2927 5102 3074 5149 eum,
3097 5087 3190 5156 qui
3213 5085 3363 5154 ipsos
3388 5084 3597 5140 invase-

378 5160 552 5215 πάντα
573 5161 763 5224 ταῦτα,
800 5164 893 5216 καὶ
923 5163 990 5216 δι’
1017 5166 1287 5237 ἁμαρτίαν
1315 5167 1466 5222 οῖκου
1503 5170 1737 5241 Ἰσραήλ.
1772 5170 1868 5234 Τίς
1902 5172 1935 5241 ἡ

2038 5185 2140 5242 rat,
2167 5179 2467 5241 interitum,
2499 5193 2564 5233 ac
2592 5181 2833 5248 gentium
2882 5194 2981 5248 per
3018 5186 3188 5231 totum
3218 5175 3403 5231 orbem
3433 5190 3597 5231 voca-

378 5253 598 5308 ἀσέϐεια
663 5252 811 5308 οἴκου
867 5254 1091 5322 Ἰακὼϐ;
1128 5257 1207 5310 ·ού
1252 5260 1568 5332 Σαμάρεια;
1621 5263 1715 5316 καὶ
1757 5262 1841 5326 τίς
1899 5264 1932 5333 ἡ

2038 5269 2240 5323 tionem
2276 5267 2542 5323 enuntiat.
2582 5267 2872 5339 Propterea
2894 5271 3037 5323 enim
3057 5268 3124 5322 de
3150 5266 3289 5322 ccelo
3317 5266 3371 5320 in
3397 5275 3594 5321 terram

377 5348 621 5420 ἁμαρτία
653 5347 802 5402 οἴκου
837 5348 1032 5414 Ἰούδας
1064 5351 1184 5423 οὐχὶ
1225 5353 1605 5426 Ἱερουσαλήμ;
1634 5356 1742 5408 Καὶ
1774 5354 1936 5426 θήσο-

2042 5357 2135 5414 Dei
2160 5356 2394 5413 Verbum
2426 5356 2725 5428 profectum
2754 5367 2870 5424 est;
2901 5359 2997 5413 sed
3020 5358 3180 5413 verba
3206 5358 3331 5411 audi
3356 5379 3371 5412 :
3412 5374 3432 5409 ι
3461 5355 3596 5411 Pro-

381 5458 479 5515 μαι
515 5442 824 5514 Σαμάρειαν
874 5444 954 5507 είς
1013 5446 1453 5517 όπωροφυλάκιον
1492 5448 1659 5521 ἀγροῦ
1718 5450 1810 5502 καὶ
1853 5452 1933 5514 είς

2039 5459 2156 5519 pter
2187 5450 2515 5519 impietatem
2549 5447 2717 5505 Jacob
2746 5448 2926 5503 omnia
2980 5449 3113 5511 haec,
3138 5456 3191 5503 et
3225 5456 3443 5518 propter
3472 5463 3605 5518 pec-.r

380 5532 596 5601 φυτείαν
635 5533 985 5605 ἀμπελῶνος,
1015 5536 1108 5589 καὶ
1136 5540 1470 5593 κατασπάσω
1510 5542 1589 5603 εἰς
1633 5541 1761 5611 χάος
1807 5543 1932 5604 τοὺς

2038 5553 2218 5597 catum
2246 5542 2438 5598 domus
2476 5542 2664 5598 Israel.
2693 5540 2822 5606 Quae
2863 5540 3111 5609 impietas
3154 5539 3364 5596 Jacob?
3406 5540 3597 5595 Nonne

376 5624 555 5689 λίθους
598 5626 785 5698 αὐτῆς,
822 5628 913 5680 καὶ
955 5628 1024 5682 τὰ
1051 5626 1272 5701 θεμέλια
1316 5631 1481 5703 αὐτῆς
1524 5633 1873 5703 ἀποκαλύψω.
1905 5652 1925 5684 ι

2043 5633 2329 5688 Samaria?
2359 5633 2425 5688 Et
2457 5632 2601 5704 quod
2636 5640 2913 5703 peccatum
2947 5631 3124 5687 Juda?
3150 5631 3340 5689 Nonne
3373 5632 3598 5689 Jerusa-

450 5781 495 5813 “
527 5781 714 5839 Matth.
740 5799 814 5850 Iv,
845 5787 915 5853 8;
952 5784 1115 5841 Marc.
1156 5803 1193 5853 ι,
1228 5788 1314 5842 lii.
1392 5788 1433 5819 δι
1462 5786 1594 5843 Luc.
1625 5804 1722 5858 xu,
1759 5789 1845 5845 49.
1925 5791 1938 5821 ε

2038 5787 2188 5844 lattb.
2216 5804 2337 5851 vut,
2365 5789 2463 5843 29.
