4110 6416
494 370 598 425 ιὸὅ

1122 369 1387 428 EUSEBII
1425 365 1900 424 CIESARIENSIS
1935 364 2085 421 ΟΡΡ.
2127 363 2305 419 ΡΑΒὸ
2337 364 2401 420 ΙΙ.
2434 397 2502 406 -
2537 366 3029 424 APOLOGETICA.

3605 366 3711 424 456

494 483 634 538 lem?
658 481 725 536 Et
756 498 950 552 ponam
985 482 1283 537 Samariam
1330 483 1385 536 in
1419 496 1700 552 pomorum
1749 478 2040 535 custodiam

2156 480 2265 532 Kal
2296 479 2564 549 ἐπιλέγει·
2592 499 2612 532 α
2646 480 2862 553 Κατέόη
2885 481 3030 536 κακὰ
3061 481 3210 552 παρά
3248 480 3452 553 Κυρίου
3483 483 3576 536 ἐπὶ⁵
3606 488 3711 537 πυ-

493 575 551 628 ln
587 589 736 645 agro,
770 584 823 629 et
858 576 910 628 in
945 575 1325 644 plantationem
1357 575 1544 638 vinea,
1576 581 1632 629 et
1677 572 1957 627 detraham
1996 570 2052 624 in

490 664 814 733 profundum
850 665 1052 734 lapides
1084 665 1201 733 ejus
1223 704 1239 729 ,
1282 674 1337 719 et
1385 663 1737 719 fundamenta
1771 662 1891 732 ejus
1922 677 2053 732 ape-

488 757 624 810 riam
663 756 726 809 '3.
778 775 797 808 ι
834 755 901 809 Et
948 755 1191 826 adjungit
1229 774 1242 809 :
1300 773 1324 807 ι
1387 754 1791 812 Descenderunt
1842 756 1981 810 mala
2019 771 2050 811 a

488 845 715 900 Domino
745 861 910 915 super
949 857 1133 915 portas
1158 844 1454 902 Jerusalem
1481 887 1497 911 ,
1549 846 1761 902 sonitus
1789 862 2047 903 curruum

486 943 539 989 et
569 936 931 1005 equitantium
966 936 1033 991 “.
1086 954 1106 987 ι
1150 936 1216 990 Et
1245 953 1437 993 rursus
1462 953 1481 990 :
1516 955 1536 989 ι
1592 937 1774 992 Gloria
1807 938 1930 997 ﬁliae
1958 938 2049 995 Je-

485 1028 743 1091 rusalem,
768 1029 898 1082 rade
929 1038 983 1084 et
1010 1029 1171 1084 tonde
1198 1045 1364 1099 super
1404 1029 1545 1085 ﬁlios
1572 1031 1835 1087 delicatos
1884 1040 2007 1086 tuos
2028 1072 2045 1097 ,

483 1121 649 1175 dilata
687 1118 1011 1174 viduitatem
1045 1128 1190 1175 tuam
1232 1123 1373 1175 sicut
1414 1122 1594 1192 aquila
1620 1163 1634 1186 ,
1660 1122 1918 1193 quoniam
1953 1137 2047 1178 ca-

485 1211 619 1280 ptivi
652 1209 800 1264 ducti
852 1218 1071 1266 suntex
1113 1218 1165 1265 te
1193 1212 1258 1267 ".
1302 1230 1320 1262 ι
1355 1211 1435 1265 Ad
1467 1214 1619 1268 haec:
1664 1231 1684 1265 ι
1726 1212 1859 1267 Sion
1888 1213 2046 1283 quasi

491 1314 622 1369 ager
649 1300 911 1361 arabitur.
943 1308 996 1355 et
1022 1297 1344 1363 Jerusalem,
1365 1300 1520 1370 quasi
1540 1315 1829 1370 pomorum
1861 1308 2049 1358 custo-

481 1392 570 1447 dia
596 1392 718 1455 erit,
747 1399 800 1447 et
825 1407 981 1446 mons
1010 1392 1205 1447 domus
1229 1393 1283 1446 in
1329 1393 1508 1446 lucum
1544 1392 1712 1447 silvae.
1747 1393 1793 1423 “
1825 1413 1844 1446 ι
1877 1391 2047 1448 Porro

484 1484 636 1552 haec,
686 1485 816 1539 Sion
866 1491 922 1538 et
980 1482 1278 1538 Jerusalem
1331 1492 1385 1540 et
1434 1485 1580 1554 quod
1633 1492 1859 1540 vocatur
1888 1501 2045 1543 mons

480 1576 699 1639 domus,
720 1574 810 1627 illa
831 1573 948 1643 ipsa
974 1582 1120 1636 sunt,
1143 1588 1262 1642 quae
1285 1573 1438 1643 prius
1458 1572 1761 1643 signiﬁcata
1788 1582 1917 1627 sunt
1936 1573 2045 1628 illis

479 1664 663 1719 verbis
688 1684 701 1720 :
741 1682 762 1714 ο
801 1664 867 1717 Ει
895 1663 1379 1718 commovebuntur
1402 1672 1613 1720 montes
1648 1664 1835 1719 subter
1858 1680 1924 1719 eo
1944 1707 1959 1730 ,
1991 1671 2046 1719 et

481 1756 651 1810 valles
693 1756 993 1825 liquesccnt
1026 1757 1167 1810 sicut
1195 1771 1319 1811 cera
1367 1770 1397 1809 a
1431 1755 1569 1811 facie
1601 1756 1743 1827 ignis
1766 1796 1781 1822 ,
1824 1763 2045 1826 propter

481 1847 811 1916 impietatem
842 1845 1031 1913 Iacob,
1070 1866 1089 1899 ι
1115 1855 1169 1902 et
1200 1854 1417 1902 caetera.
1440 1846 1573 1901 Nam
1609 1854 1829 1917 propter
1856 1847 2043 1916 impie-

474 1936 624 1991 tates
648 1951 783 2007 quas
813 1948 999 1991 contra
1025 1938 1200 2007 ipsum
1227 1946 1531 2009 gesserunt,
1556 1937 1701 1992 illico
1722 1952 1896 2008 neque
1911 1952 2040 1993 sane

483 2029 652 2081 multo
678 2035 820 2098 post,
859 2037 914 2083 et
944 2036 1179 2092 montes,
1211 2037 1267 2084 et
1302 2029 1397 2098 qui
1448 2029 1505 2083 in
1534 2029 1643 2085 illis
1684 2028 2038 2095 habitabant,

479 2120 788 2190 depopulati
817 2128 965 2185 sunt,
992 2121 1414 2191 incendiumque
1441 2129 1603 2192 atque
1630 2129 1928 2177 extremam
1951 2138 2041 2179 so-

479 2210 762 2266 litudinem
808 2226 966 2267 mons
996 2209 1128 2266 Sion
1172 2212 1393 2281 pertulit
1418 2229 1433 2266 :
1464 2220 1519 2267 et
1567 2210 1745 2266 factus
1770 2219 1853 2266 est
1882 2227 2040 2268 mons

477 2301 669 2357 domus
693 2301 784 2358 Dei
809 2304 863 2357 in
897 2303 1075 2359 lucum
1107 2304 1275 2359 silvae.
1310 2302 1436 2358 Hac
1466 2303 1611 2358 enim
1643 2303 1701 2357 in
1734 2302 1946 2359 Domini
1972 2301 2042 2359 de

475 2392 615 2446 casio
640 2392 908 2448 descensu
955 2393 1023 2447 ad
1067 2393 1188 2448 illos
1232 2402 1496 2457 ventura,
1539 2409 1781 2463 praesens
1823 2409 2041 2465 quoque

476 2482 775 2552 prophetia.
796 2481 1096 2554 signiﬁcat,
1143 2498 1264 2553 quae
1300 2485 1465 2539 etiam
1495 2484 1798 2540 evidentem
1831 2485 2039 2539 exitum

474 2584 768 2631 consecuta
801 2582 929 2631 sunt
959 2584 1080 2645 post
1128 2574 1427 2633 Salvatoris
1459 2578 1632 2632 nostri
1661 2576 1791 2633 Jesu
1832 2576 2039 2633 Christi

477 2667 790 2724 adventum.
821 2665 976 2732 Quod
999 2668 1047 2722 si
1069 2667 1366 2738 quidquam
1406 2676 1595 2723 nostra
1622 2683 1838 2737 quoque
1868 2668 2039 2723 histo-

475 2757 556 2810 ria
586 2758 746 2821 valet,
777 2759 981 2813 nostris
1010 2758 1252 2828 ipsorum
1284 2758 1620 2829 temporibus
1642 2799 1658 2823 ,
1715 2760 1861 2813 illam
1892 2759 2036 2813 anti-

475 2849 660 2919 quitus
695 2849 1026 2906 celebratam
1064 2849 1194 2905 Sion
1226 2849 1433 2919 junctis
1478 2851 1654 2906 bobus
1694 2866 1724 2904 a
1778 2849 2037 2907 Romanis

474 2941 607 2998 viris
639 2942 805 3007 arari,
833 2942 1015 2998 oculis
1039 2942 1245 2998 nostris
1276 2943 1634 3012 inspeximus,
1656 2953 1710 2999 et
1747 2944 1917 3013 ipsam
1947 2942 2038 3000 Je-

475 3034 734 3092 rusalem.
763 3033 1220 3103 quemadmodum
1252 3033 1427 3104 ipsum
1469 3034 1572 3088 hoc
1601 3036 1676 3089 ait
1716 3034 2032 3099 oraculum,

475 3125 647 3180 instar
674 3139 952 3194 pomorum
978 3123 1240 3180 custodiae
1259 3126 1510 3191 desertae,
1536 3127 1603 3181 ad
1632 3134 1926 3182 extremam
1948 3143 2035 3182 re-

2153 568 2251 632 λας
2288 570 2664 643 Ἰερουσαλὴμ,
2692 571 2860 642 ψόφος
2882 573 3147 642 ἁρμάτων
3186 574 3280 626 xal
3304 572 3654 627 ἱππευόντων.
3684 591 3705 626 ι

2151 662 2258 715 Kal
2300 658 2490 726 αὖθιςο
2529 681 2548 713 ι
2595 664 2662 716 Ἦ
2703 661 2827 725 δόξα
2873 665 2972 733 τῆς
3021 662 3285 735 θυγατρὸς
3321 664 3708 741 Ἰερουσαλῂμ,

2151 749 2383 821 ξύρησαι
2415 753 2509 804 καὶ¹
2557 755 2734 823 κεῖραι
2775 752 2870 804 ἐπὶ
2908 751 2978 804 τὰ
2999 753 3165 806 τέκνα
3191 751 3261 805 τά
3305 753 3550 825 τρυφερά
3577 769 3706 808 σου*

2148 842 2486 911 ἐμπλάτυνον
2513 843 2610 914 τὴν
2644 843 2864 914 χηρείαν
2891 861 3006 906 σου,
3034 844 3109 907 ὼς
3129 844 3303 908 ἀετὸς,
3341 845 3423 897 ὅτι
3450 845 3711 916 ᾐχμαλω-

2147 933 2415 1005 τεύθησαν
2453 936 2562 989 ἀπὸ
2590 936 2705 990 σοῦ.
2736 957 2754 988 ι
2792 937 2917 990 Ἐπὶ
2944 938 3183 1001 τούτοιςο
3225 957 3243 989 ι
3269 936 3406 992 Σιὼν
3438 939 3514 1003 ὡς
3539 939 3711 1011 ἀγρὸς

2148 1026 2617 1099 ἀροτριαθήσεται,
2655 1029 2747 1082 καὶ
2786 1028 3135 1101 Ἰερουσαλὴμ
3159 1028 3235 1093 ὡς
3263 1029 3710 1101 ὀπωροφυλάκιον

2146 1117 2316 1181 ἔσται,
2342 1121 2436 1172 καὶ
2459 1119 2520 1172 τὸ
2544 1120 2666 1192 ὅρος
2696 1121 2791 1175 τοῦ
2811 1120 2965 1175 οἴκου
2989 1123 3070 1185 εἰς
3089 1122 3248 1185 ἄλσος
3266 1122 3488 1193 δρυμοῦ.
3523 1143 3543 1175 ι
3570 1123 3709 1177 Σιὼν

2145 1210 2202 1263 δὲ
2249 1212 2343 1265 καὶ
2388 1211 2738 1284 Ἰερουσαλὴμ
2802 1215 2896 1268 καὶ
2940 1214 3002 1268 τὸ
3051 1215 3380 1286 καλούμενον
3424 1215 3549 1288 ὄρος
3608 1216 3705 1269 τοῦ

2145 1298 2315 1365 οἴκου,
2356 1301 2510 1357 ταῦτ’
2547 1298 2615 1373 ἦν
2654 1306 2834 1358 ἐκεῖνα
2861 1304 2930 1358 τά
2959 1305 3191 1377 πρόσθεν
3231 1306 3565 1377 δεδηλωμένα
3616 1305 3707 1359 διὰ

2144 1392 2237 1446 τοῦ
2255 1411 2267 1422 ·
2300 1413 2318 1444 ι
2345 1396 2457 1449 Kal
2483 1396 2899 1467 σαλευθήσονται
2922 1396 2991 1451 τά
3016 1398 3118 1469 ὅρη
3147 1399 3487 1453 ὑποκάτωθεν
3512 1399 3703 1463 αὐτοῦ,

2145 1483 2239 1536 καὶ
2257 1486 2312 1537 at
2345 1486 2586 1550 κοιλάδες
2610 1491 2934 1559 τακησονται
2960 1490 3035 1552 ὡς
3075 1489 3244 1560 κηρὸς
3272 1487 3380 1542 ἀπὸ
3410 1489 3704 1561 προσώπου

2146 1574 2334 1645 πυρὸς,
2369 1575 2437 1627 δι’
2476 1577 2726 1631 ἀσέϐειαν
2759 1578 2966 1633 Ἰακώϐ.
2996 1599 3015 1631 ι
3049 1579 3147 1632 Διά
3176 1580 3285 1651 γὰρ
3316 1578 3415 1642 τὰς
3452 1579 3704 1650 δρασθεί-

2147 1681 2242 1727 σας
2276 1665 2395 1718 κατ’
2425 1666 2588 1720 αὐτοῦ
2625 1667 2938 1731 δυσσεϐείας
2972 1668 3163 1733 εὐθὺς,
3205 1670 3305 1723 καὶ
3342 1669 3440 1723 οὐκ
3481 1672 3559 1733 είς
3599 1686 3706 1741 μα-

2145 1756 2298 1827 κρὸν,
2319 1758 2412 1810 καὶ
2438 1757 2506 1810 τά
2534 1757 2656 1830 δρη,
2685 1758 2779 1811 καὶ
2803 1759 2852 1811 οί
2888 1759 2945 1810 ἐν
2974 1758 3182 1822 τούτοις
3207 1757 3477 1822 οἰκοῦντες
3501 1761 3702 1813 ἐπεπο-

2073 1818 2117 1877 B
2144 1818 2460 1919 λίόρκηντο,
2499 1818 2821 1921 ἐμπρησμόν
2855 1867 2915 1904 τε
2966 1852 3060 1904 καὶ
3100 1818 3333 1921 ἐσχάτην
3371 1818 3605 1922 ἐρημίαν
3640 1850 3707 1904 τὸ

2146 1939 2281 1993 Σιὼν
2319 1941 2443 2011 ὅρος
2484 1942 2763 2013 ὑπέμεινε,
2798 1942 2892 1996 καὶ
2924 1943 3112 2011 γέγονε
3147 1944 3209 1996 τὸ
3259 1944 3384 2015 ὅρος
3425 1942 3523 1996 τοῦ
3553 1944 3705 1996 οἴκου

2140 2029 2232 2082 τοῦ
2260 2029 2392 2082 Θεοῦ
2425 2031 2505 2095 είς
2541 2032 2700 2096 ἄλσος
2738 2032 2961 2104 δρυμοῦ.
3003 2032 3187 2087 Ταῦτα
3226 2034 3322 2104 μὲν
3354 2030 3448 2086 οὖν
3497 2033 3592 2085 ἐπὶ
3637 2035 3702 2104 τῇ

2139 2119 2231 2172 τοῦ
2247 2120 2450 2193 Κυρίου
2478 2121 2536 2185 ἐξ
2555 2121 2801 2192 οὐρανῶν
2824 2123 3032 2195 καθόδῳ
3054 2123 3181 2194 περὶ
3198 2123 3436 2186 ἐκείνους
3459 2122 3698 2187 ἔσεσθαι,

2140 2211 2235 2264 καὶ
2273 2213 2306 2281 ἡ
2361 2211 2609 2282 παροῦσα
2649 2215 2949 2284 προφητεία
2989 2216 3275 2284 σημαίνει,
3305 2215 3342 2269 ἀ
3376 2216 3469 2268 καὶ
3498 2217 3695 2286 ἐναργῆ

2138 2301 2234 2373 τὴν
2284 2300 2505 2356 ἔκϐασιν
2558 2303 2745 2374 εἴληφε
2793 2303 2935 2375 μετά
2979 2305 3077 2376 τὴν
3118 2305 3213 2358 τοῦ
3257 2306 3505 2378 Σωτῆρος
3542 2304 3698 2377 ἡμῶν

2154 2390 2326 2463 Ἰησοῦ
2355 2391 2591 2464 Χριστοῦ
2629 2394 2949 2465 παρουσίαν.
2968 2396 3032 2447 Et
3055 2394 3183 2459 γοῦν
3208 2412 3261 2448 τι
3285 2394 3508 2448 δύναται
3544 2393 3637 2448 xal
3661 2395 3700 2465 ἡ

2139 2483 2378 2557 ἡμετέρα
2409 2483 2637 2555 ἱστορία,
2665 2484 2786 2537 καθ’
2819 2486 2965 2556 ἡμᾶς
2987 2485 3183 2549 αὐτοὺς
3217 2486 3315 2556 τὴν
3357 2486 3525 2540 πάλαι
3564 2484 3702 2555 βοω-

2143 2574 2306 2646 μένην
2366 2574 2504 2628 Σιὼν
2553 2574 2768 2645 ζεύγεσι
2818 2575 2953 2646 βοῶν
3000 2577 3105 2629 ὐπὸ
3166 2576 3448 2647 Ῥωμαίων
3490 2574 3700 2646 ἀνδρῶν

2138 2666 2443 2737 ἀρουμένην
2508 2662 2801 2738 ὀφθαλμοῖς
2852 2666 3295 2739 παρειλήφαμεν,
3355 2669 3447 2720 καὶ
3487 2670 3587 2737 τήν
3633 2682 3699 2734 γε

2150 2758 2518 2830 Ἰερουσαλὴμ,
2539 2759 2615 2823 ὡς
2636 2759 2765 2812 αὐτό
2792 2761 2855 2828 γέ
2884 2777 3013 2831 φησι
3043 2760 3103 2813 τὸ
3124 2760 3315 2828 λόγιον,
3342 2758 3696 2830 ὀπωροφύλα-

2138 2854 2255 2906 κίου
2298 2853 2451 2925 δίκην
2485 2852 2928 2921 ἀπολειφθέντος,
2966 2856 3024 2908 ἐν
3060 2854 3307 2909 παντελεῖ
3344 2852 3691 2905 καταστᾶσαν

2137 2945 2365 3015 ἐρημίᾳ·
2400 2944 2437 2998 ἃ
2468 2946 2561 2998 καὶ
2585 2944 2651 2998 δι’
2675 2944 2825 2998 οὐδὲν
2848 2946 3031 3017 ἕτερον
3057 2948 3237 3007 αὐτοῖς
3268 2945 3301 3013 ἢ
3326 2944 3410 2997 διὰ
3432 2943 3529 3006 τὰς
3564 2943 3692 2996 δυσ-

2138 3035 2351 3099 σεϐείας
2377 3036 2554 3090 αὐτῶν
2588 3037 2916 3109 συμϐέϐηκε,
2940 3040 3032 3092 καὶ
3062 3041 3090 3091 6
3115 3038 3283 3107 Λόγος
3310 3041 3339 3091 6
3358 3037 3605 3109 οὐράνιος
3631 3038 3697 3088 ἐκ

2135 3129 2227 3182 τοῦ
2244 3129 2444 3181 οίκείου
2467 3129 2630 3182 τόπου
2654 3130 3004 3201 προελήλυθε.
3019 3129 3126 3183 Kal
3141 3129 3205 3182 δι’
3234 3130 3425 3201 ἐτέρας
3444 3128 3500 3180 δὲ
3521 3128 3697 3190 αἰτίας

473 3214 686 3268 daetam
724 3215 1095 3279 solitudinem,
1118 3232 1238 3286 qua:
1270 3216 1485 3286 quidem
1516 3217 1586 3272 ob
1607 3218 1741 3272 nihil
1763 3217 1908 3272 aliud
1932 3218 2032 3282 eis,

2140 3220 2165 3271 6
2200 3218 2294 3272 τοῦ
2328 3220 2462 3274 Θεοῦ
2511 3223 2680 3291 Λόγος
2730 3221 3015 3293 οὐρανόθεν
3054 3219 3470 3291 κατεληλυθέναι
3501 3236 3559 3272 τε
3605 3217 3701 3271 καὶ

474 3320 634 3376 quam
668 3315 889 3377 propter
922 3307 1226 3378 impietates
1256 3309 1498 3379 ipsorum
1536 3324 1792 3374 evenere,
1819 3318 2038 3381 pr0pter

473 3411 611 3465 quas
637 3397 801 3451 etiam
828 3398 1049 3454 caeleste
1096 3400 1326 3454 Verbum
1373 3400 1440 3454 de
1479 3416 1580 3456 suo
1608 3402 1729 3456 loco
1783 3417 2038 3473 progress-

475 3502 594 3541 sum
618 3496 717 3542 est.
742 3482 823 3542 Ob
856 3488 997 3543 alias
1020 3504 1148 3543 vero
1180 3504 1375 3544 causas
1404 3488 1497 3543 Dei
1535 3488 1770 3545 Verbum
1800 3489 1868 3545 de
1895 3491 2036 3544 cmlo

473 3588 529 3635 et
557 3580 905 3637 descendisse
926 3589 1156 3653 et‘super
1176 3584 1488 3638 altitudines
1512 3591 1673 3638 terra:
1698 3585 2033 3654 pervenisse,

474 3673 626 3742 prius
652 3672 763 3740 jam
791 3673 995 3728 dictum
1026 3681 1129 3738 est,
1153 3674 1340 3745 utique
1363 3675 1526 3745 utqui
1551 3675 1679 3729 olim
1701 3676 2037 3731 extolleban-

472 3774 583 3830 tur,
616 3774 670 3821 et
702 3765 866 3839 274
894 3766 949 3821 in
987 3768 1221 3823 sublime
1259 3768 1604 3837 erigebantur
1645 3768 1905 3824 adversus
1943 3785 2037 3824 co-

471 3858 767 3928 gnitionem
797 3857 891 3913 Dei
924 3868 1165 3920 montes,
1219 3867 1694 3914 commoverentur
1746 3860 1934 3915 subter
1970 3876 2037 3916 eo

469 3949 757 4004 contraria:
782 3949 1037 4006 videlicet
1084 3959 1412 4021 potestates,
1464 3965 1585 4020 quae
1622 3959 1747 4006 ante
1782 3951 1902 4021 ejus
1941 3952 2042 4007 ad-

468 4048 688 4096 ventum
724 4056 834 4096 una
861 4056 986 4096 cum
1016 4042 1241 4111 reliquis
1272 4040 1605 4110 hominibus,
1626 4043 1790 4097 etiam
1820 4051 2034 4113 gentem

470 4131 826 4197 Hebraicam,
877 4140 941 4190 et
965 4132 1257 4203 impietatis
1296 4139 1361 4187 et-
1396 4133 1814 4188 simulacrorum
1857 4136 2037 4190 cultus

470 4225 885 4295 operationibus
911 4224 1263 4292 addixerant';
1314 4231 1493 4295 utque
1531 4225 1685 4294 pravi
1723 4225 2033 4290 daemones,

470 4316 566 4387 qui
594 4315 764 4372 valles
787 4316 1148 4387 appellantur,
1184 4323 1469 4386 propterea
1497 4316 1642 4386 quod
1689 4316 1745 4371 in
1798 4317 2036 4373 hiatibus

470 4405 831 4463 tenebricosis
855 4414 910 4462 et
939 4422 1228 4477 corporum
1259 4407 1408 4463 cavis
1435 4408 1783 4463 diversantur
1803 4448 1820 4472 ,
1877 4409 2035 4478 quasi

471 4514 596 4554 cera
615 4513 645 4552 a
672 4498 806 4554 facie
832 4499 971 4569 ignis
1003 4499 1385 4569 liquescentes,
1411 4500 1481 4555 ob
1509 4499 1673 4556 Verbi
1699 4501 1869 4555 divini
1900 4503 2029 4565 vim,

470 4592 540 4646 de
593 4589 1208 4660 hominibusfugerent.
1270 4591 1335 4645 Et
1375 4592 1484 4646 alia
1531 4608 1661 4648 vero
1700 4602 1895 4663 praeter
1940 4609 2035 4649 eas

2138 3312 2518 3385 ἐπιϐεϐηκέναι
2557 3314 2650 3367 ἐπὶ
2695 3313 2763 3366 τὰ
2811 3313 2919 3382 ὕψη
2963 3315 3061 3382 τῆς
3111 3314 3239 3382 γῆς,
3293 3312 3393 3383 ἤδη
3438 3311 3700 3383 πρότερον

2137 3405 2372 3473 ἐλέγετο,
2401 3406 2547 3468 ὅπως
2576 3405 2646 3458 τά
2680 3406 2775 3476 μὲν
2810 3404 2973 3458 πάλαι
3006 3403 3340 3474 ἐπαιρόμενα
3392 3404 3486 3456 καὶ
3532 3404 3699 3475 ὑπερ-

2140 3495 2415 3566 υψούμενα
2443 3495 2583 3549 κατὰ
2613 3499 2712 3567 τῆς
2741 3494 2992 3563 γνώσεως
3024 3493 3116 3548 τοῦ
3142 3493 3275 3546 Θεοῦ
3307 3493 3407 3564 ὅρη
3466 3492 3693 3562 σαλευθῇ

2138 3587 2483 3641 ὑποκάτωθεν
2516 3586 2679 3640 αὐτοῦ
2699 3626 2713 3650 ,
2751 3589 2807 3640 al
2826 3586 3079 3658 δυνάμεις
3103 3585 3341 3657 δηλονότι
3367 3588 3424 3638 αἱ
3459 3583 3697 3638 ἀντικεί-

2141 3695 2318 3749 μεναι,
2346 3679 2402 3732 αἳ
2426 3679 2532 3749 πρὸ
2560 3678 2658 3748 τῆς
2682 3676 2844 3731 αὐτοῦ
2875 3675 3172 3747 παρουσίας
3195 3673 3333 3745 μετά
3363 3674 3474 3727 τῶν
3502 3673 3700 3726 λοιπῶν

2136 3770 2434 3844 ἀνθρώπιον
2458 3811 2473 3835 ,
2508 3771 2600 3824 καὶ
2630 3769 2689 3823 τὸ
2726 3769 2990 3840 Ἐὖραίων
3027 3767 3194 3833 ἔθνος,
3232 3768 3344 3828 τοῖς
3376 3766 3475 3836 τῆς
3512 3765 3699 3817 δυσσε-

2136 3863 2287 3928 ϐείας
2315 3865 2407 3918 καὶ
2431 3862 2867 3933 εἰδωλολατρείας
2891 3860 3174 3932 πράγμασι
3201 3857 3664 3913 καταδεδούλωντο
3680 3872 3695 3886 ο

2135 3959 2185 4011 οί
2210 3957 2267 4009 δέ
2301 3958 2526 4028 πονηροὶ
2549 3955 2818 4026 δαίμονες,
2846 3954 3087 4017 κοιλάδες
3131 3950 3581 4022 ἐπικαλούμενοι,
3613 3948 3701 4002 διά

2134 4049 2197 4101 τὸ
2217 4049 2274 4101 ἐν
2304 4049 2542 4119 χάσμασι
2573 4047 2823 4111 σκοτίοις,
2842 4048 2934 4099 καὶ
2956 4050 3066 4108 τοῖς
3090 4043 3196 4097 τῶν
3220 4043 3484 4114 σωμάτων
3508 4040 3700 4095 κοιλώο

2139 4156 2302 4209 μασιν
2328 4137 2702 4208 ἐνδιπρίὸειν,
2732 4137 2808 4200 ὡς
2849 4136 3017 4205 κηρὸς
3061 4134 3167 4188 ἀπὺ
3205 4131 3493 4203 προσώπου
3529 4129 3699 4200 πυρὸς

2135 4230 2536 4300 τηκόμενοι,τῇ
2570 4227 2662 4280 τοῦ
2692 4227 2834 4279 θείου
2867 4226 3038 4293 Λόγου
3069 4225 3291 4295 δυνάμει
3318 4220 3376 4287 ἐξ
3398 4220 3698 4289 ἀνθρώπων

2136 4320 2435 4390 ἀπέφυγον.
2470 4319 2578 4373 Kal
2607 4319 2769 4390 ἐτέρα
2801 4318 2844 4370 δ’
2877 4316 2943 4371 ἂν
2984 4316 3068 4387 εἴη
3106 4315 3253 4386 παρὰ
3288 4314 3486 4375 ταύτας
3516 4311 3696 4374 αἰτία,

2135 4411 2255 4481 οὐχὶ
2277 4411 2538 4482 τυχοῦσα,
2559 4414 2656 4482 τῆς
2681 4410 2741 4474 ἐξ
2761 4408 3001 4480 οὐρανῶν
3026 4407 3244 4462 καθόδου
3260 4406 3352 4459 τοῦ
3383 4404 3608 4476 Κυρίου,
3633 4403 3702 4474 ἣν

2138 4503 2167 4555 6
2213 4503 2366 4572 λόγος
2415 4503 2863 4572 ἐπισημαίνεται,
2922 4502 3067 4564 ὅπως
3110 4500 3285 4553 πάντα
3320 4497 3390 4551 τὰ
3442 4498 3536 4550 ἐπὶ
3596 4497 3703 4566 γῆς

2139 4589 2288 4659 ἐθνη,
2322 4589 2428 4641 τῶν
2459 4588 2724 4661 δαιμόνων
2748 4588 3178 4651 ἀπελασθέντων,
3206 4589 3298 4641 καὶ
3319 4587 3427 4639 τῶν
3450 4588 3702 4658 ἀρχοντι-

468 4696 591 4738 esse
642 4690 819 4751 potest
857 4695 1022 4736 causa
1043 4724 1058 4746 ,
1111 4681 1199 4735 illa
1233 4683 1448 4752 quidem
1482 4699 1591 4737 non
1614 4684 1851 4754 vulgaris
1872 4723 1885 4746 ,
1935 4698 2035 4738 cur

2140 4680 2251 4733 κῶν
2282 4680 2604 4749 πνευμάτων
2638 4678 2976 4743 σεισθέντων,
3010 4683 3107 4749 τῆς
3138 4678 3305 4732 πάλαι
3330 4677 3508 4732 αὐτῶν
3537 4676 3704 4748 σκλη-

468 4771 732 4828 Dominus
760 4774 826 4829 de
855 4774 993 4828 caele
1015 4773 1377 4837 descenderit,
1396 4789 1559 4844 quam
1572 4776 1851 4830 oraculum
1878 4775 2035 4842 juxta

2146 4774 2242 4844 ρᾶς
2269 4771 2362 4826 xal
2403 4773 2655 4844 ἀκινήτου
2684 4772 2992 4843 τυραννίδος
3040 4770 3525 4824 ὐπαναπνεύσαντα
3550 4807 3566 4832 ,
3604 4768 3706 4839 τὴν

468 4866 756 4937 signiﬁcat,
785 4876 843 4921 ut
881 4881 1075 4922 omnes
1099 4866 1154 4920 in
1183 4868 1325 4922 orbe
1349 4876 1617 4923 terrarum
1670 4877 1857 4939 gentes
1881 4907 1896 4932 ,
1927 4868 2036 4923 da:-

2142 4863 2435 4932 ὲπίγνωσιν
2467 4863 2559 4916 τοῦ
2590 4864 2682 4916 ἐπὶ
2711 4864 2925 4917 πάντων
2952 4860 3197 4935 ἀναλάϐῃ
3226 4860 3386 4915 Θεοῦ.
3433 4861 3540 4913 Kal
3566 4858 3708 4913 αὐτὰ

473 4956 724 5013 monibus
769 4958 940 5027 pulsis
960 4997 975 5020 ,
1022 4966 1076 5012 et
1105 4958 1390 5027 spiritibus
1411 4959 1503 5029 qui
1534 4961 1897 5029 principatum
1938 4959 2038 5013 ha-

2140 4947 2238 5007 ὖιδέ
2277 4971 2392 5015 πως
2430 4955 2486 5007 αί
2513 4953 2611 5024 τῆς
2645 4953 2812 5023 αὐτῆς
2852 4952 3183 5025 προφητείας
3226 4951 3401 5020 φωναὶ
3434 4949 3558 5020 ἑξῆς
3611 4949 3711 5002 καὶ

468 5049 669 5105 hebant
699 5053 984 5106 concussis
1004 5091 1018 5116 ,
1071 5052 1139 5106 ab
1164 5052 1385 5123 antiqua
1412 5054 1515 5108 sub
1548 5053 1655 5109 illis
1684 5060 1738 5107 et
1764 5066 1952 5122 aspera
1983 5058 2040 5105 et

2144 5046 2285 5100 κατά
2312 5046 2372 5098 τὸ
2405 5046 2535 5099 αὐτὸ
2571 5047 2676 5099 ὑπὸ
2710 5049 2837 5117 μίαν
2887 5046 3176 5115 συνάφειαν
3221 5044 3457 5106 διανοίας
3503 5042 3711 5112 κηρύτ-

470 5142 732 5197 immobili
786 5145 1069 5215 tyrannide
1098 5146 1452 5215 respirantes,
1485 5146 1809 5215 agnitionem
1842 5158 2033 5213 supre-

2143 5156 2293 5193 τουσι
2314 5155 2327 5168 ·
2359 5157 2377 5190 ι
2408 5138 2517 5191 Kal
2539 5137 2688 5191 ἐσται
2713 5139 2800 5191 ἐπ’
2824 5137 3064 5207 ἐσχάτων
3090 5136 3198 5189 τῶν
3222 5134 3441 5207 ἡμερῶν
3467 5133 3710 5203 ἐμφανὲς

471 5235 543 5289 mi
577 5233 674 5289 Dei
700 5238 1021 5307 reciperent.
1056 5235 1197 5303 Quin
1225 5236 1386 5291 etiam
1443 5236 1561 5306 ipsa
1608 5236 1723 5291 haee
1773 5236 1830 5290 in
1887 5236 2034 5289 hunc

2140 5232 2199 5285 τὸ
2230 5232 2355 5302 ὅρος
2373 5229 2599 5300 Κυρίου,
2622 5228 2847 5298 ἕτοιμον.
2869 5227 2961 5280 ἐπὶ
2992 5228 3090 5290 τὰς
3109 5225 3350 5297 κορυφὰς
3375 5224 3484 5277 τῶν
3511 5222 3702 5294 ὀρέων

473 5326 689 5380 modum
733 5328 976 5397 ejusdem
1014 5328 1310 5398 prophetiae
1350 5343 1513 5383 voces
1541 5327 1799 5397 deinceps
1844 5327 2033 5382 eadem

2142 5326 2236 5377 καὶ
2298 5321 2786 5395 μετεωρισθήσεται
2849 5320 3102 5391 ὑπεράνω
3166 5320 3274 5372 τῶν
3325 5315 3556 5387 βουνῶψ
3609 5315 3710 5367 καὶ

497 5419 682 5472 atione
714 5420 818 5473 sub
850 5434 1014 5473 unam
1052 5436 1253 5475 sensus
1277 5419 1678 5489 capulationem
1707 5419 2031 5473 enuntiant:

2146 5413 2465 5467 σπεύσουσιν
2520 5412 2604 5465 ἐπ’
2650 5411 2782 5465 αὐτὸ
2831 5412 2984 5474 λαοὶ,
3030 5411 3123 5465 καὶ
3172 5408 3523 5479 πορεύσονται
3576 5402 3710 5474 ἔθνη

475 5524 483 5531 ν
532 5504 600 5558 Et
620 5507 726 5561 erit
761 5509 814 5562 in
847 5510 1161 5566 novissimis
1189 5510 1381 5565 diebus
1398 5507 1721 5563 manifestus
1743 5524 1899 5562 mons
1927 5507 2036 5562 Do-

484 5596 626 5664 nini,
661 5608 883 5668 paratus
917 5600 971 5653 in
997 5601 1415 5657 summitatibus
1436 5600 1700 5657 montium
1728 5620 1751 5660 ς,
1777 5608 1832 5656 et
1858 5600 2035 5655 extol-

2142 5504 2350 5566 πολλὰ,
2386 5504 2481 5557 καὶ
2536 5503 2719 5576 ἐροῦσι
2742 5519 2757 5536 ο
2804 5503 2987 5567 Δεῦτε,
3024 5500 3311 5572 ἀναδῶμεν
3351 5501 3430 5562 εἰς
3470 5496 3534 5549 τὸ
3581 5496 3723 5568 ὅρος

2142 5596 2236 5650 τοῦ
2271 5596 2493 5667 Κυρίου,
2530 5597 2622 5651 καὶ
2657 5598 2736 5659 εἰς
2762 5597 2852 5650 τὸν
2880 5594 3035 5649 οἷκον
3054 5593 3147 5649 τοῦ
3189 5592 3323 5648 Θεοῦ
3364 5587 3576 5651 Ἰακὼϐ,
3611 5586 3735 5649 καὶ.

540 5753 589 5783 ’³
615 5753 779 5809 Mich.
812 5771 849 5818 ι,
881 5754 933 5821 5,
963 5755 1012 5808 6.
1059 5756 1103 5786 “
1128 5756 1257 5810 ibid.
1290 5755 1374 5820 l2,
1422 5748 1503 5811 l5.
1584 5757 1625 5788 ⁸⁵
1654 5756 1783 5811 ibid.
1822 5752 1904 5820 ιδ,
1934 5753 2015 5809 16.

2151 5742 2322 5806 Nicia.
2352 5767 2431 5818 nr,
2468 5750 2548 5804 l9.
