4110 6466
454 381 561 442 437

1351 370 2003 430 DEMONSTRATIONIS
2040 368 2498 426 EVANGELICZE
2538 370 2667 427 LIB.
2708 369 2795 427 Vl.

453 503 721 568 δείξουσιν
744 501 880 572 ἡμῖν
899 498 1010 569 ετὴν
1052 497 1171 552 ὁδὸν
1196 495 1388 560 αὑτοῦ,
1423 498 1517 549 καὶ
1561 495 1934 567 πορευσόμεθα
1966 496 2011 547 ἐν

2125 494 2266 549 letur
2296 508 2459 563 super
2482 493 2689 559 colles,
2733 498 2807 547 et,
2831 491 3265 547 festinabunLad
3292 508 3436 546 ‘eum
3480 494 3682 563 populi.

453 598 574 658 ταῖς
607 594 812 666 τρίϐοις
835 592 1015 647 αὐτοῦ.
1053 593 1146 645 Ἐκ
1176 591 1284 663 γὰρ
1316 590 1452 644 Σιὼν
1476 589 1811 654 ἐξελεύσεται
1835 588 2014 659 νόμος,

454 686 551 738 καὶ
583 684 735 752 λόγος
784 682 983 753 Κυρίου
1017 677 1077 744 ἐξ
1129 678 1478 751 Ἰερουσαλὴμ
1500 719 1513 743 ,
1559 677 1649 731 καὶ
1696 679 1870 748 κρινεῖ
1915 675 2018 729 ἀνά

458 775 625 844 μέσον
646 773 755 826 τῶν
781 772 969 825 ἐθνῶν.
999 791 1016 823 ι
1057 770 1291 823 Τοιαῦτα
1314 771 1407 824 καὶ¹
1445 770 1572 840 περὶ
1589 769 1685 839 τῆς
1717 767 1825 820 τῶν
1850 766 2018 820 ἐθνῶν

457 864 722 935 κλήσεως,
756 861 791 916 ἂ
820 862 911 915 καὶ
935 861 1124 924 ὁποίας
1160 861 1338 931 ἔχεται
1363 860 1620 921 διανοίας,
1652 858 1799 921 ὅπως
1838 874 1895 909 τε
1925 856 2018 908 καί

459 956 597 1010 αὑτὰ
630 954 764 1024 μετά
787 953 885 1025 τὴν
920 953 1013 1006 τοῦ
1051 953 1297 1024 Σωτῆρος
1342 951 1495 1023 ήμῶν
1536 950 1834 1022 παρουσίαν
1867 948 2018 1012 τέλος

459 1047 694 1116 είληφεν,
731 1046 821 1098 ἐπὶ¹
853 1043 1046 1115 σχολῆς
1077 1043 1140 1096 ἀν
1188 1060 1271 1106 τις
1315 1040 1634 1113 καταμάθοι.
1689 1039 2019 1102 Ἀκολούθως

458 1156 522 1208 γε
548 1140 651 1211 μὴν
668 1136 873 1200 τούτοις
890 1137 1184 1208 ἀρχόμενος
1210 1136 1238 1187 6
1255 1134 1353 1205 τῆς
1379 1133 1707 1204 προφητείας
1725 1131 1898 1201 λόγος,
1921 1131 2020 1183 ὡσ-

458 1228 523 1283 ὰν
556 1227 646 1281 ἐπὶ
679 1224 921 1296 σωτηρίᾳ
953 1226 1014 1278 οὐ
1051 1224 1207 1294 μόνον
1232 1222 1325 1276 τοῦ
1361 1221 1624 1276 Ἰουδαίων
1652 1221 1855 1285 ἔθνους,
1886 1220 2019 1274 ἀλλά

457 1319 549 1372 καὶ
579 1317 686 1371 τῶν
717 1317 882 1370 ἐθνῶν
913 1318 1190 1381 ἀπάντων,
1222 1316 1322 1385 τῆς
1359 1313 1452 1367 τοῦ
1472 1313 1672 1386 Κυρίου
1697 1316 1775 1378 είς
1815 1312 2020 1385 ἀνθρώ-

456 1426 590 1473 πους
616 1408 838 1462 καθόδου
861 1407 1245 1478 γενησομένης,
1260 1409 1370 1470 τοῖς
1398 1406 1545 1469 λαοῖς
1570 1406 1787 1469 καὶτοῖς
1814 1405 1906 1458 ἐπὶ
1919 1407 2019 1476 γῆς

458 1501 658 1555 ἅπασιν
673 1501 951 1569 ἐπιφωνεῖ,
976 1496 1531 1567 λέγωνἾοἋκούσατε,
1548 1496 1668 1550 λαοὶ
1693 1496 1911 1560 πάντες,
1928 1496 2020 1549 καὶ

457 1590 769 1663 προσεχέτω
791 1592 823 1661 ή
847 1589 937 1660 γῆ,
953 1588 1047 1642 καὶ
1073 1588 1272 1651 πάντες
1292 1588 1341 1640 οί
1376 1590 1432 1640 ἐν
1453 1589 1611 1659 αὐτῇ.
1634 1607 1652 1638 ι
1674 1588 1786 1641 Καὶ
1805 1587 1863 1640 τὸ
1885 1605 2021 1659 μαρ-

455 1679 517 1734 τύ
527 1696 637 1751 ριον
662 1679 718 1733 δέ
738 1678 830 1731 τοῦ
858 1677 1060 1740 πάθους
1085 1676 1322 1748 ᾐνίττετο
1365 1676 1459 1730 τοῦ
1497 1677 1701 1747 Κυρίου
1724 1677 2015 1749 ἐπιφέρων·

461 1770 601 1824 «Καὶ
613 1768 760 1822 ἐσται
774 1768 968 1840 Κύριος
980 1768 1007 1819 6
1020 1767 1149 1830 Θεὸς
1165 1765 1313 1837 ὑμῶν
1326 1767 1403 1830 είς
1423 1767 1730 1839 μαρτύριον.
1744 1783 1762 1817 ι
1773 1761 1881 1820 Εἶθ’
1898 1766 2023 1838 ἐξῇς

2126 584 2193 638 Et
2221 584 2373 641 ibunt
2395 594 2581 656 gentes
2614 584 2817 647 multae,
2848 589 2903 638 et
2927 582 3147 639 dicent:
3185 581 3395 645 Venite,
3426 583 3670 639 ascenda

2124 692 2247 732 mus
2276 678 2332 731 in
2360 687 2598 732 montem
2637 675 2872 741 Domini,
2899 682 2954 729 et
2996 674 3050 729 in
3104 674 3322 732 domum
3352 674 3445 730 Dei
3474 674 3643 733 Iacob
3665 715 3682 743 ,

2124 766 2500 823 ebostendent
2541 768 2698 823 nobis
2726 768 2870 822 viam
2903 767 3052 837 ejus,
3101 774 3154 822 et
3197 768 3595 822 ambulabimus
3629 768 3686 822 in

2125 859 2335 913 semitis
2356 859 2495 928 ejus.
2534 859 2613 914 De
2643 858 2773 917 Sion
2804 859 2947 913 enim
2979 858 3146 914 exibit
3186 859 3268 913 lex
3289 897 3305 922 ,
3364 865 3417 913 et
3461 859 3685 914 verbum

2125 951 2343 1007 Domini
2376 952 2444 1008 de
2469 949 2790 1016 Jerusalem,
2819 959 2872 1008 et
2908 952 3173 1022 judicabit
3201 952 3340 1005 inter
3361 958 3551 1021 gentes
3567 951 3635 1005 ⁸⁷.
3661 969 3680 1001 ι

2124 1044 2273 1099 Talia
2304 1060 2436 1102 sane
2474 1043 2541 1101 de
2570 1045 2857 1100 vocatione
2909 1046 3147 1115 gentium
3178 1043 3323 1098 dicta
3352 1049 3481 1099 sunt
3509 1061 3523 1097 :
3566 1057 3687 1112 quae

2123 1137 2341 1208 quidem
2379 1152 2489 1207 quo
2519 1152 2681 1192 sensu
2725 1136 3037 1205 accipienda
3091 1137 3236 1200 sint,
3288 1143 3341 1190 et
3387 1149 3495 1204 quo
3526 1141 3687 1204 pacto

2124 1228 2244 1298 ipsa
2271 1242 2487 1298 quoque
2518 1237 2641 1297 post
2660 1225 2956 1281 Salvatoris
2979 1225 3150 1280 nostri
3188 1225 3497 1287 adventum,
3525 1221 3684 1276 tinem

2124 1319 2448 1389 acceperint,
2481 1334 2577 1389 per
2603 1319 2773 1373 otium
2804 1317 2928 1388 quis
2962 1315 3184 1372 liberius
3216 1315 3423 1370 discere
3445 1313 3681 1384 poterit:

2124 1426 2246 1466 cum
2278 1411 2347 1467 iis
2380 1418 2560 1466 tamen
2582 1408 2922 1465 concordans
2954 1424 3074 1478 quae
3097 1408 3208 1477 jam
3249 1408 3492 1476 exposita
3538 1412 3684 1473 sunt,

2128 1501 2181 1553 in
2214 1500 2334 1570 ipso
2373 1500 2669 1571 prophetiae
2698 1498 2920 1554 exordio
2960 1498 3099 1552 idem
3126 1496 3431 1559 oraculum,
3460 1510 3567 1548 non
3600 1508 3685 1548 se-

2126 1609 2224 1647 cus
2261 1607 2326 1647 ac
2355 1593 2401 1647 si
2430 1592 2498 1646 ad
2556 1593 2783 1648 salutem
2824 1606 2934 1645 non
2980 1589 3219 1645 Iudaica:
3250 1587 3680 1659 gentislsolum,

2127 1683 2221 1740 sed
2252 1682 2627 1738 universarum
2658 1682 2920 1753 gentium,
2952 1679 3165 1735 Domini
3200 1678 3267 1732 ad
3308 1678 3554 1733 homines
3588 1675 3686 1731 de;

2127 1789 2353 1829 scensus
2374 1773 2588 1829 futurus
2619 1781 2785 1840 esset,
2820 1773 2889 1827 ad
2913 1786 3101 1827 omnes
3122 1769 3351 1842 populos
3370 1809 3385 1834 ,
3414 1768 3480 1822 ad
3501 1766 3684 1821 omnia

456 1862 487 1915 6
504 1861 664 1924 αὐτὸς
684 1858 883 1931 προῖὼν
912 1858 1209 1930 προφήτης,
1249 1858 1394 1910 ὼσὰν
1419 1858 1518 1929 ήδη
1539 1858 1934 1930 προπαιδεύσας
1947 1858 2011 1911 τὰ

2115 1879 2234 1934 quae
2267 1872 2395 1920 sunt
2421 1865 2477 1919 in
2509 1870 2655 1919 terra
2683 1863 2894 1918 clamat.
2917 1861 3105 1918 dicens
3133 1878 3147 1915 :
3182 1878 3202 1911 σ
3240 1859 3458 1922 Audite,
3498 1856 3684 1928 populi

460 1955 588 2027 περὶ
613 1954 711 2025 τῆς
743 1952 1019 2025 ὑπάρξεως
1038 1951 1129 2004 τοῦ
1144 1950 1277 2003 Θεοῦ
1295 1951 1489 2020 Λόγου,
1505 1952 1601 2023 τῆς
1614 1969 1672 2005 τε
1695 1952 1752 2018 ἐξ
1771 1951 2015 2023 οὐρανῶν

462 2043 625 2099 αὐτοῦ
653 2043 1017 2106 καταϐάσεως,
1062 2041 1156 2095 καὶ
1177 2040 1253 2105 ὡς
1287 2041 1355 2094 τὰ
1387 2043 1534 2095 αἴτια
1566 2044 1665 2114 τῆς
1697 2045 1776 2106 είς
1807 2043 1985 2115 ἀνθρώ

458 2152 591 2198 πους
611 2134 772 2187 αὐτοῦ
790 2134 1085 2204 παρουσίας
1100 2132 1397 2205 προειπὼν,
1415 2135 1696 2206 ἑπομένως
1710 2136 1806 2207 τὴν
1829 2139 1908 2200 είς
1923 2137 1987 2190 ἀν
2005 2168 2014 2175 η

454 2222 484 2275 θ
489 2222 701 2294 ρώπους
716 2224 877 2276 αὐτοῦ
890 2224 1153 2295 ἐσομένην
1165 2224 1396 2293 γένεσιν,
1411 2227 1504 2280 καὶ
1512 2227 1640 2280 αὐτὸ
1649 2227 1713 2298 δὴ
1729 2228 1803 2300 (1)
1821 2229 2015 2301 χωρίον

449 2313 577 2368 ἔνθα
604 2314 956 2387 τεχθήσεσθαι
987 2316 1225 2387 ἔμελλεν,
1244 2310 1345 2371 ὧδέ
1370 2336 1486 2382 πως
1513 2318 1772 2384 διδάσκει,
1806 2319 1976 2390 λέγων
1996 2341 2009 2353 ·

457 2408 595 2462 «Καὶ
621 2409 684 2462 σὺ
727 2408 971 2481 Βηθλεέμ
994 2406 1141 2474 οἶκος
1160 2409 1252 2463 τοῦ
1284 2411 1829 2482 Ἐφραθά,ὀλιγοστὸς
1852 2411 1903 2467 εί
1921 2414 2013 2469 τοῦ

448 2495 590 2555 εἶναι
635 2504 693 2555 ἐν
740 2501 970 2573 χιλιάσιν
1030 2502 1196 2555 Ἰούδα
1220 2518 1233 2530 ·
1285 2505 1350 2555 ἐκ
1399 2504 1492 2556 σοῦ
1536 2522 1626 2574 μοι
1679 2503 2011 2570 ἐξελεύσεται

448 2590 769 2661 ἡγούμενος,
793 2588 888 2643 τοῦ
918 2586 1055 2643 εἶναι
1089 2592 1167 2655 είς
1195 2593 1428 2665 ἄρχοντα
1454 2593 1510 2645 ἐν
1533 2592 1609 2663 τῷ
1647 2594 1890 2666 Ἰσραὴλ,
1919 2597 2012 2650 καὶ

447 2680 506 2732 αί
531 2678 698 2743 ἔξοδοι
726 2678 891 2733 αὐτοῦ
916 2681 1009 2733 ἀπ’
1040 2679 1216 2750 ἀρχῆς
1244 2680 1302 2745 ἐξ
1335 2681 1556 2755 ἡμερῶν
1587 2682 1798 2747 αἰῶνος.
1832 2703 1850 2735 ι
1871 2686 2013 2739 Ἐπι-

452 2768 628 2841 μελῶς
653 2769 710 2822 δὲ
745 2771 996 2841 πρόσχες,
1027 2770 1148 2825 τίνα
1170 2771 1367 2843 τρόπον
1391 2770 1486 2824 τοῦ
1518 2772 1610 2825 ἐπὶ
1640 2772 1738 2843 τὴν
1769 2772 2012 2844 Βηθλεὲμ

450 2857 672 2931 (χωρίον
721 2859 778 2912 δέ
808 2862 926 2913 ἐστι
958 2861 1114 2915 τοῦτο
1150 2862 1248 2933 τῆς
1293 2861 1593 2931 Ἰουδαίας)
1640 2864 2009 2935 φανησομένου

446 2949 546 3014 τὰς
579 2950 787 3016 ἐξόδους
830 2952 1033 3006 ἀνωθεν
1066 2955 1158 3007 καὶ
1192 2953 1250 3020 ἐξ
1281 2954 1475 3018 αἰῶνος
1518 2954 1811 3023 ὑφεστάναι
1844 2957 2006 3027 φησὶ,

447 3040 547 3112 τὴν
591 3040 770 3094 ἔνθεον
809 3042 983 3114 δηλῶν
1017 3043 1358 3115 προῦπαρξίν
1390 3060 1451 3096 τε
1495 3044 1590 3098 καὶ
1622 3045 2005 3099 οὑσίωσιν-τοῦ

446 3132 512 3184 ἐκ
567 3131 807 3203 Βηθλεὲμ
852 3132 1306 3204 προελευσομένου
1340 3133 1618 3206 ἄρχοντος.
1663 3136 1726 3188 Ei
1773 3135 1871 3206 μὲν
1916 3132 2009 3191 οὖν

446 3223 557 3294 ἔχοι
586 3241 668 3288 τις
700 3226 785 3296 ἐφ’
829 3225 1013 3299 ἕτερον
1049 3227 1335 3299 ἀναφέρειν
1376 3228 1743 3299 τὺνεχρησμὸν
1765 3269 1780 3293 ,
1807 3229 1890 3293 τίς
1921 3222 2011 3283 οὗ·
2038 3213 2082 3274 c

443 3332 538 3380 τος
559 3357 573 3381 ,
606 3317 971 3372 ἀπώεικνὺτω
995 3336 1008 3349 ·
1041 3320 1089 3372 εί
1114 3318 1158 3371 δ’
1187 3319 1287 3372 οὐκ
1315 3317 1460 3372 ἐστιν
1502 3319 1679 3391 εὑρεῖν
1706 3318 1887 3390 ἕτερον
1913 3321 2008 3375 τοῦ

444 3410 694 3482 Σωτῆρος
725 3409 882 3482 ἡμῶν
917 3411 1091 3481 Ἰησοῦ
1124 3410 1359 3483 Χριστοῦ
1379 3453 1394 3477 ,
1430 3413 1490 3477 ὃς
1536 3415 1694 3485 μόνος
1748 3413 1882 3485 μετὰ
1910 3416 2009 3486 τὴν

446 3502 780 3574 προφητείαν
820 3502 1030 3556 ἐνθένδε
1079 3502 1404 3575 ὡρμημένος
1448 3503 1667 3574 βοᾶται,
1722 3506 1777 3559 τί
1825 3507 2008 3560 λοιπόν

445 3591 691 3662 ἐμποδὼν
724 3593 797 3663 μὴ
830 3592 950 3663 οὐχὶ
982 3592 1357 3663 συνομολογεῖν
1395 3594 1648 3667 ἀλήθειαν
1694 3599 1761 3668 τῇ
1801 3616 2011 3670 προφη-

443 3684 588 3755 τείᾳ,
615 3685 707 3737 ἐπὶ
736 3684 881 3754 μόνῳ
908 3684 1054 3755 αὑτῷ
1079 3685 1378 3759 σαλευούσῃ
1404 3685 1502 3758 τὴν
1530 3688 1867 3759 πρόρῤησιν;
1900 3692 2011 3745 Μό-

446 3795 537 3843 νος
567 3778 696 3848 γοῦν
733 3772 885 3843 οὗτος
924 3780 1191 3851 ἐπιφανὴς
1238 3780 1344 3834 τῶν
1372 3780 1591 3833 πώποτε
1638 3781 1874 3850 γεγονὼς
1893 3822 1908 3847 ,
1946 3785 2010 3837 ἐκ

443 3870 538 3923 τοῦ
581 3871 976 3943 προειρημένου
1021 3872 1227 3942 χωρίου
1270 3872 1367 3942 τῆς
1411 3872 1658 3944 Βηθλεὲμ
1706 3872 1844 3942 μετά
1884 3875 2010 3938 τοὺς

445 3960 546 4031 τῆς
614 3962 947 4033 προφητείας
1003 3962 1227 4033 χρόνους
1285 3962 1360 4015 τὸ”
1410 3961 1755 4034 ἀνθρώπειον
1811 3964 2009 4029 ὑποδὺς

446 4052 631 4123 σχῆμα
683 4052 1103 4125 προελήλυθενν
1132 4054 1251 4125 ἅμα
1305 4071 1366 4106 τε
1408 4056 1474 4126 τῇ
1524 4054 1688 4109 αὑτοῦ
1740 4054 2010 4128 παρουσίᾳ

444 4144 743 4216 ἐπληροῦτο
774 4147 842 4201 τά
875 4146 1343 4218 προηγορευμένα.
1362 4147 1755 4217 Ᾱὺτίκα.γοῦν,
1785 4149 1880 4203 καὶ
1908 4148 2009 4202 οὐκ

443 4236 523 4300 είς
555 4236 787 4309 μακρὸν,
808 4237 884 4309 τῷ
911 4239 1006 4309 μὲν
1042 4239 1311 4293 Ἰουδαίων
1341 4238 1716 4295 ἔθνειηὲκαστα
1746 4240 1853 4295 τῶν
1878 4259 2009 4313 προ-

443 4328 864 4401 πεφητευμένων
910 4329 1246 4402 σκυθρωπῶν
1289 4333 1503 4411 ἀπήντα
1526 4350 1538 4362 ·
1585 4336 1698 4397 τοῖς
1730 4333 1787 4386 δὲ
1833 4332 2007 4387 ἔθνεσι

441 4420 601 4475 πάλιν
624 4420 692 4475 τά
720 4422 985 4478 ἀκόλουθα
1016 4426 1128 4488 τοῖς
1162 4423 1545 4495 θεσπίσμασιν,
1577 4426 1738 4489 αὐτός
1769 4443 1828 4479 τε
1854 4419 2008 4490 οὗτος

2116 1971 2327 2021 omnes,
2353 1961 2406 2010 et
2433 1955 2871 2018 attendatterra,
2888 1959 2942 2006 et
2960 1964 3148 2007 omnes
3167 1949 3260 2020 qui
3292 1950 3347 2002 in
3379 1963 3441 2003 ea
3472 1956 3615 2002 sunt.
3658 1964 3679 1997 ι

2115 2045 2510 2102 Testimonium
2537 2060 2664 2102 vero
2692 2043 2840 2116 quod
2865 2050 3057 2098 contra
3081 2042 3258 2112 ipsum
3280 2040 3569 2095 Dominum
3598 2036 3683 2090 di-

2114 2149 2260 2193 ctum
2290 2144 2394 2201 est,
2427 2152 2549 2192 cum
2589 2148 2736 2192 esset
2776 2149 3074 2205 passurus,
3125 2132 3200 2186 ita
3236 2129 3525 2201 signiﬁcat,
3563 2146 3582 2180 ι
3616 2126 3683 2181 Ει

2113 2229 2217 2285 erit
2259 2227 2518 2283 Dominus
2549 2227 2694 2284 Deus
2746 2233 2924 2282 vester
2950 2227 3006 2280 in
3045 2222 3440 2280 testimonium.
3480 2239 3500 2272 ι
3535 2218 3677 2274 Tum

2114 2317 2369 2389 deinceps
2408 2319 2549 2374 idem
2585 2318 2845 2389 prOpheta
2868 2316 3112 2371 oratione
3150 2327 3468 2384 progressus
3494 2350 3510 2377 ,
3559 2320 3680 2364 tan-

2111 2424 2271 2480 quam
2299 2411 2346 2466 is
2374 2410 2467 2481 qni
2493 2417 2619 2465 ante
2651 2410 2763 2479 jam
2795 2408 3073 2463 docuisset
3093 2420 3155 2461 ea
3181 2419 3301 2474 quae
3329 2403 3396 2457 ad
3427 2402 3681 2457 substanv

2112 2503 2240 2557 tiam
2264 2501 2358 2557 Dei
2392 2500 2553 2556 Verbi
2587 2500 2813 2569 ejusque
2840 2498 2906 2553 de
2929 2498 3069 2553 coelo
3091 2497 3412 2551 descensum
3444 2492 3681 2562 pertine-

2111 2600 2252 2659 rent,
2271 2601 2324 2648 et
2345 2600 2603 2662 tanquam
2627 2591 2673 2646 si
2695 2590 2813 2660 ejus
2835 2588 2901 2643 ad
2924 2589 3171 2644 homines
3194 2586 3682 2655 adventus‘causas

2110 2684 2466 2754 prtcdixisset,
2492 2683 2682 2738 ordine
2713 2681 2969 2751 deinceps
3001 2680 3241 2735 futurum
3267 2678 3511 2749 ejusdem
3540 2677 3681 2732 inter

2110 2776 2272 2847 275
2306 2776 2554 2832 homines
2592 2782 2792 2838 ortum,
2816 2775 3083 2846 planeque
3102 2774 3265 2829 etiam
3298 2774 3474 2843 ipsum
3499 2771 3679 2826 locum

2112 2869 2167 2923 in
2199 2884 2309 2939 quo
2335 2868 2575 2923 futurum
2598 2875 2716 2923 erat
2744 2874 2803 2920 ut
2830 2875 3165 2930 nasceretur,
3202 2863 3406 2919 indicat
3440 2863 3628 2918 dicens
3661 2882 3675 2917 :

2116 2981 2136 3012 ι
2176 2959 2242 3014 Et
2269 2968 2327 3015 tu
2357 2959 2667 3015 Bethlehem
2709 2957 2903 3013 domus
2947 2955 3206 3027 Ephrata,
3239 2954 3462 3008 minima
3505 2964 3585 3016 es,
3619 2959 3680 3006 ut

2111 3055 2187 3109 sis
2208 3054 2264 3107 in
2288 3052 2525 3107 millibus
2544 3049 2683 3105 Iuda
2715 3065 2826 3105 :vex
2855 3055 2907 3104 te
2934 3048 3067 3102 mihi
3096 3047 3402 3118 egredietur
3420 3047 3518 3115 qui
3537 3059 3678 3114 pra:-

2112 3145 2204 3209 sit,
2230 3154 2289 3200 ut
2314 3145 2385 3200 sit
2405 3145 2460 3199 in
2492 3142 2791 3214 principem
2827 3141 2882 3195 in
2916 3139 3083 3195 Israel
3137 3148 3191 3194 et
3248 3140 3426 3195 exitus
3463 3137 3584 3207 ejus
3607 3137 3677 3191 ab

2113 3237 2290 3302 initio,
2308 3252 2375 3292 ex
2392 3235 2584 3292 diebus
2609 3235 2797 3291 saeculi
2824 3234 2889 3288 ⁸⁸.
2923 3252 2942 3285 ι
2969 3232 3200 3287 Attende
3221 3247 3348 3288 vero
3368 3231 3676 3302 diligenter,

2112 3325 2570 3396 quemadmodum
2604 3325 2726 3395 ejus
2770 3323 2863 3394 qui
2899 3325 2951 3377 in
2983 3322 3295 3378 Bethlehem
3332 3323 3403 3378 sit
3457 3320 3678 3391 conspi.

2111 3416 2339 3472 ciendus
2373 3423 2479 3483 (est
2505 3424 2685 3471 autem
2710 3414 3017 3470 Bethlehem
3045 3412 3244 3471 Iudaea;
3273 3414 3468 3487 locus),
3496 3414 3679 3469 exitus

2111 3507 2257 3562 dicat
2306 3507 2541 3576 desuper
2585 3513 2640 3561 et
2683 3490 2722 3560 a'
2771 3506 2972 3562 saeculo
3017 3507 3288 3564 existere:
3325 3514 3530 3575 utpote,
3582 3501 3681 3574 qui

2112 3599 2378 3670 principis
2411 3598 2477 3653 de
2505 3599 2819 3655 Bethlehem
2869 3601 3230 3670 progressuri,
3267 3599 3505 3654 divinam
3532 3595 3677 3650 indi-

2109 3706 2235 3746 care
2284 3693 2415 3747 velit
2463 3691 2782 3748 substantiae
2832 3692 3284 3757 antecessionem,
3334 3689 3679 3759 propagatio-

2110 3798 2343 3853 nemque
2382 3798 2648 3853 personaa.
2685 3783 2742 3837 Si
2783 3784 2908 3853 quis
2940 3785 3104 3855 igitur
3127 3789 3212 3838 est
3254 3783 3349 3852 qui
3391 3780 3676 3834 oraculum

2108 3872 2313 3928 referre
2360 3873 2537 3943 possit
2563 3872 2632 3927 ad
2677 3872 2841 3927 alium
2874 3873 3206 3942 quempiam,
3236 3884 3307 3925 ne
3351 3872 3674 3932 cunctetur;

2108 3967 2305 4035 prodat
2335 3980 2468 4021 sane
2497 3964 2663 4029 hunc,
2698 3964 2947 4036 quisnam
2982 3964 3087 4030 sit;
3120 3961 3216 4016 sed
3241 3961 3286 4016 si
3321 3959 3461 4013 alius
3481 3965 3677 4027 prater

2112 4055 2446 4113 Salvatorem
2468 4066 2716 4113 nostrum
2746 4055 2932 4111 Jesum
2977 4054 3253 4110 Christum
3298 4049 3532 4105 inveniri
3565 4061 3676 4100 non

2110 4157 2312 4220 potest,
2347 4150 2441 4220 qui
2487 4149 2638 4205 solus
2681 4156 2801 4219 post
2831 4149 2990 4203 talem
3022 4144 3360 4218 prophetiam
3399 4140 3525 4196 inde
3548 4152 3675 4210 pro-

2110 4241 2286 4297 fectus
2316 4241 2646 4305 celebratur,
2673 4240 2802 4311 quid
2830 4239 3046 4295 tandem
3078 4233 3457 4308 impedimenti.
3483 4246 3676 4302 super-

2109 4343 2213 4400 est,
2265 4351 2335 4391 ne
2381 4351 2491 4390 una
2533 4351 2657 4390 cum
2702 4336 2819 4406 ipsa
2862 4332 3143 4404 prophetia
3194 4332 3473 4387 veritatem
3507 4327 3676 4382 fatea-

2108 4443 2252 4490 mur,
2283 4442 2404 4497 qua:
2458 4428 2512 4481 in
2547 4443 2713 4481 unum
2750 4427 2900 4480 illum
2953 4439 3107 4480 suam
3162 4419 3677 4492 dirigitpraadictio-

440 4514 480 4565 6~
512 4514 700 4586 Σωτὴρ
745 4516 838 4569 καὶ
882 4517 1082 4588 Κύριος
1125 4516 1283 4586 ἡμῶν
1330 4519 1395 4571 ἐκ
1453 4517 1698 4591 Βηθλεέμ
1725 4518 2005 4591 ὁρμηθεὶς,

2113 4518 2271 4573 nem?
2301 4516 2435 4572 Nam
2466 4519 2615 4577 solus
2646 4519 2735 4573 ille
2771 4518 3033 4583 omnium,
3060 4514 3152 4585 qui
3192 4528 3429 4584 unquam
3453 4511 3678 4567 exstite-

440 4604 736 4675 ἡγούμενος
786 4607 1071 4679 ἀνεδείχθη
1105 4608 1199 4662 τοῦ
1252 4608 1392 4663 κατά
1452 4611 1689 4664 διάνοιαν
1748 4611 1962 4684 Ἰσραὴλ
1987 4651 2002 4676 ,

439 4694 582 4750 οὕτω
607 4696 804 4761 παντὸς
833 4696 929 4749 τοῦ
961 4697 1265 4768 διορατικοῦ
1291 4700 1384 4752 καὶ
1407 4697 1691 4763 θεοσεϐοῦς
1719 4698 1850 4752 λαοῦ
1872 4716 2004 4771 χρη-

443 4782 770 4853 ματίζοντος.
803 4784 1035 4838 Καὶ’θέα
1065 4802 1151 4854 γε,
1181 4788 1328 4850 ὅπως
1361 4786 1458 4851 τὰς
1482 4785 1693 4853 ἐξόδους
1716 4788 1879 4844 αὑτοῦ
1904 4790 2004 4861 τῆς

438 4874 619 4929 ἐνθέου
650 4874 1043 4948 προῦπάρξεως
1074 4880 1168 4931 ἀπ’
1198 4879 1372 4950 ἀρχῆς
1398 4879 1491 4933 καὶ
1528 4879 1589 4944 ἐξ
1617 4881 1841 4953 ἡμερῶν
1870 4881 2002 4934 αἰῶ-

436 4985 526 5031 νος
548 4968 689 5039 ἔχειν
727 4967 942 5038 λέγεται
960 4988 973 5000 ·
1001 4972 1137 5043 ὅπερ
1167 4974 1267 5025 οὐκ
1295 4970 1361 5025 ἂν
1395 4975 1683 5044 ἀρμόσειεν
1714 4973 2001 5046 ἀνθρώπου

437 5057 616 5129 φύσει.
663 5060 884 5125 Τούτοις
930 5062 1057 5131 ἐξῆς
1104 5066 1132 5117 6
1184 5064 1517 5136 προφητικὸς
1559 5064 1746 5132 λόγος,
1796 5064 2002 5129 ὑποϐὰς

439 5149 655 5220 μικρὸν,
687 5151 780 5204 καὶ
811 5150 906 5205 νῦν
929 5152 1090 5207 πάλιν
1128 5154 1228 5224 τῆς
1259 5154 1423 5209 πάλαι
1451 5156 1678 5227 νομικῆς
1706 5155 2003 5227 θρησκείας

435 5243 534 5312 τὴν
576 5244 922 5315 περιγραφὴν
986 5246 1079 5299 καὶ
1127 5246 1441 5318 καθαίρεσιν
1493 5248 1888 5317 ὑποσημαίνει,
1936 5250 2001 5303 ἐκ

436 5334 727 5406 προσώπου
757 5336 850 5390 τοῦ
883 5337 1013 5390 λαοῦ
1044 5337 1217 5407 λέγων
1240 5356 1252 5369 ·
1286 5359 1304 5392 ‹
1342 5340 1430 5393 Ἐν
1458 5341 1563 5393 τίνι
1589 5340 1879 5394 καταλάϐω
1905 5341 1996 5394 τὸν

435 5427 667 5499 Κύριον;
714 5427 1044 5500 ἐπιλήψομαι
1087 5427 1223 5482 Θεοῦ
1262 5447 1358 5501 μου
1390 5430 1641 5500 ὑψίστου;
1672 5433 1720 5483 εί
1759 5431 1994 5503 καταλή-

432 5516 602 5589 ψομαι
621 5519 782 5573 αὑτὸν
810 5521 867 5574 ἐν
886 5519 1345 5591 ὁλοκαυτώμασιν,
1364 5522 1421 5574 ἐν
1449 5520 1666 5592 μόσχοις
1686 5521 1992 5587 ἐνιαυσίοις

433 5610 480 5662 ει
516 5610 590 5663 δῶ
632 5611 944 5683 πρωτότοκα
975 5610 1180 5673 κοιλίας
1220 5629 1321 5682 μου
1352 5611 1492 5681 ὑπὲρ
1524 5612 1794 5683 ἁμαρτίας
1818 5612 1995 5686 ψυχῆς

503 5701 546 5732 ⁵⁷
583 5701 741 5757 Mich.
767 5719 837 5765 Iv,
867 5704 922 5759 2.
998 5705 1044 5735 ⁸³
1068 5703 1229 5757 Mich.
1258 5720 1308 5771 v,
1335 5703 1389 5758 2.

504 5791 582 5862 (ι)
622 5791 972 5850 Βεεὶᾱιϊτιιυι-
1000 5795 1081 5849 τό.
1122 5794 1276 5851 Enn.

2110 4611 2240 4677 rint,
2264 4626 2330 4665 ex
2362 4625 2427 4666 eo
2453 4609 2766 4665 Bethlehem
2795 4611 2936 4673 loco,
2972 4607 3039 4663 de
3066 4623 3175 4678 quo
3193 4607 3305 4676 jam
3331 4604 3536 4658 dictum
3567 4609 3671 4666 est,

2110 4700 2399 4757 manifeste
2446 4710 2571 4770 post
2599 4701 2718 4771 ejus
2752 4700 3056 4772 prophetiae
3089 4710 3354 4768 tempora,
3381 4697 3674 4750 humanam

2110 4792 2333 4847 subiens
2362 4790 2613 4855 formam,
2661 4806 2985 4863 progressus
3020 4798 3147 4855 est;
3177 4796 3341 4858 atque
3390 4786 3536 4839 illico
3563 4798 3674 4838 una

2106 4899 2231 4939 cum
2261 4884 2379 4954 ejus
2405 4884 2660 4951 adventu,
2691 4900 2755 4940 ea
2796 4900 2920 4955 qua)
2965 4883 3078 4953 jam
3126 4881 3380 4952 praedicta
3432 4875 3670 4942 fuerant,

2104 4977 2370 5046 completa
2388 4985 2535 5032 sunt.
2554 4978 2740 5047 itaque
2766 4992 2797 5032 e
2815 4976 3044 5045 vestigio
3065 4974 3182 5028 sine
3203 4985 3373 5032 mora,
3396 4981 3675 5039 quaecum-

2105 5082 2211 5136 que
2236 5067 2408 5122 tristia
2440 5075 2494 5123 et
2523 5067 2720 5125 infesta
2766 5067 3006 5122 Iudaicae
3063 5065 3204 5136 genti
3254 5061 3509 5134 praedicta
3554 5059 3665 5115 fue-

2103 5167 2250 5222 rant,
2287 5169 2585 5215 evenerunt
2618 5179 2633 5215 :
2667 5175 2730 5215 ac
2761 5174 2954 5215 rursus
2998 5156 3209 5212 caeteris
3244 5153 3516 5225 gentibus,
3545 5164 3673 5205 ora-

2104 5253 2245 5308 culis
2280 5258 2670 5320 consentanea,
2702 5260 2863 5322 atque
2910 5249 3026 5319 ipse
3060 5249 3148 5302 hic
3200 5244 3449 5301 Salvator
3471 5250 3525 5296 et
3561 5240 3670 5295 Do-

2106 5347 2293 5402 minus
2320 5356 2510 5402 noster
2532 5347 2587 5400 in
2614 5346 2924 5405 Bethlehem
2973 5354 3319 5413 progressus,
3350 5336 3471 5405 ejus
3504 5334 3670 5389 Israel

2104 5439 2383 5510 princeps,
2414 5440 2508 5509 qui
2545 5440 2611 5494 ad
2660 5437 3072 5508 intelligentiam
3122 5429 3378 5492 refertur,
3425 5427 3672 5482 declara-

2100 5538 2193 5587 tus
2220 5541 2305 5587 est
2333 5552 2345 5587 :
2377 5533 2579 5602 quippe
2602 5547 2723 5587 cum
2754 5546 2819 5585 e0
2846 5528 3065 5583 nomine
3089 5524 3322 5596 populus
3344 5519 3669 5588 omnis.qui-

2103 5634 2335 5691 cumque
2376 5620 2544 5678 Deum
2579 5632 2638 5677 et
2664 5621 2844 5676 videre
2874 5627 2928 5674 et
2954 5617 3041 5689 pie
3072 5615 3249 5671 colere
3281 5617 3533 5669 assuetus
3571 5606 3664 5670 sit,

3577 373 3683 427 +53
3764 356 3769 363 ’
