4110 6458
444 363 550 416 459

1106 367 1376 424 EUSEBII
1415 369 1900 429 CAESARIENSIS
1936 374 2089 431 OPP.
2130 375 2312 434 PARS
2346 378 2412 434 ll.
2444 410 2502 422 —
2555 380 3044 443 APOLOGETICA.

3573 391 3679 450 440

445 479 765 547 appelletur.
792 478 859 532 Et
897 494 1027 535 sane
1050 481 1257 552 inspice
1287 485 1744 553 quemadmodum
1775 504 1887 545 suze
1924 490 2008 545 di-

2118 509 2257 563 μου;
2294 513 2313 545 ι
2351 495 2414 548 ἐκ
2454 494 2511 548 δὲ
2575 495 2865 566 προσώπου
2916 500 3008 552 τοῦ
3067 499 3201 553 Θεοῦ
3243 500 3448 554 τοιάνδε
3500 503 3678 568 αὐτοῖς

442 569 585 624 vina:
630 573 1107 644 antecedentisque
1146 574 1466 633 substantize
1517 580 1721 648 exitus,
1752 582 1822 638 ab
1852 582 2011 640 initio

443 668 497 717 et
522 677 589 716 ex
623 661 815 719 diebus
851 666 1033 719 saeculi
1075 665 1277 723 habere
1313 666 1550 735 dicatur,
1593 674 1736 743 quod
1787 675 2006 745 quidem

444 754 760 823 neutiquam
810 755 1048 812 hominis
1104 766 1313 814 natura:
1366 764 1670 818 conveniat.
1718 765 1847 821 Post
1892 766 2007 823 haec

442 843 731 913 paululum
753 862 1042 918 progressa
1071 851 1390 920 prophetica
1441 856 1636 920 oratio,
1663 858 1829 913 etiam
1860 875 2007 914 nunc

441 950 636 991 rursus
662 940 862 994 veteris
887 941 1077 1011 legalis
1099 943 1237 999 ritus
1257 944 1821 1019 circumscriptionem
1848 959 2009 1022 atque

441 1027 790 1086 abolitionem
819 1033 1162 1090 subostendit
1188 1053 1253 1092 ex
1275 1054 1507 1108 persona
1529 1041 1734 1111 populi,
1768 1043 1957 1100 dicens
1991 1065 2006 1099 :

446 1136 466 1169 ι
516 1120 574 1173 ln
628 1136 738 1192 quo
778 1125 1165 1195 comprehendi
1220 1126 1550 1184 Dominum?
1589 1134 1787 1189 tenebo
1840 1133 2009 1191 Deum

438 1225 618 1266 meum
649 1214 1016 1271 altissimum?
1041 1234 1170 1274 num
1206 1222 1661 1292 comprehendam
1686 1241 1809 1281 eum
1840 1227 1895 1281 in
1924 1229 2010 1283 in-

439 1304 609 1374 tegris
647 1308 970 1375 sacriﬁciis,
1016 1311 1071 1366 in
1118 1313 1305 1369 vitulis
1354 1315 1663 1372 anniculis?
1703 1333 1834 1373 num
1868 1319 2009 1375 dabo

438 1397 803 1469 primogenita
842 1402 1052 1458 ventris
1073 1405 1202 1472 mei,
1234 1420 1333 1476 pro
1357 1415 1584 1477 peccato
1606 1407 1801 1463 anima:
1835 1412 2011 1465 mete?

437 1489 518 1544 Ex
545 1506 781 1562 persona
809 1505 985 1551 autem
1015 1495 1107 1552 Dei
1144 1499 1224 1553 sic
1253 1498 1333 1555 eis
1357 1502 1713 1570 respondens,
1749 1502 1824 1555 ait
1856 1521 1868 1556 :
1906 1522 1924 1555 ι
1952 1502 2010 1559 Si

438 1581 763 1639 indicaverit
790 1586 909 1651 tibi,
951 1603 983 1642 ο
1013 1589 1194 1657 homo,
1231 1590 1360 1660 quid
1406 1592 1477 1646 sit
1522 1593 1746 1657 bonum,
1792 1602 1849 1649 et
1879 1594 2011 1665 quid

438 1672 705 1733 Dominus
748 1680 992 1749 requirat
1016 1696 1045 1735 a
1076 1690 1150 1747 te,
1188 1697 1370 1739 nonne
1404 1694 1461 1739 ut
1510 1683 1682 1742 facias
1718 1685 2008 1756 judicium,

437 1777 491 1823 et
520 1768 718 1841 diligas
762 1773 1215 1840 misericordiam,
1262 1784 1317 1830 et
1356 1783 1578 1846 paratus
1611 1778 1688 1833 sis
1732 1778 2013 1834 ambulare

2107 584 2203 657 τήν
2264 586 2552 658 ἀπόκρισιν
2609 589 2926 661 ποιούμενος
2958 608 2975 623 ο
3030 612 3048 644 ι
3089 593 3153 646 Et
3204 592 3498 666 ἀναγγείλῃ
3559 612 3675 660 σοι,

2104 677 2375 751 ἄνθρωπε,
2406 680 2461 733 τί
2491 680 2675 745 καλὸν,
2705 682 2798 736 καὶ
2830 683 2886 736 τί
2903 684 3105 756 Κύριος
3130 685 3351 757 ἐκζητεῖ
3380 687 3531 760 παρά
3558 688 3676 754 σοῦ,

2106 771 2222 825 ἀλλ’
2267 772 2299 844 ἢ
2344 770 2437 825 τοῦ
2480 776 2654 826 ποιεῖν
2690 775 2889 846 κρίμα,
2941 777 3036 829 καὶ
3086 778 3305 849 ἀγαπᾷν
3352 779 3534 844 ἔλεος,
3583 783 3678 834 καὶ

2106 862 2319 933 ἕτοιμον
2366 858 2502 915 εἶναι
2550 862 2881 933 πορεύεσθαι
2926 863 3103 918 ὀπίσω
3143 866 3351 937 Κυρίου
3399 865 3493 920 τοῦ
3541 866 3676 922 Θεοῦ

2108 971 2235 1020 σονς
2278 975 2296 1007 ι
2338 955 2854 1026 Ἔχεις-τοιγαροῦν
2891 956 3165 1010 κάνταῦθα
3217 959 3309 1012 ἐπὶ
3351 962 3418 1030 τῇ
3463 976 3678 1032 προφη-

2106 1047 2366 1119 τευομένῃ
2394 1048 2486 1101 τοῦ
2520 1048 2727 1119 Κυρίου
2764 1047 2822 1114 ἐξ
2847 1048 3092 1118 οὐρανῶν
3122 1051 3201 1113 εἰς
3231 1051 3550 1123 ἀνθρώπους
3580 1069 3680 1108 κα-

2106 1138 2261 1209 θόδῳ,
2286 1137 2421 1207 ὁμοῦ
2461 1139 2554 1192 καὶ
2596 1138 2737 1192 κατὰ
2765 1137 2826 1192 τὸ
2867 1139 2997 1192 αὑτὸ
3036 1138 3258 1194 πλεῖστα
3286 1142 3386 1196 ὅσα
3422 1145 3680 1215 σημαινό-

2109 1246 2264 1301 μεναο
2302 1230 2571 1283 Ἰουδαίων
2598 1228 2890 1301 ἀποϐολὴν,
2917 1229 3171 1301 ἐλέγχους
3193 1232 3302 1286 τῶν
3336 1233 3549 1289 ἀσεϐῶν
3576 1236 3678 1289 αὖ·

2106 1321 2233 1385 τῶν,
2264 1320 2579 1393 καθαίρεσιν
2612 1322 2711 1392 τῆς
2739 1321 3021 1392 βασιλικῆς
3055 1323 3232 1378 αὐτῶν
3263 1327 3678 1398 μητροπόλεως,

2108 1411 2206 1482 τῆς
2251 1429 2309 1465 τε
2358 1412 2522 1466 πάλαι
2567 1413 2831 1485 πρότερον
2866 1413 2995 1484 παρ’
3033 1415 3213 1479 αὐτοῖς
3256 1417 3677 1491 ἐπιτελουμένης

2110 1505 2250 1559 κατὰ
2278 1504 2480 1559 Μωσέα
2518 1504 2773 1577 λατρείας
2807 1506 3135 1579 παραίτησιν
3154 1524 3167 1537 ·
3204 1507 3433 1580 ἔμπαλιν
3457 1511 3514 1565 δὲ
3545 1514 3677 1585 περὶ

2109 1595 2215 1651 τῶν
2244 1594 2430 1662 ἐθνῶν,
2449 1595 2656 1665 ἀγαθὰς
2685 1597 3033 1665 ἐπαγγελίας,
3055 1597 3345 1666 ἐπίγνωσιν
3368 1600 3523 1665 Θεοῦ,
3555 1619 3680 1657 και-

2109 1688 2196 1742 νὸν
2223 1688 2421 1759 τρόπον
2449 1688 2747 1753 εὐσεϐείας,
2764 1690 2924 1760 νόμον
2948 1690 3152 1757 καινὸν,
3172 1694 3265 1746 καὶ
3294 1693 3464 1762 Λόγον
3483 1696 3546 1747 ἐκ
3578 1693 3681 1766 μὲν

2109 1781 2209 1851 τῆς
2263 1779 2529 1834 Ἰουδαίων
2569 1778 2751 1852 χώρας
2788 1782 3276 1854 προελευσόμενον,
3305 1787 3383 1849 είς
3415 1786 3594 1840 πάντα
3621 1786 3681 1841 δὲ

437 1871 564 1931 post
593 1861 882 1920 Dominum
923 1865 1091 1921 Deum
1142 1876 1295 1923 tuum
1315 1868 1400 1922 '3’?
1425 1890 1444 1922 ›
1484 1867 1665 1927 Habes
1715 1871 1881 1943 igitur
1920 1870 2008 1927 hic

2111 1874 2179 1927 τὰ
2226 1872 2350 1943 ἐθνη
2407 1872 2884 1944 διαδοθησόμενον·
2940 1874 3083 1946 ἅπερ
3138 1876 3321 1929 ὁποῖον
3368 1876 3521 1941 τέλος
3586 1879 3682 1932 καὶ

390 2012 398 2017 ,
438 1972 659 2027 quoque
701 1957 756 2011 in
798 1973 883 2027 eo,
915 1958 985 2014 de
1024 1974 1134 2029 quo
1182 1960 1458 2030 prophetae
1496 1962 1814 2033 loquuntur,
1849 1963 2008 2034 27G

2114 1961 2301 2015 ὁποίαν
2334 1960 2556 2015 ἔκϐασιν
2602 1960 2711 2014 τῶν
2757 1961 2930 2031 λόγων
2975 1961 3112 2032 μετά
3151 1963 3250 2034 τὴν
3292 1961 3387 2016 τοῦ
3428 1963 3683 2035 Σωτῆρος

440 2044 654 2101 Domini
685 2047 751 2103 de
772 2049 911 2103 caelo
939 2048 1007 2103 ad
1039 2050 1287 2107 homines
1316 2052 1604 2120 descensu,
1629 2054 1864 2125 plurima
1893 2070 2008 2125 qua:

2116 2052 2270 2125 ἡμῶν
2320 2052 2493 2122 Ἰησοῦ
2544 2052 2781 2123 Χριστοῦ
2830 2054 3128 2124 παρουσίαν
3179 2053 3551 2118 ἐπιδέδεκται,
3601 2053 3683 2106 σοὶ

440 2139 601 2193 simul
617 2138 669 2193 in
686 2141 874 2195 eodem
890 2141 1265 2213 signiﬁcantur
1276 2140 1584 2201 Judaorum
1607 2165 1619 2201 :
1641 2146 2008 2216 rejectionem,

2118 2145 2427 2199 καταλείπω
2456 2147 2695 2199 σκοπεῖν.

436 2234 885 2303 exprobrationes
931 2238 1196 2295 scelerum
1238 2256 1463 2305 eorum,
1507 2242 1789 2296 interitum
1838 2241 1999 2313 regiae
2039 2242 2279 2312 ipsorum
2336 2240 2603 2304 civitatis,
2680 2241 2925 2311 ritusque
2968 2239 3210 2307 Mosaici,
3253 2242 3345 2313 qui
3387 2243 3526 2313 apud
3583 2257 3676 2298 eos

437 2329 565 2384 olim
596 2331 750 2402 prius
781 2334 1118 2404 servabatur,
1154 2337 1559 2411 abrogationem
1588 2345 1679 2394 :et
1715 2354 1746 2394 e
1777 2338 2054 2393 contrario
2086 2337 2151 2391 ad
2192 2344 2400 2407 gentes,
2451 2336 2875 2406 pollicitationes
2922 2336 3115 2401 bonas,
3185 2338 3514 2410 agnitionem
3556 2337 3674 2403 Dei,

436 2435 637 2475 novum
680 2424 862 2479 cultus
905 2425 1073 2481 divini
1119 2426 1305 2495 ritum,
1355 2443 1662 2499 novamque
1713 2428 1906 2501 legem,
1947 2443 2012 2484 ac
2048 2425 2285 2483 Verbum
2327 2428 2471 2499 quod
2502 2427 2570 2483 de
2605 2428 2829 2499 regione
2875 2427 3186 2484 Judaeorum
3231 2430 3305 2485 sit
3362 2445 3680 2502 progressu-

436 2530 579 2579 rum,
605 2515 742 2571 etin
772 2531 962 2574 omnes
990 2526 1179 2590 gentes
1213 2520 1706 2586 disseminandum,
1763 2537 1886 2592 qua:
1929 2521 2147 2592 quidem
2176 2520 2483 2591 cuiusmodi
2529 2518 2711 2584 ﬁnem,
2769 2527 2824 2577 et
2883 2519 3197 2590 cuiusmodi
3241 2524 3510 2580 orationis
3566 2522 3685 2581 exi-

435 2614 573 2675 tum,
605 2620 728 2680 post
760 2608 1061 2670 Salvatoris
1103 2614 1275 2670 nostri
1308 2612 1435 2671 Jesu
1465 2613 1669 2672 Christi
1710 2613 2000 2672 adventum
2037 2613 2394 2676 ostenderint,
2424 2611 2519 2667 tibi
2552 2611 3030 2683 contemplandum
3065 2613 3331 2685 relinquo.

1020 2735 1252 2792 CAPUT
1281 2736 1419 2793 XIV.

436 2819 515 2875 Ab
535 2821 845 2880 Ambacum.
879 2857 951 2868 —
975 2828 1128 2895 Quod
1162 2831 1364 2886 veniens
1395 2830 1495 2888 Dei
1539 2832 1785 2897 Verbum,
1824 2842 2006 2887 ventu-

544 2910 663 2948 ram
702 2913 862 2967 neque
890 2909 1215 2955 moraturum
1244 2913 1518 2957 caneretur
1544 2921 1576 2958 α
1615 2904 1903 2975 prophetis.

434 3024 451 3055 ι
510 3025 533 3059 ι
560 3007 625 3064 Et
656 3011 937 3081 respondit
956 3013 1382 3085 mihiDominus,
1412 3028 1468 3073 et
1499 3018 1675 3073 dixit:
1708 3017 1898 3074 Scribe
1924 3019 2005 3074 vi-

437 3101 650 3156 sionem
700 3103 992 3161 manifeste
1019 3106 1074 3161 in
1119 3108 1341 3176 tabella,
1394 3118 1452 3165 ut
1502 3118 1868 3182 persequatur
1908 3111 2003 3182 qui

2637 2734 3029 2788 ΚΕΦΛΛΑῘΟΝ
3068 2735 3162 2787 lA’.

2126 2830 2265 2884 Ἀπὸ
2314 2829 2736 2912 Ἁμϐακορμμς-
2749 2828 2847 2912 Ἐς
2864 2827 3214 2912 ’ἐρχόμενος
3243 2824 3453 2912 fusam,
3471 2820 3574 2912 “xui
3604 2821 3681 2875 οὐ
3742 2833 3749 2837 '

2206 2896 2517 2970 χρονίσειν
2546 2902 2578 2953 ό
2603 2896 2716 2951 θτοῦ
2744 2897 2892 2951 Θεοῦ
2918 2899 3106 2967 Λόγος
3128 2896 3579 2966 προεφητεύετο.

2188 3033 2205 3064 ι
2234 3016 2343 3068 Καὶ
2364 3013 2632 3085 ἀπεκρίθη
2667 3013 2870 3084 Κύριος
2900 3011 3035 3084 πρός
3078 3028 3172 3082 με,
3203 3010 3300 3063 καὶ
3342 3005 3490 3063 εἷπε·
3531 3006 3677 3080 Γράο

2110 3108 2210 3178 ψον
2239 3108 2430 3180 ὅρασιν
2459 3106 2644 3177 σαφῶς
2675 3109 2733 3160 ἐν
2766 3105 2961 3177 πυξίῳ,
2991 3106 3139 3169 ὅπως
3169 3101 3343 3174 διώκῃ
3370 3103 3397 3155 6
3426 3097 3684 3169 ἀναγινώ-

437 3189 568 3260 legit
613 3206 678 3247 ea
704 3210 719 3248 :
751 3198 1006 3263 quoniam
1033 3198 1215 3254 adhuc
1259 3200 1401 3258 visio
1423 3202 1492 3258 ad
1525 3210 1760 3271 tempus,
1791 3209 1845 3257 et
1871 3202 2008 3258 orie-

2116 3213 2259 3250 σκων
2286 3195 2427 3250 αὑτά
2444 3213 2456 3226 ·
2482 3196 2614 3249 διότι
2647 3196 2727 3250 ἐτι
2754 3197 2941 3268 ὅρασις
2967 3196 3046 3258 είς
3071 3194 3283 3264 καιρὸν,
3315 3192 3411 3245 καὶ
3435 3187 3686 3243 ἀνατελεῖ

439 3294 530 3337 tur
558 3285 628 3339 ad
670 3301 972 3357 vesperam,
1007 3298 1061 3346 et
1092 3307 1199 3347 non
1232 3294 1289 3349 in
1328 3310 1554 3352 vanum.
1583 3294 1642 3350 Si
1672 3296 1883 3352 tardius
1917 3311 2011 3352 ve—

439 3374 571 3439 niet,
593 3388 849 3445 exspecta
873 3378 1054 3449 illum;
1079 3385 1336 3453 quoniam
1354 3387 1583 3443 veniens
1598 3387 1800 3452 veniet,
1825 3393 1880 3442 et
1901 3401 2010 3441 non

437 3466 760 3522 morabitur.
804 3467 862 3524 Si
892 3473 1223 3530 subtraxerit
1260 3493 1339 3542 se,
1377 3493 1488 3533 non
1537 3478 1677 3534 bene
1707 3478 1810 3534 sibi
1837 3478 2012 3546 placet

438 3555 617 3610 anima
639 3572 758 3613 mea
785 3562 841 3614 in
867 3576 953 3617 eo.
973 3562 1161 3620 Justus
1183 3576 1364 3622 autem
1384 3583 1450 3622 ex
1463 3566 1568 3623 ﬁde
1596 3582 1715 3623 mea
1740 3567 1885 3622 vivet
1905 3566 2005 3623 ⁷ο.»

437 3645 612 3703 Etiam
643 3649 746 3707 hoc
787 3653 908 3709 loco
944 3656 1121 3725 palam
1153 3673 1275 3713 eum
1308 3659 1401 3729 qui
1427 3660 1600 3724 venit,
1636 3659 1703 3715 de
1731 3674 1842 3730 quo
1878 3673 2009 3730 pro-

440 3737 615 3808 pheta:
647 3742 966 3814 loquuntur,
995 3757 1281 3804 venturum
1306 3751 1473 3807 canit.
1501 3749 1610 3808 Sed
1643 3752 1770 3822 quis
1791 3752 2010 3807 tandem

436 3831 528 3887 hic
574 3834 665 3899 sit,
710 3837 818 3893 nisi
862 3839 956 3909 qui
1018 3856 1185 3911 supra
1230 3841 1466 3898 innotuit
1527 3843 1584 3898 in
1628 3844 1737 3900 illis
1783 3844 2005 3901 verbis:

444 3943 465 3978 ι
502 3925 831 3987 Benedictus
877 3933 970 4001 qui
1022 3938 1170 3990 venit
1208 3935 1266 3990 in
1315 3937 1534 3991 nomine
1579 3935 1815 4003 Domini,
1867 3936 2011 3994 Deus

439 4015 702 4078 Dominus
731 4034 786 4079 et
818 4024 998 4079 illuxit
1030 4028 1299 4083 nobis“?
1338 4048 1356 4082 ι
1390 4028 1549 4084 Hunc
1577 4044 1707 4084 vero
1751 4040 2010 4099 tanquam

435 4123 584 4175 eum,
617 4113 710 4181 qui
756 4114 935 4183 ipsum
974 4115 1158 4173 lumen
1189 4118 1282 4181 sit,
1313 4118 1381 4172 ad
1414 4134 1696 4188 vesperam
1737 4121 2009 4174 oriturum

437 4202 534 4265 ait,
585 4203 640 4256 in
692 4208 1161 4265 consummatione
1206 4208 1460 4264 videlicet
1511 4209 1856 4265 saeculorum.
1908 4209 2009 4265 Cui

438 4293 738 4349 concordat
783 4297 946 4353 etiam
989 4298 1305 4364 Zacharias,
1355 4298 1547 4355 dicens
1593 4317 1607 4353 :
1656 4317 1674 4349 ι
1716 4297 1857 4353 Ecce
1901 4299 2007 4366 vir,

437 4384 634 4442 Oriens
679 4403 875 4446 nomen
899 4389 970 4456 ei,
1006 4401 1058 4447 et
1091 4392 1282 4449 subter
1320 4404 1445 4446 eum
1486 4391 1773 4447 orietur".
1814 4410 1833 4443 ι
1864 4389 2008 4446 idem

436 4492 569 4534 vero
601 4482 863 4553 propheta
891 4487 1055 4539 etiam
1087 4492 1301 4554 tempus
1335 4482 1629 4553 signiﬁcat,
1652 4482 1781 4538 dum
1816 4483 2011 4555 adjun-

2112 3290 2192 3352 είς
2224 3289 2417 3360 πέρας,
2453 3289 2543 3341 καὶ
2573 3289 2674 3342 οὐκ
2726 3290 2806 3351 είς
2836 3287 3008 3343 κενόν.
3050 3285 3173 3338 Ἐὰν
3207 3284 3482 3367 ὑστερήσῃ
3503 3324 3517 3348 ,
3548 3281 3682 3334 ὑπό-

2118 3398 2300 3452 μεινον
2329 3381 2522 3434 αὐτόν’
2548 3382 2631 3435 ὅτι
2657 3383 2686 3434 6
2717 3380 3007 3452 ἐρχόμενος
3039 3376 3157 3449 ἣξει
3178 3417 3192 3441 ,
3226 3376 3322 3429 καὶ⁵
3347 3376 3408 3429 οὑ
3447 3374 3521 3446 μὴ
3564 3390 3683 3444 χρο-

2111 3471 2253 3543 νίσῃ.
2292 3472 2414 3547 ’ῌάν
2442 3471 2823 3543 ὑποστείληται
2846 3511 2861 3535 ,
2892 3470 2991 3523 οὑκ
3015 3469 3223 3523 εὐδοκεῖ
3248 3469 3283 3539 ή
3308 3465 3452 3537 ψυχή
3497 3480 3596 3536 μου
3624 3465 3683 3517 ἐν

2112 3563 2277 3635 αὐτῷ.
2313 3564 2448 3618 ’0δέ
2478 3564 2684 3627 δίκαιος
2724 3566 2790 3617 ἐκ
2819 3561 3051 3625 πίστεώς
3095 3577 3197 3632 μου
3242 3559 3484 3629 ζήσεται.
3516 3577 3532 3607 ι
3571 3555 3681 3609 Καὶ

2111 3654 2342 3710 ἐνταῦθα
2373 3655 2663 3727 διαρρήδην
2693 3654 2986 3726 ἐρχόμενον
3024 3651 3174 3723 ἥξειν
3212 3650 3302 3703 τὸν
3341 3647 3683 3722 προφητευό-

2114 3765 2271 3819 μενον
2300 3747 2562 3811 θεσπίζει.
2594 3748 2690 3810 Τίς
2712 3746 2755 3799 δ’
2779 3742 2847 3817 ἦν
2878 3738 3031 3810 οὗτος
3056 3783 3073 3810 ,
3108 3744 3141 3814 ἢ
3174 3744 3202 3796 6
3227 3743 3486 3816 ἀνωτέρω
3516 3739 3685 3811 δηλω-

2112 3840 2242 3903 θεὶς,
2270 3838 2412 3893 κατὰ
2442 3838 2525 3904 τὸ,
2561 3857 2579 3889 ι
2608 3837 2982 3908 Εὐλογημένος
3006 3838 3034 3891 6
3063 3834 3352 3907 ἐρχόμενος
3375 3834 3433 3885 ἐν
3462 3831 3684 3902 ὀνόματι

2111 3931 2315 4001 Κυρίου
2335 3969 2350 3994 ,
2380 3929 2510 3995 Θεὸς
2538 3929 2741 4002 Κύριος
2785 3928 2880 3982 καὶ
2926 3928 3194 3997 ἐπέφηνεν
3228 3927 3394 3996 ήμῖν;
3433 3942 3451 3975 ι
3483 3921 3685 3975 Τοῦτον

2110 4019 2188 4085 δὲ,
2219 4015 2306 4074 οἷα
2338 4020 2455 4089 φῶς
2482 4020 2816 4091 τυγχάνοντα
2836 4060 2849 4085 ,
2876 4021 2956 4084 είς
2979 4019 3152 4090 πέρας
3181 4015 3462 4071 ἀνατελεῖν
3496 4029 3680 4085 φησιν,

2110 4110 2202 4162 ἐπὶ
2244 4110 2524 4183 συντελείᾳ
2551 4111 2660 4167 τῶν
2693 4110 2921 4165 αἰώνων.
2955 4104 3025 4181 ᾯ
3071 4107 3283 4177 συνᾴδει
3326 4108 3421 4161 καὶ
3448 4108 3477 4159 6
3507 4107 3682 4174 Ζαχα-

2114 4200 2253 4271 ρίας,
2276 4201 2447 4269 λέγων
2469 4218 2481 4230 ο
2507 4220 2526 4252 ι
2568 4201 2699 4255 Ἰδοὺ
2729 4200 2889 4272 ἀνὴρ,
2926 4198 3180 4271 ’Δνατολὴ
3194 4199 3364 4269 ὄνομα
3389 4193 3556 4265 αὐτῷ,
3585 4191 3696 4249 καὶ.

2112 4292 2464 4348 ὑποκάτωθεν
2498 4292 2664 4348 αὐτοῦ
2704 4293 2955 4364 ἀνατολή.
2991 4311 3009 4344 ι
3044 4292 3154 4345 Καὶ
3194 4292 3285 4344 τὸν
3329 4288 3515 4361 χρόνον
3548 4288 3682 4340 ὑπο-

2113 4385 2389 4459 σημαίνων
2417 4387 2445 4439 6
2477 4385 2637 4449 αὑτὸς
2659 4384 2926 4453 ἐπιλέγει⁸
2959 4402 2976 4434 ι
3007 4382 3081 4435 Τὸ
3114 4382 3247 4455 πρὸς
3272 4379 3503 4452 ἑσπέραν
3528 4378 3681 4431 ἔσται

2113 4480 2247 4548 φῶς.
2292 4479 2416 4532 Ἐὰν
2476 4478 2779 4550 ὑστερήση,
2821 4476 3111 4546 ὑπόμεινον
3141 4473 3328 4527 αὐτόν’
3362 4491 3380 4524 ι
3416 4468 3531 4524 ἀνθ’
3562 4464 3623 4524 οῦ
3654 4470 3683 4521 ὁ

437 4569 610 4640 git":
647 4590 667 4624 ι
705 4574 785 4629 Ad
812 4590 1098 4645 vesperam
1127 4577 1235 4631 erit
1257 4575 1461 4639 lumen,
1487 4575 1533 4630 si
1566 4575 1777 4631 tardius
1800 4577 2005 4640 veniet,

2124 4572 2357 4635 Ἀκύλας
2403 4570 2730 4641 πεποίηκεν
2773 4587 2791 4620 ι
2833 4568 2957 4623 Ἐὰν
3000 4567 3057 4620 δὲ
3091 4564 3351 4637 μελλήσῃ,
3386 4563 3683 4635 προσδέχου

436 4672 694 4734 exspecta
729 4665 902 4721 illum.
938 4687 956 4719 ι
982 4666 1090 4722 Pro
1120 4682 1231 4737 quo
1260 4665 1455 4736 Aquila
1490 4667 1572 4722 sic
1598 4667 1872 4723 reddidit:
1900 4688 1919 4722 ι
1950 4667 2008 4724 Si

437 4768 566 4808 vero
617 4757 987 4823 cunctabitur,
1026 4757 1214 4827 accipe
1255 4757 1430 4826 illum,
1474 4759 1735 4829 quoniam
1785 4761 2011 4816 veniens

436 4848 636 4911 veniet,
665 4854 719 4902 et
757 4864 868 4902 non
918 4848 1177 4902 tardabit.
1220 4867 1238 4898 ι
1278 4846 1354 4905 De
1395 4849 1499 4905 hoc
1533 4860 1715 4907 autem
1763 4853 2010 4907 meminit

436 4938 601 4993 etiam
632 4939 700 4995 ad
731 4940 991 4997 Hebraeos
1025 4939 1288 5011 Epistola,
1319 4941 1409 4998 ubi
1438 4944 1515 4998 ait
1542 4964 1556 5001 :
1594 4962 1613 4996 ι
1636 4942 1814 5001 Nolite
1842 4945 2008 5016 igitur

436 5030 677 5101 adjicere
708 5032 1096 5088 conﬁdentiam
1136 5041 1394 5099 vestram,
1428 5052 1548 5106 quae
1565 5051 1814 5106 magnam
1847 5037 2012 5093 habet

438 5124 955 5179 remunerationem.
1012 5120 1282 5178 Patientia
1329 5126 1472 5181 enim
1530 5126 1688 5182 vobis
1749 5141 2007 5182 necessa-

438 5214 519 5268 ria
569 5223 674 5281 est,
737 5224 796 5271 ut
851 5217 1188 5271 voluntatem
1226 5215 1321 5273 Dei
1368 5217 1668 5283 facientes,
1722 5217 2012 5288 reponetis

438 5306 600 5378 277
641 5309 1087 5379 promissionem.
1130 5308 1325 5364 Adhuc
1362 5311 1509 5365 enim
1548 5309 1824 5364 modicum
1848 5349 1864 5374 ,
1907 5310 2009 5363 ali—

437 5402 911 5473 quantulumque,
956 5404 1050 5473 qui
1097 5415 1360 5461 venturus
1407 5412 1493 5461 est
1538 5403 1754 5468 veniet,
1799 5410 1854 5457 et
1896 5418 2006 5457 non

439 5492 694 5548 tardabit.
738 5491 930 5550 Justus
959 5505 1138 5551 autem
1172 5511 1236 5550 ex
1271 5494 1375 5550 ﬁde
1406 5510 1526 5551 mea
1559 5494 1746 5561 vivet;
1781 5492 1927 5563 quod
1961 5493 2007 5548 si

438 5582 771 5640 subtraxerit
803 5601 863 5641 se
883 5626 898 5643 .
932 5601 1040 5641 non
1075 5588 1214 5642 bene
1243 5586 1347 5642 sibi
1380 5586 1557 5655 placet
1589 5584 1771 5639 anima
1799 5600 1919 5639 mea
1951 5583 2006 5639 in

2113 4665 2306 4730 αὑτὸν,
2334 4665 2416 4716 ὅτι
2449 4664 2740 4734 ἐρχόμενος
2782 4660 2902 4731 ἥξει
2922 4701 2937 4724 ,
2974 4660 3066 4713 καὶ
3098 4659 3157 4711 οὐ
3194 4658 3464 4731 βραδυνεῖ.
3498 4676 3517 4708 ι
3550 4654 3687 4708 Τού-

2111 4774 2204 4811 του
2241 4755 2299 4810 δέ
2332 4755 2604 4827 μέμνηται
2634 4754 2726 4808 καὶ
2760 4756 2794 4825 ἡ
2820 4753 2956 4824 πρὸς
2988 4750 3272 4822 Ἐϐραίους
3304 4747 3591 4819 Ἐπιστολὴ
3616 4747 3685 4801 δι’

2113 4841 2188 4901 ὧν
2218 4862 2379 4918 φησι·
2419 4865 2438 4895 ι
2474 4844 2567 4917 Μὴ
2600 4842 2908 4914 ἀποϐάλητε
2932 4837 3022 4896 οὖν
3047 4840 3144 4913 τὴν
3169 4841 3478 4912 παρρησίαν
3508 4837 3683 4910 ὑμῶν,

2113 4940 2234 5010 ἥτις
2277 4938 2388 5010 ἔχει
2439 4936 2681 5009 μεγάλην
2732 4933 3171 5007 μισθαποδοσίαν.
3221 4931 3530 5003 ’Υπομονῆς
3577 4931 3684 5001 γάρ

2115 5033 2266 5103 ἔχετε
2295 5031 2483 5103 χρείαν
2504 5070 2519 5095 ,
2554 5029 2640 5082 ίνα
2658 5068 2673 5091 ,
2703 5029 2763 5081 τὸ
2792 5026 3001 5098 θέλημα
3042 5024 3135 5079 τοῦ
3160 5023 3294 5078 Θεοῦ
3323 5025 3683 5095 ποιήσαντες,

2114 5123 2411 5197 κομίσησθε
2440 5122 2538 5193 τὴν
2569 5120 2922 5190 ἐπαγγελίαν.
2956 5119 3077 5172 Ἔτι
3115 5116 3223 5189 γὰρ
3258 5117 3451 5190 μικρὸν
3484 5119 3627 5182 ὅσον,
3656 5119 3689 5173 6

2113 5215 2407 5289 ἐρχόμενος
2432 5211 2584 5283 ἥξει,
2609 5211 2705 5264 καὶ
2733 5210 2793 5263 οὐ
2825 5211 3047 5281 χρονιεῖ.
3093 5210 3150 5263 Ὀ
3172 5209 3231 5263 δὲ
3262 5209 3467 5273 δίκαιος
3495 5209 3561 5262 ἐκ
3593 5206 3687 5261 πί-

2119 5307 2286 5371 στεώς
2332 5323 2433 5377 μου
2468 5305 2690 5375 ζήσεται
2711 5320 2723 5332 ·
2754 5302 2849 5355 καὶ
2888 5301 2984 5355 ἐὰν
3018 5301 3431 5373 ὑποστείληται,
3461 5301 3560 5354 οὐκ
3591 5298 3686 5352 εὐ-

2112 5398 2259 5452 δοκεῖ
2295 5398 2328 5469 ή
2365 5396 2508 5467 ψυχή
2546 5412 2646 5465 μου
2687 5396 2745 5447 ἐν
2775 5393 2940 5464 αὑτῷ.
2975 5414 2993 5444 ›
3032 5394 3142 5446 Καὶ
3174 5394 3276 5463 ὅρα
3306 5412 3392 5463 γε,
3420 5394 3566 5457 ὅπως
3597 5392 3687 5448 διὰ

2110 5491 2315 5545 τούτων
2347 5489 2572 5559 ἀσαφῶς
2601 5489 2852 5559 κείμενον
2880 5488 2941 5540 τὸ
2972 5489 3328 5559 προφητικὸν,
3358 5490 3447 5544 διὰ
3473 5490 3534 5544 τὸ
3562 5488 3685 5543 καθ’

2114 5582 2418 5655 ὑπερϐατὸν
2467 5581 2748 5653 εἰρῆσθαι,
2796 5581 2889 5633 ἐπὶ
2913 5579 2973 5632 τὸ
3004 5581 3334 5652 σαφέστερον
3360 5584 3393 5654 ἡ
3428 5581 3683 5652 ἐπιστολὴ
3710 5634 3711 5637 η

499 5788 542 5821 ⁶⁹
594 5802 757 5860 Micb.
788 5820 861 5870 γι,
895 5804 1011 5861 6-8.
1089 5808 1135 5839 "
1164 5805 1367 5864 Hahae.
1400 5824 1460 5875 ιι,
1488 5807 1598 5865 2-4.
1675 5809 1719 5842 τί
1747 5806 1891 5864 Psal.
1919 5822 2008 5863 C.“

2111 5807 2174 5863 26
2271 5809 2314 5840 "
2345 5807 2507 5863 Zach.
2540 5824 2612 5875 vn,
2647 5808 2731 5865 12.
2807 5810 2852 5842 ⁷⁸
2882 5807 3084 5864 Habac.
3127 5825 3186 5877 ιι,
3212 5810 3264 5865 5.
