4110 6444
391 402 488 457 ιιι

1291 398 1938 456 DEMONSTRATIONIS
1973 401 2428 458 EVANGELICAE
2466 402 2596 458 LIB.
2632 403 2723 460 Vl.

3504 411 3610 464 “2

390 524 678 595 διείληφεν.
720 521 783 574 Ἦ
815 522 910 592 μὲν
940 522 1046 591 γὰρ
1073 522 1170 592 τῆς
1190 521 1517 592 προφητείας
1541 522 1703 587 λέξις,
1734 544 1752 575 ‹
1774 526 1834 578 ’0
1862 526 1933 594 ἐρ,

2053 539 2117 579 eo
2145 525 2214 580 ".
2252 544 2270 577 ι
2302 524 2368 579 Ει
2421 541 2552 582 sane
2607 532 2829 596 specta,
2882 525 3335 596 quemadmodum
3386 530 3529 598 quod
3578 545 3609 583 a

392 616 640 687 χόμενος,
672 631 690 663 ι
723 612 905 682 φησιν,
942 630 959 662 ι
989 612 1103 682 ἥξει
1125 652 1139 676 ,
1161 612 1256 664 καὶ
1282 612 1339 665 οὑ
1371 612 1627 682 χρονίσει.
1662 632 1680 664 ι
1709 614 1818 668 Καὶ
1839 615 1957 667 ἐπι-

393 705 578 777 φέρει·
616 725 634 757 r
675 704 798 758 Ἐὰν
819 703 1346 774 ὑποστείληται,οὑκ
1378 705 1644 777 εὑδοκεῖή
1676 705 1819 777 ψυχή
1851 724 1953 777 μου

391 802 450 854 ἐν
476 799 641 871 αύτῷ,
671 819 689 851 ι
720 801 852 871 ὅπερ
888 798 1305 869 συναπτόμενον,
1330 799 1621 867 ἀνάγεσθαι
1655 798 1856 866 δόξειεν
1887 799 1953 853 ἂν

391 894 485 946 ἐπὶ
531 892 621 946 τὸν
659 891 981 963 ἐρχόμενον,
1015 892 1109 945 καὶ
1157 892 1218 944 οὑ
1253 891 1596 963 χρονίζοντα,
1630 894 1764 962 ὅπερ
1807 892 1952 946 ἐστὶν

390 985 606 1040 ἄτοπον.
641 984 765 1047 Πῶς
792 984 898 1056 γὰρ
945 985 1030 1037 ἐπ’
1073 985 1277 1038 ἐκεῖνον
1322 986 1547 1058 ἁρμόσει
1597 986 1657 1039 τὸ
1699 986 1950 1055 λέγεσθαι

395 1075 468 1147 μὴ
498 1076 729 1130 εὑδοκεῖν
756 1079 812 1129 ἐν
844 1075 993 1148 αὑτῷ
1014 1077 1106 1130 τὸν
1139 1077 1269 1130 Θεόν
1290 1095 1304 1143 ;
1323 1078 1460 1131 Ἀλλ’
1485 1080 1516 1150 ή
1541 1080 1640 1150 τῆς
1666 1078 1951 1148 διαστολῆς

391 1168 686 1241 παράθεσις
713 1168 1050 1234 ἐναλλάξασα
1082 1168 1178 1240 τὴν
1207 1168 1301 1223 τοῦ
1341 1169 1497 1238 λόγου
1544 1170 1812 1237 σύνταξιν,
1852 1171 1949 1243 τὴν

386 1261 619 1314 διάνοιαν
654 1259 912 1315 ἐσώσατο.
947 1260 1102 1314 Μετὰ
1128 1261 1235 1334 γὰρ
1256 1262 1338 1326 τὸ,
1375 1281 1394 1314 ι
1424 1264 1543 1315 Ἔτι
1581 1264 1771 1335 μικρὸν
1803 1263 1945 1330 ὅσον,

385 1351 414 1403 6
439 1351 730 1422 ἐρχόμενος
755 1351 895 1423 ἧξει,
932 1352 1024 1405 καὶ
1046 1352 1105 1404 οὑ
1141 1352 1406 1423 χρονίσει,
1440 1372 1458 1404 ι
1484 1351 1608 1423 ἑξῆς
1633 1352 1834 1424 συνῆψε
1863 1353 1943 1416 τὸ,

391 1460 411 1493 t
449 1443 509 1494 '0
532 1441 587 1495 δὲ
612 1442 817 1505 δίκαιος
850 1443 912 1494 ἐκ
950 1442 1183 1505 πίστεως
1211 1442 1455 1512 ζήσεται,
1482 1461 1500 1493 ι
1538 1438 1670 1495 Εἶτα
1697 1442 1758 1495 τὸ
1790 1443 1846 1496 ἐν
1877 1446 1943 1513 τῇ

386 1531 691 1604 προφητείᾳ
710 1530 925 1604 πρῶτον
947 1532 1213 1603 κείμενον,
1244 1529 1472 1597 ὑπέταξε
1499 1532 1746 1606 δεύτερον
1770 1535 1827 1586 ἐν
1844 1532 1942 1604 τῷ,

390 1641 408 1673 ‹
439 1622 549 1677 Καὶ
578 1621 673 1677 ἐὰν
708 1622 1115 1694 ὑποστείληται,
1148 1624 1245 1676 οὑκ
1292 1623 1499 1677 εὐδοκεῖ
1529 1625 1561 1696 ή
1594 1624 1735 1696 ψυχή
1763 1642 1863 1695 μου
1886 1627 1943 1679 ἐν

382 1713 551 1785 αὐτῷ.
592 1734 611 1766 ι
652 1714 831 1779 Ἃπαξ
862 1714 967 1787 γὰρ
999 1714 1257 1783 θεσπίσας
1296 1714 1324 1767 6
1362 1713 1516 1783 λόγος
1544 1714 1630 1769 διὰ
1664 1716 1762 1786 τῆς
1812 1733 1943 1788 προ-

383 1807 609 1879 (θητείας
626 1847 641 1872 ν
675 1807 754 1861 δτι
781 1806 844 1879 δὴ
874 1806 932 1861 τὸ
958 1794 1162 1876 φῶςτὸ
1195 1808 1327 1860 πᾶσι
1368 1809 1481 1872 τοῖς
1518 1806 1722 1860 ἔθνεσιν
1765 1810 1938 1879 ἐπηγ-

2056 617 2322 686 propheta
2369 617 2659 672 obscurius
2697 619 2933 688 positum
2975 626 3087 682 est,
3139 626 3424 689 propterea
3460 620 3603 691 quod

2052 722 2149 776 per
2183 708 2553 778 traiectionem
2589 710 2857 779 prolatum
2892 709 2984 773 sit,
3022 709 3266 779 Epistola
3297 712 3354 765 in
3384 726 3603 766 sensum

2053 798 2352 868 planiorem
2381 800 2760 865 transtulerit;
2796 801 2961 856 verba
3002 802 3146 856 enim
3188 802 3485 873 prophetiae
3522 804 3603 859 sic

2050 887 2251 943 habent
2284 905 2300 942 :
2335 907 2354 940 ‹
2387 887 2626 946 Veniens
2654 892 2863 957 veniet,
2896 902 2948 947 et
2980 908 3091 947 non
3124 894 3466 961 morabitur;
3498 912 3518 945 ι
3550 903 3604 949 ει

2050 977 2296 1051 adiungit
2323 999 2337 1035 :
2370 999 2389 1033 ι
2423 978 2480 1035 Si
2514 982 2847 1037 subtraxerit
2875 998 2962 1049 se,
2993 1000 3102 1039 non
3132 984 3269 1040 bene
3296 985 3400 1040 sibi
3427 985 3607 1055 placet

2053 1072 2235 1127 anima
2265 1088 2382 1127 mea
2416 1073 2587 1129 ineo.
2621 1093 2639 1126 ι
2666 1073 2819 1140 Quod
2849 1076 3065 1141 quidem
3107 1076 3233 1131 dum
3269 1078 3340 1132 ita
3376 1079 3602 1149 conjun-

2046 1163 2208 1233 gitur,
2245 1162 2403 1220 facile
2436 1164 2781 1221 referendum
2816 1182 2938 1222 esse
2972 1168 3220 1224 videatur
3251 1169 3318 1223 ad
3350 1185 3471 1225 eum
3505 1171 3598 1240 qui

2044 1264 2308 1311 venturus
2333 1263 2447 1321 est,
2477 1264 2532 1312 et
2560 1273 2668 1312 non
2697 1259 3037 1327 morabitur;
3071 1267 3127 1314 at
3153 1260 3205 1315 id
3232 1261 3447 1330 quidem
3479 1277 3601 1332 per-

2044 1364 2207 1421 quam
2249 1349 2568 1406 absurdum.
2608 1350 2712 1418 Qui
2750 1353 2894 1407 enim
2936 1352 3052 1408 ﬁeri
3092 1362 3266 1424 potest
3304 1362 3363 1408 ut
3398 1355 3475 1411 illi
3508 1372 3600 1411 ac-

2044 1440 2420 1495 commodetur
2454 1442 2601 1513 quod
2639 1442 2860 1506 dicitur,
2902 1457 3013 1496 non
3050 1443 3265 1512 placere
3300 1445 3403 1499 sibi
3442 1445 3494 1498 in
3533 1460 3603 1501 eo

2043 1531 2278 1586 animam
2310 1548 2462 1588 suam
2480 1573 2495 1598 ,
2524 1533 2571 1588 si
2597 1532 2666 1589 de
2690 1532 2800 1589 Deo
2831 1533 2902 1589 sit
2936 1534 3159 1589 sermo?
3188 1532 3294 1589 Sed
3322 1535 3601 1591 distinctio

2041 1638 2161 1693 qua:
2190 1625 2433 1695 apposita
2463 1635 2582 1690 εει,
2612 1641 2739 1681 cum
2782 1625 3072 1681 verborum
3117 1634 3448 1683 structuram
3478 1644 3601 1682 mu-

2040 1715 2236 1770 taverit
2254 1753 2269 1779 ,
2298 1730 2519 1771 sensum
2549 1719 2909 1775 conservavit.
2942 1717 3073 1773 Nam
3108 1727 3231 1788 post
3259 1719 3387 1773 illud
3413 1738 3426 1773 :
3453 1738 3471 1771 ι
3496 1719 3600 1775 Ad-

2040 1805 2147 1860 huc
2183 1805 2455 1862 modicum
2497 1806 3034 1879 aliquantulumque,
3073 1807 3168 1877 qui
3213 1814 3474 1862 venturus
3515 1816 3599 1865 est

382 1870 667 1969 γελμένον,
705 1897 791 1952 διὰ
822 1870 922 1967 τῆς
952 1870 1187 1968 Χριστοῦ
1232 1870 1533 1970 παρουσίας
1572 1898 1667 1968 ὀψέ
1695 1916 1823 1953 ποτε
1849 1870 1933 1954 καὶ

2038 1898 2243 1963 veniet,
2279 1906 2334 1954 et
2359 1914 2469 1955 non
2499 1870 2772 1966 tardabit,
2805 1918 2824 1952 ι
2853 1870 3109 1955 continuo
3140 1899 3387 1968 adiunxit
3420 1899 3551 1955 illud
3576 1917 3594 1957 :

385 1989 622 2061 ἑσπέρας
662 1988 945 2054 άνατελεῖ,
997 1988 1091 2042 καὶ
1131 1989 1191 2042 οὑ
1227 1988 1570 2059 διαψεύσεται
1624 1989 1797 2061 (οὕτω
1833 1991 1940 2064 γὰρ

382 2079 503 2131 ἀντὶ
532 2078 644 2144 τοῦ,
678 2098 697 2130 ‹
728 2078 819 2132 καὶ
853 2078 950 2132 οὑκ
985 2081 1065 2142 εἰς
1088 2079 1264 2143 κενὸν,
1300 2099 1320 2132 ›
1358 2082 1387 2133 6
1420 2079 1646 2143 Ἀκύλας
1672 2081 1941 2151 ἡρμήνευ-

379 2171 490 2240 σεν)
513 2187 526 2200 ·
565 2170 752 2223 ἔπειτα
775 2170 863 2224 διὰ
892 2170 953 2224 τὸ
985 2171 1197 2243 μέλλειν
1224 2171 1321 2241 όψέ
1340 2172 1441 2225 καὶ
1461 2171 1697 2242 ἑσπέρας
1724 2170 1938 2223 ἔσεσθαι

373 2259 471 2331 τὴν
488 2260 580 2314 τοῦ
601 2262 1071 2333 προφητευομένου
1098 2262 1416 2331 παρουσίαν,
1432 2263 1511 2325 είς
1536 2260 1811 2332 ὑπομονὴν
1836 2276 1939 2315 παρ

372 2351 676 2426 ρακαλέσας
690 2352 778 2407 διὰ
791 2353 908 2418 τοῦ,
920 2373 939 2405 ι
963 2353 1088 2408 Ἐὰν
1107 2355 1399 2425 ὑστερήσῃ,
1416 2353 1705 2424 ὑπόμεινον
1721 2351 1899 2414 αὑτὸν,
1914 2371 1933 2403 ι

252 2466 259 2477 ·
370 2444 403 2515 ἢ
437 2463 455 2496 r
484 2445 579 2498 ἐὰν
623 2445 864 2518 μελλήσῃ
914 2446 1211 2518 προσδέχου
1249 2445 1445 2499 αὐτόν’
1490 2446 1571 2498 ὅτι
1600 2445 1628 2495 ὁ
1650 2445 1938 2515 ἐρχόμενος

368 2535 488 2607 ἥξει
527 2539 621 2591 καὶ
663 2539 723 2591 οὑ
785 2538 858 2610 μὴ
913 2538 1177 2611 χρονίσῃ,
1219 2558 1238 2589 ι
1302 2538 1394 2590 ἐπὶ
1453 2535 1551 2608 τὴν
1613 2535 1794 2590 πίστιν
1839 2536 1937 2607 τῆς

371 2631 722 2702 προρρήσεως
762 2630 856 2683 τὸν
899 2630 1171 2701 ἀκροατήν
1214 2630 1471 2701 παρορμᾷ
1508 2629 1681 2697 λέγων
1703 2646 1717 2659 ·
1780 2630 1837 2683 '0
1871 2629 1934 2702 δὴ

367 2721 575 2785 τούτοις
602 2721 871 2776 πιστεύων
893 2761 907 2786 ,
954 2721 1013 2788 ἐξ
1042 2722 1211 2793 αὑτῆς
1256 2721 1353 2793 τῆς
1387 2722 1621 2786 πίστεως
1659 2720 1821 2775 αὑτοῦ
1857 2720 1937 2774 δί-

368 2831 524 2877 καιος
551 2813 884 2885 ἀναδειχθεὶς
905 2855 919 2879 ,
951 2813 1046 2886 τὴν
1079 2814 1220 2868 κατὰ
1248 2815 1381 2868 Θεὸν
1411 2815 1633 2886 ζήσεται
1662 2814 1805 2886 ζωήν
1825 2831 1838 2844 ·
1859 2814 1934 2878 ὡς

367 2904 599 2976 ἔμπαλιν
620 2907 648 2958 6
672 2905 934 2970 ἀπιστῶν,
959 2909 1015 2960 ἐν
1035 2901 1115 2970 οἷς
1137 2907 1511 2978 ὑποστείληται
1537 2905 1610 2977 μὴ
1634 2905 1929 2977 θαρσήσας,

369 2997 503 3069 μηδέ
521 2998 888 3067 ἐμπιστεύσας
905 3001 1016 3062 τοῖς
1037 3000 1156 3072 είρη
1166 3000 1366 3071 μένοις,
1380 3001 1480 3053 οὑκ
1505 2999 1714 3053 εὐδοκεῖ
1734 3001 1766 3069 ή
1785 2998 1928 3070 ψυχή

369 3105 469 3158 μου
492 3090 559 3161 ἐν
589 3089 756 3161 αὐτῷ.
796 3090 1003 3143 Οὐκοῦν
1050 3091 1142 3144 καὶ
1176 3091 1326 3144 αὑτοὶ
1352 3090 1562 3155 τούτοις
1591 3089 1926 3154 ἀκολούθως,

366 3180 749 3248 ἐναλλάξαντες
773 3182 834 3234 τὸ
860 3180 1073 3253 πρῶτον
1104 3181 1327 3255 ὕστερον
1345 3225 1360 3248 ,
1398 3184 1489 3237 καὶ
1526 3182 1844 3255 μεταθέντες
1868 3181 1928 3235 τὸ

2043 2005 2062 2039 ι
2097 1986 2286 2045 Justus
2326 1998 2506 2045 autem
2544 2005 2611 2046 ex
2651 1989 2757 2045 ﬁde
2793 1990 2958 2054 vivet,
2990 2009 3009 2041 ι
3044 1988 3413 2062 Βεὶηιιεᾲὶιυά
3451 1988 3597 2061 quod

2037 2079 2094 2134 in
2133 2081 2419 2151 prophetia
2466 2083 2703 2153 primum
2740 2084 2972 2153 positum
3020 2090 3136 2147 est,
3187 2083 3428 2138 secundo
3475 2084 3599 2140 loco

2036 2171 2299 2240 subjecit,
2349 2173 2439 2228 ubi
2492 2174 2606 2227 ait:
2638 2193 2658 2225 ‹
2687 2173 2841 2239 Quod
2885 2173 2932 2228 si
2977 2174 3305 2230 subtraxerit
3350 2189 3436 2241 se,
3483 2190 3595 2231 non

2035 2262 2173 2319 bene
2222 2264 2326 2319 sibi
2361 2265 2538 2335 placet
2567 2265 2746 2320 anima
2774 2280 2893 2321 mea
2927 2264 2982 2319 in
3009 2281 3092 2320 eo.
3123 2285 3142 2318 ι
3164 2265 3300 2320 Cum
3333 2266 3476 2321 enim
3507 2282 3596 2322 se-

2033 2356 2138 2410 mel
2174 2356 2453 2410 ora-culum
2485 2371 2581 2427 per
2610 2357 2783 2427 ipsam
2812 2356 3151 2427 prophetiam
3185 2356 3483 2422 cecinerit,
3516 2356 3596 2412 lu-

2034 2463 2151 2502 cem
2182 2448 2435 2503 omnihus
2472 2449 2797 2517 promissam
2838 2449 3090 2517 gentibus
3126 2463 3224 2518 per
3254 2448 3455 2504 Christi
3495 2448 3593 2504 ad-

2033 2547 2252 2596 ventum
2274 2540 2564 2611 aliquando
2587 2542 2801 2597 tandem
2828 2549 2881 2597 et
2902 2542 2967 2596 ad
2992 2555 3275 2612 vesperum
3303 2541 3589 2607 orituram,

2031 2639 2086 2686 et
2113 2646 2223 2686 non
2264 2631 2648 2688 frustraturam
2707 2634 2810 2704 (sic
2855 2634 3000 2688 enim
3051 2648 3151 2703 pro
3192 2648 3258 2688 eo
3307 2632 3453 2702 quod
3472 2640 3586 2697 est,

2039 2740 2059 2774 ‹
2090 2730 2144 2777 ει
2191 2738 2301 2778 non
2348 2724 2405 2778 in
2452 2740 2691 2790 vanum,
2724 2743 2743 2777 ›
2771 2725 2966 2795 Aquila
3010 2731 3096 2780 est
3140 2725 3587 2796 interpretatus);

2031 2813 2227 2870 deinde
2274 2814 2420 2885 quod
2471 2830 2595 2871 sero
2638 2822 2694 2870 et
2744 2815 2811 2870 ad
2861 2830 3143 2885 vesperum
3190 2813 3408 2870 futurus
3445 2822 3591 2871 esset

2030 2903 2181 2972 ejus,
2227 2904 2294 2959 de
2341 2919 2451 2975 quo
2491 2905 2776 2975 prophetia
2817 2905 3078 2974 loquitur,
3128 2904 3422 2969 adventus,
3466 2905 3588 2960 ideo

2029 2994 2137 3051 illis
2183 2996 2367 3051 verbis
2392 3037 2406 3061 ,
2440 3015 2459 3049 ι
2492 2994 2549 3051 Si
2580 2997 2791 3053 tardius
2822 2997 3035 3065 veniet,
3068 3003 3321 3066 exspecta
3349 2996 3531 3061 illum,
3560 3015 3582 3049 ι

2029 3085 2131 3150 vel,
2161 3104 2179 3137 ι
2203 3087 2250 3142 si
2270 3087 2642 3152 cunctabitur,
2670 3088 2854 3158 accipe
2877 3089 3026 3144 illum
3050 3105 3065 3155 ;
3090 3088 3346 3158 quoniam
3363 3088 3587 3142 veniens

2027 3178 2240 3243 veniet,
2265 3188 2319 3232 et
2341 3194 2450 3234 non
2476 3179 2752 3245 tardabit,
2784 3198 2803 3231 ι
2830 3178 2897 3234 ad
2920 3179 3232 3251 patientiam
3259 3193 3459 3234 vocans
3490 3193 3589 3233 au-

365 3270 587 3345 ὕστερον
616 3274 708 3327 ἐπὶ
729 3274 788 3327 τὸ
810 3273 1044 3345 πρῶτον,
1071 3274 1314 3346 σώσομεν
1334 3276 1423 3328 τὸν
1445 3275 1568 3329 νοῦν
1589 3275 1688 3344 τῆς
1709 3272 1924 3340 λέξεως,

2032 3240 2254 3327 ditorem
2276 3310 2291 3336 ,
2322 3277 2385 3325 ut
2406 3271 2665 3326 vaticinio
2693 3240 2850 3327 ﬁdem
2882 3240 3165 3339 adhibeat,
3197 3272 3468 3337 hortatur,
3502 3270 3589 3326 di-

367 3364 502 3433 μετά
524 3364 586 3417 τὸ
605 3405 620 3430 ,
657 3385 675 3416 ι
707 3366 823 3419 Ὅτι
849 3369 878 3420 ό
909 3367 1197 3439 ἐρχόμενος
1229 3367 1367 3439 ἥξει,
1402 3368 1496 3422 καὶ
1525 3368 1584 3420 οὑ
1607 3366 1874 3440 χρονίσει,
1904 3385 1923 3418 ι

364 3454 482 3509 καθ’
511 3456 813 3529 ὑπερϐατὸν
843 3458 1201 3522 συνάπτοντες
1226 3461 1288 3512 τὸ
1308 3501 1323 3525 ,
1363 3479 1381 3511 ι
1422 3461 1480 3513 Ὀ
1509 3459 1565 3513 δὲ
1593 3459 1797 3524 δίκαιός
1828 3475 1927 3530 μου

362 3545 426 3598 ἐκ
472 3545 704 3610 πίστεως
751 3545 1010 3618 ζήσεται,
1050 3565 1068 3598 ›
1097 3547 1191 3599 καὶ
1222 3546 1397 3618 τούτῳ
1443 3546 1782 3614 ἐπιλέγοντες
1824 3545 1923 3609 τὸ,

367 3657 385 3689 ‹
429 3639 553 3692 Ἐὰν
594 3638 1008 3709 ὑποστείληται,
1055 3640 1157 3691 οὑκ
1197 3637 1408 3692 εὐδοκεῖ
1448 3638 1482 3708 ἡ
1525 3637 1668 3709 ψυχή
1707 3654 1807 3708 μου
1867 3638 1924 3691 ἐν

359 3729 524 3800 αὐτῷ.
546 3750 564 3781 ι
590 3728 772 3801 Ταύτῃ
796 3730 854 3784 δέ
883 3733 978 3784 καὶ
998 3732 1027 3784 6
1061 3730 1290 3793 Ἀκύλας
1320 3732 1387 3800 τῇ
1415 3728 1622 3798 διανοίᾳ
1644 3727 1925 3797 συντρέχει

358 3819 530 3889 λέγων
553 3838 566 3851 ·
597 3840 615 3871 ‹
657 3821 781 3875 Ἐὰν
818 3821 1056 3892 μελλήσῃ
1083 3863 1098 3886 ,
1130 3820 1423 3892 προσδέχου
1454 3818 1636 3882 αὑτὸν,
1666 3820 1747 3871 ὅτι
1772 3817 1927 3889 ἐρχό-

362 3925 521 3980 μενος
549 3909 857 3975 ἐλεύσεται,
883 3912 978 3965 καὶ
1008 3911 1068 3963 οὑ
1097 3909 1347 3980 βραδυνεῖ
1366 3928 1380 3940 σ
1423 3908 1530 3961 ἰδοὺ
1557 3907 1923 3979 νωχελευομέ-

2023 3376 2153 3416 cens
2172 3399 2188 3427 ,
2219 3377 2345 3419 eum
2371 3363 2466 3433 qui
2494 3363 2579 3418 his
2608 3363 2772 3419 rebus
2801 3360 3127 3429 crediderit,
3156 3363 3249 3418 ubi
3278 3379 3343 3419 ex
3376 3377 3474 3418 sua
3503 3361 3587 3434 ip-

2023 3457 2139 3512 sius
2182 3454 2285 3511 ﬁde
2323 3456 2509 3532 justus
2550 3455 2861 3511 declaratus
2894 3454 3060 3510 fuerit
3080 3495 3093 3513 .
3125 3454 3293 3509 vitam
3321 3470 3442 3525 quae
3474 3453 3585 3510 Deo

2021 3547 2251 3616 placeat,
2283 3545 2575 3608 victurum,
2609 3545 2752 3601 sicut
2781 3561 2812 3601 e
2867 3545 3165 3610 contrario,
3196 3544 3289 3614 qui
3328 3559 3438 3600 non
3465 3559 3587 3599 cre-

2020 3636 2246 3701 diderit,
2294 3636 2387 3691 ubi
2421 3636 2752 3692 subtraxerit
2793 3649 2889 3697 se,
2935 3650 3044 3689 non
3085 3632 3368 3689 conﬁdens
3405 3649 3583 3703 neque

2021 3727 2249 3781 credens
2278 3725 2366 3780 his
2396 3740 2517 3795 quae
2542 3724 2688 3779 dicta
2723 3730 2883 3788 sunt,
2919 3723 3160 3776 futurum
3205 3730 3265 3776 ut
3305 3736 3413 3776 non
3445 3722 3583 3777 bene

2022 3814 2125 3869 sibi
2150 3816 2361 3884 placeat
2383 3814 2564 3868 anima
2592 3814 2648 3867 in
2667 3828 2753 3868 eo.
2782 3806 2922 3883 Ergo
2943 3827 3045 3869 nos
3074 3826 3294 3881 quoque
3318 3815 3435 3881 ipsa
3466 3811 3581 3866 haec

2018 3901 2355 3977 sequentes,
2388 3906 2435 3962 si
2475 3905 2990 3961 commutaverimus
3032 3903 3110 3957 ita
3155 3913 3216 3958 ut
3250 3903 3393 3974 quod
3429 3903 3579 3972 prius

2017 4005 2135 4062 est,
2169 3995 2474 4066 posterius,
2505 3993 2652 4065 quod
2689 4009 2819 4050 vero
2863 3994 3137 4063 posterius
3171 4002 3289 4059 est,
3337 3993 3578 4047 transla-

356 4018 473 4062 vou,
506 4001 604 4053 οὑκ
634 3999 817 4054 εὐθεῖα
847 4002 879 4072 ή
903 3999 1048 4073 ψυχή
1086 4017 1187 4072 μου
1222 4002 1279 4054 ἐν
1308 3998 1476 4069 αὑτῷ,
1504 3998 1598 4051 καὶ
1627 3999 1834 4062 δίκαιος
1864 3999 1923 4050 ἐν

2016 4096 2134 4143 tum
2181 4088 2335 4159 prius
2376 4087 2678 4153 faciamus,
2713 4101 2935 4142 sensum
2978 4087 3267 4147 verborum
3309 4086 3577 4156 integrum

356 4091 536 4159 πίστει
571 4092 733 4145 αὑτοῦ
761 4092 1000 4165 ζήσεται.
1039 4112 1057 4145 ι

357 4187 838 4244 conservabimus:
875 4186 956 4244 sic
987 4189 1130 4244 enim
1166 4195 1289 4259 post
1332 4185 1485 4253 illud,
1520 4205 1538 4237 ι
1568 4185 1838 4253 Quoniam
1883 4186 2107 4240 veniens
2130 4185 2310 4239 veniet
2338 4189 2392 4239 et
2420 4197 2531 4238 non
2558 4182 2879 4248 morabitur,
2901 4200 2920 4234 ι
2958 4181 3140 4238 statim
3190 4179 3577 4251 subjungemus

354 4279 508 4349 illud,
538 4301 556 4332 σ
584 4278 773 4338 Justus
806 4290 985 4340 autem
1008 4299 1162 4341 meus
1184 4299 1250 4339 ex
1291 4283 1395 4338 ﬁde
1428 4283 1604 4348 vivet,
1635 4300 1655 4335 ›
1683 4292 1738 4336 ει
1776 4281 1905 4335 huic
1940 4280 2044 4351 ipsi
2069 4289 2453 4337 connectemus
2473 4279 2606 4334 illud
2626 4318 2640 4344 ,
2660 4297 2678 4330 ι
2706 4276 2762 4333 Si
2785 4277 3114 4333 subtraxerit
3161 4292 3241 4342 se,
3289 4290 3397 4331 non
3441 4275 3578 4330 bene

357 4376 460 4430 sibi
484 4376 662 4446 placet
689 4378 870 4433 anima
898 4394 1019 4436 mea
1045 4394 1098 4434 in
1130 4394 1215 4434 eo.
1251 4398 1270 4431 ι
1303 4378 1467 4449 278
1491 4376 1626 4433 Cum
1656 4377 1760 4432 hoc
1785 4391 1915 4432 vero
1953 4391 2118 4432 sensu
2153 4376 2316 4432 etiam
2341 4375 2537 4447 Aquila
2565 4374 2861 4431 concordat
2898 4373 3088 4430 dicens
3117 4392 3131 4428 :
3161 4392 3180 4425 ι
3245 4373 3302 4427 Si
3353 4378 3578 4426 cuncta-

353 4470 502 4525 bitur
530 4472 716 4543 accipe
747 4474 900 4529 illum
920 4514 936 4540 ,
964 4474 1220 4546 quoniam
1250 4475 1474 4529 veniens
1500 4474 1682 4529 veniet
1712 4483 1765 4528 et
1793 4487 1903 4527 non
1942 4472 2217 4540 tardabit;
2250 4486 2378 4526 ecce
2408 4471 2455 4527 si
2490 4471 2681 4526 tardus
2710 4470 2817 4534 sit,
2874 4483 2985 4524 non
3040 4475 3191 4525 recta
3223 4467 3404 4522 anima
3457 4476 3577 4519 mea

354 4566 409 4622 in
443 4581 545 4633 eo,
577 4575 632 4623 et
659 4569 845 4638 justus
876 4584 944 4625 ex
980 4570 1083 4626 ﬁde
1117 4570 1290 4640 ipsius
1323 4571 1487 4627 vivet.
1521 4590 1540 4623 ι

861 4685 1255 4739 ΚΕΦΑΛΑΙΟΝ
1294 4687 1395 4741 IE’.

362 4790 492 4867 Ἄπι)
530 4795 639 4867 toi):
667 4796 968 4867 αὐτοῦη-
999 4795 1092 4862 ’.Ως
1128 4797 1412 4866 ἐπίφοϐος
1451 4800 1490 4865 ἠ
1532 4798 1665 4867 περὶ
1702 4797 1813 4866 τῆς
1845 4799 1915 4864 ἐξ

416 4863 685 4937 οὐρανῶν
720 4866 977 4937 καθόδου
1022 4868 1128 4922 τοῦ
1158 4863 1378 4935 Κύρίου
1420 4863 1571 4934 ἀκοὴ
1604 4863 1907 4937 τυγχάνει,

416 4933 514 4986 καὶ
549 4934 700 5006 μετᾲ
742 4935 1091 5004 ἐκπλήξεως
1116 4933 1357 5006 τὰνὲξρτα
1387 4933 1593 5000 αὐτοῦ,
1633 4933 1911 5004 ἐλθόντος·

412 5019 479 5055 τε
508 5003 694 5076 αὐτοῦ
746 5007 785 5073 ἠ
817 5003 1111 5075 σύμπασα
1142 5005 1219 5076 γῆ
1243 5003 1366 5076 ’τῆς
1401 5006 1685 5073 αἰνέσεως
1729 5003 1915 5076 αὐτοῦ

417 5072 830 5147 πλησθήσεται
849 5115 864 5136 ,
898 5072 955 5129 ’ὅ
994 5072 1166 5147 τέίτὲ
1189 5072 1325 5147 τῆς(
1352 5077 1576 5145 Καινῆς
1617 5072 1907 5147 Δὶᾳθήκης

414 5143 602 5224 ³ὐῖοῦ
653 5143 826 5214 λόγος
874 5149 964 5213 εις
1005 5141 1234 5213 πάέτιίς
1268 5141 1633 5215 ἂνθρώπὸυς
1656 5141 1907 5225 ,διαδρὰξ

409 5230 623 5283 μειται.

418 5345 440 5380 ι
467 5326 660 5399 Κύριε,
694 5327 992 5399 είσακήκοα
1020 5328 1118 5399 τὴν
1143 5329 1311 5401 ἀκοήν
1342 5347 1457 5397 σου,
1491 5331 1584 5385 καὶ
1616 5330 1904 5404 ἐφοϐήθην.

345 5418 537 5490 Κύριε,
590 5418 888 5490 κατενόησα
938 5417 1007 5473 τὰ
1053 5418 1189 5490 ἔργα
1243 5437 1358 5486 σου,
1405 5422 1498 5474 καὶ
1551 5420 1807 5494 ἐξέστην·
1851 5424 1908 5476 ἐν

347 5509 497 5581 μέσῳ
522 5508 615 5563 δύο
648 5506 802 5575 ζωῶν
845 5509 1150 5585 γνωσθήσῃ⁸
1197 5510 1256 5565 ἐν
1292 5511 1370 5584 τῷ
1408 5512 1643 5582 ἐγγίζειν
1681 5513 1750 5567 τὰ
1789 5513 1905 5586 ἐτη,

346 5599 752 5674 ἐπιγνωσθήσῃ·
796 5603 854 5654 ἐν
890 5600 968 5673 τῷ
998 5605 1247 5675 παρεῖναι
1290 5603 1381 5656 τὸν
1414 5604 1624 5676 καιρὸν,
1685 5598 1899 5652 ἀναδει-

346 5691 625 5782 χθήσςιγέν
642 5696 719 5768 τῷ
753 5692 1089 5766 ταραχθῆναι
1134 5693 1231 5766 τὴν
1273 5695 1452 5767 ψυχήν
1494 5714 1594 5769 μου
1638 5699 1697 5752 ἐν
1746 5698 1904 5771 ὀργῇ,

415 5848 459 5881 ⁷⁸
492 5846 656 5906 Hebr.
681 5861 735 5916 ι,
753 5847 943 5906 55-58.

2608 4672 2834 4731 CAPUT
2871 4671 2986 4727 XV.

2020 4792 2100 4846 Ab
2134 4790 2330 4845 eodem.
2353 4817 2421 4828 —
2445 4784 2597 4851 Quod
2655 4784 2900 4839 terribilis
2937 4786 3021 4839 ait
3051 4784 3264 4839 auditus
3298 4784 3577 4839 descensus

2092 4861 2304 4915 Domini
2335 4860 2398 4912 de
2427 4858 2585 4918 car-Io,
2619 4867 2668 4910 et
2698 4857 2841 4925 facta
2876 4855 3023 4909 illius
3053 4872 3168 4908 cum
3199 4856 3570 4917 admiratione,

2124 4931 2326 4999 uodque
2372 4944 2495 4999 cunt
2522 4929 2642 4999 ipse
2683 4926 3200 4999 veneritptunt'versa
3236 4936 3376 4978 terra
3407 4926 3570 4999 ipsim

2124 4948 2326 4999 ῑιοαφιε
2372 4948 2489 4980 cum
2533 4948 2642 4995 Ipse
2683 4948 2911 4988 venerit,
2956 4948 3200 4978 unwersu
3236 4948 3376 4978 ιεΠα
3407 4948 3570 4992 ψδηισ

2090 4948 2248 5054 7aude
2278 4997 2637 5066 complebitur,
2672 5006 2722 5050 et
2753 4994 2889 5049 Novi
2919 4995 3081 5066 ipsius
3114 4994 3428 5048 Testamentt’
3462 5010 3570 5047 ver-

2091 5070 2210 5124 bum
2243 5070 2311 5124 ad
2340 5065 2514 5122 omnes
2543 5066 2776 5122 homines
2804 5065 3115 5135 penetrabit.

2086 5351 2104 5384 ι
2134 5331 2378 5396 Domine,
2414 5328 2597 5384 audivi
2628 5318 2955 5381 auditionem
2988 5330 3162 5385 tuam,
3193 5327 3246 5375 et
3276 5319 3451 5375 timui.
3481 5317 3569 5373 In-

2008 5426 2188 5481 tellexi
2221 5438 2386 5495 opera
2418 5430 2548 5487 tua,
2588 5415 2936 5487 et-obstupui
2973 5433 2986 5468 :
3028 5415 3084 5467 in
3126 5412 3304 5468 medio
3336 5412 3566 5466 duarum

2006 5517 2246 5571 vitarum
2285 5512 2666 5587 cognosceris,
2696 5510 2826 5565 dum
2854 5506 2985 5561 anni
3026 5504 3561 5577 appropinquahunt,

2008 5614 2172 5664 notus
2211 5606 2341 5675 ﬁes,
2374 5604 2504 5659 dum
2543 5601 2717 5657 aderit
2753 5606 2967 5667 tempus
3005 5596 3387 5653 declaraberis.
3427 5594 3563 5649 Dum

2013 5699 2335 5772 perturbata
2371 5696 2534 5752 fuerit
2571 5692 2753 5749 anima
2790 5706 2909 5746 mea
2938 5688 2994 5746 in
3027 5706 3142 5757 ira,
3173 5688 3569 5746 misericordia
