4110 6426
574 348 683 406 ’43

1241 345 1508 403 EUSEBH
1546 344 2026 404 CAESARIENSIS
2064 346 2216 404 OPP.
2256 345 2436 401 PARS
2469 347 2533 402 II.
2571 377 2637 386 —
2674 344 3163 400 APOLOGETICA.

3692 346 3796 406 “4

576 479 785 519 memor
817 463 945 518 eris.
980 459 1123 515 Deus
1152 459 1218 514 de
1246 458 1452 512 Thama
1487 459 1701 521 veniet,
1727 466 1781 513 et
1813 467 2036 517 sanctus
2068 458 2110 513 d1

2237 457 2418 520 ἐλέους
2467 456 2767 529 μνησθήσῃ.
2825 456 2880 509 '0
2921 455 3049 518 Θεὸς
3095 458 3161 508 ἐκ
3199 453 3411 525 Θαιμάν
3454 455 3593 525 ἥξει,
3642 457 3731 509 καὶ
3766 460 3795 511 6

556 563 760 610 .monte
785 552 1044 607 umbroso
1070 550 1272 605 denso:
1296 550 1578 620 cooperuit
1602 549 1771 604 caelos
1795 550 1967 604 virtus
1990 550 2129 619 ejus,

478 696 481 699 η
573 656 629 701 et
657 646 810 700 iaude
829 644 947 714 ejus
968 644 1124 713 plena
1144 648 1227 697 est
1249 649 1424 705 terra,
1450 651 1504 696 et
1533 642 1789 711 splendor
1815 642 1934 711 ejus
1963 650 2021 695 ιιι
2051 642 2134 696 lu-

480 736 483 739 ’
574 739 698 790 m'en
730 734 855 788 erit.
890 734 1105 788 Cornua
1137 731 1192 785 in
1222 732 1476 787 manibus
1507 732 1626 801 ejus
1646 776 1660 799 ,
1697 739 1752 786 et
1785 734 1965 801 posuit
1997 732 2131 787 dile-

478 812 485 849 ’λ
571 830 807 881 ctionem
859 826 1052 881 fortem
1089 827 1301 897 roboris
1339 826 1423 881 sui
1453 846 1465 879 :
1498 833 1625 880 ante
1658 826 1849 879 faciem
1879 825 1999 894 ejus
2032 824 2130 878 ibit

574 919 808 975 Verbum
829 960 845 986 ,
889 927 942 974 et
981 919 1291 989 egredietur
1334 919 1389 972 in
1432 933 1654 987 campos
1685 918 1755 971 ’⁸.
1789 936 1806 969 ι
1834 932 1956 972 cum
1983 916 2129 971 enim

570 1010 687 1079 ipse
723 1009 961 1078 seipsum
995 1010 1238 1065 audisset
1268 1010 1529 1079 propheta
1563 1019 1785 1066 sanctus
1806 1051 1821 1073 ,
1855 1025 1919 1064 ac
1948 1011 2128 1080 potius

569 1101 814 1155 divinum
840 1102 932 1171 qui
959 1102 1137 1171 ipsum
1168 1101 1381 1156 aﬂlabat
1401 1144 1416 1169 ,
1447 1103 1647 1172 quique
1674 1104 1729 1157 in
1758 1104 1876 1174 ipso
1901 1104 2129 1159 canebat

571 1192 834 1263 Spiritum
855 1232 871 1256 ,
897 1192 964 1246 de
988 1208 1055 1247 eo
1076 1191 1142 1247 de
1168 1209 1276 1263 quo
1307 1194 1423 1264 ipsa
1450 1196 1730 1265 prophetia
1756 1195 2016 1266 loquitur,
2043 1195 2126 1250 di-

563 1298 777 1341 centem
809 1305 823 1340 :
855 1305 873 1337 ι
904 1283 1060 1351 Quod
1091 1286 1315 1341 veniens
1347 1287 1527 1342 veniet
1556 1297 1611 1342 et
1655 1304 1765 1343 non
1800 1288 2123 1352 morabitur,

556 1376 747 1447 justus
781 1385 964 1432 autem
992 1392 1055 1432 ex
1087 1377 1192 1432 ﬁde
1224 1393 1341 1433 mea
1370 1358 1514 1433 vivet
1541 1378 1609 1442 ⁷⁸,
1643 1398 1661 1430 ι
1692 1393 1923 1447 cumque
1950 1379 2127 1433 credi-

562 1471 735 1527 disset
764 1471 915 1526 illum
940 1488 1061 1528 esse
1086 1471 1296 1541 justum
1326 1471 1569 1533 oraculo,
1598 1471 1654 1525 in
1684 1470 1769 1525 his
1795 1470 1977 1525 verbis
2005 1485 2126 1540 qua:

564 1578 715 1618 nunc
757 1565 814 1618 in
855 1564 1112 1619 manibus
1151 1571 1315 1627 sunt,
1357 1563 1430 1617 ita
1460 1564 1571 1617 ait:
1602 1580 1622 1614 ι
1656 1561 1910 1628 Domine.
1941 1563 2124 1617 audivi

558 1655 895 1710 auditionem
928 1663 1076 1709 tuam
1103 1663 1159 1710 et
1187 1656 1380 1721 timui,
1411 1675 1429 1708 ι
1454 1662 1508 1711 et
1537 1670 1658 1725 quae
1697 1664 2002 1725 sequuntur
2022 1656 2121 1723 ;.in

557 1746 763 1817 quibus
788 1745 1232 1802 manifestissime
1262 1745 1429 1800 Deum
1461 1746 1528 1801 ad
1558 1746 1806 1803 homines
1831 1754 2120 1803 venturum

2234 549 2387 616 ἅγιος
2413 548 2479 616 ἐξ
2511 546 2667 620 ὅρους
2702 548 3017 609 κατασκίου,
3052 546 3260 611 δασέος.
3300 546 3599 617 Ἐκάλυψεν
3630 550 3794 619 οὐρα⁸

2232 640 2353 703 νοὺς
2388 626 2617 710 ἡάρετὴ
2649 637 2831 704 αὐτοῦ,
2863 638 2957 691 καὶ
2986 638 3084 706 τῆς
3110 636 3364 700 αἰνέσεως
3388 636 3552 690 αὐτοῦ
3582 638 3793 711 πλήρης

2232 730 2363 801 ήγῆ
2386 748 2399 760 ·
2444 731 2537 783 καὶ
2573 731 2770 798 φέγγος
2808 728 2969 781 αὑτοῦ
3009 728 3081 793 ὡς
3117 729 3229 798 φῶς
3262 727 3433 784 ἔσται.
3484 729 3704 801 Κέρατα
3735 733 3793 783 ἐν

2231 823 2415 894 χερσὶν
2456 822 2638 885 αὐτοῦ,
2679 822 2772 874 καὶ
2817 821 2965 874 ἔθετο
3006 820 3276 889 ἀγάπησιν
3309 820 3570 891 κραταιάν
3613 822 3792 893 ἰσχύος

2230 915 2415 969 αὐτοῦ.
2458 914 2571 985 Πρὸ
2593 913 2880 986 προσώπου
2920 912 3083 966 αὐτοῦ
3132 912 3563 984 προπορεύσεται
3608 913 3788 982 λόγος,

2232 1014 2323 1062 καὶ
2361 1006 2697 1073 ἐξελεύσεται
2750 1008 2830 1069 εἰς
2878 1005 3055 1060 πεδία.
3098 1024 3116 1057 ι
3166 1005 3503 1070 Ἐπακούσας
3535 1006 3592 1060 δὲ
3633 1007 3791 1071 αὐτὸς

2229 1097 2443 1161 ἑαυτοῦ,
2473 1097 2668 1169 μᾶλλον
2695 1097 2751 1151 δὲ
2775 1096 2868 1150 τοῦ
2901 1096 3225 1168 ἐμπνέοντος
3258 1099 3350 1151 καὶ
3391 1098 3791 1164 ἐνθεσπίζοντος

2228 1192 2285 1243 ἐν
2306 1190 2453 1261 αὐτῷ
2476 1190 2619 1244 θείου
2649 1188 2983 1261 Πνεύματος,
3001 1191 3029 1243 6
3060 1189 3200 1261 ἰερὸς
3229 1191 3513 1261 προφήτης
3542 1192 3666 1263 περὶ
3697 1192 3790 1245 τοῦ

2229 1282 2704 1352 προφητευομένου
2757 1282 3050 1352 φήσαντος,
3091 1281 3192 1344 ὅτι,
3240 1281 3600 1352 «Ἑρχόμενος
3645 1281 3787 1351 ἥξει,

2226 1372 2319 1425 καὶ
2368 1373 2427 1425 ού
2471 1371 2544 1442 μὴ
2586 1372 2840 1443 χρονίσῃ·
2886 1373 2914 1424 6
2955 1371 3011 1424 δὲ
3051 1370 3254 1433 δίκαιος
3297 1371 3363 1422 ἐκ
3408 1369 3639 1433 πίστεώς
3686 1387 3788 1441 μου

2225 1463 2400 1534 ζήσει,
2429 1483 2448 1515 ι
2475 1464 2769 1528 πιστεύσας
2812 1480 2872 1516 τε
2915 1464 2989 1528 ὡς
3031 1463 3236 1526 δίκαιος
3276 1461 3354 1533 τῷ
3405 1460 3656 1534 χρησμῷ,
3700 1462 3791 1515 διὰ

2224 1556 2330 1609 τῶν
2379 1555 2516 1627 μετὰ
2572 1556 2758 1628 χεῖράς
2812 1572 2980 1626 φησι’
3034 1575 3053 1607 ι
3083 1554 3284 1626 Κύριε,
3338 1555 3632 1626 εἰσακήκοα.
3688 1555 3790 1625 τὴν

2224 1650 2392 1720 ἀκοήν
2444 1666 2560 1713 σου,
2613 1650 2705 1703 καὶ
2756 1647 3047 1719 ἐφοϐήθην,
3080 1666 3097 1699 ι
3146 1646 3241 1700 κα).
3288 1646 3356 1700 τά
3406 1644 3563 1716 ἐξῆςο
3610 1645 3676 1699 δι’
3709 1639 3790 1699 ὧν

2225 1740 2410 1809 σαφῶς
2451 1741 2583 1794 Θεὸν
2627 1744 2706 1804 εἰς
2734 1739 3053 1811 ἀνθρώπους
3084 1738 3234 1810 ἥξειν
3269 1737 3643 1808 καταγγέλλει.
3688 1738 3789 1801 Τίς

558 1811 862 1895 denuntiat.
896 1839 1030 1903 Quis
1060 1855 1188 1895 vero
1218 1841 1359 1895 alius
1394 1840 1483 1894 hic
1518 1840 1591 1895 sit
1620 1840 1713 1909 qui
1747 1840 1876 1895 olim
1910 1855 2110 1911 cogno-

2220 1829 2277 1882 δὲ
2321 1829 2386 1882 ἂν
2430 1824 2580 1893 οὗτος
2621 1830 2706 1900 εἰη
2747 1832 2775 1884 6
2811 1830 2976 1883 πάλαι
3017 1827 3441 1901 γνωριζόμενος,
3475 1826 3696 1898 ὕστερον
3728 1826 3787 1881 δέ

554 1939 820 1999 sceretur,
851 1940 903 2004 et
932 1941 1054 2003 post
1078 1933 1373 2004 aliquando
1399 1932 1528 1988 dum
1554 1932 1682 1988 anni
1719 1934 2119 2004 appropinqua-

556 2025 727 2089 bunt,
757 2032 901 2080 esset
933 2026 1313 2095 agnoscendus
1333 2068 1348 2091 ,
1378 2034 1433 2080 et
1461 2040 1558 2095 per
1586 2024 1642 2079 id
1671 2031 1886 2095 tempus
1912 2025 1980 2080 de
2009 2040 2118 2094 quo

552 2115 835 2185 prophetia
857 2115 1115 2185 loquitur,
1139 2116 1501 2172 declarandus
1528 2136 1540 2169 :
1567 2116 1692 2187 quis
1708 2154 1724 2180 .
1746 2115 1965 2186 inquam
1983 2156 1996 2181 ,
2028 2116 2118 2171 hic

550 2207 623 2260 sit
648 2206 812 2276 279
854 2207 961 2263 nisi
985 2208 1073 2263 ille
1114 2209 1229 2278 ipse
1255 2208 1349 2277 qui
1387 2215 1543 2262 antea
1559 2207 1736 2264 dictus
1770 2216 1853 2264 est
1880 2208 2117 2263 universi

549 2294 851 2352 Dominus?
882 2300 975 2367 qui
1016 2298 1178 2353 etiam
1212 2299 1314 2352 hoc
1346 2298 1699 2368 comprobato
1743 2299 2022 2362 vaticinio,
2061 2299 2115 2353 in

547 2392 1020 2447 consummatione
1040 2392 1362 2447 saeculorum
1392 2393 1464 2446 ita
1489 2392 1770 2447 nuntiatus
1798 2399 1882 2448 est
1902 2408 1964 2446 ac
1987 2407 2117 2461 prae-

543 2481 779 2547 dicatus,
833 2490 894 2537 ut
936 2497 1126 2539 omnes
1170 2483 1419 2538 homines
1462 2482 1822 2538 exaudierint.
1878 2482 2115 2552 Hujusce

544 2571 710 2641 igitur
737 2588 822 2635 ea,
852 2589 972 2643 qua;
1009 2575 1185 2643 palam
1220 2574 1273 2627 in
1304 2575 1478 2629 sacris
1509 2572 1814 2643 Evangeliis
1840 2574 2112 2643 descripta

543 2668 693 2723 sunt,
726 2661 891 2728 facta,
937 2664 1183 2732 corporis
1214 2662 1482 2727 videlicet,
1533 2664 1678 2733 quod
1719 2663 2019 2733 assumpsit
2047 2663 2113 2717 de

542 2748 765 2821 Virgine
808 2754 1232 2823 generationem,
1284 2754 1409 2808 item
1440 2752 1894 2823 quemadmodum
1929 2770 1947 2804 ι
1988 2768 2111 2807 cum

538 2848 689 2896 esset
719 2842 774 2896 in
802 2841 977 2897 forma
1004 2842 1120 2907 Dei,
1154 2858 1263 2896 non
1294 2842 1538 2912 rapinam
1565 2842 1863 2897 arbitratus
1889 2850 1973 2897 est
1991 2857 2113 2898 esse

538 2948 603 2989 se
635 2936 897 3005 aequalem
946 2934 1077 3000 Deo,
1110 2935 1206 2991 sed
1256 2935 1493 3004 seipsum
1542 2934 1841 2990 exinanivit
1881 2933 2110 2989 formam

536 3027 683 3080 servi
706 3027 978 3095 accipiens
999 3029 1042 3059 ⁷⁷
1065 3046 1083 3078 ι
1104 3045 1119 3093 ;
1170 3036 1425 3097 praeterea
1440 3043 1561 3098 qua:
1576 3028 1835 3082 miracula
1854 3028 1906 3081 in
1935 3028 2109 3083 homi-

2220 1937 2346 1974 ποτε
2392 1924 2452 1974 ἐν
2490 1921 2567 1992 τῷ
2609 1920 2846 1991 ἐγγίζειν
2903 1920 2972 1974 τὰ
3016 1920 3109 1992 ἐτη
3166 1919 3643 1990 γνωσθησόμενος,
3695 1920 3790 1972 καὶ

2218 2014 2357 2067 κατά
2390 2014 2482 2067 τὸν
2515 2015 2984 2087 προφητευόμενον
3013 2013 3199 2085 χρόνον
3238 2012 3786 2083 ἀναδειχθησόμενος,

2215 2107 2247 2179 ἢ
2273 2109 2301 2160 6
2334 2107 2496 2170 αὐτὸς
2520 2109 2724 2170 ἐκεῖνος
2746 2108 2775 2161 6
2802 2105 3165 2177 προδηλωθεὶς
3206 2105 3456 2177 δεύτερος
3500 2104 3607 2157 τῶν
3650 2106 3783 2158 ὅλων

2216 2198 2436 2269 Κύριος,
2470 2200 2499 2251 6
2529 2199 2623 2251 καὶ
2666 2199 2733 2268 τῇ
2770 2197 3068 2269 προρρήσει
3114 2195 3439 2261 ἀκολούθως,
3476 2197 3565 2249 ἐπὶ
3595 2211 3779 2247 συντε-

2214 2289 2331 2362 λείᾳ
2380 2288 2486 2344 τῶν
2528 2289 2758 2353 αἰώνων,
2790 2291 2869 2353 εἰς
2910 2287 3230 2353 ἐξάκουστον
3271 2291 3435 2342 πᾶσιν
3483 2286 3777 2360 ἀνθρώποις

2215 2381 2507 2454 κηρυχθείς
2532 2398 2546 2446 ;
2577 2381 2778 2435 Τούτου
2813 2381 2876 2452 δὴ
2909 2377 3000 2434 οὖν
3028 2380 3096 2434 τὰ
3120 2381 3440 2453 ἀνάγραπτα
3466 2382 3522 2433 ἐν
3553 2381 3659 2441 τοῖς
3700 2381 3778 2430 ἱε-

2215 2462 2327 2546 ροῖς
2355 2473 2705 2543 Εὑαγγελίοις
2736 2473 2891 2545 ἔργα,
2913 2473 3010 2545 τὴν
3038 2473 3101 2525 ἐκ
3129 2471 3404 2544 Παρθένου
3436 2472 3693 2543 δηλονότι,
3720 2463 3781 2523 οῦ

2212 2567 2465 2638 ἀνείληφε
2491 2567 2737 2636 σκήνους,
2781 2567 3012 2635 γένεσιν.
3049 2567 3141 2619 καὶ
3170 2585 3188 2616 ι
3219 2565 3293 2630 ὡς
3319 2566 3377 2619 ἐν
3423 2567 3602 2636 μορφῇ
3647 2562 3783 2616 Θεοῦ

2214 2659 2490 2730 ὑπάρχων,
2525 2660 2622 2728 οὐχ
2653 2657 2941 2729 ἁρπαγμὸν
2968 2659 3210 2729 ἡγήσατο
3250 2658 3309 2709 τὸ
3348 2653 3484 2710 εἶναι
3516 2652 3608 2709 ἶσα
3633 2655 3778 2727 Θεῷ,

2212 2751 2344 2804 ἀλλά
2375 2750 2563 2806 ἑαυτὸν
2598 2751 2828 2804 ἐκένωσε
2865 2750 3075 2822 μορφήν
3098 2749 3279 2803 δούλου
3311 2749 3507 2812 λαϐὼν,
3538 2768 3558 2799 ι
3593 2750 3693 2811 τάς
3719 2765 3782 2801 τε

2212 2844 2645 2909 ἐπιτελεσθείσας
2673 2844 2820 2915 αύτῷ
2855 2846 2933 2909 εἰς
2966 2843 3276 2916 ἀνθρώπους
3305 2840 3776 2914 παραδοξοποιΐας,

2211 2937 2305 2991 καὶ
2355 2937 2423 2991 τὰ
2475 2940 2593 2991 κατ’
2626 2937 2789 2991 αὐτοῦ
2850 2955 2912 3005 γε
2973 2938 3346 3009 τετολμημένα
3396 2935 3473 3006 τῷ
3509 2935 3777 2987 Ἰουδαίων

2211 3027 2371 3093 ἔθνει,
2407 3031 2518 3092 τοῖς
2565 3029 2663 3100 τῆς
2710 3029 2885 3099 ψυχῆς
2932 3028 3223 3100 ὀφθαλμοῖς
3268 3025 3569 3099 προλαϐὼν,
3605 3026 3675 3079 τά
3716 3041 3778 3078 τε

540 3118 703 3173 nibus
745 3118 946 3189 degens
968 3119 1217 3183 ediderit,
1249 3135 1350 3175 nec
1376 3134 1482 3175 non
1520 3134 1876 3190 quascumque
1917 3128 2107 3176 contra

2214 3120 2472 3191 μέλλοντα
2505 3120 2873 3191 συμϐήσεσθαι
2903 3119 3338 3191 κεκαθαρμέναις
3374 3120 3493 3182 ταῖς
3524 3117 3780 3182 διανοίαις

538 3208 718 3278 ipsum
750 3223 883 3264 ausa
915 3217 998 3265 est
1020 3208 1247 3265 Judaica
1283 3227 1438 3282 gens,
1467 3212 1672 3275 omnia,
1702 3212 1948 3282 inquam,
1993 3212 2108 3266 haec

535 3307 592 3355 et
632 3300 739 3354 alia
769 3302 965 3356 similia
987 3302 1078 3358 his
1103 3319 1227 3358 cum
1281 3304 1476 3359 anima:
1522 3304 1702 3360 oculis
1749 3303 2105 3375 providisset,

536 3406 766 3463 quaeque
822 3396 1082 3449 eventura
1107 3396 1161 3448 in
1190 3403 1464 3464 posterum
1508 3395 1993 3465 exspectabantur,
2021 3394 2107 3469 di-

536 3485 664 3537 vino
689 3484 895 3554 Spiritu
923 3484 1174 3549 docente,
1201 3486 1585 3557 purgatissima
1610 3486 1962 3556 intelligentia
1987 3500 2108 3555 per—

538 3577 792 3647 cepisset,
824 3593 892 3633 ex
923 3579 992 3635 iis
1023 3594 1144 3649 qua:
1194 3579 1297 3634 hoc
1344 3579 1504 3634 modo
1535 3578 1802 3642 audierat,
1827 3594 1886 3634 se
1915 3579 2107 3633 obstu-

535 3667 721 3737 puisse
754 3682 817 3723 ac
850 3669 1102 3725 timuisse
1134 3668 1333 3724 fatetur
1368 3667 1655 3738 propheta,
1686 3668 1875 3722 dicens
1910 3686 1922 3721 :
1956 3685 1974 3717 ι
2007 3665 2108 3720 Do-

534 3764 699 3828 mine,
734 3762 916 3817 audivi
936 3763 1270 3818 auditionem
1299 3772 1468 3829 tuam,
1514 3771 1569 3818 et
1603 3763 1759 3817 timui
1795 3782 1807 3816 :
1856 3760 2104 3827 Domine,

534 3854 774 3912 intellexi
825 3872 992 3927 opera
1022 3864 1136 3923 tua,
1182 3865 1238 3913 et
1260 3857 1541 3927 obstupui.
1577 3877 1595 3909 ι
1632 3854 1879 3910 Salvator
1924 3865 2103 3911 autem

530 3962 597 4003 ac
632 3947 898 4006 Dominus
931 3961 1138 4013 noster,
1168 3950 1347 4020 ipsum
1366 3951 1552 4020 utique
1583 3950 1687 4005 hoc
1719 3948 1814 4003 Dei
1836 3946 2098 4010 Verbum,

530 4041 587 4094 in
609 4042 788 4096 medio
817 4042 1048 4096 duarum
1086 4042 1321 4101 vitarum
1360 4042 1612 4112 cognitus
1660 4048 1766 4097 est.
1797 4039 1915 4095 Non
1955 4041 2101 4095 enim

527 4130 1093 4187 duorumanimalium
1120 4143 1204 4189 est
1231 4133 1542 4204 legendum,
1577 4132 1672 4188 sed
1715 4132 1942 4186 duarum
1965 4134 2100 4186 vita-

530 4238 669 4277 rum.
730 4222 969 4278 Duarum
1005 4240 1135 4296 ergo
1165 4226 1427 4288 vitarum,
1460 4225 1659 4295 inquit,
1720 4224 1955 4279 medium
2003 4240 2100 4278 co-

529 4315 837 4384 gnosceris.
870 4314 1006 4371 Cum
1027 4317 1173 4373 enim
1204 4330 1313 4371 una
1344 4316 1645 4372 secundum
1677 4315 1847 4371 Deum
1872 4316 1943 4371 sit
1967 4315 2098 4381 vita,

526 4415 583 4461 et
604 4407 774 4463 altera
800 4411 1101 4465 secundum
1134 4409 1431 4472 hominem,
1459 4416 1512 4462 et
1530 4409 1621 4462 illa
1646 4408 1866 4479 quidem
1896 4414 2101 4463 morta-

2210 3213 2360 3286 παρὰ
2392 3212 2483 3267 τοῦ
2510 3213 2847 3277 διδάσκοντος
2870 3214 3027 3267 αὑτὸν
3057 3213 3201 3268 θείου
3225 3213 3363 3267 Πνεύ
3372 3230 3537 3285 ματος
3569 3210 3778 3282 μαθὼν,

2210 3307 2470 3377 ἐκστῆναι
2506 3308 2534 3360 ὁ
2569 3307 2851 3378 προφήτης
2879 3306 2969 3357 ἐπὶ
3006 3308 3118 3369 τοῖς
3146 3305 3458 3361 ἀκουσθεῖσι
3489 3306 3583 3358 καὶ
3609 3320 3777 3371 πεφο-

2209 3398 2405 3469 ϐῆσθαι
2436 3398 2707 3469 ὁμολογεῖ,
2753 3399 3006 3467 φάσκων
3054 3418 3072 3447 ι
3103 3397 3293 3468 Κύριε,
3342 3398 3639 3468 εἰσακήκοα
3681 3395 3778 3467 τὴν

2208 3490 2377 3560 ἀκοήν
2406 3507 2519 3552 σου,
2555 3492 2647 3543 καὶ
2677 3490 2969 3560 ἐφοϐήθην
3006 3490 3198 3560 Κύριε,
3226 3489 3527 3559 κατενόησα
3545 3490 3613 3541 τά
3642 3487 3780 3559 ἔργα

2209 3600 2322 3647 σου,
2356 3583 2449 3637 καὶ
2493 3582 2733 3653 ἐξέστην.
2768 3603 2784 3634 ι
2806 3584 2864 3636 '0
2889 3583 3079 3655 Σωτὴρ
3103 3584 3159 3637 δὲ
3201 3585 3295 3638 καὶ
3342 3583 3544 3654 Κύριος
3600 3582 3777 3653 ήμῶν,

2206 3674 2367 3737 αὐτὸς
2394 3668 2545 3737 οὗτος
2588 3675 2616 3726 ὁ
2662 3673 2755 3727 τοῦ
2802 3673 2936 3727 Θεοῦ
2987 3675 3178 3743 Λόγος,
3207 3677 3264 3727 ὲν
3301 3674 3449 3746 μέσῳ
3490 3673 3582 3727 δύο
3624 3674 3781 3738 ζωῶν

2205 3764 2484 3840 ἐγνώσθη·
2520 3764 2896 3836 πληθυντικῶς
2935 3766 3167 3820 ἐνταῦθα
3208 3768 3302 3820 καὶ
3345 3765 3780 3838 περισπωμένως

2204 3854 2313 3909 τῶν
2346 3853 2521 3920 ζωῶν,
2556 3856 2664 3909 ἀπὸ
2700 3855 2878 3909 ἐνικοῦ
2922 3855 3015 3908 τοῦ
3059 3854 3169 3925 τῆς
3198 3854 3346 3923 ζωῆς
3384 3855 3644 3926 ὀνόματος
3690 3853 3783 3919 ἐξ-

2204 3945 2568 4016 ακουομένων.
2592 3945 2666 3998 06
2686 3945 2794 4017 γάρ
2816 3944 3189 4018 παροξυτόνως
3224 3945 3329 3999 τῶν
3358 3942 3534 4011 ζώων,
3556 3945 3661 3998 ἀπὸ
3682 3944 3778 3996 οὑ-

2203 4036 2419 4107 δετέρου
2452 4036 2545 4091 τοῦ
2571 4035 2709 4101 ζώου
2732 4036 2969 4105 λέγεται,
2995 4037 3130 4090 άλλά
3160 4036 3314 4102 ζωῶν
3342 4035 3779 4108 περισπωμένως

2203 4129 2311 4183 ἀπὸ
2333 4128 2698 4200 πληθυντικῆς
2731 4128 2946 4193 εὐθείας
2980 4130 3098 4199 τῆς,
3129 4129 3193 4181 αἱ
3223 4127 3372 4188 ζωαί.
3402 4128 3503 4181 Δύο
3536 4124 3648 4193 οὖν,
3678 4146 3781 4198 φη-

2203 4220 2277 4282 σὶ,
2305 4220 2458 4285 ζωῶν
2487 4221 2651 4291 μέσον
2675 4220 2983 4291 γνωσθήσῃ.
3008 4220 3153 4283 Μιᾶς
3180 4219 3288 4292 γὰρ
3315 4218 3477 4290 οὔσης
3500 4219 3599 4289 τῆς
3631 4223 3778 4274 κατὰ

2201 4313 2331 4366 Θεὸν
2359 4315 2523 4384 ζωῆς,
2549 4315 2641 4367 καὶ
2668 4313 2900 4385 θατέρας
2922 4314 3021 4384 τῆς
3047 4313 3186 4367 κατά
3213 4313 3491 4385 ἄνθρωπον
3510 4330 3523 4342 ·
3553 4313 3645 4365 καὶ
3671 4313 3779 4382 τῆς

2205 4407 2300 4478 μὲν
2328 4406 2545 4477 θνητῆς,
2569 4407 2666 4478 τῆς
2691 4406 2747 4459 δὲ
2776 4406 2945 4460 ἀϊδίου
2966 4425 2977 4438 ·
3011 4406 3337 4479 ἀμφοτέρων
3362 4406 3586 4469 εἰκότως
3611 4407 3639 4458 6
3670 4408 3782 4460 Κύ-

527 4496 619 4563 lis,
655 4499 770 4555 haec
804 4516 933 4557 vero
972 4503 1328 4571 sempiterna,
1380 4503 1575 4575 merito
1630 4517 1755 4556 cum
1813 4509 2098 4572 utramque

2212 4515 2317 4568 ριος
2340 4498 2425 4552 διά
2457 4499 2652 4570 πείρας
2682 4497 2867 4563 ἐλθὼν,
2898 4499 2955 4553 ἐν
2989 4498 3137 4569 μέσῳ
3163 4498 3254 4551 δύο
3286 4496 3439 4562 ζωῶν
3469 4498 3782 4569 γνωσθῆναι

526 4601 785 4660 expertus
817 4600 962 4648 esset
988 4592 1273 4653 Dominus,
1305 4599 1469 4662 atque
1521 4607 1589 4647 eo
1642 4591 1805 4647 modo
1832 4592 2094 4658 venisset,

525 4682 581 4737 in
608 4682 786 4737 medio
812 4684 1043 4739 duarum
1075 4684 1310 4738 vitarum
1339 4699 1461 4738 esse
1489 4684 1741 4754 cognitus
1775 4683 1998 4748 dicitur,
2030 4698 2097 4737 ex

526 4773 979 4844 interpretatione
1029 4788 1192 4845 quam
1228 4771 1583 4845 Septuaginta
1621 4774 1928 4830 ediderunt.
1961 4772 2097 4827 Nam

522 4881 589 4920 ex
613 4881 677 4921 ea
698 4883 859 4937 quam
885 4867 1081 4936 Aquila
1108 4866 1296 4945 edidit,
1332 4884 1439 4922 non
1468 4868 1617 4933 item,
1643 4868 1737 4923 sed
1773 4867 1853 4922 sic
1875 4888 1887 4923 :
1910 4886 1927 4917 ι
1960 4866 2096 4920 Dum

525 4958 963 5028 appropinquant
991 4958 1142 5022 anni,
1172 4958 1386 5012 viviﬁca
1441 4957 1596 5013 illud.
1631 4978 1649 5010 ι
1696 4956 1802 5012 Sed
1835 4957 2097 5027 quidnam

522 5052 608 5101 est
630 5046 783 5115 illud,
809 5049 915 5105 nisi
946 5049 1088 5119 quod
1118 5050 1195 5104 ait
1227 5070 1239 5104 :
1267 5069 1285 5100 ι
1309 5066 1444 5121 opus
1481 5059 1635 5105 tuum
1659 5049 1683 5103 ?
1706 5069 1725 5101 ι
1754 5047 2093 5104 Theodotion

523 5152 654 5192 vero
682 5140 754 5195 ita
786 5141 864 5195 ait
893 5160 905 5195 ε
938 5158 958 5190 ι
994 5140 1051 5196 In
1078 5141 1259 5197 medio
1296 5158 1562 5198 annorum
1594 5141 1808 5196 viviﬁca
1839 5139 2042 5210 ipsum.
2071 5160 2090 5193 ι

523 5227 590 5283 Ει
622 5229 980 5302 Symmachus
1014 5254 1027 5287 :
1062 5252 1081 5284 ‹
1121 5234 1269 5289 Intra
1325 5249 1500 5291 annos
1541 5233 1866 5289 reviviscere
1901 5232 1986 5285 l‘ac
2021 5232 2098 5302 ip-

521 5337 668 5386 sum,
713 5343 731 5377 ι
760 5326 1145 5396 interpretatus
1167 5338 1269 5383 est.
1293 5327 1430 5397 Cum
1460 5327 1628 5397 igitur
1652 5339 1865 5388 omnes,
1906 5342 1925 5375 ι
1956 5325 2094 5379 vivi-

523 5413 625 5469 ﬁca
674 5416 849 5486 ipsum
876 5458 891 5484 ,
928 5437 946 5469 ι
978 5418 1255 5483 dixerint,
1296 5419 1454 5489 plane
1495 5434 1603 5474 non
1651 5418 1719 5473 de
1765 5419 2092 5488 quibusdam

523 5508 688 5562 veluti
718 5509 915 5574 brutis,
947 5519 1041 5565 aut
1064 5512 1224 5567 etiam
1257 5513 1465 5567 ratione
1480 5511 1720 5582 praeditis
1741 5511 2090 5575 animalibus,

523 5607 832 5649 Sermonem
858 5614 983 5654 esse
1027 5599 1394 5655 declararunt.
1416 5600 1759 5672 Quapropter
1784 5617 1907 5656 cum
1948 5603 2093 5672 apud

2202 4591 2435 4660 λέγεται,
2460 4592 2601 4645 κατά
2627 4593 2723 4664 τὴν
2747 4592 2853 4646 τῶν
2868 4591 3268 4663 Ἐὅδομήκοντα
3284 4591 3599 4664 ἑρμηνείαν.
3617 4595 3782 4647 Κατά

2204 4683 2312 4755 γάρ
2341 4683 2433 4736 τὸν
2478 4684 2706 4737 Ἀκύλαν
2747 4686 2846 4755 οὐχ
2874 4685 3063 4752 οὕτως,
3094 4686 3228 4750 ἀλλ’,
3260 4706 3278 4737 ι
3303 4687 3390 4738 Ἑν
3431 4685 3509 4756 τῷ
3537 4686 3782 4754 ἐγγίζειν

2204 4772 2271 4826 τά
2295 4771 2410 4843 ἔτη,
2449 4771 2667 4838 ζώωσον
2708 4774 2861 4838 αὐτὸ,
2899 4793 2917 4825 ι
2958 4775 3191 4847 εἴρηται.
3218 4775 3366 4828 Τίδέ
3389 4776 3541 4839 αὐτὸ,
3578 4776 3609 4847 ἢ
3648 4796 3667 4827 ι
3702 4777 3782 4831 Τὸ

2204 4864 2470 4936 κάτεργόν
2506 4883 2626 4931 σου;
2658 4866 2850 4937 ι,φησί
2881 4885 2893 4896 ·
2916 4868 3024 4921 Καὶ
3064 4870 3093 4920 6
3136 4867 3426 4921 Θεοδοτίων
3474 4868 3531 4921 δέ
3569 4886 3740 4940 φησιν
3763 4890 3776 4902 ·

2212 4976 2228 5008 ι
2253 4958 2340 5010 Ἐν
2368 4957 2515 5028 μέσῳ
2553 4958 2687 5011 ἐτῶν
2731 4957 2946 5022 ζώωσον
2992 4960 3170 5013 αὐτόν.
3199 4980 3215 5011 ι
3252 4961 3361 5013 Καὶ
3398 4960 3426 5011 6
3455 4959 3782 5032 Σύμμαχος,

2206 5066 2225 5099 ι
2250 5048 2431 5111 Ἐντὸς
2468 5047 2576 5101 τῶν
2611 5049 2871 5101 ἐνιαυτῶν
2890 5048 3210 5113 ἀναξώωσον
3232 5049 3413 5112 αὐτὸν,
3443 5068 3462 5100 ι
3482 5050 3779 5106 ἐκδέδωκε.

2201 5139 2407 5202 Πάντες
2438 5135 2530 5191 οὖν
2555 5158 2574 5189 ι
2599 5138 2814 5203 ζώωσον
2832 5140 2992 5193 αὐτὸν
3014 5160 3034 5193 ι
3064 5140 3327 5206 εἰπόντες,
3360 5140 3566 5211 σαφῶς,
3587 5143 3671 5195 ὃτι
3699 5146 3780 5217 μὴ

2201 5232 2329 5301 περὶ
2368 5225 2477 5284 οἷον
2522 5230 2729 5300 ἀλόγων
2773 5233 3013 5304 τινῶν
3058 5233 3291 5303 λογικῶν
3343 5234 3495 5298 ζώων
3541 5237 3571 5287 6
3614 5234 3784 5304 λόγος

2199 5323 2454 5392 τυγχάνει
2471 5322 2836 5394 παρέστησαν.
2861 5325 2949 5377 Διὸ
2972 5326 3118 5397 παρά
3147 5329 3256 5389 τοῖς
3272 5327 3665 5397 Ἐϐδομήκοντα
3687 5328 3783 5383 λε-

2202 5414 2431 5484 γομένου
2464 5416 2579 5481 τοῦ,
2613 5436 2631 5467 ι
2656 5418 2742 5470 Ἐν
2792 5418 2941 5489 μέσῳ
2988 5418 3080 5473 δύο
3119 5417 3270 5483 ζωῶν
3300 5419 3610 5494 γνωσθήσῃ.
3649 5442 3666 5472 ι
3710 5424 3781 5478 οὐ

2150 5536 2156 5542 -
2200 5508 2340 5561 κατά
2364 5509 2487 5573 τοὺς
2514 5510 2620 5582 πρὸ
2645 5511 2797 5582 ήμῶν
2821 5510 3199 5583 ἐξειλήφαμεν,
3226 5512 3361 5565 ἀλλά
3383 5513 3475 5565 δύο
3503 5512 3647 5577 ζωὰς
3677 5518 3778 5568 τοῦ

2200 5604 2674 5674 προφητευομένου
2706 5603 2992 5675 δηλοῦσθαι
3021 5604 3227 5677 ἔφαμεν
3247 5624 3259 5636 ·
3294 5606 3417 5677 μίαν
3448 5604 3546 5676 μὲν
3571 5602 3675 5675 τὴν
3698 5604 3783 5658 ἓν-

597 5768 618 5788 '
666 5768 866 5829 Hahae.
888 5790 969 5843 ιιι,
1013 5776 1131 5831 1-6.
1206 5780 1251 5810 ⁷⁸
1286 5778 1487 5835 Hahae.
1521 5797 1581 5849 ιι,
1607 5782 1657 5837 5.
1738 5784 1782 5815 ’⁷
1820 5780 2050 5852 Philipp.
2078 5796 2152 5848 ,n,
2179 5778 2233 5848 6,
2269 5780 2316 5834 7.
