4110 6426
502 362 607 417 ιιι-1
1162 353 1429 415 EUSEBII
1466 349 1941 410 CIESARIENSIS
1976 349 2124 405 OPP.
2162 348 2342 418 PARS
2375 349 2442 405 II.
2480 381 2551 392 -—
2587 349 3080 409 APOLOGETICA.
3626 352 3727 408 ιιδ

500 482 659 553 281
693 480 954 549 Deinceps
984 475 1266 546 adjungit:
1306 491 1324 524 ι
1357 472 1654 542 Cooperuit
1686 469 1853 524 caelos
1883 468 2025 521 virtu

2128 530 2129 533 η
2161 470 2423 541 ἀοράτους
2454 470 2547 523 καὶ.
2578 467 2956 538 ἀντικειμένας
3006 468 3261 539 δυνάμεις
3291 465 3611 537 ὠθούμενος
3629 470 3726 523 καὶ

498 576 637 644 ejus,
662 583 715 628 et
737 571 913 628 laudis
942 572 1060 640 ejus
1089 568 1247 637 plena
1279 572 1364 621 est
1389 574 1555 626 terra,
1579 570 1633 617 et
1658 559 1916 632 splendor
1935 559 2021 629 eju

2156 560 2473 631 κερατίζων,
2510 560 2820 614 ἀπελαύνει.
2868 559 3195 622 Ἀκολούθως
3225 556 3431 622 τούτοις
3458 558 3722 626 ἐπιλέγει.

496 672 557 720 ut
592 664 768 718 lumen
796 662 920 716 erit.
954 680 972 713 ι
1008 658 1217 725 Quibus
1239 656 1425 727 utique
1452 654 1653 717 verbis,
1678 652 1839 708 simul
1864 658 1917 706 et
1936 651 2022 721 glo

2159 674 2177 705 ι
2220 656 2328 708 Καὶ
2378 654 2528 707 ἔθετο
2582 655 2856 725 ἀγάπησιν
2921 652 3184 724 κραταιάν
3238 650 3419 721 ἰσχύος
3475 650 3655 705 αὐτοῦ.
3699 670 3719 703 ι

495 760 696 814 riosum
741 756 861 826 ejus
919 755 975 809 in
1024 754 1164 809 coelo
1197 767 1427 824 regnum
1472 748 1801 814 ostenditur,
1849 755 1903 803 et
1932 762 2028 816 qua

2154 746 2263 798 Kal.
2314 745 2413 815 τῆς
2466 761 2531 813 γε
2592 746 2672 807 είς
2725 742 3045 816 ἀνθρώπους
3099 743 3364 815 κραταιᾶς
3429 740 3723 805 διαθέσεως

494 851 724 923 posthac
756 849 938 903 futura
968 856 1072 912 est,
1106 846 1430 917 longiusque
1458 845 1741 905 duratura,
1792 849 1953 911 atque
1994 841 2028 894 il

2152 836 2317 891 αὐτοῦ
2344 878 2357 901 ,
2411 837 2504 890 καὶ
2567 836 2785 907 ἀγάπης
2838 837 3036 906 δεῖγμα
3095 834 3345 905 μέγιστον
3385 828 3454 904 ἦν
3504 832 3565 885 τὸ
3617 833 3722 906 πρὸ

489 922 705 997 omnem
732 948 934 996 terram
980 945 1351 1010 penetratura,
1385 937 1667 999 doctrinae,
1701 949 1822 1004 qua:
1859 932 1927 987 de
1957 931 2028 984 illi

2150 926 2440 1000 προσώπου
2504 926 2667 980 αὑτοῦ
2726 925 3055 998 πορευθῆναι
3093 924 3282 993 λόγον,
3347 922 3587 994 δηλονότι
3629 923 3720 976 τὸν

491 1033 682 1096 fertur,
716 1032 974 1086 laudatio.
997 1028 1135 1085 Illud
1164 1037 1381 1085 autem:
1424 1047 1442 1079 ι
1480 1027 1696 1083 Cornua
1723 1026 1776 1078 in
1797 1023 2049 1077 manibus

489 1127 630 1195 ejus,
674 1144 693 1176 ι
729 1123 883 1195 regni
914 1124 1035 1193 ejus
1068 1122 1298 1191 insignia
1328 1130 1381 1175 et
1412 1128 1571 1174 notas
1604 1115 1893 1187 signiﬁcat,
1925 1114 2048 1183 qui-

488 1217 592 1272 bus
637 1216 920 1279 cornibus,
970 1214 1271 1270 invisibiles
1303 1225 1464 1282 atque
1493 1211 1847 1265 adversantes
1888 1211 2045 1274 pote-

488 1316 657 1364 states
688 1308 980 1378 repellens,
1009 1315 1064 1362 et
1092 1307 1263 1360 victas
1307 1304 1560 1359 obtinens
1620 1300 1810 1370 abigit.
1843 1296 2049 1352 Ordine

487 1402 575 1457 his
598 1401 855 1471 deinceps
886 1399 1169 1471 adjungit:
1204 1418 1223 1449 ι
1259 1396 1324 1451 Et
1344 1395 1526 1467 posuit
1553 1392 1899 1448 dilectionem
1936 1387 2047 1443 for-

485 1500 594 1548 tem
626 1492 842 1546 roboris
890 1492 996 1547 sui.
1052 1510 1071 1543 ι
1116 1491 1183 1543 Et
1228 1503 1359 1544 sane
1387 1484 1720 1542 vehementis
1743 1479 2046 1536 all'ectiouis

484 1585 606 1658 ejus
637 1599 701 1639 ac
731 1583 1041 1638 dilectionis
1068 1595 1194 1651 erga
1244 1579 1494 1635 homines
1550 1576 1809 1631 indicium
1873 1572 2046 1626 maxi-

485 1693 633 1733 mum
666 1676 853 1741 fuerit,
876 1675 1019 1747 quod
1064 1681 1188 1728 ante
1238 1671 1429 1727 faciem
1458 1670 1577 1740 ejus
1607 1665 1893 1745 incesserit
1917 1678 2042 1719 ver—

483 1769 614 1825 bum
666 1768 818 1834 illud,
873 1766 1125 1823 videlicet
1157 1764 1395 1821 salutare
1444 1771 1606 1832 atque
1646 1757 2039 1828 evangelicum,

2151 1021 2413 1093 σωτήριον
2445 1020 2537 1073 καὶ
2566 1018 2946 1088 εύαγγελικδν,
2980 1017 3261 1081 ἐξελθόντα
3292 1033 3354 1068 τε
3380 1014 3568 1069 τοῦτον
3600 1014 3718 1068 δια-

2146 1113 2369 1184 δραμεῖν
2411 1112 2491 1174 εἰς
2521 1110 2680 1164 πεδία
2701 1151 2715 1175 ,
2747 1110 2885 1163 ὥστε
2920 1114 2977 1163 ὲν
3008 1109 3174 1179 ὀλίγῳ
3207 1110 3388 1163 πᾶσαν
3433 1106 3719 1178 πληρῶσαι

2145 1204 2243 1274 τὴν
2267 1203 2586 1272 οἰκουμένην
2609 1201 2709 1273 τῆς
2735 1200 2824 1255 ὑπ’
2860 1199 3021 1253 αὐτοῦ
3070 1197 3486 1270 προξενηθείσης
3515 1197 3720 1251 ἅπασιν

2145 1289 2449 1363 ἀνθρώποις
2484 1291 2752 1362 σωτηρίας
2776 1330 2792 1355 ,
2836 1289 3141 1352 ἀκολούθως
3179 1291 3245 1359 τῇ
3280 1287 3579 1359 προφητείᾳ
3611 1304 3719 1359 φη-

2146 1384 2287 1457 σάσῃ
2305 1401 2320 1414 ο
2355 1403 2373 1434 ι
2415 1383 2527 1455 Πρὸ
2554 1382 2843 1455 προσώπου
2870 1381 3033 1436 αὑτοῦ
3060 1380 3490 1453 προπορεύσεται
3523 1379 3712 1449 λόγος,

2142 1474 2236 1531 καὶ
2267 1473 2601 1541 ἐξελεύσεται
2645 1476 2725 1539 είς
2764 1475 2936 1528 πεδία.
2981 1493 3000 1525 ι
3046 1472 3205 1527 Κατά
3234 1473 3332 1543 τὴν
3363 1470 3617 1544 δευτέραν
3655 1471 3714 1524 δὲ

2143 1564 2308 1621 αὐτοῦ
2374 1564 2711 1636 παρουσίαν,
2766 1565 2847 1619 ἔτι
2893 1564 3090 1636 μᾶλλον
3153 1564 3246 1617 καὶ
3299 1563 3621 1634 κυριώτερον
3682 1561 3715 1614 δ

2141 1659 2311 1728 Λόγος
2331 1657 2495 1712 αὐτοῦ
2536 1658 2709 1729 πέρας
2756 1658 3004 1727 ἐπιθήσει
3040 1658 3153 1720 τοῖς
3188 1672 3248 1708 τε
3290 1653 3595 1726 εἰρημένοις
3619 1651 3716 1706 καὶ

2142 1754 2251 1815 τοῖς
2282 1749 2406 1822 ἑξῆς
2437 1750 2870 1821 ἐπιφερομένοις,
2896 1748 2931 1802 ἃ
2964 1748 3058 1802 καὶ
3081 1748 3142 1802 ού
3164 1746 3258 1802 νῦν
3290 1744 3557 1813 ἐξετάζειν
3590 1761 3712 1798 και-

484 1860 631 1932 quod
658 1861 819 1917 etiam
849 1873 1129 1931 egressum
1172 1828 1775 1927 percurrerit—campos,
1812 1849 1946 1904 adeo
1979 1855 2038 1902 ut
2072 1828 2112 1886 Β
2143 1844 2253 1915 ρός.

481 1954 629 2010 brevi
662 1962 900 2025 tempore
938 1960 1107 2007 totum
1135 1951 1323 2005 orbem
1365 1957 1632 2005 terrarum
1677 1962 1761 2013 ea,
1791 1960 1912 2015 quae
1940 1958 2035 2014 per
2072 1941 2250 2011 ipsum
2277 1940 2531 1993 omnibus
2554 1936 2866 1992 hominibus
2888 1935 3177 1990 conciliata
3231 1934 3323 1997 sit,
3384 1932 3563 1989 salute
3614 1932 3719 1985 im-

482 2049 727 2119 pleverit,
758 2048 1110 2119 comprobata
1138 2047 1258 2114 ejus
1292 2045 1588 2117 prophetia:
1627 2042 1879 2105 veritate,
1910 2055 2031 2110 qua:
2064 2038 2179 2091 ait:
2239 2054 2258 2085 ι
2301 2035 2442 2089 Ante
2471 2033 2663 2088 faciem
2696 2033 2818 2099 ejus
2865 2031 2962 2086 ibit
2993 2031 3240 2093 verbum.
3294 2036 3348 2084 et
3406 2028 3721 2095 egredietur
3794 2088 3801 2095 δ

481 2118 536 2194 in
572 2155 811 2212 campos.
848 2118 964 2194 {In
1001 2138 1242 2194 secundo
1278 2146 1458 2192 autem
1500 2134 1743 2211 ejusdem
1774 2132 2034 2203 adventu,
2077 2126 2312 2197 amplius
2366 2140 2582 2196 quoque
2616 2138 2679 2177 ac
2731 2122 2902 2193 magis
2936 2123 3153 2212 proprie
3196 2120 3436 2212 Verbum
3480 2118 3630 2212 ejus_
3657 2120 3712 2172 el

371 2265 383 2281 ο
480 2236 564 2290 his
594 2208 713 2304 quae
754 2235 898 2289 dicta
950 2240 1078 2288 sunt
1119 2240 1173 2286 et
1206 2232 1272 2286 iis
1300 2246 1421 2301 qum
1447 2208 1703 2300 deinceps
1733 2231 2055 2298 sequuntur,
2096 2218 2257 2275 ﬁnem
2293 2219 2551 2288 imponet,
2601 2214 2802 2285 quibus
2832 2229 2978 2268 nunc
3033 2211 3383 2281 explorandis
3428 2218 3586 2281 atque
3618 2208 3705 2262 in-

477 2324 740 2398 dagandis
763 2331 978 2394 tempus
1007 2338 1114 2376 non
1138 2321 1312 2376 adest.

1042 2474 1269 2532 CAPUT
1308 2474 1448 2529 XVI.

474 2592 515 2646 Α
552 2591 835 2645 Zacharia.
854 2619 921 2633 --
941 2586 1395 2655 Quemadmodum
1429 2585 1679 2640 Dominus
1710 2584 2032 2655 omnipotens

546 2663 827 2730 conﬁtetur
856 2677 909 2714 se
939 2654 1178 2721 missum,
1223 2667 1280 2711 ut
1333 2657 1540 2726 auferat
1569 2668 1651 2718 ea,
1693 2671 1811 2724 quae
1842 2654 2031 2707 vitiosa

540 2734 667 2790 sint.

549 2888 568 2921 ι
609 2867 730 2924 llaec
760 2868 892 2923 dicit
923 2867 1184 2923 Dominus
1213 2864 1554 2933 omnipotens
1579 2877 1592 2914 :
1625 2859 1755 2915 Post
1800 2858 2026 2931 gloriam

472 2963 621 3018 misit
653 2976 739 3015 me
770 2960 836 3014 ad
869 2966 1079 3031 gentes,
1127 2972 1248 3028 quae
1296 2954 1665 3026 spoliaverunt
1702 2967 1799 3007 vos
1839 2969 1854 3004 :
1888 2966 2026 3021 quo-

2636 2409 3031 2464 ΚΕΦΑΛΑΙΟΝ
3074 2409 3192 2476 ις’.

2147 2527 2289 2584 Ἀπὸ
2330 2526 2434 2581 τοῦ
2482 2527 2799 2596 Ζαχαρίου.
2844 2554 2912 2596 -τ
2971 2524 3067 2596 fac
3095 2524 3128 2575 ὀ
3162 2523 3374 2596 Κύριος
3411 2526 3446 2576 ό
3491 2540 3709 2596 παντα-

2203 2598 2427 2667 κρὰτωρ
2454 2593 2731 2665 ὁμολογεῖ
2751 2597 2849 2664 ὑφ’
2889 2593 3093 2667 ἐτέρου
3122 2594 3342 2667 Κιιρίοιζ
3372 2594 3707 2667 παντοκρά-

2202 2663 2499 2737 {opacent
2531 2663 2865 2735 καθαιρέσει
2899 2663 3014 2718 τῶν
3040 2664 3287 2732 φαύλων
3310 2664 3701 2719 ἀπεστάλθαι.

2212 2802 2231 2835 ι
2267 2784 2403 2837 Τάδε
2436 2782 2581 2851 λέγει
2613 2781 2816 2853 Κύριος
2842 2777 3230 2851 παντοκράτωρ
3249 2794 3262 2806 ·
3312 2776 3515 2830 Ὀπίσω
3545 2777 3705 2845 δόξης

2135 2875 2440 2930 ἀπέσταλκέ
2484 2891 2551 2946 με
2584 2875 2676 2926 ἐπὶ
2721 2873 2788 2927 τὰ
2825 2871 2949 2943 ἔθνη
2974 2912 2990 2937 ,
3024 2869 3094 2922 τά
3122 2868 3486 2923 σκυλεύσαντα
3513 2869 3657 2940 ὑμᾶς
3680 2884 3696 2899 ο

2132 2968 2262 3022 διότι
2288 2971 2316 3021 ὁ
2341 2968 2642 3037 ἁπτόμενος
2673 2964 2825 3036 ὑμῶν
2845 3004 2860 3027 ,
2887 2964 2963 3029 ὡς
2991 2964 3020 3017 ό
3054 2962 3354 3033 ἁπτόμενος
3394 2961 3489 3031 τῆς
3529 2962 3699 3033 κόρης

473 3056 617 3109 niam
652 3052 744 3124 qui
774 3051 945 3122 tangit
981 3066 1095 3116 vos,
1139 3050 1294 3121 quasi
1330 3048 1377 3105 is
1408 3046 1723 3128 quiﬁtangit
1768 3046 2024 3118 pupillam

2133 3056 2223 3110 τοῦ
2272 3055 2548 3127 ὀφθαλμοῦ
2589 3053 2771 3109 αὐτοῦ.
2815 3052 2959 3105 Διότι
3001 3052 3110 3105 ἰδοὺ
3152 3050 3263 3120 ἐγὼ
3307 3051 3550 3119 ἐπιφέρω
3603 3051 3700 3122 τὴν

471 3146 614 3200 oculi
646 3146 764 3214 ejus
803 3163 814 3199 :
859 3144 986 3214 quia
1037 3158 1164 3199 ecce
1214 3142 1380 3197 aﬂ'ero
1411 3123 1628 3195 manum
1658 3155 1832 3195 meam
1867 3155 2028 3211 super

2133 3150 2291 3222 χεῖρά
2319 3166 2419 3219 μου
2445 3123 2531 3201 ἐπ’
2555 3148 2757 3210 αὐτοῖς,
2784 3147 2877 3199 καὶ
2909 3144 3119 3197 ἔσονται
3154 3143 3326 3197 σκῦλα
3356 3146 3467 3207 τοῖς
3497 3141 3709 3196 δουλεύ-

473 3235 623 3305 ipsos
655 3253 667 3288 :
701 3240 753 3286 et
773 3244 933 3288 erunt
959 3233 1130 3303 spolia
1162 3232 1229 3288 iis
1274 3233 1366 3302 qui
1397 3231 1686 3286 servierint
1710 3231 1811 3296 eis,
1850 3237 1903 3285 et
1937 3244 2029 3284 co-

469 3327 742 3397 gnoscetis
778 3326 920 3396 quod
955 3324 1217 3379 Dominus
1238 3326 1582 3396 omnipotens
1613 3324 1763 3380 misit
1795 3338 1881 3377 me
1900 3324 1968 3388 7³.
2004 3341 2023 3374 ι

471 3415 591 3486 Ipse
623 3414 881 3472 Dominus
932 3417 1280 3486 omnipotens
1317 3415 1372 3470 in
1412 3417 1499 3472 his
1527 3416 1765 3486 seipsum
1800 3415 2027 3470 missum

467 3522 592 3564 esse
634 3508 731 3571 ait,
773 3515 826 3563 et
855 3508 1107 3579 quisnam
1132 3509 1179 3563 is
1211 3509 1301 3572 sit,
1333 3508 1427 3579 qui
1458 3509 1689 3574 miserit,
1721 3509 1900 3577 docet,
1937 3508 2027 3563 ubi

467 3601 583 3655 ait:
626 3620 645 3652 ι
699 3600 763 3655 Ει
807 3602 1149 3672 cognoscetis
1189 3603 1333 3672 quod
1390 3601 1652 3657 Dominus
1686 3602 2030 3672 omnipotens

469 3694 619 3749 misit
644 3709 749 3749 me.
788 3712 807 3746 ι
848 3693 1014 3767 Igitur
1048 3694 1215 3750 etiam
1256 3695 1361 3750 hoc
1404 3695 1524 3749 loco
1567 3694 1704 3749 duos
1743 3694 2028 3764 perspicue

467 3785 657 3849 habes,
680 3788 773 3857 qui
794 3793 980 3843 eadem
1011 3796 1235 3842 utantur
1258 3787 1641 3858 appellatione,
1671 3801 1840 3842 unum
1879 3802 2025 3852 eum,

463 3879 555 3948 qui
575 3879 719 3934 misit
741 3877 1026 3935 Dominum
1049 3881 1491 3951 omnipotentem,
1517 3880 1743 3934 alterum
1761 3893 1907 3941 eum,
1934 3879 2024 3949 qui

463 3973 718 4037 mittitur,
750 3972 992 4041 ejusdem
1025 3988 1149 4026 cum
1182 3987 1248 4027 eo
1277 3972 1369 4041 qui
1400 3972 1551 4027 misit
1579 3972 1833 4028 nominis.
1863 3971 2029 4040 282

463 4064 633 4131 Quem
668 4080 834 4136 porro
877 4065 1042 4119 alium
1095 4064 1299 4119 dixeris
1333 4078 1456 4118 eum
1497 4064 1588 4133 qui
1633 4063 1884 4126 mittitur,
1917 4063 2024 4117 nisi

462 4172 584 4210 eum
616 4171 774 4226 quem
805 4164 929 4210 ante
973 4170 1075 4210 nos
1122 4155 1369 4226 pluribus
1420 4154 1806 4226 appellavimus
1856 4153 2023 4208 Deum

463 4246 724 4313 Verbum,
758 4249 848 4318 qui
894 4264 923 4301 τι
954 4246 1116 4303 Patre
1149 4248 1378 4304 missum
1418 4264 1477 4303 se
1506 4248 1817 4316 conﬁtetur,
1846 4256 1900 4303 et
1929 4249 2023 4318 qui

462 4337 749 4393 manifeste
773 4338 948 4392 dixit:
989 4357 1006 4389 ι
1046 4338 1175 4393 Post
1218 4339 1443 4408 gloriam
1480 4340 1630 4395 misit
1659 4355 1766 4405 me,
1813 4360 1831 4392 ι
1888 4340 2022 4395 illud

460 4429 677 4485 interim
708 4429 1038 4500 signiﬁcans,
1069 4431 1211 4501 quod
1243 4431 1336 4501 qui
1368 4438 1524 4486 antea
1557 4431 1719 4487 fuerit
1752 4432 1805 4486 in
1846 4433 2017 4503 gloria
2048 4470 2092 4525 Β

461 4522 603 4593 apud
661 4521 926 4588 Patrem,
995 4531 1181 4593 postea
1247 4524 1450 4579 missus
1522 4525 1593 4580 sit
1658 4525 1725 4579 ad
1789 4533 2014 4597 gentes,

459 4630 579 4686 qua:
614 4615 967 4686 spoliaverint
991 4617 1278 4671 vos?Cum
1300 4617 1441 4671 enim
1468 4617 1532 4672 ad
1568 4634 1660 4674 eas
1685 4626 1875 4688 gentes
1896 4635 2019 4690 qua:

456 4705 612 4779 prius
644 4705 842 4776 popqu
878 4705 970 4760 Dei
1016 4706 1256 4763 adversae
1307 4706 1647 4779 inimicaque
1676 4716 1851 4774 erant,
1884 4710 2019 4764 mis-

457 4815 576 4854 sum
610 4798 681 4852 sit
710 4796 802 4850 Dei
839 4796 1093 4862 Verbum,
1124 4799 1221 4854 has
1254 4801 1401 4870 ipsas
1448 4802 1549 4856 sibi
1600 4802 1703 4872 ipsi
1760 4803 2012 4872 subjecit,

455 4891 673 4946 easdem
711 4906 806 4960 per
832 4905 961 4946 suos
999 4889 1297 4960 discipulos
1320 4892 1682 4961 depraedatus.
1705 4894 1798 4964 qui
1834 4897 2014 4966 portio

455 4984 698 5051 quaelam
738 4991 893 5037 erant
923 4983 1070 5038 illius
1099 4985 1283 5056 populi
1315 4987 1407 5055 qui
1440 4988 1505 5040 ad
1538 4988 2014 5045 circumcisionem

456 5074 706 5143 pertinet,
735 5090 893 5142 quem
939 5075 1210 5144 quondam
1262 5075 1318 5129 in
1351 5077 1663 5131 servitutem
1689 5076 2015 5148 redegerunt

455 5169 660 5231 gentes,
698 5178 817 5232 quae
847 5164 1025 5231 ipsum
1073 5165 1220 5219 illum
1257 5181 1357 5221 suo
1403 5167 1818 5222 simulacrorum
1862 5169 2013 5223 cultu

454 5254 774 5324 depraedata:
799 5255 1038 5312 fuerunt.
1072 5255 1197 5311 Haec
1231 5258 1397 5329 igitur
1431 5273 1691 5328 passuras
1719 5258 1852 5313 dicit
1878 5276 2012 5331 gen-

454 5356 537 5403 tes
567 5363 703 5419 quas
729 5348 1019 5415 disposuit.
1057 5350 1210 5403 Sicut
1253 5351 1396 5405 enim
1451 5350 1555 5404 illa:
1605 5350 1866 5421 populum
1920 5350 2013 5406 Dei

457 5452 485 5489 a
508 5439 676 5507 patria
703 5439 900 5509 pietate
927 5455 990 5494 ac
1019 5440 1278 5510 religione
1307 5447 1633 5506 avertentes,
1663 5442 1836 5512 spolia
1885 5458 2012 5513 pro-

455 5528 591 5597 priis
619 5530 952 5588 dzemonibus
1003 5532 1158 5588 facta;
1186 5541 1334 5598 sunt,
1389 5534 1462 5588 ita
1492 5535 1818 5605 quandoque
1847 5537 2010 5592 etiam

455 5619 586 5689 ipsa:
607 5620 783 5690 patrio
812 5622 1227 5679 simulacrorum
1261 5626 1409 5682 cultu
1444 5627 1512 5684 ab
1536 5627 1602 5684 iis
1631 5629 1723 5700 qui
1746 5628 1882 5699 ipsis
1911 5644 2009 5684 an-

523 5774 568 5807 "
593 5774 754 5829 Zach.
777 5789 836 5842 u,
865 5777 916 5844 8,
946 5778 979 5837 9

2132 3259 2292 3297 σασιν
2354 3242 2566 3304 αὐτοῖς,
2617 3240 2713 3294 καὶ
2767 3236 3076 3306 γνώσεσθε,
3119 3236 3200 3289 ὃτι
3251 3234 3454 3307 Κύριος
3508 3252 3702 3289 παντο-

2129 3331 2347 3403 κράτωρ
2384 3328 2749 3397 ὲξαπέσταλκέ
2794 3312 2881 3400 με.
2924 3347 2941 3379 ι
2988 3326 3191 3398 Κύριος
3239 3327 3398 3390 αὐτὸς
3440 3328 3469 3379 ό
3504 3343 3699 3380 παντο-

2128 3424 2342 3497 κράτωρ
2373 3424 2430 3477 ἐν
2456 3422 2663 3485 τούτοις
2699 3420 2887 3474 ἑαυτὸν
2923 3418 3253 3473 ἀπεστάλθαι
3287 3418 3420 3489 φησὶ
3440 3456 3455 3480 ,
3487 3417 3579 3471 καὶ
3610 3416 3700 3470 τὸν

2128 3516 2545 3578 ἀποστείλαντα,
2605 3515 2752 3577 ὅστις
2795 3513 2902 3584 εἴη,
2956 3512 3195 3566 διδάσκει
3265 3509 3476 3579 λέγων’
3528 3528 3549 3560 ι
3588 3508 3698 3562 Καὶ

2126 3606 2436 3679 γνώσεσθε,
2490 3607 2571 3660 ὅτι
2621 3605 2824 3676 Κύριος
2878 3604 3270 3675 παντοκράτωρ
3331 3598 3697 3668 ἐξαπέσταλκέ

2129 3719 2216 3774 με.
2251 3720 2269 3753 ι
2315 3699 2523 3755 Οὐκοῦν
2574 3700 2665 3754 καὶ
2704 3696 2934 3752 ἐνταῦθα
2972 3696 3065 3751 δύο
3113 3695 3303 3764 σαφῶς
3347 3694 3493 3764 ἔχεις
3520 3735 3536 3759 ,
3599 3695 3698 3765 μιᾷ

2126 3792 2434 3865 χρωμένους
2463 3790 2823 3863 προσηγορίᾳ,
2850 3789 2939 3843 τόν
2970 3805 3031 3841 τε
3069 3788 3463 3843 ἀποστείλαντα
3491 3787 3696 3859 Κύριον

2127 3884 2562 3956 παντοκράτορα,
2590 3883 2685 3937 καὶ
2711 3881 2799 3936 τὸν
2823 3880 3300 3951 ἀποστελλόμενον,
3315 3877 3601 3950 ὁμώνυμον
3618 3877 3695 3949 τῷ

2124 3977 2522 4032 ἀποστείλαντι.
2559 3975 2690 4028 Τίνα
2716 3975 2760 4028 δ’
2792 3974 2858 4027 ἂν
2889 3973 3075 4045 ἓτερον
3100 3971 3271 4035 εἴποις
3308 3970 3399 4023 τὸν
3430 3971 3692 4024 ἀποστελ-

2123 4068 2372 4139 λόμενον,
2417 4067 2450 4139 ἢ
2495 4067 2586 4121 τὸν
2636 4066 2724 4120 διὰ
2771 4066 3033 4119 πλειόνων
3076 4066 3205 4135 ἡμῖν
3224 4061 3694 4134 προηγορευμένον

2122 4162 2253 4215 Θεὸν
2301 4162 2470 4230 Λόγον
2490 4200 2506 4225 ,
2550 4160 2683 4232 πρὸς
2728 4158 2820 4212 τοῦ
2862 4158 3075 4230 Πατρὸς
3121 4155 3455 4210 ἀπεστάλθαι
3504 4153 3690 4224 ὁμολο-

2122 4254 2354 4324 γοῦντα,
2392 4252 2575 4322 σαφῶς
2608 4252 2663 4304 δὲ
2730 4250 3023 4323 εἰρηκότα,
3076 4268 3095 4301 ι
3146 4247 3347 4302 Ὀπίσω
3388 4245 3541 4315 δόξης
3583 4246 3690 4298 ἀπ-

2121 4346 2347 4400 έσταλκέ
2384 4363 2470 4415 με,
2505 4364 2523 4397 ι
2561 4342 2838 4415 δηλοῦντα,
2872 4344 2953 4396 ὅτι
2980 4341 3344 4413 προῦπάρχων
3381 4341 3437 4392 ὲν
3469 4335 3595 4408 δόξῃ
3621 4339 3686 4407 τῇ

2123 4438 2272 4509 παρὰ
2300 4437 2378 4507 τῷ
2405 4438 2599 4508 Πατρὶ,
2640 4436 2776 4508 μετά
2802 4434 2970 4489 ταῦτα
2997 4436 3304 4489 ἀπέσταλτο
3334 4433 3425 4485 ἐπὶ
3451 4431 3519 4485 τά
3565 4430 3691 4500 ἔθνη

2120 4531 2188 4583 τά
2252 4528 2618 4583 σκυλεύσαντα
2681 4528 2860 4598 ύμᾶς;
2907 4525 3030 4579 Ἐπὶ
3071 4526 3178 4597 γὰρ
3208 4524 3276 4579 τὰ
3308 4524 3568 4596 πρότερον
3598 4524 3690 4593 ἐχ-

2120 4622 2222 4696 θρὰ
2263 4623 2356 4675 καὶ
2399 4621 2631 4691 πολέμια
2682 4619 2776 4673 τοῦ
2809 4618 2938 4673 λαοῦ
2977 4617 3068 4671 τοῦ
3111 4617 3245 4671 Θεοῦ
3280 4617 3404 4686 ἔθνη
3453 4617 3691 4669 ἀποστα-

2118 4714 2230 4777 λεὶς
2265 4716 2294 4766 ὁ
2331 4711 2425 4766 τοῦ
2472 4712 2605 4765 Θεοῦ
2649 4711 2817 4781 Λόγος
2839 4750 2853 4773 ,
2889 4710 3043 4763 ταῦθ’
3077 4711 3167 4778 ὑφ’
3197 4710 3387 4763 ἑαυτὸν
3428 4706 3686 4777 ἠγάγετο,

2120 4805 2418 4869 σκυλεύσας
2438 4805 2575 4858 αὐτὰ
2594 4803 2679 4858 διὰ
2706 4805 2812 4858 τῶν
2835 4804 2998 4858 αὑτοῦ
3031 4803 3306 4875 μαθητῶν,
3333 4802 3528 4864 οἵτινες
3548 4795 3687 4871 ἦσαν
3769 4852 3774 4865 ,

2124 4901 2286 4972 μέρος
2315 4899 2409 4953 τοῦ
2435 4899 2500 4951 ἐκ
2534 4899 2833 4970 περιτομῆς
2863 4896 3016 4960 λαοῦ,
3046 4898 3226 4950 ὅντινα
3260 4895 3423 4949 πάλαι
3456 4893 3685 4947 καταδε-

2110 4991 2377 5045 ”δούλωντο
2402 4988 2469 5043 τά
2489 4988 2635 5059 ἔθνη,
2666 4987 3032 5042 σκυλεύσαντα
3055 4987 3216 5040 αὐτὸν
3246 4988 3310 5056 τῇ
3340 4983 3683 5055 οίκείᾳείδω-

2120 5082 2420 5155 λολατρείᾳ.
2459 5080 2615 5135 Τοῦτ’
2644 5076 2736 5134 οῦν
2767 5097 2897 5150 φησι
2932 5078 3214 5133 πείσεσθαι
3248 5078 3313 5132 τὰ
3347 5078 3472 5147 ἔθνη
3494 5120 3507 5141 ,
3543 5077 3688 5147 ἆπερ

2117 5170 2462 5227 διατέθεικεν.
2493 5171 2579 5234 Ὠς
2600 5171 2707 5241 γὰρ
2722 5169 2813 5223 τὸν
2838 5168 2963 5222 λαὸν
2994 5168 3087 5222 τοῦ
3117 5167 3274 5233 Θεοῦ,
3302 5169 3399 5240 τῆς
3428 5166 3688 5238 πατρῴας

2116 5264 2394 5327 εὐσεϐείας
2428 5263 2883 5334 μεταστησάμενα
2902 5302 2915 5326 ,
2947 5262 3117 5316 σκῦλα
3149 5263 3261 5324 τοῖς
3290 5260 3440 5323 ίδίοις
3468 5258 3684 5328 δαίμοσι

2121 5355 2518 5425 κατεστήσατο,
2578 5353 2718 5407 οὕτω
2769 5352 2898 5407 ποτὲ
2960 5354 3055 5407 καὶ
3088 5351 3226 5406 αύτά
3269 5352 3368 5423 τῆς
3414 5347 3686 5420 πατρικῆς

2118 5446 2553 5519 είδωλολατρείας
2579 5446 2714 5516 πρὸς
2745 5445 2849 5499 τῶν
2882 5445 3046 5499 πάλαι
3068 5444 3483 5499 δεδουλευκότων
3500 5442 3682 5505 αὐτοῖς

2119 5535 2557 5609 σκυλευθήσεται,
2581 5538 2675 5590 καί⁵
2694 5537 2797 5589 ὑπὸ
2822 5537 2911 5591 τὸν
2943 5534 3107 5604 ζυγὸν
3131 5536 3230 5606 τῆς
3249 5534 3371 5589 καθ’
3406 5532 3684 5605 Ἐϐραίους

2115 5629 2392 5694 εὐσεϐείας
2441 5631 2856 5700 μεταστήσεται.
2891 5628 3058 5682 Τοῦτο
3097 5626 3155 5682 δὲ
3192 5625 3407 5681 ἔσεσθαί
3451 5641 3618 5697 φησιν
3650 5624 3686 5680 ὁ
