4110 6414
398 397 501 453 ιιι)

1303 387 1951 445 DEMONSTRATIONIS
1991 386 2441 443 EVANGELICE
2480 387 2609 445 LlB.
2650 388 2738 444 Vl.

3502 397 3609 453 £50

397 512 596 585 Κύριος
633 512 696 566 δι’
728 512 939 574 ἑαυτοῦ,
965 509 1055 565 ἐπὶ
1085 509 1163 578 τῷ
1204 507 1386 580 τοιῷδε
1413 507 1793 580 κατορθώματι
1822 507 1938 579 πρὸς

2057 514 2141 561 tea
2172 507 2478 571 servierint,
2513 507 2913 578 spoliabuntur,
2947 513 3001 561 et
3030 508 3134 563 sub
3160 507 3344 579 iugum
3382 508 3609 567 Hebrai-

395 603 492 658 τοῦ
537 606 745 677 Πατρὸς
783 603 1305 675 ἀποσταλησομένου.
1352 601 1509 654 Εἴποι
1552 601 1596 654 δ’
1629 602 1692 655 ἄν
1747 618 1829 664 τις
1861 600 1955 654 καὶ

394 696 592 768 νοητάς
619 706 764 760 τινας
787 696 880 749 καὶ
905 695 1166 767 ἀοράτους
1185 694 1464 764 δυνάμεις,
1493 692 1619 762 ἔθνη
1636 692 1729 746 νῦν
1752 693 1950 762 ὀνομά-

399 785 605 852 ζεσθαι,
643 788 709 841 τά
741 787 1121 850 σκυλεύσαντα,
1166 788 1259 840 καὶ
1302 785 1813 857 αἰχμαλωτεύσαντα
1856 783 1954 848 τὰς

397 879 505 932 τῶν
528 879 822 951 ἀνθρώπων
846 879 1042 949 ψυχὰς,
1063 873 1137 933 ὧν
1158 878 1342 950 ψυχῶν
1368 877 1507 931 οῦτω
1539 878 1671 948 φησί
1697 876 1952 947 κήδεσθαι

396 972 427 1023 ὁ
450 970 816 1042 φιλάνθρωπος
848 971 941 1024 τοῦ
972 971 1107 1024 Θεοῦ
1134 972 1327 1039 Λόγος,
1347 970 1474 1024 ὡσεί
1493 989 1572 1034 τις
1597 970 1731 1033 ἰδίας
1752 969 1952 1038 ὀφθαλ-

401 1062 499 1133 μοῦ
546 1063 728 1135 κόρης.
767 1065 879 1118 Καὶ
912 1064 1110 1134 δεῖγμα
1137 1063 1234 1133 τῆς
1266 1062 1478 1114 τοιᾶσδε
1523 1060 1687 1115 αὑτοῦ
1733 1061 1860 1131 περὶ
1886 1058 1947 1112 τὸ

394 1153 501 1207 τῶν
546 1153 844 1224 ἀνθρώπων
878 1154 1038 1222 ’γένος
1071 1153 1414 1224 κηδεμονίας,
1461 1151 1522 1205 τὸ
1557 1152 1674 1224 μηδ’
1707 1150 1953 1205 ὑποστεί-

394 1243 585 1297 λασθαι
619 1244 802 1308 αὐτὸν,
832 1243 968 1297 Θεοῦ
996 1246 1165 1315 Λόγον
1192 1245 1319 1297 ὄντα
1346 1244 1440 1297 καὶ
1470 1244 1527 1295 ἐν
1549 1243 1673 1312 δόξῃ
1707 1245 1774 1313 τῇ
1804 1241 1952 1312 παρά

391 1334 469 1406 τῷ
492 1336 664 1405 Πατρὶ
693 1336 1052 1407 τυγχάνοντα,
1081 1337 1177 1407 τὴν
1214 1339 1292 1401 εἰς
1327 1335 1638 1408 ἀνθρώπους
1664 1334 1951 1407 ἐπιδημίαν

390 1445 451 1482 τε
483 1429 577 1483 καὶ
602 1430 910 1499 οἰκονομίαν
939 1429 1311 1494 ἀναδέξασθαι.

2059 613 2136 652 (τε
2163 598 2437 669 religionis
2468 598 2842 653 traducentur.
2878 597 2990 653 lloc
3021 608 3200 655 autem
3250 600 3491 655 futurum
3531 603 3609 656 ait

2059 688 2321 745 Dominus
2350 706 2444 759 per
2477 691 2738 761 seipsum,
2771 690 2863 761 qui
2891 691 2956 745 ad
2981 693 3089 747 tale
3113 707 3313 747 munus
3342 702 3605 762 praestan-

2058 780 2186 834 dum
2212 779 2423 836 aPatre
2457 782 2751 837 mittendus
2802 782 2894 837 sit.
2950 781 3237 845 Caeterum,
3282 783 3479 841 dixerit
3508 784 3609 838 ali-

2057 872 2202 941 quis,
2234 873 2395 926 etiam
2424 874 2790 944 intelligibiles
2820 874 3079 944 quasdam
3112 883 3164 930 et
3196 876 3608 947 invisibilespo—

2057 971 2300 1028 testatas,
2357 974 2543 1036 gentes
2573 982 2720 1021 nunc
2769 967 3059 1031 nominari,
3086 983 3206 1037 qua:
3252 969 3605 1037 spoliaverint

2054 1058 2404 1127 captivasque
2436 1056 2713 1110 hominum
2744 1057 2955 1111 animas
2973 1058 3202 1127 egerint,
3228 1073 3456 1129 quarum
3487 1058 3578 1113 ani

2054 1164 2264 1202 marum
2295 1148 2456 1202 talem
2488 1162 2546 1202 se
2570 1162 2755 1201 curam
2800 1163 2986 1217 gerere
3017 1149 3091 1203 ait
3123 1150 3604 1205 clementissimum

2055 1239 2152 1295 Dei
2178 1238 2433 1303 Verbum,
2466 1240 2679 1309 qualem
2704 1240 3078 1309 unusquisque
3097 1241 3239 1295 oculi
3272 1241 3357 1295 sui
3393 1241 3608 1312 pupillae

2054 1331 2215 1402 gerit,
2241 1330 2400 1400 cujus
2429 1331 2735 1386 sedulitatis
2765 1340 2927 1400 atque
2952 1331 3155 1387 amoris
3176 1347 3303 1402 erga
3323 1333 3604 1387 hominum

2056 1438 2247 1492 genus,
2286 1423 2499 1492 signum
2542 1421 2673 1476 illud
2721 1422 2845 1484 erit,
2896 1421 3040 1492 quod
3078 1437 3203 1476 cum
3247 1421 3343 1476 Dei
3371 1421 3607 1478 Verbum

391 1528 554 1585 esset,
588 1527 644 1576 et
693 1535 793 1576 sua
835 1522 1005 1591 gloria
1039 1523 1177 1591 apud
1229 1521 1443 1576 Patrem
1502 1520 1793 1584 frueretur,
1845 1534 1951 1575 non
2003 1516 2235 1591 piguerit
2291 1516 2466 1585 ipsum
2525 1513 2775 1569 veniendi
2824 1512 2890 1567 ad
2940 1513 3209 1579 homines,
3262 1522 3421 1584 atque
3465 1517 3609 1568 inter

391 1630 486 1673 eos
516 1614 769 1672 versandi
798 1631 1005 1681 curam,
1034 1616 1600 1687 dispensationemque
1627 1613 1922 1686 suscipere.

890 1753 1277 1807 ΚΕΦΑΛΑῙΟΝ
1312 1754 1408 1807 ΙΖ¹.

408 1888 550 1942 Ἀπὸ
587 1887 691 1971 τ’ρῦ
722 1885 919 1971 αὐταῦζ
948 1886 1122 1971 -ςξρς
1146 1883 1327 1971 αὐτὸς
1351 1888 1383 1938 ὀ
1409 1886 1620 1953 Κύριος
1645 1884 1819 1969 ἥξειν
1846 1888 1947 1971 ei):

2610 1742 2837 1799 CAPUT
2877 1743 3041 1799 XVII.

2054 1902 2131 1956 Ab‘
2158 1901 2355 1955 eodem.
2383 1930 2451 1939 —
2482 1898 2633 1966 Quod
2679 1898 2786 1967 ipse
2827 1897 3082 1954 Dominus
3127 1891 3397 1957 cariturum
3442 1921 3496 1958 se
3540 1905 3605 1959 de

455 1959 709 2045 ραζιίθεν
724 1956 963 2045 necuter;
978 1953 1818 2045 dt'Opcbamg-rxaiamf‘umbqftr
1836 1995 1850 2019 ,
1881 1973 1938 2045 τη

2054 1953 2272 2045 “”ςὶιέιο,
2301 1980 2349 2024 et
2386 1953 2530 2045 inter
2552 1953 2782 2022 homines
2815 1953 3501 2045 habitaturur‘npqentesque

455 2023 519 2081 τε
541 2026 681 2093 ἔθνη
709 2029 794 2090 εἰς
822 2023 1005 2077 αὐτὸν
1036 2024 1509 2092 καταφεύξεσθαι
1535 2025 1814 2089 θεσπίζει,
1846 2026 1945 2078 καί

454 2098 534 2161 ὡς
588 2093 951 2165 ἀπεστάλθαι
990 2094 1105 2146 ὑπό
1142 2110 1305 2165 uiroc
1363 2095 1702 2163 κρείττονος
1726 2095 1945 2165 Κυρίου

457 2164 926 2231 παντοκράτορος
951 2162 1244 2232 ὁμολογεῖ.

461 2316 479 2347 ι
508 2296 720 2368 Τέρπου
752 2297 844 2350 καὶ
868 2297 1179 2369 εὐφραίνου,
1224 2295 1457 2367 θύγατερ
1486 2296 1642 2361 Σιὼν,
1681 2296 1811 2349 διότι
1836 2297 1944 2350 ἰδοὺ

386 2389 496 2458 ἐγὼ
526 2388 775 2460 ἔρχομαι,
811 2389 903 2442 καὶ
945 2384 1348 2459 κατασκηνώσω
1390 2390 1447 2441 ἐν
1473 2388 1621 2460 μέσῳ
1654 2405 1769 2451 σου,
1799 2388 1944 2457 λέγει

386 2480 606 2551 Κῦριος,
640 2480 736 2533 καὶ
769 2480 1192 2549 καταφεύξονται
1239 2480 1364 2550 ἔθνη
1398 2478 1564 2533 πολλά
1592 2479 1683 2532 ἐπὶ
1705 2480 1795 2533 τὸν
1830 2478 1943 2532 K6-

388 2588 500 2642 ριον
526 2574 584 2625 ἐν
607 2573 673 2642 τῇ
707 2571 888 2642 ἡμέρᾳ
917 2571 1118 2642 ἐκείνῃ,
1164 2572 1255 2624 καὶ
1295 2570 1502 2624 ἔσονται
1531 2571 1674 2642 αὐτῷ
1700 2573 1777 2634 είς
1795 2571 1941 2636 λαὸν,

384 2661 479 2716 καὶ
511 2660 916 2732 κατασκηνώσω
946 2663 1005 2714 ἐν
1054 2661 1201 2732 μέσῳ
1230 2678 1343 2727 σου,
1376 2661 1470 2715 καὶ
1494 2660 1696 2732 γνώσῃ,
1725 2662 1805 2715 ὃτι
1831 2662 1943 2716 Κύ-

388 2775 500 2829 ριος
527 2758 917 2829 παντοκράτωρ
945 2756 1311 2823 ἐξαπέσταλκέ
1343 2773 1409 2827 με
1452 2757 1586 2826 πρὸς
1614 2756 1692 2810 σέ.
1733 2775 1752 2807 ι
1794 2756 1944 2809 Ἐπεὶ

384 2849 667 2921 πρόκειται
697 2842 791 2901 νῦν
825 2848 883 2901 τὸ
923 2847 1173 2919 δεύτερον
1203 2847 1373 2900 αἴτιον
1413 2847 1477 2900 ἐκ
1505 2846 1613 2901 τῶν
1654 2847 1943 2920 προφητῶν

268 2986 276 2994 .
384 2940 679 3007 ἀποδεῖξαι,
715 2938 1018 3010 ἀνθρώποις
1076 2938 1265 3008 μέλλον
1299 2938 1392 2989 ἐπὶ
1424 2937 1525 3008 γῆς
1555 2936 1942 3007 συμπολιτεύε-

390 3033 531 3095 σθαι,
583 3029 734 3103 οἷμαι
788 3030 975 3084 τούτου
1033 3029 1433 3101 παραστατικὸν
1491 3026 1629 3082 εἶναι
1687 3029 1781 3083 καὶ
1846 3029 1942 3099 τὴν

387 3121 667 3193 παροῦσαν
722 3120 1074 3193 προφητείαν,
1128 3120 1203 3183 ὠς
1259 3118 1348 3173 διὰ
1390 3119 1452 3172 τὸ
1496 3118 1761 3190 πρόδηλον
1809 3119 1943 3191 μηδὲ

385 3214 626 3277 πλείονος
677 3212 996 3284 ἐξεργασίας
1047 3212 1271 3265 δεῖσθαι.
1305 3211 1574 3282 Τηρήσεις
1611 3210 1687 3273 δὲ,
1721 3212 1801 3264 ὅτι
1849 3211 1942 3264 καὶ

2120 2044 2291 2110 ipsum
2320 2040 2703 2108 confugituras,
2729 2041 2868 2092 canit
2896 2055 2912 2092 :
2941 2051 2989 2093 et
3013 2041 3150 2109 quod
3186 2040 3472 2098 missumst:
3494 2062 3607 2100 esse

2121 2129 2154 2166 a
2174 2112 2396 2164 Domino
2426 2111 2768 2176 omnipotente
2796 2110 3092 2178 conﬁtetur.

2137 2305 2298 2377 283
2335 2323 2354 2356 ι
2390 2302 2576 2359 Gaude
2619 2311 2671 2357 ct
2721 2302 2927 2365 laetare,
2974 2303 3083 2356 ﬁlia
3136 2301 3300 2369 Sion,
3348 2304 3605 2375 quoniam

2050 2413 2175 2453 ecce
2218 2412 2317 2467 ego
2364 2396 2555 2457 venio,
2598 2401 2653 2448 et
2696 2393 2952 2448 habitabo
2996 2394 3051 2448 in
3095 2394 3273 2449 medio
3312 2396 3421 2460 tui,
3470 2395 3603 2451 dicit

2052 2487 2346 2550 Dominus,
2379 2493 2434 2540 et
2478 2483 2793 2555 confugient
2837 2492 3022 2554 gentes
3070 2485 3254 2539 multa:
3300 2485 3366 2539 ad
3414 2483 3599 2539 Domi-

2048 2594 2180 2633 num
2221 2580 2275 2633 in
2312 2576 2401 2632 die
2435 2576 2526 2629 illa
2547 2614 2560 2640 ,
2596 2583 2649 2631 et
2682 2583 2843 2630 erunt
2875 2576 2923 2629 ei
2956 2576 3009 2629 in
3042 2576 3330 2645 populum,
3363 2585 3417 2632 et
3447 2576 3602 2631 habi-

2047 2669 2176 2723 tabo
2217 2668 2274 2722 in
2316 2665 2495 2722 medio
2535 2665 2652 2730 tui,
2697 2673 2751 2719 et
2797 2680 3094 2736 cognosces
3140 2667 3285 2737 quod
3338 2666 3602 2723 Dominus

2046 2760 2391 2830 omnipotens
2431 2758 2581 2813 misit
2618 2772 2703 2811 me
2743 2756 2810 2810 ad
2840 2766 2890 2812 te
2918 2757 2984 2811 ⁸ο.
3022 2777 3040 2810 ι
3068 2758 3204 2824 Quia
3232 2773 3375 2813 nunc.
3404 2773 3603 2830 propo-

2049 2852 2218 2906 situm
2249 2859 2334 2905 est
2366 2847 2562 2903 Filium
2584 2888 2598 2913 ,
2631 2854 2907 2901 auctorem
2939 2849 3118 2902 rerum
3139 2887 3154 2914 ,
3187 2850 3325 2917 apud
3357 2850 3601 2908 homines

2049 2943 2105 2996 in
2140 2949 2287 2997 terra
2316 2948 2659 2996 versaturum
2685 2979 2700 3003 ,
2734 2955 2801 2994 ex
2835 2939 3116 3009 pr0phetis
3154 2938 3441 2995 ostendere
3462 2980 3477 3005 ,
3510 2956 3601 2995 ar-

2048 3033 2220 3087 bitror
2250 3032 2481 3099 hujusce
2508 3031 2585 3086 rei
2616 3030 3056 3085 demonstrandae
3082 3031 3373 3085 eliicaciam
3402 3032 3603 3088 habere

2046 3132 2368 3195 praesentem
2397 3122 2769 3194 prophetiam,
2802 3122 2936 3178 adeo
2969 3123 3187 3193 quidem
3221 3129 3282 3176 ut
3315 3123 3384 3178 ob
3430 3106 3603 3187 ipsius

2047 3213 2125 3271 rei
2173 3212 2652 3283 perspicuitatem,
2704 3212 2855 3265 nulla
2909 3214 3172 3283 ampliore
3223 3214 3604 3283 explanatione

381 3305 481 3377 τὴν
527 3304 702 3358 αίτίαν
754 3299 908 3367 αὖθις
963 3305 1060 3374 τῆς
1101 3303 1337 3373 ἀφίξεως
1369 3302 1532 3357 αὑτοῦ
1584 3302 1731 3374 δηλοί
1774 3304 1831 3355 ἐν
1862 3296 1938 3367 οἷς

2049 3305 2121 3360 sit
2174 3319 2357 3374 opus:
2406 3304 2570 3359 etiam
2629 3302 2763 3357 illud
2815 3303 3128 3358 ohservahis
3178 3304 3321 3374 quod
3376 3320 3601 3360 causam

383 3415 534 3471 φησι*
578 3417 596 3449 ι
635 3396 743 3450 Καὶ
776 3395 1199 3464 καταφεύξονται
1233 3395 1356 3467 ἔθνη
1402 3394 1570 3451 πολλὰ
1600 3396 1691 3449 ἐπὶ
1717 3396 1805 3449 τὸν
1830 3395 1943 3448 Κύ-

385 3507 497 3562 ριον
528 3491 585 3543 ἐν
614 3492 681 3560 τῇ
712 3489 891 3559 ἡμέρᾳ
910 3488 1113 3561 ἐκείνῃ,
1138 3489 1231 3540 καὶ
1247 3487 1455 3541 ἔσονται
1485 3487 1631 3558 αὐτῷ
1659 3488 1737 3552 εἰς
1755 3487 1933 3541 λαόν.»

381 3581 565 3637 Ταῦτα
593 3580 650 3633 δὲ
670 3583 697 3633 ὁ
723 3579 897 3647 λόγος,
929 3577 1027 3648 τὴν
1053 3577 1324 3651 θυγατέρα
1341 3578 1477 3632 Σιὼν
1499 3578 1936 3648 εὐαγγελίζεται,

378 3671 521 3725 οὕτω
564 3671 663 3740 τὴν
712 3670 1035 3741 Ἐκκλησίαν
1076 3668 1170 3722 τοῦ
1204 3669 1336 3723 Θεοῦ
1388 3669 1822 3742 προσαγορεύων,
1850 3669 1938 3723 διὰ

377 3763 438 3816 τὸ
458 3763 555 3833 τῆς
571 3762 889 3832 ἐπουρανίου
922 3760 1268 3833 Ἰερουσαλὴμ
1288 3760 1558 3832 θυγατέρα
1583 3758 1717 3813 εἶναι
1742 3759 1935 3824 δοκεῖν,

383 3852 585 3924 μητρὸς
630 3848 793 3921 οὖσης
853 3851 1065 3918 ἐκείνης
1105 3849 1210 3902 τῶν
1243 3849 1433 3916 ἁγίων,
1489 3848 1631 3902 κατά
1660 3849 1752 3902 τὸν
1795 3849 1938 3919 ἱερὸν

393 3940 724 3994 Ἀπόστολον.
760 3940 937 3995 Ἢκαί
965 3941 1136 4004 ἄλλως
1157 3939 1398 4011 θυγάτηρ
1423 3939 1557 3993 Σιὼν
1573 3942 1607 4011 η
1649 3939 1937 4011 Ἐκκλησία

378 4032 612 4104 Χριστοῦ
668 4032 882 4105 λεχθείη
930 4031 1016 4096 ἂν,
1058 4032 1204 4087 ὠσάν
1249 4034 1312 4086 ἐκ
1356 4032 1455 4103 τῆς
1514 4032 1782 4103 προτέρας
1810 4050 1936 4087 συν-

379 4124 600 4196 αγωγῆς
658 4125 764 4178 τῶν
786 4126 850 4177 ἐκ
883 4124 1200 4199 περιτομῆς,
1254 4124 1340 4178 διά
1375 4142 1433 4179 τε
1478 4125 1806 4189 ἀποστόλων,
1844 4125 1936 4180 καὶ

378 4218 774 4287 εὐαγγελιστῶν
795 4218 1093 4281 ὑποστᾶσα,
1122 4216 1171 4270 οἳ
1204 4218 1298 4270 καὶ
1317 4218 1625 4288 γεννήματα
1644 4217 1935 4290 ἐτύγχανον

380 4310 583 4383 μητρὸς
624 4311 723 4382 τῆς
772 4310 1165 4383 ἀπορριφείσης
1226 4309 1314 4364 διά
1343 4311 1442 4373 τὰς
1502 4309 1709 4372 οἰκείας
1748 4308 1936 4361 δυσσε-

376 4402 547 4467 ϐείας,
578 4401 673 4455 καὶ
715 4403 887 4473 χήρας
910 4401 1276 4474 γεγενημένης
1299 4440 1314 4465 ,
1346 4401 1436 4455 διὰ
1467 4402 1527 4455 τὸ
1554 4400 1819 4455 ἀπελάσαι
1843 4400 1934 4454 τὸν

375 4495 559 4566 ἄνδρα,
591 4494 678 4547 διὰ
713 4493 819 4547 τῶν
866 4495 1155 4566 προφητῶν
1178 4493 1623 4565 ἐπιμεμψάμενον
1674 4493 1808 4563 αὐτῇ
1839 4490 1935 4545 καὶ

377 4588 651 4658 φήσαντω
687 4606 706 4637 ι
744 4587 853 4656 Οὐχ
880 4586 955 4651 ὡς
972 4586 1136 4658 ἄνδρα
1166 4603 1231 4655 με
1264 4586 1544 4648 ἐκάλεσας,
1580 4585 1671 4638 καὶ
1702 4584 1930 4655 πατέρα,

2046 3410 2240 3449 rursus
2279 3394 2365 3449 sui
2403 3391 2667 3446 adventus
2697 3391 2969 3463 signiﬁcat
2991 3432 3006 3456 ,
3039 3392 3131 3447 uhi
3164 3393 3240 3446 ait
3268 3412 3281 3447 :
3314 3412 3332 3445 ι
3354 3392 3436 3457 Et
3468 3408 3604 3448 con-

2046 3485 2255 3556 fugient
2288 3490 2475 3555 gentes
2513 3482 2698 3537 multae
2733 3482 2799 3537 ad
2840 3481 3127 3537 Dominum
3171 3483 3226 3537 in
3264 3483 3353 3539 die
3391 3485 3511 3557 illa,
3546 3491 3603 3540 et

2045 3585 2207 3635 erunt
2236 3577 2338 3647 ipsi
2368 3575 2423 3630 in
2451 3576 2730 3646 populum.
2772 3594 2791 3626 ι
2821 3574 2946 3630 Haec
2974 3583 3154 3631 autem
3184 3576 3286 3645 ipsi
3316 3576 3437 3631 ﬁlia:
3469 3576 3599 3633 Sion

2045 3670 2260 3727 nuntiat
2293 3669 2572 3725 oraculum
2596 3707 2611 3730 ,
2658 3667 2737 3721 sic
2775 3666 2988 3721 interim
3029 3665 3124 3720 Dei
3164 3667 3463 3722 Ecclesiam
3502 3683 3601 3737 ap-

2043 3762 2291 3834 pellans,
2355 3770 2639 3831 propterea
2688 3759 2830 3828 quod
2886 3759 3094 3813 caelesti
3140 3757 3440 3814 Jerusalem
3488 3760 3597 3814 lilia

2041 3878 2165 3919 esse
2215 3861 2485 3922 videatur,
2546 3873 2692 3928 qute,
2753 3862 2813 3909 ut
2866 3859 3091 3909 sanctus
3148 3851 3224 3905 ait
3276 3851 3595 3920 Apostolus,

2042 3961 2216 4009 mater
2262 3960 2575 4009 sanctorum
2621 3959 2723 4006 est.
2773 3948 2881 4001 Aut
2921 3945 3085 4000 etiam
3129 3943 3285 3998 aliter
3323 3942 3431 3997 tilia
3466 3940 3599 3997 Sion

2041 4044 2247 4100 Christi
2296 4043 2538 4097 Ecclesia
2568 4041 2674 4097 dici
2705 4047 2917 4112 potest,
2962 4045 3219 4107 tanquam
3261 4050 3324 4090 ea
3365 4048 3486 4105 quae
3530 4049 3597 4089 ex

2038 4138 2222 4208 priore
2276 4148 2465 4191 eorum
2517 4134 2611 4205 qui
2675 4133 2739 4189 ad
2796 4129 3267 4187 circumeisionem
3325 4126 3598 4198 pertinent

2040 4237 2307 4283 conventu
2337 4267 2350 4291 ,
2401 4242 2498 4297 per
2541 4225 2814 4297 apostolos
2838 4263 2853 4286 ,
2905 4229 3066 4291 atque
3107 4219 3466 4289 evangelistas
3491 4258 3506 4284 ,
3540 4216 3596 4271 id

2039 4318 2184 4391 quod
2215 4326 2330 4383 est,
2368 4318 2674 4387 acceperit,
2704 4317 2795 4387 qui
2823 4315 2986 4371 etiam
3021 4313 3113 4367 lilii
3142 4320 3297 4367 erant
3329 4310 3448 4381 ejus
3478 4324 3597 4364 ma-

2040 4410 2139 4466 tris
2160 4450 2175 4475 ,
2205 4425 2325 4481 quae
2358 4410 2430 4464 ob
2459 4410 2665 4464 scelera
2696 4423 2795 4463 sua
2824 4407 3035 4476 abjecta
3078 4413 3161 4461 est
3182 4445 3195 4468 ,
3244 4419 3471 4475 quasque
3511 4403 3595 4460 vi-

2040 4502 2145 4556 dua
2179 4501 2322 4556 facta
2353 4509 2473 4565 est,
2502 4516 2567 4556 co
2600 4500 2746 4570 quod
2790 4498 3059 4570 expulerit
3090 4498 3266 4551 virum
3296 4537 3310 4559 ,
3353 4496 3445 4567 qui
3496 4512 3596 4567 per

2039 4594 2332 4664 prophetas
2354 4594 2421 4648 de
2446 4593 2563 4663 ipsa
2593 4599 2924 4662 conquestus
2946 4597 3030 4646 est
3054 4630 3068 4654 ,
3095 4597 3256 4661 atque
3286 4589 3398 4643 ait:
3429 4607 3447 4639 ι
3475 4587 3595 4643 Νοη

376 4680 469 4734 καὶ
500 4680 737 4752 ἀρχηγὸν
770 4680 868 4750 τῆς
884 4680 1175 4751 παρθενίας
1207 4696 1298 4731 σου
1319 4694 1332 4708 ·
1373 4698 1391 4729 ι
1417 4678 1476 4741 ὃς
1508 4678 1600 4732 καὶ
1630 4680 1741 4740 τοῖς
1766 4676 1822 4743 ἐξ
1845 4676 1935 4729 αὺ-

2045 4694 2295 4756 lanquam
2328 4686 2507 4741 virum
2535 4701 2623 4739 me
2654 4684 2860 4739 vocasti
2884 4723 2900 4747 ,
2944 4690 2998 4738 et
3043 4681 3258 4738 Patrem
3306 4690 3360 4737 et
3397 4680 3591 4736 ducem

374 4768 472 4839 τῆς
524 4769 833 4839 γενομένοις
889 4770 977 4824 τὸν
1002 4769 1196 4840 τρόπον
1237 4769 1334 4839 τῆς
1364 4768 1566 4839 μητρὸς
1606 4766 1925 4833 διαϐάλλων,

373 4866 542 4936 φησί·
573 4884 591 4917 ι
629 4866 786 4917 Ποῖον
828 4865 982 4919 τοῦτο
1013 4865 1075 4918 τὺ
1117 4863 1316 4935 βιόλίον
1343 4863 1436 4916 τοῦ
1474 4862 1801 4916 ἀποστασίου
1834 4860 1932 4931 τῆς

377 4955 582 5027 μητρὸς
630 4956 801 5025 ὑμῶν,
832 4948 875 5024 ᾧ
910 4954 1261 5023 ἐξαπέστειλεν.
1304 4956 1505 5025 αὐτήν;
1548 4973 1565 5005 ›
1596 4953 1706 5008 Καὶ
1734 4952 1894 5006 πάλιν
1914 4968 1928 4983 ·

375 5067 393 5099 ι
437 5046 676 5118 Κριθῆτε
741 5047 875 5119 πρὸς
932 5048 1027 5119 τὴν
1082 5047 1290 5120 μητέρα
1343 5047 1515 5118 ὑμῶν,
1571 5046 1813 5117 κριθῆτε,
1849 5044 1931 5097 δτι

370 5142 506 5214 αὕτη
544 5141 604 5194 οὐ
638 5143 771 5213 γυνή
802 5158 899 5212 μου
924 5182 938 5207 ,
966 5142 1118 5211 κάγὼ
1150 5143 1249 5196 οὐκ
1272 5143 1411 5213 ἀνὴρ
1438 5142 1626 5211 αὐτῆς.
1653 5160 1670 5192 ι
1698 5138 1934 5202 Εἰκότως

371 5232 501 5304 δῆτα
536 5232 682 5286 ὡσάν
715 5233 812 5303 τὴν
848 5233 1056 5304 μητέρα
1096 5234 1551 5306 ἀπαρνησαμένου
1582 5233 1675 5286 τοῦ
1701 5231 1928 5303 Κυρίου,

372 5326 506 5394 πρὸς
541 5325 639 5394 τὴν
656 5310 926 5396 θυγατέρα
956 5328 988 5397 ὴ
1032 5325 1278 5395 παροῦσα
1313 5325 1614 5396 προφητεία
1645 5322 1920 5392 εὐαγγελί-

380 5413 517 5479 ζεται
550 5413 646 5485 τὴν
676 5413 837 5467 αὐτοῦ
888 5411 980 5467 τοῦ
1023 5413 1225 5485 Κυρίου
1273 5415 1592 5484 παρουσίαν.
1640 5414 1738 5484 Είη
1781 5413 1825 5466 δ’
1862 5411 1927 5466 ἂν

383 5503 506 5576 ιῦτη
540 5507 573 5577 ἡ
607 5505 666 5571 ἐξ
707 5502 874 5559 ἐθνῶν
914 5504 1225 5576 Ἐκκλησία,
1258 5508 1314 5559 ἐν
1356 5505 1508 5577 χώρᾳ
1540 5505 1803 5578 θυγατρὸς
1828 5506 1927 5576 τῆς

376 5596 663 5669 προτέρας,
686 5597 773 5651 διά
801 5600 927 5662 τοὺς
970 5598 1295 5662 ἀποστόλους
1335 5598 1426 5651 τοῦ
1467 5599 1714 5671 ᾓυτῆρος
1745 5602 1921 5673 ἡμῶν,

372 5686 747 5758 λελο-μσμένη.

2040 4778 2360 4849 virginitatis
2407 4785 2514 4832 tua;
2543 4777 2610 4843 ⁸¹,
2645 4796 2664 4829 ›
2689 4777 2779 4847 qui
2820 4776 2983 4831 etiam
3014 4776 3082 4831 iis
3112 4775 3205 4845 qui
3230 4775 3296 4829 de
3322 4775 3435 4844 ipsa
3480 4773 3593 4829 nati

2037 4880 2194 4934 sunt,
2221 4884 2401 4925 mores
2432 4869 2619 4924 matris
2641 4868 2979 4938 exprobrans
3012 4882 3076 4921 ac
3104 4869 3440 4936 vituperans,
3472 4866 3548 4918 ait
3573 4885 3586 4919 :

2042 4980 2062 5013 ι
2093 4961 2227 5024 Quis
2258 4968 2342 5016 est
2376 4960 2465 5015 hic
2494 4960 2632 5014 liber
2660 4959 2873 5030 repudii
2910 4958 3099 5014 matris
3131 4965 3360 5018 vestrae,
3396 4955 3452 5009 in
3480 4971 3590 5025 quo

2036 5053 2194 5107 emisi
2227 5066 2344 5106 eam
2370 5052 2416 5083 ⁸²
2437 5052 2460 5105 γ
2482 5071 2499 5103 ι
2530 5052 2597 5106 Et
2629 5067 2822 5107 rursus
2850 5070 2864 5105 :
2900 5070 2919 5102 ι
2946 5048 3271 5104 Judicamiui
3299 5047 3588 5117 :quoniam

2034 5142 2151 5197 haec
2193 5158 2302 5197 non
2345 5158 2484 5199 uxor
2517 5159 2635 5198 mea
2656 5184 2671 5208 ,
2719 5150 2772 5199 et
2808 5157 2907 5212 ego
2941 5155 3048 5195 non
3081 5140 3165 5193 vir
3190 5139 3309 5208 ejus
3338 5139 3404 5194 ”.
3431 5158 3451 5190 ι
3479 5138 3588 5193 Me-

2033 5233 2143 5288 rito
2195 5248 2326 5289 sane
2373 5242 2628 5304 tanquam
2673 5234 2740 5288 iis
2786 5233 2878 5303 qui
2931 5241 3159 5286 matrem
3203 5230 3591 5301 abnegaverint

2037 5324 2202 5379 ﬁliam
2258 5323 2501 5385 Domini.
2544 5326 2716 5394 ipsius
2760 5323 2969 5377 Domini
3013 5323 3298 5377 adventum
3348 5337 3611 5392 praesens-

2036 5417 2319 5486 prephetia
2368 5418 2617 5470 nuntiat.-
2653 5412 2769 5467 Erit
2817 5421 2997 5468 autem
3055 5413 3168 5468 haec
3222 5411 3465 5470 Ecclesia
3517 5414 3586 5469 de

2038 5494 2319 5577 gentibus,
2355 5525 2475 5578 qua:
2506 5509 2625 5563 loco
2658 5508 2856 5578 prioris
2889 5506 3013 5561 ﬁliae
3044 5521 3139 5578 per
3180 5506 3350 5563 nostri
3397 5506 3584 5565 Salva-

2037 5600 2171 5655 toris
2198 5602 2473 5670 apostolos
2498 5641 2514 5667 ,
2546 5600 2724 5656 habita
2754 5606 2856 5654 est.

437 5803 481 5835 ⁸·
514 5803 677 5859 Zach.
707 5821 766 5872 ιιι,
796 5807 881 5873 lo,
918 5809 1002 5863 Η.
1078 5812 1118 5844 ⁸⁸
1143 5810 1251 5867 Jer.
1278 5829 1356 5878 Ill,
1387 5812 1439 5868 ἄ.
1514 5814 1559 5847 ⁸²
1582 5812 1684 5873 lsa.
1718 5834 1845 5885 xxx,
1877 5837 1917 5876 ι.

2069 5824 2194 5885 Ose.
2228 5842 2288 5895 ιι,
2314 5827 2370 5884 2.
