4110 6424
581 365 677 423 451

662 649 746 706 Ab
775 650 974 704 eodem.
1004 680 1073 689 —
1102 650 1178 703 De
1212 650 1421 703 Domini
1458 650 1679 703 adventu
1707 689 1722 711 ,
1754 658 1803 702 et
1840 649 1903 702 de
1936 650 2003 703 iis

784 736 899 789 qua:
929 721 984 774 in
1012 722 1253 788 passione
1280 721 1395 788 ejus
1423 730 1666 774 eventura
1697 729 1870 773 erant.

620 906 638 937 ι
678 888 817 943 Ecce
841 887 956 944 dies
982 897 1208 944 veniunt
1238 889 1451 943 Domini
1476 930 1491 953 ,
1519 898 1573 944 et
1595 888 1911 943 dividentur
1937 889 2109 959 Spolia

550 993 640 1037 tua
673 982 728 1035 in
762 990 815 1037 te
840 1022 854 1043 ,
901 990 955 1036 et
1000 982 1341 1052 congregabo
1369 997 1558 1037 omnes
1586 990 1772 1053 gentes
1805 982 1857 1035 in
1890 980 2111 1037 Jerusa-

550 1072 652 1126 lem
687 1071 753 1125 ad
784 1071 983 1126 bellqu
1010 1088 1026 1137 ;
1059 1078 1113 1124 et
1141 1072 1393 1141 capietur
1422 1071 1618 1124 civitas
1640 1109 1656 1131 ,
1692 1079 1743 1125 et
1785 1070 2110 1139 diripientur

547 1163 777 1228 domus,
813 1170 865 1217 et
905 1163 1163 1218 mulieres
1197 1162 1567 1229 foedabuntur,
1598 1172 1652 1216 et
1687 1162 1994 1231 egredietur
2026 1160 2111 1215 di-

547 1254 774 1309 midium
807 1254 1045 1309 civitatis
1070 1255 1122 1308 in
1153 1254 1501 1325 captivitate,
1540 1253 1733 1323 reliqui
1764 1268 1890 1308 vero
1916 1252 1983 1307 de
2011 1267 2110 1324 po-

548 1344 675 1413 pulo
710 1359 830 1399 meo
863 1360 970 1398 non
1004 1345 1289 1413 peribunt,
1325 1350 1379 1398 et
1410 1343 1716 1413 egredietur
1743 1342 2024 1408 Dominus,
2054 1350 2109 1397 et

547 1434 827 1504 parabitur
861 1434 928 1489 ad
957 1437 1199 1505 praelium
1235 1434 1290 1488 in
1341 1434 1593 1505 gentibus
1631 1434 1775 1498 illis,
1813 1435 1955 1490 sicut
1989 1434 2105 1490 dies

547 1525 714 1594 praelii
743 1526 861 1595 ejus
889 1528 941 1579 in
974 1526 1062 1580 die
1090 1525 1215 1581 belli
1244 1544 1256 1578 :
1284 1533 1338 1580 et
1364 1525 1585 1579 stabunt
1609 1526 1773 1596 pedes
1795 1527 1915 1595 ejus
1936 1527 1993 1580 in
2018 1526 2107 1581 die

546 1617 635 1669 illa
662 1633 825 1686 super
856 1610 1038 1672 monte
1066 1615 1375 1682 Olivarum,
1406 1616 1499 1687 qui
1528 1624 1613 1672 est
1651 1628 1840 1672 contra
1889 1618 2107 1675 Jerusa-

547 1707 650 1760 lem
678 1708 748 1762 ab
774 1709 1008 1770 Oriente,
1039 1716 1093 1761 et
1119 1707 1396 1762 scindetur
1425 1722 1581 1762 mons
1609 1706 1885 1763 Olivarum
1905 1750 1920 1772 ,
1949 1710 2109 1764 dimi-

545 1796 696 1851 dium
726 1799 844 1868 ejus
875 1799 942 1855 ad
972 1799 1264 1864 Orientem,
1290 1807 1344 1855 et
1365 1799 1648 1854 dimidium
1680 1800 1801 1870 ejus
1826 1800 1896 1855 ad
1920 1817 2101 1870 mare;

546 1888 893 1958 profunditas
926 1903 1120 1959 magna
1151 1889 1517 1955 vehementer,
1550 1900 1605 1946 et
1632 1891 1914 1947 inclinabit
1939 1892 2102 1965 dimi-

544 1982 693 2037 dium
726 1984 925 2039 montis
954 1984 1021 2038 ad
1052 1983 1280 2040 Boream
1302 2028 1316 2053 ,
1342 1994 1395 2041 et
1418 1984 1700 2040 dimidium
1729 1986 1847 2055 ejus
1875 1987 1941 2041 ad
1966 1987 2104 2043 Aus-

544 2083 688 2128 trum
717 2094 729 2128 :
763 2082 816 2129 et
846 2076 1193 2130 obturabitur
1224 2078 1380 2133 vallis
1421 2076 1686 2131 montium
1732 2091 2011 2143 meorum,
2050 2085 2104 2132 et

543 2166 1004 2235 conglutinabitur
1027 2170 1291 2223 convallis
1321 2170 1589 2223 montium
1620 2183 1791 2238 usque
1815 2169 1973 2225 Asael
2003 2187 2016 2223 :
2049 2177 2104 2225 et

540 2256 903 2320 obturabitur,
927 2257 1381 2336 quemadrp‘odum
1407 2257 1657 2312 obturata
1677 2263 1760 2311 est
1781 2269 1810 2309 a
1833 2255 1970 2312 facie
1991 2264 2103 2311 ter-

541 2364 614 2404 rae
659 2357 860 2414 motus,
894 2349 948 2403 in
980 2349 1172 2404 diebus
1200 2350 1343 2404 Ozias
1375 2349 1520 2420 regis
1545 2347 1704 2404 Juda.
1738 2348 1826 2421 [Et
1855 2350 2103 2405 adveniet

540 2442 804 2497 Dominus
846 2441 996 2497 Deus
1027 2457 1218 2506 meus,
1248 2452 1304 2497 et
1334 2458 1526 2497 omnes
1570 2443 1746 2497 sancti
1789 2458 1912 2497 cum
1954 2441 2098 2514 θοι]

537 2542 591 2587 et
631 2534 735 2588 erit
783 2534 837 2587 in
880 2534 969 2589 die
1012 2534 1135 2599 illa,
1183 2548 1293 2590 non
1340 2535 1445 2589 erit
1472 2534 1691 2598 lumen,
1723 2532 1819 2589 scd
1850 2534 2023 2604 frigus
2048 2542 2102 2589 et

539 2625 740 2694 glacies
766 2626 871 2679 erit
903 2625 989 2679 die
1023 2640 1168 2679 uno:
1204 2635 1258 2680 et
1286 2625 1403 2681 dies
1433 2624 1523 2678 ille
1557 2633 1721 2679 notus
1751 2623 1981 2679 Domino
2001 2665 2015 2688 ,
2047 2632 2101 2678 et

538 2732 645 2771 non
682 2717 831 2780 dies,
876 2734 1053 2787 neque
1094 2733 1239 2781 nox,
1286 2718 1355 2772 ad
1395 2733 1680 2787 vesperam
1728 2718 1832 2772 erit
1872 2718 1988 2772 lux.
2034 2715 2100 2770 Et

537 2812 641 2862 erit
677 2811 732 2863 in
771 2809 859 2864 die
897 2811 1025 2872 illa,
1061 2809 1375 2880 egredietur
1411 2824 1552 2878 aqua
1587 2809 1709 2862 viva
1758 2809 1825 2863 de
1872 2807 2097 2863 Jerusa-

537 2902 644 2955 lem
668 2920 684 2957 :
714 2901 998 2957 dimidium
1026 2902 1148 2970 ejus
1169 2900 1235 2954 ad
1263 2916 1410 2955 mare
1438 2903 1672 2971 primum
1694 2941 1710 2967 ,
1735 2908 1789 2955 et
1813 2898 2097 2953 dimidium

535 2991 658 3060 ejus
697 2992 764 3045 ad
802 3007 953 3045 mare
993 2992 1244 3045 ultimum
1277 3010 1290 3045 :
1331 2991 1386 3045 in
1423 2999 1610 3047 aestate
1647 2998 1702 3046 et
1739 2993 1795 3045 in
1836 3006 1957 3046 vere
1995 2991 2099 3046 erit

540 3086 620 3140 sic
653 3103 665 3138 :
704 3091 757 3139 et
785 3086 889 3138 erit
919 3083 1179 3140 Dominus
1211 3086 1267 3139 in
1299 3100 1479 3155 regem
1526 3085 1581 3138 in
1626 3098 1837 3138 omnem
1871 3090 2095 3139 terram.

1334 372 1603 430 EUSEBII
1642 371 2120 429 CAESABIENSIS
2152 372 2302 431 OPP.
2341 373 2522 429 PARS
2559 374 2625 430 Il.
2671 404 2740 416 -
2771 374 3266 436 APOLOGETICA.

1003 493 1167 564 234
1206 454 1441 547 canor
1472 489 1656 548 xvm.
2134 499 2180 554 A

3669 384 3779 440 £59.

2721 493 3113 549 ΚΕΦΑΛΔῙΟΝ
3134 497 3243 549 1Η¹.

2226 631 2366 703 Ἀπὸ
2400 631 2503 684 τοῦ
2544 631 2990 703 aurei—Hem
3032 631 3141 700 τῆς
3164 633 3268 686 τοῦ
3300 633 3524 702 Κυρίου
3567 651 3780 703 παρευ-

2274 702 2440 838 $9,
2470 702 2567 755 καί
2611 701 2729 754 τῶν
2760 702 2905 754 κατὰ
2936 704 3000 756 τὸ
3033 703 3220 769 πάθος
3260 701 3448 757 αὐτοῦ
3466 701 3777 775 συμϐήσο-

2391 789 2492 823 ων.

2391 789 2492 823 ων.

2287 904 2305 935 ι
2354 884 2482 938 Ἰδοὺ
2544 884 2742 957 ἡμέραι
2791 886 3035 957 ἔρχονται
3061 885 3155 939 τοῦ
3201 887 3430 958 Κυρίου,
3459 888 3557 943 καὶ
3587 889 3777 959 διαμε-
3838 904 3845 911 '

2214 972 2556 1045 ρισθὴσονται
2600 977 2669 1029 τὰ
2720 977 2892 1030 σκῦλά
2945 994 3037 1029 σου
3091 979 3147 1031 ἐν
3204 978 3308 1040 σοὶ,
3354 978 3451 1031 καλ⁵
3471 979 3779 1044 ἐπισυνάξω

2211 1067 2386 1121 πάντα
2428 1068 2494 1121 τὰ
2552 1068 2679 1139 ἔθνη
2704 1070 2796 1122 ἐπὶ
2856 1069 3207 1142 Ἰερουσαλὴμ
3264 1072 3344 1134 είς
3377 1071 3615 1141 πόλεμον
3640 1089 3654 1102 ·
3683 1073 3780 1125 καὶ

2210 1159 2474 1213 ἁλώσεται
2502 1161 2535 1228 ἡ
2565 1159 2737 1224 πόλις,
2766 1160 2861 1213 καὶ
2901 1161 3360 1231 διαρπαγὴσονται
3376 1161 3433 1213 al
3455 1161 3645 1226 οἰκίαι,
3681 1164 3779 1217 καὶ

2208 1250 2263 1300 ai
2335 1250 2592 1316 γυναῖκες
2660 1248 3113 1320 μολυνθὴσονται,
3174 1250 3267 1302 καὶ
3322 1248 3693 1324 ἐξελεύσεται,
3712 1251 3778 1304 τὸ

2206 1338 2377 1408 ἥμισυ
2409 1339 2509 1409 τῆς
2541 1338 2745 1403 πόλεως
2772 1341 2830 1392 ἐν
2863 1338 3229 1411 αἰχμαλωσίᾳ.
3264 1341 3324 1393 Oi
3360 1339 3417 1392 δὲ
3446 1340 3772 1395 κατάλοιποι

2207 1426 2300 1479 τοῦ
2326 1425 2454 1480 λαοῦ
2488 1445 2587 1498 μου
2612 1430 2671 1480 οὐ
2703 1429 2777 1500 μὴ
2817 1427 3254 1499 ἐξολοθρευθῶσι,
3296 1431 3391 1483 καὶ
3431 1430 3771 1497 ἐξελεύσεται

2208 1518 2426 1587 Κύριος,
2479 1520 2573 1574 καὶ
2619 1519 2985 1592 παρατάξεται
3029 1520 3087 1572 ὲν
3120 1523 3230 1583 τοῖς
3261 1520 3470 1574 ἔθνεσιν
3520 1521 3769 1588 ἐκείνοις,

2207 1612 2391 1677 καθὼς
2415 1614 2597 1686 ἡμέρα
2628 1615 2984 1687 παρατάξεως
3017 1615 3181 1670 αὐτοῦ
3215 1618 3273 1669 ἐν
3302 1616 3486 1688 ἡμέρα
3511 1617 3769 1688 πολέμου.

2206 1708 2315 1760 Kal.
2343 1709 2625 1778 στήσονται
2666 1710 2716 1761 οί
2772 1709 2938 1774 πόδες
2960 1709 3123 1764 αὑτοῦ
3155 1710 3213 1761 ὲν
3245 1711 3310 1780 τῇ
3354 1709 3539 1780 ἡμέρᾳ
3567 1709 3767 1781 ἐκείνῃ,

2209 1798 2300 1851 ἐπὶ
2326 1799 2385 1851 τὸ
2435 1800 2556 1871 ὅρος
2582 1800 2689 1853 τῶν
2731 1801 2955 1855 Ἐλαιῶν
2982 1803 3063 1868 τὸ,
3096 1802 3376 1855 κατέναντι
3418 1801 3771 1873 Ἰερουσαλὴμ

2134 1858 2177 1913 Β
2204 1890 2263 1955 ἐξ
2304 1858 2596 1956 ἀνατολων,
2648 1894 2740 1946 καὶ
2785 1858 3131 1965 ηισθὴσεται
3164 1893 3224 1947 τὺ
3261 1892 3385 1963 ὅρος
3442 1858 3770 1957 Ἐλαιῶηξδ

2202 1984 2370 2054 ἥμισυ
2428 1984 2589 2037 αὐτοῦ
2641 1985 2778 2056 πρὸς
2836 1985 3127 2039 θάλασσαν.
3166 1985 3311 2048 Χάος
3355 1983 3506 2054 μέγα
3550 1983 3768 2055 σφόδρα,

2205 2075 2296 2127 καὶ
2326 2074 2496 2127 κλινεί
2518 2076 2577 2129 τὸ
2600 2077 2769 2146 ἥμισυ
2797 2075 2888 2129 τοῦ
2935 2077 3095 2148 ὅρους
3120 2078 3253 2146 πρὸς
3283 2076 3375 2129 τὸν
3404 2076 3641 2149 Βορρᾶν,
3675 2078 3765 2130 καὶ

2202 2167 2261 2219 τὸ
2290 2168 2460 2237 ἥμισυ
2516 2166 2678 2220 αὑτοῦ
2714 2168 2847 2238 πρὸς
2880 2168 3070 2221 Νότον.
3113 2168 3222 2221 Καὶ
3256 2168 3698 2239 ἐμφραχθήσεται
3726 2169 3758 2240 ἡ

2201 2257 2383 2321 κοιλὰς
2414 2257 2520 2310 τῶν
2548 2258 2717 2330 ὁρέων
2745 2277 2867 2329 μου,
2901 2260 2992 2313 καὶ
3010 2258 3470 2330 ἐγκολληθὴσεται
3498 2256 3543 2330 ἡ’
3555 2258 3757 2330 φάραγξ

2200 2350 2368 2420 ὀρέων
2419 2351 2522 2415 ἓως
2587 2352 2821 2423 Ἀσαήλ·
2856 2354 2949 2405 καὶ
3000 2351 3446 2424 ἐμφραχθὴσεται
3491 2354 3547 2406 ὃν
3570 2352 3757 2424 τρόπον

2201 2440 2469 2510 ἐνεφράγη
2516 2440 2621 2494 ἀπὺ
2671 2441 2959 2512 προσώπου
3000 2441 3092 2495 τοῦ
3142 2441 3389 2512 σεισμοῦ,
3424 2445 3484 2495 ἐν
3536 2442 3761 2514 ἡμέραις

2214 2529 2386 2608 Ὀζίου
2438 2531 2697 2601 βασιλέως
2775 2532 2962 2587 Ἰούδα.
3017 2534 3129 2586 Καὶ
3185 2532 3335 2587 ἔσται
3389 2537 3447 2586 ἐν
3476 2534 3659 2608 ἐκείνῃ
3696 2536 3761 2605 τῇ

2201 2604 2401 2696 ἡμέρα,
2430 2625 2529 2677 οὐκ
2551 2624 2701 2677 ἔσται
2755 2624 2890 2695 φῶς,
2926 2624 3057 2679 ἀλλά
3076 2624 3264 2696 ψῦχος,
3284 2626 3374 2678 καὶ
3411 2627 3583 2694 πάγος
3612 2604 3762 2679 ἐσται

2203 2716 2330 2786 μίαν
2360 2717 2587 2787 ἡμέραν.
2610 2718 2774 2786 Καὶὴ
2804 2717 2985 2789 ἡμέρα
2999 2719 3179 2789 ἐκείνη
3205 2717 3417 2789 γνωστὴ
3446 2718 3525 2788 τῷ
3552 2718 3759 2790 Κυρίῳ,

2200 2809 2293 2862 καὶ
2323 2810 2420 2879 οὐχ
2449 2808 2653 2880 ἡμέρα,
2680 2809 2775 2863 καὶ
2802 2810 2922 2880 οὐχ).
2953 2808 3067 2873 νὺξ,
3100 2809 3161 2862 τὸ
3194 2809 3327 2879 πρὸς
3349 2810 3584 2881 ἑσπέραν
3608 2810 3759 2863 ἔσται

2200 2900 2332 2969 φῶς.
2368 2902 2476 2954 Καὶ
2494 2901 2643 2955 ἔσται
2669 2904 2726 2955 ἐν
2758 2904 2822 2971 τῇ
2844 2901 3020 2971 ἡμέρᾳ
3045 2901 3243 2973 ἐκείνῃ,
3268 2899 3602 2965 ἐξελεύσεται
3616 2900 3757 2973 ὕδωρ

2199 2991 2305 3056 ζῶν
2338 2990 2398 3057 ἐξ
2431 2992 2783 3065 Ἰερουσαλήμ
2807 3010 2820 3022 ·
2849 2993 2909 3045 τὸ
2936 2994 3105 3064 ἥμισυ
3136 2992 3298 3046 αὐτοῦ
3330 2995 3407 3057 είς
3443 2993 3537 3065 τὴν
3568 2993 3761 3047 θάλασ-

2200 3098 2298 3136 σαν
2327 3083 2423 3154 τὴν
2457 3082 2697 3154 πρώτην,
2730 3084 2822 3138 καὶ
2845 3084 3013 3154 ἥμισυ
3043 3082 3208 3137 αὐτοῦ
3257 3087 3338 3147 είς
3363 3083 3460 3155 τὴν
3492 3084 3762 3139 Θάλασσαν

535 3169 596 3224 ln
646 3168 733 3223 die
781 3170 872 3223 illa
922 3170 1028 3225 erit
1080 3170 1340 3228 Dominus
1397 3188 1576 3238 unus,
1625 3179 1678 3227 et
1728 3187 1925 3228 nomen
1975 3172 2095 3242 ejus

2200 3175 2297 3249 τὴν
2321 3178 2572 3248 ἐσχάτην.
2619 3177 2705 3230 Ἐν
2729 3176 2872 3246 θέρει
2894 3178 2987 3231 καὶ
3012 3179 3069 3229 ἐν
3111 3176 3230 3248 ἔαρι
3262 3176 3412 3230 ἔσται
3439 3176 3628 3240 οὕτως.
3654 3177 3764 3229 Kal.

535 3277 705 3315 unum
727 3302 742 3324 ,
769 3262 1113 3318 circumdans
1138 3279 1352 3319 omnem
1383 3274 1578 3319 terram
1602 3303 1617 3328 ,
1650 3271 1703 3318 et
1728 3279 1943 3319 omnem
1968 3263 2103 3318 soli-

535 3350 776 3406 tudinem
807 3352 872 3407 ".
901 3372 919 3406 ι
943 3351 1072 3409 Post
1102 3356 1331 3424 primam
1381 3356 1720 3411 obsidionem
1759 3354 2060 3412 Jerusalem
2079 3396 2097 3424 ,

532 3450 941 3513 extremamque
964 3445 1110 3500 illius
1135 3447 1348 3501 ruinam
1374 3455 1427 3503 et
1450 3448 1795 3503 solitudinem
1814 3489 1830 3511 .
1855 3465 1976 3519 quae
1997 3450 2099 3505 sub

532 3531 842 3604 Babyloniis
872 3535 1098 3601 accidit,
1128 3546 1357 3608 postque
1386 3538 1617 3593 reditum
1648 3540 1716 3595 ab
1737 3540 1921 3595 hostili
1954 3554 2098 3596 terra

531 3625 601 3680 ad
633 3626 864 3696 patriam
885 3667 901 3692 ,
934 3628 1027 3697 qui
1061 3629 1165 3684 sub
1187 3628 1329 3700 Cyro
1356 3629 1648 3686 Persarum
1680 3647 1805 3703 rege
1832 3635 2096 3705 contigit,

530 3733 654 3772 cum
691 3720 851 3788 paulo
909 3730 1034 3774 ante
1076 3719 1374 3780 Jerusalem
1417 3724 1717 3779 instaurata
1783 3735 1961 3788 esset,
2009 3742 2095 3781 re-

529 3819 895 3881 novatumque
923 3815 1301 3868 sanctuarium
1322 3855 1338 3880 ,
1369 3825 1423 3870 et
1461 3816 1605 3887 quod
1637 3816 1778 3885 apud
1814 3816 1947 3871 illud
1979 3827 2097 3871 erat

529 3902 732 3966 altare,
780 3906 882 3960 sub
922 3905 1086 3960 Dario
1118 3905 1284 3961 Persa
1334 3923 1574 3977 praesens
1610 3909 1758 3963 canit
1790 3908 2093 3981 pr0pheta',

527 3992 690 4065 285
720 4000 773 4049 et
800 3993 1029 4063 posthac
1063 3995 1289 4061 alteram
1318 3995 1657 4051 obsidionem
1679 3994 1982 4053 Jerusalem
2008 3998 2094 4052 fu-

527 4096 706 4139 turam
751 4084 1047 4155 signiﬁcat,
1094 4101 1257 4156 quam
1303 4101 1465 4156 passa
1491 4097 1576 4144 est
1613 4103 1643 4141 a
1686 4088 1950 4146 Romanis
1983 4107 2095 4145 non

529 4177 685 4241 alias,
714 4192 878 4246 quam
905 4186 1027 4247 post
1061 4179 1289 4242 scelera,
1317 4194 1439 4248 quae
1461 4180 1581 4249 ejus
1605 4180 1943 4240 habitatores
1963 4198 2095 4237 con-

527 4276 614 4321 tra
645 4267 981 4324 Salvatorem
1007 4276 1255 4324 nostrum
1279 4268 1462 4325 Jesum
1489 4272 1767 4328 Christum
1796 4277 1912 4330 ausi
1942 4286 2089 4331 sunt.

528 4357 973 4416 Manifestissime
995 4361 1163 4431 igitur
1194 4361 1360 4416 etiam
1403 4363 1578 4417 hocin
1609 4364 1751 4430 loco,
1790 4363 2091 4421 Salvatoris

528 4450 722 4514 nostri,
749 4451 842 4520 qui
873 4449 966 4505 Dei
996 4450 1232 4507 Verbum
1259 4459 1362 4516 est,
1404 4453 1689 4519 adventus,
1714 4464 1769 4511 et
1793 4472 1914 4526 qua:
1942 4457 2090 4514 illius

2205 3266 2354 3321 ἔσται
2386 3268 2588 3340 Κύριος
2636 3269 2714 3331 είς
2745 3268 2965 3339 βασιλέα
3007 3268 3098 3321 ἐπὶ
3127 3270 3305 3323 πᾶσαν
3329 3269 3426 3340 τὴν
3458 3269 3582 3340 γῆν,
3614 3271 3671 3323 ἐν
3697 3273 3761 3341 τῇ

2204 3361 2384 3432 ἡμέρᾳ
2413 3361 2594 3432 ἐκείνῃ
2645 3359 2796 3412 ἔσται
2823 3360 3025 3430 Κύριος
3046 3354 3145 3426 εἷς,
3181 3361 3275 3413 καί¹
3301 3361 3361 3414 τὸ
3387 3360 3559 3430 ὄνομα
3601 3360 3761 3413 αὐτοῦ

2201 3451 2278 3516 ἓν,
2314 3451 2543 3505 κυκλοῦν
2566 3452 2745 3504 πᾶσαν
2774 3450 2867 3521 τὴν
2900 3450 3003 3521 γῆν
3032 3451 3124 3503 καὶ
3160 3450 3259 3521 τὴν
3290 3449 3513 3521 ἔρημον.
3560 3468 3577 3500 ι
3612 3448 3767 3504 Μετὰ

2199 3540 2295 3610 τὴν
2325 3539 2544 3611 πρώτην
2606 3539 2919 3610 πολιορκίαν
2971 3540 3067 3609 τῆς
3132 3540 3504 3611 Ἰερουσαλὴμ,
3546 3540 3640 3594 καὶ
3669 3538 3764 3609 τὴν

2199 3628 2431 3699 παντελῆ
2479 3627 2792 3699 καθαίρεσιν
2853 3627 3042 3697 αὐτῆς,
3101 3626 3193 3679 καὶ
3226 3627 3502 3697 ἐρήμωσιν
3530 3625 3629 3696 τὴν
3662 3622 3763 3678 ὑπὸ

2199 3720 2570 3785 Βαϐυλωνίων,
2633 3722 2724 3773 καὶ
2758 3718 2895 3790 μετὰ
2940 3718 3036 3789 τὴν
3089 3718 3197 3770 ἀπὸ
3237 3717 3336 3785 τῆς
3367 3716 3630 3787 πολεμίας
3663 3715 3764 3786 γῆς

2197 3812 2289 3864 ἐπὶ
2318 3811 2416 3883 τὴν
2442 3812 2647 3865 οἰκείαν
2698 3810 2976 3877 ἐπάνοδον,
2998 3808 3095 3880 τὴν
3123 3800 3214 3861 ἐπὶ
3254 3807 3437 3879 Κύρου
3491 3805 3584 3859 τοῦ
3627 3807 3764 3876 Περ-

2198 3902 2307 3957 σῶν
2328 3903 2590 3973 βασιλέως
2642 3902 2960 3972 γενομένην,
2990 3904 3113 3971 ἄρτι
3146 3899 3244 3969 τῆς
3280 3898 3631 3971 Ἰερουσαλὴμ
3669 3898 3764 3950 ἁνε-

2196 3995 2597 4067 εγηγερμένης,
2638 3993 3031 4054 ἀνανεωθέντος
3059 3991 3115 4044 δὲ
3155 3990 3247 4044 τοῦ
3282 3990 3635 4059 ἁγιάσματος,
3667 3986 3761 4040 καὶ

2192 4084 2283 4138 τοῦ
2303 4084 2435 4156 πρὸς
2452 4083 2604 4154 αὐτῷ
2633 4082 3015 4153 θυσιαστηρίου
3050 4081 3142 4133 ἐπὶ
3167 4078 3390 4151 Δαρείου
3412 4076 3504 4130 τοῦ
3531 4076 3758 4147 Πέρσου,

2192 4179 2220 4229 ὁ
2247 4174 2434 4246 παρὼν
2455 4176 2738 4246 προφήτης
2768 4170 3034 4238 θεσπίζει,
3070 4171 3167 4243 τὴν
3191 4170 3327 4242 μετὰ
3353 4168 3525 4224 ταῦτα
3573 4165 3759 4218 δευτέ-

2194 4285 2292 4339 ραν
2325 4268 2638 4338 πολιορκίαν
2679 4267 2778 4337 τῆς
2818 4264 3167 4337 Ἰερουσαλὴμ
3202 4262 3496 4334 σημαίνων,
3548 4259 3612 4330 ἡν
3656 4258 3758 4311 πέ-

2194 4359 2385 4414 πονθεν
2419 4359 2524 4412 ὑπὸ
2568 4359 2849 4429 Ῥωμαίων
2886 4358 2984 4411 οὐκ
3027 4356 3213 4412 ἄλλοτε
3258 4354 3290 4426 ἢ
3326 4349 3461 4424 μετὰ
3507 4349 3576 4403 τὰ
3616 4349 3761 4403 κατὰ

2190 4452 2285 4505 τοῦ
2326 4452 2577 4523 Σωτῆρος
2613 4450 2771 4528 ἡμῶν
2811 4450 2982 4521 Ἰησοῦ
3026 4447 3261 4520 Χριστοῦ
3301 4447 3408 4508 τοῖς
3452 4444 3762 4514 οἰκήτορσιν

528 4550 770 4613 tempore
820 4544 1144 4607 acciderint,
1195 4544 1599 4616 signiﬁcantur:
1637 4556 1764 4603 sunt
1791 4564 1921 4605 vero
1949 4550 2086 4616 haec,

2200 4545 2363 4615 αὐτῆς
2420 4544 2812 4615 τετολμημένα.
2862 4541 3262 4613 Ἐναργέστατα
3322 4535 3606 4607 τοιγαροῦν
3666 4535 3763 4587 καὶ

526 4639 723 4708 partim
755 4655 873 4709 qua:
895 4655 1002 4710 quo
1028 4649 1272 4710 tempore
1301 4639 1391 4693 ille
1414 4654 1610 4710 passus
1630 4650 1735 4705 est,
1757 4649 1910 4712 gesta
1934 4652 2084 4710 sunt,

523 4730 724 4802 partim
768 4747 888 4801 quae
932 4731 1080 4785 illico
1127 4730 1449 4787 Heliraicam
1494 4734 1771 4788 nationem
1811 4734 2084 4805 oppressit

522 4822 758 4888 obsidio,
804 4829 859 4877 et
906 4823 1080 4894 ipsius
1121 4821 1422 4879 Jerusalem
1476 4825 1829 4895 expugnatio,
1863 4834 1917 4879 et
1961 4832 2085 4894 post

522 4915 640 4984 ipsa
676 4914 811 4976 haec,
841 4915 1055 4969 vocatio
1096 4914 1360 4983 gentium,
1396 4915 1669 4984 uniusque
1700 4930 1763 4969 ac
1785 4916 1958 4970 solius
1988 4913 2083 4970 Dei

523 5006 665 5074 apud
700 5021 859 5060 omne
891 5020 1061 5075 genus
1093 5005 1370 5060 hominum
1403 5007 1663 5076 cognitio.
1696 5007 1967 5061 Cmterum
1999 5006 2085 5060 di-

522 5097 648 5151 vino
676 5095 880 5168 Spiritu
930 5097 1140 5152 alllatus
1170 5100 1456 5168 propheta,
1486 5114 1611 5154 cum
1651 5099 1887 5169 quadam
1929 5113 2083 5152 com-

520 5189 890 5254 miseratione,
907 5201 1070 5259 tanqu
1080 5204 1163 5243 am
1183 5190 1229 5245 is
1256 5191 1349 5261 qui
1375 5207 1505 5246 suos
1525 5191 1591 5245 ad
1608 5190 2082 5245 circumcisionem

520 5280 851 5349 pertinentes
884 5280 1147 5349 deploret,
1196 5281 1263 5335 ab
1305 5281 1699 5336 exclamatione
1730 5289 1921 5333 contra
1959 5279 2082 5336 illus

521 5385 633 5424 suae
678 5370 975 5441 prophetia:
1011 5370 1227 5423 initium
1274 5369 1437 5423 facit:
1472 5368 1589 5424 dies
1630 5369 1795 5439 igitur
1838 5366 2079 5437 Domini,

521 5462 664 5515 sicut
707 5462 762 5516 in
811 5462 934 5518 aliis
974 5462 1131 5528 locis,
1162 5462 1263 5516 hoc
1297 5477 1512 5532 quoque
1543 5462 1598 5515 in
1646 5462 1767 5515 loco
1812 5460 2079 5526 nominat,

520 5559 580 5605 ut
606 5554 685 5607 sic
720 5561 931 5623 tempus
954 5554 1180 5620 Christi,
1223 5554 1287 5609 ad
1330 5554 1576 5609 homines
1608 5553 1874 5610 adventus
1909 5554 2077 5624 signi-

520 5643 667 5699 ticet:
716 5646 980 5716 planeque
1013 5649 1068 5702 in
1100 5648 1289 5704 eodem
1319 5648 1578 5717 ostendit,
1616 5648 2075 5719 quemadmodum

627 5824 669 5855 ”
694 5820 860 5879 Zach.
895 5840 1005 5891 xiv,
1031 5827 1139 5883 {-9.

2196 4634 2425 4688 ἐνταῦθα
2476 4635 2567 4688 τοῦ
2612 4635 2859 4705 Σωτῆρος
2891 4632 3046 4704 ἡμῶν
3079 4629 3170 4684 τοῦ
3212 4629 3344 4683 Θεοῦ
3383 4629 3556 4698 Λόγου
3593 4629 3626 4698 ἡ
3661 4644 3766 4682 πα-

2199 4726 2404 4796 ρουσία,
2434 4726 2621 4781 καὶτὰ
2670 4726 2761 4778 ἐπὶ
2811 4724 2977 4794 ταύτῃ
3024 4721 3404 4792 συμϐεϐηκότα
3454 4719 3758 4792 δηλοῦνται.

2194 4818 2377 4872 Ταῦτα
2405 4817 2461 4871 δὲ
2498 4813 2565 4889 ἦν
2604 4815 2737 4887 ὁμοῦ
2785 4815 2853 4869 τά
2893 4815 3018 4888 περὶ
3060 4814 3150 4866 τὸν
3191 4812 3379 4883 καιρὸν
3418 4811 3511 4864 τοῦ
3553 4811 3761 4875 πάθους

2193 4911 2354 4965 αὐτοῦ
2399 4911 2778 4981 πεπραγμένα,
2818 4909 2912 4963 καὶ
2955 4909 2988 4979 ἡ
3034 4906 3344 4979 παραυτίκα
3378 4903 3455 4976 τῷ
3493 4903 3761 4976 Ἐϐραίων

2192 5005 2330 5059 ἔθνει
2381 5004 2679 5059 ἐπελθοῦσα
2721 5001 3020 5072 πολιορκία,
3056 5002 3149 5052 καὶ
3195 4999 3295 5068 τῆς
3339 4995 3692 5069 Ἰερουσαλὴμ
3726 4997 3763 5067 ἡ

2192 5098 2410 5162 ἅλωσις,
2461 5097 2612 5167 καὶὴ
2646 5096 2781 5166 πρὸς
2822 5092 3028 5155 τούτοις
3075 5091 3261 5161 κλῆσις
3302 5088 3410 5141 τῶν
3441 5087 3632 5152 ἐθνῶν,
3662 5087 3762 5141 τοῦ

2188 5211 2248 5247 τε
2294 5192 2411 5255 ἐνὸς
2455 5193 2549 5246 καὶ
2592 5191 2753 5259 μόνου
2804 5188 2937 5242 Θεοῦ
2988 5190 3066 5251 εἰς
3117 5188 3225 5240 πᾶν
3264 5185 3418 5255 γένος
3457 5181 3761 5253 ἀνθρώπων

2189 5284 2499 5352 ἐπίγνωσις.
2535 5282 2600 5335 Ὅ
2622 5299 2683 5351 γε
2709 5280 2812 5353 μὴν
2837 5277 3276 5350 πνευματοφόρος
3302 5274 3583 5348 προφήτης
3606 5286 3762 5342 περι-

2189 5376 2544 5446 παθέστερον,
2573 5373 2724 5427 ὼσὰν
2753 5375 2837 5425 ἐπ’
2878 5371 3096 5433 οἰκείοις
3129 5368 3521 5440 ὀλοφυρόμενος
3549 5365 3660 5424 τοῖς
3690 5364 3760 5417 ἐκ

2189 5469 2502 5540 περιτομῆς,
2533 5468 2597 5520 ἐκ
2626 5467 2725 5538 τῆς
2758 5466 2876 5520 κατ’
2911 5462 3087 5519 αὐτῶν
3119 5462 3475 5532 ἐκφωνήσεως
3506 5454 3604 5527 τὴν
3619 5469 3754 5507 κατ-

2187 5560 2359 5633 αρχὴν
2399 5561 2687 5630 πεποίηται
2728 5558 2827 5629 τῆς
2879 5553 3228 5629 προφητείας.
3264 5551 3504 5622 Ἡμέρας
3564 5547 3629 5616 δὴ
3659 5540 3756 5598 οὗν

2185 5652 2278 5706 τοῦ
2312 5651 2538 5723 Κυρίου,
2560 5650 2838 5723 ὼσπεροῦν
2867 5648 2959 5702 καὶ
2985 5649 3041 5700 ἐν
3073 5645 3298 5717 ἑτέροις,
3331 5637 3605 5695 κάνταῦθα
3637 5636 3758 5689 ὀνο-
