4110 6498
381 421 487 477 εδδ

1257 407 1900 469 DEMONSTRATION‘IS
1929 405 2381 463 EVANGELlC/E
2419 406 2547 461 LIB.
2591 406 2677 460 Vl.

3491 412 3594 467 454

386 532 566 606 μάζει,
598 532 738 586 οὕτω
780 532 868 584 τὸν
910 530 1092 602 χρόνον
1115 529 1211 597 τῆς
1242 530 1320 590 είς
1347 525 1659 597 ἀνθρώπους
1697 523 1788 575 τοῦ
1817 524 1930 592 Χρι⁴

2051 519 2166 588 ipse
2193 518 2477 586 Dominus,
2506 530 2762 591 tanquam
2803 523 2979 578 lumen
3008 539 3214 591 verum,
3257 530 3595 598 proprio:um

388 625 516 679 σ’τοῦ
567 625 865 696 παρουσίας
910 621 1210 693 σημαίνων·
1255 621 1346 672 καὶ
1397 617 1580 684 σαφῶς
1626 614 1818 684 δηλῶν,
1871 613 1944 676 ὡς

385 717 494 788 ἄρα
524 717 553 768 ὁ
600 716 798 785 Κύριος
849 713 1027 774 αὐτὸς,
1063 708 1148 763 οἷα
1196 709 1309 778 φῶς
1347 707 1592 777 ἀληθινὸν
1639 705 1940 774 τυγχάνων,

387 806 532 862 ἰδίων
561 807 785 876 ποιητής
823 820 948 855 ποτε
995 803 1278 872 γενήσεται
1315 797 1552 870 ἡμερῶν.
1596 798 1719 859 Τοῖς
1756 796 1811 848 δὲ
1853 796 1943 848 ἐπὶ

381 899 486 969 γῆς
510 899 720 952 ἅπασιν
765 893 1065 966 ἀνθρώποις
1106 891 1400 961 ἐπιλάμψει
1431 890 1538 942 τῶν
1571 889 1735 942 ἐθνῶν
1767 888 1941 941 ἁπάν-

383 1005 511 1054 των,
551 988 708 1041 αὐτόν
749 1005 806 1039 τε
857 988 950 1039 καὶ
997 985 1096 1048 τὰς
1141 986 1362 1046 ἀκτῖνας
1413 981 1503 1035 τοῦ
1557 982 1734 1051 φωτὸς
1779 980 1940 1034 αὑτοῦ

382 1079 841 1148 καταδεξαμένων,
882 1080 994 1139 ὅτε,
1022 1074 1130 1128 τῶν
1150 1075 1316 1128 ἐθνῶν
1359 1075 1607 1127 ἁπάντων
1645 1070 1942 1142 φωτιζομέ-

385 1189 487 1224 νων
521 1170 657 1224 κατὰ
689 1171 767 1234 τὸ,
800 1189 817 1221 ι
877 1169 1107 1221 Τέθεικά
1155 1184 1212 1218 σε
1262 1168 1339 1228 εἰς
1387 1165 1499 1234 φῶς
1550 1163 1807 1234 διαθήκης
1849 1164 1942 1230 γέ-

385 1280 524 1325 νους,
562 1281 580 1312 ›
614 1262 673 1314 τὸ
718 1260 982 1314 Ἰουδαίων
1027 1259 1175 1320 ἔθνος
1220 1257 1306 1309 διὰ
1357 1257 1452 1328 τὴν
1498 1256 1576 1316 είς
1613 1254 1770 1307 αὑτὸν
1818 1254 1941 1306 άπι-

385 1354 558 1420 στίαν,
593 1355 704 1416 τοῖς
757 1352 1002 1422 ἐσχάτοις
1023 1351 1392 1422 περιπεσεῖται
1438 1347 1641 1400 δεινῶν.
1692 1345 1939 1398 Τοιοῦτον

381 1443 490 1515 γάρ
521 1446 636 1496 ἐστι
666 1445 752 1496 τό·
795 1461 812 1492 ι
857 1442 986 1494 Ἰδοὺ
1018 1441 1202 1512 ἡμέρα
1235 1439 1446 1509 ἔρχεται
1474 1437 1565 1490 τοῦ
1598 1437 1820 1507 Κυρίου,
1848 1437 1939 1489 καὶ

381 1535 885 1606 διαμερισθήσονται
924 1531 993 1585 τὰ
1021 1531 1190 1584 σκῦλά
1230 1548 1322 1583 σου
1363 1532 1420 1582 ὲν
1465 1531 1564 1595 σοὶ,
1591 1530 1683 1582 καὶ
1723 1530 1939 1581 ἐπισυν-

381 1626 492 1690 ἁξω
521 1627 693 1680 πάντα
719 1625 787 1678 τὰ
811 1625 936 1694 ἔθνη
965 1624 1055 1676 ἐπὶ
1088 1621 1437 1692 Ἰερουσαλὴμ
1459 1622 1537 1683 είς
1562 1620 1814 1690 πόλεμον,
1846 1621 1938 1672 καὶ

380 1719 644 1772 ἁλώσεται
671 1719 704 1788 ἡ
743 1717 916 1780 πόλις,
947 1716 1038 1769 καὶ
1061 1715 1516 1786 διαρπαγήσονται
1547 1717 1601 1766 αἱ
1630 1713 1815 1777 οἰκίαι,
1847 1715 1938 1766 καὶ

382 1812 436 1862 αἱ
491 1812 743 1878 γυναῖκες
797 1807 1245 1878 μολυνθήσονται,
1311 1805 1401 1857 καὶ
1469 1804 1801 1870 ἐξελεύσεται
1875 1804 1938 1856 τὸ

2045 612 2334 680 aliquando
2386 624 2578 668 auctor
2624 614 2716 669 [iet
2762 615 2994 681 dierum,
3029 625 3082 672 et
3126 619 3377 675 omnibus
3415 624 3505 692 qui
3541 625 3596 678 in

2042 711 2189 757 terra
2233 713 2360 759 sunt
2402 705 2708 762 hominibus
2749 707 3045 774 illucescet,
3093 725 3202 780 quo
3244 719 3489 782 tempore
3543 725 3597 770 et

2044 793 2226 863 ipsum
2271 803 2324 849 et
2375 796 2596 851 luminis
2627 798 2799 867 ipsius
2845 798 3047 866 radios,
3095 801 3360 857 universae
3408 814 3596 874 gentes

2043 885 2360 954 suseipient,
2391 903 2510 956 qua:
2530 888 2749 957 quidem
2783 890 2911 943 dum
2943 891 3412 962 illuminabuntur,
3441 897 3595 964 juxta

2041 975 2203 1032 illud:
2243 996 2261 1027 ‹
2287 977 2449 1032 Posui
2480 986 2532 1033 te
2555 981 2608 1033 in
2643 981 2821 1036 lumen
2844 985 3102 1050 gentium,
3131 986 3185 1038 in
3213 995 3593 1042 testamentum

2039 1068 2251 1137 generis
2273 1067 2340 1132 ⁸⁸,
2376 1088 2395 1120 ι
2425 1069 2628 1124 interea
2669 1071 2892 1128 Judaiea
2934 1091 3084 1144 gens,
3116 1087 3336 1147 pr0pter
3364 1079 3596 1135 inﬁdeli-

2038 1166 2202 1212 tatem
2226 1160 2486 1216 adversus
2512 1163 2686 1225 illum,
2708 1163 2760 1217 in
2784 1176 3020 1220 extrema
3049 1169 3249 1223 incidet
3271 1169 3592 1228 infortunia.

2039 1248 2170 1304 Tale
2205 1250 2372 1320 igitur
2399 1260 2482 1306 est
2521 1253 2685 1308 illud:
2724 1274 2742 1306 ‹
2774 1255 2910 1310 Ecce
2940 1257 3055 1313 dies
3086 1260 3231 1313 venit
3267 1260 3498 1325 Domini,
3539 1273 3594 1316 et

2038 1341 2346 1398 dividentur
2391 1345 2563 1414 spolia
2609 1353 2699 1398 tua
2746 1346 2800 1398 in
2853 1354 2926 1410 te,
2961 1355 3014 1400 et
3041 1349 3378 1418 congregabo
3403 1367 3594 1406 omnes

2037 1443 2223 1504 gentes
2271 1435 2325 1490 in
2353 1435 2651 1492 Jerusalem
2682 1437 2749 1491 ad
2775 1438 2996 1503 bellum,
3027 1447 3080 1493 et
3122 1445 3365 1508 capietur
3394 1442 3588 1496 civitas

2036 1539 2090 1582 et
2137 1528 2458 1598 diripientur
2488 1529 2684 1584 domus
2731 1539 2782 1584 et
2824 1531 3078 1585 mulieres
3127 1531 3494 1596 fcedabuntur,
3531 1543 3585 1587 et

2035 1617 2341 1686 egredietur
2383 1617 2667 1671 dimidium
2701 1618 2934 1672 civitatis
2979 1619 3033 1672 in
3068 1619 3427 1688 captivitate.»
3461 1620 3592 1676 Post

2034 1724 2163 1762 vero
2194 1710 2368 1778 ipsius
2394 1708 2694 1764 Jerusalem
2724 1710 3086 1774 obsidionem,
3122 1719 3327 1766 eLeam
3369 1729 3488 1781 qua:
3521 1715 3588 1767 il-

2036 1801 2141 1854 lico
2170 1809 2353 1856 secuta
2385 1810 2468 1855 est
2493 1800 2733 1855 Judaicze
2762 1803 2937 1871 gentis
2960 1803 3297 1866 servitutem,
3331 1803 3588 1875 deinceps

380 1875 550 1970 ἥμισυ
571 1901 667 1970 τῆς
687 1875 886 1961 πόλεως
918 1900 972 1950 ἐν
993 1875 1348 1967 αἰχμαλωσίᾳ.
1376 1915 1392 1946 ι
1420 1896 1571 1948 Μετὰ
1602 1896 1658 1948 δέ
1682 1895 1776 1966 τὴν
1799 1894 1930 1948 κατὰ

2039 1890 2181 1943 bona
2246 1891 2498 1945 omnibus
2545 1891 2787 1962 adjungit
2840 1895 3168 1956 communia,
3220 1895 3300 1947 sic
3347 1909 3584 1949 canens:

383 1993 480 2061 τῆς
519 1990 860 2062 Ἰερουσαλὴμ
913 1985 1240 2058 πολιορκίαν,
1293 1987 1386 2040 καὶ
1441 1986 1537 2057 τήν
1599 1988 1714 2056 μετ’
1770 1986 1937 2058 αὐτὴν

379 2081 748 2151 αἰχμαλωσίαν
799 2077 890 2130 τοῦ
941 2077 1203 2130 Ἰουδαίων
1233 2077 1436 2141 ἔθνους,
1489 2077 1728 2144 ἐπιλέγει
1786 2077 1933 2146 ἑξῆς,

375 2170 554 2237 ἀγαθὰ
581 2172 689 2230 τοῖς
728 2169 859 2219 πᾶσι
894 2167 1188 2231 θεσπίζων·
1232 2186 1250 2217 ι
1293 2169 1400 2219 Καὶ
1430 2167 1581 2219 ἔσται
1623 2166 1824 2235 Κύριος
1860 2168 1936 2230 είς

376 2257 595 2328 βασιλέα
634 2258 724 2310 ἐπὶ
770 2259 950 2311 πᾶσαν
983 2259 1080 2329 τὴν
1105 2257 1208 2328 γῆν
1229 2274 1242 2286 ·
1285 2277 1303 2308 ι
1333 2259 1426 2310 καὶ
1457 2258 1647 2311 πάλινο
1691 2275 1710 2307 ι
1747 2258 1936 2310 Ἔσται

372 2348 574 2420 Κύριος
599 2345 697 2412 εἷς,
733 2351 826 2402 καὶ
873 2349 933 2400 τὸ
973 2348 1140 2419 όνομα
1183 2349 1343 2401 αὐτοῦ
1389 2349 1464 2414 ἓν,
1496 2349 1724 2401 κυκλοῦν
1761 2351 1938 2402 πᾶσαν

372 2443 469 2512 τὴν
500 2441 603 2510 γῆν
632 2441 726 2494 καὶ
761 2441 855 2511 τὴν
897 2440 1116 2510 ἔρημον.
1158 2460 1176 2492 ι
1216 2439 1373 2493 Ἀλλὰ
1406 2439 1512 2512 γὰρ
1559 2441 1651 2493 καὶ
1697 2440 1757 2492 τδ
1810 2439 1938 2496 Ἰου-

373 2531 534 2586 δαίων
560 2533 709 2596 ἔθνος
738 2533 960 2584 τοιαῦτα
1005 2532 1284 2586 πείσεσθαι
1337 2535 1394 2585 ὲν
1435 2535 1553 2595 ταῖς
1601 2530 1694 2584 τοῦ
1733 2531 1936 2600 Κυρίου

376 2625 606 2694 ἡμέραις
637 2626 733 2695 τῆς
767 2627 1118 2696 προρρήσεως
1161 2625 1600 2696 ἀποφηναμένης,
1635 2625 1718 2688 τίς
1745 2626 1843 2678 οὐκ
1869 2624 1933 2676 ἂν

375 2713 666 2784 θαυμάσειε
714 2715 811 2784 τῆς
855 2717 1206 2786 προρρήσεως
1250 2717 1311 2768 τὸ
1353 2715 1726 2786 ἀποτέλεσμα;
1785 2716 1934 2785 ’Λμα

375 2805 482 2877 γὰρ
523 2807 725 2877 Ἰησοῦς
756 2810 785 2860 ὁ
825 2807 1013 2877 Σωτὴρ
1041 2808 1132 2860 καὶ
1157 2809 1356 2880 Κύριος
1397 2808 1548 2879 ήμῶν
1583 2808 1780 2880 παρῆν,
1811 2807 1936 2876 ἠσέ-

374 2897 499 2950 60w
525 2915 583 2950 τε
611 2901 688 2961 είς
717 2899 874 2951 αὑτὸν
903 2901 951 2950 οἱ
987 2901 1049 2952 ἐκ
1087 2901 1402 2970 περιτομῆς,
1428 2901 1520 2952 καὶ
1553 2899 1727 2952 πάντα
1754 2899 1934 2961 αὐτοῖς

373 2989 580 3060 ἁθρόως
604 2991 670 3042 τά
701 2991 1166 3061 προηγορευμένα,
1195 2991 1328 3060 μετὰ
1349 2991 1791 3044 πεντακοσιοστὸν
1817 2990 1934 3053 ἔτος

372 3081 471 3151 τῆς
501 3085 873 3163 προρρήσεως,
922 3082 1105 3145 τέλους
1125 3082 1433 3152 ἐτύγχανεν,
1468 3082 1528 3148 ἐξ
1565 3083 1727 3137 αὐτοῦ
1769 3083 1934 3136 Πιλά-

370 3188 484 3239 ritu,
531 3174 622 3227 καὶ
681 3175 839 3245 μέχρι
891 3174 990 3244 τῆς
1041 3175 1178 3228 κατὰ
1216 3175 1439 3246 Νέρωνα
1501 3175 1592 3228 καὶ
1628 3175 1781 3227 Τίτον
1839 3176 1934 3230 καὶ

373 3266 769 3320 Οὐεσπασιανὸν
816 3266 1144 3338 πολιορκίας,
1190 3267 1248 3318 οὐ
1290 3265 1694 3320 διαλελοιπότων
1737 3267 1932 3330 αὐτοὺς

372 3356 634 3409 παντοίων
669 3357 762 3409 καὶ
791 3355 1098 3427 ἐπαλλήλων
1131 3356 1444 3427 συμφορῶν,
1481 3357 1556 3419 ὼς
1586 3358 1842 3427 πάρεστιν
1869 3359 1932 3409 ἐκ

370 3449 467 3518 τῆς
517 3447 740 3502 Φλαυίου
797 3450 1054 3520 Ἰωσήπου
1105 3449 1405 3519 γραφείσης
1457 3449 1692 3519 ἱστορίας
1742 3448 1932 3502 ἀναλέ-

372 3539 579 3603 ξασθαι.
625 3539 756 3593 Τότε
801 3540 897 3609 μὲν
940 3537 1031 3593 οὖν
1075 3541 1219 3604 εἰκὸς
1264 3540 1323 3593 τὸ
1369 3542 1538 3612 ἦμισυ
1586 3541 1681 3611 τῆς
1727 3539 1932 3604 πόλεως

370 3631 704 3684 ἀπολωλέναι
742 3634 806 3703 τῇ
842 3632 1139 3702 πολιορκίᾳ,
1181 3632 1255 3695 ῶς
1305 3650 1466 3704 φησιν
1509 3636 1542 3702 ἡ
1593 3631 1926 3703 προφητεία·

372 3724 486 3792 μετ’
515 3724 576 3776 οὐ
608 3724 771 3776 πολὺν
817 3724 875 3776 δέ
916 3725 1123 3795 χρόνον,
1159 3725 1298 3778 κατὰ
1342 3725 1614 3796 Ἀδριανὸν
1661 3724 1928 3796 αὐτοκρά-

369 3830 521 3883 τορα,
551 3819 810 3883 κινήσεως
829 3809 981 3876 αὖθις
1013 3814 1306 3879 Ἰουδαϊκῆς
1323 3814 1636 3884 γενομένης,
1659 3814 1718 3866 τὸ
1749 3814 1929 3866 λοιπὸν

367 3903 468 3971 τῆς
496 3902 698 3964 πόλεως
721 3903 882 3972 μέρος
903 3903 1091 3972 ἥμισυ,
1113 3903 1462 3974 πολιορκηθὲν
1484 3900 1638 3967 αὖθις
1661 3902 1930 3970 ἐξελαύνε-

367 4009 478 4054 ται,
498 3991 572 4054 ῶς
592 3991 648 4056 ἐξ
669 3993 873 4045 ἐκείνου
898 3993 988 4046 καὶ
1013 3994 1090 4056 είς
1110 3993 1264 4064 δεῦρο
1287 3993 1515 4063 πάμπαν
1531 3993 1724 4048 ἄϐατον
1750 3994 1927 4057 αὐτοῖς

366 4083 614 4152 γενέσθαι
642 4083 730 4136 τὸν
762 4084 939 4138 τόπον.
964 4086 1026 4138 Εἰ
1044 4085 1099 4137 δὲ
1119 4084 1261 4152 λέγοι
1280 4103 1362 4149 τις
1384 4085 1520 4139 κατὰ
1549 4085 1811 4155 Ἀντίοχον
1837 4085 1928 4139 τὸν

379 4175 643 4244 Ἐπιφανῆ
671 4175 843 4229 ταῦτα
870 4175 1282 4247 πεπληρῶσθαι,
1318 4175 1620 4245 σκεψάσθω,
1651 4178 1699 4228 εἱ
1729 4171 1837 4240 οἷός
1869 4176 1927 4229 τέ

367 4267 512 4318 ἐστιν
545 4266 848 4320 ἀποδιδόναι
881 4267 974 4320 καὶ
1013 4268 1080 4320 τὰ
1120 4267 1279 4320 λοιπὰ
1308 4267 1403 4337 τῆς
1426 4267 1757 4337 προφητείας
1787 4267 1927 4320 κατὰ

363 4358 490 4419 τοὺς
534 4359 797 4429 Ἀντιόχου
823 4358 1045 4429 χρόνους
1063 4376 1075 4388 ·
1108 4355 1216 4412 οἷον
1243 4359 1303 4410 τὸ
1329 4358 1698 4429 αἰχμαλωσίαν
1728 4375 1925 4410 πεπον-

368 4447 514 4500 θέναι
546 4446 634 4500 τὸν
665 4448 810 4511 λαὸν,
844 4449 933 4502 καὶ
961 4449 1021 4501 τὸ
1046 4449 1233 4519 στῆναι
1256 4449 1380 4512 τοὺς
1412 4448 1573 4511 πόδας
1602 4450 1805 4519 Κυρίου
1832 4449 1922 4501 ἐπὶ

2043 2000 2061 2031 ι
2093 1979 2158 2033 Et
2185 1982 2287 2034 erit
2313 1980 2570 2036 Dominus
2597 1983 2651 2035 in
2681 1998 2857 2052 regem
2889 1983 2944 2035 in
2977 1998 3189 2036 omnem
3215 1992 3435 2038 terram.
3469 2004 3487 2036 ι
3524 1985 3591 2038 Ει

2036 2091 2256 2131 rursus:
2287 2095 2304 2126 ι
2333 2076 2445 2129 Erit
2468 2076 2725 2132 Dominus
2748 2093 2908 2142 unus,
2933 2086 2986 2132 et
3011 2093 3206 2133 nomen
3229 2079 3374 2133 illius
3394 2095 3586 2142 unum,

2037 2168 2280 2224 ambiens
2306 2183 2520 2222 onmem
2551 2176 2750 2223 terram
2773 2179 2827 2224 et
2859 2169 3225 2224 solitudinem.
3261 2190 3279 2221 ›
3320 2169 3424 2224 Sed
3439 2173 3588 2224 enim

2036 2273 2157 2312 cum
2197 2259 2513 2312 vaticinium
2560 2260 2822 2324 enuntiet,
2875 2260 3155 2315 Iudaicam
3207 2267 3418 2330 gentem
3467 2276 3589 2314 esse

2035 2349 2163 2401 talia
2195 2365 2571 2419 perpessuram
2605 2351 2659 2404 in
2685 2351 2875 2406 diebus
2910 2351 3145 2415 Domini,
3170 2352 3294 2421 quis
3334 2368 3441 2404 non
3481 2351 3596 2405 exi-

2034 2446 2150 2492 tum
2191 2442 2434 2495 vaticinii
2485 2441 2818 2497 admiretur?
2887 2443 3019 2495 Nam
3072 2443 3231 2496 simul
3301 2458 3365 2495 ac
3426 2441 3590 2496 Jesns

2037 2527 2285 2583 Salvator
2314 2545 2375 2583 ac
2410 2529 2669 2584 Dominus
2701 2540 2886 2586 noster
2917 2531 3152 2594 advenit,
3172 2532 3377 2600 quique
3400 2532 3588 2585 ad'cir-

2033 2624 2422 2678 cumcisionem
2455 2625 2743 2692 pertinent,
2777 2624 2982 2678 nefaria
3017 2624 3277 2679 adversus
3315 2625 3464 2678 illum
3501 2624 3583 2677 fa-

2033 2715 2222 2768 cinora
2251 2723 2649 2785 perpetrarunt,
2681 2717 2862 2770 omnia
2898 2717 3003 2770 illis
3029 2732 3146 2786 qua:
3176 2716 3429 2785 praedicta
3465 2714 3585 2770 fue-

2032 2814 2176 2873 rant,
2227 2807 2671 2876 quinquagesimo
2720 2807 2786 2860 ab
2839 2807 2955 2876 ipsa
3017 2807 3365 2876 praedictione
3416 2821 3583 2874 anno,

2034 2900 2326 2953 acervatim
2357 2907 2674 2964 evenerunt,
2707 2899 2870 2970 286
2903 2899 3171 2968 ﬁnemque
3204 2899 3395 2953 sortita
3425 2905 3586 2953 sunt:

2033 3007 2158 3045 cum
2191 2992 2439 3048 videlicet
2469 2993 2536 3046 ab
2579 2993 2698 3063 ipso
2729 2991 2904 3045 Pilato
2942 3008 3111 3061 usque
3143 2992 3208 3045 ad
3239 2991 3502 3044 Neronem
3532 3001 3592 3044 et

2034 3083 2212 3138 Titum
2249 3100 2313 3139 ac
2361 3083 2772 3154 Vespasianum,
2814 3086 2907 3154 qui
2935 3086 3207 3139 civitatem
3258 3082 3590 3138 obsederunt

2032 3189 2302 3244 nusquam
2336 3173 2459 3230 illos
2493 3178 2671 3231 omnis
2709 3175 2946 3246 generis,
2997 3175 3189 3229 etalize
3239 3189 3399 3242 super
3445 3172 3583 3226 alias

2034 3267 2347 3337 ingruentes
2379 3268 2715 3323 calamitates
2761 3267 3078 3331 defecerint,
3122 3265 3583 3336 quemadmodum

2033 3359 2192 3415 facile
2226 3369 2310 3416 est
2351 3377 2418 3415 ex
2474 3377 2537 3415 ea
2587 3361 2816 3416 historia
2866 3377 3028 3432 quam
3072 3359 3288 3415 Flavius
3317 3359 3590 3428 Josephus

2032 3451 2268 3520 scripsit,
2304 3453 2593 3522 colligere:
2623 3461 2754 3507 tunc
2798 3467 2930 3508 sane
2973 3451 3232 3506 credibile
3275 3458 3378 3515 est,
3425 3451 3588 3504 dimi-

2031 3541 2181 3595 dium
2215 3542 2452 3597 civitatis
2490 3543 2718 3612 periisse
2745 3543 3052 3604 obsidione,
3086 3550 3144 3594 ut
3174 3542 3248 3595 ait
3277 3541 3584 3612 prophetia.

2031 3633 2190 3688 Haud
2225 3651 2354 3690 vero
2394 3635 2468 3687 ita
2501 3635 2670 3688 multo
2697 3643 2840 3705 post,
2876 3650 3000 3687 cum
3041 3633 3313 3688 Adrianus
3352 3633 3587 3702 impera-

2030 3731 2134 3788 ret,
2173 3723 2402 3778 Judaico
2427 3740 2616 3778 rursus
2661 3732 2847 3776 exorto
2900 3723 3154 3788 tumultu,
3216 3736 3334 3790 qua:
3377 3723 3586 3791 reliqua

2029 3814 2203 3869 fuerat
2255 3831 2380 3884 pars
2421 3813 2644 3868 dimidia
2688 3814 2945 3874 civitatis,
3000 3827 3194 3867 rursus
3221 3813 3441 3866 obsessa
3490 3829 3586 3867 ex-

2029 3907 2267 3976 pellitur,
2299 3908 2433 3962 adeo
2462 3905 2700 3975 quidem,
2736 3915 2793 3958 ut
2821 3906 2888 3959 ab
2919 3905 3013 3957 illo
3039 3915 3281 3974 tempore
3317 3919 3490 3971 usque
3525 3905 3585 3961 in

2029 3999 2349 4053 hodiernum
2388 4000 2550 4060 diem,
2588 3998 2803 4066 penitus
2839 3997 3108 4051 instabilis
3151 3996 3326 4051 omnis
3358 3996 3465 4050 illis
3506 3995 3586 4049 fa-

2040 4097 2162 4145 ctus
2189 4091 2258 4144 sit
2301 4090 2470 4143 locus.
2509 4086 2665 4152 Quod
2721 4087 2766 4142 si
2811 4087 2934 4158 quis
2967 4086 3113 4141 dicat
3164 4087 3266 4140 sub
3314 4085 3583 4140 Antiocho

2026 4181 2306 4252 Epiphane
2346 4183 2460 4236 hazc
2501 4181 2767 4250 completa
2809 4180 2999 4246 fuisse,
3034 4181 3195 4234 etiam
3230 4188 3391 4249 atque
3418 4181 3581 4234 etiam

2026 4274 2332 4329 consideret
2362 4282 2544 4327 utrum
2578 4273 2750 4342 possit
2794 4273 2998 4341 reliqua
3048 4273 3176 4326 item
3205 4287 3325 4342 quae
3362 4287 3429 4326 ex
3477 4271 3581 4325 hac

2024 4366 2306 4436 prOphetia
2337 4375 2652 4436 supersunt,
2680 4365 2746 4418 ad
2787 4365 3041 4418 Antiochi
3073 4373 3316 4433 tempora
3350 4363 3578 4428 referre,

2027 4457 2336 4528 cujusmodi
2371 4457 2502 4511 illud
2547 4465 2648 4521 est,
2694 4456 2838 4526 quod
2881 4457 3112 4526 pepulus
3165 4456 3478 4510 servitutem
3507 4457 3580 4511 sit

365 4538 425 4591 τὸ
455 4539 558 4591 τῶν
594 4539 812 4592 Ἐλαιῶν
844 4540 985 4611 όρος,
1021 4543 1114 4594 καὶ
1139 4543 1184 4593 εί
1220 4540 1404 4608 γέγονε
1433 4541 1632 4610 Κύριος
1668 4544 1746 4604 εἰς
1773 4541 1921 4610 βασι-

2031 4563 2240 4619 passus,
2301 4548 2446 4618 quod
2489 4547 2656 4617 pedes
2708 4547 2922 4600 Domini
2969 4548 3022 4599 in
3068 4555 3250 4600 monte
3300 4544 3577 4600 Olivarum

365 4628 463 4683 λέα
491 4631 580 4683 ἐπὶ
623 4632 798 4684 πᾶσαν
832 4631 929 4701 τὴν
960 4632 1060 4702 γῆν
1093 4633 1149 4684 ἐν
1189 4635 1254 4701 τῇ
1299 4633 1481 4704 ἡμέρᾳ
1513 4633 1712 4706 ἐκείνη,
1745 4635 1838 4688 καὶ
1875 4635 1921 4686 εί

363 4721 424 4774 τὸ
452 4721 622 4792 ὖνομα
657 4723 856 4792 Κυρίου
890 4720 1161 4774 ἐκύκλωσε
1208 4722 1304 4790 τὴν
1332 4723 1432 4792 γῆν
1473 4725 1670 4789 πᾶσαν,
1705 4725 1798 4778 καὶ
1825 4724 1920 4795 τὴν

365 4811 585 4886 ἔρημον,
615 4813 702 4865 ὅτε
741 4814 838 4881 τῆς
879 4814 1074 4884 Συρίας
1119 4813 1381 4883 Ἀντίοχος
1427 4815 1663 4886 ἐκράτει.
1713 4816 1823 4868 Καὶ
1853 4817 1922 4869 τὰ

362 4905 522 4959 λοιπὰ
543 4905 598 4957 δὲ
620 4903 718 4973 τῆς
742 4906 1113 4975 προρρήσεως,
1142 4904 1323 4957 ὁποίου
1352 4905 1534 4967 τέλους
1557 4905 1763 4975 ἔτυχεν,
1803 4907 1921 4960 Ἀν-

364 4999 541 5069 τιόχου
578 4995 958 5066 βασιλεύοντος,
995 4995 1110 5058 πῶς
1141 5012 1224 5058 τις
1269 4995 1574 5061 άποδῶσει;
1608 4995 1742 5048 Καθ’
1777 4998 1921 5066 ἡμᾶς

362 5091 419 5144 δὲ
449 5089 640 5153 ταῦτα,
672 5087 764 5140 καὶ
811 5087 942 5157 πρὸς
984 5087 1123 5153 λέξιν
1166 5088 1260 5157 μὲν
1297 5088 1639 5150 ἀποδέδοται,
1664 5089 1756 5140 καὶ
1799 5088 1918 5140 καθ’

364 5182 554 5253 ἑτέραν
575 5181 631 5233 δὲ
655 5179 910 5233 διάνοιαν.
933 5179 1083 5232 Μετὰ
1109 5179 1216 5248 γὰρ
1239 5179 1336 5249 τὴν
1363 5178 1454 5231 τοῦ
1483 5179 1729 5249 Σωτῆρος
1763 5179 1918 5249 ἡμῶν

374 5269 545 5340 Ἰησοῦ
578 5267 811 5340 Χριστοῦ
856 5267 1174 5338 παρουσίαν,
1215 5269 1248 5338 ἡ
1285 5266 1433 5330 πόλις
1463 5267 1660 5331 αὐτῶν,
1690 5265 1825 5336 αὕτη
1855 5283 1917 5334 γε

361 5361 396 5432 ἡ
437 5359 800 5431 Ἰερουσαλὴμ,
825 5359 918 5411 καὶ
955 5359 1015 5411 τὸ
1061 5360 1166 5412 πᾶν
1201 5359 1468 5430 σύστημα,
1494 5361 1585 5411 καὶ
1622 5359 1918 5430 πολίτευμα

363 5452 462 5521 τῆς
487 5450 641 5519 ,κατὰ
681 5451 772 5503 τὸν
812 5451 973 5520 νόμον
1012 5449 1250 5511 Μωσέως
1283 5449 1574 5520 θρησκείας
1605 5449 1910 5520 καθῃρεῖτο.

362 5545 562 5598 Αὐτίκα
593 5545 649 5596 δὲ
695 5543 790 5614 τὴν
839 5543 975 5596 κατὰ
1004 5543 1237 5596 διάνοιαν
1278 5541 1645 5612 αἰχμαλωσίαν
1677 5542 1810 5612 πρὸς
1850 5547 1912 5614 τῇ

365 5641 643 5708 σωματικῇ
709 5637 1022 5701 πεπόνθασι,
1071 5636 1158 5690 τὸν
1221 5635 1445 5706 Σωτῆρα
1488 5636 1579 5688 καὶ
1625 5636 1912 5706 Λυτρωτὴν

427 5815 471 5845 ⁸⁸
497 5815 600 5869 lsa.
635 5830 780 5878 xux,
812 5817 865 5871 6.

2025 4640 2298 4702 steterint,
2335 4649 2389 4692 et
2421 4651 2602 4694 utrum
2647 4637 2912 4693 Dominus
2951 4637 3006 4691 in
3055 4637 3142 4691 die
3193 4637 3282 4690 illa
3313 4637 3364 4690 in
3397 4651 3576 4704 regem

2024 4728 2188 4783 fuerit
2229 4729 2284 4782 in
2317 4744 2531 4783 omnem
2576 4737 2799 4791 terram,
2829 4742 2882 4782 et
2914 4735 3094 4780 utrum
3137 4742 3331 4780 nomen
3365 4723 3576 4775 Domini

2022 4822 2275 4877 ambierit
2315 4837 2530 4875 omnem
2561 4830 2779 4881 terram,
2816 4830 2869 4875 et
2904 4819 3272 4881 solitudinem,
3305 4832 3413 4886 quo
3439 4825 3577 4867 tem-

2021 4929 2154 4984 pore
2191 4913 2402 4992 Syriam
2451 4913 2756 4968 Antiochus
2803 4913 3073 4968 obtinuit:
3109 4918 3162 4964 et
3200 4923 3319 4978 quae
3365 4905 3574 4973 reliqua

2022 5012 2151 5058 sunt
2178 5005 2244 5059 de
2275 5004 2464 5060 eodem
2514 5006 2755 5070 oraculo,
2791 5019 2953 5074 quem
2999 5012 3126 5054 tunc
3172 4999 3329 5052 linem
3382 4996 3572 5050 sortita

2021 5098 2150 5161 sint,
2188 5097 2369 5166 aliquo
2413 5096 2574 5150 modo
2605 5106 2832 5150 conetur
2867 5093 3170 5148 ostendere.
3233 5087 3302 5141 At
3354 5089 3400 5142 si
3449 5088 3574 5156 quis

2019 5193 2263 5241 nostram
2313 5186 2582 5240 rationem
2624 5193 2904 5254 sequatur,
2961 5181 3038 5235 vel
3078 5179 3144 5234 ad
3192 5178 3418 5233 verbum
3457 5177 3572 5230 haec

2017 5279 2263 5333 evenisse
2288 5277 2702 5342 demonstrabit,
2727 5284 2888 5345 atque
2910 5275 2965 5327 in
2994 5273 3156 5326 alium
3191 5272 3316 5325 item
3349 5285 3570 5324 sensum

2018 5372 2204 5426 eadem
2228 5373 2475 5440 accipere
2500 5369 2699 5440 poterit
2725 5389 2737 5422 :
2767 5383 2892 5421 nam
2925 5375 3041 5435 post
3069 5362 3367 5417 Salvatoris
3398 5359 3572 5414 nostri

2016 5463 2145 5518 Jesu
2199 5462 2405 5518 Christi
2465 5461 2774 5526 adventum,
2822 5458 3015 5513 civitas
3063 5456 3300 5517 illorum,
3347 5454 3574 5522 ipsaque

2014 5554 2316 5609 Jerusalem
2369 5562 2532 5624 atque
2589 5552 2769 5607 omnis
2817 5555 3138 5612 conventus,
3193 5545 3573 5614 institutioque

2020 5646 2215 5711 civilis,
2243 5661 2361 5716 quae
2391 5645 2456 5700 ad
2502 5645 2665 5699 ritum
2693 5644 3117 5714 religionemque
3159 5638 3412 5696 Mosaicae
3435 5637 3572 5708 legis
