4110 6432
546 368 652 424 ιδδ

1303 366 1573 423 EUSEBII
1610 367 2082 424 CJESARIENSIS
2120 368 2267 424 OPP.
2299 368 2478 426 PARS
2518 369 2582 425 ll.
2615 402 2686 412 —
2719 372 3214 432 APOLOGETICA.

3677 385 3781 438 456

544 487 795 556 pertinet,
819 501 1008 543 eversa
1033 487 1351 556 sublataque
1383 494 1511 541 sunt
1530 505 1541 540 :
1559 503 1588 540 e
1607 487 1943 559 vestigioque
1961 505 2087 545 eam.

2204 491 2311 544 τῶν
2358 491 2709 563 ἀνθρωπίνων
2740 493 2929 565 ψυχῶν
2967 496 3040 567 μὴ
3083 495 3536 568 παραδεξάμενοι,
3571 496 3662 553 τὸν
3695 502 3780 554 ἐλ-

541 594 662 649 qua:
685 579 749 632 ad
779 579 1187 648 intelligentiam
1216 585 1444 647 spectat,
1470 579 1811 646 servitutem,
1845 582 2102 651 adjuncta

541 673 701 725 etiam
736 686 797 725 ea
830 687 950 740 quae
984 686 1274 740 corporum
1307 679 1412 732 est.
1448 672 1691 742 perpessi
1726 682 1874 739 sunt,
1901 675 2104 745 quippe

539 761 632 831 qui
675 760 1008 818 Salvatorem
1056 778 1120 817 ac
1164 762 1539 821 Liberatorem
1583 767 1945 822 humanarum
1983 771 2104 824 ani-

538 872 748 910 marum
793 873 901 912 non
950 858 1313 928 susceperint,
1362 875 1484 914 eum
1540 861 1631 928 qui
1668 871 1910 928 venerat,
1951 871 2009 917 ut
2035 863 2102 920 iis

537 949 626 1018 qui
660 949 926 1003 malorum
964 949 1270 1004 diemonum
1306 951 1446 1005 servi
1489 950 1613 1006 facti
1655 945 1860 1018 essent,
1904 954 2104 1011 libera-

536 1042 734 1095 tionem
786 1041 1088 1104 nuntiaret,
1122 1041 1189 1096 iis
1223 1057 1371 1106 vero,
1401 1043 1493 1113 qui
1519 1045 1715 1100 mentis
1734 1048 1908 1102 oculis
1931 1049 2097 1118 capti,

533 1132 687 1187 visus
742 1133 1230 1202 recuperationem.
1269 1132 1395 1188 Haec
1428 1135 1612 1205 itaque
1635 1152 1759 1191 cum
1797 1139 1875 1194 illi
1907 1141 1976 1194 ob
2015 1142 2101 1195 in-

534 1228 909 1283 credulitatem
941 1243 1096 1283 suam
1124 1229 1498 1297 pertulissent,
1518 1230 1608 1284 alii
1635 1245 1824 1288 omnes
1850 1235 2102 1304 quicum-

532 1338 638 1392 que
679 1338 837 1377 suum
887 1320 1256 1375 Liberatorem
1306 1329 1661 1391 agnoverunt,
1710 1325 2101 1398 domesticique

536 1415 686 1468 illius
717 1429 779 1468 ac
809 1413 1105 1469 familiares
1135 1413 1310 1468 effecti
1352 1421 1502 1480 sunt,
1532 1414 1787 1485 discipuli
1833 1419 2020 1489 utique
2047 1429 2100 1474 et

537 1507 796 1576 apostoli,
827 1513 881 1560 et
918 1506 1280 1575 evangelista,
1307 1507 1726 1576 compluresque
1753 1509 1867 1571 alii,
1906 1511 2000 1580 qui
2031 1510 2099 1567 de

528 1600 947 1656 circumcisione
969 1601 1191 1671 profecti
1212 1603 1265 1656 in
1295 1603 1472 1672 ipsum
1499 1601 1850 1657 crediderunt
1870 1603 1957 1673 (de
1979 1604 2101 1673 qui-

529 1693 630 1748 bus
644 1694 719 1747 ait
732 1693 1045 1764 Apostolus:
1071 1713 1088 1744 ‹
1107 1691 1196 1748 Sic
1211 1695 1372 1748 etiam
1388 1710 1530 1749 nunc
1546 1695 1785 1764 reliquiae
1799 1697 2098 1750 secundum

528 1785 844 1839 electionem
862 1786 1046 1855 gratiae
1067 1784 1220 1839 facta:
1236 1785 1448 1850 sunt“;
1480 1805 1496 1837 ι
1512 1794 1566 1841 et
1586 1786 1715 1840 illud
1737 1786 1904 1841 :«Nisi
1927 1787 2101 1841 Domi-

528 1892 630 1930 nus
654 1863 888 1930 Sabaoth
911 1876 1223 1945 reliquisset
1244 1876 1402 1931 nobis
1431 1891 1636 1940 semen,
1673 1879 1829 1946 quasi
1865 1877 2098 1933 Sodoma
2133 1899 2174 1954 Β

526 1965 654 2020 facti
666 1964 1456 2037 essemus,etquasiGomorrha
1470 1968 1672 2023 similes
1686 1967 2065 2041 fuissemus”),
2081 1990 2098 2024 ι

525 2060 687 2130 287
709 2061 854 2116 illius
896 2060 1220 2125 obsidionis,
1265 2075 1428 2131 quam
1461 2075 1560 2116 nos
1587 2060 1653 2113 ad
1697 2061 2102 2131 intelligentiam

524 2151 833 2216 referimus,
863 2152 1131 2208 immunes
1169 2160 1532 2222 expertesque
1561 2160 1688 2207 sunt
1736 2153 1958 2215 servati,
2006 2169 2101 2209 ne-

524 2259 627 2311 que
657 2243 822 2313 hujus
859 2245 1056 2308 solum,
1089 2245 1184 2300 sed
1214 2245 1377 2299 etiam
1411 2244 1578 2307 illius,
1609 2259 1728 2314 qum
1756 2244 1821 2298 ad
1871 2246 2095 2300 verbum

522 2335 1029 2404 intelligiturmam
1078 2336 1181 2405 ipsi
1233 2336 1464 2406 apostoli
1519 2351 1583 2390 ac
1627 2336 1878 2404 discipuli
1916 2336 2099 2390 Salva-

521 2429 654 2483 toris
694 2429 887 2493 nostri,
921 2435 974 2482 et
1003 2443 1192 2482 omnes
1230 2427 1322 2498 qui
1357 2443 1424 2481 ex
1455 2426 1656 2481 Judazis
1684 2428 1750 2480 ad
1782 2427 1957 2497 ipsum
1987 2442 2096 2482 cre-

519 2520 707 2576 dentes
729 2527 1096 2583 accesserant,
1122 2535 1243 2573 cum
1265 2521 1452 2589 procul
1481 2519 1550 2574 ab
1567 2518 1751 2574 Judaea
1772 2527 1914 2574 terra
1937 2521 2094 2575 abes-

517 2623 660 2677 sent,
700 2619 752 2666 et
785 2611 1008 2682 reliquis
1048 2619 1232 2665 essent
1276 2610 1507 2663 immixti
1550 2611 1799 2679 gentibus
1837 2625 2090 2666 :omnem

519 2718 730 2766 eorum,
753 2702 844 2772 qui
881 2703 1154 2756 civitatem
1185 2702 1515 2767 incolebant,
1545 2702 1899 2773 perditionem
1929 2709 2091 2772 atque

519 2797 796 2850 interitum
846 2795 1102 2866 effugere,
1131 2809 1228 2864 per
1268 2794 1398 2848 illud
1446 2803 1657 2864 tempus
1706 2794 1862 2849 facile
1894 2802 2088 2864 potue-

516 2895 666 2942 runt.
700 2885 853 2953 Quod
879 2887 1057 2956 ipsum
1091 2899 1224 2940 sane
1267 2885 1429 2940 etiam
1461 2887 1742 2956 prophetia
1781 2885 2087 2955 anticipans

2211 581 2370 636 θόντα
2399 583 2630 654 κηρῦξαι
2657 588 2768 648 τοῖς
2797 586 2901 639 ὑπὸ
2928 587 3194 658 δαιμόνων
3227 589 3480 660 πονηρῶν
3509 591 3783 660 αἰχμαλώ-

2209 688 2322 734 τοις
2351 674 2562 742 άερεσιν,
2591 676 2682 728 καὶ
2707 679 2816 740 τοῖς
2843 677 2940 740 τάς
2968 677 3202 742 διανοίας
3227 679 3444 748 τυφλοῖς
3467 681 3778 752 ἀνάϐλεψιν.

2211 765 2394 818 Ταῦτα
2425 766 2482 819 δὲ
2514 767 2855 823 πεπονθότων
2886 769 3108 823 ἐκείνων
3137 770 3225 823 διά
3267 770 3362 842 τὴν
3399 772 3654 826 ἀπιστίαν
3683 775 3782 827 αὐ-

2208 857 2334 918 τῶν,
2377 860 2424 910 οί
2468 859 2558 912 τὸν
2608 859 2754 928 σφῶν
2797 861 3089 934 Λυτρωτὴν
3120 863 3448 931 ἐπιγνόντες,
3493 867 3682 918 οἰκεῖοί
3723 885 3783 920 τε

2209 949 2369 1002 αὐτοῦ
2397 951 2674 1022 γενόμενοι
2699 953 2955 1023 μαθηταὶ,
2989 954 3083 1008 καὶ
3109 955 3410 1020 ἀπόστολοι,
3435 958 3529 1010 καὶ
3555 959 3781 1027 εὐαγγε-

2208 1043 2410 1107 λισταὶ,
2437 1046 2675 1099 πλεῖστοί
2704 1063 2763 1099 τε
2793 1046 2940 1100 ἄλλοι
2960 1048 3067 1100 τῶν
3096 1050 3158 1100 ὲκ
3188 1051 3485 1121 περιτομῆς
3514 1054 3593 1116 είς
3621 1053 3783 1106 αὐτὸν

2208 1137 2643 1191 πεπιστευκότων
2671 1139 2822 1209 (περὶ
2851 1133 2925 1192 ὧν
2955 1157 3116 1210 φησιν
3139 1143 3166 1194 6
3198 1142 3514 1206 ’Λπὸστολος
3532 1160 3544 1172 ·
3578 1163 3596 1195 ε
3627 1144 3781 1200 Οὕτω

2207 1227 2300 1280 καὶ
2324 1227 2417 1281 νῦν
2437 1229 2640 1301 λεῖμμα
2659 1233 2779 1285 κατ’
2800 1231 3026 1303 ἐκλογὴν
3046 1232 3264 1302 χάριτος
3283 1233 3472 1301 γέγονε
3493 1251 3505 1262 ·
3538 1254 3555 1285 ι
3577 1236 3670 1288 καὶ
3689 1236 3748 1289 τό
3763 1253 3776 1268 ·

2212 1337 2231 1370 ι
2260 1321 2320 1372 Et
2345 1321 2417 1392 μὴ
2442 1321 2641 1393 Κύριος
2665 1321 2888 1375 Σαϐαὼθ
2911 1322 3262 1391 ἐγκατέλιπεν
3287 1324 3416 1393 ἡμῖν
3437 1323 3677 1394 σπέρμα,
3707 1324 3780 1388 ὼς

2208 1414 2412 1485 Σόδομα
2437 1415 2501 1467 ἂν
2524 1415 2878 1486 ἐγενήθημεν,
2903 1416 2996 1468 καὶ
3027 1416 3102 1478 ὼς
3128 1415 3380 1488 Γόμορρα
3407 1415 3472 1470 ἂν
3495 1417 3778 1489 ὡμοιώθη-

2208 1504 2361 1575 μεν),
2390 1525 2408 1557 ι
2425 1505 2524 1575 τῆς
2539 1523 2690 1577 νενοη
2701 1508 2866 1578 μένης
2892 1509 3022 1578 ἡμῖν
3045 1507 3186 1560 κατά
3211 1508 3444 1561 διάνοιαν
3467 1508 3775 1579 πολιορκίας

2205 1596 2418 1668 ἄπειροι
2449 1599 2877 1670 διεφυλάχθησαν
2922 1600 2982 1652 οὐ
3015 1599 3192 1670 μόνον,
3223 1599 3356 1653 ἀλλὰ
3388 1601 3480 1655 καὶ
3511 1602 3609 1672 τῆς
3637 1602 3772 1672 πρὸς

2203 1686 2346 1752 λέξιν
2409 1689 2782 1759 ἀποδοθείσης.
2822 1691 2886 1742 Οἱ
2914 1686 3053 1758 γοῦν
3087 1691 3370 1744 ἀπόστολοι
3404 1692 3495 1744 καὶ
3535 1694 3770 1764 μαθηταὶ

2203 1778 2296 1830 τοῦ
2343 1781 2592 1852 Σωτῆρος
2627 1781 2823 1847 αὐτῶν,
2860 1784 2953 1834 καὶ
2984 1783 3180 1846 πάντες
3213 1785 3262 1835 οί
3297 1781 3355 1848 ἐξ
3401 1783 3660 1836 Ἰουδαίων
3691 1785 3770 1846 εἰς

2204 1871 2363 1924 αὑτὸν
2389 1873 2829 1937 πεπιστευκότες,
2860 1874 3076 1945 μακράν
3095 1875 3193 1944 τῆς
3223 1875 3480 1939 Ἰουδαίας
3500 1877 3597 1946 γῆς
3618 1878 3769 1944 γενό-

2209 1979 2390 2030 μενοι,
2454 1964 2546 2015 καὶ
2619 1968 2729 2026 τοῖς
2799 1965 3004 2027 λοιποῖς
3055 1964 3262 2017 ἔθνεσιν
3335 1967 3769 2036 ἐπισπαρέντες,

2201 2043 2292 2104 τὸν
2325 2052 2463 2106 κατὰ
2497 2053 2603 2106 τῶν
2629 2053 2918 2107 οἰκούντων
2946 2053 3042 2125 τὴν
3067 2054 3217 2107 πόλιν
3245 2053 3462 2125 ὀλεθρον
3490 2053 3768 2126 διαδρᾶναι

2200 2144 2319 2196 τότε
2346 2143 2705 2214 ἠδυνήθησαν,
2743 2146 2851 2197 Καὶ
2886 2145 3043 2199 τοῦτο
3076 2145 3132 2196 δὲ
3167 2148 3199 2216 ὴ
3227 2146 3534 2216 προφητεία
3565 2145 3763 2215 προλα-

2199 2233 2366 2288 ϐοῦσα
2397 2235 2645 2288 ἐθέσπισε
2675 2236 2740 2288 δι’
2768 2229 2842 2288 ὧν
2868 2235 3093 2306 ἔφησεν·
3137 2256 3153 2286 ι
3185 2237 3247 2288 Οἱ
3269 2237 3325 2288 δὲ
3339 2237 3649 2288 κατάλοιποι
3670 2237 3758 2290 τοῦ

2197 2325 2323 2379 λαοῦ
2359 2345 2457 2398 μου
2491 2328 2551 2380 οὐ
2589 2327 2662 2398 μὴ
2690 2327 3137 2398 ἐξολοθρευθῶσιν
3165 2344 3175 2357 ·
3211 2347 3229 2379 ι
3249 2323 3330 2391 οἷς
3358 2327 3482 2398 ἑξῆς
3506 2329 3754 2397 ἐπιλέγει·

2200 2436 2218 2469 ι
2255 2419 2361 2471 Καὶ
2401 2418 2736 2485 ἐξελεύσεται
2771 2419 2995 2490 Κύριος,
3029 2420 3123 2473 καὶ
3155 2420 3521 2492 παρατάξεται
3560 2423 3618 2472 ἐν
3654 2423 3762 2481 τοῖς

2194 2508 2399 2562 ἔθνεσιν
2425 2510 2669 2578 ἐκείνοις,
2709 2511 2890 2575 καθὼς
2927 2512 3108 2583 ἡμέρα
3143 2512 3499 2583 παρατάξεως
3518 2511 3681 2565 αὑτοῦ
3705 2513 3762 2565 ἐν

2193 2601 2375 2674 ἡμέρᾳ
2409 2603 2657 2674 πολέμου.
2701 2623 2719 2655 ι
2765 2604 2852 2656 Ἐν
2881 2604 3051 2666 ποίοις
3074 2603 3129 2656 δὲ
3158 2604 3333 2657 ἔθνεσι
3357 2605 3556 2675 Κύριος
3589 2622 3765 2676 παρα-

2191 2693 2407 2758 τάξεται
2445 2695 2478 2766 ἢ
2532 2697 2589 2748 ἐν
2621 2698 2734 2759 τοῖς
2774 2696 2872 2767 τὴν
2919 2696 3267 2767 Ἰερουσαλὴμ
3315 2697 3761 2766 πολιορκήσουσι;

2189 2786 2345 2860 Δηλοῖ
2369 2787 2424 2839 δὲ
2455 2787 2484 2839 ὁ
2517 2786 2671 2855 λόγος
2701 2788 2860 2840 αὑτὸν
2888 2789 2988 2841 τὺν⁹
3014 2789 3215 2860 Κύριον
3246 2790 3617 2858 συμμαχήσειν
3646 2793 3760 2853 τοῖς

2188 2882 2589 2955 πολιορκοῦσιν,
2620 2886 2676 2936 ἐν
2703 2885 2883 2948 αὐτοῖς
2922 2885 3050 2937 ὄντα
3069 2925 3083 2944 ,
3125 2885 3218 2938 καὶ
3251 2884 3342 2936 σὺν
3373 2884 3549 2946 αὐτοῖς
3581 2899 3760 2955 παρα-

515 2978 807 3040 cecinerat,
841 2977 948 3032 illis
986 2977 1162 3032 verbis
1192 2997 1206 3028 :
1246 2995 1264 3027 ι
1299 2972 1400 3042 Qui
1437 2985 1615 3033 autem
1648 2979 1843 3048 reliqui
1885 2978 2087 3032 fuerint

2190 2977 2542 3047 ταττόμενον,
2571 2976 2757 3048 ὥσπερ
2805 2976 2923 3030 τινά
2967 2977 3266 3048 στρατηγὸν
3307 2977 3399 3030 καὶ
3441 2977 3754 3047 ὑπέρμαχον

514 3069 581 3124 de
618 3070 820 3139 pepulo
864 3084 1002 3134 meo,
1045 3083 1151 3122 non
1216 3069 1474 3138 peribunt
1496 3069 1570 3136 ⁸⁸;
1605 3089 1622 3121 i
1679 3070 1880 3139 quibus
1930 3069 2084 3123 dein-

514 3177 642 3232 ceps
677 3160 923 3230 adjungit
954 3180 964 3214 :
1004 3179 1023 3211 ‹
1060 3156 1126 3214 Et
1166 3161 1474 3230 egredietur
1523 3159 1804 3225 Dominus,
1848 3169 1902 3216 et
1932 3176 2084 3215 com-

2185 3067 2362 3122 αὐτῶν
2385 3068 2525 3122 κατὰ
2551 3069 2650 3140 τῆς
2685 3068 3041 3141 Ἰερουσαλὴμ
3064 3068 3521 3140 στρατευομένων.
3549 3070 3624 3122 Οὐ
3652 3068 3762 3141 γάρ

2184 3176 2347 3233 φησιν
2381 3164 2410 3215 6
2439 3160 2596 3230 λόγος
2640 3161 2731 3215 τὸν
2783 3161 2985 3234 Κύριον
3023 3161 3163 3215 κατά
3201 3162 3308 3215 τῶν
3350 3161 3524 3214 ἐθνῶν
3580 3180 3760 3233 παρα-

514 3255 796 3324 parabitur
827 3252 890 3307 ad
918 3253 1161 3323 praelium
1193 3253 1247 3306 in
1277 3253 1530 3322 gentibus
1563 3251 1691 3316 illis,
1737 3251 2087 3321 quemadmo—

2190 3251 2463 3318 τάξεσθαι.
2504 3252 2626 3305 Τίσι
2660 3251 2714 3305 δὲ
2747 3253 2888 3306 κατά
2933 3252 3131 3316 τίνων;
3179 3251 3322 3306 κατὰ
3359 3252 3457 3322 τῆς
3497 3252 3764 3323 Ἰερουσα-

513 3348 640 3400 dum
691 3346 808 3401 dies
840 3346 1010 3415 praelii
1053 3345 1173 3414 ejus
1211 3346 1266 3399 in
1318 3345 1406 3399 die
1454 3345 1666 3399 belli”.
1705 3362 1724 3394 ι
1756 3343 1824 3397 At
1858 3359 1986 3399 vero
2029 3345 2084 3398 in

512 3439 710 3510 quibus
754 3439 972 3494 tandem
1019 3438 1275 3509 gentibus
1322 3436 1588 3492 Dominus
1635 3437 1992 3506 praeliabitur,
2037 3438 2085 3491 si

512 3546 620 3586 non
674 3533 725 3585 in
779 3531 863 3586 his
913 3546 1032 3601 quae
1094 3529 1392 3584 Jerusalem
1444 3528 1812 3584 obsidebunt?
1881 3530 2085 3584 indicat

512 3639 640 3678 vero
681 3623 858 3693 ipsum
894 3617 1198 3685 oraculum,
1235 3621 1695 3692 quemadmodum
1736 3622 1853 3692 ipse
1893 3620 2084 3675 Domi-

512 3731 616 3769 nus
648 3715 910 3769 auxilium
942 3713 1078 3769 fcret
1107 3713 1506 3775 obsidentibus,
1537 3715 1747 3783 eritque
1779 3713 1996 3767 interim
2027 3713 2083 3767 in

512 3807 641 3872 illis,
680 3814 880 3861 etcum
927 3807 1034 3860 illis
1079 3805 1144 3860 ad
1177 3805 1419 3875 praalium
1462 3805 1886 3875 comparabitur,
1923 3805 2082 3875 quasi

509 3899 730 3970 quidam
770 3903 1087 3968 imperator,
1128 3904 1606 3968 propugnatorque
1652 3898 1867 3951 illorum
1895 3904 1949 3951 et
1983 3896 2081 3951 ad-

509 4007 703 4047 versus
742 3988 1041 4046 Jerusalem
1111 3990 1386 4044 militabit.
1447 3988 1566 4042 Non
1613 3990 1756 4044 enim
1801 3987 1933 4042 dicit
1966 4001 2085 4041 ora-

506 4083 604 4148 tio,
639 4083 930 4136 Dominum
968 4089 1162 4135 contra
1211 4090 1398 4152 gentes
1425 4081 1822 4151 praeliaturum.
1869 4079 2081 4145 Quibus

505 4191 635 4247 ergo
665 4183 718 4230 et
740 4183 930 4228 contra
960 4175 1141 4244 quos?
1194 4173 1398 4246 Nempe
1441 4182 1632 4230 contra
1667 4172 1992 4237 Jerusalem,
2021 4179 2076 4226 et

505 4274 697 4322 contra
727 4265 846 4335 ejus
885 4265 1241 4331 habitatores,
1285 4264 1353 4321 de
1377 4266 1575 4336 quibus
1609 4276 1788 4319 sermo
1837 4269 1974 4316 erat.
2008 4259 2078 4314 ll-

507 4358 599 4412 lud
633 4367 812 4413 autem
842 4375 856 4411 :
895 4377 914 4408 ‹
944 4357 1009 4411 Et
1040 4359 1264 4414 stabunt
1307 4358 1474 4430 pedes
1513 4357 1632 4427 ejus
1659 4357 1714 4410 in
1741 4355 1830 4410 die
1859 4355 1950 4408 illa
1986 4371 2078 4410 su-

506 4465 603 4519 per
633 4459 814 4503 monte
857 4447 1156 4513 Olivarum,
1185 4450 1278 4518 qui
1310 4455 1394 4504 est
1425 4455 1616 4502 contra
1661 4445 1963 4501 Jerusalem
2008 4445 2077 4500 ad

503 4535 778 4593 Orientem
801 4538 868 4601 ὀ,
901 4556 921 4589 ι
959 4538 1216 4608 quidnam
1262 4535 1410 4591 aliud
1451 4537 1735 4606 signiﬁcet,
1771 4551 1934 4606 quam
1965 4533 2074 4590 Do-

503 4628 636 4682 mini
676 4627 792 4692 Dci,
822 4629 1016 4699 ipsius,
1049 4629 1293 4698 inquam,
1321 4626 1412 4680 Dei
1440 4625 1623 4689 Verbi,
1653 4627 1706 4680 in
1753 4641 1852 4680 sua
1887 4625 2074 4680 Eccle-

503 4721 584 4776 sia
636 4721 927 4775 stationem
977 4729 1031 4776 et
1063 4719 1576 4774 confirmationem?
1618 4734 1778 4789 quam
1826 4718 1884 4772 in
1930 4732 2069 4788 prae-

503 4817 640 4870 senti
674 4825 856 4869 monte
877 4814 1151 4870 Olivarum
1186 4829 1282 4882 per
1318 4813 1561 4884 figuram,
1592 4828 1711 4882 quae
1735 4813 2068 4883 permutatio

502 4908 724 4973 dicitur,
772 4908 1054 4962 nominat?
1096 4903 1166 4959 Ut
1198 4905 1343 4960 enim
1390 4907 1547 4959 vinea
1591 4905 1799 4960 exstitit
1842 4903 2064 4966 dilecto,

500 5006 554 5054 et
579 4997 680 5052 fuit
706 4997 865 5052 vinea
897 4995 1107 5051 Domini
1133 4995 1370 5049 Sabaoth
1403 4997 1628 5064 figurate
1658 4995 1853 5048 domus
1877 4993 2064 5057 Israel,

499 5099 554 5147 et
599 5092 727 5147 vitis
756 5089 942 5146 Judzea
975 5089 1184 5142 novella
1217 5089 1432 5153 dilecta,
1486 5088 1565 5143 sic
1620 5087 1807 5140 eadem
1855 5085 2067 5139 ratione

498 5185 725 5252 dixeris,
753 5183 898 5256 quod
922 5182 1085 5238 etiam
1111 5183 1371 5237 olivetum
1403 5182 1545 5237 facta
1573 5181 1644 5237 sit
1672 5177 1927 5239 Domino,
1951 5177 2067 5231 col-

497 5277 639 5332 lecta
672 5278 740 5333 de
765 5275 1018 5349 gentibus
1051 5274 1292 5330 Ecclesia
1328 5275 1522 5345 ipsius,
1558 5286 1679 5344 quae
1713 5284 1846 5325 sane
1879 5268 2065 5324 Eccle-

498 5371 578 5424 sia
612 5385 737 5424 cum
777 5379 936 5421 antea
983 5374 1128 5421 esset
1154 5367 1298 5420 oliva
1329 5365 1577 5436 quaedam
1622 5362 1874 5434 agrestis,
1907 5361 2061 5431 plan-

495 5468 607 5514 tata
644 5461 745 5515 fuit
773 5478 800 5516 a
828 5461 1080 5523 Domino,
1117 5461 1208 5531 qui
1241 5473 1357 5514 eam
1398 5465 1522 5530 post
1553 5453 1793 5511 insuevit
1840 5455 1894 5506 in
1931 5469 2061 5524 apo-

498 5552 703 5606 stolicis
751 5554 904 5608 bona:
945 5553 1100 5607 olivze
1152 5551 1460 5617 radicibus,
1508 5554 1631 5618 post
1666 5544 1910 5617 priorum
1969 5561 2062 5599 ra-

498 5658 709 5698 morum
759 5647 1114 5711 excisionem,
1147 5643 1604 5715 quemadmodum
1647 5639 1940 5710 Apostolus
1973 5639 2063 5694 do-

565 5797 608 5828 "
639 5797 795 5856 Rom.
833 5815 908 5868 τι,
934 5799 984 5854 5.

1065 5799 1108 5830 ⁸⁷
1139 5797 1298 5856 Rom.
1327 5813 1401 5863 Ix,
1433 5796 1522 5861 29,
1600 5795 1645 5828 ⁸⁸
1670 5794 1834 5851 Zacb.
1869 5811 1976 5860 xw,
2008 5794 2063 5852 2.
2140 5793 2182 5824 ⁸⁸³
2207 5792 2336 5847 ibid.
2369 5793 2422 5849 ὃ.

2187 3341 2296 3413 λὴμ
2325 3343 2417 3395 καὶ
2446 3342 2554 3396 τῶν
2581 3343 2877 3416 οἰκητόρων
2913 3345 3110 3414 αὐτῆς,
3146 3345 3271 3414 περὶ
3301 3337 3376 3397 ὧν
3407 3339 3475 3414 ἦν
3507 3347 3535 3398 6
3585 3343 3757 3412 λόγος.

2187 3436 2260 3488 Τὸ
2290 3436 2346 3487 δὲ
2372 3475 2386 3499 ,
2428 3455 2446 3487 ι
2489 3437 2598 3489 Καὶ
2628 3437 2912 3506 στήσονται
2939 3437 2987 3488 οἱ
3008 3435 3163 3499 πόδες
3196 3435 3359 3489 αὑτοῦ
3388 3437 3446 3488 ἐν
3481 3439 3546 3507 τῇ
3577 3436 3761 3510 ἡμέρᾳ

2187 3527 2367 3597 ἐκείνῃ
2396 3528 2486 3580 ἐπὶ
2512 3527 2570 3579 τὸ
2593 3527 2717 3598 ὅρος
2738 3525 2844 3579 τῶν
2877 3526 3121 3593 Ἐλαιῶν,
3157 3525 3218 3579 τὸ
3250 3526 3531 3580 κατέναντι
3569 3528 3761 3598 Ἰερου-

2187 3618 2383 3689 σαλὴμ,
2429 3618 2488 3684 ἐξ
2522 3618 2815 3680 ἀνατολῶν,
2849 3637 2867 3670 ι
2901 3619 2954 3671 τί
2984 3618 3168 3690 ἕτερον
3213 3618 3364 3689 δηλοῖ
3389 3619 3420 3689 ἦ
3443 3618 3644 3689 Κυρίου
3665 3618 3757 3671 τοῦ

2183 3709 2346 3774 Θεοῦ,
2376 3708 2538 3763 αὑτοῦ
2567 3709 2631 3779 δὴ
2662 3707 2756 3762 τοῦ
2777 3709 2908 3761 Θεοῦ
2944 3709 3134 3776 Λόγου,
3159 3707 3255 3778 τὴν
3284 3708 3376 3762 ἐπὶ
3399 3708 3500 3777 τῆς
3532 3708 3759 3778 Ἐκκλη-

2185 3801 2304 3864 σίας
2344 3799 2508 3853 αὑτοῦ
2537 3800 2723 3853 στάσιν
2746 3817 2804 3852 τε
2833 3800 2924 3852 καὶ
2951 3799 3256 3868 βεϐαίωσιν,
3281 3799 3346 3869 ἢν
3380 3798 3504 3870 ὅρος
3532 3799 3755 3853 Ἐλαιῶν

2182 3893 2275 3945 ἐπὶ
2304 3892 2397 3945 τοῦ
2434 3892 2697 3964 παρόντος
2721 3892 2861 3946 κατὰ
2888 3891 3085 3962 τρόπον
3115 3890 3440 3962 ἀλληγορίας
3462 3891 3751 3961 ὀνομάζεις

2194 3982 2279 4045 Ὠς
2321 3982 2428 4052 γὰρ
2473 3981 2729 4052 ἀμπελὼν
2775 3981 3003 4052 ἐγενήθη
3039 3980 3115 4052 τῷ
3152 3980 3512 4052 ἠγαπημένῳ,
3556 3983 3650 4034 καὶ
3684 3977 3752 4052 ἦν

2180 4073 2439 4144 ἀμπελὼν
2489 4073 2695 4144 Κυρίου
2739 4071 2964 4126 Σαϐαὼθ
3005 4071 3375 4143 ἀλληγορικῶς
3407 4074 3434 4124 6
3465 4068 3612 4135 οἶκος
3655 4072 3750 4125 τοῦ

2194 4165 2436 4238 Ἰσραήλ,
2480 4167 2573 4219 καὶ
2609 4166 2852 4236 ἄμπελος
2898 4164 2990 4217 τοῦ
3033 4165 3201 4217 Ἰούδα
3239 4165 3494 4232 νεόφυτος
3534 4166 3751 4235 ἠγαπη-

2183 4260 2315 4329 μένη
2341 4277 2354 4288 ·
2385 4259 2524 4312 οὕτω
2567 4259 2630 4329 δὴ
2662 4259 2801 4311 κατά
2834 4257 2932 4327 τὴν
2973 4259 3140 4328 αὐτὴν
3174 4256 3402 4328 θεωρίαν
3441 4257 3611 4320 είποις
3644 4255 3710 4309 ἂν
3730 4295 3747 4319 ,

2178 4352 2258 4403 ὅτι
2296 4351 2358 4421 δὴ
2401 4352 2494 4403 καὶ
2536 4351 2726 4404 ἐλαιὼν
2773 4348 3002 4420 ἐγενήθη
3035 4347 3111 4417 τῷ
3142 4348 3373 4418 δεσπότῃ
3412 4349 3444 4416 ἡ
3484 4345 3542 4411 ἐξ
3575 4346 3744 4399 ἐθνῶν

2189 4443 2482 4512 Ἐκκλησία
2509 4441 2672 4495 αὑτοῦ
2711 4483 2724 4504 ,
2751 4442 2817 4512 ἢν
2857 4441 3022 4494 πάλαι
3075 4441 3385 4512 ἀγριέλαιον
3412 4435 3574 4492 οὖσαν
3617 4457 3749 4493 κατ-

2177 4533 2488 4603 εφύτευσεν,
2513 4532 2861 4603 ἐγκεντρίσας
2881 4531 2973 4584 ἐπὶ
2988 4530 3085 4594 τάς
3106 4531 3464 4593 ἁποστολικάς
3490 4531 3588 4600 τῆς
3615 4529 3747 4583 καλ-

2175 4622 2407 4676 λιελαίου
2435 4623 2588 4694 ῥίζας
2617 4624 2753 4694 μετά
2781 4623 2878 4694 τὴν
2907 4623 3014 4676 τῶν
3040 4623 3317 4695 προτέρων
3357 4622 3562 4676 κλάδων
3593 4623 3746 4674 ἐκτο-

2177 4716 2302 4788 μὴν,
2330 4715 2611 4786 ὠσπεροῦν
2638 4719 2666 4769 6
2704 4715 3018 4779 Ἀπόστολος
3078 4715 3355 4768 παιδεύει·
3391 4735 3408 4766 ι
3457 4715 3568 4769 Καὶ
3617 4731 3746 4768 κατ-

2171 4807 2432 4876 εφύτευσέ
2454 4824 2516 4876 γε
2554 4807 2719 4879 αὐτὴν
2751 4807 2780 4859 6
2812 4807 3012 4879 Κύριος
3046 4808 3238 4879 ἐαυτῷ,
3281 4827 3299 4860 ι
3343 4811 3620 4879 μονονουχὶ
3657 4808 3742 4862 διὰ

2170 4901 2266 4971 τῆς
2307 4901 2636 4971 προφητείας
2681 4900 2884 4968 λέγων’
2922 4921 2938 4950 ι
2990 4901 3204 4954 Ἐλαίαν
3250 4901 3478 4972 ὡραίαν,
3525 4901 3740 4955 εὔσκιον

2171 4990 2394 5043 ἐκάλεσε
2434 4989 2637 5061 Κύριος
2674 4991 2733 5043 τὸ
2767 4990 2938 5061 ὄνομά
2965 5007 3074 5045 σου.
3103 5010 3122 5044 ι
3164 4992 3314 5044 Ἐπεὶ
3336 4992 3444 5063 γὰρ
3475 4995 3502 5044 6
3525 4993 3740 5063 πρῶτος

2172 5081 2451 5154 ἁμπελὼν,
2481 5082 2598 5136 δέον
2616 5083 2836 5152 ποιῆσαι
2868 5084 3168 5155 σταφυλὴν,
3202 5084 3454 5156 ἐποίησεν
3477 5085 3735 5151 ἀκάνθας,

2171 5178 2264 5230 καὶ
2316 5178 2376 5229 οὐ
2426 5175 2786 5246 δικαιοσύνην,
2844 5177 2977 5230 ἀλλὰ
3020 5177 3282 5249 κραυγήν,
3326 5178 3546 5242 εἰκότως
3589 5179 3738 5232 ὡσάν

2168 5270 2414 5341 ἄκαρπον
2429 5268 2592 5322 αὑτοῦ
2620 5268 2858 5322 καθελὼν
2878 5271 2905 5321 ὁ
2922 5269 3050 5333 Θεὸς
3067 5271 3158 5322 τὸν
3179 5271 3430 5343 φραγμὸν
3450 5269 3612 5324 αὑτοῦ
3642 5271 3735 5323 καὶ

2167 5361 2257 5414 τὸν
2302 5364 2474 5431 τοῖχον
2512 5360 2711 5422 αὐτοῦ,
2761 5361 3032 5433 παραδούς
3064 5379 3122 5414 τε
3159 5363 3321 5416 αὐτὸν
3359 5365 3470 5426 τοῖς
3521 5361 3735 5434 ἐχθροῖς

2169 5453 2226 5513 ἐς
2241 5451 2546 5521 διαρπαγὴν
2577 5450 2670 5503 καὶ
2702 5451 2986 5521 καταπάτη
2995 5468 3096 5514 σιν,
3116 5451 3254 5504 κατά
3273 5451 3370 5522 τὴν
3389 5451 3482 5503 τοῦ
3514 5451 3732 5502 Ἡσαΐου

2170 5545 2520 5616 προφητείαν.
2557 5545 2740 5615 ἓτερον
2768 5545 2928 5597 αὑτὸν
2947 5544 3122 5615 ἐαυτῷ
3145 5544 3311 5616 ἀγρὸν
3348 5544 3735 5614 συνεστήσατο,

2169 5638 2258 5691 τὸν
2291 5638 2382 5689 ἐπὶ
2405 5636 2497 5690 τοῦ
2529 5637 2790 5708 παρόντος
2814 5637 3042 5692 ἐλαιῶνα
3069 5636 3482 5707 ὀνομαζόμενον,
3509 5635 3603 5689 ac:
3639 5634 3728 5688 τοῦ

2499 5792 2543 5824 θ’
2573 5791 2701 5846 ibid.
2734 5793 2766 5847 4
