4110 6456
401 356 512 415 45³1

1255 348 1912 405 ΒΕΜΟΝΞΤΠᾹΤΙΟΝΙΞ
1951 344 2412 406 ΕῩΑΝΟΕΜΟΑΞ
2454 348 2581 405 LIB.
2621 345 2712 405 Vl.

3554 352 3661 408 458

398 473 466 527 ἐκ
502 470 637 526 Θεοῦ
683 468 864 531 ἐλέους
906 465 1259 537 τετυχηκότα,
1307 465 1403 519 καὶ
1438 464 1576 536 πρὸς
1618 463 1711 518 τοῦ
1740 464 1975 536 Χριστοῦ

2101 471 2169 519 :et
2192 466 2233 496 "
2264 483 2277 517 :
2321 462 2386 517 Et
2410 465 2694 534 plantavit,
2726 464 2922 535 inquit,
2967 478 3087 520 eam
3119 461 3381 519 Dominus
3408 462 3513 518 sibi
3531 464 3662 536 ipsi.

400 562 874 634 καταφυτευθέντα
901 558 1172 614 ὰειθαλέσι
1202 558 1387 627 φυτοῖς
1416 597 1431 621 ,
1456 556 1597 610 τοῦτ’
1630 556 1747 610 ἐστι
1783 556 1985 627 ψυχαῖς

397 654 582 727 ἇγίαις
596 655 690 710 καὶ
706 652 880 723 φωτὸς
897 653 1234 724 θρεπτικαῖς,
1250 648 1387 714 οἵαις
1416 667 1476 703 τε
1497 649 1644 718 λέγει
1660 666 1673 678 ο
1700 669 1718 700 ι
1754 647 1896 717 Ἑγώ
1917 666 1976 701 τε

398 748 532 805 ὠσεὶ
553 743 710 801 ἐλαία
739 746 1085 817 κατάκαρπος
1100 745 1158 797 ἐν
1171 742 1249 814 τῷ
1260 742 1393 814 οἴκῳ
1411 738 1506 794 τοῦ
1526 739 1683 794 Θεοῦ.
1708 761 1725 793 ι
1744 740 1916 794 Τοῦτο
1930 740 1987 794 δέ

399 839 464 893 τδ
490 836 596 892 τῶν
624 832 851 890 Ἐλαιῶν
879 833 1001 906 ὅρος
1018 829 1301 887 κατέναντι
1337 828 1434 901 τῆς
1476 829 1831 901 Ἰερουσαλὴμ
1848 825 1986 882 εἶναι

396 928 649 988 λέλεκται
666 946 680 961 ·
709 928 1006 1000 ἐπειδήπερ
1026 927 1146 980 ἀντὶ
1160 922 1259 993 τῆς
1276 923 1508 986 παλαιᾶς
1524 922 1767 990 ἐπιγείου
1794 922 1860 973 ’ῐε
1870 938 1989 992 ρου-

404 1023 604 1095 σαλὴμ,
620 1023 713 1076 καὶ
732 1020 833 1092 τῆς
858 1022 917 1074 ἐν
940 1019 1077 1091 αὐτῇ
1102 1017 1394 1090 θρησκείας
1421 1014 1650 1084 συνέστη
1667 1013 1745 1085 τῷ
1759 1013 1876 1085 Θεῷ
1903 1031 1989 1084 με·

401 1115 473 1169 τὰ
493 1114 696 1186 τὴντῆς
727 1111 1081 1185 Ἰερουσαλὴμ
1107 1108 1651 1180 καθαίρεσιν.Φήσας
1690 1102 1821 1175 γοῦν
1852 1107 1992 1158 ὰνωι-

402 1204 544 1276 τέρω
570 1204 598 1256 ό
626 1201 782 1271 λόγος
816 1199 945 1271 περὶ
982 1195 1083 1270 τῆς
1121 1194 1474 1268 Ἰερουσαλὴμ
1495 1234 1509 1258 ,
1539 1194 1613 1258 ῶς
1646 1212 1665 1244 ι
1702 1190 1992 1245 Ἀλώσεται

401 1296 437 1368 ἢ
456 1295 628 1359 πόλις,
647 1295 744 1348 καὶ
761 1293 828 1346 τὰ
845 1292 937 1363 ἐχθ
947 1291 1014 1363 ρὰ
1037 1291 1131 1344 καὶ
1152 1289 1387 1360 πολέμια
1409 1287 1535 1359 ἔθνη
1592 1284 1991 1357 συναχθήσεται

405 1388 491 1441 ἐπ’
521 1386 688 1458 αὐτὴν
715 1426 730 1450 ,
765 1385 859 1439 καὶ
917 1382 1392 1454 διαμερισθήσεται
1427 1379 1498 1433 τὰ
1532 1380 1704 1433 σκῦλα
1740 1376 1930 1449 αὐτῆς,
1967 1398 1987 1430 ι

404 1476 631 1542 εἰκότως
681 1478 782 1530 οὐκ
827 1475 920 1529 ἐπὶ
964 1474 1065 1545 τῆς
1111 1470 1465 1545 Ἰερουσαλὴμ
1513 1470 1640 1534 τοὺς
1685 1471 1853 1533 πόδας
1900 1468 1992 1522 τοῦ

407 1573 613 1644 Κυρίου
668 1565 958 1641 στήσεσθαῖ
1006 1584 1157 1637 φησι.
1192 1562 1315 1628 Πῶς
1356 1563 1466 1635 γὰρ
1513 1565 1608 1618 καὶ
1659 1558 1770 1617 οἷόν
1813 1578 1871 1615 τε
1903 1558 1992 1633 ἦν,

411 1662 560 1728 ἅπαξ
596 1658 1016 1735 καθῃρημένης;
1050 1655 1417 1711 Μεταϐόιντων
1440 1655 1496 1707 δὲ
1528 1655 1585 1720 ἐξ
1614 1655 1783 1725 αὐτῆς
1820 1652 1911 1706 ἐπὶ
1935 1654 1996 1706 τὸ
2027 1693 2030 1696 .

409 1747 671 1820 ἄντικρυς
738 1746 838 1817 τῆς
905 1744 1253 1818 Ἰερουσαλήμ
1347 1743 1473 1815 ὅρος
1535 1743 1597 1796 τὸ
1666 1742 1995 1813 καλούμενον

2085 557 2477 626 propemodum
2534 572 2633 627 per
2693 557 3030 627 prophetiam
3095 556 3285 612 dicens
3330 575 3345 611 :
3388 578 3407 609 ι
3447 556 3660 614 Olivam

2088 647 2393 717 Speciosam
2462 649 2778 705 umbrosam
2849 649 3064 704 vocavit
3123 647 3388 705 Dominus
3460 665 3661 706 nomen

2089 747 2243 792 tuum
2262 739 2329 792 θ’.
2367 757 2387 790 ι
2420 736 2716 809 Postquam
2764 739 2909 793 enim
2938 740 3087 811 prior
3133 739 3309 804 vinea,
3343 754 3468 795 cum
3495 741 3663 798 debe—

2087 839 2171 885 ret
2203 829 2382 885 facere
2411 845 2595 894 uvam,
2628 830 2756 885 fecit
2785 832 2992 902 spinas,
3024 848 3202 905 neque
3226 832 3530 903 justitiam,
3557 831 3657 889 sed

2087 921 2402 983 clamorem,
2455 924 2652 975 merito
2683 929 2942 991 tanquam
2982 924 3101 993 ejus
3152 940 3273 996 qua:
3317 923 3662 981 infructuosa

2089 1018 2255 1075 esset,
2303 1025 2487 1081 sepem
2519 1011 2774 1067 auferens
2818 1028 2881 1067 ac
2922 1015 3181 1083 parietem
3213 1014 3379 1081 Deus,
3414 1014 3666 1073 tradens-

2089 1118 2196 1171 que
2221 1116 2338 1156 eam
2362 1101 2604 1156 inimicis
2637 1103 2703 1157 ad
2733 1102 3096 1173 diripiendum
3118 1115 3172 1160 et
3200 1108 3661 1176 conculcandum,

2090 1191 2257 1262 288
2283 1191 2426 1246 sicut
2460 1190 2518 1244 in
2564 1190 2718 1247 Isaia:
2759 1195 3043 1264 prephetia
3085 1197 3293 1251 dictum
3340 1205 3444 1262 est,
3494 1199 3661 1253 alium

2090 1284 2209 1361 ipse
2239 1282 2343 1339 sibi
2381 1298 2572 1353 agrum
2601 1284 2889 1338 constituit
2919 1286 2974 1340 in
2999 1289 3276 1359 praesenti,
3313 1290 3456 1359 quod
3486 1289 3659 1343 olive-

2091 1384 2207 1430 tum
2250 1379 2585 1441 nominatur,
2630 1380 2787 1448 quasi
2826 1395 2949 1434 eum
3001 1380 3095 1449 qui
3131 1380 3312 1435 oleum
3365 1387 3417 1435 et
3448 1381 3666 1436 miscri-

2092 1467 2335 1522 cordiam
2369 1483 2398 1520 a
2430 1466 2541 1522 Deo
2571 1466 2644 1521 sit
2683 1477 3031 1530 consecutus,
3062 1475 3116 1523 et
3145 1483 3176 1522 a
3210 1468 3432 1523 Christo
3461 1469 3665 1540 plantis

2094 1574 2310 1629 semper
2338 1558 2644 1614 virentibus
2679 1560 2946 1623 consitus,
2981 1560 3084 1615 hoc
3119 1567 3225 1626 est,
3256 1561 3462 1617 sanctis
3492 1562 3667 1616 lucis-

2093 1667 2200 1722 que
2239 1651 2525 1708 altricibus
2557 1653 2777 1716 animis,
2812 1653 3011 1722 quibus
3052 1652 3213 1708 liceat
3248 1652 3471 1708 dicere:
3500 1672 3519 1703 ι
3552 1653 3668 1726 Ego

2095 1751 2275 1798 autem
2318 1742 2462 1799 sicut
2503 1744 2643 1798 oliva
2684 1741 2965 1797 fructifera
2997 1743 3053 1797 in
3080 1743 3241 1799 domo
3283 1742 3377 1800 Dei
3402 1745 3471 1795 ⁸³.
3509 1764 3529 1797 ι
3562 1744 3664 1799 Hic

418 1839 670 1905 Ἐλαιῶν,
701 1836 932 1892 ἐνταῦθα
959 1836 1248 1909 στήσεσθαι
1280 1836 1541 1890 διδάσκει.
1575 1835 1744 1889 Τοῦτο
1766 1835 1821 1888 δέ
1846 1837 1937 1889 καὶ
1965 1838 1993 1888 ό

2101 1850 2222 1891 vero
2259 1833 2541 1889 Olivarum
2589 1850 2750 1890 mons
2779 1844 2969 1890 contra
3011 1834 3311 1891 Jerusalem
3367 1852 3490 1893 esse
3530 1836 3669 1892 dici-

414 1932 700 2003 προφήτης
741 1927 995 1998 Ἰεζεκιὴλ
1060 1925 1138 1997 τῷ
1194 1926 1323 1998 θείῳ
1372 1926 1650 1998 Πνεῦματι
1711 1925 1993 1998 προλαϐὼν

417 2020 629 2092 θεωρεῖ.
658 2020 894 2089 Λέγειδέ
922 2014 1013 2073 οῦν
1040 2036 1052 2050 ·
1086 2038 1104 2071 ι
1146 2020 1257 2073 Καὶ
1287 2019 1447 2090 ἐξῆρε
1497 2019 1564 2072 τὰ
1596 2019 1879 2090 χερουϐὶμ,
1904 2021 1996 2072 καὶ

416 2110 466 2162 οἱ
516 2110 694 2180 τροχοὶ
738 2108 980 2178 ἐχόμενοι
1032 2108 1246 2161 αὐτῶν·
1319 2108 1413 2160 καὶ
1454 2110 1486 2178 ἡ
1536 2105 1661 2170 δόξα
1717 2105 1851 2158 Θεοῦ
1897 2106 1996 2157 Ἰσ-

414 2199 556 2271 ραὴλ
586 2196 653 2271 ῆν
697 2200 782 2252 ἐπ’
810 2200 1014 2263 αὐτοῖς,
1069 2199 1324 2271 ὑπεράνω
1373 2196 1555 2250 αὐτῶν
1575 2236 1588 2259 ,
1620 2198 1714 2250 καὶ
1746 2196 1911 2266 ἀνέϐη
1961 2198 1995 2268 ή

411 2289 543 2353 δόξα
563 2289 767 2362 Κυρίου
803 2291 866 2343 ἐκ
901 2291 1066 2361 μέσου
1091 2291 1190 2361 τῆς
1223 2289 1433 2352 πόλεως
1453 2329 1467 2353 ,
1496 2289 1593 2341 καὶ
1626 2287 1752 2359 ἔστη
1786 2288 1877 2341 ἐπὶ
1902 2288 1996 2341 τοῦ

410 2380 573 2453 ὅρους
608 2381 637 2434 ὃ
679 2377 747 2453 ἦν
789 2382 1048 2435 ἀπέναντι
1092 2383 1189 2454 τῆς
1234 2382 1458 2445 πόλεως.
1495 2399 1514 2431 ι
1549 2380 1723 2450 Ὅπερ
1752 2381 1868 2433 ἐστι
1906 2382 1998 2433 καὶ

416 2471 591 2536 ἄλλως
643 2473 780 2544 πρὸς
839 2472 985 2537 λέξιν
1029 2475 1161 2545 όρᾷν
1208 2472 1636 2544 πεπληρωμένον
1690 2471 1855 2525 εἰσέτι
1904 2472 1999 2526 καὶ

420 2563 691 2635 σήμερον,
733 2564 843 2619 τῶν
885 2565 966 2628 είς
1005 2566 1242 2636 Χριστὸν
1279 2562 1716 2618 πεπιστευκότων
1748 2563 1999 2617 ἁπάντων

414 2655 751 2726 ’πανταχόθεν
796 2656 898 2728 γῆς
956 2657 1356 2728 συντρεχόντων
1382 2699 1396 2723 ,
1444 2657 1542 2727 οὐχ
1592 2655 1667 2719 ὡς
1704 2655 1870 2709 πάλαι
1902 2655 1999 2725 τῆς

423 2746 566 2800 κατὰ
611 2747 710 2818 τὴν
767 2748 1124 2822 Ἰερουσαλὴμ
1172 2749 1400 2818 ἀγλαΐας
1448 2749 1610 2802 ἕνεκα
1629 2789 1644 2812 ,
1702 2749 1810 2802 οὐδ’
1860 2746 2001 2803 ὥστε

421 2839 795 2910 προσκυνῆσαι
820 2842 876 2893 ἐν
899 2839 976 2911 τῷ
1002 2840 1167 2894 πάλαι
1186 2839 1477 2893 συνεστῶτι
1494 2839 1586 2891 ἐπὶ
1607 2840 1705 2911 τῆς
1732 2840 2001 2911 Ἰερουσα-

416 2928 535 3002 λὴμ
583 2931 917 3003 ἁγιάσματι,
976 2932 1264 2985 καταλῦειν
1306 2933 1363 2985 δὲ
1411 2931 1596 2986 ἕνεκεν
1646 2932 1882 3004 ἱστορίας
1941 2947 2004 2984 τε

417 3022 558 3092 ’ὁμοῦ
592 3023 690 3092 τῆς
722 3024 864 3078 κατὰ
902 3024 1000 3095 τήν
1038 3024 1376 3095 προφητείαν
1424 3024 1678 3087 ἁλώσεως
1727 3024 1821 3077 καὶ
1870 3025 2002 3095 ἐρη-

426 3111 558 3184 μίας
608 3115 706 3185 τῆς
765 3115 1149 3187 Ἰερουσαλὴμ,
1196 3116 1289 3170 καὶ
1339 3116 1438 3187 τῆς
1490 3116 1583 3169 ἐπὶ
1623 3114 1686 3168 τὸ
1738 3116 1859 3187 όρος
1897 3114 2006 3170 τῶν

2096 1937 2208 1993 tur,
2242 1927 2501 1998 quoniam
2536 1927 2591 1982 in
2623 1929 2803 1983 locum
2824 1928 3026 1984 veteris
3068 1943 3133 1983 ac
3190 1936 3421 1985 terrenae
3447 1928 3670 1986 Jerusa-

2094 2021 2223 2083 lem,
2274 2035 2337 2073 ac
2377 2019 2657 2090 religionis
2689 2035 2810 2090 quae
2840 2021 2894 2074 in
2925 2020 3018 2075 illa
3060 2021 3401 2084 servabatur,
3448 2037 3668 2077 succes-

2097 2114 2187 2181 sit,
2219 2120 2274 2167 et
2304 2128 2333 2165 a
2367 2112 2477 2168 Deo
2548 2114 2884 2168 constitutus
2909 2120 3011 2177 est,
3051 2121 3177 2182 post
3206 2113 3420 2167 ruinam
3446 2112 3670 2170 Jerusa-

2097 2205 2223 2261 lem.
2264 2202 2399 2259 Cum
2433 2219 2597 2275 supra
2656 2204 2822 2273 igitur
2853 2204 3134 2258 oraculum
3181 2204 3379 2258 dixerit
3404 2203 3473 2259 de
3505 2203 3669 2260 Jeru-

2100 2296 2290 2359 salem,
2335 2314 2354 2347 ι
2400 2294 2546 2366 quod
2578 2294 2770 2350 civitas
2812 2295 3078 2364 capietur,
3129 2293 3383 2364 quodque
3441 2294 3670 2352 hostiles

2099 2394 2262 2457 atque
2303 2386 2538 2440 inimicat
2583 2394 2774 2456 gentes
2823 2387 3147 2440 convenient
3191 2384 3453 2439 adversus
3522 2401 3668 2449 eam,

2099 2486 2154 2533 et
2180 2478 2350 2549 spolia
2378 2477 2498 2547 ejus
2520 2477 2851 2540 dividentur,
2887 2496 2906 2528 ι
2931 2479 3124 2532 merito
3155 2492 3267 2531 non
3287 2477 3341 2531 in
3367 2475 3670 2533 Jerusalem

2103 2569 2268 2641 pedes
2303 2568 2519 2623 Domini
2550 2575 2794 2624 staturos
2831 2567 2997 2637 dicit;
3022 2568 3118 2640 qui
3147 2568 3293 2623 enim
3333 2566 3387 2621 id
3423 2566 3543 2622 fieri
3576 2582 3673 2638 po.

2103 2660 2320 2725 tuisset,
2349 2675 2473 2716 cum
2501 2674 2566 2715 ea
2597 2659 2765 2714 semel
2791 2659 3004 2713 sublata
3037 2660 3221 2717 esset?
3252 2657 3356 2714 Sed
3389 2659 3675 2730 migranti-

2106 2751 2210 2807 bus
2253 2752 2323 2807 ab
2357 2766 2421 2806 ea
2452 2750 2508 2805 in
2575 2757 2817 2807 montem
2858 2751 2953 2822 qui
3009 2758 3094 2808 est
3125 2758 3314 2806 contra
3348 2750 3673 2815 Jerusalem,

2104 2845 2197 2914 qui
2248 2842 2535 2900 Olivarum
2586 2852 2834 2907 vocatur,
2881 2843 2956 2899 ibi
3002 2852 3244 2899 staturos
3298 2842 3477 2907 docet,
3524 2841 3674 2913 quod

2104 2934 2268 2988 etiam
2300 2934 2565 3004 propheta
2600 2932 2871 3000 Ezechiel,
2902 2932 3088 2986 divino
3130 2940 3256 2987 ante
3302 2930 3506 3002 Spiritu
3540 2930 3677 2987 edo-

2102 3032 2250 3091 ctus,
2293 3025 2728 3096 contemplatur;
2770 3024 2905 3079 dicit
2949 3012 3095 3080 enim
3130 3043 3143 3078 :
3182 3043 3200 3074 ‹
3234 3023 3299 3077 Ει
3322 3024 3676 3079 elevaverunt

2105 3117 2390 3173 cherubim
2420 3117 2537 3171 alas
2569 3131 2719 3179 suas,
2752 3124 2807 3172 et
2844 3124 2997 3180 rotae,
3030 3131 3152 3186 quas
3183 3116 3265 3171 eis
3302 3115 3672 3176 adhaerebant.

432 3198 663 3257 Ἐλαιῶν
701 3204 762 3257 τὸ
817 3205 1100 3259 κατέναντι
1156 3204 1514 3276 Ἰερουσαλὴμ
1558 3205 1999 3275 προσκυνήσεως,

2105 3215 2160 3262 et
2183 3207 2361 3278 gloria
2395 3205 2489 3261 Dei
2522 3205 2688 3262 Israel
2720 3214 2837 3261 erat
2868 3221 3035 3276 super
3067 3207 3168 3271 eis,
3198 3213 3253 3260 et
3289 3205 3537 3261 ascendit
3559 3205 3677 3276 glo-

422 3294 557 3349 IvOa.
591 3297 625 3365 ή
652 3295 778 3360 δόξα
806 3296 1011 3368 Κυρίου
1054 3297 1285 3368 μετέστη
1330 3295 1698 3365 καταλείψασα
1728 3295 1826 3366 τὴν
1872 3313 2004 3368 προ-

424 3385 590 3460 τέραν
615 3388 786 3442 πόλιν.
818 3389 1093 3459 Ἔστησαν
1118 3388 1174 3441 δὲ
1204 3382 1421 3459 ἀληθῶς
1451 3387 1545 3440 καὶ
1577 3386 1716 3441 κατὰ
1741 3386 1838 3458 τὴν
1868 3386 2004 3459 πρό-

425 3495 610 3551 χειρον
647 3481 739 3532 καὶ
771 3479 940 3552 ῥητὴν
972 3480 1225 3550 διήγησιν
1262 3480 1311 3531 οἱ
1339 3478 1497 3542 πόδες
1531 3477 1624 3531 τοῦ
1664 3478 1872 3549 Κυρίου
1910 3479 2005 3532 καὶ

422 3569 678 3642 Σωτῆρος
705 3570 884 3641 ήμῶν,
916 3568 1079 3624 αὐτοῦ
1111 3570 1177 3641 δὴ
1201 3569 1294 3622 τοῦ
1320 3569 1515 3637 Λόγου,
1534 3568 1601 3621 δι’
1627 3563 1688 3623 οὗ
1718 3569 2006 3638 ἀνείληφεν

428 3660 767 3733 ἀνθρωπείου
834 3663 1063 3733 σκήνους
1116 3662 1209 3714 ἐπὶ
1254 3660 1347 3714 τοῦ
1388 3661 1549 3731 ὅρους
1591 3659 1699 3712 τῶν
1742 3659 1967 3714 Ἐλαιῶν
1987 3700 2003 3724 ,

422 3752 568 3824 πρὸς
610 3752 687 3824 τῷ
717 3753 902 3807 αὐτόθι
934 3753 1268 3825 δεικνυμένῳ
1307 3752 1586 3824 σπηλαίῳ,
1617 3750 1911 3821 εὐξαμένου
1945 3769 2005 3805 τε

428 3844 525 3897 καὶ
556 3847 670 3907 τοῖς
702 3844 893 3898 ἑαυτοῦ
924 3844 1191 3914 μαθηταῖς
1214 3846 1306 3897 ἐπὶ
1331 3845 1429 3914 τῆς
1454 3843 1764 3914 ἀκρωρείας
1785 3842 2006 3897 τοῦκτῶν

435 3933 668 3987 Ἐλαιῶν
735 3934 892 4006 ὅρους
940 3935 1009 3988 τὰ
1056 3937 1185 4007 περὶ
1235 3936 1336 4005 τῆς
1379 3935 1686 3998 συντελείας
1733 3936 2007 4007 μυστήρια

430 4026 890 4098 παραδεδωκότος,
926 4026 1170 4080 ἐντεῦθέν
1201 4044 1260 4080 τε
1289 4027 1388 4096 τὴν
1414 4029 1494 4090 είς
1531 4027 1791 4097 οὐρανοὺς
1822 4027 2005 4080 ἄνοδον

431 4117 818 4189 πεποιημένου,
846 4117 920 4182 ὡς
947 4119 975 4170 ὁ
997 4120 1208 4181 Λουκᾶς
1228 4119 1286 4170 ἐν
1307 4121 1427 4181 ταῖς
1446 4117 1705 4185 Πράξεσι
1720 4118 1837 4171 τῶν
1862 4120 2007 4173 ἀπο-

428 4212 939 4277 στόλωωδιδόισκει,
954 4214 1196 4283 φάσκων⁹
1221 4234 1238 4264 ι
1251 4214 1560 4268 Βλεπόντων
1576 4215 1752 4268 αὐτῶν
1773 4215 2005 4288 ἐπήρθη,

424 4307 528 4359 καὶ
567 4304 762 4375 νεφέλη
793 4305 1061 4360 ὑπέλαϐεν
1100 4307 1262 4360 αὐτὸν
1294 4307 1401 4359 ἀπὸ
1432 4306 1539 4359 τῶν
1583 4306 1875 4378 ὀφθαλμῶν
1912 4308 2008 4360 αὑ-

426 4394 563 4449 τῶν.
593 4396 704 4450 Καὶ
731 4395 809 4459 ’ὡς
838 4396 1175 4461 ἀτενίζοντες
1212 4392 1353 4468 ἦσαν
1396 4399 1476 4461 είς
1518 4399 1608 4451 τὸν
1656 4399 1882 4470 οὐρανὸν
1914 4415 2008 4452 πο-

435 4487 725 4560 ρευομένου
755 4488 941 4552 αὐτοῦ,
962 4490 1055 4543 καὶ
1082 4489 1191 4543 ἰδοὺ
1221 4490 1410 4563 ἄνδρες
1429 4490 1520 4544 δύο
1548 4492 2004 4563 παρειστήκεισαν

429 4578 615 4643 αὐτοῖς
646 4581 704 4633 ἐν
730 4580 915 4652 ἐσθῆσι
947 4580 1184 4647 λευκαῖς,
1220 4583 1269 4635 οἳ
1298 4584 1392 4637 καὶ
1422 4580 1600 4636 εἷπον·
1639 4584 1865 4655 ’Ἄνδρες
1903 4584 2005 4635 Γα-

430 4669 660 4736 λιλαῖοι,
700 4672 755 4724 τί
809 4674 1076 4744 ἑστήκατε
1127 4672 1413 4743 βλέποντες
1460 4677 1541 4737 εἰς
1608 4674 1699 4728 τὸν
1743 4674 2004 4745 οὺρανόνς

430 4757 602 4827 Οὗτος
643 4764 673 4817 ό
707 4763 942 4834 Ἰησοῦς,
990 4765 1018 4817 ό
1067 4764 1394 4835 ἀναληφθεὶς
1448 4765 1540 4835 ἀφ’
1592 4764 1743 4836 ὑμῶν
1791 4768 1872 4828 εἰς
1916 4765 2008 4819 τὸν

432 4852 681 4925 οὐρανὸν,
714 4853 886 4918 οὕτως
917 4855 1215 4919 ἐλεύσεται,
1251 4856 1310 4909 ὃν
1343 4857 1543 4928 τρόπον
1575 4856 1871 4910 ἐθεάσασθε
1905 4857 2006 4910 αὐ-

428 4945 526 4999 τὸν
553 4946 911 5016 πορευόμενον
947 4950 1027 5010 είς
1049 4948 1140 5001 τὸν
1171 4949 1414 5020 οὐρανόν.
1448 4967 1468 4999 ι
1502 4943 1599 5012 Οἷς
1633 4949 1882 5019 ἐπιφέρει
1912 4949 2007 5001 λέ-

430 5052 547 5106 γων
569 5052 583 5065 ·
608 5053 627 5086 ι
651 5036 782 5089 Τότε
812 5038 1157 5110 ὑπέστρεψαν
1190 5041 1270 5103 είς
1313 5040 1664 5111 Ἰερουσαλὴμ
1709 5040 1817 5092 ἀπὸ
1849 5041 2007 5110 ὄρους

396 5126 530 5182 ’τοῦ
557 5126 888 5197 καλουμένου
925 5129 1242 5194 Ἐλαιῶνος,
1272 5133 1300 5184 ὅ
1331 5133 1448 5184 ἐστι
1482 5131 1768 5184 κατέναντι
1811 5132 2006 5202 Ἰερου-

437 5218 641 5290 σαλήμ.
677 5235 696 5270 t
724 5220 880 5272 Ἐστι
938 5221 1034 5290 μὲν
1083 5217 1175 5275 οῦν
1204 5223 1298 5276 καὶ
1342 5224 1479 5294 πρὸς
1528 5224 1672 5290 λέξιν
1725 5225 2009 5279 κατέναντι

445 5308 820 5383 Ἰερουσαλὴμ,
856 5312 948 5364 καὶ¹
988 5310 1046 5379 ἐξ
1084 5313 1352 5372 ἀνατολῶν
1398 5316 1565 5386 αὐτῆς
1592 5316 1654 5369 τὸ
1679 5316 2007 5387 δηλούμενον

435 5400 547 5455 τῶν
584 5402 808 5456 Ἐλαιῶν
849 5402 992 5475 ὅρος.
1034 5403 1181 5475 Πλὴν
1211 5403 1345 5458 ἀλλὰ
1384 5406 1523 5458 κατὰ
1566 5409 1663 5477 τὴν
1711 5407 1946 5461 διάνοιαν
1972 5411 2006 5479 ἡ

439 5492 570 5562 ἁγία
612 5492 850 5566 Χριστοῦ
888 5493 1214 5565 Ἐκκλησία,
1266 5495 1359 5548 καὶ
1395 5495 1456 5547 τὸ
1494 5495 1618 5567 όρος
1662 5497 1745 5565 ἐφ’
1788 5490 1833 5564 ᾧ
1857 5496 2010 5550 τεθε-

442 5583 734 5655 μελίωται,
781 5586 911 5659 περὶ
965 5579 1025 5641 οὗ
1055 5585 1297 5639 διδάσκει
1349 5585 1521 5655 λέγων
1564 5587 1592 5639 ὁ
1621 5587 1842 5659 Σωτήρ*
1888 5607 1907 5638 ι
1934 5589 2009 5642 Οὐ

2105 3300 2189 3354 ria
2232 3297 2445 3353 Domini
2477 3297 2545 3354 de
2584 3297 2764 3353 medio
2802 3296 3062 3359 civitatis,
3114 3303 3171 3349 et
3206 3296 3353 3349 stetit
3377 3297 3433 3350 in
3469 3301 3673 3359 monte,

2106 3393 2201 3463 qui
2237 3403 2323 3448 est
2363 3400 2550 3448 contra
2591 3389 2869 3445 civitatem
2891 3387 2960 3441 ³⁸.
2992 3406 3011 3437 ι
3043 3385 3197 3452 Quod
3243 3386 3463 3455 quidem
3518 3387 3679 3440 aliter

2107 3498 2325 3555 quoque
2357 3483 2485 3536 licet
2518 3481 2717 3535 intueri
2750 3479 3075 3546 completum
3105 3476 3171 3531 ad
3207 3477 3433 3531 verbum
3456 3478 3678 3547 quando

2107 3576 2269 3630 hodie
2297 3588 2515 3644 quoque
2537 3586 2750 3635 omnes,
2780 3571 3092 3641 quicunque
3117 3569 3326 3625 Christi
3356 3568 3676 3640 religionem

2107 3682 2232 3720 cum
2277 3664 2382 3720 ﬁde
2421 3662 2783 3732 susceperint,
2815 3675 2884 3715 ex
2936 3658 3191 3715 omnibus
3238 3665 3401 3714 terra:
3430 3658 3679 3730 partibus

2108 3765 2464 3821 concurrunt,
2504 3770 2613 3808 non
2653 3761 2712 3807 ut
2740 3752 3015 3822 quondam
3046 3740 3200 3805 festa
3226 3748 3510 3819 cujusdam
3541 3749 3677 3805 laeti-

2109 3852 2198 3905 tize
2226 3850 2420 3920 gratia,
2450 3862 2570 3917 quae
2609 3846 2663 3899 in
2691 3843 2990 3899 Jerusalem
3055 3841 3378 3904 celebretur,
3415 3855 3592 3910 neque
3618 3850 3678 3895 ut

2110 3942 2336 3996 adorent
2365 3940 2421 3994 in
2459 3955 2546 4002 eo,
2612 3937 2757 4007 quod
2800 3935 2928 3988 olim
2964 3933 3019 3986 in
3061 3931 3361 3987 Jerusalem
3409 3932 3678 3986 constitu-

2108 4041 2223 4087 tum
2257 4031 2457 4094 fuerat,
2489 4028 2828 4092 sanctuario,
2870 4023 2963 4079 sed
2997 4033 3054 4077 ut
3083 4022 3430 4078 diversentur
3452 4035 3574 4075 cum
3608 4020 3677 4073 ad

2110 4106 2497 4180 sciscitandum
2535 4121 2603 4175 de
2631 4117 3033 4189 expugnatione
3094 4122 3149 4170 et
3185 4112 3479 4167 solitudine
3519 4110 3678 4166 Jeru—

2110 4217 2298 4281 salem,
2321 4229 2482 4284 quam
2511 4210 2798 4283 prophetia
2823 4207 3170 4279 praedixerat,
3191 4212 3310 4259 tum
3336 4212 3395 4258 ut
3419 4205 3476 4258 in
3495 4212 3678 4258 monte

2110 4306 2407 4374 Olivarum,
2442 4306 2536 4375 qui
2578 4313 2664 4360 est
2717 4308 2909 4357 contra
2942 4296 3267 4361 Jerusalem,
3303 4297 3550 4360 adorent,
3584 4294 3678 4349 ubi

2109 4400 2280 4471 gloria
2328 4396 2541 4452 Domini
2586 4400 2920 4450 commutata
2967 4399 3087 4455 est,
3118 4398 3423 4461 postquam
3480 4387 3681 4444 delevit

2110 4489 2348 4557 priorem
2378 4485 2676 4541 civitatem.
2709 4480 2851 4537 Vere
2870 4492 3053 4536 autem
3086 4487 3141 4536 et
3176 4479 3480 4539 secundum
3509 4492 3679 4549 expo-

2109 4578 2271 4634 sitam
2311 4586 2478 4646 atque
2526 4576 2594 4630 ad
2645 4574 2873 4630 verbum
2916 4582 3198 4644 acceptam
3251 4570 3674 4632 enarrationem,

2110 4668 2275 4738 pedes
2326 4666 2542 4722 Domini
2601 4673 2654 4720 et
2703 4665 3007 4721 Salvatoris
3068 4662 3283 4730 nostri,
3338 4662 3511 4732 ipsius
3570 4661 3680 4714 uti-

2107 4774 2215 4829 que
2261 4757 2358 4814 Dei
2410 4757 2613 4821 Verbi,
2655 4773 2752 4827 per
2817 4757 2873 4812 id
2936 4757 3080 4828 quod
3114 4754 3431 4823 assumpsit
3480 4752 3676 4806 huma-

2109 4866 2239 4905 num
2302 4864 2501 4919 corpus
2526 4889 2542 4914 ,
2598 4849 2653 4902 in
2714 4858 2900 4904 monte
2957 4848 3235 4902 Olivarum
3283 4851 3551 4900 steterunt
3612 4843 3676 4895 ad

2111 4943 2424 5013 speluncam
2483 4956 2605 5011 quae
2647 4940 2720 4995 ibi
2777 4940 2994 4996 ostendi
3052 4937 3223 5000 solet,
3273 4943 3328 4990 et
3374 4950 3482 5005 quo
3526 4940 3678 4987 ‘tem-

2110 5052 2245 5107 pore
2274 5037 2473 5100 oravit,
2519 5044 2573 5091 et
2621 5050 2746 5089 cum
2788 5034 2904 5089 suis
2943 5030 3228 5103 discipulis
3271 5028 3329 5081 in
3368 5026 3488 5094 ejus
3521 5040 3677 5079 mon-

2112 5132 2182 5187 tis
2224 5130 2542 5195 cacumine,
2604 5127 2865 5199 mysteria
2927 5124 2996 5180 de
3040 5119 3513 5179 consummatione
3566 5124 3678 5169 tra-

2111 5221 2250 5276 didit
2277 5240 2291 5275 :
2315 5235 2382 5276 ex
2422 5219 2612 5276 eodem
2638 5224 2902 5289 praeterea
2930 5221 3116 5269 monte
3156 5214 3211 5267 in
3240 5210 3437 5266 oculum
3481 5221 3676 5262 ascen-

2111 5314 2222 5377 dit,
2280 5310 2738 5383 quemadmodum
2788 5308 2965 5363 Lucas
3014 5306 3073 5361 in
3133 5302 3275 5357 Actis
3318 5300 3679 5369 apostolorum

2109 5403 2277 5474 289
2326 5402 2505 5465 docet,
2553 5415 2680 5456 cum
2724 5399 2818 5465 ait,
2861 5398 3015 5452 illum
3048 5394 3131 5469 [in
3163 5400 3347 5447 monte
3374 5387 3676 5461 Olivarum]

2108 5494 2372 5566 apostolis
2404 5493 2523 5548 suis
2563 5500 2619 5548 et
2665 5491 3029 5562 prasentibus
3083 5494 3136 5542 et
3190 5484 3550 5547 intuentibus,
3586 5497 3681 5536 su-

2108 5587 2329 5641 blimem
2361 5585 2582 5647 abiisse,
2618 5583 2870 5652 nubeque
2886 5581 2954 5635 ab
2974 5578 3150 5636 oculis
3178 5590 3370 5631 eorum
3404 5574 3680 5630 sublatum

440 5672 658 5730 δύναται
687 5677 839 5742 πόλις
872 5677 1139 5751 κρυϐῆναι
1160 5675 1345 5730 ἐπάνω
1371 5676 1528 5747 ὅρους
1551 5677 1776 5747 κειμένη
1797 5716 1813 5742 ,
1852 5695 1872 5729 ι
1892 5677 2000 5731 ἀντί

2111 5676 2306 5742 fuisse,
2346 5676 2607 5746 ipsosque
2645 5672 2870 5727 intentis
2902 5670 3099 5736 oculis,
3133 5667 3226 5721 illo
3246 5666 3303 5720 in
3338 5668 3534 5721 cmlum
3582 5659 3682 5716 ab-

509 5833 554 5866 "
595 5831 751 5887 Rom.
785 5845 859 5893 χι,
895 5830 981 5884 1⁸7.
1058 5829 1103 5862 ”
1123 5827 1236 5884 Jer.
1271 5845 1347 5893 xu,
1380 5828 1467 5883 i6.
1543 5828 1587 5860 ’³
1621 5825 1764 5883 Psal.
1817 5843 1892 5893 LI,
1921 5827 2000 5881 10.

2101 5826 2129 5859 “
2151 5826 2345 5882 Ezech.
2368 5842 2454 5891 si,
2481 5824 2574 5889 29.,
2594 5823 2689 5877 €23.
2786 5882 2789 5887 _

761 5930 1035 5990 Ριτιιοι.
1080 5929 1195 5990 Gn.
1232 5927 1444 5994 ΧΧιι.

3337 5914 3411 5977 15
