4110 6442
400 380 503 436 ἄϋὶ

1295 377 1948 440 DEMONSTRATIONIS
1984 381 2444 442 EVANGELICIE
2472 387 2607 444 LIB.
2642 386 2731 444 Vl.

3554 398 3661 453 469-

401 498 879 572 ἐμιρραχθὴσεται.
916 517 935 551 ι
986 497 1123 553 Ἀνθ¹
1164 492 1240 555 ὧν
1286 503 1316 555 ὁ
1343 500 1639 573 Σύμμαχος
1686 502 1974 573 πεποίηκε·

2092 504 2174 557 ba:
2202 512 2365 558 erunt
2394 519 2514 575 qua:
2532 506 2648 575 jam
2693 506 2762 562 ad
2802 506 3067 561 malitiam
3107 509 3378 577 pertinent
3412 530 3426 567 :
3462 530 3482 563 ι
3512 515 3558 568 Α
3588 516 3671 570 fa-
3702 495 3709 569 δ

408 606 433 643 t
467 590 578 644 Καὶ
599 589 1040 663 ἐμφραχθήσεται
1064 592 1095 661 ἡ
1124 590 1344 661 φάραγξ
1369 591 1479 644 τῶν
1505 592 1676 663 ὀρέων
1698 610 1821 664 μου,
1854 611 1872 643 ι
1897 594 1989 646 καὶ

404 682 490 738 ἔτι
513 701 532 734 ι
558 686 734 753 ἐγγιεί
750 704 768 734 ο
795 685 829 755 ἡ
848 681 1064 754 φάραγξ
1077 682 1184 737 τῶν
1207 683 1382 755 ὀρέων
1408 684 1547 755 πρὸς
1564 684 1625 737 τὺ
1644 686 1988 757 παρακείμε-

402 789 521 839 νον,
548 794 569 825 ‹
590 775 687 829 καὶ
699 773 1143 846 ἐμφραχθήσεται
1159 792 1171 805 ’
1199 795 1218 826 ι
1238 776 1307 829 δι’
1328 769 1405 829 ὧν
1428 776 1726 848 παρίστησι
1741 778 1802 830 τὸ
1818 777 1989 830 αἴτιον

405 867 507 940 τῆς
534 867 939 939 ἐμφραχθείσης
979 869 1281 941 φάραγγος.
1318 871 1385 922 Τί
1420 870 1478 923 δὲ
1501 867 1570 942 ἦν
1603 872 1762 925 τοῦτο
1803 872 1920 926 ἀλλ’

401 957 473 1013 τὸ
514 959 728 1028 ἐγγίσαι
771 960 944 1031 αὐτὴν
994 961 1092 1013 καὶ
1136 962 1435 1031 πλησιάσαι
1470 962 1556 1033 ’τῷ
1600 966 1988 1037 παρακειμένῳ

397 1050 542 1122 αὐτῇ
564 1066 578 1114 ;
606 1048 766 1104 τοῦτο
792 1048 851 1104 δὲ
875 1047 943 1125 ἦν
969 1051 1032 1104 τὸ
1057 1051 1152 1105 τοῦ
1175 1053 1380 1125 Κυρίου
1402 1054 1527 1126 ὄρος
1548 1055 1610 1107 τὸ
1626 1056 1732 1109 τῶν
1763 1057 1986 1110 Ἐλαιῶν

402 1144 899 1215 προωνομασμένον
927 1185 943 1210 ,
998 1145 1135 1216 ὅπερ
1199 1145 1421 1213 Ἄσαὴλ
1466 1147 1780 1218 ὠνόμασται
1837 1150 1986 1222 παρὰ

397 1237 514 1298 τοῖς
536 1236 960 1308 Ἐδδομὴκοντα.
986 1235 1220 1305 Δηλοίδέ
1243 1237 1399 1290 τοῦτο
1420 1238 1562 1291 κατὰ
1587 1239 1685 1311 τὴν
1720 1240 1986 1312 Ἑϐραίων

397 1327 586 1398 φωνὴν
629 1329 879 1395 ποίησιν
924 1325 1093 1381 Θεοῦ.
1137 1327 1293 1381 Οὕτω
1334 1329 1428 1393 δὲ,
1479 1331 1673 1401 φησιν,
1700 1334 1734 1402 ἡ
1766 1331 1986 1386 ηπαλαιὰ

400 1419 621 1490 φάραγξ
642 1421 995 1491 πλησιάσασα
1019 1420 1096 1490 τῷ
1121 1420 1256 1493 ὄρει,
1289 1424 1381 1474 καὶ
1399 1424 1463 1494 τῇ
1489 1424 1724 1495 Χριστοῦ
1762 1426 1987 1495 Ἐκκλη-

400 1512 496 1584 σία
522 1552 535 1575 ,
571 1512 650 1579 τῷ
696 1529 757 1566 τε
811 1515 1074 1584 ποιήματι
1139 1512 1275 1566 Θεοῦ
1304 1554 1321 1577 ,
1391 1515 1841 1586 ἐμφραχθὴσεται
1892 1519 1983 1571 καὶ

400 1606 917 1677 ἀποκλεισθήσεται,
944 1606 1006 1659 ὃν
1030 1608 1230 1679 τρόπον
1259 1608 1535 1680 ἐνεερράγη
1554 1609 1662 1662 ἀπὸ
1691 1608 1982 1681 προσώπου

396 1696 497 1751 τοῦ
542 1698 799 1769 σεισμοῦ,
847 1699 906 1751 ἐν
949 1699 1183 1770 ἡμέραις
1243 1699 1417 1765 ὐζίου
1475 1700 1741 1770 βασιλέως
1792 1702 1979 1756 Ἰούδα.

401 1789 597 1859 Ζητῶν
623 1791 683 1842 δὲ
714 1793 844 1862 παρ’
873 1790 1116 1861 ἐμαυτῷ,
1145 1792 1238 1845 καὶ
1270 1790 1370 1854 τὰς
1397 1792 1548 1856 θείας
1581 1792 1806 1864 περιϊὼν
1842 1793 1983 1865 Γρα-

400 1882 533 1949 φὰς,
566 1883 620 1934 εἴ
657 1900 786 1936 ποτε
825 1884 883 1935 ἐν
912 1885 1029 1946 ταῖς
1064 1883 1299 1955 ἡμέραις
1339 1882 1514 1948 Ὀζίου
1557 1887 1590 1957 ἡ
1630 1883 1861 1938 ἐνταῦθα
1887 1886 1982 1957 δη·-

402 1974 640 2046 λουμένη
672 1974 883 2046 φάραγξ
922 1976 1196 2046 ἐνεφράγη
1245 1976 1355 2029 ἀπὸ
1396 1977 1688 2049 προσώπω
1729 1976 1824 2030 τοῦ
1874 1995 1983 2031 σει-

404 2067 569 2137 σμοῦ,
593 2068 648 2120 ἐν
675 2067 772 2136 μὲν
794 2070 910 2129 ταῖς
924 2067 1032 2121 τῶν
1066 2068 1681 2142 Βασιλειῶνίστορίαις
1707 2071 1859 2124 οὐδὲν
1886 2071 1984 2142 ηὖ-

401 2172 609 2227 ρισκον,
639 2158 757 2210 οὐδὲ
792 2158 1118 2229 σωματικῶς
1148 2176 1211 2227 γε
1236 2163 1357 2212 κατ’
1386 2160 1551 2212 αὐτὸν
1578 2161 1800 2231 σεισμὸς
1830 2179 1983 2230 γεγο-

392 2247 524 2313 νὼς,
557 2248 679 2302 οὔτε
710 2268 763 2304 τι
790 2251 999 2305 τοιοῦτο
1029 2253 1156 2323 περὶ
1202 2252 1485 2325 φάραγγος
1510 2255 1570 2307 ἐν
1608 2256 1797 2319 αὐταῖς
1826 2257 1980 2327 εἰρη-

394 2340 559 2411 μένον
606 2343 1039 2416 ἀναγέγραπται.
1098 2346 1413 2414 ’ἱστορεῖται
1444 2362 1512 2414 γε
1548 2345 1654 2417 μὴν
1695 2347 1876 2411 Ὀζίας
1922 2349 1980 2400 ἐν

390 2434 592 2508 ἀρχαῖς
614 2435 822 2501 δίκαιος
851 2439 1157 2507 γεγονέναι,
1187 2435 1306 2493 εἶτα
1328 2438 1682 2512 διαϐέϐληται
1702 2438 1780 2504 ὡς
1804 2441 1976 2511 ἐπαρ-

386 2524 512 2590 θεὶς
539 2529 605 2599 τῇ
637 2528 864 2600 διανοίᾳ,
906 2530 999 2583 καὶ
1022 2529 1089 2582 δι’
1130 2531 1296 2584 αὑτοῦ
1333 2530 1490 2585 θῦσαι
1521 2531 1601 2603 τῷ
1627 2532 1749 2603 Θεῷ
1776 2532 1977 2605 τολμή-

388 2635 515 2683 σας.
543 2620 636 2674 Διὸ
665 2623 756 2674 καὶ
776 2621 984 2693 λέπραν
1013 2622 1163 2691 αὐτῷ
1191 2622 1334 2677 κατὰ
1358 2624 1452 2677 τοῦ
1490 2624 1783 2695 προσώπου
1813 2622 1977 2695 ἀνθῆ-

394 2729 505 2765 σαι.
540 2712 711 2766 Τοῦτο
742 2714 838 2784 μὲν
860 2710 955 2768 οὖν
977 2716 1011 2786 ἡ
1035 2714 1211 2785 βίῦλος
1227 2716 1336 2769 τῶν
1359 2716 1691 2771 Βασίλειῶν
1708 2719 1976 2790 παρίστη-

395 2823 501 2860 σιν.
544 2807 602 2859 ’0
647 2806 704 2859 δέ
740 2823 803 2875 γε
848 2806 1115 2879 Ἰώσηπος
1155 2809 1250 2862 καί
1290 2807 1387 2871 τὰς
1435 2807 1634 2874 ἔξωθεν
1681 2810 1977 2876 Ἰουδαῖκὰς

380 2897 745 2970 δευτερώσεις
770 2898 1195 2969 ἀπηκριϐωκὼς,
1230 2900 1323 2954 ἆτε
1352 2900 1601 2972 Ἐϐραῖος
1622 2900 1681 2967 ἐξ
1711 2901 1977 2972 Ἐϐραίων

390 2991 697 3061 τυγχάνων,
728 2992 1029 3046 ἐπάκουσον
1059 2988 1147 3046 οἷα
1191 2993 1444 3061 γενέσθαι
1476 2993 1619 3047 κατὰ
1650 2994 1779 3058 τοὺς
1806 2993 1974 3048 αὑτοῦ

386 3082 546 3157 δηλοῖ
576 3085 824 3155 χρόνους,
852 3085 1049 3153 λέγων,
1091 3084 1168 3149 ὡς
1197 3086 1305 3154 ἄρα
1343 3105 1362 3136 ι
1405 3086 1856 3154 Κατεπειγόντων
1885 3086 1974 3140 τὸν

396 3176 589 3242 Ὃζίαν
620 3177 731 3230 τῶν
769 3178 960 3250 ἱερέων
994 3178 1194 3243 ἐξιέναι
1225 3179 1320 3233 τοῦ
1350 3180 1518 3252 ἱεροῦ,
1554 3182 1647 3233 καὶ
1688 3181 1763 3252 μὴ
1796 3198 1976 3252 παρα-

386 3272 581 3340 νομεῖν
621 3272 700 3334 εἰς
724 3272 815 3325 τὴν
839 3271 992 3338 Θεὸν,
1025 3271 1303 3344 ὀργισθεὶς
1334 3275 1630 3345 ἠπείλησεν
1661 3276 1842 3336 αὐτοῖς
1876 3274 1973 3328 θά-

387 3378 572 3430 νατον,
608 3365 656 3417 εἰ
697 3365 772 3436 μὴ
811 3365 911 3436 τὴν
953 3366 1182 3436 ἡσυχίαν
1227 3365 1467 3430 ἄξουσιν.
1508 3366 1730 3433 Μεταξὺ
1766 3367 1826 3420 δὲ
1868 3385 1976 3421 σει-

391 3453 531 3529 σμδς
554 3452 812 3525 ἐκλόνησε
861 3454 961 3525 τὴν
996 3455 1098 3524 γῆν
1123 3471 1136 3483 ·
1184 3454 1278 3507 καὶ
1322 3454 1637 3520 διαστάντος
1679 3455 1773 3509 τοῦ
1819 3456 1972 3520 ναοῦ,

391 3540 595 3611 φέγγος
619 3542 870 3614 λαμπρὸν
900 3543 1194 3615 ἐξέλαμψε,
1217 3546 1311 3598 καὶ
1338 3549 1402 3617 τῇ
1432 3547 1525 3600 τοῦ
1557 3547 1821 3616 βασιλέως
1851 3549 1973 3617 ὄψει

391 3636 750 3706 προσέπεσεν,
794 3637 872 3699 ὡς
901 3636 980 3708 τῷ
1014 3636 1113 3708 μὲν
1146 3637 1348 3703 εὐθέως
1377 3640 1586 3710 λέπραν
1629 3640 1971 3712 ἐπιδραμεῖν,

392 3728 501 3798 πρὸ
533 3728 592 3781 δὲ
631 3729 729 3800 τῆς
769 3729 976 3795 πόλεως
1009 3730 1144 3802 πρὸς
1170 3733 1235 3803 τῇ
1272 3731 1583 3803 καλουμένῃ
1625 3732 1851 3801 Ἐρωγῇ
1878 3733 1973 3787 τοῦ

386 3818 552 3890 ὅρους
587 3821 969 3892 ἀπορραγῆναι
1002 3821 1063 3875 τὸ
1103 3822 1275 3892 ἡμισυ
1324 3822 1416 3875 τοῦ
1468 3823 1610 3876 κατὰ
1658 3823 1757 3895 τὴν
1798 3824 1969 3887 δύσιν,

384 3908 488 3961 ¹καὶ
525 3909 774 3963 κυλισθὲν
816 3911 1090 3981 τέσσαρας
1127 3912 1372 3975 σταδίους
1414 3913 1507 3965 ἐπί
1548 3913 1609 3965 τὸ
1656 3915 1972 3968 ἀνατολικὸν

378 3999 517 4071 ὅρος
557 4000 769 4071 στῆναι,
797 4002 873 4066 ὡς
907 4003 1006 4066 τάς
1049 4020 1108 4056 τε
1141 4003 1406 4075 παρόδους
1436 4004 1842 4075 ἐμφραχθῆναι,
1877 4006 1970 4059 καὶ

386 4092 517 4155 τοὺς
550 4092 909 4163 παραδείσους
934 4094 1058 4158 τοὺς
1086 4094 1412 4165 βασιλικούς.
1451 4115 1468 4146 ι
1510 4095 1698 4148 Ταῦτά
1740 4114 1830 4166 μοι
1862 4098 1969 4151 ἀπὸ

382 4181 484 4237 τοῦ
528 4183 959 4256 συγγράμματος
1002 4184 1104 4256 τῆς
1155 4183 1416 4257 Ἰωσήπου
1466 4185 1791 4254 Ἰουδαϊκῆς
1841 4188 1969 4255 Ἀρ-

384 4276 739 4345 καιολογίας
778 4275 997 4330 κείσθω.
1035 4277 1146 4330 Καὶ
1186 4278 1245 4329 ἐν
1273 4277 1352 4348 τῷ
1392 4278 1648 4350 προφήτῃ
1688 4278 1746 4331 δὲ
1791 4278 1971 4348 Ἀμὼς

380 4362 548 4439 οὖρον
585 4370 705 4422 κατ’
731 4368 906 4442 ἀρχάς
936 4369 1037 4440 τῆς
1070 4369 1405 4441 προφητείας
1437 4370 1623 4435 αὐτοῦ,
1657 4371 1733 4435 ὡς
1762 4372 1844 4423 ὅτι
1871 4372 1969 4442 ἡρ-

380 4455 515 4523 ξατο
543 4458 904 4530 πῳφητεῦειν
931 4461 988 4513 ἐν
1011 4461 1245 4532 ἡμέραις
1287 4460 1463 4524 Ὀζίου
1496 4460 1761 4531 βασιλέως
1798 4461 1970 4515 Ἰούδα

380 4549 494 4621 πρὸ
525 4550 618 4603 δύο
646 4549 781 4604 ἐτῶν
813 4552 1056 4622 σεισμοῦ.
1094 4552 1255 4605 Ποίου
1287 4551 1343 4605 δὲ
1375 4554 1622 4624 σεισμοῦ,
1650 4554 1834 4607 οὐκέτι
1866 4571 1965 4608 σα-

385 4640 503 4710 φῶς
536 4639 798 4711 ἐπιλέγει.
841 4639 1009 4713 Οἶμαι
1057 4642 1116 4697 δὲ
1156 4643 1250 4696 τὸν
1293 4643 1458 4697 αὐτὸν
1499 4647 1786 4717 προφήτην
1830 4662 1964 4717 προ-

378 4730 535 4785 ἶὲντα
566 4732 658 4785 τὸν
684 4733 906 4804 σεισμὸν
934 4734 1273 4806 ὑπογράφειν
1311 4736 1370 4787 ἐν
1396 4729 1479 4799 οἷς
1511 4753 1675 4806 φησιν
1697 4754 1711 4766 ·
1756 4756 1776 4788 ι
1810 4733 1964 4790 Εἶδον

381 4823 474 4876 τὸν
495 4823 697 4896 Κύριον
722 4825 1004 4895 ἐφεστῶτα
1025 4826 1119 4878 ἐπὶ
1138 4825 1231 4878 τοῦ
1252 4825 1662 4899 θυσιαστηρίου,
1689 4828 1785 4882 καὶ
1806 4824 1925 4882 εἷπε
1944 4845 1959 4857 ·

382 4913 632 4981 Πάταξον
695 4915 789 4967 ἐπὶ
838 4915 900 4968 τὸ
936 4915 1341 4989 θυσιαστήριον,
1373 4918 1467 4970 καὶ
1514 4917 1861 4990 σεισθησεται
1892 4918 1962 4972 τά

373 5005 665 5079 ’πρόπυλαο
718 5007 810 5059 καὶ¹
853 5006 1107 5077 διὰκοψον
1154 5011 1234 5072 είς
1283 5009 1526 5078 κεφαλάς
1572 5009 1816 5072 πάντων,
1867 5010 1963 5063 καὶ

371 5101 508 5162 τοὺς
543 5097 901 5162 καταλοίπους
931 5099 1103 5169 αὐτῆς
1135 5101 1194 5153 ἐν
1217 5102 1459 5172 ῥομφαίᾳ
1487 5099 1789 5153 ἀποκτενῶ.
1826 5119 1844 5150 ι
1883 5101 1963 5152 Δι’

378 5183 456 5244 ’ἶιν
487 5187 732 5261 ἡγοῦμαι
770 5187 1122 5253 θεσπίζεσθαι
1168 5190 1260 5243 τὸν
1299 5191 1542 5261 σεισμὸν,
1590 5190 1685 5244 καὶ
1736 5188 1833 5261 τὴν
1873 5206 1966 5243 κα-

380 5277 628 5351 Ῐὶαίρεσιν
663 5277 773 5332 τῶν
819 5278 986 5333 πάλαι
1032 5278 1244 5348 σεμνῶν
1280 5278 1377 5333 τοῦ
1434 5278 1704 5333 Ἰουδαίων
1753 5278 1961 5344 ἔθνους,

383 5370 476 5426 (αἱ
505 5370 605 5440 τῆς
633 5370 1051 5441 ἐπιτελουμένης
1086 5371 1176 5423 ὑπ’
1216 5370 1395 5424 αὐτῶν
1423 5373 1482 5425 ἐν
1504 5374 1570 5442 τῇ
1611 5372 1962 5444 Ἰερουσαλὴμ

382 5462 696 5538 ὶρησκείας,
730 5463 830 5536 τήν
880 5479 940 5515 τε
988 5461 1261 5516 ἀπώλειαν
1312 5462 1411 5533 τὴν
1465 5461 1826 5531 μετελθοῦσαν
1856 5465 1963 5517 αὐ-

382 5557 507 5619 τοὺς
558 5553 695 5625 μετὰ
723 5554 821 5626 τὴν
863 5552 959 5608 τοῦ
1003 5555 1254 5626 Σωτῆρος
1298 5551 1455 5624 ἡμῶν
1488 5553 1813 5623 παρουσίαν,
1845 5556 1957 5622 ὅτε,

376 5645 876 5718 παραιτησαμένων
919 5645 1098 5699 αὐτῶν
1139 5645 1233 5698 τὸν
1271 5641 1507 5714 Χριστὸν
1551 5642 1647 5696 τοῦ
1691 5644 1827 5698 Θεοῦ
1864 5647 1956 5699 τὸν

452 5738 528 5809 (ι)
553 5738 738 5808 Antiq.
773 5736 900 5791 Jud.
943 5753 1020 5801 ix,
1056 5738 1139 5792 ιι.

453 5835 501 5867 ⁸⁸
545 5833 659 5890 Jer.
693 5853 733 5902 ι,
761 5837 845 5891 14.

2091 594 2195 656 cie,
2237 595 2433 664 inquit,
2475 597 2746 666 aquilonis
2772 597 3139 652 accendentur
3174 599 3315 652 mala
3354 616 3520 671 super
3560 620 3674 657 om-

2092 701 2191 739 nes
2220 686 2531 742 habitantes
2564 697 2763 743 terram
2789 691 2856 753 θ’,
2897 710 2915 741 ι
2956 698 3008 744 et
3035 690 3205 745 draco
3228 691 3281 745 in
3310 695 3447 747 mari
3482 696 3667 750 diver-

2086 776 2203 831 sari
2234 778 2458 835 dicitur.
2512 778 2858 852 Quapropter
2914 784 3111 839 merito
3160 783 3249 838 hic
3296 802 3516 856 quoque
3555 791 3673 844 duo

2089 884 2285 925 rursus
2313 886 2509 941 genera
2544 873 2921 943 intelliguntur
2945 890 3158 942 eorum,
3198 878 3292 947 qui
3323 878 3393 934 ab
3424 880 3665 935 Ecclesia

2090 960 2388 1022 declinant,
2421 978 2585 1015 unum
2619 978 2809 1018 eorum
2846 964 2939 1034 qui
2970 966 3021 1019 in
3055 968 3165 1020 vita
3199 977 3254 1022 et
3281 970 3525 1025 moribus
3548 988 3668 1040 pec-

2088 1059 2250 1115 cant,
2318 1053 2550 1106 alterum
2597 1070 2787 1108 eorum
2843 1057 2934 1125 qui
2981 1072 3009 1109 a
3047 1073 3181 1113 sana
3238 1069 3292 1113 et
3340 1069 3487 1115 recta
3534 1079 3663 1115 sen-

2088 1142 2259 1197 tentia
2308 1143 2587 1208 labuntur,
2647 1153 2705 1198 ut
2734 1145 2845 1214 jam
2886 1147 3082 1202 Oliveti
3138 1149 3302 1220 hujus
3347 1153 3665 1220 montis,.de

2086 1249 2199 1303 quo
2230 1250 2411 1290 sermo
2434 1244 2541 1303 est,
2566 1225 2658 1293 hae.
2677 1238 2797 1292 dua!
2819 1239 2949 1305 sint,
2981 1257 3101 1310 qua:
3126 1257 3156 1295 a
3187 1245 3470 1313 prophetia
3494 1247 3665 1317 signi-

2089 1326 2340 1391 ﬁcantur,
2375 1330 2772 1401 separationes.
2828 1330 2924 1387 His
2970 1333 3166 1389 deinde
3211 1334 3459 1408 adjungit
3504 1359 3567 1392 :c
3600 1339 3666 1394 Et

2084 1421 2434 1476 obturabitur
2466 1423 2624 1478 vallis
2656 1424 2922 1479 montium
2951 1441 3218 1491 meorum,
3244 1440 3297 1482 et
3317 1431 3667 1501 conglutinao

2087 1512 2235 1565 bitur
2276 1512 2542 1575 convallis
2567 1513 3062 1587 montium,~iisque
3084 1517 3152 1572 ad
3184 1518 3344 1573 Asael
3373 1540 3391 1574 ;
3425 1528 3477 1575 et
3504 1525 3665 1576 obtu-

2086 1603 2297 1658 rabitur
2337 1606 2797 1674 quemadmodum
2832 1608 3087 1662 obturata
3118 1618 3208 1664 est
3255 1626 3286 1663 a
3310 1609 3445 1667 facie
3472 1621 3661 1667 teme-

2083 1703 2288 1761 motus,
2321 1697 2380 1753 in
2407 1697 2605 1755 diebus
2636 1699 2781 1755 Oziae
2814 1703 2958 1771 regis
2987 1701 3149 1758 Juda.
3180 1724 3199 1755 ο
3238 1704 3306 1758 At
3326 1705 3472 1760 enim
3498 1706 3551 1759 in
3577 1707 3662 1761 his

2083 1786 2289 1850 verbis,
2324 1803 2448 1858 qua:
2501 1791 2722 1844 tandem
2766 1808 2891 1847 csse
2947 1801 3127 1862 potest
3181 1796 3340 1850 vallis
3395 1797 3661 1851 montium

2011 1866 2059 1928 Β
2084 1876 2203 1942 Dei,
2227 1879 2334 1935 nisi
2366 1895 2489 1950 qua:
2512 1882 2641 1935 olim
2674 1892 2830 1936 antea
2849 1885 3235 1939 celebrabatur
3269 1904 3336 1941 ex
3371 1888 3488 1958 lege
3515 1887 3663 1961 Moy-

2084 1968 2164 2025 sis
2199 1968 2255 2024 in
2288 1970 2657 2038 Hierusalem,
2707 1976 3013 2044 corporalis
3040 1986 3093 2030 et
3119 1973 3348 2031 Judaica
3379 1977 3659 2035 adoratiof

2081 2076 2249 2131 quam
2280 2063 2501 2134 quidem
2534 2064 2819 2119 occlusum
2846 2066 2934 2131 iri,
2969 2069 3127 2137 quasi
3152 2067 3505 2125 obturatione
3524 2089 3662 2143 qua-

2081 2148 2233 2215 dam,
2265 2167 2509 2222 praesens
2534 2155 2821 2208 oraculum
2854 2156 3020 2221 canit,
3053 2158 3241 2213 dicens
3280 2178 3290 2211 :
3335 2178 3355 2209 ‹
3404 2161 3472 2214 Ει
3498 2162 3663 2218 obtu-

2082 2244 2297 2299 rabitur
2324 2246 2482 2302 vallis
2505 2248 2773 2301 montium
2811 2264 3081 2315 meorum,
3108 2261 3161 2305 et
3186 2253 3647 2322 conglutinabitm

2078 2324 2347 2391 convallis
2395 2338 2689 2401 montium,
2738 2354 2912 2408 usque
2956 2340 3024 2394 ad
3068 2341 3250 2405 Asael,
3292 2351 3347 2398 et
3374 2344 3659 2400 obturahi-

2081 2434 2191 2483 tur.
2228 2447 2248 2479 ι
2282 2427 2390 2484 Pro
2407 2429 2611 2501 quibus
2634 2432 2816 2486 verbis
2840 2430 3202 2503 Symmachus
3235 2434 3469 2491 reddidit
3494 2437 3643 2493 haec:

2084 2538 2107 2569 ‹
2146 2519 2212 2574 Et
2234 2521 2585 2576 obturabitur
2608 2523 2766 2578 vallis
2797 2524 3062 2578 montium
3098 2541 3364 2590 meorum,
3401 2548 3419 2580 ι
3443 2536 3495 2584 et
3517 2545 3659 2600 prae-

2078 2618 2232 2666 terea
2267 2631 2287 2662 ι
2320 2613 2785 2685 appropinquabit
2822 2634 2841 2665 ι
2886 2615 3152 2670 convallis
3178 2618 3466 2683 montium,
3504 2621 3572 2675 ad
3602 2622 3655 2675 id

2078 2702 2227 2773 quod
2264 2705 2578 2774 appositum
2623 2713 2708 2762 est
2762 2722 2782 2754 ε
2829 2713 2885 2760 et
2920 2706 3290 2773 obturabitur,
3337 2729 3353 2759 ι
3391 2711 3481 2766 ubi
3523 2728 3656 2767 sane

2074 2810 2304 2850 causam
2350 2795 2578 2861 indicat,
2630 2812 2733 2851 cur
2776 2797 3028 2852 obturata
3075 2797 3147 2853 sit
3191 2800 3473 2855 convallis.
3523 2799 3658 2868 Quae

2078 2903 2246 2958 porro
2273 2888 2388 2947 haec
2416 2890 2545 2955 alia,
2593 2906 2760 2961 quam
2784 2907 2905 2946 eam
2935 2892 3374 2963 appropinquare
3415 2902 3474 2950 et
3522 2895 3657 2951 vici-

2077 2996 2205 3035 nam
2238 2981 2354 3038 ﬁeri
2380 2983 2454 3049 ei,
2493 2985 2641 3054 quod
2682 2984 2786 3056 ipsi
2825 2986 3135 3056 appositum
3173 2990 3293 3045 est?
3327 2988 3429 3044 Hic
3471 3000 3652 3045 autem

2070 3080 2161 3128 est
2195 3090 2355 3131 mons
2398 3075 2635 3141 Domini,
2667 3079 2763 3148 qui
2794 3076 3076 3135 Olivarum
3105 3091 3265 3137 antea
3295 3090 3381 3138 est
3417 3085 3657 3153 appella-

2078 3174 2191 3229 tus,
2216 3166 2422 3236 q‘uique
2452 3167 2614 3222 Asael
2643 3168 2827 3225 dictus
2869 3170 2940 3226 ab
2979 3172 3111 3242 ipsis
3152 3172 3528 3245 Septuaginta.
3568 3173 3658 3228 Si-

2078 3262 2301 3334 gniﬁcat
2331 3279 2460 3319 vero
2477 3265 2625 3334 apud
2655 3263 2912 3321 Hebraeos
2933 3283 2999 3323 ea
3023 3283 3123 3322 vox
3154 3284 3283 3331 opus
3306 3269 3425 3324 Dei.
3458 3268 3549 3324 Sic
3563 3284 3658 3323 re-

2076 3368 2163 3418 ro,
2196 3354 2393 3424 inquit,
2419 3364 2578 3409 vetus
2609 3356 2876 3411 convallis
2918 3359 3092 3412 monti
3122 3361 3571 3430 appropinquans
3601 3370 3658 3413 et

2074 3443 2283 3500 Christi
2327 3443 2609 3510 Ecclesiae,
2648 3453 2815 3517 atque
2851 3450 3005 3518 operi
3039 3448 3156 3525 Dei,
3198 3452 3551 3508 obturabitur
3602 3462 3659 3508 et

2073 3536 2417 3601 occludetur,
2437 3539 2904 3607 quemadmodum
2924 3540 3181 3597 obturata
3207 3553 3292 3598 est
3317 3560 3349 3599 a
3383 3544 3522 3602 facie
3543 3555 3653 3600 ter-

2076 3636 2333 3684 rzemotus
2354 3628 2411 3683 in
2433 3629 2628 3687 diebus
2646 3628 2790 3685 Ozias
2814 3632 2956 3702 regis
2982 3631 3143 3688 Juda.
3173 3632 3334 3705 291
3368 3633 3504 3689 Cum
3524 3650 3656 3691 vero

2073 3716 2169 3771 diu
2189 3717 2332 3786 apud
2360 3718 2628 3787 meipsum
2650 3720 2993 3788 quaesierim,
3015 3728 3071 3776 et
3099 3719 3319 3776 divinas
3337 3718 3654 3792 Scriptura:

2072 3809 2461 3878 percurrerim,
2497 3817 2557 3863 ut
2586 3809 2885 3865 invenirem
2921 3811 2970 3867 si
3006 3811 3228 3881 quando
3257 3828 3320 3867 ea
3358 3815 3651 3877 convallis,

2072 3902 2140 3957 de
2164 3918 2272 3973 qua
2298 3903 2388 3958 hic
2406 3918 2588 3958 sermo
2605 3911 2712 3967 est,
2753 3905 2809 3957 in
2838 3902 3034 3959 diebus
3061 3903 3206 3959 Ozia:
3232 3905 3491 3961 ob‘turata
3520 3907 3592 3961 sit
3620 3924 3652 3961 a

2072 3994 2212 4052 facie
2242 4004 2585 4052 terraemotus
2605 4036 2621 4062 ,
2654 3998 2710 4052 in
2740 3996 3039 4065 Regnorum
3068 3998 3314 4054 historiis
3352 3998 3487 4052 nihil
3520 4014 3652 4055 sane

2074 4088 2299 4143 inveni:
2333 4105 2459 4143 nam
2510 4106 2688 4159 neque
2736 4098 3106 4146 terrmmotum
3158 4091 3266 4146 illis
3311 4091 3651 4161 temporibus

2073 4179 2242 4232 ullum
2272 4195 2338 4235 ex
2369 4179 2437 4234 iis
2470 4179 2563 4249 qui
2597 4181 2760 4237 terris
2793 4191 2845 4236 et
2872 4181 3188 4252 regionibus
3221 4182 3399 4236 solent
3429 4182 3650 4236 accide-

2068 4287 2152 4335 re,
2187 4288 2364 4343 neque
2412 4271 2559 4326 aliud
2610 4274 2886 4343 quippiam
2945 4275 3049 4328 tale
3083 4275 3150 4329 de
3185 4275 3434 4329 convalle
3466 4274 3653 4345 aliqua

2071 4364 2276 4420 laetum
2303 4381 2449 4429 esse,
2481 4368 2535 4420 in
2578 4366 2685 4419 illis
2719 4366 2986 4435 scriptum
3013 4376 3099 4422 est
3133 4386 3151 4422 ;
3182 4377 3442 4422 narratur
3465 4374 3648 4422 autem

2068 4457 2530 4528 quemadmodum
2577 4456 2740 4512 Ozias
2792 4458 2951 4512 initio
3000 4459 3186 4527 justus
3237 4458 3419 4526 fuerit,
3452 4460 3651 4516 deinde

2069 4548 2254 4601 animo
2287 4546 2559 4612 sublatus,
2591 4562 2687 4616 per
2716 4548 2957 4617 seipsum
2993 4548 3102 4602 Deo
3132 4549 3448 4604 sacriﬁcare
3477 4565 3649 4606 ausus

1996 4610 2041 4665 Β
2067 4639 2139 4692 sit
2174 4656 2187 4691 :
2227 4653 2400 4708 quare
2446 4639 2516 4693 de
2546 4610 2714 4693 illius
2745 4610 2886 4693 facie
2921 4641 3124 4709 lepram
3165 4640 3491 4707 etiloruisse,
3542 4641 3649 4694 hoc

2069 4729 2290 4799 quidem
2327 4730 2383 4783 in
2428 4728 2729 4800 Regnorum
2778 4733 2932 4786 libris
2979 4732 3312 4787 continetur.
3365 4733 3436 4785 At
3490 4730 3649 4787 Jose-

2069 4820 2232 4890 phus,
2262 4829 2527 4890 praeterea
2552 4837 2674 4893 qua:
2722 4823 2776 4877 in
2824 4824 2999 4880 sacris
3048 4824 3203 4879 libris
3244 4826 3444 4892 scripta
3493 4832 3643 4889 sunt,

2068 4914 2233 4967 etiam
2263 4927 2327 4967 ea
2349 4929 2470 4982 qua:
2491 4915 2845 4981 intrinsecus,
2872 4917 3028 4985 quasi
3058 4915 3298 4970 secundo
3333 4910 3475 4973 loco,
3499 4917 3647 4983 apud

2062 5001 2282 5060 Judzeos
2311 5006 2605 5071 habentur,
2641 5022 2855 5062 summa
2879 5007 3158 5077 diligentia
3192 5014 3533 5071 persecutus,
3560 5023 3648 5061 ιιι-

2065 5106 2190 5166 pote
2219 5098 2313 5167 qui
2351 5096 2613 5155 Hebrteus
2639 5101 2710 5155 ab
2739 5098 2984 5154 Hebraeis
3003 5099 3316 5162 exsisteret,
3345 5112 3467 5166 quae
3497 5098 3646 5154 illius

2066 5191 2210 5262 regis
2258 5192 2599 5262 temporibus
2638 5191 2891 5247 evenisse
2923 5198 3336 5252 commemoret,
3370 5190 3483 5258 jam
3544 5206 3645 5243 au-

2065 5280 2183 5336 dire
2201 5290 2376 5352 potes.
2396 5282 2597 5338 Narrat
2622 5283 2768 5339 enim
2803 5281 2880 5352 (l)
2914 5278 3372 5351 quemadmodum
3406 5299 3425 5329 ι
3446 5295 3648 5349 υνδεξι-

2067 5374 2215 5430 tibus
2245 5374 2431 5430 Oziam
2462 5375 2866 5437 sacerdotibus,
2902 5382 2962 5428 ut
2990 5372 3057 5428 de
3091 5371 3295 5441 templo
3323 5373 3520 5436 exiret,
3547 5388 3645 5426 ne-

2063 5482 2171 5536 que
2199 5466 2464 5523 adversus
2496 5467 2664 5523 Deum
2694 5474 2968 5537 peccaret,
2989 5465 3078 5518 iile
3103 5463 3277 5517 iratus
3302 5463 3395 5528 sit,
3425 5463 3644 5534 illisque

2062 5569 2295 5614 mortem
2344 5561 2604 5623 minatus,
2655 5559 2763 5614 nisi
2808 5557 3155 5625 quiescerent
3204 5574 3218 5610 :
3271 5556 3481 5611 interea
3512 5570 3641 5609 vero

2063 5660 2244 5708 motus
2307 5651 2528 5722 quidam
2585 5659 2788 5706 terram
2843 5647 3225 5713 concusserit,
3295 5647 3640 5720 dimissoque
