4110 6510
521 408 631 473 ιδδ

1191 417 1976 475 EUSEBII’CJ’ESARIENSIS
2007 419 2158 476 OPP.
2185 419 2364 474 PARS
2400 416 2463 477 ΙΙ.
2491 447 2556 461 -ἀ
2589 417 3093 478 A'POLOGETICA.

3668 425 3772 484 ιθι

524 531 750 602 templo,
787 532 1040 603 splendor
1089 532 1278 602 ingens
1320 531 1580 599 illuxerit,
1624 535 1718 606 qui
1751 535 1915 588 etiam
1948 535 2058 605 regi

2199 534 2371 605 ἀληθῆ
2411 536 2686 608 ἀρχιερέα,
2725 536 2902 608 λέπρα
2929 536 3068 589 κατὰ
3107 535 3214 589 τῶν
3240 535 3427 607 ψυχῶν
3445 536 3766 610 ἐξήνθησεν,

522 621 718 677 faciem
749 623 1027 689 invaserit,
1055 630 1107 676 et
1151 625 1231 677 sic
1273 627 1531 695 evestigio
1591 625 1743 679 illum
1801 625 1855 678 in
1887 625 2088 694 lepram

2189 625 2472 698 ὠσπεροῦν
2499 629 2591 680 καὶ
2619 628 2712 680 ἐπὶ
2753 627 2847 680 τοῦ
2895 628 3092 691 Ὀζίου,
3123 629 3210 681 ὅτε
3233 630 3328 681 καὶ
3356 631 3575 701 ἀοράτῳ
3607 631 3770 684 δυνά-

523 714 803 768 incidisse.
834 715 973 767 Ante
1019 714 1209 768 urbem
1245 731 1374 769 vero
1419 716 1486 770 ad
1537 717 1717 769 locum
1765 715 1855 784 qui
1891 715 2057 769 dicitu

2193 737 2283 789 μει
2321 719 2482 782 αὐτὸς
2513 721 2541 772 6
2573 717 2776 789 Κύριος
2805 719 3033 782 ἐπιστὰς
3056 717 3132 788 τῷ
3159 719 3531 795 θυσιαστηρίῳ
3567 723 3764 790 αὐτῶν,

521 801 712 875 Eroge,
745 805 1044 859 abscissam
1076 820 1198 860 esse
1225 805 1291 859 de
1333 814 1518 862 monte
1543 806 1822 861 dimidiam
1854 813 2085 875 partem,

517 911 638 962 quae
665 895 732 949 ad
761 895 1098 951 occidentem
1132 913 1287 952 versa
1311 909 1427 953 erat
1455 918 1467 952 :
1512 899 1971 968 eonvolutamque
1992 913 2088 968 per

515 995 753 1056 quatuor
801 987 999 1052 stadia,
1033 989 1098 1042 ad
1130 997 1370 1044 montem
1403 990 1644 1054 stetisse,
1686 991 1777 1059 qui
1819 991 2084 1044 orientem

517 1079 819 1148 spectabat,
853 1079 1035 1150 itaque
1077 1089 1131 1135 et
1178 1081 1360 1136 aditus
1399 1091 1453 1135 et
1483 1081 1674 1136 hortos
1713 1082 1896 1152 regios
1923 1083 2084 1137 obtu-

513 1185 688 1224 rasse.
735 1189 753 1222 ι
783 1165 914 1226 Ηίεε
939 1188 1069 1226 sane
1090 1189 1190 1242 ego
1227 1173 1281 1225 in
1313 1172 1467 1227 libris
1506 1171 1752 1228 Iudaica:
1780 1175 2084 1243 Antiquita-

514 1266 580 1318 tis
611 1265 808 1335 posita,
862 1266 1000 1334 apud
1048 1263 1342 1335 Josephum
1391 1265 1740 1336 deprehendi.
1777 1266 1933 1336 Apud
1957 1282 2083 1336 pro-

501 1355 728 1425 phetam
769 1370 902 1410 vero
943 1357 1129 1419 Amos,
1164 1356 1322 1409 initio
1366 1357 1510 1411 illius
1541 1358 1835 1426 prophetiae
1875 1359 2077 1421 inveni,

509 1445 964 1514 quemadmodum
998 1446 1111 1516 ipse
1159 1446 1443 1500 vaticinari
1498 1447 1725 1515 coeperit
1777 1446 1832 1499 in
1885 1447 2079 1502 diebus

508 1533 653 1592 Ozias
683 1535 1011 1606 regis'Juda,
1047 1537 1260 1593 duobus
1296 1546 1417 1591 ante
1451 1547 1816 1592 terraamotum
1871 1539 2031 1593 annis
2062 1557 2074 1594 :

506 1646 667 1700 quem
700 1646 827 1684 vero
859 1638 1220 1684 terraemotum
1245 1630 1528 1700 intelligat,
1559 1645 1826 1700 nusquam
1866 1631 2076 1700 perspi-

506 1736 610 1776 cue
661 1721 960 1791 subjungit.
1011 1720 1114 1775 Sed
1167 1722 1403 1776 arbitror
1454 1720 1704 1775 eumdem
1756 1722 2074 1791 prophetam

487 1809 721 1884 'longins
760 1829 1127 1883 progressum,
1165 1815 1307 1866 hunc
1337 1820 1708 1867 terraemotnm
1739 1814 2071 1880 describere,

2186 810 2286 880 τὴν
2313 809 2558 874 ἐξουσίαν
2591 809 2758 864 ἔδωκε
2788 809 2866 882 τῷ
2899 809 3249 875 πατάσσοντι,
3279 813 3488 882 φήσαςο
3524 832 3543 864 ι
3581 814 3764 868 Πάτα⁴⁵

2187 901 2276 966 ξον
2313 901 2373 956 τὸ
2402 902 2804 975 θυσιαστήριον.
2840 921 2859 954 ι
2912 904 3149 974 Δυνάμει
3194 903 3324 972 γοῦν
3365 904 3524 959 τοῦτο
3553 907 3761 979 ἐδήλου,

2184 985 2357 1054 λέγων
2380 1004 2394 1017 ·
2428 1006 2447 1039 ι
2492 988 2731 1057 Ἀφίεται
2767 990 2894 1060 ὑμῖν
2920 990 2948 1041 6
2969 987 3116 1054 οἶκος
3146 991 3300 1058 ὑμῶν
3339 992 3564 1064 ἔρημος.
3602 1015 3622 1048 ι
3659 1000 3762 1050 A6-

2182 1076 2308 1130 τίκα
2334 1077 2464 1146 γοῦν
2495 1078 2589 1131 ἐπὶ
2623 1079 2702 1149 τῷ
2733 1079 2895 1133 πάθει
2924 1080 3085 1133 αὐτοῦ
3131 1081 3193 1134 τὸ
3239 1084 3641 1156 καταπέτασμα
3667 1087 3759 1140 τοῦ

2182 1164 2308 1218 ναοῦ
2356 1166 2578 1237 ἐσχίσθη
2625 1168 2732 1221 ἀπὸ
2775 1168 2980 1223 ἄνωθεν
3021 1168 3128 1233 ἕως
3181 1170 3351 1236 κάτω,
3401 1171 3690 1247 ὠσπεροῦν
3733 1181 3760 1234 6

2195 1257 2461 1342 Ἰώσηπος
2485 1259 2688 1330 ἱστορεῖ
2721 1261 3002 1328 γεγονέναι
3047 1261 3187 1315 κατὰ
3235 1265 3364 1327 τοὺς
3413 1265 3589 1330 ὐζίου
3636 1271 3760 1342 χρό-

2181 1365 2322 1411 νους.
2356 1341 2487 1402 Εἶτα
2514 1351 2776 1421 πρότερον
2805 1351 2904 1421 μὲν
2939 1351 3156 1424 ἐσείσθη
3203 1351 3272 1406 τὰ
3299 1355 3572 1425 πρόπυλα,
3601 1341 3689 1413 ὅτε
3724 1363 3756 1432 ἡ

2178 1441 2251 1510 γῆ
2283 1441 2499 1512 ἐσείσθη
2535 1443 2674 1496 κατὰ
2702 1443 2790 1495 τὸν
2817 1441 2916 1496 τοῦ
2946 1443 3150 1507 πάθους
3183 1445 3347 1498 αὐτοῦ
3378 1449 3566 1517 καιρόν
3590 1467 3603 1479 -
3637 1449 3754 1520 μετ’

2176 1533 2238 1584 οὐ
2270 1532 2404 1585 πολὺ
2437 1533 2492 1585 δὲ
2544 1535 2637 1587 καὶ
2669 1535 2766 1606 τὴν
2801 1535 3033 1606 ἐσχάτην
3077 1538 3334 1609 ὑπέμεινε
3389 1543 3614 1598 πτῶσιν.
3644 1549 3755 1599 Λα·-

2175 1625 2288 1679 6ὡν
2319 1644 2378 1680 τε
2412 1627 2509 1697 τὴν
2536 1626 2784 1691 ἐξουσίαν
2811 1633 2840 1682 6
2873 1631 3187 1693 πατάσσων,
3213 1631 3457 1701 διέκοψεν
3481 1636 3559 1697 είς
3585 1652 3753 1704 κεφα-

2176 1717 2272 1781 λὰς
2303 1719 2577 1773 ἁπάντων.
2625 1720 2784 1774 Κατὰ
2808 1721 2966 1774 τοῦτο
3017 1721 3081 1793 δὴ
3115 1718 3206 1776 οῦν
3247 1723 3340 1776 τοῦ
3374 1725 3563 1795 καιροῦ
3595 1727 3746 1798 καὶὴ

2175 1810 2361 1875 κοιλὰς
2385 1811 2494 1865 τῶν
2523 1813 2616 1866 τοῦ
2644 1813 2776 1867 Θεοῦ
2811 1814 2984 1884 ὀρέων
3027 1816 3325 1887 ὲνεφράγη,
3352 1817 3630 1886 ὼσπεροῦν
3656 1819 3749 1887 γέ-

503 1906 599 1960 ubi
633 1908 744 1959 ait:
780 1923 797 1954 ι
840 1904 959 1959 Vidi
996 1905 1280 1958 Dominum
1328 1914 1560 1960 stantem
1593 1921 1757 1976 super
1789 1907 1979 1970 altare,
2020 1916 2065 1960 el

2174 1920 2331 1972 γονεν
2366 1905 2456 1958 ἐπὶ
2503 1906 2707 1968 Ὀζίουο
2756 1905 2891 1977 πρὸς
2931 1907 3030 1977 μὲν
3079 1908 3239 1978 ῥητὸν
3284 1909 3376 1961 καὶ
3413 1909 3578 1973 λέξιν,
3609 1911 3748 1965 κατὰ

504 1998 640 2051 dixit
673 2019 684 2052 :
722 1997 947 2052 Percute
981 2013 1145 2067 super
1176 1999 1363 2062 altare,
1386 2005 1438 2051 et
1461 1999 1949 2052 commovebuntur
1979 2014 2069 2053 ve-

508 2093 729 2154 stibula,
783 2100 836 2145 et
859 2091 1005 2144 caede
1047 2091 1102 2145 in
1133 2091 1307 2160 capita
1357 2091 1620 2155 omnium,
1662 2098 1715 2143 et
1750 2091 1842 2159 qui
1874 2091 2069 2161 reliqui

504 2180 707 2236 fuerint
735 2199 799 2234 ex
832 2198 915 2244 ea,
940 2183 991 2235 in
1021 2181 1200 2251 gladio
1226 2179 1547 2234 interficiam
1574 2181 1662 2233 ‘°'.
1708 2199 1724 2231 ›
1761 2179 1970 2246 Quibus
2003 2181 2068 2233 il-

502 2272 612 2325 lum
646 2273 825 2327 verbis
859 2288 1054 2326 censeo
1101 2286 1295 2326 canere
1345 2278 1732 2334 terrzemotum,
1775 2286 2070 2338 rerumque

494 2360 738 2417 Iudaica:
761 2364 940 2434 gentis
974 2374 1024 2418 et
1053 2364 1258 2433 glorim,
1317 2377 1530 2417 necnon
1565 2363 1727 2425 ritus,
1755 2363 1846 2432 qui
1871 2363 2067 2417 abillis

495 2455 552 2507 in
594 2453 894 2509 Jerusalem
934 2453 1336 2516 celebrabatur,
1389 2452 1755 2518 eversionem,
1805 2460 2066 2521 praterea

493 2546 794 2608 interitum,
830 2545 921 2615 qui
956 2545 1078 2600 illos
1107 2553 1227 2614 post
1279 2543 1580 2599 Salvatoris
1626 2544 1801 2599 nostri
1863 2543 2066 2598 adven-

486 2643 608 2689 tum
639 2637 920 2699 invaserit,
955 2650 1064 2704 quo
1095 2634 1350 2688 videlicet
1377 2641 1645 2705 tempore,
1680 2633 2066 2688 recusantibus

495 2724 605 2781 illis
629 2727 905 2781 Christum
940 2727 1052 2786 Dei,
1088 2726 1248 2796 292
1286 2743 1409 2780 eum
1441 2727 1537 2796 qui
1573 2742 1738 2782 verus
1761 2733 1844 2780 est
1877 2741 2064 2781 sacer-

493 2814 614 2880 dos,
647 2817 798 2887 lepra
833 2817 1029 2872 animis
1076 2818 1289 2870 illorum
1325 2817 1516 2870 oborta
1561 2824 1666 2880 est,
1719 2817 1861 2871 sicut
1901 2816 2065 2870 etiam

491 2903 638 2959 Oziae
667 2904 1026 2974 temporibus,
1055 2903 1274 2973 quando
1304 2903 1354 2957 vi
1401 2903 1634 2974 quadam
1667 2904 1928 2959 invisibili
1958 2904 2065 2959 Do-

490 2996 672 3050 minus
693 2997 864 3050 altare
885 2996 1140 3052 insistens
1167 2997 1405 3061 illorum,
1432 3004 1752 3066 potestatem
1786 2997 1914 3052 fecit
1936 3014 2064 3069 per-

487 3089 740 3152 cutienti,
789 3089 977 3143 dicens
1016 3107 1028 3142 :
1087 3107 1105 3139 ι
1159 3087 1390 3143 Percute
1434 3089 1624 3144 altare.
1685 3109 1704 3142 ›
1754 3089 1916 3146 Certe
1963 3105 2063 3145 sua

450 3177 454 3182 ’
489 3180 664 3253 ipsius
690 3185 960 3249 potestate
987 3180 1088 3234 hoc
1115 3179 1295 3250 ipsum
1319 3179 1636 3244 declaravit,
1657 3180 1844 3236 dicens
1873 3199 1886 3235 :
1911 3200 1929 3232 ι
1955 3179 2064 3237 Re-

2173 1997 2270 2066 τὴν
2308 1997 2592 2065 Ῥωμαίων
2636 1997 2972 2071 πολιορκίαν,
3008 1998 3128 2052 καθ’
3170 2000 3234 2070 ἦν
3275 1997 3426 2070 οἶμαι
3474 2003 3746 2071 συμϐῆναί

2171 2105 2293 2142 τινα
2319 2089 2542 2141 τοιαῦτα
2567 2106 2580 2118 ·
2615 2091 2750 2161 πρὸς
2773 2090 2828 2143 δὲ
2864 2091 3118 2156 διάνοιαν,
3159 2093 3246 2145 ὅτε
3274 2094 3306 2162 ἡ
3339 2095 3623 2166 σωματικὴ
3652 2097 3746 2148 καὶ

2172 2182 2528 2249 ταπεινοτέρα
2577 2182 2670 2235 τοῦ
2705 2185 2981 2248 Μωῦσέως
3027 2185 3190 2255 νόμου
3225 2185 3448 2256 λατρεία
3492 2188 3741 2240 ἀπεκλεί-

2174 2271 2295 2341 σθη,
2332 2274 2411 2335 είς
2441 2273 2500 2326 τὸ
2535 2273 2732 2344 μηκέτι
2761 2273 3120 2344 ἐνεργεῖσθαι,
3155 2274 3240 2328 διὰ
3266 2277 3358 2328 τὸν
3399 2277 3620 2346 σεισμὸν
3650 2279 3739 2330 τὸν

2173 2364 2465 2418 ἐπελθόντα
2490 2367 2842 2437 προφητικῶς
2869 2366 2929 2431 ἐξ
2953 2367 3157 2421 ἐκείνου
3181 2367 3260 2438 τῷ
3287 2369 3554 2422 Ἰουδαίων
3577 2370 3737 2430 ἔθνει,

2170 2452 2264 2503 καὶ
2297 2451 2382 2505 διὰ
2419 2451 2486 2505 τὰ
2531 2452 2717 2516 λοιπὰ,
2749 2453 2818 2507 τὰ
2856 2457 3340 2528 ἀναγεγραμμένα.
3379 2459 3535 2512 Μετὰ
3574 2461 3739 2513 ταῦτα

2169 2543 2526 2598 ὲπαναλαϐὼν
2550 2547 2579 2598 6
2620 2545 2775 2613 λόγος
2814 2544 2912 2616 τὴν
2939 2547 3050 2600 τοῦ
3076 2548 3281 2619 Κυρίου
3319 2552 3616 2621 παρουσίαν
3651 2569 3743 2604 σα-

2169 2636 2430 2706 φέστερον
2468 2636 2852 2708 ὰνακηρύττει,
2893 2637 3097 2707 λέγων’
3133 2658 3152 2690 ι
3185 2641 3293 2694 Καὶ
3325 2642 3590 2714 παρέσται
3624 2643 3732 2697 Κύ-

2171 2744 2284 2797 ριος
2315 2728 2344 2778 6
2375 2726 2506 2790 Θεὸς
2555 2745 2677 2797 μου,
2723 2729 2814 2781 καὶ
2858 2728 3057 2794 πάντες
3101 2733 3149 2783 οἱ
3180 2732 3322 2800 ἆγιοι
3349 2735 3465 2804 μετ’
3498 2734 3681 2789 αὑτοῦ.
3716 2756 3734 2786 ι

2168 2817 2295 2870 Εἴτε
2324 2818 2450 2881 τοὺς
2492 2818 2822 2881 ἀποστόλους
2845 2819 3008 2872 αὐτοῦ
3039 2821 3133 2874 καὶ
3177 2822 3420 2893 μαθητὰς
3456 2823 3737 2895 ὀνομάζων

2166 2908 2354 2976 ἁγίους
2384 2909 2572 2972 αὐτοῦ,
2595 2910 2705 2963 εἴτε
2729 2909 2988 2981 δυνάμεις
3004 2911 3156 2976 τινὰς
3182 2913 3440 2984 ἁοράτους
3463 2917 3556 2969 καὶ
3577 2915 3737 2969 πνεύο

2168 3019 2312 3073 ματα
2356 3001 2720 3073 λειτουργικὰ,
2777 3003 2905 3074 περὶ
2944 2996 3020 3056 ὧν
3064 3003 3308 3076 εἴρηται·
3363 3025 3382 3056 ι
3428 3007 3734 3078 Προσῆλθον

2163 3093 2406 3163 ἄγγελοι,
2431 3096 2524 3148 καὶ
2552 3094 2832 3160 διηκόνουν
2862 3094 3027 3166 αὐτῷ.
3063 3115 3082 3148 ι
3114 3092 3248 3150 Εἶτα
3275 3097 3367 3150 ἐπὶ
3395 3097 3492 3167 τῆς
3526 3115 3732 3170 παρου-

2165 3183 2288 3247 σίας
2336 3182 2431 3236 τοῦ
2480 3183 2709 3254 Κυρίου,
2751 3201 2772 3233 ι
2800 3183 3012 3249 Ἔσται,
3056 3184 3238 3255 φησιν,
3279 3183 3477 3255 ἡμέρα,
3503 3183 3597 3237 καὶ
3637 3187 3738 3238 οὐκ

483 3272 757 3344 linquitur
783 3271 939 3326 vobis
971 3272 1166 3328 domus
1187 3281 1367 3328 vestra
1399 3273 1616 3328 deserta
1644 3273 1685 3330 ³,
1727 3291 1745 3323 ι
1799 3270 2060 3328 Protinus

2166 3274 2319 3328 ἔσται
2351 3273 2488 3344 φῶς,
2529 3275 2624 3328 καὶ
2673 3273 2844 3344 ψῦχος
2892 3274 2988 3328 καὶ
3034 3274 3206 3342 πάγος
3245 3274 3398 3328 ἔσται
3436 3274 3562 3345 μίαν
3601 3275 3739 3346 ἡμέ-

486 3381 728 3437 nainque
767 3366 896 3420 dum
928 3366 1018 3421 ille
1048 3373 1344 3436 pateretur,
1379 3365 1561 3419 velum
1590 3364 1777 3433 templi
1824 3365 2058 3419 scissum

483 3467 594 3524 est,
627 3474 656 3512 a
692 3473 906 3514 summo
953 3473 1128 3528 usque
1167 3457 1234 3511 ad
1264 3457 1455 3520 imum,
1487 3454 1942 3526 quemadmodum
1971 3455 2057 3510 Jo.

488 3552 692 3622 sephns
727 3559 913 3605 narrat
939 3549 1234 3620 contigisse
1288 3547 1432 3603 Ozias
1480 3549 1624 3618 regis
1671 3547 2052 3618 temporibus:

479 3652 602 3700 tum
633 3644 869 3716 primum
899 3641 1116 3715 quidem
1153 3648 1424 3696 commota
1461 3648 1588 3695 sunt
1617 3640 1908 3707 vestibula,
1932 3655 2055 3695 cum

485 3747 632 3794 terra
681 3748 828 3793 mota
873 3746 959 3793 est
1011 3735 1286 3807 passionis
1336 3734 1484 3788 illius
1533 3741 1797 3803 tempore.
1851 3732 2057 3788 Deinde

483 3831 628 3886 haud
654 3832 823 3885 multo
851 3837 995 3901 post,
1019 3835 1323 3883 extremum
1348 3840 1566 3896 quoque
1589 3825 1812 3896 pertulit
1841 3839 2052 3889 casum,

483 3931 816 3993 acceptaque
866 3929 1134 3990 potestate
1179 3918 1504 3987 percutiens
1553 3916 1752 3971 cecidit
1785 3915 1840 3970 in
1873 3915 2054 3985 capita

482 4016 726 4069 omnium
767 4032 780 4067 :
835 4013 941 4066 hoc
974 4012 1141 4082 igitur
1174 4019 1418 4080 tempore
1448 4009 1605 4063 vallis
1637 4009 1906 4062 montium
1959 4007 2054 4062 Dei

480 4107 735 4162 obturata
766 4111 869 4166 eSt,
897 4102 1354 4172 quemadmodum
1385 4100 1530 4155 Ozia:
1564 4101 1905 4170 temporibus
1929 4116 2055 4154 eve-

482 4198 584 4253 nit.
615 4197 772 4263 Quod
832 4196 878 4251 si
924 4195 1127 4249 dictum
1161 4194 1378 4264 quidem
1437 4209 1500 4248 ac
1533 4193 1698 4247 verba
1747 4193 2051 4263 sequimur,

483 4287 686 4343 factum
722 4302 854 4342 sane
884 4286 936 4340 id
970 4287 1132 4341 fuerit
1165 4287 1220 4339 in
1270 4287 1387 4356 ipsa
1433 4283 1717 4338 obsidione
1779 4283 2053 4338 Romano-

483 4393 626 4443 rum,
657 4378 954 4433 secundum
988 4392 1148 4447 quam
1184 4385 1312 4446 puto
1342 4375 1593 4444 quaedam
1652 4373 1781 4426 talia
1827 4375 2055 4429 accidis-

483 4471 577 4536 iie;
607 4473 653 4526 si
686 4486 813 4524 vero
837 4471 1184 4531 sententiam,
1220 4483 1328 4538 quo
1361 4475 1602 4532 tempore
1627 4465 1928 4535 corporalis
1961 4466 2052 4520 illa

479 4574 535 4620 et
570 4564 792 4617 humum
821 4573 1072 4632 spectans
1108 4559 1356 4614 Mosaicae
1392 4558 1528 4627 legis
1551 4557 1798 4611 adoratio
1826 4558 2049 4612 exclusa
2081 4597 2125 4652 Β

479 4667 587 4721 est,
643 4665 702 4710 ut
749 4672 858 4710 non
893 4655 1126 4725 amplius
1157 4652 1482 4713 celebretur,
1517 4658 1740 4720 propter
1769 4658 2051 4705 terrame-

477 4756 596 4806 tum
646 4762 710 4803 ex
764 4749 855 4801 illo
899 4745 1216 4816 prophetice
1267 4743 1608 4812 praedictum,
1639 4741 1734 4810 qui
1762 4740 2049 4796 Iudaicam

468 4851 692 4914 gentem
721 4838 938 4903 invasit,
995 4851 1058 4890 ac
1103 4842 1323 4905 prepter
1353 4841 1548 4887 caetera
1575 4847 1698 4903 quae
1725 4833 1902 4904 palam
1935 4846 2052 4886 me-

479 4933 666 4986 moriae
695 4930 906 5001 prodita
931 4936 1078 4982 sunt.
1111 4926 1242 4980 Post
1265 4927 1379 4979 haec
1409 4924 1477 4978 ad
1508 4924 1724 4979 Domini
1755 4924 2050 4978 adventum

475 5032 756 5078 revertens
787 5021 1091 5081 oraculum,
1137 5020 1192 5071 in
1247 5018 1423 5088 ipsum
1478 5018 1694 5086 planius
1740 5017 2045 5079 denuntiat,

478 5115 667 5170 dicens
701 5134 714 5168 :
749 5133 767 5164 ι
804 5113 869 5166 Et
891 5113 1142 5166 adveniet
1173 5109 1432 5164 Dominus
1467 5109 1610 5165 Deus
1633 5126 1808 5173 meus,
1846 5117 1900 5164 et
1930 5124 2049 5164 om-

478 5223 576 5262 nes
605 5207 779 5262 sancti
814 5219 936 5260 eum
960 5220 1047 5266 eo,
1085 5222 1102 5253 ι
1137 5202 1228 5256 ubi
1262 5203 1392 5256 dum
1419 5210 1643 5258 sanctos
1664 5203 1928 5265 nominat,
1963 5200 2049 5254 vel

479 5300 754 5369 apostolos
783 5297 902 5366 ejus
929 5296 1178 5365 intelligit
1207 5309 1271 5347 ac
1293 5295 1617 5365 discipulos,
1643 5295 1727 5350 vel
1749 5299 2068 5364 potestates

478 5391 742 5460 quasdam
773 5389 1074 5445 invisibiles
1095 5397 1150 5441 et
1175 5388 1400 5456 spiritus
1423 5385 1797 5446 administros,
1830 5383 1896 5439 de
1919 5384 2045 5454 qui-

480 5479 584 5536 bus
611 5481 814 5536 dictum
847 5491 930 5537 est
964 5501 976 5535 :
1006 5499 1037 5532 1
1081 5479 1146 5534 Et
1190 5485 1542 5534 accesserunt
1575 5476 1751 5547 angeli
1792 5491 1856 5529 ac
1881 5476 2048 5530 mini-

479 5573 730 5627 strabant
751 5575 820 5627 ei.
849 5574 872 5606 δ
915 5593 932 5626 i
969 5573 1174 5628 Deinde
1221 5589 1234 5625 :
1275 5589 1293 5620 ι
1331 5569 1390 5623 ln
1424 5569 1658 5624 adventu
1687 5567 1923 5629 Domini,
1962 5568 2046 5620 in-

477 5665 620 5734 quit,
641 5665 748 5718 erit
765 5665 882 5722 dies
913 5674 967 5721 et
998 5681 1108 5721 non
1135 5665 1238 5719 erit
1268 5664 1380 5727 lux,
1413 5661 1507 5717 sed
1550 5660 1721 5731 frigus
1759 5669 1812 5714 et
1843 5661 2045 5729 glacies

2165 3384 2282 3438 ραν.
2321 3387 2340 3419 ι
2381 3367 2520 3420 Ἀνθ’
2543 3359 2610 3420 οὗ
2639 3367 2668 3419 6
2695 3367 2990 3438 Σύμμαχος
3015 3368 3351 3439 ἡρμήνευσε,
3385 3383 3404 3418 ι
3443 3366 3553 3420 Καὶ
3584 3366 3641 3418 έν
3669 3369 3733 3437 τῇ

2159 3458 2343 3530 ἡμέρᾳ
2367 3458 2550 3532 ἐκείνῃ
2590 3459 2690 3511 οὐκ
2719 3458 2872 3511 ἔσται
2909 3458 3044 3528 φῶς,
3080 3456 3215 3511 ἀλλὰ
3243 3455 3413 3527 ψῦχος
3439 3458 3534 3510 καὶ
3561 3456 3736 3524 πάγος

2159 3547 2310 3600 ἔσται
2342 3550 2475 3620 μίαν
2509 3549 2739 3621 ἡμέραν,
2784 3551 2904 3620 ἣτις
2949 3548 3213 3616 ἔγνωσται
3257 3547 3334 3618 τῷ
3381 3548 3589 3619 Κυρίῳ,
3637 3548 3736 3618 οὐχ

2159 3638 2342 3710 ἡμέρα
2379 3639 2498 3692 οὐδὲ
2528 3639 2644 3705 νὺξ,
2667 3640 2781 3692 ἀλλ’
2814 3639 2965 3692 ἔσται
3004 3638 3064 3690 τὸ
3099 3639 3235 3709 πρὸς
3261 3639 3495 3708 ἑσπέραν
3535 3636 3668 3706 φῶς.
3710 3656 3729 3688 ι

2157 3729 2271 3782 Καὶ
2293 3729 2394 3800 ὅρα
2417 3733 2465 3783 εἰ
2503 3731 2576 3802 μὴ
2604 3731 2692 3784 διὰ
2720 3731 2924 3786 τούτων
2943 3733 3243 3786 λευκότατα
3268 3732 3367 3802 τὴν
3398 3731 3611 3804 ἡμέραν
3637 3731 3732 3785 τοῦ

2159 3822 2364 3887 πάθους
2411 3823 2503 3876 τοῦ
2549 3825 2799 3895 Σωτῆρος
2843 3825 2998 3896 ἡμῶν
3044 3826 3213 3897 δηλοῖ,
3261 3826 3318 3878 ὲν
3446 3824 3628 3898 ἡμέρᾳ
3675 3823 3733 3878 τὸ

2161 3917 2280 3987 μὲν,
2313 3936 2330 3968 ι
2351 3917 2463 3969 Οὐκ
2488 3917 2636 3970 ἔσται
2669 3920 2804 3986 φῶς,
2834 3937 2851 3969 ›
2887 3919 3206 3990 ἐπληροῦτο,
3239 3920 3404 3990 ἡνίκα
3428 3920 3538 3973 ἀπὸ
3569 3920 3733 3989 ἕκτης

2157 4005 2309 4078 ὥρας
2340 4009 2528 4072 σκότος
2575 4009 2789 4078 ἐγένετο
2837 4011 2928 4062 ἐπὶ
2969 4013 3147 4065 πᾶσαν
3177 4011 3275 4081 τὴν
3307 4011 3411 4081 γῆν
3450 4011 3552 4073 ἕως
3583 4009 3733 4080 ὥρας

2157 4099 2385 4171 ὲννάτης
2404 4117 2416 4130 ο
2444 4099 2504 4152 τὸ
2532 4100 2610 4164 δὲ,
2644 4119 2663 4150 ι
2700 4100 2860 4155 Ἀλλὰ
2876 4099 3044 4171 ψῦχος
3067 4100 3162 4154 καὶ
3189 4099 3383 4168 πάγος,
3404 4117 3424 4151 ι
3449 4100 3560 4163 ὅτε,
3589 4096 3730 4152 κατὰ

2155 4191 2248 4244 τὸν
2289 4194 2524 4259 Λουκᾶν,
2566 4192 2969 4264 παραλαϐόντες
3016 4192 3108 4245 τὸν
3153 4191 3357 4263 Ἰησοῦν
3399 4191 3605 4262 ἡγαγον
3647 4189 3731 4253 εἰς

2155 4284 2256 4354 τὴν
2290 4284 2466 4336 οἰκίαν
2509 4282 2602 4336 τοῦ
2652 4284 2987 4357 ἀρχιερέως·
3021 4285 3050 4336 6
3090 4283 3145 4336 δὲ
3196 4283 3399 4356 Πέτρος
3443 4280 3727 4351 ἠκολούθει

2159 4374 2430 4446 μακρόθεν
2461 4392 2475 4406 ·
2524 4375 2906 4446 περιαψάντων
2933 4375 2989 4428 δὲ
3033 4374 3144 4447 πῦρ
3183 4375 3241 4428 ὲν
3296 4373 3444 4445 μέσῳ
3487 4371 3584 4442 τῆς
3629 4373 3730 4426 αὐ·-

2155 4466 2274 4537 λῆς,
2323 4466 2576 4538 ἐκάθητο,
2614 4466 2755 4520 κατὰ
2797 4467 2887 4519 τὸν
2917 4467 3163 4538 Μάρκον,
3204 4463 3338 4537 μετὰ
3371 4460 3478 4517 τῶν
3524 4461 3731 4515 λοιπῶν

2157 4556 2601 4628 θερμαινόμενος.
2648 4558 2707 4610 '0
2734 4557 2789 4610 δὲ
2824 4558 3074 4629 Ἰωάννης
3103 4556 3360 4628 ἄντικρυς
3385 4553 3478 4608 καὶ
3497 4551 3592 4606 τοῦ
3628 4550 3732 4622 ψῦ-

2158 4671 2286 4724 χους
2315 4653 2736 4724 ἐμνημόνευσεν,
2779 4653 2945 4707 εἰπών
2967 4669 2980 4681 ·
3029 4671 3046 4700 ι
3083 4651 3443 4721 Εἱστήκεισαν
3469 4649 3517 4701 οἱ
3555 4645 3730 4699 δοῦλοι

2158 4745 2253 4798 καὶ
2279 4748 2327 4798 οἱ
2350 4744 2616 4817 ὑπηρέται
2641 4745 2936 4814 ἀνθρακιὰν
2953 4742 3333 4812 πεποιηκότες,
3348 4742 3429 4793 ὅτι
3449 4736 3617 4809 ψῦχος
3639 4733 3726 4807 ἦν,

2158 4839 2253 4890 καὶ
2299 4836 2698 4909 ἐθερμαίνοντο.
2724 4854 2866 4888 ι-ι
2890 4836 3108 4905 Γνωστὴ
3144 4833 3220 4898 δὲ,
3260 4831 3445 4904 φησὶν,
3483 4826 3551 4900 ἦν
3587 4828 3725 4898 αῦτη

2157 4929 2386 5002 ἡὴμέρα
2400 4928 2478 4998 τῷ
2492 4928 2699 5000 Κυρίῳ,
2721 4929 2811 4981 καὶ
2825 4928 2923 4980 οὐκ
2937 4923 3004 4997 ἦν
3021 4926 3221 4996 ἡμέρα,
3247 4923 3339 4976 καὶ
3362 4922 3460 4975 οὐκ
3482 4917 3549 4991 ἦν
3571 4915 3685 4983 νύξ·
3705 4939 3722 4968 ι

2156 5022 2254 5091 οὐχ
2276 5021 2455 5091 ἡμέρα
2485 5019 2601 5088 μὲν,
2626 5019 2713 5072 διὰ
2733 5019 2791 5071 τὸ
2810 5017 3150 5089 προκεῖσθαι,
3190 5033 3210 5066 ι
3233 5016 3345 5067 Οὐκ
3360 5012 3510 5064 ἔσται
3543 5010 3658 5080 φῶς
3673 5029 3684 5040 ·
3703 5032 3722 5061 υ

2151 5113 2180 5166 ὃ
2206 5114 2299 5166 καὶ
2324 5111 2642 5183 ἐπληροῦτο,
2674 5111 2761 5162 ὅτε
2795 5110 2902 5163 ἀπὸ
2931 5109 3093 5179 ἕκτης
3118 5108 3266 5181 ὥρας
3295 5105 3483 5166 σκότος
3513 5102 3726 5170 ἐγένετο

2151 5205 2245 5257 ἐπὶ
2261 5205 2439 5257 πᾶσαν
2457 5203 2554 5274 τὴν
2582 5203 2683 5273 γῆν
2704 5202 2808 5265 ἓως
2829 5201 2978 5272 ὥρας
3008 5200 3234 5270 ὲννάτης
3253 5215 3266 5228 ·
3291 5217 3310 5250 ι
3341 5194 3473 5249 Οὐδὲ
3489 5193 3584 5258 νὺξ
3598 5192 3674 5257 δὲ,
3701 5215 3720 5246 ι

2150 5295 2238 5348 διὰ
2280 5295 2342 5348 τὸ
2387 5292 2766 5360 ἐπιλέγεσθαι,
2823 5311 2841 5344 ι
2869 5292 3014 5363 Πρὸς
3057 5289 3295 5356 ἑσπέραν
3339 5287 3490 5340 ἔσται
3528 5284 3661 5355 φῶς.
3702 5303 3720 5332 ο

2157 5388 2222 5439 Ὃ
2249 5387 2344 5439 καὶ
2376 5387 2504 5439 αὐτὸ
2535 5385 2719 5449 τέλους
2749 5384 3063 5453 ἐτύγχανεν.
3094 5384 3182 5436 ὅτε
3211 5381 3347 5453 μετὰ
3374 5380 3471 5450 τὴν
3496 5376 3725 5446 έννάτην

2151 5474 2301 5546 ὥραν
2339 5472 2493 5540 αὖθις
2524 5476 2585 5528 τὸ
2621 5475 2847 5546 σύνηθες
2883 5475 2997 5544 φῶς
3027 5471 3410 5543 ἀπελάμϐανεν
3444 5471 3476 5540 ἡ
3509 5467 3744 5551 ἡμέρανΔ

2151 5567 2246 5620 καὶ
2272 5566 2412 5620 κατὰ
2445 5566 2679 5620 διάνοιαν
2707 5565 2762 5618 δὲ
2795 5564 2968 5618 ταῦτα
3000 5563 3319 5635 ἐπληροῦτο.
3350 5559 3595 5614 Καθόλου
3627 5557 3727 5627 μὲν

2151 5659 2243 5712 ἐπὶ
2276 5659 2336 5710 τὸ
2376 5657 2639 5712 Ἰουδαίων
2671 5656 2840 5722 ἔθνος,
2873 5656 3010 5728 μετὰ
3040 5654 3137 5726 τὴν
3162 5653 3303 5708 κατὰ
3345 5650 3438 5706 τοῦ
3463 5645 3728 5722 Χριστοῦ,

555 5821 808 5874 MAmos
835 5835 910 5886 ix,
941 5820 1000 5874 L
1065 5820 1084 5850 ³
1116 5817 1302 5873 Matth.
1339 5833 1498 5883 nm,
1530 5816 1617 5872 58.
1696 5816 1715 5847 ⁸
1739 5813 1928 5870 Matth.
1959 5829 2033 5879 ιν,
2064 5811 2151 5868 Η.
