4110 6428
421 370 525 425 665

1326 330 1980 423 bEMONSTRATlONiS
2022 367 2481 423 EVANGELlC/E
2515 366 2642 423 LIB.
2690 366 2772 422 Vl;

3555 367 3671 426 466

421 489 644 558 τόλμαν,
675 487 900 550 σκότους
922 487 1015 540 καὶ
1044 487 1216 556 πάγου
1251 487 1347 541 καὶ
1370 486 1573 556 ψύχους
1607 487 1995 558 γεγενημένου,

2104 487 2202 542 erit
2229 503 2337 540 uno
2379 486 2485 541 die.
2537 505 2555 537 ι
2591 485 2696 540 Pro
2726 499 2836 554 quo
2888 484 3246 557 Symmachus
3275 489 3660 558 interpretatus

423 575 798 647 σκοτισθεεσης
831 575 1006 630 αὐτῶν
1037 577 1135 646 τῆς
1174 577 1406 638 διανοίας
1438 579 1517 638 είς
1556 576 1616 628 τὸ
1652 575 1725 646 μὴ
1758 576 1995 643 αὐγάσαι

421 671 514 726 τὸν
542 671 821 741 φωτισμὸν
841 670 931 723 τοῦ
950 669 1276 738 Εύαγγελίου
1296 673 1352 724 ὲν
1375 675 1494 734 ταῖς
1518 670 1768 742 καρδίαις
1794 670 1993 734 αὐτῶν,

341 774 343 777 ’
421 762 690 834 ψυγείσης
723 780 782 815 τε
812 763 912 833 τῆς
935 768 1070 833 πρὸς
1103 764 1194 816 τὸν
1219 763 1350 817 Θεὸν
1376 764 1612 832 ἀγάπης.
1639 763 1914 833 Ἔμπαλιν
1941 762 1997 814 δὲ

426 857 566 927 πρὸς
597 857 662 924 τῇ
695 855 900 926 ἑσπέρᾳ
946 854 1007 906 τὸ
1054 854 1167 922 φῶς
1205 856 1305 924 τῆς
1346 853 1596 922 γνώσεως
1644 853 1736 907 τοῦ
1761 852 1996 924 Χριστοῦ

425 943 806 1007 ἀνατέταλκεν,
855 945 930 1005 ὡς
977 944 1102 1007 τοὺς
1148 944 1312 999 πάλαι
1361 943 1699 1014 καθημένους
1736 945 1792 995 ὲν
1821 943 1998 994 σκότει

427 1035 522 1093 καὶ
563 1037 687 1105 σκιᾷ
739 1035 968 1089 Θανάτου
1006 1035 1066 1088 τὸ
1111 1035 1250 1106 μέγα
1280 1034 1394 1104 φῶς
1429 1035 1576 1098 ἰδεῖν,
1612 1033 1751 1086 κατὰ
1783 1032 1880 1096 τὰς
1907 1031 1997 1085 τοῦ

440 1127 659 1181 Ἡσαΐου
694 1128 877 1196 φωνάς
902 1142 918 1158 ο
949 1145 966 1177 ι
991 1128 1078 1180 Ἐν
1107 1128 1244 1197 αὐτῇ
1268 1127 1330 1197 δὴ
1355 1122 1446 1179 οῦν
1476 1129 1542 1196 τῇ
1568 1126 1785 1196 τοιαύτῃ
1819 1125 2000 1195 ἡμέρᾳ.

424 1216 516 1270 τοῦ
545 1216 773 1288 Κυρίου,
799 1217 1137 1281 ἐξελεύσεται
1158 1258 1171 1281 ,
1196 1237 1214 1269 ι
1240 1218 1426 1287 φησιν,
1461 1237 1477 1267 ι
1511 1217 1652 1287 ὕδωρ
1678 1216 1783 1281 ζῶν
1815 1216 1875 1280 ἐξ
1908 1217 2001 1268 Ἰε-

424 1308 658 1384 ρουσαλή
668 1328 728 1378 μ.
753 1307 949 1360 »Τοῦτο
974 1308 1028 1360 δὲ
1055 1305 1122 1379 ἦν
1147 1309 1206 1361 τὸ
1233 1308 1444 1376 λογικὸν
1459 1309 1551 1361 καὶ
1569 1308 1815 1378 πότιμον,
1841 1306 2001 1370 ζωτι-

423 1399 516 1452 κόν
550 1416 610 1451 τε
646 1399 740 1452 καὶ
787 1401 1053 1470 σωτήριον
1107 1400 1205 1470 τῆς
1251 1398 1344 1452 τοῦ
1385 1399 1619 1472 Χριστοῦ
1658 1399 2002 1462 διδασκαλίας

425 1491 606 1555 ποτὸν,
635 1491 762 1562 περὶ
785 1482 846 1542 οὗ
875 1491 966 1543 καὶ
997 1490 1158 1554 αὐτὸς
1189 1491 1246 1542 ὲν
1273 1490 1350 1560 τῷ
1382 1490 1523 1544 κατὰ
1550 1489 2002 1561 Ἰωάννην-Εύαγυ

427 1581 594 1652 γελίῳ
635 1581 736 1651 τὴν
770 1580 1100 1652 Σαμαρεῖτιν
1140 1580 1408 1634 παιδεύων
1445 1581 1660 1650 ἔλεγεν·
1709 1599 1728 1632 ‹
1761 1581 1824 1634 El
1857 1579 2003 1651 ᾔδεις

427 1675 510 1738 τίς
538 1677 684 1728 ἐστιν
717 1673 746 1724 ὁ
777 1673 952 1740 λέγων
983 1689 1095 1726 σοι*
1159 1672 1257 1735 Δός
1289 1689 1378 1742 μοι
1407 1675 1570 1735 πιεῖν,
1603 1673 1666 1725 σὺ
1697 1672 1761 1725 ἂν
1794 1673 2004 1743 ᾔτησας

431 1763 614 1828 αὐτὸν,
639 1765 732 1818 καὶ
760 1764 956 1818 ἔδωκεν
988 1765 1052 1818 ἄν
1086 1781 1167 1816 σοι
1195 1763 1340 1836 ὕδωρ
1371 1763 1532 1828 ζῶν.»
1567 1765 1708 1818 Αύτὸ
1731 1760 1823 1818 οῦν
1846 1765 2003 1818 τοῦτο

2101 585 2186 632 εει
2221 595 2234 630 :
2279 595 2296 626 ι
2338 575 2402 630 Ει
2437 577 2491 630 in
2521 576 2608 631 die
2631 576 2720 629 illa
2746 592 2852 630 non
2877 579 2980 632 erit
3003 578 3115 642 lux,
3148 577 3242 633 sed
3269 578 3437 650 frigus
3467 586 3518 633 ct
3550 580 3662 648 διε».

2098 669 2210 724 cies
2242 669 2343 722 erit
2374 683 2480 722 uno
2501 668 2608 732 die,
2641 667 2733 738 qui
2753 669 3003 740 cognitus
3029 677 3113 725 est
3138 668 3386 735 Domino,
3414 687 3522 725 non
3543 672 3662 726 dies

2099 773 2275 828 neque
2311 773 2439 823 nox,
2475 758 2566 813 sed
2596 758 2699 812 erit
2734 758 2799 812 ad
2832 774 3113 828 vesperam
3144 760 3255 814 lux.
3285 779 3305 813 ι
3335 759 3399 814 Ει
3437 776 3566 816 sane
3589 763 3664 814 vi-

2099 850 2196 904 des
2224 850 2677 918 quemadmodum
2711 850 2764 903 in
2815 850 2899 903 his
2930 851 3110 905 verbis
3141 851 3460 920 planissime
3493 851 3659 913 diem,

2099 957 2208 1010 quo
2240 941 2488 994 Salvator
2513 949 2700 995 noster
2723 941 2990 1011 supplicio
3029 950 3112 996 est
3153 942 3400 1009 affectus,
3463 941 3664 1012 signiﬁ-

2100 1039 2206 1095 cet,
2243 1031 2295 1084 in
2324 1046 2430 1101 quo
2452 1031 2538 1084 die
2572 1030 2700 1084 illud
2725 1031 2961 1100 quidem,
2990 1051 3007 1082 ι
3038 1030 3153 1085 Νοιι
3179 1032 3280 1086 erit
3311 1033 3422 1096 lux,
3462 1052 3479 1084 ι
3511 1047 3665 1086 com-

2103 1123 2306 1192 pletum
2363 1131 2466 1185 est,
2513 1123 2730 1192 quando
2779 1140 2807 1176 a
2861 1129 3011 1177 sexta
3056 1123 3188 1176 hora
3238 1122 3475 1177 tenebrae
3509 1123 3663 1177 factm

2103 1221 2229 1267 sunt
2252 1212 2305 1265 in
2333 1213 2642 1267 universam
2670 1219 2888 1275 terram,
2924 1226 3093 1280 usque
3125 1211 3189 1264 ad
3219 1211 3406 1265 horam
3438 1229 3659 1268 nonam.

2103 1299 2239 1354 Illud
2270 1309 2492 1356 autem:
2532 1317 2549 1350 ι
2592 1297 2696 1354 Sed
2747 1299 2918 1370 frigus
2961 1307 3013 1352 ct
3055 1299 3276 1368 glacies,
3329 1321 3346 1352 ι
3385 1317 3492 1371 quo
3522 1309 3665 1356 tem-

2102 1407 2256 1461 pore,
2299 1401 2357 1445 ut
2391 1391 2568 1445 Lucas
2599 1390 2872 1455 scribit“,
2907 1390 3418 1458 comprehendentes
3452 1390 3662 1456 Jesum,
3753 1377 3760 1382 ’

2104 1482 2380 1536 duxerunt
2410 1482 2481 1536 ad-
2509 1481 2727 1535 domum
2763 1481 3024 1551 principis
3069 1481 3433 1535 sacerdotum.
3469 1481 3664 1540 Petrus

2104 1581 2286 1628 autem
2309 1573 2635 1643 sequebatur
2656 1589 2777 1628 eum
2805 1587 2834 1624 a
2859 1573 3015 1643 longe
3044 1592 3056 1626 :
3084 1587 3315 1629 accenso
3335 1581 3512 1630 autem
3541 1578 3666 1646 igne

2105 1666 2158 1719 in
2183 1665 2359 1719 medio
2374 1665 2518 1728 atrii,
2540 1665 2782 1728 sedebat,
2807 1674 2865 1718 ut
2887 1666 2960 1718 ait
2983 1665 3243 1731 Marcus“,
3269 1681 3392 1721 cum
3415 1668 3662 1738 reliquis,

2108 1755 2270 1827 293
2302 1755 2628 1811 calefaciens
2665 1772 2744 1812 se.
2775 1755 3010 1812 Joannes
3032 1773 3162 1812 vero
3191 1758 3350 1828 plane
3378 1758 3539 1813 etiam
3571 1759 3669 1813 fri-

431 1856 504 1909 τὸ·
525 1857 789 1926 σωτήριον
822 1857 980 1908 ποτὸν
1013 1854 1071 1919 ἐξ
1099 1855 1265 1926 αὐτῆς
1289 1855 1387 1926 τῆς
1419 1855 1771 1927 Ἰερουσαλὴμ
1801 1856 2001 1928 προῆλ-

2107 1863 2207 1918 gus
2237 1848 2697 1912 commemoravit,
2731 1847 2822 1901 ubi
2855 1849 2966 1902 ait:
2999 1866 3018 1898 ι
3060 1846 3287 1903 Stabant
3315 1850 3458 1903 servi
3490 1857 3542 1903 et
3565 1849 3668 1903 mi-

433 1949 526 2002 οεν
545 1966 558 1980 ο
596 1948 800 2002 ἐνθένδε
828 1948 956 2016 γοῦν
981 1945 1203 2018 ὥρμητο
1238 1945 1402 2001 αὐτοῦ
1435 1947 1783 2016 Εὐαγγέλιον,
1824 1947 1920 2000 καὶ
1951 1948 1999 2000 οἱ

431 2037 620 2090 τούτου
653 2038 888 2107 κήρυκες
916 2037 1089 2089 πᾶσαν
1118 2034 1470 2106 κατέπλησαν
1510 2036 1607 2108 τὴν
1646 2035 1996 2107 οἰκουμένην·

429 2129 578 2182 ὃλκαὶ
606 2128 852 2198 δηλοῦται
883 2127 970 2181 διὰ
991 2129 1083 2180 τοῦ
1110 2128 1392 2196 λέγεσθαι·
1427 2147 1445 2179 ι
1471 2130 1564 2194 Είς
1595 2129 1693 2200 τὴν
1727 2127 2004 2182 θάλασσαν

423 2217 523 2288 τὴν
561 2217 803 2289 πρώτην,
835 2219 929 2272 καὶ
958 2222 1038 2282 είς
1061 2221 1159 2292 τὴν
1181 2221 1453 2275 θάλασσαν
1497 2220 1594 2292 τὴν
1619 2221 1854 2293 ἐσχάτην
1881 2240 1900 2274 ι
1943 2223 2003 2275 τὸ

427 2305 538 2369 ζῶν
599 2307 742 2379 ὕδωρ
783 2307 1178 2375 ἐξελεύσεσθαι.
1236 2313 1314 2363 Δι’
1347 2305 1422 2364 ὧν
1457 2311 1667 2382 τάητῆς
1707 2311 2002 2382 συμπάσης

422 2399 530 2468 γῆς
579 2401 793 2472 πέρατα
843 2401 1119 2470 δηλοῦται,
1173 2403 1243 2456 τά
1290 2420 1350 2456 τε
1399 2404 1533 2474 πρὸς
1581 2404 1660 2475 τῷ
1702 2404 2006 2476 ἁνατολικῷ

435 2489 676 2560 Ὠκεανῷ
705 2489 896 2561 πρώτη
948 2491 1184 2546 Θάλαττα
1215 2491 1606 2564 ὀνομαζόμενα,
1640 2494 1735 2546 καὶ
1766 2494 1834 2548 τὰ
1865 2496 2006 2550 κατὰ

425 2580 618 2634 δύοντα
657 2582 807 2652 ἥλιον
846 2582 934 2636 διὰ
965 2584 1065 2654 τῆς
1094 2583 1362 2656 Θαλάττης
1391 2585 1493 2654 τῆς
1537 2586 1770 2656 ἐσχάτης
1805 2605 2004 2658 σημαι-

424 2670 644 2748 νόμενα,
683 2670 718 2724 ἃ
741 2671 832 2732 καὶ
865 2671 1192 2743 πεπλήρωκε
1219 2673 1283 2731 τὸ,
1301 2673 1405 2737 ζῶν
1439 2673 1582 2746 ὕδωρ
1612 2677 2001 2749 τῆςσωτηρίου

427 2762 520 2814 καὶ
550 2761 908 2833 εύαγγελικῆς
957 2763 1322 2827 διδασκαλίας,
1360 2767 1488 2836 περὶ
1534 2758 1594 2821 οῦ
1639 2767 1800 2821 πάλιν
1841 2771 2002 2824 ἐπαί-

425 2851 565 2915 δευε,
596 2852 798 2922 λέγων⁸
841 2875 858 2905 ι
878 2857 972 2918 Ὃς
1001 2855 1066 2908 ἂν
1105 2855 1201 2927 πίῃ
1244 2856 1336 2909 τοῦ
1375 2857 1584 2923 ὓδατος,
1616 2851 1677 2911 οὗ
1709 2859 1819 2928 ὲγὼ
1849 2859 2003 2913 δώσω

424 2943 594 3014 αὐτῷ,
649 2946 708 2998 ού
750 2945 824 3018 μὴ
869 2946 1081 3016 διψήσει
1108 2949 1187 3010 εἰς
1230 2949 1321 3001 τὸν
1362 2948 1554 3003 αἰῶνα.
1592 2969 1609 3001 ι
1669 2952 1777 3004 Καὶ
1819 2953 1998 3005 πάλιν·

431 3047 448 3079 ι
476 3031 734 3100 Ποταμοὶ,
777 3035 961 3104 φησὶν,
1004 3037 1067 3087 ὲκ
1123 3036 1221 3105 τῆς
1279 3036 1487 3100 κοιλίας
1527 3038 1692 3092 αὐτοῦ
1724 3039 2003 3111 ῥεύσουσιν

426 3119 618 3185 ὓδατος
670 3123 898 3188 ζῶντος,
962 3127 1256 3196 ἁλλομένου
1336 3131 1416 3191 είς
1467 3129 1610 3201 ζωὴν
1672 3130 1888 3185 αἰώνιον
1919 3172 1931 3185 .
1977 3153 1994 3183 ι

2109 1939 2268 1994 nistri
2299 1939 2365 1992 ad
2397 1954 2621 2009 prunas,
2657 1939 2782 2009 quia
2823 1939 2990 2009 frigus
3023 1949 3168 2004 erat,
3196 1947 3249 1994 et
3281 1939 3669 1994 calcfaciebant

2105 2046 2164 2085 se
2193 2030 2233 2086 ⁸.
2273 2049 2292 2082 ι
2327 2060 2394 2071 -
2425 2029 2725 2101 «ϐοειιὶιιιε
2778 2038 2978 2094 autem,
3020 2030 3215 2100 inquit,
3254 2037 3338 2086 est
3410 2031 3497 2086 hic
3551 2030 3668 2087 dies

2103 2121 2354 2187 Domino,
2386 2130 2440 2178 et
2467 2137 2575 2177 non
2613 2124 2718 2176 erit
2747 2123 2885 2186 dies,
2920 2138 3096 2192 neque
3125 2123 3228 2178 erit
3252 2137 3383 2187 nox,
3415 2138 3522 2177 non
3543 2126 3666 2194 qui-

2104 2212 2225 2268 dem
2272 2215 2390 2268 dies
2434 2232 2447 2266 :
2497 2232 2516 2265 ›
2573 2221 2856 2283 prapterea
2917 2211 3061 2282 quod
3117 2211 3322 2266 dictum
3377 2219 3459 2266 est
3517 2219 3665 2275 ante,

2109 2327 2128 2360 ι
2159 2307 2279 2363 Non
2314 2309 2416 2362 erit
2458 2306 2569 2367 lux,
2614 2323 2632 2356 ι
2660 2304 2804 2374 quod
2835 2318 2965 2357 sane
2990 2303 3152 2356 etiam
3202 2301 3519 2370 completum
3561 2310 3666 2365 est,

2105 2399 2322 2468 quando
2348 2412 2377 2450 a
2413 2402 2564 2452 sexta
2594 2394 2729 2448 hora
2761 2392 2994 2447 tenebrae
3015 2391 3171 2445 facta:
3201 2389 3326 2444 s'unt
3349 2405 3511 2460 super
3540 2391 3668 2442 uni—

2104 2504 2315 2545 versam
2350 2497 2573 2551 terram,
2619 2499 2793 2553 usque
2830 2484 2895 2537 ad
2939 2483 3130 2537 horam
3163 2496 3362 2536 nonam
3396 2500 3407 2534 :
3439 2499 3458 2532 ι
3483 2478 3668 2549 Neque

2102 2583 2233 2637 item
2294 2596 2443 2635 nox:
2498 2597 2515 2629 ι
2573 2585 2854 2648 propterea
2893 2575 3038 2646 quod
3093 2574 3336 2629 additum
3389 2582 3493 2639 est,
3532 2593 3548 2622 ι
3583 2573 3662 2625 Ad

2103 2689 2387 2745 vesperam
2422 2674 2526 2726 erit
2549 2672 2660 2734 lux,
2714 2689 2732 2722 ι
2771 2668 2914 2740 quod
2943 2671 3106 2722 ctiam
3136 2667 3312 2738 ipsum
3347 2667 3550 2720 exitum
3584 2667 3670 2719 in-

2103 2767 2272 2832 venit,
2297 2765 2515 2836 quando
2553 2769 2677 2834 post
2711 2776 2910 2816 nonam
2963 2760 3172 2823 horam,
3201 2774 3392 2813 rursus
3433 2771 3667 2812 consue-

2105 2862 2218 2909 tum
2253 2854 2435 2908 lumen
2465 2851 2669 2922 recepit
2703 2850 2839 2906 dies.
2884 2848 3164 2906 Praeterea.
3186 2847 3504 2905 sententiam
3534 2846 3671 2916 quo—

2104 2960 2210 3016 quc
2277 2944 2324 3000 si
2397 2944 2708 3013 sequimur,
2769 2943 2883 2997 haec
2951 2943 3216 3012 completa
3259 2945 3419 2994 erunt
3461 2939 3512 2992 in
3545 2941 3667 2993 uni-

2102 3053 2262 3093 verso
2282 3037 2500 3107 quidem
2534 3052 2698 3106 super
2717 3034 2941 3090 Judaica
2971 3045 3146 3103 gente,
3165 3043 3448 3104 postquam
3476 3033 3662 3087 adver-

2109 3145 2204 3184 sus
2237 3129 2515 3184 Christum
2543 3127 2674 3182 illud
2701 3128 2935 3182 immane
2965 3125 3177 3180 facinus
3210 3139 3340 3180 ausa
3369 3131 3471 3189 est,
3504 3136 3558 3178 et
3584 3131 3668 3178 te-

429 3212 540 3264 Καὶ
596 3209 776 3278 αὖθις⁸
839 3234 857 3266 ι
891 3217 958 3270 EI
996 3234 1079 3280 τις
1125 3217 1271 3288 διψᾷ,
1319 3219 1560 3290 ἐρχέσθω
1607 3221 1744 3292 πρὸς
1779 3223 1867 3292 μὲ,
1915 3224 2001 3276 καὶ

2109 3220 2311 3285 nebrte,
2344 3227 2398 3274 et
2426 3220 2649 3290 glacies,
2677 3226 2731 3274 ct
2753 3217 2926 3288 frigus
2960 3217 3102 3272 facta
3135 3225 3282 3278 sunt,
3315 3217 3514 3286 quippe
3545 3231 3668 3269 cum

428 3303 646 3356 πινέτω.
665 3323 682 3355 ι
707 3305 862 3359 Μετὰ
893 3305 1022 3375 γοῦν
1051 3308 1396 3379 ἁνομϐρῆσαν
1429 3311 1490 3361 ὲκ
1518 3309 1615 3380 τῆς
1654 3311 2004 3384 Ἰερουσαλὴμ

427 3393 518 3445 ἐπὶ
563 3395 670 3447 πᾶν
725 3395 879 3463 γένος
940 3395 1240 3467 ἀνθρώπων
1324 3401 1589 3470 σωτήριον
1639 3403 1734 3454 καὶ
1794 3401 2004 3471 λογικὸν

436 3485 603 3553 νᾶμα,
644 3485 779 3556 ὅπερ
815 3485 1142 3556 σαφέστερον
1173 3489 1229 3539 ὲν
1255 3487 1424 3558 ἑτέρῳ
1472 3488 1720 3558 δηλοῦται
1765 3490 1855 3543 διὰ
1886 3492 2000 3544 τοῦθ

439 3595 459 3626 ι
483 3576 576 3628 Ἐκ
602 3574 710 3647 γὰρ
736 3575 871 3628 Σιὼν
904 3575 1242 3639 ἐξελεύσεται
1275 3578 1457 3648 νόμος,
1492 3580 1585 3632 καὶ
1610 3581 1780 3650 Λόγος
1801 3582 2003 3652 Κυρίου

429 3665 488 3731 ἐξ
525 3667 896 3738 Ἰερουσαλὴμ,
935 3668 1028 3720 καὶ
1060 3671 1234 3737 κρινεῖ
1278 3669 1380 3721 ἀνὰ
1412 3670 1572 3740 μέσον
1599 3671 1707 3723 τῶν
1740 3672 1934 3724 ἐθνῶν·
1982 3692 1999 3722 ι

436 3759 696 3822 «Ἔσται,
738 3760 903 3829 φησι,
944 3759 1148 3830 Κύριος
1211 3761 1290 3822 εἰς
1349 3760 1588 3828 βασιλέα.
1623 3782 1640 3813 ι
1687 3764 1800 3816 Ούκ
1855 3764 2005 3817 ἔσται

428 3847 486 3900 δὲ
531 3850 589 3900 ὲν
643 3847 1023 3919 Ἰερουσαλὴμ,
1079 3852 1200 3903 οὐδὲ
1252 3852 1345 3904 ἐπὶ
1397 3853 1457 3904 τὸ
1511 3855 1779 3908 Ἰουδαίων
1833 3855 2002 3923 ἔθνος,

430 3937 565 3991 ἀλλὰ
590 3956 608 3989 ι
640 3941 731 3992 ἐπὶ
752 3942 930 3993 πᾶσαν
951 3941 1046 4010 τὴν
1082 3942 1185 4010 γῆν
1229 3945 1286 3995 ὲν
1317 3946 1385 4014 τῇ
1422 3943 1603 4015 ἡμέρᾳ
1647 3946 1848 4016 ἐκείνῃ.
1899 3949 2007 4000 Καὶ

430 4027 582 4082 ἔσται
611 4029 814 4099 Κύριος
863 4025 963 4094 εἷς,
1014 4033 1107 4084 καὶ
1151 4032 1210 4085 τὺ
1253 4032 1421 4102 δνομα
1453 4033 1616 4086 αὑτοῦ
1658 4035 1735 4099 ἓν,
1777 4035 2005 4090 κυκλοῦν

431 4121 609 4173 πᾶσαν
639 4120 737 4190 τὴν
773 4121 896 4190 γῆν.
937 4142 954 4172 ι
995 4124 1060 4174 Ἃ
1095 4124 1190 4176 καὶ
1229 4123 1366 4176 αὐτὰ
1395 4123 1606 4193 συνᾴδει
1635 4127 1745 4188 τοῖς
1769 4125 1875 4178 ἀπὸ
1899 4126 2006 4180 τῶν

440 4210 697 4278 Ψαλμῶν
729 4211 1098 4283 παρατεθεῖσι,
1125 4213 1189 4265 δι’
1214 4205 1287 4266 ὧν
1321 4212 1558 4281 ἐλέγετο·
1586 4234 1604 4266 ι
1628 4215 2004 4271 Ἐϐασίλευσεν

428 4304 457 4354 ό
485 4301 615 4366 Θεὸς
647 4304 740 4356 ἐπὶ
762 4304 826 4357 τά
862 4303 988 4375 ἔθνη
1017 4323 1030 4334 ·
1071 4325 1088 4356 ι
1117 4306 1209 4359 καὶ
1239 4305 1433 4359 πάλινο
1476 4324 1494 4358 ι
1522 4305 1727 4360 Εἴπατε
1782 4308 1843 4361 ὲν
1890 4312 2004 4374 τοῖς

431 4395 668 4448 ἔθνεσιν⁶
733 4396 790 4450 '0
836 4396 1037 4471 Κύριος
1094 4399 1429 4454 ἐϐασίλευσε.
1469 4419 1488 4451 ι
1548 4399 1731 4453 Ταῦτα
1772 4401 1828 4454 δὲ
1868 4402 2002 4474 ὁμοῦ

431 4485 610 4540 πάντα
648 4488 704 4540 ὲν
737 4491 855 4550 ταῖς
895 4488 988 4541 τοῦ
1019 4490 1221 4560 Κυρίου
1254 4490 1490 4561 ἡμέραις
1534 4490 1749 4546 ἔσεσθαι
1793 4511 2004 4565 προφη-

427 4576 662 4632 τεύεται.
706 4579 793 4634 Ἐν
826 4579 966 4652 ἀρχῇ
991 4577 1122 4648 γοῦν
1147 4581 1243 4649 τῆς
1269 4580 1395 4651 ὅλης
1429 4582 1782 4653 προφητείας,
1830 4601 1848 4634 ι
1871 4584 2000 4637 Ἰδοὺ

428 4667 664 4738 ἡμέραι,
719 4669 902 4739 φησιν,
959 4667 1206 4741 ἔρχονται
1254 4669 1347 4722 τοῦ
1402 4671 1627 4741 Κυρίου,
1682 4671 1775 4723 καὶ
1839 4670 2000 4724 ἔσται

428 4757 573 4814 τάδε.
602 4779 621 4812 ι
669 4759 803 4812 Τίνα
847 4759 911 4831 δὴ
958 4760 1128 4814 ταῦτα
1161 4759 1280 4828 ἀλλ’
1311 4760 1344 4831 ἢ
1377 4761 1410 4833 ὴ
1441 4761 1724 4834 πολιορκία
1756 4761 1856 4832 τῆς
1904 4763 2004 4815 Ίεο

433 4847 728 4919 ρουσαλὴμ,
763 4850 856 4902 καὶ
887 4851 919 4920 ή
949 4848 1040 4903 τοῦ
1069 4849 1273 4919 Κυρίου
1315 4849 1645 4920 μετάστασις
1674 4853 1770 4905 ἐπὶ
1797 4853 1859 4904 τὸ
1894 4851 2002 4906 τῶν

441 4938 667 4992 Ἐλαιῶν
705 4939 850 5010 ὅρος,
895 4939 988 4993 καὶ
1031 4941 1111 5003 τὸ,
1153 4940 1460 5011 «Παρέσται
1487 4941 1710 5012 Κύριος,
1737 4961 1755 4994 ι
1807 4941 1900 4994 καὶ
1933 4941 2000 4995 τὰ

432 5025 816 5097 συμϐεϐηκότα
850 5030 978 5100 περὶ
1025 5031 1124 5102 τὴν
1161 5032 1374 5102 ἡμέραν
1410 5031 1505 5084 τοῦ
1551 5031 1758 5096 πάθους
1801 5033 1998 5097 αύτοῦ;

429 5117 524 5170 καὶ
561 5116 622 5170 τὸ
653 5117 760 5181 ζῶν
794 5117 960 5190 ὕδωρ,
1000 5121 1060 5173 τὸ
1097 5122 1190 5179 ἐπὶ
1226 5124 1406 5176 πᾶσαν
1439 5122 1638 5194 ρεῦσαν
1687 5122 1784 5193 τὴν
1821 5125 2000 5185 οἰκου-

433 5208 601 5279 μένην
625 5225 638 5273 ;
680 5210 771 5262 καὶ
803 5211 896 5263 ἐπὶ
922 5213 1055 5268 πᾶσι
1081 5212 1290 5276 τούτοις
1317 5217 1349 5285 ἡ
1372 5213 1618 5284 βασιλεία
1649 5214 1864 5268 πάντων
1894 5215 2001 5268 τῶν

430 5298 597 5352 ἐθνῶν
649 5299 909 5371 ἄρχουσα,
967 5304 1062 5358 καὶ
1102 5305 1163 5358 τὸ
1210 5305 1378 5376 ὄνομα
1426 5308 1586 5360 αὐτοῦ
1640 5307 1718 5372 ἒν,
1761 5307 2001 5379 πληροῦν

431 5389 610 5442 πᾶσαν
651 5391 748 5461 τὴν
775 5393 907 5462 γῆν;
943 5393 1084 5470 ᾇπερ
1129 5396 1313 5450 ὁποίου
1357 5398 1542 5460 τέλους
1585 5397 1792 5468 ἔτυχεν,
1825 5399 1900 5463 ὡς
1943 5399 2001 5452 ὲν

430 5477 662 5551 ἐπιτομῇ
691 5481 1059 5554 διειλήφαμεν.
1101 5486 1372 5557 Πρόδηλον
1404 5488 1460 5540 δὲ
1499 5490 1594 5541 καὶ
1628 5489 1742 5552 πῶς
1771 5489 1877 5543 ἀπὸ
1904 5490 2002 5559 τῆς

432 5565 527 5622 τοῦ
553 5571 788 5643 Χριστοῦ
834 5575 926 5629 τοῦ
960 5576 1094 5630 Θεοῦ
1140 5579 1528 5651 προσηγορίας,
1572 5580 1630 5633 τὸ
1663 5581 2000 5653 Χριστιανῶν

2105 3313 2322 3366 illorum
2349 3326 2502 3364 mens
2524 3309 2878 3364 obtenebrata
2913 3308 3005 3373 sit,
3041 3307 3175 3362 adeo
3205 3316 3262 3361 ut
3293 3307 3562 3376 Evangelii
3587 3309 3669 3361 lu-

2106 3413 2229 3452 men
2260 3397 2442 3451 radios
2491 3397 2546 3450 in
2581 3395 2744 3450 corda
2797 3397 3012 3451 illorum
3061 3398 3350 3452 immittere
3379 3397 3670 3467 nequierit,

2105 3497 2159 3544 et
2192 3489 2430 3543 cbaritas
2463 3502 2591 3558 erga
2628 3488 2796 3542 Deum
2851 3489 2922 3544 sit
2959 3489 3294 3557 refrigerata.
3350 3488 3672 3542 Econtrario

2106 3589 2286 3635 autem
2333 3580 2399 3635 ad
2441 3595 2726 3650 vesperam
2761 3579 2943 3634 lumen
2973 3579 3300 3650 cognitionis
3343 3579 3545 3636 Christi
3581 3593 3670 3633 or.

2107 3682 2219 3727 tum
2256 3681 2359 3735 est,
2395 3673 2530 3728 adeo
2556 3672 2672 3726 utii
2703 3673 2796 3741 qui
2838 3673 2965 3726 olim
3002 3671 3056 3724 in
3099 3669 3338 3725 tenebris
3377 3679 3432 3724 et
3480 3673 3673 3726 umbra

2107 3762 2296 3816 mortis
2327 3761 2611 3826 sedebant,
2640 3762 2821 3815 lumen
2851 3760 3106 3823 viderint,
3135 3759 3280 3814 sicut
3308 3761 3449 3829 apud
3476 3761 3670 3817 Isaiam

2107 3847 2426 3918 prophetam
2483 3849 2746 3917 scriptum
2793 3855 2878 3903 est
2915 3869 2927 3901 :
2965 3867 2982 3898 ι
3032 3847 3090 3900 In
3117 3849 3234 3917 ipso
3262 3848 3424 3918 igitur
3451 3848 3667 3904 Domini

2107 3938 2480 4006 lmjuscemodi
2542 3939 2648 4002 die,
2682 3939 3010 4010 egredietur,
3051 3941 3257 4010 inquit,
3301 3955 3439 4009 aqua
3484 3943 3672 3996 vivens

2107 4029 2173 4082 de
2202 4027 2524 4084 Jerusalem.
2567 4049 2584 4080 ι
2621 4027 2746 4083 Haec
2777 4037 2955 4083 autem
2986 4037 3070 4086 est
3105 4030 3386 4085 rationalis
3414 4037 3467 4086 et
3492 4031 3556 4083 ad
3593 4031 3674 4084 bi-

2106 4120 2343 4176 bendum
2377 4122 2583 4188 suavis,
2619 4131 2672 4178 et
2703 4124 2867 4178 vitam
2913 4121 3298 4193 suppeditans,
3329 4131 3384 4177 et
3416 4123 3671 4178 salutaris

2105 4211 2598 4268 Cbristidoctrinte
2641 4216 2810 4284 potio,
2851 4215 2918 4270 de
2947 4231 3054 4284 qua
3107 4217 3222 4284 ipse
3275 4217 3331 4270 in
3383 4214 3672 4286 Evangelio

2107 4304 2253 4375 quod
2316 4303 2558 4361 Joannes
2603 4307 2846 4377 scripsit,
2901 4305 3298 4362 Samaritanam
3351 4308 3498 4362 illam
3551 4325 3672 4363 mu-

2107 4394 2292 4450 lierem
2345 4396 2624 4450 instruens
2668 4396 3010 4466 loquebatur,
3048 4395 3234 4452 dicens
3272 4415 3284 4451 :
3325 4414 3344 4448 ο
3387 4397 3444 4451 Si
3501 4398 3671 4453 scires

2106 4486 2234 4557 quis
2257 4485 2637 4556 estquidicit
2670 4486 2768 4540 tibi
2797 4502 2810 4537 :
2851 4485 2925 4539 Da
2956 4487 3089 4542 mihi
3120 4487 3329 4552 bibere,
3353 4495 3410 4542 tu
3441 4489 3670 4558 petisses

2105 4579 2174 4634 ab
2207 4594 2293 4646 eo,
2319 4586 2374 4633 et
2409 4579 2650 4635 dedisset
2676 4579 2772 4634 tibi
2809 4594 3005 4649 aquam
3026 4580 3264 4634 vivam".
3299 4599 3318 4632 ›
3351 4579 3471 4652 Ipsa
3506 4581 3674 4651 igitur

2105 4672 2228 4727 haec
2260 4671 2520 4727 salutaris
2570 4672 2719 4742 potio
2760 4671 2828 4726 de
2875 4670 3172 4727 Jerusalem
3207 4671 3464 4742 proﬂuxit
3497 4692 3510 4728 :
3546 4671 3672 4728 inde

2079 4762 2254 4818 'illius
2285 4762 2589 4833 profectum
2617 4770 2702 4818 est
2737 4761 3108 4835 Evangelium,
3128 4773 3182 4818 et
3223 4765 3368 4820 illius
3410 4765 3583 4818 nuntii
3615 4774 3669 4819 et

2103 4866 2382 4923 praecones
2413 4859 2586 4907 totum
2615 4859 2885 4908 terrarum
2908 4855 3094 4909 orbem
3117 4855 3496 4924 impleverunt,
3527 4857 3668 4925 quod

2105 4944 2325 5015 quidem
2364 4943 2676 5000 declaratur
2698 4960 2796 5014 per
2835 4945 2886 5000 id
2927 4945 3073 5015 quod
3118 4945 3340 5010 dicitur,
3379 4964 3399 4996 ι
3435 4947 3494 5000 In
3523 4961 3673 5001 mare

2107 5035 2367 5105 primum,
2393 5043 2445 5090 et
2465 5035 2520 5090 in
2538 5051 2687 5092 mare
2709 5036 2980 5100 ultimum,
3014 5056 3032 5088 ›
3051 5035 3320 5090 viventem
3339 5051 3533 5106 aquam
3559 5037 3671 5091 exi-

2107 5133 2310 5190 turam,
2345 5126 2546 5196 quibus
2584 5126 2766 5182 verbis
2797 5125 3066 5187 universaa
3102 5131 3266 5188 terra:
3296 5123 3434 5178 ﬁnes
3465 5125 3674 5195 signiti-

2109 5227 2323 5282 cantur,
2357 5223 2410 5272 et
2461 5217 2502 5273 ii
2555 5217 2806 5273 videlicet
2851 5218 2942 5286 qui
2991 5217 3057 5270 ad
3107 5215 3378 5270 Oceanum
3447 5217 3675 5271 orientis

2110 5315 2378 5377 spectant,
2416 5307 2510 5376 qui
2544 5307 2779 5376 primum
2804 5320 2955 5360 mare
2991 5303 3362 5368 nominantur,
3395 5313 3448 5358 et
3478 5304 3572 5373 qui
3607 5305 3674 5359 ad

2109 5399 2446 5454 occidentem
2480 5399 2670 5463 solem,
2705 5400 2800 5468 qui
2837 5413 2934 5468 per
2969 5397 3216 5450 ultimum
3263 5411 3414 5451 mare
3465 5397 3676 5467 signiti-

2109 5498 2324 5554 cantur,
2359 5505 2498 5560 quos
2527 5491 2712 5558 utique
2746 5489 2901 5553 lines,
2934 5489 3190 5545 salutaris
3237 5489 3676 5559 evangelicaeque

2109 5581 2373 5638 doctrinae
2403 5595 2542 5652 aqua
2587 5580 3072 5651 vivensimplevit,
3109 5580 3175 5636 dc
3205 5595 3311 5651 qua
3353 5595 3543 5637 rursus
3579 5581 3674 5634 da-

504 5727 549 5760 “
581 5727 709 5800 Cap.
731 5747 866 5799 xxu,
904 5730 1092 5791 54-55.
1169 5732 1340 5804 'Cap.
1368 5749 1478 5800 κεν,
1522 5733 1630 5799 66.Δ
1691 5737 1710 5766 ⁶
1742 5733 1897 5790 Joan.
1927 5752 1994 5796 xv

2112 5737 2194 5791 l8.
2273 5737 2291 5767 ⁷
2322 5734 2476 5790 Joan.
2504 5750 2574 5792 Iv.
2600 5734 2686 5792 10,
