4110 6486
508 390 616 448 469

1424 369 2087 457 nmossrusrroms
2121 370 2585 435 EVANGELILE
2626 377 2755 433 LIB.
2797 376 2883 433 vr.

3658 382 3762 437 47G

507 504 846 577 ήγηθήσεται
895 500 956 555 ἐν
993 499 1196 565 αὐτοῖς,
1228 498 1322 552 καὶ
1365 498 1765 573 ἐπαρθήσονται
1805 499 2068 567 Αἰγύπτιο

2194 498 2585 554 excitabuntur
2631 497 2873 570 Egyptii
2909 503 3100 553 contra
3133 496 3440 571 Egyptios,
3467 504 3521 553 et
3560 497 3759 552 bellum

506 599 602 655 ἐπὶ
646 596 996 666 Αἰγυπτίους,
1041 591 1138 647 καὶ
1171 591 1465 663 πολεμήσει
1496 591 1779 663 ἄνθρωπος
1816 592 1905 646 τὸν
1933 592 2086 646 ἀδελ-

508 691 609 761 φὸν
637 689 824 755 αὑτοῦ,
855 688 948 743 καὶ
984 685 1270 758 ἄνθρωπος
1310 682 1403 738 τὸν
1443 682 1669 755 πλησίον
1703 682 1889 737 αὑτοῦ.
1926 684 2087 748 Πόλις

508 784 603 838 ἐπὶ
626 782 799 845 πόλιν,
833 779 928 835 καὶ
954 778 1117 849 νόμος
1139 777 1235 830 ἐπὶ
1258 775 1450 848 νόμοψ
1483 776 1577 830 καὶ
1596 774 2000 847 ταραχθήσεται
2026 776 2087 830 τὸ

507 873 729 945 πνεῦμα
770 872 880 926 τῶν
921 868 1235 939 Αἰγυπτίων
1280 869 1338 921 ἐν
1375 866 1576 930 αὐτοῖς.
1612 865 1722 919 Καὶ
1763 864 1861 937 τὴν
1893 864 2087 936 βουλὴν

507 965 701 1022 αύτῶνς
732 962 1088 1020 διασκεδάσω.
1136 961 1248 1014 Καὶ
1295 959 1703 1030 ἐπερωτήσουσι
1749 959 1875 1021 τοὺς
1930 957 2086 1022 θεοὺς

506 1053 706 1120 αὐτῶν,
736 1054 832 1112 καὶ
857 1052 927 1106 τὰ
958 1051 1252 1122 ἀγάλματα
1280 1047 1479 1114 αὐτῶν,
1506 1048 1601 1101 καὶ
1625 1049 1750 1111 τοὺς
1773 1050 1837 1101 ἐκ
1860 1047 1960 1119 τῆς
1983 1048 2085 1119 γῆς

507 1146 835 1216 φωνοῦντας,
864 1145 962 1199 καὶ
983 1144 1110 1207 τοὺς
1135 1139 1629 1212 ἐγγαστριμύθους,
1652 1143 1746 1195 καὶ
1778 1143 2084 1215 παραδώσω

505 1239 777 1307 Αἴγυπτον
825 1239 906 1301 εἰς
954 1238 1144 1308 χεῖρας
1191 1234 1495 1307 ἀνθρώπων
1553 1237 1776 1307 κυρίων,
1810 1234 2081 1308 σκληρῶν,

503 1329 599 1383 καὶ
628 1329 868 1400 βασιλεῖς
911 1326 1139 1398 σκληροὶ
1171 1327 1548 1398 κυριεύσουσιν
1578 1325 1778 1391 αὐτῶν,
1813 1346 1832 1380 ι
1881 1329 1976 1383 καί
2016 1328 2085 1383 τὰ

502 1420 713 1485 τούτοις
765 1420 912 1492 ἑξῆς.
949 1421 1059 1473 Καὶ
1103 1418 1198 1474 νῦν
1248 1420 1339 1473 τὸν
1376 1418 1627 1491 δεύτερον
1670 1419 1809 1491 μετὰ
1839 1420 1931 1473 τὸν
1975 1421 2084 1474 τῶν

502 1509 638 1564 ὅλων
664 1511 799 1564 Θεὸν
826 1510 922 1564 καὶ
950 1510 1175 1582 Κύριον,
1195 1511 1357 1565 αὐτὸν
1384 1511 1448 1583 δὴ
1468 1510 1562 1565 τοῦ
1586 1511 1721 1566 Θεοῦ
1743 1513 1914 1582 Λόγον
1933 1513 2083 1585 ἥξειν

501 1601 583 1666 είς
631 1601 927 1669 Ατγυπτον,
962 1602 995 1671 ἡ
1039 1600 1289 1673 παροῦσα
1319 1604 1628 1675 προφητεία
1668 1603 1944 1675 σημαίνει,
1986 1604 2081 1658 καὶ

500 1691 651 1761 ῆξειν
678 1693 777 1746 οὐκ
804 1692 1044 1763 ἀφανῶς,
1073 1695 1181 1748 οὐδ’
1206 1694 1473 1766 ἀοράτως,
1503 1695 1611 1748 οὐδ’
1643 1695 1771 1750 ἄνευ
1808 1697 1952 1760 τινὸς
1978 1714 2087 1750 σωα

505 1787 741 1858 ματικῆς
785 1786 1092 1858 περιϐολῆς,
1142 1786 1257 1839 ἀλλ’
1285 1788 1377 1840 ἐπὶ
1415 1786 1648 1858 νεφέλης
1686 1786 1892 1858 κούφης
1928 1788 2083 1858 ὀχού-

2189 597 2338 661 geret
2377 589 2541 643 homo
2586 597 2777 644 contra
2808 588 3033 667 i‘ratrem
3065 605 3248 656 suum,
3282 598 3336 645 et
3373 591 3540 645 homo
3569 598 3763 645 contra

2188 683 2497 754 proximum
2530 698 2710 739 suum.
2742 682 2950 737 Civitas
2980 681 3247 739 adversus
3274 683 3575 747 civitatem,
3596 689 3651 739 et
3673 683 3761 739 lex

2188 773 2677 843 adversuslegem,
2704 780 2757 828 et
2782 771 3206 829 conturbabitur
3226 775 3453 846 spiritus
3471 771 3761 847 Egyptio—

2186 880 2308 920 rum
2338 867 2392 919 in
2423 864 2524 929 eis,
2555 872 2610 919 et
2633 864 2921 921 consilium
2950 880 3141 919 eorum
3171 865 3475 937 dissipabo,
3508 875 3561 922 et
3591 868 3760 922 inter-

2187 956 2461 1027 rogabunt
2502 955 2637 1010 deos
2662 970 2814 1021 suos,
2857 962 2913 1011 et
2935 957 3238 1012 simulacra
3293 974 3414 1025 sua,
3454 966 3510 1015 et
3537 972 3633 1015 eos
3662 959 3758 1030 qui

2187 1045 2255 1102 de
2286 1055 2433 1102 terra
2469 1061 2657 1103 vocem
2706 1049 2983 1113 emittunt,
3019 1059 3074 1105 et
3125 1050 3416 1122 pythones,
3444 1057 3499 1106 et
3544 1050 3758 1104 tradam

2190 1138 2483 1210 Egyptum
2512 1139 2565 1193 in
2589 1153 2786 1193 manus
2814 1140 3092 1195 hominum
3126 1142 3497 1211 dominorum,
3535 1156 3760 1212 aspero-

2186 1238 2399 1295 rum,et
2422 1247 2579 1303 reges
2606 1234 2783 1305 asperi
2800 1232 3223 1288 dominabuntur
3238 1234 3319 1291 eis
3348 1235 3415 1301 ",
3444 1254 3464 1289 ι
3503 1234 3670 1308 296
3704 1244 3759 1291 et

2184 1338 2308 1394 quae
2357 1331 2684 1394 sequuntur.
2736 1324 2915 1379 Etiam
2961 1342 3110 1380 nunc
3158 1325 3326 1381 Deum
3356 1333 3411 1382 et
3440 1325 3771 1393 Dominum,’

2186 1417 2366 1487 ipsum
2399 1417 2585 1489 utique
2635 1417 2729 1474 Dei
2774 1416 3038 1483 Verbum,
3094 1416 3297 1472 iturum
3352 1418 3409 1474 in
3459 1416 3757 1492 Egyptum

2186 1524 2430 1580 praesens
2459 1510 2744 1581 prophetia
2768 1508 3059 1580 signiﬁcat,
3091 1517 3145 1564 et
3166 1510 3368 1564 iturum
3395 1526 3502 1565 non
3525 1511 3760 1566 obscure

2184 1615 2365 1671 neque
2394 1601 2768 1667 invisibiliter,
2805 1617 2983 1672 neque
3015 1601 3132 1658 sine
3162 1602 3431 1673 corporali
3462 1604 3645 1674 aliquo
3672 1603 3759 1658 ἰη-

2182 1692 2466 1757 dumento,
2500 1694 2595 1749 sed
2644 1693 2749 1748 levi
2790 1693 2937 1750 nube
2987 1702 3222 1763 vectum,
3257 1710 3320 1749 ac
3370 1698 3552 1767 potius
3594 1712 3758 1767 super

2183 1787 2551 1842 crassitudine
2573 1786 2697 1842 levi.
2734 1784 2824 1842 Sic
2846 1788 2990 1842 enim
3022 1787 3224 1844 habere
3252 1789 3403 1843 aiunt
3432 1787 3755 1845 Hebraicam

506 1895 689 1949 μενον,
736 1878 1032 1950 μᾶλλονδὲ
1079 1879 1172 1932 ἐπὶ
1221 1878 1428 1949 πάχους
1478 1878 1736 1951 ἐλαφροῦ.
1772 1878 1929 1933 Οῦτω
1972 1879 2069 1952 γὰρ

2184 1893 2394 1935 vocem.
2422 1877 2617 1934 Dicant
2643 1895 2770 1950 ergo
2804 1878 3015 1935 Hebraei
3038 1881 3259 1950 quando
3283 1889 3407 1953 post
3436 1882 3589 1939 Isaia:
3619 1890 3755 1939 tem~

505 1969 649 2040 ἔχειν
699 1970 830 2039 φασὶ
880 1969 977 2041 τὴν
1017 1969 1283 2042 Ἐϐραίων
1329 1973 1535 2044 φωνήν.
1585 1972 1907 2041 Λεγέτωσαν
1945 1972 2080 2044 δῆτα

517 2059 779 2131 Ἐϐραίων
812 2060 1019 2125 παῖδες,
1056 2061 1186 2116 πότε
1218 2063 1357 2134 μετὰ
1378 2065 1507 2127 τοὺς
1549 2065 1769 2118 Ἡσαΐου
1800 2065 2027 2137 χρόνους
2050 2067 2080 2118 6

499 2151 701 2224 Κύριος
737 2153 1054 2221 Αἰγυπτίοις
1093 2155 1482 2229 ἐπιδεδήμηκε,
1518 2158 1613 2211 καὶ
1645 2160 1797 2223 ποῖος
1833 2158 2036 2232 Κύριος
2060 2175 2074 2190 ο

494 2237 576 2305 εἷς
606 2243 715 2314 γὰρ
738 2244 766 2298 ό
792 2245 885 2298 ἐπὶ
919 2244 1138 2300 πάντων
1163 2247 1295 2312 Θεός
1311 2265 1324 2278 ·
1349 2250 1443 2302 καὶ
1470 2249 1587 2315 πῶς
1613 2251 1705 2306 ἐπὶ
1728 2252 1934 2322 πάχους
1956 2251 2078 2307 ἐλα-

492 2331 631 2404 φροῦ
657 2327 813 2399 οὗτος
839 2336 1152 2409 ἐποχεῖσθαι
1173 2338 1411 2408 λέγεται,
1432 2340 1528 2395 καὶ
1560 2341 1839 2415 τροπικῶς
1865 2342 2079 2399 ἐπιϐαί-

492 2440 604 2478 νειν
637 2425 793 2497 μέρει
829 2429 938 2481 τινὶ
987 2428 1088 2499 τῆς
1134 2430 1257 2502 γῆς.
1277 2433 1760 2505 Ἐρμηνευέτωσαν
1791 2436 1848 2490 δέ
1893 2436 2078 2491 καὶτὸ

491 2515 666 2584 πάχος
719 2514 990 2588 ἐλαφρὸν,
1016 2522 1071 2575 τί
1122 2539 1252 2576 ποτε
1305 2523 1416 2594 ἄρα
1464 2525 1617 2590 ἐστὶ,
1649 2527 1743 2580 καὶ
1782 2525 1871 2579 διὰ
1906 2527 1960 2580 τί
2001 2526 2076 2600 μὴ

489 2604 620 2661 ἄνευ
640 2607 833 2661 τούτου
855 2610 1070 2680 λέγεται
1096 2615 1125 2667 ὁ
1152 2612 1358 2686 Κύριος
1386 2615 1674 2688 ἐπιδημεῖν
1695 2619 1760 2690 τῇ
1789 2616 2070 2690 Αἰγύπτῳ·

490 2698 621 2752 πότε
658 2699 716 2754 δὲ
742 2702 834 2754 καὶ
861 2703 1153 2775 ἱστορεῖται
1195 2706 1265 2761 τά
1292 2709 1350 2761 ἐν
1379 2710 1444 2779 τῇ
1477 2709 1782 2780 προφητείᾳ
1806 2711 2075 2782 εἰρημένα

487 2791 675 2857 τέλους
691 2797 1071 2866 τετυχηκέναι,
1095 2797 1157 2852 τὸ
1184 2799 1484 2871 σεισθῆναι,
1512 2801 1674 2869 λέγω,
1701 2801 1773 2857 τά
1791 2802 1983 2858 εἴδωλα
2005 2803 2077 2858 τὰ

487 2883 836 2955 χειροποίητα
867 2887 1166 2955 Αἰγύπτου,
1198 2890 1292 2942 καὶ
1316 2888 1377 2960 τῷ
1400 2891 1730 2960 Αἰγυπτίους
1754 2894 2074 2964 Αἰγυπτίοις

489 2974 815 3048 πολεμῆσαι,
848 2977 936 3032 διὰ
958 2980 1055 3050 τὴν
1078 2979 1172 3033 τοῦ
1196 2981 1398 3052 Κυρίου
1418 2984 1498 3047 εἰς
1525 2983 1846 3058 ἀνθρώπους
1867 3004 2075 3059 παρου-

490 3066 610 3121 σίαν
629 3085 642 3098 ’
671 3069 767 3123 καὶ
805 3072 930 3135 τοὺς
972 3071 1127 3137 θεοὺς
1168 3073 1370 3139 αὐτῶν,
1402 3075 1605 3148 δηλαδὴ
1636 3078 1762 3142 τοὺς
1789 3078 2069 3150 δαίμονας,

487 3160 659 3215 πολλὰ
686 3162 750 3216 τὸ
781 3162 1010 3218 παλαιὸν
1051 3165 1404 3239 δυναμένους,
1438 3169 1636 3240 μηκέτι
1677 3170 1903 3242 ἰσχύειν,
1936 3172 2070 3245 μηδὲ

486 3253 883 3325 ἀποκρίνασθαι
930 3261 1047 3323 τοῖς
1092 3260 1436 3332 ἐπερωτῶσι,
1475 3262 1564 3318 διά
1610 3263 1671 3317 τὸ
1717 3264 1812 3319 τοῦ
1860 3266 2069 3338 Κυρίου

484 3346 634 3411 δέος·
667 3353 747 3412 εἰς
781 3353 971 3422 χεῖρας
994 3351 1051 3405 δέ
1083 3353 1253 3408 ποίων
1283 3354 1487 3424 κυρίων
1512 3356 1786 3427 σκληρῶν,
1818 3358 1987 3415 ποίων
2011 3359 2068 3412 δέ

487 3435 750 3505 βασιλέων
784 3440 924 3510 μετὰ
949 3441 1048 3513 τὴν
1081 3442 1479 3515 θεσπιζομένην
1504 3445 1599 3499 τοῦ
1627 3446 1834 3518 Κυρίου
1865 3464 2070 3519 παρου-

485 3528 605 3586 σίαν
651 3531 924 3603 παρεδόθη
963 3535 1266 3603 Δίγυπτος·
1316 3536 1412 3590 καὶ
1436 3535 1528 3590 διὰ
1547 3536 1601 3590 τί
1624 3538 1831 3611 Κυρίου
1864 3540 2067 3611 παρόν-

480 3637 573 3686 τος
606 3622 865 3695 σκληροῖς
890 3625 1117 3697 ἄρχουσι
1149 3627 1539 3699 παραδίδονται
1557 3645 1571 3658 °
1607 3629 1699 3684 καὶ
1724 3629 1792 3684 τὰ
1823 3629 1985 3685 λοιπά
2011 3631 2067 3686 δέ

482 3714 694 3780 τούτοις
743 3717 1140 3789 παραπλησίως
1196 3721 1226 3772 6
1281 3719 1604 3794 βουλόμενος
1654 3725 2062 3796 ἐρμηνευσάτω.

492 3804 687 3875 Ἡμεῖς
716 3805 825 3880 γὰρ
868 3807 969 3862 οὐκ
1002 3808 1179 3873 άλλως
1214 3810 1390 3865 ταῦτά
1427 3829 1606 3884 φαμεν
1653 3815 2064 3890 συνίστασθαιῆ

480 3894 569 3948 διὰ
600 3897 769 3969 μόνης
801 3900 903 3970 τῆς
934 3899 1029 3954 τοῦ
1064 3902 1315 3974 Σωτῆρος
1340 3902 1499 3974 ἡμῶν
1527 3905 1700 3977 Ἰησοῦ
1722 3907 1959 3980 Χριστοῦ
1986 3911 2066 3974 εἰς

479 3988 801 4061 ἀνθρώπους
846 3993 1187 4062 ἐπιφανείας.
1222 3988 1390 4060 Οὗτος
1439 3997 1549 4070 γὰρ
1590 3998 1724 4052 Θεοῦ
1756 4001 1927 4070 Λόγος
1967 4001 2061 4069 ὣν,

479 4083 573 4135 καὶ
599 4082 735 4136 Θεοῦ
764 4083 994 4156 δύναμις
1023 4086 1167 4149 κατὰ
1200 4088 1460 4153 διάνοιαν,
1495 4093 1588 4145 καὶ
1617 4092 1752 4164 πρὸς
1777 4093 1919 4158 λέξιν
1951 4097 2067 4149 ἐπι-

476 4176 729 4247 δημήσας
772 4168 838 4250 τῇ
885 4179 1198 4247 Αἰγυπτίων
1241 4180 1393 4253 χώρᾳ
1422 4182 1508 4237 διὰ
1557 4185 1786 4257 νεφέλης
1831 4186 2061 4258 κούφης,

476 4269 719 4342 ἐπλήρου
756 4271 825 4325 τά
856 4274 1334 4345 προηγορευμένα.
1368 4276 1617 4347 Νεφέλην
1645 4278 1703 4332 δέ
1730 4279 1938 4350 κούφην
1964 4279 2062 4333 ἀλ·-

479 4360 786 4432 ληγορικῶς
813 4363 1068 4434 ὀνομάζει
1098 4364 1197 4437 τὴν
1224 4367 1292 4420 δι’
1317 4362 1379 4421 οῦ
1411 4369 1670 4441 ἀνείληφε
1711 4372 1961 4443 σώματος
1997 4374 2063 4427 ἐκ

480 4454 755 4525 Παρθένου
809 4456 904 4509 καὶ
965 4457 1120 4526 άγίου
1177 4458 1491 4530 Πνεύματος
1535 4461 1829 4534 ἐπιδημίαν
1870 4464 2058 4530 αὐτοῦ,

2183 1987 2318 2042 pora
2352 1970 2618 2027 Dominus
2648 1973 2790 2043 apud
2824 1971 3113 2044 Egyptios
3158 1974 3229 2028 sit
3261 1983 3514 2031 versatus
3542 1984 3596 2031 et
3631 1975 3758 2046 quis

2181 2060 2467 2125 Dominus,
2495 2077 2636 2118 unus
2667 2071 2751 2117 cst
2770 2063 2914 2117 enim
2938 2078 3230 2133 supremus
3255 2063 3419 2128 Deus,
3445 2074 3500 2121 et
3517 2082 3754 2138 quonam

2181 2157 2340 2222 pacto
2367 2166 2534 2223 super
2563 2152 2930 2208 crassitudine
2963 2152 3064 2207 levi
3098 2152 3187 2207 hic
3235 2153 3485 2211 invectus
3520 2173 3644 2213 esse
3667 2157 3756 2213 di-

2178 2253 2357 2309 catur,
2387 2251 2441 2299 et
2474 2244 2860 2314 particularem
2891 2245 3128 2314 aliquem
3161 2245 3344 2300 locum
3375 2254 3536 2304 terrae
3561 2263 3757 2306 ascen-

2180 2333 2349 2390 disse.
2374 2331 2805 2404 lnterpretentur
2832 2342 3093 2406 praeterea
3114 2334 3536 2392 crassitudinem
3556 2338 3754 2404 luem,

2178 2427 2310 2497 quid
2367 2426 2588 2482 tandem
2638 2443 2705 2483 ea
2770 2428 2896 2491 sit;
2939 2435 2996 2482 et
3059 2429 3412 2499 quamobrem
3477 2445 3588 2485 non
3635 2431 3756 2486 sine

2178 2519 2302 2585 hac,
2334 2518 2551 2575 dicatur
2574 2519 2838 2593 Dominus
2859 2522 3065 2576 versari
3086 2522 3142 2575 in
3169 2519 3427 2592 Egyplo.
3453 2520 3517 2575 Et
3534 2522 3757 2592 quando

2178 2611 2456 2666 memoria:
2500 2594 2795 2681 proditum
2812 2609 2905 2674 sit,
2941 2625 3026 2674 ea,
3064 2624 3188 2680 qum
3212 2608 3288 2664 'in
3334 2609 3436 2663 hac
3467 2609 3756 2679 prophetia

2178 2702 2558 2767 continentur,
2602 2702 3131 2774 ﬁnemcontigisse:
3179 2710 3453 2757 commota
3485 2717 3627 2766 esse,
3664 2701 3753 2757 in-

2177 2810 2363 2867 quam,
2391 2796 2688 2851 simulacra
2735 2795 3047 2850 manufacta
3089 2794 3329 2868 Atgypli,
3372 2804 3427 2851 et
3465 2793 3753 2868 Egyptios

2176 2904 2301 2945 cum
2341 2887 2616 2960 Egyptiis
2655 2901 2950 2959 pugnasse,
2991 2896 3213 2958 propter
3262 2886 3479 2941 Domini
3521 2886 3588 2939 ad
3651 2887 3752 2939 ho—

2175 2983 2354 3038 mines
2393 2980 2708 3046 adventum,
2752 2988 2806 3036 et
2837 2981 2967 3036 deos
3005 2980 3248 3046 illorum,
3285 2979 3562 3033 daemones
3602 2975 3753 3031 vide-

2176 3074 2321 3138 licet,
2378 3074 2471 3144 qui
2531 3074 2763 3128 multum
2815 3073 2970 3144 prius
3022 3072 3297 3135 valebant,
3334 3071 3471 3125 nihil
3511 3069 3749 3139 amplius

2176 3181 2360 3237 posse,
2425 3181 2604 3237 neque
2655 3166 2987 3236 respondere
3037 3165 3469 3227 sciscitantibus,
3523 3171 3749 3234 propter

2172 3256 2393 3314 Domini
2425 3257 2705 3322 timorem,
2758 3265 2813 3331 et
2851 3257 2908 3312 in
2961 3271 3197 3328 quorum
3228 3255 3578 3312 dominorum
3631 3270 3748 3309 ma-

2181 3366 2309 3416 nus,
2343 3350 2438 3422 qui
2467 3350 2649 3422 asperi
2678 3351 3010 3426 exstiterint,
3040 3365 3344 3421 quorumve
3375 3364 3584 3420 regum,
3628 3356 3751 3421 post

2169 3459 2294 3498 eum
2327 3442 2421 3514 qui
2450 3442 2541 3498 hic
2560 3427 2778 3515 canitur
2815 3440 3031 3519 Domini
3077 3441 3395 3509 adventum,
3427 3442 3630 3497 tradita
3675 3441 3751 3497 sit

2168 3535 2457 3609 Egyptus.
2493 3534 2567 3590 Et
2587 3526 2963 3611 quamobrem,
3007 3532 3238 3589 Domino
3275 3545 3563 3605 praesente,
3597 3534 3750 3605 prin-

2169 3627 2386 3698 cipibus
2413 3627 2626 3698 asperis
2655 3625 2976 3703 tradantur:
2997 3633 3054 3679 et
3087 3625 3300 3697 reliqua
3323 3625 3510 3683 eadem
3537 3630 3749 3680 ratione

2168 3736 2292 3775 cum
2329 3721 2397 3777 iis
2442 3735 2569 3792 quae
2613 3721 2761 3776 dicta
2776 3726 2939 3795 suout,
2974 3718 3097 3788 .qui
3135 3718 3283 3785 velit,
3329 3718 3742 3790 interpretetur.

2168 3810 2282 3868 Nos
2319 3811 2469 3868 enim
2491 3826 2602 3877 non
2630 3810 2767 3879 alias
2806 3812 2921 3887 base
2956 3807 3191 3865 dicimus
3229 3804 3531 3873 exstitisse,
3579 3823 3743 3880 quam

2166 3904 2272 3960 sub
2301 3918 2475 3958 unum
2509 3903 2778 3958 duntaxat
2818 3899 3119 3956 Salvatoris
3145 3899 3320 3955 nostri
3359 3898 3491 3957 Jesu
3536 3900 3746 3958 Christi

2166 3997 2235 4052 ad
2268 3996 2521 4051 homines
2561 3978 2875 4063 adventum.
2916 3991 3017 4046 Hic
3039 3992 3184 4047 enim
3217 4006 3341 4047 cum
3381 3990 3476 4047 Dei
3502 3989 3743 4048 Verbum

2167 4089 2258 4154 sit,
2290 4097 2345 4145 et
2392 4086 2488 4144 Dei
2509 4087 2707 4149 virtus,
2766 4098 2872 4151 tam
2909 4087 2957 4142 si
3000 4085 3067 4139 ad
3119 4100 3343 4139 sensum
3391 4099 3555 4154 quam
3588 4084 3634 4139 si
3672 4081 3744 4140 ad

2158 4186 2383 4238 verbum
2436 4180 2696 4250 accipias,
2722 4185 2974 4247 versatus
3010 4178 3064 4232 in
3108 4178 3327 4247 regione
3360 4175 3741 4248 Egyptiorum

2165 4290 2263 4345 per
2289 4274 2488 4330 nubem
2520 4274 2717 4338 levem,
2748 4270 3044 4341 complevit
3074 4285 3138 4325 ea
3169 4285 3290 4339 qum
3330 4269 3591 4339 praedicta
3616 4268 3739 4324 fue-

2163 4378 2308 4421 rant.
2363 4364 2573 4420 Nubem
2602 4378 2733 4419 vero
2761 4363 2932 4418 levem
2968 4359 3195 4432 ﬁgurate
3223 4362 3468 4415 nominat
3498 4376 3742 4416 eorumn-

2163 4461 2434 4513 rationem
2479 4457 2601 4528 ejus
2629 4457 2772 4511 inter
2799 4452 3072 4515 homines,
3103 4469 3209 4523 qua
3239 4468 3336 4522 per
3364 4468 3566 4523 corpus
3593 4453 3741 4523 quod

477 4541 762 4617 ὠσπεροῦν
796 4547 829 4616 ὴ
872 4546 1137 4618 Ἐϐραίων
1164 4553 1371 4622 γραφή.
1409 4553 1522 4606 Καὶ
1562 4554 1591 4606 6
1635 4555 1863 4619 Ἀκύλας
1892 4556 2062 4625 σαφέ-

2173 4551 2233 4607 de
2263 4549 2487 4620 Virgine
2531 4557 2585 4604 et
2616 4547 2825 4620 Spiritu
2872 4556 3063 4604 sancto
3104 4546 3426 4615 assumpsit,
3459 4561 3594 4601 usus
3625 4552 3738 4609 est,

476 4652 666 4708 στερον
707 4638 939 4709 ᾐνίξατο
969 4641 1137 4694 εἰπών
1159 4659 1173 4672 ·
1218 4662 1236 4693 ι
1261 4643 1389 4697 Ἰδοὺ
1423 4645 1626 4717 Κύριος
1666 4648 1931 4703 ἐπιϐαίνει
1964 4650 2058 4702 ἐπὶ

472 4730 648 4801 πάχος
689 4731 944 4803 ἐλαφρὸν,
975 4734 1071 4787 καὶ
1106 4733 1326 4806 ἔρχεται
1359 4737 1448 4790 ἐπ’
1476 4737 1781 4807 Αἴγυπτον·
1826 4760 1845 4792 ι
1885 4741 2056 4814 πάχος

473 4821 807 4895 ἐλαφρὸν,τὸ
845 4823 906 4888 ἐξ
947 4826 1104 4894 ἁγίου
1132 4826 1448 4898 Πνεύματος
1476 4831 1636 4902 σῶμα
1684 4835 2059 4905 προσαγορεύ-

473 4927 593 4975 σας.
622 4915 733 4967 Καὶ
775 4915 937 4969 τοῦτο
968 4916 1256 4989 τοιγαροῦν
1288 4919 1349 4973 τὸ
1383 4920 1483 4990 τῆς
1520 4924 1855 4994 προφητείας
1892 4926 2057 4998 μέρος

471 5004 608 5076 πρὸς
652 5003 794 5069 λέξιν
840 5006 1024 5072 τέλους
1082 5008 1395 5080 ἐτύγχανεν,
1429 5012 1519 5065 ὅτε
1567 5014 1796 5082 ἄγγελος
1844 5015 2051 5087 Κυρίου

468 5095 605 5168 ὄναρ
647 5096 927 5165 ἐπιφανεὶς
966 5096 1089 5155 εἰπε
1131 5100 1211 5173 τῷ
1250 5102 1476 5175 Ἰωσήφ·
1510 5123 1528 5156 ‹
1554 5106 1826 5176 Ἐγερθεὶς
1877 5110 2054 5180 παρά-

468 5187 601 5243 λαϐε
640 5189 703 5242 τὸ
746 5189 979 5257 παιδίον,
1009 5192 1106 5246 καὶ
1153 5193 1252 5265 τὴν
1282 5195 1494 5268 μητέρα
1523 5196 1709 5261 αὐτοῦ,
1744 5200 1839 5253 καὶ
1884 5199 2051 5270 φεῦγε

470 5283 552 5346 είς
605 5281 882 5351 Αἴγυπτον
907 5322 922 5347 ,
975 5285 1070 5339 καὶ
1125 5286 1235 5339 ῐσθι
1290 5289 1409 5342 ἐκεῖ
1453 5290 1557 5353 ἓως
1597 5290 1664 5344 ἂν
1718 5290 1859 5346 εἴπω
1893 5310 1993 5349 σοι.
2026 5313 2048 5348 ι

471 5373 607 5428 Τότε
640 5373 771 5444 γοῦν
804 5374 966 5440 αὐτὸς
997 5377 1027 5429 6
1067 5376 1270 5449 Κύριος
1304 5381 1334 5432 6
1376 5380 1511 5446 Θεὸς
1553 5382 1724 5453 Λόγος
1760 5385 2049 5458 ἐπιπαρὼν

469 5466 536 5535 τῇ
568 5465 664 5518 τοῦ
699 5466 886 5530 παιδὸς
925 5466 1130 5540 ἡλικίᾳ,
1173 5469 1270 5522 καὶ
1301 5471 1360 5524 ἐν
1391 5473 1457 5542 τῇ
1504 5474 1759 5529 συστάσει
1790 5477 1957 5531 αὐτοῦ
1988 5478 2047 5546 ἐξ

470 5558 632 5626 ἁγίας
662 5557 957 5629 Παρθένου,
987 5563 1149 5630 σαρκὶ
1188 5562 1386 5633 παχείᾳ
1419 5563 1519 5633 μὲν
1563 5564 1697 5640 οὔσῃ
1728 5567 1817 5621 διὰ
1846 5569 1906 5623 τὸ
1948 5570 2046 5641 τῆς

471 5649 790 5723 σωματικῆς
849 5648 982 5719 ῦλης
1024 5649 1335 5703 ἀντίτυπον*
1383 5650 1592 5724 ἐλαφρᾷ
1635 5653 1693 5708 δὲ
1738 5657 1898 5713 πάλιν
1960 5657 2048 5713 διὰ

543 5802 716 5861 "lsa.
756 5820 870 5874 nx,
916 5804 1030 5860 1-4.
1109 5805 1151 5837 ¹⁶
1186 5803 1484 5882 Matth._u,
1535 5806 1620 5864 15.

2162 4642 2423 4697 nimirum
2482 4640 2943 4712 quemadmodum
2990 4639 3342 4697 Hebraeorum
3394 4637 3556 4693 habet
3598 4638 3737 4693 seri-

2163 4743 2347 4804 ptura,
2404 4742 2459 4788 et
2499 4732 2694 4802 Aquila
2744 4731 2962 4802 planius
3002 4729 3354 4803 signiﬁcavit,
3401 4745 3525 4784 cum
3565 4727 3734 4783 dixit:

2168 4844 2186 4878 ι
2215 4824 2355 4880 Ecce
2372 4823 2636 4880 Dominus
2652 4824 2904 4879 ascendit
2918 4839 3086 4894 super
3099 4821 3523 4877 crassitudinem
3541 4820 3732 4883 levem,

2161 4926 2214 4973 et
2240 4917 2392 4973 venit
2432 4917 2488 4972 in
2516 4917 2846 4989 Egyptum:
2874 4936 2894 4969 υ
2944 4914 3372 4971 crassitudinem
3403 4913 3595 4979 levem,
3620 4927 3739 4968 cor-

2164 5022 2267 5078 pus
2295 5008 2365 5065 de
2400 5004 2610 5077 Spiritu
2642 5015 2833 5063 sancto
2862 5012 3191 5075 conceptum
3221 5005 3526 5075 appellans.
3563 5001 3739 5074 Igitur

2156 5099 2324 5157 etiam
2357 5100 2476 5171 ipsa
2498 5101 2615 5156 haec
2644 5102 2939 5172 prophetiae
2967 5097 3234 5169 particula
3265 5097 3334 5151 ad
3359 5098 3586 5153 verbum
3608 5097 3733 5154 exi-

2157 5202 2274 5250 tum
2326 5196 2524 5251 sortita
2551 5202 2657 5261 est,
2708 5210 2817 5266 quo
2848 5203 3091 5266 tempore
3125 5193 3357 5265 angelus
3404 5189 3620 5248 Domini
3675 5192 3731 5248 in

2156 5288 2369 5345 somnis
2399 5289 2552 5346 visus
2597 5289 2701 5360 ipsi
2734 5287 2935 5358 Ioseph
2979 5287 3154 5343 dixit:
3213 5305 3233 5338 ι
3259 5285 3500 5356 Surgens
3543 5285 3733 5356 accipe

2158 5397 2411 5453 puerum,
2459 5391 2512 5439 et
2558 5393 2787 5439 matrem
2815 5383 2959 5454 ejus,
2989 5390 3045 5437 et
3088 5381 3212 5451 fuge
3241 5382 3296 5435 in
3329 5380 3648 5453 Egyptum,
3678 5388 3733 5435 et

2144 5484 2266 5533 esto
2317 5474 2392 5532 ibi
2445 5516 2459 5541 ,
2502 5476 2676 5531 donec
2705 5476 2884 5531 dicam
2911 5475 3008 5531 tibi
3032 5476 3096 5528 ιθ.
3130 5494 3149 5527 ι
3184 5473 3348 5545 297
3380 5472 3534 5529 Tunc
3564 5473 3733 5545 igitur

2154 5568 2273 5639 ipse
2303 5567 2567 5625 Dominus
2585 5569 2744 5624 Deus
2790 5567 3053 5635 Verbum,
3100 5568 3363 5639 puerilem
3392 5574 3607 5622 mtatem
3647 5566 3731 5621 in-

2160 5675 2406 5730 gressus,
2444 5668 2500 5717 et
2543 5676 2644 5718 suo
2688 5663 2929 5733 corpori,
2964 5664 3111 5734 quod
3155 5678 3219 5720 ex
3270 5668 3463 5718 sancta
3508 5657 3732 5731 Virgine
