4110 6486
376 393 468 449 ιη
1043 394 1307 451 EUSEBII
1338 392 1818 451 CESARIENSIS
1845 390 1996 447 OPP.
2038 390 2216 446 PARS
2257 388 2319 445 ll.
2359 422 2428 431 —
2459 387 2952 444 APOLOGETICA.

3519 383 3626 441 47⁸1

383 525 684 587 acceperat,
717 513 1041 583 conjunctus
1071 513 1238 583 (quod
1269 528 1402 567 sane
1432 528 1655 583 corpus,
1690 528 1939 567 crassum

2047 512 2107 565 τὸ
2137 510 2422 583 κρείττονα
2455 510 2489 581 ἢ
2525 509 2647 563 καθ’
2685 509 2831 579 ἡμᾶς
2865 504 3022 561 εἶναι.
3066 505 3178 561 Καὶ
3210 506 3410 582 νεφέλῃ
3443 505 3622 586 κούφῃ

382 607 597 677 quidem
626 613 741 661 erat
767 604 837 659 ob
864 617 1139 673 corporeae
1176 604 1414 657 materiae
1465 601 1746 657 duriorem
1780 611 1943 656 natu-

382 713 532 766 ram;
580 708 638 751 at
701 711 895 750 rursus
938 694 1078 757 leve,
1135 710 1199 749 eo
1232 694 1377 764 quod
1409 696 1760 765 prtestantius
1797 702 1944 750 esset

381 807 541 863 quam
569 804 631 844 ea
660 804 779 859 quae
807 787 875 841 ad
906 802 1007 842 nos
1034 787 1329 857 pertinent,
1360 804 1427 842 ex
1461 802 1571 857 quo
1599 788 1764 842 etiam
1810 787 1944 842 levis

380 884 555 937 nubes
584 881 920 942 nominatur,
955 889 1241 949 propterea
1272 879 1419 949 quod
1455 896 1564 933 non
1597 895 1662 933 ex
1697 880 1946 948 volupta-

379 977 458 1028 ria
484 971 853 1040 corruptione,
897 970 991 1024 sed
1023 970 1090 1024 de
1134 968 1338 1040 Spiritu
1383 979 1574 1026 sancto
1607 970 1941 1040 constabat),

378 1066 434 1119 in
467 1072 613 1118 terra
644 1059 1025 1133 Egyptiorum
1055 1061 1393 1117 diversatur.
1432 1062 1611 1116 Causa
1640 1071 1818 1115 autem
1846 1078 1945 1116 cur

395 1156 505 1210 lluc
550 1156 866 1216 accesserit,
918 1154 1187 1209 rationem
1251 1154 1391 1207 hanc
1438 1154 1619 1209 habet.
1674 1153 1943 1219 Quoniam

377 1249 520 1303 enim
548 1247 605 1301 in
637 1245 872 1318 Egvpto
926 1246 1142 1301 initium
1184 1247 1463 1315 accepisse
1502 1262 1565 1301 ea
1598 1260 1719 1316 quae
1759 1246 1825 1300 ad
1858 1261 1945 1300 er-

378 1355 553 1396 rorem
594 1339 810 1394 colendi
869 1339 1161 1393 simulacra
1212 1340 1504 1408 pertinent,
1548 1346 1939 1400 memorantur,

377 1439 431 1485 et
465 1428 795 1484 videbantur
823 1431 1068 1482 omnium
1099 1429 1380 1482 hominum
1413 1426 1943 1497 superstitiosissiini

376 1536 497 1575 esse
530 1519 793 1591 Egyptii,
820 1520 1137 1588 inimicique
1177 1529 1341 1588 atque
1383 1519 1568 1573 hostes
1608 1518 1792 1588 populi
1825 1516 1941 1585 Dei,

370 1610 797 1683 longissimeque
837 1628 867 1665 a
901 1611 1180 1681 prophetis
1211 1611 1420 1672 abesse,
1468 1611 1663 1663 merito
1707 1609 1942 1679 primum

376 1705 518 1773 apud
561 1705 685 1759 illos
731 1702 827 1757 Dei
866 1705 1040 1759 virtus
1083 1711 1416 1757 commorata
1445 1710 1566 1756 est:
1610 1712 1944 1771 quapropter

378 1798 501 1865 plus
532 1795 673 1865 apud
705 1794 1010 1867 Egyptios.
1048 1809 1212 1863 quam
1251 1794 1392 1862 apud
1437 1810 1629 1848 omnes
1671 1793 1811 1848 alios
1841 1795 1939 1847 ho-

376 1888 575 1952 mines,
598 1889 926 1958 evangelica:
953 1887 1099 1940 illius
1123 1886 1390 1939 doctrinae
1421 1886 1644 1939 verbum
1679 1886 1938 1940 invaluit:

373 1994 445 2032 ex
486 1992 597 2048 quo
627 1978 806 2048 ipsum
849 1975 1138 2030 Dominum
1184 1975 1252 2029 ad
1310 1976 1434 2031 illos
1482 1991 1856 2038 accessurum,
1890 1984 1945 2030 et

377 2083 505 2121 cum
543 2067 654 2123 illis
700 2074 1037 2119 moraturum
1081 2080 1320 2134 przescns
1378 2066 1660 2135 prephetia
1712 2066 1941 2120 divinat.

374 2156 445 2211 At
469 2173 578 2211 non
636 2156 921 2227 Egyptios
969 2155 1023 2208 in
1056 2163 1255 2209 terram
1301 2153 1613 2210 Judarorum
1657 2166 1941 2219 venturos.

375 2263 551 2319 neque
612 2247 1007 2316 Hierosolyma.
1048 2256 1106 2300 ut
1160 2246 1233 2301 ibi
1278 2246 1429 2300 illum
1477 2247 1727 2313 adorent,
1772 2264 1947 2317 neque

372 2353 505 2392 vero
540 2337 738 2392 ibidem
779 2335 922 2390 inter
949 2334 1169 2391 Iudaeos
1222 2352 1289 2392 ex
1338 2337 1407 2393 iis
1445 2353 1569 2407 quae
1602 2353 1632 2390 a
1673 2337 1821 2393 Mose
1862 2339 1946 2391 in-

374 2430 564 2483 stituta
617 2434 747 2483 sunt
796 2430 1258 2500 peregrinaturos,
1314 2444 1493 2500 neque
1543 2429 1946 2484 sacriﬁcatura:

372 2521 427 2573 in
467 2533 555 2582 eo,
587 2519 734 2589 quod
774 2528 858 2575 est
900 2520 955 2574 in
1005 2519 1330 2585 Jerusalem,
1377 2521 1568 2580 altari:
1607 2521 1702 2576 sed
1748 2521 1943 2575 horum

373 2612 593 2682 q'uidem
634 2611 769 2665 nihil
802 2625 1030 2680 prorsus
1071 2612 1147 2664 ait
1193 2611 1463 2673 futurum,
1508 2620 1563 2665 at
1609 2613 1789 2682 ipsum
1838 2612 1945 2666 Do-

373 2705 581 2759 minum
646 2702 922 2758 aditurum
973 2702 1281 2774 Egyptios,
1331 2711 1384 2758 et
1425 2720 1526 2759 suo
1565 2705 1798 2760 adventu
1849 2706 1946 2759 bo-

370 2800 549 2853 ines
596 2799 962 2869 dlgnaturum,
1010 2812 1444 2869 magnorumque
1490 2799 1759 2854 bonorum
1810 2799 1942 2868 ipsis

372 2882 654 2946 auctorem
708 2888 980 2944 futurum.
1009 2887 1353 2943 Directuram
1381 2889 1649 2959 siquidem
1673 2888 1946 2958 perlectu-

364 2962 602 3051 'ram‘que
644 2980 794 3036 illius
836 2981 980 3035 inter
1021 2980 1699 3042 illos’commorationem,
1732 2993 1795 3033 ea
1824 2995 1946 3050 quae

366 3054 708 3159 ‘Ijamlrpzipsa
740 3077 866 3143 post
896 3069 1198 3125 Salvatoris
1229 3072 1403 3125 nostri
1444 3069 1573 3126 Jesu
1607 3070 1811 3126 Christi
1847 3070 1945 3124 ad-

2046 598 2442 669 ὀνομαζομὲνῃ,
2475 597 2561 651 διὰ
2592 598 2654 650 τὸ
2693 598 2767 668 μὴ
2798 596 2859 661 ἐξ
2889 595 3197 668 ήδυπαθοῦς
3232 596 3458 668 φθορᾶς,
3484 597 3621 653 ἀλλά

2046 692 2106 759 ἐξ
2149 692 2303 760 ἁγίου
2343 689 2658 761 Πνεύματος
2704 689 2995 759 συστῆναι,
3037 691 3103 760 τῇ
3161 688 3269 742 τῶν
3308 690 3620 758 Αἰγυπτίων

2047 785 2303 853 ἐπιδημεῖ
2347 779 2517 853 χώρᾳ.
2576 781 2640 833 Ἦ
2685 781 2729 834 δ’
2773 782 2919 834 αίτία
2965 781 3062 851 τῆς
3097 781 3276 833 ἐκεῖσε
3326 779 3621 852 ἐπιδημίας

2046 875 2209 929 αὐτοῦ
2257 875 2444 928 τοῦτον
2488 874 2601 945 ἔχει
2657 874 2748 926 τὸν
2800 873 2973 941 λόγον.
3026 873 3179 926 Ἐπεὶ
3226 873 3336 943 γὰρ
3376 874 3435 926 ἐν
3479 873 3618 946 αὐτῇ

2047 968 2239 1041 πρώτῃ
2272 965 2536 1038 κατ’άρξαι
2576 966 2647 1019 τά
2678 966 2778 1037 τῆς
2808 964 3195 1036 εἰδωλολάτρου
3229 965 3438 1037 πλάνης
3480 982 3621 1038 μνη-

2048 1061 2363 1133 μονεύεται,
2414 1059 2631 1114 ἐδόκουν
2674 1075 2732 1111 τε
2785 1058 2999 1111 πάντων
3036 1056 3337 1127 ἀνθρώπιον
3386 1058 3621 1129 μάλιστα

2043 1152 2613 1224 δεισιδαιμονέστατοιη
2642 1149 2949 1220 τυγχάνειν,
2998 1148 3180 1219 ἐχθροί
3225 1164 3286 1199 τε
3334 1143 3472 1202 εἶναι
3520 1147 3620 1202 καὶ

2045 1245 2292 1316 πολέμιοι
2333 1245 2425 1297 τοῦ
2473 1242 2605 1297 λαοῦ
2654 1241 2746 1295 τοῦ
2779 1240 2938 1304 Θεοῦ,
2983 1239 3093 1293 τῶν
3134 1239 3421 1311 προφητῶν
3475 1240 3619 1294 κατὰ

2046 1336 2295 1390 πλεῖστον
2324 1338 2447 1391 ὅσον
2480 1334 2813 1405 ἀφεστῶτες·
2849 1333 3075 1396 εἰκότως
3101 1332 3282 1395 αὐτοῖς
3313 1329 3547 1402 πρώτοις
3577 1335 3615 1403 ή

2044 1430 2137 1483 τοῦ
2171 1429 2304 1482 Θεοῦ
2331 1429 2524 1499 ἐφίστη
2558 1427 2804 1498 δύναμις·
2835 1427 2914 1480 διὸ
2946 1427 3039 1480 καὶ
3075 1426 3290 1479 πάντων
3314 1422 3616 1496 ἀνθρώπων

2049 1523 2246 1592 μᾶλλον
2281 1523 2409 1593 παρ’
2436 1521 2752 1589 Αἰγυπτίοις
2792 1519 3009 1590 ἴσχυσεν
3056 1520 3085 1571 ό
3127 1519 3226 1589 τῆς
3258 1515 3617 1586 εὐαγγελικῆς

2046 1615 2208 1670 αὐτοῦ
2242 1616 2589 1679 διδασκαλίας
2632 1615 2807 1683 λόγος.
2847 1614 3006 1668 Ὀθεν
3052 1615 3085 1684 ή
3119 1611 3367 1683 παροῦσα
3401 1626 3614 1682 προφη-

2044 1709 2165 1763 τεία
2193 1709 2353 1762 αὐτὸν
2385 1709 2570 1771 αὐτοῖς
2607 1708 2963 1778 ἐπιδημήσειν
2996 1707 3088 1758 τὸν
3123 1704 3326 1775 Κύριον
3351 1700 3612 1767 θεσπίζει,

2047 1800 2162 1853 ἀλλ’
2195 1799 2317 1869 οὐχὶ
2358 1800 2481 1862 τοὺς
2527 1799 2855 1868 Αἰγυπτίους
2886 1797 3035 1867 ἥξειν
3083 1799 3164 1860 εἰς
3208 1796 3307 1867 τὴν
3351 1793 3617 1848 Ἰουδαίων

1977 1857 2016 1910 Β
2047 1893 2225 1964 χώραν
2243 1857 2411 1957 ,1δοὺδέ
2459 1857 2523 1960 γε
2573 1857 2651 1953 είς
2710 1889 2779 1943 τά
2837 1857 3181 1959 Ἰεροσόλυμα
3223 1857 3617 1957 προσκυνήσειν

2045 1984 2212 2055 αὐτῷ,
2245 1983 2353 2038 οὐδ’
2386 1983 2636 2044 ἐνταῦθα,
2662 1981 2801 2036 κατὰ
2833 1982 2899 2034 τά
2940 1982 3094 2052 παρά
3127 1979 3352 2032 Μωῦσεῖ
3394 1992 3622 2049 προστε-

2044 2079 2310 2150 ταγμένα,
2346 2075 2801 2149 προσηλυτεύσειν
2839 2073 3130 2136 Ἰουδαίοις,
3164 2071 3284 2125 οὐδὲ
3316 2070 3499 2124 θύσειν
3530 2068 3623 2122 θυ-

2048 2172 2168 2236 σίας
2198 2172 2258 2224 ἐν
2290 2170 2367 2242 τῷ
2396 2171 2533 2242 πρὸς
2562 2172 2629 2240 τῇ
2673 2167 3026 2238 Ἰερουσαλὴμ
3068 2163 3457 2235 θυσιαστηρίῳο
3484 2161 3620 2217 ἀλλὰ

2043 2262 2250 2317 τούτων
2286 2262 2383 2332 μὲν
2415 2259 2633 2313 ἔσεσθαί
2661 2275 2825 2329 φησιν
2854 2257 3035 2320 οὐδὲν,
3063 2254 3155 2308 τὸν
3194 2254 3253 2306 δὲ
3284 2253 3489 2324 Κύριον
3520 2252 3621 2305 αὐ-

2044 2354 2138 2409 τδν
2192 2354 2556 2424 ἐπιδημήσειν
2605 2354 2718 2413 τοῖς
2769 2347 3106 2418 Αἰγυπτίοις,
3160 2348 3256 2401 καὶ
3299 2346 3401 2416 τῆς
3452 2341 3621 2398 αὐτοῦ

2047 2446 2351 2519 παρουσίας
2400 2442 2762 2510 καταξιώσειν
2805 2443 2933 2504 τοὺς
2970 2439 3203 2510 ἄνδρας,
3252 2437 3504 2508 μεγάλων
3557 2451 3621 2488 τε

2046 2536 2263 2606 ἀγαθῶν
2310 2533 2744 2605 καταστήσεσθαι
2786 2531 2957 2584 αίτιον
3003 2532 3208 2592 αὐτοῖς.
3237 2526 3621 2599 Κατορθώσειν

2047 2627 2178 2697 γοῦν
2220 2625 2386 2681 αὑτοῦ
2427 2625 2524 2697 τὴν
2566 2624 2859 2695 ἐπιδημίαν
2903 2621 3107 2683 ταῦτα,
3137 2621 3279 2690 άπερ
3310 2619 3402 2672 καὶ
3437 2620 3622 2682 αὐτοῖς

2048 2718 2226 2790 ἔργοις
2259 2717 2395 2788 μετά
2427 2715 2524 2786 τὴν
2556 2713 2648 2768 τοῦ
2681 2713 2933 2784 Σωτῆρος
2957 2710 3115 2782 ήμῶν
3159 2709 3333 2781 Ἰησοῦ
3359 2706 3453 2762 τοῦ
3477 2709 3618 2779 Χρι-

2049 2807 2174 2861 στοῦ
2221 2806 2542 2876 ἐπιφάνειαν
2576 2805 2887 2857 συνίσταται
2928 2799 3346 2873 πεπληρωμένα.
3393 2797 3528 2852 Τίνα
3556 2795 3616 2851 δι

2044 2895 2135 2970 ἦν,
2192 2895 2531 2967 θεασώμεθα.
2583 2896 2645 2948 Oi
2705 2897 2833 2968 πρὶν
2881 2895 2982 2966 τὴν
3029 2893 3298 2961 Αἴγυπτον
3332 2887 3614 2952 οἰκοῦντες

2047 2989 2239 3061 φαῦλοι
2283 2989 2378 3042 καὶ
2433 2986 2695 3059 μοχθηροὶ
2743 2987 3015 3057 δαίμονες,
3057 2983 3117 3050 ἐξ
3155 2980 3345 3045 αίῶνος
3403 2979 3613 3050 μακροῦ

2044 3085 2155 3146 τοῖς
2190 3080 2395 3145 ξοάνοις
2428 3077 2852 3150 ἐμφωλεύοντες,
2891 3076 2986 3130 καὶ
3017 3074 3117 3140 τὰς
3153 3065 3263 3127 τῶν
3306 3071 3619 3141 Αἰγυπτίων

371 3146 615 3227 venturi,
648 3163 914 3231 completa
945 3174 1279 3231 cernuntur;
1313 3179 1433 3233 quae
1464 3179 1628 3234 porro
1668 3163 1781 3218 haec
1805 3164 1935 3226 sint.

2045 3174 2221 3245 ψυχὰς
2251 3172 2400 3244 πάσῃ
2430 3146 2847 3240 δεισιδαιμονίας
2892 3166 3070 3240 πλάνῃ
3096 3162 3581 3234 καταδουλούμενοι
3600 3202 3614 3226 ,

373 3253 754 3324 inspiciamus.
789 3252 945 3325 liqui
978 3257 1131 3325 prius
1159 3257 1475 3311 incolebant
1506 3256 1817 3327 Egyptum.
1859 3259 1943 3312 vi-

371 3345 500 3400 tiosi
531 3345 793 3416 pravique
838 3346 1135 3411 dazmones,
1189 3364 1285 3418 per
1334 3356 1501 3402 multa
1551 3350 1749 3403 saecula
1781 3350 1835 3403 in
1867 3349 1945 3403 si-

371 3437 637 3492 mulacris
684 3439 980 3503 latitantes,
1040 3440 1365 3509 animasque
1388 3440 1770 3510 Egyptiorum
1790 3443 1941 3495 omni

371 3529 777 3599 superstitionis
799 3532 973 3586 errori
994 3531 1308 3587 addicentes
1338 3547 1401 3586 ac
1420 3533 1797 3602 subjicientes,
1815 3550 1942 3588 cum

373 3621 678 3676 sensissent
720 3639 915 3678 novam
955 3623 1248 3694 quamdam
1296 3624 1645 3694 divinamque
1686 3626 1940 3680 virtutem

372 3711 439 3765 ad
474 3728 532 3766 se
557 3717 874 3776 accessisse.
920 3716 1066 3770 illico
1122 3716 1378 3769 commoti
1425 3724 1570 3779 sunt,
1620 3725 1674 3769 et
1714 3713 1943 3769 ﬂuctua-

370 3806 574 3860 tionem
620 3822 682 3862 ac
731 3808 1191 3877 perturbationem
1240 3808 1293 3862 in
1352 3809 1547 3878 seipsis
1580 3809 1939 3878 pertulerunt,

372 3912 575 3968 corque
608 3899 854 3969 ipsorum
917 3908 970 3954 et
1016 3900 1098 3955 vis
1147 3900 1482 3970 intelligendi
1531 3900 1859 3956 intrinsecus
1888 3901 1943 3953 in

372 3990 506 4057 ipsis
523 3992 772 4046 convicta
810 3999 958 4055 sunt,
989 3998 1381 4060 cesseruntque
1408 4006 1471 4045 ac
1500 3991 1680 4061 fugata
1704 3998 1833 4045 sunt
1873 3992 1942 4045 ab

371 4097 434 4134 ea
465 4082 683 4147 virtute,
712 4099 837 4154 qua:
865 4085 1042 4137 visum
1075 4083 1339 4153 eﬂ‘ugiens
1382 4083 1505 4137 illos
1554 4084 1940 4153 compellebat,

370 4181 428 4225 et
473 4174 616 4244 ignis
645 4174 822 4230 instar
856 4174 1118 4229 ineﬂ‘abili
1150 4173 1388 4244 quadam
1416 4174 1626 4229 ratione
1655 4174 1939 4229 adurebat.

374 4260 441 4315 Et
486 4270 620 4319 tunc
650 4263 877 4334 quidem
928 4263 1283 4318 invisibiliter
1317 4262 1594 4319 daemones
1636 4266 1761 4319 talia
1793 4265 1942 4332 passi

375 4358 525 4416 sunt,
555 4368 681 4407 cum
713 4352 963 4408 Salvator
999 4362 1185 4409 noster
1213 4352 1373 4410 Iesus
1404 4354 1658 4411 Christus
1691 4356 1743 4409 in
1776 4355 1944 4428 Egy-

374 4450 529 4513 ptum
559 4455 683 4495 cum
713 4443 916 4499 visibili
944 4457 1176 4513 corpore
1203 4444 1472 4512 pervenit.
1508 4445 1674 4515 298
1716 4445 1786 4499 At
1817 4461 1943 4500 vero

2047 3264 2454 3335 συναισθόμενοι
2485 3262 2643 3333 ξένης
2680 3261 2825 3323 τινὸς
2857 3260 2951 3313 και
2979 3257 3160 3312 ἐνθέου
3187 3255 3469 3326 δυνάμεως
3496 3254 3623 3306 ἐπι-

2043 3355 2319 3429 δημούσης
2366 3354 2550 3417 αὐτοῖς
2572 3393 2587 3415 ,
2639 3352 2840 3405 αὐτίκα
2888 3347 3261 3403 συνεκινοῦντο
3306 3345 3477 3413 σάλον]
3524 3344 3621 3398 καὶ

2044 3452 2233 3506 κλόνον
2258 3452 2316 3503 ἐν
2342 3451 2555 3511 ἑαυτοῖς
2588 3447 2906 3515 πάσχοντες,
2938 3443 2974 3513 ῆ
2998 3459 3056 3494 τε
3090 3439 3285 3512 καρδία
3311 3436 3491 3494 αὐτῶν
3522 3434 3619 3490 καὶ

2043 3541 2353 3613 διανοητικὴ
2373 3540 2601 3609 δύναμις
2630 3539 2828 3608 ἡττᾶτο
2865 3536 3012 3588 ἔνδον
3051 3536 3108 3586 ἐν
3137 3533 3368 3594 ἑαυτοῖς,
3403 3530 3620 3599 ὑποχω-

2048 3635 2215 3708 ροῦσα
2255 3635 2350 3687 καὶ
2390 3632 2663 3702 νικωμένη
2701 3628 2805 3681 ὑπὸ
2849 3627 2950 3698 τῆς
2990 3626 3235 3697 ἀοράτως
3268 3618 3618 3677 συνελαυνού·

2047 3744 2167 3798 σης,
2198 3726 2291 3779 καὶ
2322 3724 2489 3796 πυρὸς
2535 3722 2692 3791 δίκην
2732 3720 2955 3791 ἀρρήτῳ
3004 3716 3147 3785 λόγῳ
3182 3711 3486 3783 φλεγούσης
3520 3708 3620 3763 αῦ-

2043 3821 2168 3881 τοὺς
2199 3816 2498 3887 δυνάμεως.
2542 3813 2701 3866 Ἀλλά
2729 3814 2850 3864 τότε
2881 3811 2977 3879 μὲν
3004 3808 3248 3880 ἀοράτως
3280 3807 3328 3857 οἱ
3367 3804 3617 3873 δαίμονες

2043 3911 2216 3965 ταῦτα
2265 3909 2501 3978 ἔπασχον
2547 3905 2640 3959 ἐπὶ
2683 3906 2748 3975 τῇ
2794 3902 2889 3955 τοῦ
2940 3901 3192 3971 Σωτῆρος
3232 3895 3391 3969 ήμῶν
3444 3891 3617 3964 Ἰησοῦ

2042 4000 2278 4073 Χριστοῦ
2304 4003 2382 4061 εἰς
2412 3998 2510 4069 τὴν
2533 3996 2803 4064 Αἴγυπτον
2827 3994 3076 4064 ἐνσάρκῳ
3105 3987 3383 4059 ἐπιδημίᾳ.
3402 3983 3615 4052 Ἐπειδὴ

2043 4072 2108 4147 δέ
2152 4092 2289 4164 μετὰ
2318 4090 2489 4144 ταῦτα
2537 4088 2760 4160 γυμνῶς
2812 4086 2913 4157 ήδη
2960 4082 3144 4145 λοιπὸν
3185 4080 3246 4133 τὸ
3291 4078 3421 4150 περὶ
3453 4072 3616 4131 αὐτοῦ

2045 4184 2371 4252 Εὐαγγέλιον
2401 4186 2512 4246 τοῖς
2545 4180 2878 4249 Αἰγυπτίοις,
2913 4172 3197 4246 ὼσπεροῦν
3230 4170 3323 4226 καί⁸
3356 4172 3468 4232 τοῖς
3504 4168 3617 4220 λοι·-

2046 4278 2165 4339 ποῖς
2198 4273 2425 4339 ἔθνεσιν,
2459 4273 2816 4345 ἐκηρύττετο,
2849 4270 2884 4339 ἥ
2909 4285 2970 4320 τε
3002 4266 3230 4336 ἀόρατος
3263 4258 3426 4316 αὑτοῦ
3457 4257 3616 4312 δύνα-

2049 4384 2138 4437 μις
2185 4366 2281 4419 σὺν
2313 4368 2423 4429 τοῖς
2466 4363 2782 4426 ἀποστόλοις
2814 4358 2978 4414 αὑτοῦ
3013 4357 3192 4430 παρῆν
3227 4352 3446 4426 ἀφανῶς
3476 4369 3616 4423 συμ-

2047 4456 2359 4526 πράττουσα
2403 4454 2585 4516 αύτοῖς
2602 4493 2617 4517 ,
2649 4453 2743 4505 καὶ
2776 4449 3129 4521 συνεργοῦσα,
3176 4446 3270 4500 καὶ
3319 4440 3619 4510 καταγγέλ-ιν

375 4552 664 4612 Ροειίίιιεῐη
711 4541 874 4612 plane
920 4541 1032 4611 jam
1082 4542 1256 4613 ipsius
1288 4542 1636 4611 Evangelium
1672 4540 1739 4595 ad
1772 4539 1941 4612 Egy-

2045 4547 2209 4601 λουσα
2257 4547 2325 4600 δι’
2371 4545 2550 4600 αὐτῶν
2602 4545 2702 4614 τὴν
2752 4543 2949 4612 εὐσεϐῆ
3012 4538 3356 4594 διδασκαλίαν
3418 4532 3621 4598 αὐτοῦ,

375 4629 542 4699 ptios,
583 4630 725 4683 sicut
752 4630 820 4683 ad
854 4631 1094 4701 reliquas
1123 4637 1311 4701 gentes
1336 4632 1604 4701 perlatum
1637 4640 1743 4695 est,
1772 4639 1827 4687 et
1865 4634 1943 4686 in-

370 4720 609 4775 visibilis
637 4721 758 4791 ejus
786 4721 985 4784 virtus,
1024 4738 1131 4777 una
1154 4738 1278 4778 cum
1299 4722 1419 4793 ejus
1452 4724 1719 4795 apostolis
1748 4723 1941 4789 adfuit,

374 4826 496 4881 qua:
529 4813 761 4868 latenter
799 4813 922 4869 illos
952 4813 1259 4884 adjuvaret,
1302 4823 1357 4871 et
1384 4831 1492 4870 una
1519 4830 1646 4870 cum
1691 4815 1800 4870 illis
1827 4830 1941 4870 rem

375 4903 762 4975 negotiumque
790 4914 1021 4973 gereret,
1052 4921 1118 4962 ac
1158 4922 1256 4978 per
1284 4923 1381 4964 eos
1426 4906 1736 4978 religiosam
1768 4907 1944 4977 piam-

374 5010 481 5064 que
512 4994 684 5065 ipsius
707 4996 1011 5052 doctrinam
1046 4998 1427 5060 denuntiaret.
1459 5014 1740 5070 unumque
1764 4998 1943 5054 solum

374 5097 438 5137 ac
472 5099 658 5139 verum
700 5084 869 5141 Deum
922 5088 1106 5143 colere
1137 5088 1543 5155 adhortaretur,
1573 5095 1627 5142 et
1651 5102 1747 5143 eos
1778 5101 1810 5140 a
1833 5086 1945 5141 da:-

374 5174 631 5229 tnonibus
667 5185 961 5242 averteret,
999 5179 1092 5248 qui
1123 5180 1279 5248 prius
1306 5179 1519 5249 decepti
1557 5179 1812 5233 fuerant:
1852 5179 1943 5233 hic

373 5264 485 5334 jam
514 5275 627 5321 tum
658 5268 928 5340 Egyptiis
959 5271 1101 5326 sicut
1129 5272 1296 5326 etiam
1323 5272 1554 5342 reliquis
1576 5270 1829 5342 gentibus
1852 5285 1940 5325 se-

383 5362 515 5416 ditio
544 5364 853 5435 bellumque
884 5367 1204 5422 intestinum
1249 5375 1640 5430 exortum‘est,
1682 5382 1807 5421 cum
1849 5366 1942 5419 alii

373 5453 590 5522 quidem
624 5455 693 5510 ab
735 5472 920 5513 errore
946 5459 1158 5514 colendi
1207 5460 1390 5529 plures
1424 5459 1557 5514 deos
1594 5459 1931 5519 recederent,

371 5551 426 5601 et
456 5545 525 5598 ad
549 5545 752 5602 Christi
786 5548 880 5604 Dei
913 5548 1147 5605 Verbum
1180 5560 1591 5615 concurrerent,
1630 5551 1719 5604 alii
1746 5566 1873 5603 vero
1912 5566 1942 5605 e

370 5637 651 5691 contrario
665 5638 762 5693 hos
782 5638 931 5709 ipsos
954 5648 1525 5712 Oppugnarent,atque
1546 5642 1613 5696 ad
1628 5642 1940 5711 huiusmodi

373 5724 591 5780 facinus
640 5741 670 5779 ξι
719 5727 1038 5785 domesticis
1085 5732 1426 5787 daemonibus
1472 5734 1657 5787 furore
1702 5732 1937 5801 quodam

374 5817 805 5881 concitarentur,
850 5818 986 5875 adeo
1020 5831 1075 5874 ut
1119 5820 1318 5877 fratres
1356 5838 1385 5876 a
1434 5823 1694 5878 fratribus
1725 5822 1933 5891 disjun-

2052 4639 2211 4710 μόνον
2234 4637 2327 4691 τὸν
2357 4638 2475 4703 Eva,
2500 4638 2593 4690 καὶ
2626 4635 2784 4707 μόνον
2815 4633 2986 4705 ἀληθῆ
3014 4627 3415 4686 Θεὸνεύσεόεῖν
3443 4644 3624 4699 napo,—

2049 4732 2400 4804 κελευομένη,
2434 4730 2541 4783 τῶν
2577 4730 2634 4783 δὲ
2679 4728 2945 4799 δαιμόνων
2975 4725 3101 4788 τοὺς
3152 4721 3320 4776 πάλαι
3346 4717 3626 4788 πεπλανη-

2054 4824 2245 4894 μένους
2288 4820 2593 4891 άφιστῶσα·
2636 4816 2871 4874 ἐνταῦθα
2905 4815 3090 4870 λοιπὸν
3135 4813 3236 4884 ήδη
3281 4808 3620 4879 Αἰγυπτίοις,

2048 4910 2332 4985 ὼσπεροῦν
2357 4911 2452 4964 καὶ
2480 4911 2592 4974 τοῖς
2631 4909 2836 4969 λοιποῖς
2877 4905 3055 4959 ἔθνεσι
3072 4944 3088 4969 ,
3117 4902 3304 4965 στάσις
3333 4900 3427 4954 καὶ
3465 4897 3624 4951 πόλι-

2054 5020 2152 5075 μος
2176 5001 2438 5073 ἐμφύλιος
2462 5000 2767 5063 συνίστατο,
2790 4996 2899 5051 τῶν
2935 4996 3035 5068 μὲν
3066 4992 3491 5065 ἀναχωρούντων
3522 4990 3622 5062 τῆς

2048 5094 2308 5148 πολυθέου
2332 5093 2561 5164 πλάνης,
2591 5091 2686 5146 καὶ
2708 5089 2787 5160 τῷ
2822 5087 2958 5142 Θεοῦ
2998 5084 3235 5157 Χριστοῦ
3282 5083 3424 5154 λόγῳ
3450 5097 3621 5155 προσ-

2046 5186 2345 5257 τρεχόντων
2363 5225 2378 5249 ,
2423 5183 2531 5237 τῶν
2573 5182 2632 5236 δὲ
2672 5181 2731 5248 ἐξ
2776 5178 3023 5243 ἐναντίας
3064 5176 3270 5240 τούτοις
3320 5172 3622 5244 πολεμούνει-

2046 5294 2175 5339 των,
2212 5277 2305 5331 καὶ
2334 5277 2438 5330 ὑπὸ
2465 5275 2571 5328 τῶν
2594 5273 2807 5327 οἰκείων
2840 5273 3112 5343 δαιμόνων
3139 5266 3619 5339 ἐξοιστρουμένων,

2047 5369 2123 5432 ὼς
2154 5369 2248 5422 καὶ
2277 5368 2540 5437 ἀδελφοὺς
2567 5365 2808 5436 ἀλλήλων
2839 5364 3144 5419 διίστασθαι
3164 5403 3180 5427 ,
3220 5361 3314 5415 καὶ
3346 5361 3471 5422 τοὺς
3502 5356 3622 5426 φιλ-

2047 5459 2239 5521 τάτους
2264 5458 2352 5511 διά
2394 5457 2563 5526 ξιφῶν
2601 5460 2796 5527 χωρεῖν
2842 5457 2941 5525 τῆς
2981 5455 3073 5509 τοῦ
3107 5452 3341 5527 Χριστοῦ
3366 5450 3622 5504 διδασκα-

2048 5551 2166 5614 λίας
2194 5551 2396 5604 ἕνεκεν.
2424 5551 2590 5620 Φησὶν
2617 5553 2644 5603 ό
2669 5551 2910 5621 χρησμός
2930 5569 2943 5580 ·
2982 5570 2999 5601 ι
3027 5550 3135 5604 Καὶ
3160 5543 3620 5618 ὲπεγερθήσονται

2047 5641 2331 5709 Αἰγύπτιοι
2364 5641 2449 5692 ἐπ’
2479 5640 2825 5708 Αἰγυπτίους,
2859 5641 2953 5694 καὶ
2998 5638 3292 5708 πολεμήσει
3333 5632 3620 5703 ἄνθρωπος

2049 5734 2136 5786 τὸν
2184 5733 2405 5800 ἀδελφὸν
2444 5731 2640 5795 αὐτοῦ,
2685 5732 2777 5784 καὶ
2825 5732 3105 5799 ἄνθρωπος
3142 5730 3233 5781 τὸν
3267 5724 3491 5797 πλησίον
3521 5719 3617 5776 αὐ-

2046 5821 2157 5875 τοῦ.
2196 5843 2213 5873 )
2248 5819 2535 5874 Πιστοῦται
2583 5822 2637 5874 δὲ
2676 5821 2771 5892 τὴν
2816 5820 3153 5892 προφητικὴν
3198 5820 3496 5891 πρόρρησιν
3522 5812 3619 5869 καὶ
