4110 6454
436 346 542 408 473

1105 347 1376 406 EUSEBll
1408 349 1894 408 emsitmeusrs
1915 349 2067 410 ore.
2110 353 2293 410 rans
2322 354 2386 411 ιι.
2426 328 2497 396 4'—
2532 327 3053 416 nomentum

3603 365 3711 425 476

439 468 569 534 illo,
630 483 757 524 cum
806 466 1023 538 primus
1070 467 1442 526 Romanorum
1493 472 1811 543 Augustus,
1861 472 2022 543 cujus

2136 475 2402 550 ὶρχόντων
2462 478 2699 549 φάσκον·
2743 499 2763 532 ι
2801 483 2934 553 Kal:
2951 480 3263 555 παραδώσω
3300 484 3576 555 Αἴγυπτον
3626 488 3711 554 εἰς

439 562 782 634 temporibus
820 559 1089 616 Dominus
1137 569 1329 618 noster
1365 571 1530 619 natus
1568 571 1684 630 est,
1723 564 2018 636 Egyptum

440 654 785 724 subegisset,
823 660 877 707 et
921 654 1225 710 novissima
1268 654 1686 712 Ptolemaeorum
1733 657 2020 729 Cleopatra

442 752 600 813 capta
646 756 826 811 esset,
875 744 928 799 in
972 745 1344 802 Romanorum
1391 757 1717 818 potestatem
1789 748 2022 806 devene-

441 836 582 900 rint,
613 845 668 891 et
696 837 800 892 sub
829 837 1049 892 illorum
1076 838 1227 910 leges
1259 848 1426 911 atque
1452 842 1632 897 edicta
1669 842 1827 897 missi
1869 842 1982 897 sint
2003 882 2019 907 ,

441 943 652 999 suoque
707 930 953 1000 ipsorum
1002 932 1229 1002 proprio
1285 933 1412 1001 jure
1438 973 1454 998 ,
1510 948 1720 1004 suaque
1772 934 2024 989 libertate

439 1021 672 1091 privati,
722 1030 784 1076 ut
832 1023 1212 1094 propheticum
1258 1026 1549 1079 oraculum
1600 1027 1767 1081 etiam
1813 1027 1869 1080 in
1920 1027 2023 1081 hoc

439 1114 599 1183 plane
642 1116 930 1171 veritatem
975 1131 1130 1171 suam
1178 1117 1558 1181 demonstret,
1605 1119 1751 1188 quod
1801 1118 2022 1188 quidem

436 1207 506 1262 de
526 1206 615 1264 ciis
642 1210 736 1278 qui
767 1208 836 1262 ad
870 1208 989 1263 loca
1008 1250 1025 1277 ,
1055 1211 1388 1279 procurandi
1422 1210 1598 1280 gratia
1628 1209 1879 1264 mittendi
1929 1225 2021 1265 es-

437 1307 594 1367 sent,
640 1300 818 1371 deque
860 1303 1190 1371 praetoribus
1234 1317 1299 1359 ac
1343 1303 1578 1373 reliquis
1627 1317 1726 1373 per
1773 1303 2024 1371 singulas

437 1400 625 1463 partes
671 1393 1125 1465 magistratibus,
1178 1394 1257 1450 ita
1306 1395 1595 1467 loquitur:
1646 1414 1663 1447 ι
1696 1394 1763 1448 Et
1809 1394 2023 1449 tradam

439 1486 738 1560 Egyptum
767 1488 825 1542 in
853 1503 1054 1544 manus
1099 1487 1383 1543 hominum
1413 1528 1428 1553 ,
1471 1487 1817 1543 dominorum
1866 1501 2025 1557 aspe-

435 1597 647 1636 rorum.
679 1601 699 1634 ι
727 1580 804 1637 De
842 1580 911 1637 iis
952 1595 1086 1636 vero
1113 1579 1208 1651 qui
1248 1587 1423 1635 totum
1453 1579 1745 1649 imperium
1774 1578 2021 1645 obirent,

436 1687 824 1743 smmumque
849 1672 943 1743 jus
983 1672 1329 1739 obtinerent,
1363 1671 1416 1725 id
1447 1671 1593 1742 quod
1625 1674 1893 1741 sequitur,
1922 1685 2023 1741 pro

2121 570 2310 639 χεῖρας
2359 566 2663 640 ἀνθρώπων
2716 570 2922 642 κυρίων
2963 571 3217 644 σκληρῶν
3237 588 3250 604 ⁸
3285 591 3304 623 ι
3338 574 3469 646 περὶ
3508 574 3566 628 δὲ
3597 576 3712 631 τῶν

2122 657 2222 729 τὴν
2270 658 2392 711 καθ’
2440 659 2561 713 ὅλου
2611 658 2907 715 διεπόντων
2955 662 3132 736 ἀρχὴν
3158 663 3220 717 τὸ
3252 661 3398 737 ἑξῆς,
3435 668 3553 721 ἀνθ’
3584 662 3646 722 οὗ
3678 672 3710 723 ό

2136 748 2367 814 Ἀκύλας
2393 752 2549 822 φησὶ,
2585 769 2605 803 ι
2641 752 2753 805 Καὶ
2770 752 3021 824 βασιλεὺς
3042 756 3523 829 κεκραταιωμένος
3556 758 3708 824 ἐξου-

2125 841 2301 896 σιάσει
2323 842 2381 895 ὲν
2413 844 2625 907 αὐτοῖς’
2666 863 2685 895 ι
2717 846 2747 897 ό
2789 845 2847 898 δὲ
2874 844 3170 918 Σύμμαχος
3194 863 3209 878 ο
3244 864 3265 899 ι
3306 849 3419 903 Καὶ
3454 849 3710 920 βασιλεὺς

2128 933 2350 1006 ἰσχυρὸς
2382 933 2688 999 ὲξουσιάσει
2727 936 2930 991 αὐτῶν.
2955 956 2974 990 ι
3000 937 3159 992 Οὓτω
3189 938 3254 1011 δὴ
3288 940 3388 1012 τὴν
3423 941 3729 1013 Ῥωμαίων.

2124 1026 2365 1097 ἡγοῦμαι
2399 1027 2697 1098 κεκλῆσθαι
2725 1028 3023 1099 βασιλείαν,
3056 1032 3148 1101 ὑφ’
3179 1026 3267 1104 ἧς,
3299 1032 3488 1105 ὥσπερ
3508 1034 3711 1107 χαλινῷ

2124 1120 2219 1172 καὶ¹
2263 1119 2469 1190 δεσμῷ,
2537 1121 2969 1193 πεπεδημένους,
3019 1125 3081 1177 οὐ
3144 1124 3303 1195 μόνον
3327 1127 3455 1190 τοὺς
3491 1126 3710 1182 πάντων

2126 1212 2429 1283 ἀνθρώπων
2455 1213 3052 1286 δεισιδαιιιονεστάτους
3082 1219 3585 1287 Αίγυπτίους,ἁλλὰ
3612 1222 3708 1275 καὶ

2122 1304 2250 1367 τοὺς
2281 1303 2503 1368 λοιποὺς
2526 1304 2736 1369 πάντας
2761 1305 3083 1379 ἀνθρώπους
3119 1308 3283 1379 μηδὲν
3303 1308 3560 1363 δύνασθαι
3588 1309 3709 1364 τολ-

2128 1397 2237 1467 μᾷν
2269 1395 2412 1450 κατὰ
2440 1396 2541 1468 τῆς
2573 1395 2668 1451 τοῦ
2699 1398 2951 1471 Σωτῆρος
2966 1399 3122 1470 ἡμῶν
3156 1400 3483 1472 Ἐκκλησίας
3502 1401 3708 1473 δυσφη-

2127 1490 2270 1558 μεῖν.
2303 1488 2460 1543 Μετὰ
2474 1488 2647 1543 ταῦτα
2674 1491 3076 1562 προφητεύεται
3100 1491 3310 1557 τούτοις
3342 1492 3470 1565 ἑξῆς
3502 1510 3710 1547 σκοτει-

2125 1580 2320 1651 νότερά
2348 1598 2493 1648 τινα,
2528 1583 2624 1635 καὶ
2645 1582 2711 1636 δι’
2743 1583 3082 1653 αἰνιγμάτων
3105 1584 3447 1656 μακροτέρας
3478 1586 3573 1639 καὶ
3605 1585 3705 1655 βα-

2125 1672 2360 1746 θυτέρας
2401 1675 2503 1745 τῆς
2555 1675 2698 1729 κατὰ
2735 1676 3092 1749 τροπολογίαν
3127 1676 3357 1748 δεόμενα
3389 1679 3705 1749 ἑρμηνείας,

436 1782 549 1837 quo
578 1767 775 1837 Aquila
803 1766 880 1820 ait
908 1786 921 1821 :
953 1783 975 1819 ι
1006 1765 1074 1820 Ει
1104 1781 1199 1820 rex
1229 1765 1626 1820 corroboratus
1648 1807 1663 1831 ,
1694 1772 2020 1834 potestatem

2136 1765 2161 1820 ι
2196 1765 2261 1838 δὴ
2315 1769 2408 1821 ἐπὶ
2460 1767 2658 1838 σχολῆς
2711 1767 2853 1822 κατά
2883 1769 2975 1823 τὸν
3010 1771 3357 1841 προσήκοντα
3395 1771 3586 1842 καιρὸν
3608 1771 3708 1843 τῆς

438 1858 711 1915 obtinebit
760 1860 814 1913 in
870 1860 972 1915 eis.
1012 1878 1030 1910 ι
1062 1857 1428 1929 Symmachus
1480 1865 1704 1922 autem,
1752 1876 1772 1909 ι
1806 1857 1872 1910 Et
1924 1872 2021 1912 rex

2136 1858 2509 1931 προσηκούσης
2532 1860 2780 1925 τεύξεται
2810 1862 3140 1935 διηγήσεως,
3176 1864 3315 1919 ἐπὰν
3350 1863 3447 1918 σὺν
3468 1862 3588 1937 Θεῷ
3617 1841 3710 1919 τόν

437 1953 597 2009 fortis
618 1955 711 2024 jus
740 1955 795 2009 in
826 1955 949 2009 illos
981 1955 1222 2011 habebit.
1255 1974 1274 2006 ι
1303 1954 1395 2009 Sic
1428 1962 1609 2009 autem
1640 1954 1757 2025 ipse
1787 1970 2014 2025 regnum

2124 1951 2381 2023 περὶτῶν
2413 1953 2754 2022 ἐπαγγελιῶν
2787 1954 3157 2027 ἀποδώσωμεν
3184 1955 3362 2024 λόγον.

438 2048 806 2105 Romanorum
842 2051 1081 2105 arbitror
1137 2059 1393 2106 vocatum
1426 2066 1549 2107 esse
1572 2091 1586 2114 ,
1636 2066 1747 2121 quo
1782 2058 2043 2121 tanquam
2082 2049 2236 2103 freno
2289 2065 2353 2104 ac
2380 2049 2601 2103 vinculo
2632 2050 2911 2124 impediti,
2943 2069 3053 2107 non
3084 2054 3261 2108 solum
3292 2052 3533 2124 Egyptii
3592 2068 3711 2108 om-

437 2145 589 2200 nium
617 2144 899 2200 hominum
927 2146 1491 2216 superstitiosissimi,
1523 2145 1618 2202 sed
1649 2146 1847 2216 reliqui
1893 2160 2112 2215 quoque
2144 2145 2388 2200 universi
2449 2145 2736 2210 homines,
2799 2148 2935 2203 nihil
2989 2157 3221 2218 possunt
3271 2149 3383 2219 jam
3437 2149 3712 2205 audentve

438 2242 632 2289 contra
696 2235 1002 2293 Salvatoris
1039 2238 1218 2293 nostri
1269 2236 1573 2295 Ecclesiam
1609 2238 1906 2293 oblatrare.
1948 2238 2112 2309 300
2148 2238 2278 2293 Post
2321 2240 2473 2307 haec,
2519 2240 2574 2295 in
2622 2240 2811 2296 eadem
2860 2242 3142 2312 prophetia
3179 2242 3373 2298 ordine
3403 2251 3719 2314 sequuntur

396 2402 399 2405 Δ
437 2330 759 2386 obscuriora
824 2334 1109 2404 quaedam,
1177 2342 1231 2389 et
1282 2334 1448 2392 nodis
1496 2350 1561 2389 ac
1622 2333 2029 2391 difﬁcultatibus
2060 2335 2359 2405 implicita,
2393 2351 2517 2406 quae
2564 2336 2830 2409 longioris
2872 2345 3035 2408 atque
3074 2338 3319 2400 altioris.
3369 2341 3441 2395 ob
3484 2339 3717 2412 ﬁguram

437 2437 546 2491 qua
593 2424 880 2478 enuntiata
936 2434 1104 2490 sunt,
1163 2425 1636 2497 interpretationis
1685 2426 1999 2497 indigeant,
2037 2427 2241 2498 quibus
2317 2428 2543 2496 quidem
2609 2443 2712 2483 nos
2772 2444 2868 2499 per
2921 2431 3130 2495 otium,
3188 2447 3312 2485 cum
3359 2440 3577 2505 tempus
3621 2434 3717 2489 ad—

437 2517 573 2581 erit,
629 2526 811 2588 aptam
858 2522 1218 2592 expositionis
1254 2522 1431 2577 lucem
1475 2522 1734 2579 adhihere
1786 2538 1895 2577 non
1943 2525 2312 2593 gravabimur,
2355 2524 2448 2579 ubi
2498 2523 2609 2579 Deo
2664 2521 2879 2580 favente
2927 2524 3238 2580 divinarum
3290 2506 3716 2597 promissionum

440 2612 711 2667 rationem
740 2614 1160 2672 absolverimus.

1020 2725 1252 2783 CAPUT
1293 2726 1439 2781 XXI.

445 2836 525 2891 Ab
574 2838 772 2910 eodem.
802 2869 874 2879 —
906 2838 1179 2893 Bonorum
1232 2841 1516 2908 promissio
1578 2838 1646 2892 ad
1697 2855 1814 2893 eam
1838 2880 1885 2910 ,μ
1907 2856 2025 2910 qua:

512 2910 664 2964 vritis
696 2908 905 2980 deserta
934 2919 1092 2973 erat,
1135 2926 1201 2962 ea:
1238 2909 1479 2980 gentibus
1521 2911 1798 2963 collectam
1841 2908 2025 2964 Eccle-

514 2982 650 3033 siam
671 3019 686 3043 ,
714 2991 762 3033 et
788 2978 856 3031 ad
884 2980 1105 3050 afﬂictas
1129 2978 1447 3050 vexatasque
1470 2981 1680 3033 animas
1710 2982 2026 3049 manifestus

512 3050 610 3104 Dei
658 3056 948 3111 adventus,
987 3060 1039 3103 et
1097 3051 1362 3105 salutares
1414 3051 1797 3105 miraculorum
1846 3051 2029 3120 prudi~

510 3123 821 3191 giorumque
841 3122 1238 3176 ostentationes.

523 3252 543 3285 ι
572 3232 822 3299 Laetare,
864 3232 1081 3287 deserta
1127 3233 1353 3296 sitiens,
1403 3233 1641 3289 exsultet
1685 3234 1935 3297 deserta,
1971 3240 2026 3287 et

446 3330 637 3384 ﬂoreat
668 3336 727 3381 ut
756 3328 929 3381 lilium
958 3346 972 3381 :
1004 3334 1058 3382 et
1086 3326 1438 3391 elﬁorebunt,
1464 3333 1520 3382 et
1540 3327 1898 3383 exsultabunt
1924 3325 2026 3380 de-

448 3431 593 3474 serta
642 3418 920 3473 Iordanis.
973 3416 1040 3471 Et
1074 3418 1249 3489 gloria
1294 3417 1491 3473 Libani
1538 3418 1665 3474 data
1700 3428 1786 3474 est
1835 3419 1918 3483 ei,
1975 3426 2031 3473 et

448 3515 622 3566 honor
655 3510 936 3578 Carmeli;
972 3516 1028 3566 et
1071 3512 1307 3583 populus
1351 3525 1508 3566 meus
1555 3510 1762 3565 videbit
1800 3510 2029 3582 gloriam

445 3606 693 3670 Domini,
741 3612 797 3661 et
840 3603 1188 3660 altitudinem
1238 3604 1356 3660 Dei.
1410 3603 1792 3659 Convalescite
1834 3616 2034 3657 manus

446 3699 720 3762 remissae,
764 3705 819 3754 et
869 3712 1047 3769 genua
1092 3697 1404 3753 dissoluta:
1447 3694 1813 3752 consolamini
1858 3694 2034 3764 pusil-

446 3792 676 3847 lanimes
716 3791 1031 3858 intellectu,
1070 3789 1467 3854 convalescite,
1513 3803 1582 3843 ne
1625 3787 1844 3842 timete.
1891 3784 2034 3840 Ecce

447 3882 591 3939 Deus
626 3891 816 3938 noster
840 3882 1110 3952 judicium
1144 3880 1367 3943 reddit,
1403 3886 1459 3935 et
1493 3878 1726 3935 reddet:
1782 3877 1902 3947 ipse
1942 3891 2037 3932 ve-

446 3976 561 4031 niet
589 4017 603 4041 ,
650 3984 706 4032 et
755 3976 938 4032 salvos
972 3974 1131 4029 faciet
1166 3989 1288 4028 nos.
1325 3971 1483 4027 Tunc
1529 3971 1851 4043 aperientur
1887 3970 2031 4025 oculi

447 4082 756 4134 caecorum,
789 4075 845 4124 et
875 4082 1039 4121 aures
1073 4065 1373 4121 surdorum
1410 4064 1636 4119 audient
1664 4077 1677 4113 :
1714 4070 1845 4117 tunc
1877 4061 2038 4116 saliet

459 4168 521 4216 t't
570 4176 805 4223 cervus,
853 4159 1121 4221 claudus,
1173 4164 1229 4212 et
1273 4157 1436 4227 plana
1479 4155 1585 4209 erit
1623 4154 1810 4225 lingua
1852 4160 2037 4207 muto-

452 4264 598 4304 rum.
630 4246 903 4314 Quoniam
930 4245 1112 4315 erupit
1143 4245 1200 4299 in
1229 4245 1454 4300 deserto
1484 4258 1626 4313 aqua
1647 4282 1663 4307 ,
1689 4253 1743 4298 et
1771 4241 2040 4297 convallis

453 4344 510 4400 in
541 4351 686 4397 terra
722 4339 932 4396 sitienti
962 4358 975 4393 :
1008 4346 1062 4394 et
1093 4338 1196 4395 erit
1222 4354 1343 4408 quae
1369 4344 1522 4392 caret
1549 4351 1693 4407 aqua
1725 4337 1781 4391 in
1811 4347 2035 4407 stagna,

451 4444 507 4490 et.
558 4433 611 4488 in
644 4440 848 4489 terram
891 4433 1168 4487 sitientem
1230 4429 1353 4485 fons
1403 4443 1560 4500 aquae
1607 4429 1713 4485 erit
1748 4429 1818 4484 ".
1862 4448 1882 4481 ι
1924 4427 2039 4483 Hoc

2644 2727 3040 2781 ΚΕΦΑΛΑΙΟΝ
3073 2729 3203 2783 KA'.

2140 2840 2416 2917 ’Agzdtoii
2437 2843 2753 2917 _airtot3._—
2775 2842 3062 2917 ΔξΑγαθῶφή
3092 2844 3413 2917 ἐπαγγελία
3458 2845 3532 2914 τῇ
3566 2848 3713 2917 πρὶν

2196 2912 2395 2981 ἐρήμῳ
2423 2914 2492 2976 ἐξ
2540 2911 2731 2967 ἐθνῶν
2774 2911 3121 2983 Ἐκκλησίᾳ,
3156 2911 3261 2969 καῖ
3286 2915 3414 2982 ταῖς
3463 2911 3713 2972 act-imitm-

2196 2983 2407 3058 μέιταις
2434 2984 2975 3058 ψυχαῖς-,ἐμφανὴς
3005 2986 3153 3041 Θεοῦ
3184 2987 3503 3056 παρουσία,
3532 2988 3714 3058 σωτή-

2192 3054 2313 3121 ρτοί
2342 3071 2404 3107 τε
2430 3054 2921 3123 παρίιδοξοποίαι.

2209 3249 2228 3282 ι
2272 3230 2645 3303 Εὐφράνθητι,
2685 3230 2891 3303 ἔρημος
2931 3229 3162 3301 διψῶσα,
3210 3232 3560 3301 ἀγαλλιάσθω
3594 3232 3724 3305 ἕρη-

2135 3341 2255 3395 μος,
2319 3324 2414 3377 καὶ
2470 3323 2702 3377 ἀνθείτω
2733 3323 2810 3387 ὠς
2854 3324 3066 3397 κρίνον·
3128 3325 3224 3379 καὶ
3283 3324 3570 3397 ὲξανθήσει
3629 3325 3723 3378 καὶ

2132 3416 2525 3485 ἀγαλλιάσεται
2565 3416 2633 3469 τὰ
2672 3416 2856 3487 ἔρημα
2913 3415 3008 3470 τοῦ
3055 3416 3344 3488 Ἰορδάνου.
3393 3418 3565 3488 Καὶή
3600 3416 3725 3481 δόξα

2132 3506 2227 3560 τοῦ
2252 3508 2489 3562 Λιϐάνου
2515 3507 2673 3578 ἐδόθη
2702 3509 2865 3578 αὐτῇ,
2902 3508 2997 3562 καὶ
3026 3510 3060 3581 ἡ
3104 3509 3240 3581 τιμὴ
3271 3509 3368 3564 τοῦ
3400 3507 3722 3581 Καρμήλου,

2135 3600 2230 3654 καὶ
2280 3602 2308 3653 ό
2366 3598 2491 3664 λαός
2547 3616 2649 3671 μου
2691 3599 2880 3669 ὄψεται
2927 3600 3027 3673 τὴν
3074 3601 3231 3668 δόξαν
3271 3602 3503 3673 Κυρίου,
3537 3602 3632 3656 καὶ
3660 3601 3729 3654 τὺ

2137 3691 2270 3763 ὕψος
2324 3692 2418 3746 τοῦ
2476 3694 2635 3748 Θεοῦ.
2683 3694 2991 3765 Ἰσχύσατε,
3045 3699 3229 3767 χεῖρες
3288 3696 3591 3767 ἀνειμέναι,
3626 3696 3731 3750 καὶ

2133 3785 2339 3855 γόνατα
2367 3788 2789 3861 παραλελυμένα
2843 3790 3261 3861 παρακαλέσατε
3279 3807 3295 3823 ο
3328 3791 3378 3843 οἱ
3409 3790 3726 3861 όλιγόψυχοι

2135 3877 2449 3950 τῇδιανοίᾳ,
2508 3879 2784 3949 ἰσχύσατε,
2848 3879 2922 3951 μὴ
2973 3880 3249 3949 φοϐεῖσθε.
3344 3880 3474 3935 Ἰδοὺ
3523 3882 3552 3934 ὁ
3595 3880 3730 3947 Θεὸς

2137 3970 2293 4040 ἡμῶν
2318 3971 2501 4042 κρίσιν
2551 3972 2968 4034 ἀνταποδίδωσι,
3003 3972 3098 4026 καί¹
3129 3972 3502 4027 ἀνταποδὼσει
3525 3992 3540 4005 ο
3565 3974 3729 4037 αὐτὸς

2137 4062 2281 4133 ἥξει,
2308 4063 2404 4116 καὶ
2442 4064 2605 4116 σώσει
2633 4066 2800 4135 ἡμᾶς.
2849 4065 2989 4118 Τότε
3025 4065 3434 4137 ἀνοιχθήσονται
3458 4066 3725 4137 ὀφθαλμοὶ

2137 4153 2377 4224 τυφλῶν,
2433 4154 2528 4209 καὶ
2561 4148 2677 4207 ὦτα
2726 4156 3081 4210 ἀκούσονται⁸
3114 4158 3233 4210 τότε
3265 4158 3475 4212 ἁλεῖται
3506 4156 3581 4221 ὡς
3602 4157 3726 4211 ἕλα-

2142 4263 2241 4315 φος
2285 4248 2315 4299 ὁ
2376 4245 2572 4317 χωλὸς,
2617 4246 2712 4299 καὶ
2753 4246 2922 4318 τρανὴ
2959 4247 3109 4299 ἔσται
3141 4248 3363 4315 γλῶσσα
3397 4248 3723 4319 μογιλάλων.

2144 4336 2267 4389 Ὅτι
2298 4335 2511 4407 ἐρράγη
2544 4338 2602 4388 ὲν
2646 4338 2712 4407 τῇ
2743 4337 2935 4407 ἐρήμῳ
2974 4334 3138 4407 ὕδωρ,
3180 4338 3272 4390 καὶ
3316 4337 3531 4409 φάραγξ
3564 4339 3624 4390 ὲν
3653 4340 3739 4409 ’γῇ⁴

2145 4426 2356 4500 διψώσῃ
2379 4446 2391 4458 ·
2456 4430 2550 4483 καὶ
2597 4427 2751 4480 ἔσται
2802 4430 2836 4499 ὴ
2867 4427 3095 4498 ἄνυδρος
3130 4430 3212 4490 εις
3253 4429 3369 4499 ἕλη,
3392 4428 3488 4482 καὶ
3515 4430 3597 4492 είς
3627 4429 3733 4500 τὴν

452 4527 617 4583 e'iam
650 4526 706 4580 in
738 4525 862 4579 loco
890 4525 1068 4595 palam
1105 4523 1367 4579 salutaris
1415 4520 1509 4576 Dei
1562 4521 1780 4576 canitur
1828 4520 2031 4575 adven-

2142 4518 2382 4588 διψῶσαν
2428 4521 2532 4592 γῆν
2562 4520 2714 4592 πηγὴ
2754 4519 2948 4583 ὓδατος
2981 4521 3156 4575 ἔσται.
3207 4540 3225 4573 ι
3260 4519 3556 4575 Κάνταῦθα
3583 4520 3737 4591 διαρ-

456 4628 581 4688 tus,
633 4619 725 4689 qui
773 4618 943 4672 multa
986 4618 1130 4673 bona
1177 4617 1249 4671 sit
1294 4615 1602 4682 allaturus;
1649 4612 1837 4671 surdis
1883 4614 2033 4668 enim

453 4712 745 4776 auditum,
793 4720 850 4766 et
907 4709 1068 4766 caecis
1134 4709 1354 4774 visum,
1406 4717 1669 4779 prmterea
1716 4706 1927 4761 claudis
1985 4712 2041 4759 et

458 4809 697 4879 linguam
744 4804 1065 4875 impeditam
1109 4800 1479 4866 habentibus,
1526 4799 1794 4856 medelam
1838 4797 2042 4870 praedi‘

457 4902 601 4955 citur
632 4899 946 4955 redditurus
977 4913 990 4949 :
1026 4909 1147 4965 quae
1177 4894 1365 4948 omnia
1396 4907 1505 4947 non
1542 4891 1679 4946 alias
1714 4891 1923 4946 exitum
1955 4888 2042 4943 in-

454 4997 770 5054 venerunt,
829 4987 937 5042 nisi
988 4995 1281 5057 postquam
1334 4982 1588 5039 Salvator
1637 4992 1828 5037 noster
1874 4978 2040 5036 Jesus

456 5080 712 5138 Christus
754 5079 1008 5144 advenit,
1058 5094 1089 5132 a
1132 5092 1244 5149 quo
1287 5083 1343 5132 et
1383 5090 1658 5131 caecorum
1691 5068 1839 5129 oculi
1869 5070 2041 5141 aperti

460 5180 628 5237 sunt,
662 5183 716 5229 et
748 5171 900 5228 surdi
936 5171 1183 5226 auditum
1215 5175 1577 5240 receperunt;
1612 5166 1745 5238 quid
1786 5179 1918 5220 vero
1948 5164 2038 5219 di-

466 5279 590 5319 rere
618 5280 758 5336 opus
788 5271 906 5329 est,
938 5278 1104 5334 quam
1136 5262 1292 5317 multi
1325 5276 1423 5331 per
1451 5260 1601 5314 illius
1629 5257 1961 5328 discipulos,
1991 5262 2047 5311 et

468 5359 646 5413 soluta
680 5358 927 5414 membra
958 5356 1225 5411 habentes
1245 5395 1260 5418 ,
1288 5360 1342 5409 ct
1371 5352 1509 5406 muti
1543 5360 1598 5407 et
1628 5349 1850 5416 claudi,
1881 5356 2047 5403 natu-

463 5450 609 5505 rales
655 5451 972 5504 sanationes
1018 5444 1514 5518 recuperaverint?
1564 5443 1722 5513 301
1772 5455 2048 5513 quamque

468 5540 561 5594 alii
591 5540 1023 5597 innumerabiles
1044 5582 1057 5605 ,
1082 5540 1178 5613 qui
1200 5539 1374 5592 variis
1403 5536 1793 5608 mgritudinum
1825 5535 2046 5605 languo-

2144 4612 2316 4685 ρήδην
2344 4611 2480 4666 Θεοῦ
2504 4613 2686 4683 ἄφιξις
2715 4612 3027 4676 θεσπίζεται
3063 4616 3350 4686 σωτήριος,
3386 4613 3481 4667 καὶ
3520 4612 3738 4666 πολλῶν

2141 4704 2363 4773 ἀγαθῶν
2395 4706 2573 4760 ditias
2606 4709 2813 4776 κωφοῖς
2852 4706 2983 4777 γοῦν
3025 4706 3189 4771 ἴασις,
3221 4707 3315 4761 καὶ
3345 4705 3568 4775 τυφλοῖς
3599 4706 3737 4761 ἀνά-

2143 4797 2354 4868 ϐλεψις,
2379 4798 2607 4871 προσέτι
2638 4816 2696 4852 τε
2722 4800 2917 4871 χωλοῖς
2949 4801 3045 4853 καὶ
3088 4798 3185 4871 τὴν
3209 4797 3457 4868 γλῶτταν
3487 4798 3741 4853 συνδεδε-

2147 4890 2332 4963 μένοις
2356 4891 2624 4962 θεραπεία
2646 4891 2866 4945 ἔσεσθαι
2893 4891 3293 4963 προφητεύεται
3317 4907 3332 4921 ·
3362 4891 3399 4945 ἃ
3428 4893 3524 4945 καὶ
3545 4890 3742 4956 τέλους

2145 4983 2334 5055 ἔτυχεν
2360 4985 2461 5038 οὐκ
2483 4984 2659 5048 ἄλλως
2678 4985 2711 5055 ἢ
2737 4984 2826 5038 διὰ
2845 4986 2944 5054 τῆς
2963 4983 3057 5038 τοῦ
3086 4985 3340 5058 Σωτῆρος
3361 4983 3520 5056 ἡμῶν
3560 4986 3745 5056 Ἰησοῦ

2145 5078 2382 5148 Χριποῦ
2412 5077 2732 5149 παρουσίας,
2750 5071 2917 5147 ὑφ’οὗ
2949 5078 3044 5133 καὶ
3060 5079 3276 5148 τυφλῶν
3305 5075 3660 5149 ἀνεῴχθησαν
3690 5080 3743 5132 oi

2147 5168 2435 5241 ὀφθαλμοὶ,
2454 5171 2549 5224 καὶ
2573 5171 2750 5239 κωφοὶ
2775 5170 2873 5242 τὴν
2896 5172 3065 5243 ἀκοὴν
3079 5172 3433 5243 ἀπειλήφασι.
3458 5170 3523 5222 Τί
3547 5170 3629 5223 δεῖ
3649 5168 3745 5222 λέ-

2149 5264 2531 5331 γειν,ὅσοικαὶ
2550 5263 2638 5318 διὰ
2650 5263 2759 5318 τῶν
2784 5264 2949 5318 αὑτοῦ
2978 5264 3237 5337 μαθητῶν
3262 5264 3606 5336 παρειμένοι,
3641 5264 3738 5318 καὶ

2152 5355 2348 5424 κωφοὶ.
2367 5357 2463 5410 καὶ
2477 5355 2642 5427 χωλοὶ
2657 5355 2758 5420 τὰς
2779 5357 2921 5411 κατὰ
2937 5357 3099 5426 φύσιν
3115 5357 3303 5428 βάσεις
3326 5356 3741 5428 ἀπελάμϐανονς

2150 5446 2299 5500 ἄλλοι
2324 5462 2385 5498 τε
2443 5447 2625 5519 μυρίοι
2659 5448 2930 5514 ποικίλαις
2984 5450 3161 5513 νόσοις
3191 5451 3285 5503 καὶ
3316 5449 3613 5519 μαλακίαις
3645 5465 3744 5503 τι·-

2151 5539 2489 5610 τρυχωμένοι
2514 5539 2615 5610 τῆς
2650 5541 2778 5612 ⁴παρ’
2804 5541 2968 5594 αὐτοῦ
2997 5541 3297 5613 θεραπείας
3332 5559 3392 5594 τε
3424 5544 3516 5597 καὶ
3563 5556 3748 5612 σωτη-

470 5649 703 5704 rumque
733 5634 1026 5704 generibus
1055 5637 1409 5699 vexarentur,
1451 5630 1519 5687 ab
1548 5628 1643 5685 illo
1671 5635 1727 5686 et
1765 5626 2031 5713 curationi

2154 5631 2278 5705 ρίας
2306 5629 2574 5702 ἠξιοῦντο,
2611 5634 2751 5686 κατὰ
2796 5650 2853 5686 τε
2899 5633 2995 5704 τὴν
3035 5633 3215 5687 ἔνθεον
3261 5635 3359 5709 τῆς
3406 5634 3749 5706 προφητείας

547 5816 589 5848 ¹⁹
611 5812 716 5871 lsa.
748 5828 912 5879 xxxv,
942 5811 1057 5866 l-‘l.
