  <div class='ocr_page' id='page_1' title='image "/cluster/home/n/w/nwhite01/storage/ocr_20150623/22:no.4/coo.31924054873025/252.png"; bbox 0 0 4110 6458; ppageno 0'>
   <div class='ocr_carea' id='block_1_1' title="bbox 417 403 516 455">
    <p class='ocr_par' dir='ltr' id='par_1_1' title="bbox 417 403 516 455">
     <span class='ocr_line' id='line_1_1' title="bbox 417 403 516 455; baseline -0.01 0"><span class='ocrx_word' id='word_1_1' title='bbox 417 403 516 455; x_wconf 72' lang='grc' dir='ltr'>ιη</span> 
     </span>
    </p>
   </div>
   <div class='ocr_carea' id='block_1_2' title="bbox 1324 406 2779 466">
    <p class='ocr_par' dir='ltr' id='par_1_2' title="bbox 1324 406 2779 466">
     <span class='ocr_line' id='line_1_2' title="bbox 1324 406 2779 466; baseline 0.004 -6"><span class='ocrx_word' id='word_1_2' title='bbox 1324 406 1979 464; x_wconf 75' lang='lat' dir='ltr'><strong>DEMONSTRA&#39;I&#39;IONIS</strong></span> <span class='ocrx_word' id='word_1_3' title='bbox 2019 406 2474 465; x_wconf 71' lang='lat' dir='ltr'><strong>EVANGELICAS</strong></span> <span class='ocrx_word' id='word_1_4' title='bbox 2513 407 2643 465; x_wconf 88' lang='lat' dir='ltr'><strong>LIB.</strong></span> <span class='ocrx_word' id='word_1_5' title='bbox 2687 407 2779 466; x_wconf 79' lang='lat' dir='ltr'><strong>Vl.</strong></span> 
     </span>
    </p>
   </div>
   <div class='ocr_carea' id='block_1_3' title="bbox 3550 415 3659 468">
    <p class='ocr_par' dir='ltr' id='par_1_3' title="bbox 3550 415 3659 468">
     <span class='ocr_line' id='line_1_3' title="bbox 3550 415 3659 468; baseline -0.009 0"><span class='ocrx_word' id='word_1_6' title='bbox 3550 415 3659 468; x_wconf 66' lang='lat'><strong>478</strong></span> 
     </span>
    </p>
   </div>
   <div class='ocr_carea' id='block_1_4' title="bbox 413 519 1969 603">
    <p class='ocr_par' dir='ltr' id='par_1_4' title="bbox 413 519 1969 603">
     <span class='ocr_line' id='line_1_4' title="bbox 413 519 1969 603; baseline 0.01 -32"><span class='ocrx_word' id='word_1_7' title='bbox 413 519 735 593; x_wconf 78' lang='grc' dir='ltr'>πρόρρησιν,</span> <span class='ocrx_word' id='word_1_8' title='bbox 771 523 866 575; x_wconf 59' lang='grc' dir='ltr'><strong>κα)⁵</strong></span> <span class='ocrx_word' id='word_1_9' title='bbox 905 523 1042 577; x_wconf 82' lang='grc' dir='ltr'>κατὰ</span> <span class='ocrx_word' id='word_1_10' title='bbox 1090 524 1189 596; x_wconf 74' lang='grc' dir='ltr'>τὴν</span> <span class='ocrx_word' id='word_1_11' title='bbox 1226 525 1630 601; x_wconf 81' lang='grc' dir='ltr'>ἀψευδεστάτην</span> <span class='ocrx_word' id='word_1_12' title='bbox 1671 531 1779 585; x_wconf 86' lang='grc' dir='ltr'><strong>τῶν</strong></span> <span class='ocrx_word' id='word_1_13' title='bbox 1823 532 1969 603; x_wconf 60' lang='grc' dir='ltr'>ἱερῶι</span> 
     </span>
    </p>
   </div>
   <div class='ocr_carea' id='block_1_5' title="bbox 2069 519 3656 603">
    <p class='ocr_par' dir='ltr' id='par_1_5' title="bbox 2084 530 3656 602">
     <span class='ocr_line' id='line_1_5' title="bbox 2084 530 3656 602; baseline 0 -16"><span class='ocrx_word' id='word_1_14' title='bbox 2084 539 2138 586; x_wconf 90' lang='lat' dir='ltr'><strong>et</strong></span> <span class='ocrx_word' id='word_1_15' title='bbox 2165 532 2338 586; x_wconf 86' lang='lat' dir='ltr'><strong>salute</strong></span> <span class='ocrx_word' id='word_1_16' title='bbox 2383 530 2534 602; x_wconf 93' lang='lat' dir='ltr'><strong>digni</strong></span> <span class='ocrx_word' id='word_1_17' title='bbox 2572 530 2838 601; x_wconf 74' lang='lat' dir='ltr'><strong>iudicati,</strong></span> <span class='ocrx_word' id='word_1_18' title='bbox 2880 537 3178 601; x_wconf 86' lang='lat' dir='ltr'><strong>utrumque</strong></span> <span class='ocrx_word' id='word_1_19' title='bbox 3221 534 3501 595; x_wconf 70' lang='lat' dir='ltr'><strong>consecuti</strong></span> <span class='ocrx_word' id='word_1_20' title='bbox 3540 536 3656 590; x_wconf 81' lang='lat' dir='ltr'><strong>sint</strong></span> 
     </span>
    </p>
   </div>
   <div class='ocr_carea' id='block_1_6' title="bbox 414 612 1984 693">
    <p class='ocr_par' dir='ltr' id='par_1_6' title="bbox 414 612 1984 693">
     <span class='ocr_line' id='line_1_6' title="bbox 414 612 1984 693; baseline 0.008 -27"><span class='ocrx_word' id='word_1_21' title='bbox 414 612 759 683; x_wconf 82' lang='grc' dir='ltr'>Εὐαγγελίων</span> <span class='ocrx_word' id='word_1_22' title='bbox 794 618 1116 691; x_wconf 87' lang='grc' dir='ltr'>μαρτυρίαν.</span> <span class='ocrx_word' id='word_1_23' title='bbox 1153 621 1396 693; x_wconf 87' lang='grc' dir='ltr'>Ἔρημον</span> <span class='ocrx_word' id='word_1_24' title='bbox 1422 623 1479 676; x_wconf 85' lang='grc' dir='ltr'><strong>δέ</strong></span> <span class='ocrx_word' id='word_1_25' title='bbox 1512 625 1572 676; x_wconf 85' lang='grc' dir='ltr'><strong>ἐν</strong></span> <span class='ocrx_word' id='word_1_26' title='bbox 1599 624 1807 688; x_wconf 87' lang='grc' dir='ltr'><strong>τούτοις</strong></span> <span class='ocrx_word' id='word_1_27' title='bbox 1834 627 1863 678; x_wconf 99' lang='lat'><strong>6</strong></span> <span class='ocrx_word' id='word_1_28' title='bbox 1892 624 1984 678; x_wconf 85' lang='grc' dir='ltr'><strong>λό-</strong></span> 
     </span>
    </p>
   </div>
   <div class='ocr_carea' id='block_1_7' title="bbox 410 709 1985 786">
    <p class='ocr_par' dir='ltr' id='par_1_7' title="bbox 410 709 1985 786">
     <span class='ocr_line' id='line_1_7' title="bbox 410 709 1985 786; baseline 0.006 -26"><span class='ocrx_word' id='word_1_29' title='bbox 410 723 527 775; x_wconf 86' lang='grc' dir='ltr'>γος,</span> <span class='ocrx_word' id='word_1_30' title='bbox 566 709 861 764; x_wconf 79' lang='grc' dir='ltr'><strong>αἰνίττεται</strong></span> <span class='ocrx_word' id='word_1_31' title='bbox 902 711 1001 781; x_wconf 84' lang='grc' dir='ltr'><strong>τὴν</strong></span> <span class='ocrx_word' id='word_1_32' title='bbox 1028 709 1087 776; x_wconf 80' lang='grc' dir='ltr'>ἐξ</span> <span class='ocrx_word' id='word_1_33' title='bbox 1133 711 1302 766; x_wconf 80' lang='grc' dir='ltr'>ἐθνῶν</span> <span class='ocrx_word' id='word_1_34' title='bbox 1337 713 1679 784; x_wconf 82' lang='grc' dir='ltr'><strong>Ἐκκλησίαν,</strong></span> <span class='ocrx_word' id='word_1_35' title='bbox 1709 717 1777 786; x_wconf 83' lang='grc' dir='ltr'><strong>ήν</strong></span> <span class='ocrx_word' id='word_1_36' title='bbox 1818 717 1985 771; x_wconf 85' lang='grc' dir='ltr'>πάλαι</span> 
     </span>
    </p>
   </div>
   <div class='ocr_carea' id='block_1_8' title="bbox 408 796 1979 878">
    <p class='ocr_par' dir='ltr' id='par_1_8' title="bbox 408 796 1979 878">
     <span class='ocr_line' id='line_1_8' title="bbox 408 796 1979 878; baseline 0.008 -27"><span class='ocrx_word' id='word_1_37' title='bbox 408 798 547 852; x_wconf 82' lang='grc' dir='ltr'><strong>Θεοῦ</strong></span> <span class='ocrx_word' id='word_1_38' title='bbox 570 800 774 872; x_wconf 75' lang='grc' dir='ltr'>ἔρημον</span> <span class='ocrx_word' id='word_1_39' title='bbox 805 796 969 856; x_wconf 65' lang='grc' dir='ltr'>οὖσαν</span> <span class='ocrx_word' id='word_1_40' title='bbox 993 802 1083 857; x_wconf 89' lang='grc' dir='ltr'><strong>διά</strong></span> <span class='ocrx_word' id='word_1_41' title='bbox 1110 803 1220 857; x_wconf 90' lang='grc' dir='ltr'><strong>τῶν</strong></span> <span class='ocrx_word' id='word_1_42' title='bbox 1248 805 1307 858; x_wconf 82' lang='grc' dir='ltr'><strong>ἐν</strong></span> <span class='ocrx_word' id='word_1_43' title='bbox 1338 806 1528 878; x_wconf 76' lang='grc' dir='ltr'>χερσὶν</span> <span class='ocrx_word' id='word_1_44' title='bbox 1554 806 1979 876; x_wconf 77' lang='grc' dir='ltr'><strong>εὐαγγελίζεται.</strong></span> 
     </span>
    </p>
   </div>
   <div class='ocr_carea' id='block_1_9' title="bbox 406 892 1984 970">
    <p class='ocr_par' dir='ltr' id='par_1_9' title="bbox 406 892 1984 970">
     <span class='ocr_line' id='line_1_9' title="bbox 406 892 1984 970; baseline 0.004 -24"><span class='ocrx_word' id='word_1_45' title='bbox 406 893 519 946; x_wconf 83' lang='grc' dir='ltr'>Καὶ</span> <span class='ocrx_word' id='word_1_46' title='bbox 547 892 718 947; x_wconf 80' lang='grc' dir='ltr'>ταῦτα</span> <span class='ocrx_word' id='word_1_47' title='bbox 738 895 794 947; x_wconf 80' lang='grc' dir='ltr'>δὲ</span> <span class='ocrx_word' id='word_1_48' title='bbox 818 894 953 967; x_wconf 79' lang='grc' dir='ltr'>πρὸς</span> <span class='ocrx_word' id='word_1_49' title='bbox 979 897 1090 958; x_wconf 82' lang='grc' dir='ltr'>τοῖς</span> <span class='ocrx_word' id='word_1_50' title='bbox 1114 895 1293 959; x_wconf 79' lang='grc' dir='ltr'>ἄλλοις</span> <span class='ocrx_word' id='word_1_51' title='bbox 1334 899 1401 967; x_wconf 78' lang='grc' dir='ltr'>τῇ</span> <span class='ocrx_word' id='word_1_52' title='bbox 1434 899 1626 969; x_wconf 87' lang='grc' dir='ltr'>ἐρήμῳ</span> <span class='ocrx_word' id='word_1_53' title='bbox 1650 899 1814 970; x_wconf 75' lang='grc' dir='ltr'>φησιν</span> <span class='ocrx_word' id='word_1_54' title='bbox 1844 901 1873 952; x_wconf 88' lang='lat'><strong>6</strong></span> <span class='ocrx_word' id='word_1_55' title='bbox 1899 899 1984 952; x_wconf 87' lang='grc' dir='ltr'>λό-</span> 
     </span>
    </p>
   </div>
   <div class='ocr_carea' id='block_1_10' title="bbox 406 983 1982 1061">
    <p class='ocr_par' dir='ltr' id='par_1_10' title="bbox 406 983 1982 1061">
     <span class='ocr_line' id='line_1_10' title="bbox 406 983 1982 1061; baseline 0.006 -26"><span class='ocrx_word' id='word_1_56' title='bbox 406 999 527 1052; x_wconf 82' lang='grc' dir='ltr'>γος,</span> <span class='ocrx_word' id='word_1_57' title='bbox 572 983 890 1054; x_wconf 80' lang='grc' dir='ltr'><strong>δοθήσεσθαι</strong></span> <span class='ocrx_word' id='word_1_58' title='bbox 921 985 1021 1057; x_wconf 76' lang='grc' dir='ltr'>τὴν</span> <span class='ocrx_word' id='word_1_59' title='bbox 1052 986 1212 1061; x_wconf 67' lang='grc' dir='ltr'>δόξαν</span> <span class='ocrx_word' id='word_1_60' title='bbox 1247 986 1343 1040; x_wconf 78' lang='grc' dir='ltr'>τοῦ</span> <span class='ocrx_word' id='word_1_61' title='bbox 1377 988 1629 1043; x_wconf 72' lang='grc' dir='ltr'>Λιϐάνου.</span> <span class='ocrx_word' id='word_1_62' title='bbox 1670 990 1897 1044; x_wconf 80' lang='grc' dir='ltr'>Λίϐανον</span> <span class='ocrx_word' id='word_1_63' title='bbox 1924 991 1982 1044; x_wconf 84' lang='grc' dir='ltr'>δὲ</span> 
     </span>
    </p>
   </div>
   <div class='ocr_carea' id='block_1_11' title="bbox 408 1073 1978 1146">
    <p class='ocr_par' dir='ltr' id='par_1_11' title="bbox 408 1073 1978 1146">
     <span class='ocr_line' id='line_1_11' title="bbox 408 1073 1978 1146; baseline 0.003 -20"><span class='ocrx_word' id='word_1_64' title='bbox 408 1073 504 1143; x_wconf 82' lang='grc' dir='ltr'>τὴν</span> <span class='ocrx_word' id='word_1_65' title='bbox 546 1073 900 1145; x_wconf 81' lang='grc' dir='ltr'>Ἰερουσαλὴμ</span> <span class='ocrx_word' id='word_1_66' title='bbox 927 1074 1301 1146; x_wconf 87' lang='grc' dir='ltr'>ἀλληγορικῶς</span> <span class='ocrx_word' id='word_1_67' title='bbox 1333 1075 1558 1146; x_wconf 81' lang='grc' dir='ltr'>σύνηθές</span> <span class='ocrx_word' id='word_1_68' title='bbox 1586 1077 1734 1130; x_wconf 86' lang='grc' dir='ltr'>ἐστιν</span> <span class='ocrx_word' id='word_1_69' title='bbox 1765 1078 1978 1130; x_wconf 75' lang='grc' dir='ltr'>ἀποκαιο</span> 
     </span>
    </p>
   </div>
   <div class='ocr_carea' id='block_1_12' title="bbox 407 1163 1982 1239">
    <p class='ocr_par' dir='ltr' id='par_1_12' title="bbox 407 1163 1982 1239">
     <span class='ocr_line' id='line_1_12' title="bbox 407 1163 1982 1239; baseline 0.004 -23"><span class='ocrx_word' id='word_1_70' title='bbox 407 1163 536 1224; x_wconf 84' lang='grc' dir='ltr'><strong>λείν,</strong></span> <span class='ocrx_word' id='word_1_71' title='bbox 571 1165 647 1227; x_wconf 89' lang='grc' dir='ltr'>ὡς</span> <span class='ocrx_word' id='word_1_72' title='bbox 677 1166 770 1218; x_wconf 75' lang='grc' dir='ltr'>ἐπὶ</span> <span class='ocrx_word' id='word_1_73' title='bbox 805 1165 998 1238; x_wconf 80' lang='grc' dir='ltr'>καιροῦ</span> <span class='ocrx_word' id='word_1_74' title='bbox 1040 1166 1129 1219; x_wconf 90' lang='grc' dir='ltr'><strong>διά</strong></span> <span class='ocrx_word' id='word_1_75' title='bbox 1152 1165 1262 1220; x_wconf 90' lang='grc' dir='ltr'><strong>τῶν</strong></span> <span class='ocrx_word' id='word_1_76' title='bbox 1291 1166 1400 1220; x_wconf 80' lang='grc' dir='ltr'>ἀπὸ</span> <span class='ocrx_word' id='word_1_77' title='bbox 1439 1167 1537 1237; x_wconf 82' lang='grc' dir='ltr'>τῆς</span> <span class='ocrx_word' id='word_1_78' title='bbox 1583 1167 1732 1231; x_wconf 85' lang='grc' dir='ltr'>θείας</span> <span class='ocrx_word' id='word_1_79' title='bbox 1759 1168 1982 1239; x_wconf 77' lang='grc' dir='ltr'>Γραφῆς</span> 
     </span>
    </p>
   </div>
   <div class='ocr_carea' id='block_1_13' title="bbox 405 1254 1980 1331">
    <p class='ocr_par' dir='ltr' id='par_1_13' title="bbox 405 1254 1980 1331">
     <span class='ocr_line' id='line_1_13' title="bbox 405 1254 1980 1331; baseline 0.004 -24"><span class='ocrx_word' id='word_1_80' title='bbox 405 1255 726 1323; x_wconf 81' lang='grc' dir='ltr'>ἀποδείξεων</span> <span class='ocrx_word' id='word_1_81' title='bbox 763 1259 1207 1329; x_wconf 85' lang='grc' dir='ltr'>παραστήσομεν.</span> <span class='ocrx_word' id='word_1_82' title='bbox 1249 1259 1338 1311; x_wconf 87' lang='grc' dir='ltr'><strong>Ἐν</strong></span> <span class='ocrx_word' id='word_1_83' title='bbox 1375 1258 1439 1331; x_wconf 84' lang='grc' dir='ltr'>δὴ</span> <span class='ocrx_word' id='word_1_84' title='bbox 1475 1254 1566 1313; x_wconf 77' lang='grc' dir='ltr'>οὖν</span> <span class='ocrx_word' id='word_1_85' title='bbox 1602 1262 1668 1331; x_wconf 81' lang='grc' dir='ltr'>τῇ</span> <span class='ocrx_word' id='word_1_86' title='bbox 1708 1259 1799 1314; x_wconf 77' lang='grc' dir='ltr'>τοῦ</span> <span class='ocrx_word' id='word_1_87' title='bbox 1846 1259 1980 1313; x_wconf 88' lang='grc' dir='ltr'><strong>Θεοῦ</strong></span> 
     </span>
    </p>
   </div>
   <div class='ocr_carea' id='block_1_14' title="bbox 405 1343 1982 1421">
    <p class='ocr_par' dir='ltr' id='par_1_14' title="bbox 405 1343 1982 1421">
     <span class='ocr_line' id='line_1_14' title="bbox 405 1343 1982 1421; baseline 0.004 -26"><span class='ocrx_word' id='word_1_88' title='bbox 405 1345 483 1407; x_wconf 84' lang='grc' dir='ltr'><strong>είς</strong></span> <span class='ocrx_word' id='word_1_89' title='bbox 513 1343 835 1416; x_wconf 80' lang='grc' dir='ltr'><strong>ἀνθρώπους</strong></span> <span class='ocrx_word' id='word_1_90' title='bbox 873 1346 1164 1417; x_wconf 77' lang='grc' dir='ltr'>παρουσίᾳ,</span> <span class='ocrx_word' id='word_1_91' title='bbox 1185 1349 1251 1417; x_wconf 81' lang='grc' dir='ltr'>τῇ</span> <span class='ocrx_word' id='word_1_92' title='bbox 1285 1347 1583 1420; x_wconf 76' lang='grc' dir='ltr'>δηλωθείσῃ</span> <span class='ocrx_word' id='word_1_93' title='bbox 1606 1349 1814 1421; x_wconf 87' lang='grc' dir='ltr'>ἐρήμῳ,</span> <span class='ocrx_word' id='word_1_94' title='bbox 1838 1348 1982 1417; x_wconf 84' lang='grc' dir='ltr'>λέγω</span> 
     </span>
    </p>
   </div>
   <div class='ocr_carea' id='block_1_15' title="bbox 403 1436 2035 1509">
    <p class='ocr_par' dir='ltr' id='par_1_15' title="bbox 403 1436 2035 1509">
     <span class='ocr_line' id='line_1_15' title="bbox 403 1436 2035 1509; baseline 0.004 -20"><span class='ocrx_word' id='word_1_95' title='bbox 403 1436 465 1506; x_wconf 75' lang='grc' dir='ltr'>δὴ</span> <span class='ocrx_word' id='word_1_96' title='bbox 496 1439 563 1507; x_wconf 82' lang='grc' dir='ltr'>τῇ</span> <span class='ocrx_word' id='word_1_97' title='bbox 608 1436 667 1503; x_wconf 82' lang='grc' dir='ltr'>ἐξ</span> <span class='ocrx_word' id='word_1_98' title='bbox 712 1436 881 1490; x_wconf 88' lang='grc' dir='ltr'>ἐθνῶν</span> <span class='ocrx_word' id='word_1_99' title='bbox 927 1437 1242 1509; x_wconf 72' lang='grc' dir='ltr'>Ἐκκλησία,</span> <span class='ocrx_word' id='word_1_100' title='bbox 1272 1438 1369 1509; x_wconf 81' lang='grc' dir='ltr'>τὴν</span> <span class='ocrx_word' id='word_1_101' title='bbox 1412 1438 1570 1504; x_wconf 77' lang='grc' dir='ltr'>δόξαν</span> <span class='ocrx_word' id='word_1_102' title='bbox 1610 1439 1702 1493; x_wconf 83' lang='grc' dir='ltr'><strong>τοῦ</strong></span> <span class='ocrx_word' id='word_1_103' title='bbox 1748 1440 1979 1495; x_wconf 78' lang='grc' dir='ltr'>Λιϐάνου</span> <span class='ocrx_word' id='word_1_104' title='bbox 2028 1486 2035 1495; x_wconf 90' lang='grc'>.</span> 
     </span>
    </p>
   </div>
   <div class='ocr_carea' id='block_1_16' title="bbox 402 1527 1982 1602">
    <p class='ocr_par' dir='ltr' id='par_1_16' title="bbox 402 1527 1982 1602">
     <span class='ocr_line' id='line_1_16' title="bbox 402 1527 1982 1602; baseline 0.003 -22"><span class='ocrx_word' id='word_1_105' title='bbox 402 1527 720 1598; x_wconf 82' lang='grc' dir='ltr'><strong>δοθήσεσθαι</strong></span> <span class='ocrx_word' id='word_1_106' title='bbox 751 1531 785 1599; x_wconf 91' lang='grc' dir='ltr'><strong>ή</strong></span> <span class='ocrx_word' id='word_1_107' title='bbox 816 1529 1149 1600; x_wconf 78' lang='grc' dir='ltr'>προκειμένη</span> <span class='ocrx_word' id='word_1_108' title='bbox 1193 1528 1431 1582; x_wconf 81' lang='grc' dir='ltr'><strong>διδάσκει</strong></span> <span class='ocrx_word' id='word_1_109' title='bbox 1476 1531 1798 1602; x_wconf 74' lang='grc' dir='ltr'>πρόρρησις.</span> <span class='ocrx_word' id='word_1_110' title='bbox 1839 1531 1982 1585; x_wconf 78' lang='grc' dir='ltr'>Ἀντ),</span> 
     </span>
    </p>
   </div>
   <div class='ocr_carea' id='block_1_17' title="bbox 401 1620 1978 1694">
    <p class='ocr_par' dir='ltr' id='par_1_17' title="bbox 401 1620 1978 1694">
     <span class='ocr_line' id='line_1_17' title="bbox 401 1620 1978 1694; baseline 0.001 -21"><span class='ocrx_word' id='word_1_111' title='bbox 401 1621 458 1673; x_wconf 73' lang='grc' dir='ltr'>δὲ</span> <span class='ocrx_word' id='word_1_112' title='bbox 480 1621 594 1686; x_wconf 80' lang='grc' dir='ltr'>τοῦ,</span> <span class='ocrx_word' id='word_1_113' title='bbox 630 1638 649 1672; x_wconf 81' lang='grc' dir='ltr'>ι</span> <span class='ocrx_word' id='word_1_114' title='bbox 680 1621 776 1674; x_wconf 72' lang='grc' dir='ltr'>καὶ</span> <span class='ocrx_word' id='word_1_115' title='bbox 803 1622 837 1691; x_wconf 87' lang='grc' dir='ltr'><strong>ή</strong></span> <span class='ocrx_word' id='word_1_116' title='bbox 870 1621 1004 1692; x_wconf 85' lang='grc' dir='ltr'>τιμὴ</span> <span class='ocrx_word' id='word_1_117' title='bbox 1032 1620 1128 1675; x_wconf 82' lang='grc' dir='ltr'>τοῦ</span> <span class='ocrx_word' id='word_1_118' title='bbox 1145 1621 1461 1692; x_wconf 87' lang='grc' dir='ltr'>Καρμήλου,</span> <span class='ocrx_word' id='word_1_119' title='bbox 1494 1641 1514 1674; x_wconf 76' lang='grc' dir='ltr'><strong>ι</strong></span> <span class='ocrx_word' id='word_1_120' title='bbox 1551 1625 1579 1675; x_wconf 91' lang='lat'><strong>6</strong></span> <span class='ocrx_word' id='word_1_121' title='bbox 1612 1624 1710 1694; x_wconf 87' lang='grc' dir='ltr'>μὲν</span> <span class='ocrx_word' id='word_1_122' title='bbox 1752 1622 1978 1687; x_wconf 81' lang='grc' dir='ltr'>’Λκύλας</span> 
     </span>
    </p>
   </div>
   <div class='ocr_carea' id='block_1_18' title="bbox 402 1712 1976 1785">
    <p class='ocr_par' dir='ltr' id='par_1_18' title="bbox 402 1712 1976 1785">
     <span class='ocr_line' id='line_1_18' title="bbox 402 1712 1976 1785; baseline 0.001 -20"><span class='ocrx_word' id='word_1_123' title='bbox 402 1712 533 1782; x_wconf 80' lang='grc' dir='ltr'>φησί</span> <span class='ocrx_word' id='word_1_124' title='bbox 556 1729 568 1742; x_wconf 93' lang='grc'><strong>·</strong></span> <span class='ocrx_word' id='word_1_125' title='bbox 613 1730 632 1764; x_wconf 81' lang='grc' dir='ltr'>ι</span> <span class='ocrx_word' id='word_1_126' title='bbox 676 1712 1016 1783; x_wconf 82' lang='grc' dir='ltr'>Διαπρέπεια</span> <span class='ocrx_word' id='word_1_127' title='bbox 1046 1712 1140 1765; x_wconf 79' lang='grc' dir='ltr'><strong>τοῦ</strong></span> <span class='ocrx_word' id='word_1_128' title='bbox 1172 1712 1470 1784; x_wconf 82' lang='grc' dir='ltr'>Καρμήλου</span> <span class='ocrx_word' id='word_1_129' title='bbox 1514 1715 1608 1767; x_wconf 77' lang='grc' dir='ltr'>καὶ</span> <span class='ocrx_word' id='word_1_130' title='bbox 1641 1713 1735 1767; x_wconf 80' lang='grc' dir='ltr'><strong>τοῦ</strong></span> <span class='ocrx_word' id='word_1_131' title='bbox 1766 1713 1976 1785; x_wconf 89' lang='grc' dir='ltr'>Σαρὼν,</span> 
     </span>
    </p>
   </div>
   <div class='ocr_carea' id='block_1_19' title="bbox 399 1800 1980 1875">
    <p class='ocr_par' dir='ltr' id='par_1_19' title="bbox 399 1800 1980 1875">
     <span class='ocr_line' id='line_1_19' title="bbox 399 1800 1980 1875; baseline 0 -18"><span class='ocrx_word' id='word_1_132' title='bbox 399 1803 553 1858; x_wconf 72' lang='grc' dir='ltr'>αὐτοὶ</span> <span class='ocrx_word' id='word_1_133' title='bbox 581 1802 801 1871; x_wconf 76' lang='grc' dir='ltr'>ὄψονται</span> <span class='ocrx_word' id='word_1_134' title='bbox 830 1800 988 1868; x_wconf 83' lang='grc' dir='ltr'>δόξαν</span> <span class='ocrx_word' id='word_1_135' title='bbox 1017 1802 1222 1874; x_wconf 83' lang='grc' dir='ltr'>Κυρίου</span> <span class='ocrx_word' id='word_1_136' title='bbox 1242 1820 1256 1833; x_wconf 90' lang='grc'>·</span> <span class='ocrx_word' id='word_1_137' title='bbox 1289 1822 1308 1854; x_wconf 75' lang='grc' dir='ltr'>ι</span> <span class='ocrx_word' id='word_1_138' title='bbox 1347 1805 1376 1855; x_wconf 89' lang='lat'><strong>6</strong></span> <span class='ocrx_word' id='word_1_139' title='bbox 1404 1804 1462 1857; x_wconf 81' lang='grc' dir='ltr'>δὲ</span> <span class='ocrx_word' id='word_1_140' title='bbox 1492 1803 1817 1875; x_wconf 80' lang='grc' dir='ltr'><strong>Σύμμαχος·</strong></span> <span class='ocrx_word' id='word_1_141' title='bbox 1854 1806 1980 1859; x_wconf 77' lang='grc' dir='ltr'><strong>«Εὑ-</strong></span> 
     </span>
    </p>
   </div>
   <div class='ocr_carea' id='block_1_20' title="bbox 406 1884 2048 1967">
    <p class='ocr_par' dir='ltr' id='par_1_20' title="bbox 406 1884 2048 1967">
     <span class='ocr_line' id='line_1_20' title="bbox 406 1884 2048 1967; baseline 0.003 -21"><span class='ocrx_word' id='word_1_142' title='bbox 406 1894 646 1965; x_wconf 84' lang='grc' dir='ltr'>πρέπεια</span> <span class='ocrx_word' id='word_1_143' title='bbox 669 1892 765 1947; x_wconf 75' lang='grc' dir='ltr'>τοῦ</span> <span class='ocrx_word' id='word_1_144' title='bbox 787 1894 1082 1966; x_wconf 87' lang='grc' dir='ltr'>Καρμήλου</span> <span class='ocrx_word' id='word_1_145' title='bbox 1109 1896 1203 1948; x_wconf 81' lang='grc' dir='ltr'>καὶ</span> <span class='ocrx_word' id='word_1_146' title='bbox 1222 1894 1317 1948; x_wconf 81' lang='grc' dir='ltr'>τοῦ</span> <span class='ocrx_word' id='word_1_147' title='bbox 1346 1896 1549 1958; x_wconf 84' lang='grc' dir='ltr'>πεδίου,</span> <span class='ocrx_word' id='word_1_148' title='bbox 1578 1897 1731 1950; x_wconf 75' lang='grc' dir='ltr'>αὐτοὶ</span> <span class='ocrx_word' id='word_1_149' title='bbox 1754 1897 1975 1967; x_wconf 72' lang='grc' dir='ltr'>ὄψονται</span> <span class='ocrx_word' id='word_1_150' title='bbox 2008 1884 2048 1937; x_wconf 77' lang='grc' dir='ltr'><strong><em>Β</em></strong></span> 
     </span>
    </p>
   </div>
   <div class='ocr_carea' id='block_1_21' title="bbox 398 1983 1967 2061">
    <p class='ocr_par' dir='ltr' id='par_1_21' title="bbox 398 1983 1967 2061">
     <span class='ocr_line' id='line_1_21' title="bbox 398 1983 1967 2061; baseline 0.004 -26"><span class='ocrx_word' id='word_1_151' title='bbox 398 1984 497 2055; x_wconf 78' lang='grc' dir='ltr'>τὴν</span> <span class='ocrx_word' id='word_1_152' title='bbox 524 1983 681 2050; x_wconf 81' lang='grc' dir='ltr'>δόξαν</span> <span class='ocrx_word' id='word_1_153' title='bbox 710 1984 934 2055; x_wconf 82' lang='grc' dir='ltr'>Κυρίου.</span> <span class='ocrx_word' id='word_1_154' title='bbox 958 2004 976 2034; x_wconf 73' lang='grc' dir='ltr'>ι</span> <span class='ocrx_word' id='word_1_155' title='bbox 1004 1984 1114 2038; x_wconf 55' lang='grc' dir='ltr'><strong>Καὶ⁸</strong></span> <span class='ocrx_word' id='word_1_156' title='bbox 1143 1987 1174 2039; x_wconf 87' lang='lat'><strong>6</strong></span> <span class='ocrx_word' id='word_1_157' title='bbox 1199 1984 1489 2041; x_wconf 81' lang='grc' dir='ltr'>Θεοδοτίων</span> <span class='ocrx_word' id='word_1_158' title='bbox 1516 1988 1592 2053; x_wconf 85' lang='grc' dir='ltr'>δὲ,</span> <span class='ocrx_word' id='word_1_159' title='bbox 1611 2003 1635 2040; x_wconf 74' lang='grc' dir='ltr'>ο</span> <span class='ocrx_word' id='word_1_160' title='bbox 1669 1988 1967 2061; x_wconf 86' lang='grc' dir='ltr'>Ὠραιότης,</span> 
     </span>
    </p>
   </div>
   <div class='ocr_carea' id='block_1_22' title="bbox 399 2072 1969 2149">
    <p class='ocr_par' dir='ltr' id='par_1_22' title="bbox 399 2072 1969 2149">
     <span class='ocr_line' id='line_1_22' title="bbox 399 2072 1969 2149; baseline 0.006 -25"><span class='ocrx_word' id='word_1_161' title='bbox 399 2074 552 2145; x_wconf 80' lang='grc' dir='ltr'>φησὶ,</span> <span class='ocrx_word' id='word_1_162' title='bbox 580 2072 673 2126; x_wconf 80' lang='grc' dir='ltr'>τοῦ</span> <span class='ocrx_word' id='word_1_163' title='bbox 714 2073 1012 2144; x_wconf 79' lang='grc' dir='ltr'>Καρμήλου</span> <span class='ocrx_word' id='word_1_164' title='bbox 1045 2075 1140 2128; x_wconf 73' lang='grc' dir='ltr'>καὶ</span> <span class='ocrx_word' id='word_1_165' title='bbox 1178 2074 1272 2129; x_wconf 82' lang='grc' dir='ltr'>τοῦ</span> <span class='ocrx_word' id='word_1_166' title='bbox 1317 2076 1525 2147; x_wconf 86' lang='grc' dir='ltr'>Σαρὼν,</span> <span class='ocrx_word' id='word_1_167' title='bbox 1554 2078 1709 2131; x_wconf 74' lang='grc' dir='ltr'>αὐτοὶ</span> <span class='ocrx_word' id='word_1_168' title='bbox 1750 2078 1969 2149; x_wconf 75' lang='grc' dir='ltr'>ὄψονται</span> 
     </span>
    </p>
   </div>
   <div class='ocr_carea' id='block_1_23' title="bbox 393 2169 1965 2250">
    <p class='ocr_par' dir='ltr' id='par_1_23' title="bbox 393 2169 1965 2250">
     <span class='ocr_line' id='line_1_23' title="bbox 393 2169 1965 2250; baseline 0.007 -28"><span class='ocrx_word' id='word_1_169' title='bbox 393 2171 491 2239; x_wconf 75' lang='grc' dir='ltr'>τὴν</span> <span class='ocrx_word' id='word_1_170' title='bbox 521 2171 676 2237; x_wconf 82' lang='grc' dir='ltr'>δόξαν</span> <span class='ocrx_word' id='word_1_171' title='bbox 698 2173 902 2245; x_wconf 83' lang='grc' dir='ltr'>Κυρίου</span> <span class='ocrx_word' id='word_1_172' title='bbox 929 2191 943 2206; x_wconf 92' lang='grc'><strong>·</strong></span> <span class='ocrx_word' id='word_1_173' title='bbox 974 2194 993 2227; x_wconf 76' lang='grc' dir='ltr'><strong>ι</strong></span> <span class='ocrx_word' id='word_1_174' title='bbox 1026 2176 1095 2232; x_wconf 82' lang='grc' dir='ltr'>δι’</span> <span class='ocrx_word' id='word_1_175' title='bbox 1125 2169 1201 2230; x_wconf 82' lang='grc' dir='ltr'><strong>ῶν</strong></span> <span class='ocrx_word' id='word_1_176' title='bbox 1224 2176 1554 2231; x_wconf 76' lang='grc' dir='ltr'>αἰνίττεσθαι</span> <span class='ocrx_word' id='word_1_177' title='bbox 1579 2178 1822 2250; x_wconf 81' lang='grc' dir='ltr'>ἠγοῦμαι</span> <span class='ocrx_word' id='word_1_178' title='bbox 1866 2178 1965 2250; x_wconf 82' lang='grc' dir='ltr'>τὴν</span> 
     </span>
    </p>
   </div>
   <div class='ocr_carea' id='block_1_24' title="bbox 391 2261 1963 2341">
    <p class='ocr_par' dir='ltr' id='par_1_24' title="bbox 391 2261 1963 2341">
     <span class='ocr_line' id='line_1_24' title="bbox 391 2261 1963 2341; baseline 0.008 -31"><span class='ocrx_word' id='word_1_179' title='bbox 391 2261 723 2331; x_wconf 86' lang='grc' dir='ltr'>προφητείαν</span> <span class='ocrx_word' id='word_1_180' title='bbox 753 2263 814 2316; x_wconf 87' lang='grc' dir='ltr'><strong>οὐ</strong></span> <span class='ocrx_word' id='word_1_181' title='bbox 847 2264 947 2336; x_wconf 84' lang='grc' dir='ltr'>τὴν</span> <span class='ocrx_word' id='word_1_182' title='bbox 986 2266 1358 2340; x_wconf 78' lang='grc' dir='ltr'>Ἰερουσαλὴμ,</span> <span class='ocrx_word' id='word_1_183' title='bbox 1398 2268 1519 2322; x_wconf 86' lang='grc' dir='ltr'><strong>ούδέ</strong></span> <span class='ocrx_word' id='word_1_184' title='bbox 1544 2269 1644 2341; x_wconf 85' lang='grc' dir='ltr'>τὴν</span> <span class='ocrx_word' id='word_1_185' title='bbox 1688 2270 1963 2337; x_wconf 85' lang='grc' dir='ltr'>Ἰουδαίαν,</span> 
     </span>
    </p>
   </div>
   <div class='ocr_carea' id='block_1_25' title="bbox 390 2349 1968 2435">
    <p class='ocr_par' dir='ltr' id='par_1_25' title="bbox 390 2349 1968 2435">
     <span class='ocr_line' id='line_1_25' title="bbox 390 2349 1968 2435; baseline 0.01 -33"><span class='ocrx_word' id='word_1_186' title='bbox 390 2349 525 2404; x_wconf 81' lang='grc' dir='ltr'><strong>ἀλλά</strong></span> <span class='ocrx_word' id='word_1_187' title='bbox 545 2351 643 2423; x_wconf 80' lang='grc' dir='ltr'>τὴν</span> <span class='ocrx_word' id='word_1_188' title='bbox 664 2353 778 2408; x_wconf 88' lang='grc' dir='ltr'><strong>τῶν</strong></span> <span class='ocrx_word' id='word_1_189' title='bbox 806 2356 976 2409; x_wconf 82' lang='grc' dir='ltr'>ἐθνῶν</span> <span class='ocrx_word' id='word_1_190' title='bbox 1002 2358 1187 2430; x_wconf 85' lang='grc' dir='ltr'>χώραν</span> <span class='ocrx_word' id='word_1_191' title='bbox 1218 2360 1720 2432; x_wconf 76' lang='grc' dir='ltr'>καταξιωθήσεσθαι</span> <span class='ocrx_word' id='word_1_192' title='bbox 1747 2363 1845 2435; x_wconf 82' lang='grc' dir='ltr'>τῆς</span> <span class='ocrx_word' id='word_1_193' title='bbox 1882 2366 1968 2417; x_wconf 86' lang='grc' dir='ltr'>ἐν-</span> 
     </span>
    </p>
   </div>
   <div class='ocr_carea' id='block_1_26' title="bbox 390 2441 1967 2524">
    <p class='ocr_par' dir='ltr' id='par_1_26' title="bbox 390 2441 1967 2524">
     <span class='ocr_line' id='line_1_26' title="bbox 390 2441 1967 2524; baseline 0.009 -31"><span class='ocrx_word' id='word_1_194' title='bbox 390 2441 510 2495; x_wconf 81' lang='grc' dir='ltr'>θέου</span> <span class='ocrx_word' id='word_1_195' title='bbox 533 2443 806 2513; x_wconf 83' lang='grc' dir='ltr'>γνώσεως.</span> <span class='ocrx_word' id='word_1_196' title='bbox 854 2447 912 2499; x_wconf 89' lang='grc' dir='ltr'>Ὁ</span> <span class='ocrx_word' id='word_1_197' title='bbox 939 2447 1071 2516; x_wconf 81' lang='grc' dir='ltr'>γοῦν</span> <span class='ocrx_word' id='word_1_198' title='bbox 1105 2449 1429 2522; x_wconf 80' lang='grc' dir='ltr'>Κάρμηλος,</span> <span class='ocrx_word' id='word_1_199' title='bbox 1457 2452 1550 2505; x_wconf 59' lang='grc' dir='ltr'><strong>καὶ¹</strong></span> <span class='ocrx_word' id='word_1_200' title='bbox 1577 2454 1606 2506; x_wconf 90' lang='lat'><strong>6</strong></span> <span class='ocrx_word' id='word_1_201' title='bbox 1636 2451 1967 2524; x_wconf 87' lang='grc' dir='ltr'>καλούμενος</span> 
     </span>
    </p>
   </div>
   <div class='ocr_carea' id='block_1_27' title="bbox 388 2533 1965 2615">
    <p class='ocr_par' dir='ltr' id='par_1_27' title="bbox 388 2533 1965 2615">
     <span class='ocr_line' id='line_1_27' title="bbox 388 2533 1965 2615; baseline 0.01 -30"><span class='ocrx_word' id='word_1_202' title='bbox 388 2533 574 2605; x_wconf 83' lang='grc' dir='ltr'>Σαρὼν</span> <span class='ocrx_word' id='word_1_203' title='bbox 617 2537 771 2590; x_wconf 88' lang='grc' dir='ltr'>τόποι</span> <span class='ocrx_word' id='word_1_204' title='bbox 803 2537 912 2591; x_wconf 85' lang='grc' dir='ltr'><strong>τῶν</strong></span> <span class='ocrx_word' id='word_1_205' title='bbox 961 2539 1270 2610; x_wconf 78' lang='grc' dir='ltr'>ἀλλοφύλων</span> <span class='ocrx_word' id='word_1_206' title='bbox 1299 2544 1542 2615; x_wconf 83' lang='grc' dir='ltr'>ὑπῆρχον</span> <span class='ocrx_word' id='word_1_207' title='bbox 1563 2543 1751 2598; x_wconf 83' lang='grc' dir='ltr'>ἐθνῶν.</span> <span class='ocrx_word' id='word_1_208' title='bbox 1780 2546 1965 2600; x_wconf 80' lang='grc' dir='ltr'>Ταῦτα</span> 
     </span>
    </p>
   </div>
   <div class='ocr_carea' id='block_1_28' title="bbox 396 2622 1962 2710">
    <p class='ocr_par' dir='ltr' id='par_1_28' title="bbox 396 2622 1962 2710">
     <span class='ocr_line' id='line_1_28' title="bbox 396 2622 1962 2710; baseline 0.01 -34"><span class='ocrx_word' id='word_1_209' title='bbox 396 2627 490 2696; x_wconf 84' lang='grc' dir='ltr'>μὲν</span> <span class='ocrx_word' id='word_1_210' title='bbox 515 2622 607 2680; x_wconf 82' lang='grc' dir='ltr'><strong>οὖν</strong></span> <span class='ocrx_word' id='word_1_211' title='bbox 645 2627 782 2697; x_wconf 83' lang='grc' dir='ltr'>πρὸς</span> <span class='ocrx_word' id='word_1_212' title='bbox 810 2629 955 2694; x_wconf 81' lang='grc' dir='ltr'>λέξιν</span> <span class='ocrx_word' id='word_1_213' title='bbox 975 2647 989 2660; x_wconf 89' lang='grc'><strong>·</strong></span> <span class='ocrx_word' id='word_1_214' title='bbox 1030 2632 1126 2685; x_wconf 80' lang='grc' dir='ltr'>καὶ</span> <span class='ocrx_word' id='word_1_215' title='bbox 1153 2633 1293 2686; x_wconf 85' lang='grc' dir='ltr'>κατὰ</span> <span class='ocrx_word' id='word_1_216' title='bbox 1322 2633 1560 2690; x_wconf 85' lang='grc' dir='ltr'>διάνοιαν</span> <span class='ocrx_word' id='word_1_217' title='bbox 1582 2636 1639 2689; x_wconf 88' lang='grc' dir='ltr'>δὲ</span> <span class='ocrx_word' id='word_1_218' title='bbox 1668 2637 1832 2690; x_wconf 76' lang='grc' dir='ltr'>εἰσέτι</span> <span class='ocrx_word' id='word_1_219' title='bbox 1865 2639 1962 2710; x_wconf 90' lang='grc' dir='ltr'>σή-</span> 
     </span>
    </p>
   </div>
   <div class='ocr_carea' id='block_1_29' title="bbox 390 2721 1964 2798">
    <p class='ocr_par' dir='ltr' id='par_1_29' title="bbox 390 2721 1964 2798">
     <span class='ocr_line' id='line_1_29' title="bbox 390 2721 1964 2798; baseline 0.008 -26"><span class='ocrx_word' id='word_1_220' title='bbox 390 2736 551 2790; x_wconf 86' lang='grc' dir='ltr'>μερον</span> <span class='ocrx_word' id='word_1_221' title='bbox 573 2722 623 2773; x_wconf 78' lang='grc' dir='ltr'>οἱ</span> <span class='ocrx_word' id='word_1_222' title='bbox 653 2723 782 2792; x_wconf 79' lang='grc' dir='ltr'>πρὶν</span> <span class='ocrx_word' id='word_1_223' title='bbox 808 2721 906 2788; x_wconf 83' lang='grc' dir='ltr'><strong>τὰς</strong></span> <span class='ocrx_word' id='word_1_224' title='bbox 938 2723 1117 2794; x_wconf 81' lang='grc' dir='ltr'>ψυχὰς</span> <span class='ocrx_word' id='word_1_225' title='bbox 1148 2728 1557 2798; x_wconf 84' lang='grc' dir='ltr'>πεπηρωμένοι,</span> <span class='ocrx_word' id='word_1_226' title='bbox 1588 2728 1664 2793; x_wconf 83' lang='grc' dir='ltr'>ὡς</span> <span class='ocrx_word' id='word_1_227' title='bbox 1693 2726 1845 2795; x_wconf 83' lang='grc' dir='ltr'>ξύλα,</span> <span class='ocrx_word' id='word_1_228' title='bbox 1868 2731 1964 2784; x_wconf 74' lang='grc' dir='ltr'>καὶ</span> 
     </span>
    </p>
   </div>
   <div class='ocr_carea' id='block_1_30' title="bbox 387 2809 1961 2893">
    <p class='ocr_par' dir='ltr' id='par_1_30' title="bbox 387 2809 1961 2893">
     <span class='ocr_line' id='line_1_30' title="bbox 387 2809 1961 2893; baseline 0.008 -31"><span class='ocrx_word' id='word_1_229' title='bbox 387 2809 584 2876; x_wconf 79' lang='grc' dir='ltr'>λίθους,</span> <span class='ocrx_word' id='word_1_230' title='bbox 632 2814 727 2867; x_wconf 81' lang='grc' dir='ltr'><strong>καὶ</strong></span> <span class='ocrx_word' id='word_1_231' title='bbox 765 2815 864 2885; x_wconf 77' lang='grc' dir='ltr'><strong>τήν</strong></span> <span class='ocrx_word' id='word_1_232' title='bbox 906 2814 1101 2886; x_wconf 83' lang='grc' dir='ltr'>λοιπήν</span> <span class='ocrx_word' id='word_1_233' title='bbox 1148 2816 1354 2888; x_wconf 75' lang='grc' dir='ltr'>ἄψυχον</span> <span class='ocrx_word' id='word_1_234' title='bbox 1403 2818 1556 2891; x_wconf 79' lang='grc' dir='ltr'>ὓλην,</span> <span class='ocrx_word' id='word_1_235' title='bbox 1597 2820 1856 2893; x_wconf 84' lang='grc' dir='ltr'>δαίμονάς</span> <span class='ocrx_word' id='word_1_236' title='bbox 1899 2838 1961 2874; x_wconf 90' lang='grc' dir='ltr'>τε</span> 
     </span>
    </p>
   </div>
   <div class='ocr_carea' id='block_1_31' title="bbox 386 2903 1960 2980">
    <p class='ocr_par' dir='ltr' id='par_1_31' title="bbox 386 2903 1960 2980">
     <span class='ocr_line' id='line_1_31' title="bbox 386 2903 1960 2980; baseline 0.007 -26"><span class='ocrx_word' id='word_1_237' title='bbox 386 2903 716 2972; x_wconf 71' lang='grc' dir='ltr'>περιγείους,</span> <span class='ocrx_word' id='word_1_238' title='bbox 766 2904 861 2957; x_wconf 63' lang='grc' dir='ltr'><strong>καὶ⁵</strong></span> <span class='ocrx_word' id='word_1_239' title='bbox 908 2907 1193 2976; x_wconf 87' lang='grc' dir='ltr'>πνεύματα</span> <span class='ocrx_word' id='word_1_240' title='bbox 1247 2908 1478 2980; x_wconf 84' lang='grc' dir='ltr'>πονηρὰ,</span> <span class='ocrx_word' id='word_1_241' title='bbox 1526 2910 1647 2963; x_wconf 77' lang='grc' dir='ltr'>ἀντὶ</span> <span class='ocrx_word' id='word_1_242' title='bbox 1689 2911 1783 2964; x_wconf 84' lang='grc' dir='ltr'>τοῦ</span> <span class='ocrx_word' id='word_1_243' title='bbox 1825 2910 1960 2965; x_wconf 75' lang='grc' dir='ltr'>θεοῦ</span> 
     </span>
    </p>
   </div>
   <div class='ocr_carea' id='block_1_32' title="bbox 382 2990 1962 3069">
    <p class='ocr_par' dir='ltr' id='par_1_32' title="bbox 382 2990 1962 3069">
     <span class='ocr_line' id='line_1_32' title="bbox 382 2990 1962 3069; baseline 0.007 -26"><span class='ocrx_word' id='word_1_244' title='bbox 382 2990 490 3044; x_wconf 84' lang='grc' dir='ltr'><strong>τῶν</strong></span> <span class='ocrx_word' id='word_1_245' title='bbox 517 2993 653 3046; x_wconf 82' lang='grc' dir='ltr'>ὅλων</span> <span class='ocrx_word' id='word_1_246' title='bbox 680 2999 1023 3064; x_wconf 86' lang='grc' dir='ltr'>προσκυνεῖν,</span> <span class='ocrx_word' id='word_1_247' title='bbox 1053 2998 1107 3050; x_wconf 80' lang='grc' dir='ltr'><strong>οἴ</strong></span> <span class='ocrx_word' id='word_1_248' title='bbox 1129 3014 1189 3049; x_wconf 86' lang='grc' dir='ltr'><strong>τε</strong></span> <span class='ocrx_word' id='word_1_249' title='bbox 1217 2996 1287 3050; x_wconf 89' lang='grc' dir='ltr'><strong>τά</strong></span> <span class='ocrx_word' id='word_1_250' title='bbox 1319 2992 1433 3053; x_wconf 80' lang='grc' dir='ltr'>ὦτα</span> <span class='ocrx_word' id='word_1_251' title='bbox 1458 2998 1560 3069; x_wconf 87' lang='grc' dir='ltr'>τῆς</span> <span class='ocrx_word' id='word_1_252' title='bbox 1593 2999 1829 3064; x_wconf 83' lang='grc' dir='ltr'>διανοίας</span> <span class='ocrx_word' id='word_1_253' title='bbox 1871 3018 1962 3054; x_wconf 81' lang='grc' dir='ltr'>κε-</span> 
     </span>
    </p>
   </div>
   <div class='ocr_carea' id='block_1_33' title="bbox 382 3084 1960 3160">
    <p class='ocr_par' dir='ltr' id='par_1_33' title="bbox 382 3084 1960 3160">
     <span class='ocr_line' id='line_1_33' title="bbox 382 3084 1960 3160; baseline 0.006 -24"><span class='ocrx_word' id='word_1_254' title='bbox 382 3084 725 3154; x_wconf 75' lang='grc' dir='ltr'>κωφωμένοι,</span> <span class='ocrx_word' id='word_1_255' title='bbox 746 3088 840 3139; x_wconf 70' lang='grc' dir='ltr'>καὶ</span> <span class='ocrx_word' id='word_1_256' title='bbox 864 3087 1178 3152; x_wconf 76' lang='grc' dir='ltr'>σκάζοντες,</span> <span class='ocrx_word' id='word_1_257' title='bbox 1200 3090 1292 3142; x_wconf 81' lang='grc' dir='ltr'>καὶ</span> <span class='ocrx_word' id='word_1_258' title='bbox 1319 3090 1637 3160; x_wconf 79' lang='grc' dir='ltr'>παρειμένοι</span> <span class='ocrx_word' id='word_1_259' title='bbox 1662 3091 1754 3145; x_wconf 82' lang='grc' dir='ltr'>τὸν</span> <span class='ocrx_word' id='word_1_260' title='bbox 1782 3092 1960 3146; x_wconf 84' lang='grc' dir='ltr'>πάντα</span> 
     </span>
    </p>
   </div>
   <div class='ocr_carea' id='block_1_34' title="bbox 383 3166 1958 3246">
    <p class='ocr_par' dir='ltr' id='par_1_34' title="bbox 383 3166 1958 3246">
     <span class='ocr_line' id='line_1_34' title="bbox 383 3166 1958 3246; baseline 0.006 -19"><span class='ocrx_word' id='word_1_261' title='bbox 383 3175 589 3228; x_wconf 77' lang='grc' dir='ltr'>ἑαυτῶν</span> <span class='ocrx_word' id='word_1_262' title='bbox 615 3176 748 3246; x_wconf 87' lang='grc' dir='ltr'>βίον,</span> <span class='ocrx_word' id='word_1_263' title='bbox 781 3178 985 3231; x_wconf 91' lang='grc' dir='ltr'>τούτων</span> <span class='ocrx_word' id='word_1_264' title='bbox 1018 3180 1275 3233; x_wconf 74' lang='grc' dir='ltr'>ἁπάντων</span> <span class='ocrx_word' id='word_1_265' title='bbox 1304 3180 1397 3232; x_wconf 61' lang='grc' dir='ltr'><strong>καὶ¹</strong></span> <span class='ocrx_word' id='word_1_266' title='bbox 1427 3179 1536 3233; x_wconf 91' lang='grc' dir='ltr'><strong>τῶν</strong></span> <span class='ocrx_word' id='word_1_267' title='bbox 1569 3179 1743 3237; x_wconf 80' lang='grc' dir='ltr'>ἄλλων</span> <span class='ocrx_word' id='word_1_268' title='bbox 1771 3166 1958 3237; x_wconf 86' lang='grc' dir='ltr'>παθῶν</span> 
     </span>
    </p>
   </div>
   <div class='ocr_carea' id='block_1_35' title="bbox 382 3255 2028 3347">
    <p class='ocr_par' dir='ltr' id='par_1_35' title="bbox 382 3255 2028 3347">
     <span class='ocr_line' id='line_1_35' title="bbox 382 3255 2028 3347; baseline 0.01 -28"><span class='ocrx_word' id='word_1_269' title='bbox 382 3284 439 3319; x_wconf 86' lang='grc' dir='ltr'><strong>τε</strong></span> <span class='ocrx_word' id='word_1_270' title='bbox 465 3268 558 3321; x_wconf 81' lang='grc' dir='ltr'><strong>καὶ</strong></span> <span class='ocrx_word' id='word_1_271' title='bbox 585 3268 1034 3340; x_wconf 77' lang='grc' dir='ltr'>ἀρρωστημάτων</span> <span class='ocrx_word' id='word_1_272' title='bbox 1057 3270 1145 3325; x_wconf 81' lang='grc' dir='ltr'>διὰ</span> <span class='ocrx_word' id='word_1_273' title='bbox 1166 3271 1266 3341; x_wconf 83' lang='grc' dir='ltr'>τῆς</span> <span class='ocrx_word' id='word_1_274' title='bbox 1290 3271 1385 3325; x_wconf 82' lang='grc' dir='ltr'>τοῦ</span> <span class='ocrx_word' id='word_1_275' title='bbox 1412 3272 1658 3344; x_wconf 82' lang='grc' dir='ltr'>Σωτῆρος</span> <span class='ocrx_word' id='word_1_276' title='bbox 1685 3274 1838 3345; x_wconf 81' lang='grc' dir='ltr'>ἡμῶν</span> <span class='ocrx_word' id='word_1_277' title='bbox 1863 3277 1962 3347; x_wconf 83' lang='grc' dir='ltr'><strong>ἰη-</strong></span> <span class='ocrx_word' id='word_1_278' title='bbox 1985 3255 2028 3312; x_wconf 75' lang='lat' dir='ltr'><strong><em>C</em></strong></span> 
     </span>
    </p>
   </div>
   <div class='ocr_carea' id='block_1_36' title="bbox 383 3359 1961 3430">
    <p class='ocr_par' dir='ltr' id='par_1_36' title="bbox 383 3359 1961 3430">
     <span class='ocr_line' id='line_1_36' title="bbox 383 3359 1961 3430; baseline 0.006 -19"><span class='ocrx_word' id='word_1_279' title='bbox 383 3359 477 3412; x_wconf 75' lang='grc' dir='ltr'><strong>σοῦ</strong></span> <span class='ocrx_word' id='word_1_280' title='bbox 509 3360 744 3430; x_wconf 79' lang='grc' dir='ltr'>Χριστοῦ</span> <span class='ocrx_word' id='word_1_281' title='bbox 776 3361 1121 3425; x_wconf 86' lang='grc' dir='ltr'>διδασκαλίας</span> <span class='ocrx_word' id='word_1_282' title='bbox 1155 3362 1322 3416; x_wconf 83' lang='grc' dir='ltr'>είσέτι</span> <span class='ocrx_word' id='word_1_283' title='bbox 1351 3364 1445 3417; x_wconf 77' lang='grc' dir='ltr'>καὶ</span> <span class='ocrx_word' id='word_1_284' title='bbox 1471 3363 1566 3417; x_wconf 76' lang='grc' dir='ltr'>νῦν</span> <span class='ocrx_word' id='word_1_285' title='bbox 1594 3365 1961 3419; x_wconf 73' lang='grc' dir='ltr'>ἀπαλλάττον-ι</span> 
     </span>
    </p>
   </div>
   <div class='ocr_carea' id='block_1_37' title="bbox 380 3450 1960 3525">
    <p class='ocr_par' dir='ltr' id='par_1_37' title="bbox 380 3450 1960 3525">
     <span class='ocr_line' id='line_1_37' title="bbox 380 3450 1960 3525; baseline 0.003 -22"><span class='ocrx_word' id='word_1_286' title='bbox 380 3465 493 3512; x_wconf 75' lang='grc' dir='ltr'>ται,</span> <span class='ocrx_word' id='word_1_287' title='bbox 525 3450 659 3504; x_wconf 82' lang='grc' dir='ltr'>πολὺ</span> <span class='ocrx_word' id='word_1_288' title='bbox 685 3452 991 3522; x_wconf 83' lang='grc' dir='ltr'>κρείττονος</span> <span class='ocrx_word' id='word_1_289' title='bbox 1020 3451 1053 3520; x_wconf 76' lang='grc' dir='ltr'>ἢ</span> <span class='ocrx_word' id='word_1_290' title='bbox 1091 3451 1232 3504; x_wconf 86' lang='grc' dir='ltr'><strong>κατά</strong></span> <span class='ocrx_word' id='word_1_291' title='bbox 1259 3452 1416 3522; x_wconf 83' lang='grc' dir='ltr'>σῶμα</span> <span class='ocrx_word' id='word_1_292' title='bbox 1450 3453 1644 3516; x_wconf 77' lang='grc' dir='ltr'>ἰάσεως</span> <span class='ocrx_word' id='word_1_293' title='bbox 1688 3454 1781 3508; x_wconf 73' lang='grc' dir='ltr'><strong>καὶ</strong></span> <span class='ocrx_word' id='word_1_294' title='bbox 1816 3455 1960 3525; x_wconf 82' lang='grc' dir='ltr'><strong>ὠφε-</strong></span> 
     </span>
    </p>
   </div>
   <div class='ocr_carea' id='block_1_38' title="bbox 377 3541 1955 3614">
    <p class='ocr_par' dir='ltr' id='par_1_38' title="bbox 377 3541 1955 3614">
     <span class='ocr_line' id='line_1_38' title="bbox 377 3541 1955 3614; baseline 0.003 -19"><span class='ocrx_word' id='word_1_295' title='bbox 377 3541 529 3607; x_wconf 75' lang='grc' dir='ltr'>λείας</span> <span class='ocrx_word' id='word_1_296' title='bbox 573 3542 900 3614; x_wconf 81' lang='grc' dir='ltr'>ἀξιούμενοι,</span> <span class='ocrx_word' id='word_1_297' title='bbox 943 3544 1039 3596; x_wconf 60' lang='grc' dir='ltr'><strong>καὶ⁸</strong></span> <span class='ocrx_word' id='word_1_298' title='bbox 1072 3543 1174 3613; x_wconf 79' lang='grc' dir='ltr'>τῆς</span> <span class='ocrx_word' id='word_1_299' title='bbox 1212 3544 1292 3606; x_wconf 86' lang='grc' dir='ltr'><strong>εἰς</strong></span> <span class='ocrx_word' id='word_1_300' title='bbox 1329 3542 1648 3614; x_wconf 82' lang='grc' dir='ltr'>ἀνθρώπους</span> <span class='ocrx_word' id='word_1_301' title='bbox 1687 3545 1780 3599; x_wconf 81' lang='grc' dir='ltr'>τοῦ</span> <span class='ocrx_word' id='word_1_302' title='bbox 1819 3546 1955 3600; x_wconf 80' lang='grc' dir='ltr'><strong>Θεοῦ</strong></span> 
     </span>
    </p>
   </div>
   <div class='ocr_carea' id='block_1_39' title="bbox 379 3633 1952 3708">
    <p class='ocr_par' dir='ltr' id='par_1_39' title="bbox 379 3633 1952 3708">
     <span class='ocr_line' id='line_1_39' title="bbox 379 3633 1952 3708; baseline 0.002 -21"><span class='ocrx_word' id='word_1_303' title='bbox 379 3634 550 3701; x_wconf 84' lang='grc' dir='ltr'>Λόγου</span> <span class='ocrx_word' id='word_1_304' title='bbox 580 3634 877 3706; x_wconf 86' lang='grc' dir='ltr'>παρουσίας</span> <span class='ocrx_word' id='word_1_305' title='bbox 906 3633 1109 3704; x_wconf 82' lang='grc' dir='ltr'>ἐναργῆ</span> <span class='ocrx_word' id='word_1_306' title='bbox 1148 3633 1245 3704; x_wconf 81' lang='grc' dir='ltr'><strong>τὴν</strong></span> <span class='ocrx_word' id='word_1_307' title='bbox 1279 3634 1429 3688; x_wconf 84' lang='grc' dir='ltr'>θείαν</span> <span class='ocrx_word' id='word_1_308' title='bbox 1454 3636 1548 3687; x_wconf 76' lang='grc' dir='ltr'>καὶ</span> <span class='ocrx_word' id='word_1_309' title='bbox 1575 3636 1716 3708; x_wconf 83' lang='grc' dir='ltr'>ὑπὲρ</span> <span class='ocrx_word' id='word_1_310' title='bbox 1740 3636 1952 3708; x_wconf 88' lang='grc' dir='ltr'>ἄνθρω-</span> 
     </span>
    </p>
   </div>
   <div class='ocr_carea' id='block_1_40' title="bbox 376 3724 1203 3796">
    <p class='ocr_par' dir='ltr' id='par_1_40' title="bbox 376 3724 1203 3796">
     <span class='ocr_line' id='line_1_40' title="bbox 376 3724 1203 3796; baseline 0.001 -18"><span class='ocrx_word' id='word_1_311' title='bbox 376 3742 477 3779; x_wconf 84' lang='grc' dir='ltr'><strong>πον</strong></span> <span class='ocrx_word' id='word_1_312' title='bbox 502 3725 730 3796; x_wconf 89' lang='grc' dir='ltr'>δύναμιν</span> <span class='ocrx_word' id='word_1_313' title='bbox 752 3724 1203 3795; x_wconf 80' lang='grc' dir='ltr'>ἐπιδεικνύμενοι.</span> 
     </span>
    </p>
   </div>
   <div class='ocr_carea' id='block_1_41' title="bbox 2086 621 3650 692">
    <p class='ocr_par' dir='ltr' id='par_1_41' title="bbox 2086 621 3650 692">
     <span class='ocr_line' id='line_1_41' title="bbox 2086 621 3650 692; baseline 0.001 -16"><span class='ocrx_word' id='word_1_314' title='bbox 2086 623 2290 677; x_wconf 91' lang='lat' dir='ltr'><strong>bonum</strong></span> <span class='ocrx_word' id='word_1_315' title='bbox 2310 661 2325 685; x_wconf 94' lang='lat'><strong>,</strong></span> <span class='ocrx_word' id='word_1_316' title='bbox 2371 624 2460 676; x_wconf 90' lang='lat' dir='ltr'><strong>cui</strong></span> <span class='ocrx_word' id='word_1_317' title='bbox 2501 622 2580 677; x_wconf 85' lang='lat' dir='ltr'><strong>rei</strong></span> <span class='ocrx_word' id='word_1_318' title='bbox 2619 629 2674 677; x_wconf 87' lang='lat' dir='ltr'><strong>et</strong></span> <span class='ocrx_word' id='word_1_319' title='bbox 2706 621 2892 677; x_wconf 89' lang='lat' dir='ltr'><strong>divina</strong></span> <span class='ocrx_word' id='word_1_320' title='bbox 2922 622 3220 692; x_wconf 64' lang='lat' dir='ltr'><strong>prophetiae</strong></span> <span class='ocrx_word' id='word_1_321' title='bbox 3253 624 3563 692; x_wconf 80' lang='lat' dir='ltr'><strong>praedictio,</strong></span> <span class='ocrx_word' id='word_1_322' title='bbox 3594 635 3650 679; x_wconf 87' lang='lat' dir='ltr'><strong>et</strong></span> 
     </span>
    </p>
   </div>
   <div class='ocr_carea' id='block_1_42' title="bbox 2085 710 3651 769">
    <p class='ocr_par' dir='ltr' id='par_1_42' title="bbox 2085 710 3651 769">
     <span class='ocr_line' id='line_1_42' title="bbox 2085 710 3651 769; baseline 0.001 -3"><span class='ocrx_word' id='word_1_323' title='bbox 2085 713 2153 766; x_wconf 87' lang='lat' dir='ltr'><strong>ab</strong></span> <span class='ocrx_word' id='word_1_324' title='bbox 2182 711 2330 767; x_wconf 90' lang='lat' dir='ltr'><strong>omni</strong></span> <span class='ocrx_word' id='word_1_325' title='bbox 2370 711 2654 767; x_wconf 89' lang='lat' dir='ltr'><strong>mendacio</strong></span> <span class='ocrx_word' id='word_1_326' title='bbox 2697 712 3097 768; x_wconf 88' lang='lat' dir='ltr'><strong>alienissimum</strong></span> <span class='ocrx_word' id='word_1_327' title='bbox 3146 727 3429 768; x_wconf 89' lang='lat' dir='ltr'><strong>sacrorum</strong></span> <span class='ocrx_word' id='word_1_328' title='bbox 3466 710 3651 769; x_wconf 78' lang='lat' dir='ltr'><strong>Evan-</strong></span> 
     </span>
    </p>
   </div>
   <div class='ocr_carea' id='block_1_43' title="bbox 2084 788 3688 874">
    <p class='ocr_par' dir='ltr' id='par_1_43' title="bbox 2084 788 3688 874">
     <span class='ocr_line' id='line_1_43' title="bbox 2084 788 3688 874; baseline 0.001 -16"><span class='ocrx_word' id='word_1_329' title='bbox 2084 805 2350 874; x_wconf 88' lang='lat' dir='ltr'><strong>geliorum</strong></span> <span class='ocrx_word' id='word_1_330' title='bbox 2397 804 2807 869; x_wconf 90' lang='lat' dir='ltr'><strong>testimonium,</strong></span> <span class='ocrx_word' id='word_1_331' title='bbox 2857 804 3220 859; x_wconf 76' lang='lat' dir='ltr'><strong>indubitatam</strong></span> <span class='ocrx_word' id='word_1_332' title='bbox 3278 805 3439 860; x_wconf 92' lang='lat' dir='ltr'><strong>ﬁdem</strong></span> <span class='ocrx_word' id='word_1_333' title='bbox 3495 805 3644 860; x_wconf 84' lang='lat' dir='ltr'><strong>facit.</strong></span> <span class='ocrx_word' id='word_1_334' title='bbox 3670 788 3688 847; x_wconf 59' lang='grc' dir='ltr'><strong>λ</strong></span> 
     </span>
    </p>
   </div>
   <div class='ocr_carea' id='block_1_44' title="bbox 2085 893 3653 966">
    <p class='ocr_par' dir='ltr' id='par_1_44' title="bbox 2085 893 3653 966">
     <span class='ocr_line' id='line_1_44' title="bbox 2085 893 3653 966; baseline 0.001 -18"><span class='ocrx_word' id='word_1_335' title='bbox 2085 895 2364 950; x_wconf 84' lang='lat' dir='ltr'><strong>Desertam</strong></span> <span class='ocrx_word' id='word_1_336' title='bbox 2415 908 2544 949; x_wconf 90' lang='lat' dir='ltr'><strong>vero</strong></span> <span class='ocrx_word' id='word_1_337' title='bbox 2589 893 2644 947; x_wconf 92' lang='lat' dir='ltr'><strong>in</strong></span> <span class='ocrx_word' id='word_1_338' title='bbox 2694 893 2781 949; x_wconf 90' lang='lat' dir='ltr'><strong>his</strong></span> <span class='ocrx_word' id='word_1_339' title='bbox 2825 894 3009 950; x_wconf 81' lang='lat' dir='ltr'><strong>verbis</strong></span> <span class='ocrx_word' id='word_1_340' title='bbox 3053 895 3337 949; x_wconf 82' lang='lat' dir='ltr'><strong>oraculum</strong></span> <span class='ocrx_word' id='word_1_341' title='bbox 3380 895 3653 966; x_wconf 85' lang='lat' dir='ltr'><strong>signiﬁcat</strong></span> 
     </span>
    </p>
   </div>
   <div class='ocr_carea' id='block_1_45' title="bbox 2082 983 3651 1056">
    <p class='ocr_par' dir='ltr' id='par_1_45' title="bbox 2082 983 3651 1056">
     <span class='ocr_line' id='line_1_45' title="bbox 2082 983 3651 1056; baseline 0.001 -17"><span class='ocrx_word' id='word_1_342' title='bbox 2082 1000 2200 1040; x_wconf 87' lang='lat' dir='ltr'><strong>eam</strong></span> <span class='ocrx_word' id='word_1_343' title='bbox 2231 999 2351 1055; x_wconf 85' lang='lat' dir='ltr'><strong>quae</strong></span> <span class='ocrx_word' id='word_1_344' title='bbox 2377 984 2446 1038; x_wconf 90' lang='lat' dir='ltr'><strong>de</strong></span> <span class='ocrx_word' id='word_1_345' title='bbox 2475 983 2733 1053; x_wconf 84' lang='lat' dir='ltr'><strong>gentibus</strong></span> <span class='ocrx_word' id='word_1_346' title='bbox 2762 985 2991 1039; x_wconf 89' lang='lat' dir='ltr'><strong>collecta</strong></span> <span class='ocrx_word' id='word_1_347' title='bbox 3019 996 3133 1048; x_wconf 87' lang='lat' dir='ltr'><strong>est,</strong></span> <span class='ocrx_word' id='word_1_348' title='bbox 3163 985 3464 1042; x_wconf 83' lang='lat' dir='ltr'><strong>Ecclesiam</strong></span> <span class='ocrx_word' id='word_1_349' title='bbox 3484 1026 3498 1051; x_wconf 90' lang='lat'><strong>,</strong></span> <span class='ocrx_word' id='word_1_350' title='bbox 3527 1000 3651 1056; x_wconf 68' lang='lat' dir='ltr'><strong>quae</strong></span> 
     </span>
    </p>
   </div>
   <div class='ocr_carea' id='block_1_46' title="bbox 2082 1075 3651 1149">
    <p class='ocr_par' dir='ltr' id='par_1_46' title="bbox 2082 1075 3651 1149">
     <span class='ocr_line' id='line_1_46' title="bbox 2082 1075 3651 1149; baseline 0.002 -18"><span class='ocrx_word' id='word_1_351' title='bbox 2082 1093 2205 1131; x_wconf 89' lang='lat' dir='ltr'><strong>cum</strong></span> <span class='ocrx_word' id='word_1_352' title='bbox 2237 1087 2392 1130; x_wconf 85' lang='lat' dir='ltr'><strong>antea</strong></span> <span class='ocrx_word' id='word_1_353' title='bbox 2422 1076 2540 1132; x_wconf 89' lang='lat' dir='ltr'><strong>sine</strong></span> <span class='ocrx_word' id='word_1_354' title='bbox 2569 1075 2679 1130; x_wconf 88' lang='lat' dir='ltr'><strong>Deo</strong></span> <span class='ocrx_word' id='word_1_355' title='bbox 2705 1086 2850 1131; x_wconf 86' lang='lat' dir='ltr'><strong>esset</strong></span> <span class='ocrx_word' id='word_1_356' title='bbox 2877 1116 2892 1140; x_wconf 93' lang='lat'><strong>,</strong></span> <span class='ocrx_word' id='word_1_357' title='bbox 2923 1093 3020 1147; x_wconf 91' lang='lat' dir='ltr'><strong>per</strong></span> <span class='ocrx_word' id='word_1_358' title='bbox 3045 1094 3141 1133; x_wconf 80' lang='lat' dir='ltr'><strong>eos</strong></span> <span class='ocrx_word' id='word_1_359' title='bbox 3174 1080 3242 1135; x_wconf 90' lang='lat' dir='ltr'><strong>dc</strong></span> <span class='ocrx_word' id='word_1_360' title='bbox 3272 1081 3473 1149; x_wconf 86' lang='lat' dir='ltr'><strong>quibus</strong></span> <span class='ocrx_word' id='word_1_361' title='bbox 3503 1094 3651 1134; x_wconf 89' lang='lat' dir='ltr'><strong>nunc</strong></span> 
     </span>
    </p>
   </div>
   <div class='ocr_carea' id='block_1_47' title="bbox 2083 1167 3651 1239">
    <p class='ocr_par' dir='ltr' id='par_1_47' title="bbox 2083 1167 3651 1239">
     <span class='ocr_line' id='line_1_47' title="bbox 2083 1167 3651 1239; baseline 0.004 -18"><span class='ocrx_word' id='word_1_362' title='bbox 2083 1170 2280 1238; x_wconf 83' lang='lat' dir='ltr'><strong>agitur,</strong></span> <span class='ocrx_word' id='word_1_363' title='bbox 2311 1168 2662 1239; x_wconf 85' lang='lat' dir='ltr'><strong>Evangelium</strong></span> <span class='ocrx_word' id='word_1_364' title='bbox 2707 1168 2925 1238; x_wconf 90' lang='lat' dir='ltr'><strong>accipit.</strong></span> <span class='ocrx_word' id='word_1_365' title='bbox 2968 1167 3237 1226; x_wconf 82' lang='lat' dir='ltr'><strong>Praeterea</strong></span> <span class='ocrx_word' id='word_1_366' title='bbox 3278 1172 3419 1227; x_wconf 90' lang='lat' dir='ltr'><strong>idem</strong></span> <span class='ocrx_word' id='word_1_367' title='bbox 3455 1187 3651 1227; x_wconf 88' lang='lat' dir='ltr'><strong>oracu-</strong></span> 
     </span>
    </p>
   </div>
   <div class='ocr_carea' id='block_1_48' title="bbox 2083 1260 3650 1334">
    <p class='ocr_par' dir='ltr' id='par_1_48' title="bbox 2083 1260 3650 1334">
     <span class='ocr_line' id='line_1_48' title="bbox 2083 1260 3650 1334; baseline 0.003 -21"><span class='ocrx_word' id='word_1_368' title='bbox 2083 1262 2192 1314; x_wconf 85' lang='lat' dir='ltr'><strong>lum</strong></span> <span class='ocrx_word' id='word_1_369' title='bbox 2236 1261 2346 1325; x_wconf 88' lang='lat' dir='ltr'><strong>ait,</strong></span> <span class='ocrx_word' id='word_1_370' title='bbox 2388 1261 2517 1315; x_wconf 83' lang='lat' dir='ltr'><strong>huic</strong></span> <span class='ocrx_word' id='word_1_371' title='bbox 2557 1260 2787 1317; x_wconf 71' lang='lat' dir='ltr'><strong>desertm</strong></span> <span class='ocrx_word' id='word_1_372' title='bbox 2830 1262 3064 1317; x_wconf 84' lang='lat' dir='ltr'><strong>dandam</strong></span> <span class='ocrx_word' id='word_1_373' title='bbox 3113 1278 3242 1319; x_wconf 88' lang='lat' dir='ltr'><strong>esse</strong></span> <span class='ocrx_word' id='word_1_374' title='bbox 3288 1266 3516 1334; x_wconf 79' lang='lat' dir='ltr'><strong>gloriam</strong></span> <span class='ocrx_word' id='word_1_375' title='bbox 3557 1263 3650 1318; x_wconf 88' lang='lat' dir='ltr'><strong>Li-</strong></span> 
     </span>
    </p>
   </div>
   <div class='ocr_carea' id='block_1_49' title="bbox 2081 1351 3647 1427">
    <p class='ocr_par' dir='ltr' id='par_1_49' title="bbox 2081 1351 3647 1427">
     <span class='ocr_line' id='line_1_49' title="bbox 2081 1351 3647 1427; baseline 0.003 -20"><span class='ocrx_word' id='word_1_376' title='bbox 2081 1352 2227 1407; x_wconf 89' lang='lat' dir='ltr'><strong>bani.</strong></span> <span class='ocrx_word' id='word_1_377' title='bbox 2257 1351 2524 1406; x_wconf 89' lang='lat' dir='ltr'><strong>Libanum</strong></span> <span class='ocrx_word' id='word_1_378' title='bbox 2565 1364 2746 1408; x_wconf 91' lang='lat' dir='ltr'><strong>autem</strong></span> <span class='ocrx_word' id='word_1_379' title='bbox 2778 1353 3005 1423; x_wconf 88' lang='lat' dir='ltr'><strong>ﬁgurate</strong></span> <span class='ocrx_word' id='word_1_380' title='bbox 3048 1352 3351 1410; x_wconf 85' lang='lat' dir='ltr'><strong>Jerusalem</strong></span> <span class='ocrx_word' id='word_1_381' title='bbox 3382 1355 3647 1427; x_wconf 88' lang='lat' dir='ltr'><strong>appellari</strong></span> 
     </span>
    </p>
   </div>
   <div class='ocr_carea' id='block_1_50' title="bbox 2080 1446 3646 1516">
    <p class='ocr_par' dir='ltr' id='par_1_50' title="bbox 2080 1446 3646 1516">
     <span class='ocr_line' id='line_1_50' title="bbox 2080 1446 3646 1516; baseline 0.002 -17"><span class='ocrx_word' id='word_1_382' title='bbox 2080 1451 2399 1499; x_wconf 66' lang='lat' dir='ltr'><strong>consuetum</strong></span> <span class='ocrx_word' id='word_1_383' title='bbox 2440 1452 2525 1501; x_wconf 86' lang='lat' dir='ltr'><strong>est</strong></span> <span class='ocrx_word' id='word_1_384' title='bbox 2544 1483 2562 1511; x_wconf 90' lang='lat'><strong>,</strong></span> <span class='ocrx_word' id='word_1_385' title='bbox 2608 1446 2761 1500; x_wconf 84' lang='lat' dir='ltr'><strong>sicut</strong></span> <span class='ocrx_word' id='word_1_386' title='bbox 2783 1460 2884 1501; x_wconf 91' lang='lat' dir='ltr'><strong>suo</strong></span> <span class='ocrx_word' id='word_1_387' title='bbox 2911 1454 3154 1515; x_wconf 87' lang='lat' dir='ltr'><strong>tempore</strong></span> <span class='ocrx_word' id='word_1_388' title='bbox 3177 1462 3272 1516; x_wconf 91' lang='lat' dir='ltr'><strong>per</strong></span> <span class='ocrx_word' id='word_1_389' title='bbox 3297 1462 3392 1503; x_wconf 89' lang='lat' dir='ltr'><strong>eas</strong></span> <span class='ocrx_word' id='word_1_390' title='bbox 3417 1448 3646 1503; x_wconf 88' lang='lat' dir='ltr'><strong>demon—</strong></span> 
     </span>
    </p>
   </div>
   <div class='ocr_carea' id='block_1_51' title="bbox 2080 1535 3648 1607">
    <p class='ocr_par' dir='ltr' id='par_1_51' title="bbox 2080 1535 3648 1607">
     <span class='ocr_line' id='line_1_51' title="bbox 2080 1535 3648 1607; baseline 0.001 -16"><span class='ocrx_word' id='word_1_391' title='bbox 2080 1535 2408 1599; x_wconf 83' lang='lat' dir='ltr'><strong>strationes,</strong></span> <span class='ocrx_word' id='word_1_392' title='bbox 2463 1551 2601 1606; x_wconf 89' lang='lat' dir='ltr'><strong>quas</strong></span> <span class='ocrx_word' id='word_1_393' title='bbox 2645 1536 2713 1591; x_wconf 88' lang='lat' dir='ltr'><strong>de</strong></span> <span class='ocrx_word' id='word_1_394' title='bbox 2763 1536 2950 1592; x_wconf 86' lang='lat' dir='ltr'><strong>divina</strong></span> <span class='ocrx_word' id='word_1_395' title='bbox 2997 1535 3281 1607; x_wconf 84' lang='lat' dir='ltr'><strong>Scriptura</strong></span> <span class='ocrx_word' id='word_1_396' title='bbox 3329 1538 3648 1606; x_wconf 89' lang='lat' dir='ltr'><strong>conﬁciam,</strong></span> 
     </span>
    </p>
   </div>
   <div class='ocr_carea' id='block_1_52' title="bbox 2078 1627 3652 1699">
    <p class='ocr_par' dir='ltr' id='par_1_52' title="bbox 2078 1627 3652 1699">
     <span class='ocr_line' id='line_1_52' title="bbox 2078 1627 3652 1699; baseline 0.004 -19"><span class='ocrx_word' id='word_1_397' title='bbox 2078 1627 2407 1697; x_wconf 86' lang='lat' dir='ltr'><strong>probaturus</strong></span> <span class='ocrx_word' id='word_1_398' title='bbox 2447 1644 2610 1684; x_wconf 90' lang='lat' dir='ltr'><strong>sum:</strong></span> <span class='ocrx_word' id='word_1_399' title='bbox 2650 1627 2835 1698; x_wconf 88' lang='lat' dir='ltr'><strong>itaque</strong></span> <span class='ocrx_word' id='word_1_400' title='bbox 2873 1628 2929 1682; x_wconf 92' lang='lat' dir='ltr'><strong>in</strong></span> <span class='ocrx_word' id='word_1_401' title='bbox 2966 1628 3137 1699; x_wconf 90' lang='lat' dir='ltr'><strong>ipsius</strong></span> <span class='ocrx_word' id='word_1_402' title='bbox 3173 1627 3266 1683; x_wconf 88' lang='lat' dir='ltr'><strong>Dei</strong></span> <span class='ocrx_word' id='word_1_403' title='bbox 3305 1629 3374 1683; x_wconf 91' lang='lat' dir='ltr'><strong>ad</strong></span> <span class='ocrx_word' id='word_1_404' title='bbox 3400 1629 3652 1687; x_wconf 82' lang='lat' dir='ltr'><strong>homines</strong></span> 
     </span>
    </p>
   </div>
   <div class='ocr_carea' id='block_1_53' title="bbox 2080 1718 3650 1790">
    <p class='ocr_par' dir='ltr' id='par_1_53' title="bbox 2080 1718 3650 1790">
     <span class='ocr_line' id='line_1_53' title="bbox 2080 1718 3650 1790; baseline 0.001 -17"><span class='ocrx_word' id='word_1_405' title='bbox 2080 1718 2312 1774; x_wconf 88' lang='lat' dir='ltr'><strong>adventu</strong></span> <span class='ocrx_word' id='word_1_406' title='bbox 2336 1760 2351 1781; x_wconf 86' lang='lat'><strong>.</strong></span> <span class='ocrx_word' id='word_1_407' title='bbox 2396 1719 2476 1774; x_wconf 89' lang='lat' dir='ltr'><strong>illi</strong></span> <span class='ocrx_word' id='word_1_408' title='bbox 2521 1718 2785 1784; x_wconf 70' lang='lat' dir='ltr'><strong>desertae,</strong></span> <span class='ocrx_word' id='word_1_409' title='bbox 2834 1719 2903 1775; x_wconf 89' lang='lat' dir='ltr'><strong>de</strong></span> <span class='ocrx_word' id='word_1_410' title='bbox 2933 1736 3042 1790; x_wconf 91' lang='lat' dir='ltr'><strong>qua</strong></span> <span class='ocrx_word' id='word_1_411' title='bbox 3072 1719 3281 1775; x_wconf 90' lang='lat' dir='ltr'><strong>dictum</strong></span> <span class='ocrx_word' id='word_1_412' title='bbox 3314 1725 3426 1783; x_wconf 81' lang='lat' dir='ltr'><strong>est,</strong></span> <span class='ocrx_word' id='word_1_413' title='bbox 3461 1719 3650 1775; x_wconf 84' lang='lat' dir='ltr'><strong>Eccle-</strong></span> 
     </span>
    </p>
   </div>
   <div class='ocr_carea' id='block_1_54' title="bbox 2080 1811 3651 1883">
    <p class='ocr_par' dir='ltr' id='par_1_54' title="bbox 2080 1811 3651 1883">
     <span class='ocr_line' id='line_1_54' title="bbox 2080 1811 3651 1883; baseline 0 -16"><span class='ocrx_word' id='word_1_414' title='bbox 2080 1812 2205 1881; x_wconf 65' lang='lat' dir='ltr'><strong>siae,</strong></span> <span class='ocrx_word' id='word_1_415' title='bbox 2251 1813 2510 1883; x_wconf 89' lang='lat' dir='ltr'><strong>inquam,</strong></span> <span class='ocrx_word' id='word_1_416' title='bbox 2548 1828 2669 1883; x_wconf 82' lang='lat' dir='ltr'><strong>quae</strong></span> <span class='ocrx_word' id='word_1_417' title='bbox 2699 1811 2767 1868; x_wconf 88' lang='lat' dir='ltr'><strong>de</strong></span> <span class='ocrx_word' id='word_1_418' title='bbox 2794 1812 3049 1883; x_wconf 75' lang='lat' dir='ltr'><strong>gentibus</strong></span> <span class='ocrx_word' id='word_1_419' title='bbox 3090 1813 3319 1867; x_wconf 88' lang='lat' dir='ltr'><strong>collecta</strong></span> <span class='ocrx_word' id='word_1_420' title='bbox 3364 1821 3480 1879; x_wconf 87' lang='lat' dir='ltr'><strong>est,</strong></span> <span class='ocrx_word' id='word_1_421' title='bbox 3529 1812 3651 1883; x_wconf 80' lang='lat' dir='ltr'><strong>glo-</strong></span> 
     </span>
    </p>
   </div>
   <div class='ocr_carea' id='block_1_55' title="bbox 2075 1900 3650 1974">
    <p class='ocr_par' dir='ltr' id='par_1_55' title="bbox 2075 1900 3650 1974">
     <span class='ocr_line' id='line_1_55' title="bbox 2075 1900 3650 1974; baseline 0.001 -17"><span class='ocrx_word' id='word_1_422' title='bbox 2075 1903 2212 1958; x_wconf 87' lang='lat' dir='ltr'><strong>riam</strong></span> <span class='ocrx_word' id='word_1_423' title='bbox 2244 1904 2434 1959; x_wconf 86' lang='lat' dir='ltr'><strong>Libani</strong></span> <span class='ocrx_word' id='word_1_424' title='bbox 2464 1900 2699 1959; x_wconf 82' lang='lat' dir='ltr'><strong>dandam</strong></span> <span class='ocrx_word' id='word_1_425' title='bbox 2730 1919 2853 1959; x_wconf 88' lang='lat' dir='ltr'><strong>esse</strong></span> <span class='ocrx_word' id='word_1_426' title='bbox 2877 1945 2892 1971; x_wconf 88' lang='lat'><strong>,</strong></span> <span class='ocrx_word' id='word_1_427' title='bbox 2933 1904 3281 1974; x_wconf 89' lang='lat' dir='ltr'><strong>propositum</strong></span> <span class='ocrx_word' id='word_1_428' title='bbox 3322 1903 3484 1958; x_wconf 88' lang='lat' dir='ltr'><strong>docet</strong></span> <span class='ocrx_word' id='word_1_429' title='bbox 3524 1918 3650 1959; x_wconf 80' lang='lat' dir='ltr'><strong>ora-</strong></span> 
     </span>
    </p>
   </div>
   <div class='ocr_carea' id='block_1_56' title="bbox 2074 1991 3651 2062">
    <p class='ocr_par' dir='ltr' id='par_1_56' title="bbox 2074 1991 3651 2062">
     <span class='ocr_line' id='line_1_56' title="bbox 2074 1991 3651 2062; baseline 0.002 -16"><span class='ocrx_word' id='word_1_430' title='bbox 2074 1992 2279 2047; x_wconf 84' lang='lat' dir='ltr'><strong>culum.</strong></span> <span class='ocrx_word' id='word_1_431' title='bbox 2310 1991 2419 2047; x_wconf 87' lang='lat' dir='ltr'><strong>Pro</strong></span> <span class='ocrx_word' id='word_1_432' title='bbox 2444 2008 2510 2048; x_wconf 91' lang='lat' dir='ltr'><strong>eo</strong></span> <span class='ocrx_word' id='word_1_433' title='bbox 2541 2001 2723 2047; x_wconf 89' lang='lat' dir='ltr'><strong>autem</strong></span> <span class='ocrx_word' id='word_1_434' title='bbox 2760 1993 2907 2062; x_wconf 89' lang='lat' dir='ltr'><strong>quod</strong></span> <span class='ocrx_word' id='word_1_435' title='bbox 2937 1993 3144 2047; x_wconf 89' lang='lat' dir='ltr'><strong>dictum</strong></span> <span class='ocrx_word' id='word_1_436' title='bbox 3180 2003 3303 2057; x_wconf 85' lang='lat' dir='ltr'><strong>est,</strong></span> <span class='ocrx_word' id='word_1_437' title='bbox 3336 2011 3354 2042; x_wconf 77' lang='grc' dir='ltr'>ι</span> <span class='ocrx_word' id='word_1_438' title='bbox 3389 2001 3444 2048; x_wconf 80' lang='lat' dir='ltr'><strong>et</strong></span> <span class='ocrx_word' id='word_1_439' title='bbox 3472 1993 3651 2049; x_wconf 84' lang='lat' dir='ltr'><strong>honor</strong></span> 
     </span>
    </p>
   </div>
   <div class='ocr_carea' id='block_1_57' title="bbox 2073 2078 3649 2151">
    <p class='ocr_par' dir='ltr' id='par_1_57' title="bbox 2073 2078 3649 2151">
     <span class='ocr_line' id='line_1_57' title="bbox 2073 2078 3649 2151; baseline 0.002 -17"><span class='ocrx_word' id='word_1_440' title='bbox 2073 2078 2343 2145; x_wconf 88' lang='lat' dir='ltr'><strong>Carmeli,</strong></span> <span class='ocrx_word' id='word_1_441' title='bbox 2376 2101 2394 2132; x_wconf 83' lang='grc'>›</span> <span class='ocrx_word' id='word_1_442' title='bbox 2439 2080 2632 2151; x_wconf 83' lang='lat' dir='ltr'><strong>Aquila</strong></span> <span class='ocrx_word' id='word_1_443' title='bbox 2693 2080 2913 2151; x_wconf 88' lang='lat' dir='ltr'><strong>quidem</strong></span> <span class='ocrx_word' id='word_1_444' title='bbox 2968 2082 3277 2145; x_wconf 87' lang='lat' dir='ltr'><strong>convertit,</strong></span> <span class='ocrx_word' id='word_1_445' title='bbox 3324 2099 3342 2132; x_wconf 79' lang='grc' dir='ltr'>ι</span> <span class='ocrx_word' id='word_1_446' title='bbox 3379 2079 3649 2151; x_wconf 85' lang='lat' dir='ltr'><strong>Splendor</strong></span> 
     </span>
    </p>
   </div>
   <div class='ocr_carea' id='block_1_58' title="bbox 2071 2169 3642 2241">
    <p class='ocr_par' dir='ltr' id='par_1_58' title="bbox 2071 2169 3642 2241">
     <span class='ocr_line' id='line_1_58' title="bbox 2071 2169 3642 2241; baseline 0.001 -17"><span class='ocrx_word' id='word_1_447' title='bbox 2071 2169 2309 2225; x_wconf 85' lang='lat' dir='ltr'><strong>Carmeli</strong></span> <span class='ocrx_word' id='word_1_448' title='bbox 2339 2179 2394 2226; x_wconf 89' lang='lat' dir='ltr'><strong>et</strong></span> <span class='ocrx_word' id='word_1_449' title='bbox 2428 2169 2636 2235; x_wconf 84' lang='lat' dir='ltr'><strong>Saron,</strong></span> <span class='ocrx_word' id='word_1_450' title='bbox 2669 2170 2772 2241; x_wconf 91' lang='lat' dir='ltr'><strong>ipsi</strong></span> <span class='ocrx_word' id='word_1_451' title='bbox 2802 2171 3064 2227; x_wconf 86' lang='lat' dir='ltr'><strong>videbunt</strong></span> <span class='ocrx_word' id='word_1_452' title='bbox 3093 2171 3320 2241; x_wconf 76' lang='lat' dir='ltr'><strong>gloriam</strong></span> <span class='ocrx_word' id='word_1_453' title='bbox 3354 2169 3587 2226; x_wconf 89' lang='lat' dir='ltr'><strong>Domini.</strong></span> <span class='ocrx_word' id='word_1_454' title='bbox 3621 2192 3642 2226; x_wconf 71' lang='grc' dir='ltr'><strong>ι</strong></span> 
     </span>
    </p>
   </div>
   <div class='ocr_carea' id='block_1_59' title="bbox 2074 2263 3647 2336">
    <p class='ocr_par' dir='ltr' id='par_1_59' title="bbox 2074 2263 3647 2336">
     <span class='ocr_line' id='line_1_59' title="bbox 2074 2263 3647 2336; baseline 0 -17"><span class='ocrx_word' id='word_1_455' title='bbox 2074 2263 2432 2336; x_wconf 90' lang='lat' dir='ltr'><strong>Symmachus</strong></span> <span class='ocrx_word' id='word_1_456' title='bbox 2455 2280 2618 2330; x_wconf 89' lang='lat' dir='ltr'><strong>vero,</strong></span> <span class='ocrx_word' id='word_1_457' title='bbox 2648 2284 2667 2316; x_wconf 74' lang='grc' dir='ltr'>ι</span> <span class='ocrx_word' id='word_1_458' title='bbox 2698 2263 2872 2319; x_wconf 87' lang='lat' dir='ltr'><strong>Decor</strong></span> <span class='ocrx_word' id='word_1_459' title='bbox 2908 2264 3142 2320; x_wconf 78' lang='lat' dir='ltr'><strong>Carmeli</strong></span> <span class='ocrx_word' id='word_1_460' title='bbox 3183 2275 3237 2320; x_wconf 90' lang='lat' dir='ltr'><strong>et</strong></span> <span class='ocrx_word' id='word_1_461' title='bbox 3290 2264 3503 2334; x_wconf 87' lang='lat' dir='ltr'><strong>campi,</strong></span> <span class='ocrx_word' id='word_1_462' title='bbox 3539 2264 3647 2334; x_wconf 89' lang='lat' dir='ltr'><strong>ipsi</strong></span> 
     </span>
    </p>
   </div>
   <div class='ocr_carea' id='block_1_60' title="bbox 2074 2355 3642 2428">
    <p class='ocr_par' dir='ltr' id='par_1_60' title="bbox 2074 2355 3642 2428">
     <span class='ocr_line' id='line_1_60' title="bbox 2074 2355 3642 2428; baseline -0.001 -18"><span class='ocrx_word' id='word_1_463' title='bbox 2074 2356 2338 2411; x_wconf 88' lang='lat' dir='ltr'><strong>videbunt</strong></span> <span class='ocrx_word' id='word_1_464' title='bbox 2388 2357 2620 2428; x_wconf 81' lang='lat' dir='ltr'><strong>gloriam</strong></span> <span class='ocrx_word' id='word_1_465' title='bbox 2679 2356 2917 2411; x_wconf 88' lang='lat' dir='ltr'><strong>Domini.</strong></span> <span class='ocrx_word' id='word_1_466' title='bbox 2959 2375 2977 2406; x_wconf 74' lang='grc' dir='ltr'><strong>ι</strong></span> <span class='ocrx_word' id='word_1_467' title='bbox 3014 2355 3356 2411; x_wconf 88' lang='lat' dir='ltr'><strong>Theodotion</strong></span> <span class='ocrx_word' id='word_1_468' title='bbox 3411 2361 3642 2409; x_wconf 89' lang='lat' dir='ltr'><strong>autem:</strong></span> 
     </span>
    </p>
   </div>
   <div class='ocr_carea' id='block_1_61' title="bbox 2076 2441 3639 2518">
    <p class='ocr_par' dir='ltr' id='par_1_61' title="bbox 2076 2441 3639 2518">
     <span class='ocr_line' id='line_1_61' title="bbox 2076 2441 3639 2518; baseline -0.001 -19"><span class='ocrx_word' id='word_1_469' title='bbox 2076 2466 2095 2499; x_wconf 73' lang='grc' dir='ltr'><strong>ι</strong></span> <span class='ocrx_word' id='word_1_470' title='bbox 2128 2446 2389 2518; x_wconf 88' lang='lat' dir='ltr'><strong>Species,</strong></span> <span class='ocrx_word' id='word_1_471' title='bbox 2419 2448 2639 2517; x_wconf 89' lang='lat' dir='ltr'><strong>inquit,</strong></span> <span class='ocrx_word' id='word_1_472' title='bbox 2681 2446 2919 2502; x_wconf 86' lang='lat' dir='ltr'><strong>Carmeli</strong></span> <span class='ocrx_word' id='word_1_473' title='bbox 2967 2452 3022 2500; x_wconf 91' lang='lat' dir='ltr'><strong>et</strong></span> <span class='ocrx_word' id='word_1_474' title='bbox 3077 2443 3289 2507; x_wconf 89' lang='lat' dir='ltr'><strong>Saron,</strong></span> <span class='ocrx_word' id='word_1_475' title='bbox 3335 2441 3440 2513; x_wconf 89' lang='lat' dir='ltr'><strong>ipsi</strong></span> <span class='ocrx_word' id='word_1_476' title='bbox 3491 2441 3639 2497; x_wconf 86' lang='lat' dir='ltr'><strong>vide-</strong></span> 
     </span>
    </p>
   </div>
   <div class='ocr_carea' id='block_1_62' title="bbox 2070 2534 3647 2607">
    <p class='ocr_par' dir='ltr' id='par_1_62' title="bbox 2070 2534 3647 2607">
     <span class='ocr_line' id='line_1_62' title="bbox 2070 2534 3647 2607; baseline -0.001 -16"><span class='ocrx_word' id='word_1_477' title='bbox 2070 2537 2208 2591; x_wconf 86' lang='lat' dir='ltr'><strong>bunt</strong></span> <span class='ocrx_word' id='word_1_478' title='bbox 2246 2538 2474 2607; x_wconf 84' lang='lat' dir='ltr'><strong>gloriam</strong></span> <span class='ocrx_word' id='word_1_479' title='bbox 2521 2536 2763 2592; x_wconf 91' lang='lat' dir='ltr'><strong>Domini.</strong></span> <span class='ocrx_word' id='word_1_480' title='bbox 2796 2554 2817 2588; x_wconf 72' lang='grc' dir='ltr'><strong>ι</strong></span> <span class='ocrx_word' id='word_1_481' title='bbox 2846 2534 3061 2601; x_wconf 83' lang='lat' dir='ltr'><strong>Quibus</strong></span> <span class='ocrx_word' id='word_1_482' title='bbox 3100 2535 3289 2590; x_wconf 85' lang='lat' dir='ltr'><strong>verbis</strong></span> <span class='ocrx_word' id='word_1_483' title='bbox 3329 2534 3647 2606; x_wconf 84' lang='lat' dir='ltr'><strong>signiﬁcare</strong></span> 
     </span>
    </p>
   </div>
   <div class='ocr_carea' id='block_1_63' title="bbox 2069 2625 3643 2699">
    <p class='ocr_par' dir='ltr' id='par_1_63' title="bbox 2069 2625 3643 2699">
     <span class='ocr_line' id='line_1_63' title="bbox 2069 2625 3643 2699; baseline 0 -17"><span class='ocrx_word' id='word_1_484' title='bbox 2069 2627 2306 2683; x_wconf 89' lang='lat' dir='ltr'><strong>arbitror</strong></span> <span class='ocrx_word' id='word_1_485' title='bbox 2336 2629 2679 2699; x_wconf 89' lang='lat' dir='ltr'><strong>prophetiam</strong></span> <span class='ocrx_word' id='word_1_486' title='bbox 2702 2668 2718 2691; x_wconf 90' lang='lat'><strong>,</strong></span> <span class='ocrx_word' id='word_1_487' title='bbox 2751 2642 2860 2683; x_wconf 88' lang='lat' dir='ltr'><strong>non</strong></span> <span class='ocrx_word' id='word_1_488' title='bbox 2902 2628 3080 2697; x_wconf 90' lang='lat' dir='ltr'><strong>ipsam</strong></span> <span class='ocrx_word' id='word_1_489' title='bbox 3121 2625 3424 2682; x_wconf 85' lang='lat' dir='ltr'><strong>Jerusalem</strong></span> <span class='ocrx_word' id='word_1_490' title='bbox 3464 2642 3643 2696; x_wconf 87' lang='lat' dir='ltr'><strong>neque</strong></span> 
     </span>
    </p>
   </div>
   <div class='ocr_carea' id='block_1_64' title="bbox 2067 2718 3642 2790">
    <p class='ocr_par' dir='ltr' id='par_1_64' title="bbox 2067 2718 3642 2790">
     <span class='ocr_line' id='line_1_64' title="bbox 2067 2718 3642 2790; baseline -0.001 -16"><span class='ocrx_word' id='word_1_491' title='bbox 2067 2718 2309 2774; x_wconf 68' lang='lat' dir='ltr'><strong>Iudaeam</strong></span> <span class='ocrx_word' id='word_1_492' title='bbox 2332 2760 2348 2786; x_wconf 86' lang='lat'><strong>,</strong></span> <span class='ocrx_word' id='word_1_493' title='bbox 2380 2719 2476 2775; x_wconf 88' lang='lat' dir='ltr'><strong>sed</strong></span> <span class='ocrx_word' id='word_1_494' title='bbox 2507 2720 2751 2790; x_wconf 89' lang='lat' dir='ltr'><strong>ipsarum</strong></span> <span class='ocrx_word' id='word_1_495' title='bbox 2776 2718 3021 2789; x_wconf 87' lang='lat' dir='ltr'><strong>gentium</strong></span> <span class='ocrx_word' id='word_1_496' title='bbox 3051 2726 3251 2773; x_wconf 85' lang='lat' dir='ltr'><strong>terram</strong></span> <span class='ocrx_word' id='word_1_497' title='bbox 3277 2757 3291 2781; x_wconf 91' lang='lat'><strong>,</strong></span> <span class='ocrx_word' id='word_1_498' title='bbox 3325 2718 3413 2772; x_wconf 91' lang='lat' dir='ltr'><strong>cui</strong></span> <span class='ocrx_word' id='word_1_499' title='bbox 3456 2719 3642 2773; x_wconf 83' lang='lat' dir='ltr'><strong>divina</strong></span> 
     </span>
    </p>
   </div>
   <div class='ocr_carea' id='block_1_65' title="bbox 2067 2810 3643 2882">
    <p class='ocr_par' dir='ltr' id='par_1_65' title="bbox 2067 2810 3643 2882">
     <span class='ocr_line' id='line_1_65' title="bbox 2067 2810 3643 2882; baseline -0.001 -16"><span class='ocrx_word' id='word_1_500' title='bbox 2067 2812 2305 2882; x_wconf 87' lang='lat' dir='ltr'><strong>cognitio</strong></span> <span class='ocrx_word' id='word_1_501' title='bbox 2330 2811 2641 2866; x_wconf 70' lang='lat' dir='ltr'><strong>exhibenda</strong></span> <span class='ocrx_word' id='word_1_502' title='bbox 2675 2811 2766 2867; x_wconf 89' lang='lat' dir='ltr'><strong>sit.</strong></span> <span class='ocrx_word' id='word_1_503' title='bbox 2801 2810 3091 2866; x_wconf 85' lang='lat' dir='ltr'><strong>Carmelus</strong></span> <span class='ocrx_word' id='word_1_504' title='bbox 3118 2810 3264 2864; x_wconf 88' lang='lat' dir='ltr'><strong>enim</strong></span> <span class='ocrx_word' id='word_1_505' title='bbox 3290 2848 3305 2873; x_wconf 93' lang='lat'><strong>,</strong></span> <span class='ocrx_word' id='word_1_506' title='bbox 3334 2818 3390 2865; x_wconf 84' lang='lat' dir='ltr'><strong>et</strong></span> <span class='ocrx_word' id='word_1_507' title='bbox 3419 2810 3512 2879; x_wconf 92' lang='lat' dir='ltr'><strong>qui</strong></span> <span class='ocrx_word' id='word_1_508' title='bbox 3545 2826 3643 2865; x_wconf 73' lang='lat' dir='ltr'><strong>vo-</strong></span> 
     </span>
    </p>
   </div>
   <div class='ocr_carea' id='block_1_66' title="bbox 2066 2899 3637 2972">
    <p class='ocr_par' dir='ltr' id='par_1_66' title="bbox 2066 2899 3637 2972">
     <span class='ocr_line' id='line_1_66' title="bbox 2066 2899 3637 2972; baseline -0.003 -14"><span class='ocrx_word' id='word_1_509' title='bbox 2066 2911 2225 2958; x_wconf 88' lang='lat' dir='ltr'><strong>catur</strong></span> <span class='ocrx_word' id='word_1_510' title='bbox 2273 2901 2481 2967; x_wconf 89' lang='lat' dir='ltr'><strong>Saron,</strong></span> <span class='ocrx_word' id='word_1_511' title='bbox 2530 2909 2883 2957; x_wconf 82' lang='lat' dir='ltr'><strong>externarum</strong></span> <span class='ocrx_word' id='word_1_512' title='bbox 2931 2900 3173 2972; x_wconf 90' lang='lat' dir='ltr'><strong>gentium</strong></span> <span class='ocrx_word' id='word_1_513' title='bbox 3205 2900 3321 2954; x_wconf 89' lang='lat' dir='ltr'><strong>loca</strong></span> <span class='ocrx_word' id='word_1_514' title='bbox 3352 2909 3532 2955; x_wconf 88' lang='lat' dir='ltr'><strong>erant.</strong></span> <span class='ocrx_word' id='word_1_515' title='bbox 3568 2899 3637 2953; x_wconf 86' lang='lat' dir='ltr'><strong>Et</strong></span> 
     </span>
    </p>
   </div>
   <div class='ocr_carea' id='block_1_67' title="bbox 2063 2993 3640 3066">
    <p class='ocr_par' dir='ltr' id='par_1_67' title="bbox 2063 2993 3640 3066">
     <span class='ocr_line' id='line_1_67' title="bbox 2063 2993 3640 3066; baseline -0.002 -16"><span class='ocrx_word' id='word_1_516' title='bbox 2063 2996 2178 3051; x_wconf 65' lang='lat' dir='ltr'><strong>haec</strong></span> <span class='ocrx_word' id='word_1_517' title='bbox 2229 2996 2450 3066; x_wconf 88' lang='lat' dir='ltr'><strong>quidem</strong></span> <span class='ocrx_word' id='word_1_518' title='bbox 2498 2995 2563 3049; x_wconf 84' lang='lat' dir='ltr'><strong>ad</strong></span> <span class='ocrx_word' id='word_1_519' title='bbox 2618 2994 2889 3059; x_wconf 89' lang='lat' dir='ltr'><strong>verbum,</strong></span> <span class='ocrx_word' id='word_1_520' title='bbox 2925 2994 2993 3048; x_wconf 89' lang='lat' dir='ltr'><strong>ad</strong></span> <span class='ocrx_word' id='word_1_521' title='bbox 3024 3008 3248 3050; x_wconf 88' lang='lat' dir='ltr'><strong>sensum</strong></span> <span class='ocrx_word' id='word_1_522' title='bbox 3291 3008 3422 3048; x_wconf 89' lang='lat' dir='ltr'><strong>vero</strong></span> <span class='ocrx_word' id='word_1_523' title='bbox 3468 2993 3640 3049; x_wconf 89' lang='lat' dir='ltr'><strong>inter-</strong></span> 
     </span>
    </p>
   </div>
   <div class='ocr_carea' id='block_1_68' title="bbox 2065 3084 3641 3156">
    <p class='ocr_par' dir='ltr' id='par_1_68' title="bbox 2065 3084 3641 3156">
     <span class='ocr_line' id='line_1_68' title="bbox 2065 3084 3641 3156; baseline 0.001 -18"><span class='ocrx_word' id='word_1_524' title='bbox 2065 3087 2453 3155; x_wconf 84' lang='lat' dir='ltr'><strong>pretantibus,</strong></span> <span class='ocrx_word' id='word_1_525' title='bbox 2504 3085 2801 3141; x_wconf 87' lang='lat' dir='ltr'><strong>dicendum</strong></span> <span class='ocrx_word' id='word_1_526' title='bbox 2852 3086 2998 3149; x_wconf 87' lang='lat' dir='ltr'><strong>erit,</strong></span> <span class='ocrx_word' id='word_1_527' title='bbox 3048 3085 3194 3156; x_wconf 88' lang='lat' dir='ltr'><strong>quod</strong></span> <span class='ocrx_word' id='word_1_528' title='bbox 3249 3084 3286 3137; x_wconf 92' lang='lat' dir='ltr'><strong>ii</strong></span> <span class='ocrx_word' id='word_1_529' title='bbox 3339 3084 3431 3155; x_wconf 90' lang='lat' dir='ltr'><strong>qui</strong></span> <span class='ocrx_word' id='word_1_530' title='bbox 3483 3084 3641 3155; x_wconf 90' lang='lat' dir='ltr'><strong>prius</strong></span> 
     </span>
    </p>
   </div>
   <div class='ocr_carea' id='block_1_69' title="bbox 2067 3177 3640 3247">
    <p class='ocr_par' dir='ltr' id='par_1_69' title="bbox 2067 3177 3640 3247">
     <span class='ocr_line' id='line_1_69' title="bbox 2067 3177 3640 3247; baseline 0.001 -17"><span class='ocrx_word' id='word_1_531' title='bbox 2067 3179 2266 3233; x_wconf 85' lang='lat' dir='ltr'><strong>animis</strong></span> <span class='ocrx_word' id='word_1_532' title='bbox 2291 3179 2547 3234; x_wconf 58' lang='lat' dir='ltr'><strong>excazcati</strong></span> <span class='ocrx_word' id='word_1_533' title='bbox 2578 3184 2734 3232; x_wconf 81' lang='lat' dir='ltr'><strong>erant</strong></span> <span class='ocrx_word' id='word_1_534' title='bbox 2758 3215 2772 3240; x_wconf 90' lang='lat'><strong>,</strong></span> <span class='ocrx_word' id='word_1_535' title='bbox 2813 3177 2948 3233; x_wconf 89' lang='lat' dir='ltr'><strong>adeo</strong></span> <span class='ocrx_word' id='word_1_536' title='bbox 2980 3184 3040 3231; x_wconf 91' lang='lat' dir='ltr'><strong>ut</strong></span> <span class='ocrx_word' id='word_1_537' title='bbox 3080 3177 3224 3247; x_wconf 90' lang='lat' dir='ltr'><strong>ligna</strong></span> <span class='ocrx_word' id='word_1_538' title='bbox 3268 3184 3320 3231; x_wconf 89' lang='lat' dir='ltr'><strong>et</strong></span> <span class='ocrx_word' id='word_1_539' title='bbox 3356 3177 3562 3246; x_wconf 87' lang='lat' dir='ltr'><strong>lapides</strong></span> <span class='ocrx_word' id='word_1_540' title='bbox 3585 3184 3640 3231; x_wconf 86' lang='lat' dir='ltr'><strong>et</strong></span> 
     </span>
    </p>
   </div>
   <div class='ocr_carea' id='block_1_70' title="bbox 2062 3267 3639 3340">
    <p class='ocr_par' dir='ltr' id='par_1_70' title="bbox 2062 3267 3639 3340">
     <span class='ocr_line' id='line_1_70' title="bbox 2062 3267 3639 3340; baseline -0.001 -17"><span class='ocrx_word' id='word_1_541' title='bbox 2062 3269 2326 3340; x_wconf 86' lang='lat' dir='ltr'><strong>reliquam</strong></span> <span class='ocrx_word' id='word_1_542' title='bbox 2362 3269 2558 3324; x_wconf 67' lang='lat' dir='ltr'><strong>animae</strong></span> <span class='ocrx_word' id='word_1_543' title='bbox 2611 3278 2888 3339; x_wconf 78' lang='lat' dir='ltr'><strong>expertem</strong></span> <span class='ocrx_word' id='word_1_544' title='bbox 2922 3269 3203 3323; x_wconf 89' lang='lat' dir='ltr'><strong>materiam</strong></span> <span class='ocrx_word' id='word_1_545' title='bbox 3231 3307 3246 3333; x_wconf 89' lang='lat'><strong>,</strong></span> <span class='ocrx_word' id='word_1_546' title='bbox 3282 3283 3494 3322; x_wconf 89' lang='lat' dir='ltr'><strong>necnon</strong></span> <span class='ocrx_word' id='word_1_547' title='bbox 3530 3267 3639 3323; x_wconf 71' lang='lat' dir='ltr'><strong>da:-</strong></span> 
     </span>
    </p>
   </div>
   <div class='ocr_carea' id='block_1_71' title="bbox 2064 3361 3637 3431">
    <p class='ocr_par' dir='ltr' id='par_1_71' title="bbox 2064 3361 3637 3431">
     <span class='ocr_line' id='line_1_71' title="bbox 2064 3361 3637 3431; baseline -0.003 -13"><span class='ocrx_word' id='word_1_548' title='bbox 2064 3380 2256 3420; x_wconf 86' lang='lat' dir='ltr'><strong>monas</strong></span> <span class='ocrx_word' id='word_1_549' title='bbox 2289 3364 2496 3420; x_wconf 88' lang='lat' dir='ltr'><strong>circum</strong></span> <span class='ocrx_word' id='word_1_550' title='bbox 2533 3371 2733 3418; x_wconf 89' lang='lat' dir='ltr'><strong>terram</strong></span> <span class='ocrx_word' id='word_1_551' title='bbox 2770 3369 3057 3417; x_wconf 84' lang='lat' dir='ltr'><strong>versantes</strong></span> <span class='ocrx_word' id='word_1_552' title='bbox 3078 3401 3093 3425; x_wconf 89' lang='lat'><strong>,</strong></span> <span class='ocrx_word' id='word_1_553' title='bbox 3129 3362 3376 3431; x_wconf 85' lang='lat' dir='ltr'><strong>aliosque</strong></span> <span class='ocrx_word' id='word_1_554' title='bbox 3412 3361 3637 3431; x_wconf 91' lang='lat' dir='ltr'><strong>spiritus</strong></span> 
     </span>
    </p>
   </div>
   <div class='ocr_carea' id='block_1_72' title="bbox 2060 3452 3636 3527">
    <p class='ocr_par' dir='ltr' id='par_1_72' title="bbox 2060 3452 3636 3527">
     <span class='ocr_line' id='line_1_72' title="bbox 2060 3452 3636 3527; baseline -0.002 -17"><span class='ocrx_word' id='word_1_555' title='bbox 2060 3456 2384 3527; x_wconf 86' lang='lat' dir='ltr'><strong>depravatos</strong></span> <span class='ocrx_word' id='word_1_556' title='bbox 2406 3496 2421 3518; x_wconf 93' lang='lat'><strong>,</strong></span> <span class='ocrx_word' id='word_1_557' title='bbox 2452 3456 2576 3510; x_wconf 92' lang='lat' dir='ltr'><strong>loco</strong></span> <span class='ocrx_word' id='word_1_558' title='bbox 2607 3453 2804 3510; x_wconf 89' lang='lat' dir='ltr'><strong>summi</strong></span> <span class='ocrx_word' id='word_1_559' title='bbox 2852 3452 2945 3509; x_wconf 89' lang='lat' dir='ltr'><strong>Dei</strong></span> <span class='ocrx_word' id='word_1_560' title='bbox 2979 3454 3225 3508; x_wconf 87' lang='lat' dir='ltr'><strong>colerent</strong></span> <span class='ocrx_word' id='word_1_561' title='bbox 3245 3492 3259 3516; x_wconf 88' lang='lat'><strong>,</strong></span> <span class='ocrx_word' id='word_1_562' title='bbox 3292 3453 3496 3522; x_wconf 83' lang='lat' dir='ltr'><strong>quique</strong></span> <span class='ocrx_word' id='word_1_563' title='bbox 3534 3469 3599 3507; x_wconf 92' lang='lat' dir='ltr'><strong>au</strong></span> <span class='ocrx_word' id='word_1_564' title='bbox 3618 3481 3636 3494; x_wconf 77' lang='grc' dir='ltr'><strong><em>ο</em></strong></span> 
     </span>
    </p>
   </div>
   <div class='ocr_carea' id='block_1_73' title="bbox 2059 3543 3639 3618">
    <p class='ocr_par' dir='ltr' id='par_1_73' title="bbox 2059 3543 3639 3618">
     <span class='ocr_line' id='line_1_73' title="bbox 2059 3543 3639 3618; baseline -0.001 -18"><span class='ocrx_word' id='word_1_565' title='bbox 2059 3547 2212 3602; x_wconf 82' lang='lat' dir='ltr'><strong>ribus</strong></span> <span class='ocrx_word' id='word_1_566' title='bbox 2258 3546 2631 3618; x_wconf 61' lang='lat' dir='ltr'><strong>intelligentiae</strong></span> <span class='ocrx_word' id='word_1_567' title='bbox 2678 3544 3123 3610; x_wconf 89' lang='lat' dir='ltr'><strong>obsurduerant;</strong></span> <span class='ocrx_word' id='word_1_568' title='bbox 3166 3550 3220 3598; x_wconf 85' lang='lat' dir='ltr'><strong>et</strong></span> <span class='ocrx_word' id='word_1_569' title='bbox 3260 3543 3639 3600; x_wconf 80' lang='lat' dir='ltr'><strong>claudicantes</strong></span> 
     </span>
    </p>
   </div>
   <div class='ocr_carea' id='block_1_74' title="bbox 2058 3635 3637 3710">
    <p class='ocr_par' dir='ltr' id='par_1_74' title="bbox 2058 3635 3637 3710">
     <span class='ocr_line' id='line_1_74' title="bbox 2058 3635 3637 3710; baseline -0.003 -15"><span class='ocrx_word' id='word_1_570' title='bbox 2058 3640 2331 3710; x_wconf 91' lang='lat' dir='ltr'><strong>solutique</strong></span> <span class='ocrx_word' id='word_1_571' title='bbox 2355 3640 2503 3694; x_wconf 91' lang='lat' dir='ltr'><strong>omni</strong></span> <span class='ocrx_word' id='word_1_572' title='bbox 2532 3639 2645 3693; x_wconf 93' lang='lat' dir='ltr'><strong>vita</strong></span> <span class='ocrx_word' id='word_1_573' title='bbox 2676 3649 2866 3701; x_wconf 88' lang='lat' dir='ltr'><strong>erant,</strong></span> <span class='ocrx_word' id='word_1_574' title='bbox 2895 3637 2982 3691; x_wconf 91' lang='lat' dir='ltr'><strong>his</strong></span> <span class='ocrx_word' id='word_1_575' title='bbox 3015 3636 3272 3691; x_wconf 88' lang='lat' dir='ltr'><strong>omnibus</strong></span> <span class='ocrx_word' id='word_1_576' title='bbox 3299 3635 3459 3690; x_wconf 89' lang='lat' dir='ltr'><strong>malis</strong></span> <span class='ocrx_word' id='word_1_577' title='bbox 3491 3636 3637 3691; x_wconf 81' lang='lat' dir='ltr'><strong>aliis-</strong></span> 
     </span>
    </p>
   </div>
   <div class='ocr_carea' id='block_1_75' title="bbox 2055 3725 3631 3801">
    <p class='ocr_par' dir='ltr' id='par_1_75' title="bbox 2055 3725 3631 3801">
     <span class='ocr_line' id='line_1_75' title="bbox 2055 3725 3631 3801; baseline -0.004 -15"><span class='ocrx_word' id='word_1_578' title='bbox 2055 3746 2165 3801; x_wconf 88' lang='lat' dir='ltr'><strong>que</strong></span> <span class='ocrx_word' id='word_1_579' title='bbox 2211 3738 2266 3785; x_wconf 91' lang='lat' dir='ltr'><strong>et</strong></span> <span class='ocrx_word' id='word_1_580' title='bbox 2311 3729 2782 3801; x_wconf 86' lang='lat' dir='ltr'><strong>perturbationum</strong></span> <span class='ocrx_word' id='word_1_581' title='bbox 2819 3735 2874 3783; x_wconf 90' lang='lat' dir='ltr'><strong>et</strong></span> <span class='ocrx_word' id='word_1_582' title='bbox 2902 3726 3284 3798; x_wconf 65' lang='lat' dir='ltr'><strong>aegritudinum</strong></span> <span class='ocrx_word' id='word_1_583' title='bbox 3310 3725 3631 3796; x_wconf 87' lang='lat' dir='ltr'><strong>generibus,</strong></span> 
     </span>
    </p>
   </div>
   <div class='ocr_carea' id='block_1_76' title="bbox 378 3819 3632 3891">
    <p class='ocr_par' dir='ltr' id='par_1_76' title="bbox 378 3819 3632 3891">
     <span class='ocr_line' id='line_1_76' title="bbox 378 3819 3632 3891; baseline -0 -18"><span class='ocrx_word' id='word_1_584' title='bbox 378 3836 475 3887; x_wconf 77' lang='lat' dir='ltr'><strong>per</strong></span> <span class='ocrx_word' id='word_1_585' title='bbox 529 3819 830 3876; x_wconf 85' lang='lat' dir='ltr'><strong>Salvatoris</strong></span> <span class='ocrx_word' id='word_1_586' title='bbox 859 3820 1033 3875; x_wconf 89' lang='lat' dir='ltr'><strong>nostri</strong></span> <span class='ocrx_word' id='word_1_587' title='bbox 1059 3819 1192 3876; x_wconf 82' lang='lat' dir='ltr'><strong>Jesu</strong></span> <span class='ocrx_word' id='word_1_588' title='bbox 1225 3819 1431 3876; x_wconf 82' lang='lat' dir='ltr'><strong>Christi</strong></span> <span class='ocrx_word' id='word_1_589' title='bbox 1463 3821 1769 3877; x_wconf 89' lang='lat' dir='ltr'><strong>doctrinam</strong></span> <span class='ocrx_word' id='word_1_590' title='bbox 1811 3824 1974 3880; x_wconf 87' lang='lat' dir='ltr'><strong>etiam</strong></span> <span class='ocrx_word' id='word_1_591' title='bbox 2013 3843 2160 3882; x_wconf 91' lang='lat' dir='ltr'><strong>nunc</strong></span> <span class='ocrx_word' id='word_1_592' title='bbox 2190 3827 2515 3888; x_wconf 87' lang='lat' dir='ltr'><strong>liberantur,</strong></span> <span class='ocrx_word' id='word_1_593' title='bbox 2549 3831 2602 3878; x_wconf 90' lang='lat' dir='ltr'><strong>et</strong></span> <span class='ocrx_word' id='word_1_594' title='bbox 2643 3822 2816 3876; x_wconf 89' lang='lat' dir='ltr'><strong>multo</strong></span> <span class='ocrx_word' id='word_1_595' title='bbox 2880 3819 3311 3891; x_wconf 60' lang='lat' dir='ltr'><strong>praestantiorem</strong></span> <span class='ocrx_word' id='word_1_596' title='bbox 3361 3834 3523 3887; x_wconf 92' lang='lat' dir='ltr'><strong>quam</strong></span> <span class='ocrx_word' id='word_1_597' title='bbox 3567 3832 3632 3872; x_wconf 85' lang='lat' dir='ltr'><strong>ea</strong></span> 
     </span>
    </p>
   </div>
   <div class='ocr_carea' id='block_1_77' title="bbox 374 3910 3635 3989">
    <p class='ocr_par' dir='ltr' id='par_1_77' title="bbox 374 3910 3635 3989">
     <span class='ocr_line' id='line_1_77' title="bbox 374 3910 3635 3989; baseline -0.006 -4"><span class='ocrx_word' id='word_1_598' title='bbox 374 3920 496 3977; x_wconf 50' lang='lat' dir='ltr'><strong>es&quot;</strong></span> <span class='ocrx_word' id='word_1_599' title='bbox 555 3928 675 3983; x_wconf 66' lang='grc' dir='ltr'><strong>(Ιυεθ</strong></span> <span class='ocrx_word' id='word_1_600' title='bbox 704 3913 771 3967; x_wconf 71' lang='lat' dir='ltr'><strong>ad</strong></span> <span class='ocrx_word' id='word_1_601' title='bbox 820 3928 1021 3983; x_wconf 68' lang='lat' dir='ltr'><strong>corpus</strong></span> <span class='ocrx_word' id='word_1_602' title='bbox 1080 3913 1351 3984; x_wconf 71' lang='grc' dir='ltr'><strong>Ρθτιίηθῑς</strong></span> <span class='ocrx_word' id='word_1_603' title='bbox 1416 3916 1645 3970; x_wconf 84' lang='lat' dir='ltr'><strong>salutem</strong></span> <span class='ocrx_word' id='word_1_604' title='bbox 1701 3932 1970 3988; x_wconf 81' lang='lat' dir='ltr'><strong>Opemque</strong></span> <span class='ocrx_word' id='word_1_605' title='bbox 2001 3922 2306 3989; x_wconf 85' lang='lat' dir='ltr'><strong>rccipiunt,</strong></span> <span class='ocrx_word' id='word_1_606' title='bbox 2349 3927 2404 3973; x_wconf 92' lang='lat' dir='ltr'><strong>et</strong></span> <span class='ocrx_word' id='word_1_607' title='bbox 2447 3917 2541 3973; x_wconf 88' lang='lat' dir='ltr'><strong>Dei</strong></span> <span class='ocrx_word' id='word_1_608' title='bbox 2574 3916 2738 3972; x_wconf 78' lang='lat' dir='ltr'><strong>Verbi</strong></span> <span class='ocrx_word' id='word_1_609' title='bbox 2783 3914 2852 3969; x_wconf 90' lang='lat' dir='ltr'><strong>ad</strong></span> <span class='ocrx_word' id='word_1_610' title='bbox 2892 3913 3141 3970; x_wconf 88' lang='lat' dir='ltr'><strong>homines</strong></span> <span class='ocrx_word' id='word_1_611' title='bbox 3183 3912 3450 3968; x_wconf 85' lang='lat' dir='ltr'><strong>adventus</strong></span> <span class='ocrx_word' id='word_1_612' title='bbox 3489 3910 3635 3966; x_wconf 87' lang='lat' dir='ltr'><strong>divi-</strong></span> 
     </span>
    </p>
   </div>
   <div class='ocr_carea' id='block_1_78' title="bbox 376 4007 2361 4084">
    <p class='ocr_par' dir='ltr' id='par_1_78' title="bbox 376 4007 2361 4084">
     <span class='ocr_line' id='line_1_78' title="bbox 376 4007 2361 4084; baseline 0.005 -24"><span class='ocrx_word' id='word_1_613' title='bbox 376 4021 502 4060; x_wconf 87' lang='lat' dir='ltr'><strong>nam</strong></span> <span class='ocrx_word' id='word_1_614' title='bbox 531 4014 585 4062; x_wconf 91' lang='lat' dir='ltr'><strong>et</strong></span> <span class='ocrx_word' id='word_1_615' title='bbox 601 4007 725 4076; x_wconf 87' lang='lat' dir='ltr'><strong>plus</strong></span> <span class='ocrx_word' id='word_1_616' title='bbox 751 4022 916 4076; x_wconf 86' lang='lat' dir='ltr'><strong>quam</strong></span> <span class='ocrx_word' id='word_1_617' title='bbox 944 4007 1237 4062; x_wconf 87' lang='lat' dir='ltr'><strong>humanam</strong></span> <span class='ocrx_word' id='word_1_618' title='bbox 1268 4008 1526 4064; x_wconf 87' lang='lat' dir='ltr'><strong>virtutem</strong></span> <span class='ocrx_word' id='word_1_619' title='bbox 1562 4011 1827 4084; x_wconf 88' lang='lat' dir='ltr'><strong>detegunt</strong></span> <span class='ocrx_word' id='word_1_620' title='bbox 1857 4028 1924 4067; x_wconf 87' lang='lat' dir='ltr'><strong>ac</strong></span> <span class='ocrx_word' id='word_1_621' title='bbox 1959 4013 2361 4070; x_wconf 87' lang='lat' dir='ltr'><strong>demonstrant.</strong></span> 
     </span>
    </p>
   </div>
   <div class='ocr_carea' id='block_1_79' title="bbox 883 4117 1436 4176">
    <p class='ocr_par' dir='ltr' id='par_1_79' title="bbox 883 4117 1436 4176">
     <span class='ocr_line' id='line_1_79' title="bbox 883 4117 1436 4176; baseline 0.004 -4"><span class='ocrx_word' id='word_1_622' title='bbox 883 4117 1281 4172; x_wconf 80' lang='grc' dir='ltr'><strong>ΚΕΦΑΛΑΙΟΝ</strong></span> <span class='ocrx_word' id='word_1_623' title='bbox 1304 4120 1436 4176; x_wconf 84' lang='grc' dir='ltr'>ΚΒ⁰.</span> 
     </span>
    </p>
   </div>
   <div class='ocr_carea' id='block_1_80' title="bbox 389 4205 1953 4281">
    <p class='ocr_par' dir='ltr' id='par_1_80' title="bbox 389 4205 1953 4281">
     <span class='ocr_line' id='line_1_80' title="bbox 389 4205 1953 4281; baseline 0.008 -22"><span class='ocrx_word' id='word_1_624' title='bbox 389 4205 541 4281; x_wconf 39' lang='grc' dir='ltr'><strong>Ἄπῤ.</strong></span> <span class='ocrx_word' id='word_1_625' title='bbox 568 4206 674 4261; x_wconf 83' lang='grc' dir='ltr'>τοῦ</span> <span class='ocrx_word' id='word_1_626' title='bbox 720 4208 939 4281; x_wconf 42' lang='grc' dir='ltr'>αὐτοῦ,</span> <span class='ocrx_word' id='word_1_627' title='bbox 972 4242 1042 4250; x_wconf 90' lang='lat'>—</span> <span class='ocrx_word' id='word_1_628' title='bbox 1078 4210 1168 4273; x_wconf 83' lang='grc' dir='ltr'>Ὡς</span> <span class='ocrx_word' id='word_1_629' title='bbox 1214 4213 1247 4263; x_wconf 87' lang='grc' dir='ltr'><em>ὀ</em></span> <span class='ocrx_word' id='word_1_630' title='bbox 1294 4210 1523 4281; x_wconf 81' lang='grc' dir='ltr'>πρῶτος</span> <span class='ocrx_word' id='word_1_631' title='bbox 1563 4213 1661 4266; x_wconf 78' lang='grc' dir='ltr'>καὶ</span> <span class='ocrx_word' id='word_1_632' title='bbox 1711 4217 1796 4281; x_wconf 78' lang='grc' dir='ltr'><strong>είς</strong></span> <span class='ocrx_word' id='word_1_633' title='bbox 1844 4218 1953 4272; x_wconf 76' lang='grc' dir='ltr'><strong>τὸν</strong></span> 
     </span>
    </p>
   </div>
   <div class='ocr_carea' id='block_1_81' title="bbox 441 4275 1950 4360">
    <p class='ocr_par' dir='ltr' id='par_1_81' title="bbox 441 4275 1950 4360">
     <span class='ocr_line' id='line_1_81' title="bbox 441 4275 1950 4360; baseline 0.008 -31"><span class='ocrx_word' id='word_1_634' title='bbox 441 4275 635 4360; x_wconf 47' lang='grc' dir='ltr'>αίῶνα.</span> <span class='ocrx_word' id='word_1_635' title='bbox 655 4278 943 4360; x_wconf 39' lang='grc' dir='ltr'><strong>τοῦ-’Θεοῦ</strong></span> <span class='ocrx_word' id='word_1_636' title='bbox 988 4282 1198 4360; x_wconf 54' lang='grc' dir='ltr'><strong>ΛόΓο-ς)</strong></span> <span class='ocrx_word' id='word_1_637' title='bbox 1242 4284 1274 4334; x_wconf 83' lang='grc' dir='ltr'><em>ὁ</em></span> <span class='ocrx_word' id='word_1_638' title='bbox 1305 4275 1433 4360; x_wconf 38' lang='grc' dir='ltr'>’τῶν</span> <span class='ocrx_word' id='word_1_639' title='bbox 1469 4280 1629 4360; x_wconf 64' lang='grc' dir='ltr'><strong>ῥ’λων</strong></span> <span class='ocrx_word' id='word_1_640' title='bbox 1666 4275 1950 4360; x_wconf 56' lang='lat' dir='ltr'><strong>Arulme-</strong></span> 
     </span>
    </p>
   </div>
   <div class='ocr_carea' id='block_1_82' title="bbox 447 4346 1946 4418">
    <p class='ocr_par' dir='ltr' id='par_1_82' title="bbox 447 4346 1946 4418">
     <span class='ocr_line' id='line_1_82' title="bbox 447 4346 1946 4418; baseline 0.009 -19"><span class='ocrx_word' id='word_1_641' title='bbox 447 4346 572 4415; x_wconf 80' lang='grc' dir='ltr'>γὸς,</span> <span class='ocrx_word' id='word_1_642' title='bbox 606 4347 724 4401; x_wconf 80' lang='grc' dir='ltr'><strong>ὑπὸ</strong></span> <span class='ocrx_word' id='word_1_643' title='bbox 746 4350 970 4416; x_wconf 84' lang='grc' dir='ltr'>Κυρίου</span> <span class='ocrx_word' id='word_1_644' title='bbox 998 4346 1102 4403; x_wconf 83' lang='grc' dir='ltr'><strong>τοῦ</strong></span> <span class='ocrx_word' id='word_1_645' title='bbox 1130 4351 1360 4418; x_wconf 81' lang='grc' dir='ltr'>Πατρός</span> <span class='ocrx_word' id='word_1_646' title='bbox 1384 4350 1486 4407; x_wconf 77' lang='grc' dir='ltr'>καὶ</span> <span class='ocrx_word' id='word_1_647' title='bbox 1504 4350 1620 4408; x_wconf 76' lang='grc' dir='ltr'><em>νῦν</em></span> <span class='ocrx_word' id='word_1_648' title='bbox 1646 4346 1946 4412; x_wconf 67' lang='grc' dir='ltr'><strong>ἀπέστάξι-</strong></span> 
     </span>
    </p>
   </div>
   <div class='ocr_carea' id='block_1_83' title="bbox 442 4418 1103 4489">
    <p class='ocr_par' dir='ltr' id='par_1_83' title="bbox 442 4418 1103 4489">
     <span class='ocr_line' id='line_1_83' title="bbox 442 4418 1103 4489; baseline 0.003 -18"><span class='ocrx_word' id='word_1_649' title='bbox 442 4420 537 4471; x_wconf 85' lang='grc' dir='ltr'>θαι</span> <span class='ocrx_word' id='word_1_650' title='bbox 557 4418 774 4471; x_wconf 71' lang='grc' dir='ltr'>ἑαυτὸν</span> <span class='ocrx_word' id='word_1_651' title='bbox 807 4419 1103 4489; x_wconf 77' lang='grc' dir='ltr'><strong>ὁμολογεῖ.</strong></span> 
     </span>
    </p>
   </div>
   <div class='ocr_carea' id='block_1_84' title="bbox 2515 4115 3161 4197">
    <p class='ocr_par' dir='ltr' id='par_1_84' title="bbox 2515 4115 3161 4197">
     <span class='ocr_line' id='line_1_84' title="bbox 2515 4115 3161 4197; baseline -0.011 -20"><span class='ocrx_word' id='word_1_652' title='bbox 2515 4125 2675 4197; x_wconf 74' lang='lat'><strong>302</strong></span> <span class='ocrx_word' id='word_1_653' title='bbox 2726 4119 2955 4179; x_wconf 83' lang='lat' dir='ltr'><strong>CAPUT</strong></span> <span class='ocrx_word' id='word_1_654' title='bbox 2995 4115 3161 4173; x_wconf 81' lang='lat' dir='ltr'><strong>xxu.</strong></span> 
     </span>
    </p>
   </div>
   <div class='ocr_carea' id='block_1_85' title="bbox 2055 4206 3625 4281">
    <p class='ocr_par' dir='ltr' id='par_1_85' title="bbox 2055 4206 3625 4281">
     <span class='ocr_line' id='line_1_85' title="bbox 2055 4206 3625 4281; baseline -0.01 -9"><span class='ocrx_word' id='word_1_655' title='bbox 2055 4217 2135 4272; x_wconf 82' lang='lat' dir='ltr'><strong>Ab</strong></span> <span class='ocrx_word' id='word_1_656' title='bbox 2163 4216 2363 4271; x_wconf 83' lang='lat' dir='ltr'><strong>eodem.</strong></span> <span class='ocrx_word' id='word_1_657' title='bbox 2391 4246 2463 4256; x_wconf 92' lang='lat'><strong>—-</strong></span> <span class='ocrx_word' id='word_1_658' title='bbox 2490 4212 2945 4281; x_wconf 79' lang='lat' dir='ltr'><strong>Quemadmodum</strong></span> <span class='ocrx_word' id='word_1_659' title='bbox 2968 4210 3204 4281; x_wconf 73' lang='lat' dir='ltr'><strong>primum</strong></span> <span class='ocrx_word' id='word_1_660' title='bbox 3221 4206 3625 4281; x_wconf 55' lang='lat' dir='ltr'><strong>sempiternum-</strong></span> 
     </span>
    </p>
   </div>
   <div class='ocr_carea' id='block_1_86' title="bbox 2194 4274 3628 4353">
    <p class='ocr_par' dir='ltr' id='par_1_86' title="bbox 2194 4274 3628 4353">
     <span class='ocr_line' id='line_1_86' title="bbox 2194 4274 3628 4353; baseline -0.008 -11"><span class='ocrx_word' id='word_1_661' title='bbox 2194 4306 2220 4342; x_wconf 78' lang='grc' dir='ltr'>ε</span> <span class='ocrx_word' id='word_1_662' title='bbox 2270 4288 2379 4343; x_wconf 76' lang='lat' dir='ltr'><strong>Dei&#39;</strong></span> <span class='ocrx_word' id='word_1_663' title='bbox 2406 4274 2632 4341; x_wconf 67' lang='lat' dir='ltr'><strong>Verbum</strong></span> <span class='ocrx_word' id='word_1_664' title='bbox 2654 4324 2668 4349; x_wconf 95' lang='lat'><strong>,</strong></span> <span class='ocrx_word' id='word_1_665' title='bbox 2702 4286 2813 4353; x_wconf 81' lang='lat' dir='ltr'><strong>ipse</strong></span> <span class='ocrx_word' id='word_1_666' title='bbox 2840 4274 3073 4337; x_wconf 71' lang='lat' dir='ltr'><strong>universi</strong></span> <span class='ocrx_word' id='word_1_667' title='bbox 3105 4276 3294 4353; x_wconf 53' lang='lat' dir='ltr'><strong>Opifef</strong></span> <span class='ocrx_word' id='word_1_668' title='bbox 3329 4294 3361 4328; x_wconf 91' lang='lat' dir='ltr'><strong>a</strong></span> <span class='ocrx_word' id='word_1_669' title='bbox 3400 4274 3628 4330; x_wconf 81' lang='lat' dir='ltr'><strong>Domino</strong></span> 
     </span>
    </p>
   </div>
   <div class='ocr_carea' id='block_1_87' title="bbox 2159 4305 2190 4340">
    <p class='ocr_par' dir='ltr' id='par_1_87' title="bbox 2159 4305 2190 4340">
     <span class='ocr_line' id='line_1_87' title="bbox 2159 4305 2190 4340; baseline 0 0"><span class='ocrx_word' id='word_1_670' title='bbox 2159 4305 2190 4340; x_wconf 83' lang='grc' dir='ltr'>ιι</span> 
     </span>
    </p>
   </div>
   <div class='ocr_carea' id='block_1_88' title="bbox 2122 4305 3447 4416">
    <p class='ocr_par' dir='ltr' id='par_1_88' title="bbox 2122 4305 3447 4416">
     <span class='ocr_line' id='line_1_88' title="bbox 2159 4305 3442 4353; baseline -0.009 -13"><span class='ocrx_word' id='word_1_671' title='bbox 2159 4305 2220 4342; x_wconf 85' lang='lat' dir='ltr'><strong>ue</strong></span> <span class='ocrx_word' id='word_1_672' title='bbox 2270 4305 2379 4343; x_wconf 77' lang='lat' dir='ltr'><strong>uer</strong></span> <span class='ocrx_word' id='word_1_673' title='bbox 2413 4305 2632 4341; x_wconf 76' lang='lat' dir='ltr'><strong>vernum</strong></span> <span class='ocrx_word' id='word_1_674' title='bbox 2654 4324 2668 4349; x_wconf 89' lang='lat'><strong>,</strong></span> <span class='ocrx_word' id='word_1_675' title='bbox 2702 4305 2813 4353; x_wconf 71' lang='lat' dir='ltr'><strong>Ipse</strong></span> <span class='ocrx_word' id='word_1_676' title='bbox 2840 4305 3072 4337; x_wconf 71' lang='lat' dir='ltr'><strong>unwerat</strong></span> <span class='ocrx_word' id='word_1_677' title='bbox 3105 4305 3292 4346; x_wconf 71' lang='grc' dir='ltr'>υμιιω.</span> <span class='ocrx_word' id='word_1_678' title='bbox 3329 4305 3361 4328; x_wconf 82' lang='grc' dir='ltr'>ιι</span> <span class='ocrx_word' id='word_1_679' title='bbox 3400 4305 3442 4329; x_wconf 90' lang='grc' dir='ltr'><em>υ</em></span> 
     </span>
     <span class='ocr_line' id='line_1_89' title="bbox 2122 4305 3447 4416; baseline -0.008 -5"><span class='ocrx_word' id='word_1_680' title='bbox 2122 4305 2285 4413; x_wconf 44' lang='grc' dir='ltr'>ἰαίνει</span> <span class='ocrx_word' id='word_1_681' title='bbox 2321 4359 2482 4413; x_wconf 84' lang='lat' dir='ltr'><strong>etiam</strong></span> <span class='ocrx_word' id='word_1_682' title='bbox 2507 4373 2644 4410; x_wconf 83' lang='lat' dir='ltr'><strong>nunc</strong></span> <span class='ocrx_word' id='word_1_683' title='bbox 2671 4370 2726 4409; x_wconf 81' lang='lat' dir='ltr'><strong>se</strong></span> <span class='ocrx_word' id='word_1_684' title='bbox 2758 4354 2978 4407; x_wconf 78' lang='lat' dir='ltr'><strong>missum</strong></span> <span class='ocrx_word' id='word_1_685' title='bbox 3007 4364 3120 4405; x_wconf 79' lang='lat' dir='ltr'><strong>esse</strong></span> <span class='ocrx_word' id='word_1_686' title='bbox 3149 4349 3447 4416; x_wconf 80' lang='lat' dir='ltr'><strong>conﬁtetur.</strong></span> 
     </span>
    </p>
   </div>
   <div class='ocr_carea' id='block_1_89' title="bbox 444 4513 1969 4606">
    <p class='ocr_par' dir='ltr' id='par_1_89' title="bbox 444 4530 1940 4606">
     <span class='ocr_line' id='line_1_90' title="bbox 444 4530 1940 4606; baseline 0.008 -26"><span class='ocrx_word' id='word_1_687' title='bbox 444 4549 463 4580; x_wconf 75' lang='grc' dir='ltr'>ι</span> <span class='ocrx_word' id='word_1_688' title='bbox 503 4530 700 4585; x_wconf 81' lang='grc' dir='ltr'>Ἀκουέ</span> <span class='ocrx_word' id='word_1_689' title='bbox 730 4547 855 4602; x_wconf 90' lang='grc' dir='ltr'>μου,</span> <span class='ocrx_word' id='word_1_690' title='bbox 897 4530 1107 4598; x_wconf 79' lang='grc' dir='ltr'>Ἰακὼϐ,</span> <span class='ocrx_word' id='word_1_691' title='bbox 1138 4533 1233 4587; x_wconf 76' lang='grc' dir='ltr'><strong>καὶ</strong></span> <span class='ocrx_word' id='word_1_692' title='bbox 1276 4533 1514 4606; x_wconf 85' lang='grc' dir='ltr'>Ἰσραὴλ,</span> <span class='ocrx_word' id='word_1_693' title='bbox 1545 4533 1603 4588; x_wconf 78' lang='grc' dir='ltr'>ὃν</span> <span class='ocrx_word' id='word_1_694' title='bbox 1625 4532 1736 4605; x_wconf 82' lang='grc' dir='ltr'><strong>ἐγὼ</strong></span> <span class='ocrx_word' id='word_1_695' title='bbox 1764 4538 1940 4592; x_wconf 88' lang='grc' dir='ltr'>καλῶ·</span> 
     </span>
    </p>
   </div>
   <div class='ocr_carea' id='block_1_90' title="bbox 2069 4513 3624 4606">
    <p class='ocr_par' dir='ltr' id='par_1_90' title="bbox 2132 4524 3624 4593">
     <span class='ocr_line' id='line_1_91' title="bbox 2132 4524 3624 4593; baseline -0.008 -10"><span class='ocrx_word' id='word_1_696' title='bbox 2132 4552 2150 4583; x_wconf 78' lang='grc' dir='ltr'>ι</span> <span class='ocrx_word' id='word_1_697' title='bbox 2178 4531 2321 4586; x_wconf 81' lang='lat' dir='ltr'><strong>Audi</strong></span> <span class='ocrx_word' id='word_1_698' title='bbox 2362 4545 2483 4593; x_wconf 90' lang='lat' dir='ltr'><strong>me,</strong></span> <span class='ocrx_word' id='word_1_699' title='bbox 2528 4526 2698 4582; x_wconf 79' lang='lat' dir='ltr'><strong>Jacob</strong></span> <span class='ocrx_word' id='word_1_700' title='bbox 2739 4534 2791 4581; x_wconf 87' lang='lat' dir='ltr'><strong>et</strong></span> <span class='ocrx_word' id='word_1_701' title='bbox 2831 4524 3038 4587; x_wconf 90' lang='lat' dir='ltr'><strong>Israel,</strong></span> <span class='ocrx_word' id='word_1_702' title='bbox 3084 4536 3245 4592; x_wconf 90' lang='lat' dir='ltr'><strong>quem</strong></span> <span class='ocrx_word' id='word_1_703' title='bbox 3291 4534 3394 4589; x_wconf 86' lang='lat' dir='ltr'><strong>ego</strong></span> <span class='ocrx_word' id='word_1_704' title='bbox 3437 4533 3572 4572; x_wconf 92' lang='lat' dir='ltr'><strong>voco</strong></span> <span class='ocrx_word' id='word_1_705' title='bbox 3604 4537 3624 4571; x_wconf 67' lang='grc' dir='ltr'>ς</span> 
     </span>
    </p>
   </div>
   <div class='ocr_carea' id='block_1_91' title="bbox 368 4619 1942 4695">
    <p class='ocr_par' dir='ltr' id='par_1_91' title="bbox 368 4619 1942 4695">
     <span class='ocr_line' id='line_1_92' title="bbox 368 4619 1942 4695; baseline 0.007 -22"><span class='ocrx_word' id='word_1_706' title='bbox 368 4619 479 4694; x_wconf 66' lang='grc' dir='ltr'><strong>ὲχώ</strong></span> <span class='ocrx_word' id='word_1_707' title='bbox 507 4624 621 4693; x_wconf 75' lang='grc' dir='ltr'>ειμι</span> <span class='ocrx_word' id='word_1_708' title='bbox 667 4623 901 4694; x_wconf 87' lang='grc' dir='ltr'>πρῶτος,</span> <span class='ocrx_word' id='word_1_709' title='bbox 937 4625 1031 4678; x_wconf 79' lang='grc' dir='ltr'>καὶ</span> <span class='ocrx_word' id='word_1_710' title='bbox 1072 4623 1184 4691; x_wconf 81' lang='grc' dir='ltr'><strong>ἐγώ</strong></span> <span class='ocrx_word' id='word_1_711' title='bbox 1208 4626 1324 4695; x_wconf 87' lang='grc' dir='ltr'>είμι</span> <span class='ocrx_word' id='word_1_712' title='bbox 1371 4627 1451 4689; x_wconf 80' lang='grc' dir='ltr'><strong>είς</strong></span> <span class='ocrx_word' id='word_1_713' title='bbox 1494 4628 1583 4679; x_wconf 83' lang='grc' dir='ltr'>τὸν</span> <span class='ocrx_word' id='word_1_714' title='bbox 1615 4628 1815 4682; x_wconf 76' lang='grc' dir='ltr'>αἰῶνα·</span> <span class='ocrx_word' id='word_1_715' title='bbox 1848 4632 1942 4684; x_wconf 75' lang='grc' dir='ltr'>καὶ</span> 
     </span>
    </p>
   </div>
   <div class='ocr_carea' id='block_1_92' title="bbox 367 4713 1944 4793">
    <p class='ocr_par' dir='ltr' id='par_1_92' title="bbox 367 4713 1944 4793">
     <span class='ocr_line' id='line_1_93' title="bbox 367 4713 1944 4793; baseline 0.006 -28"><span class='ocrx_word' id='word_1_716' title='bbox 367 4713 407 4793; x_wconf 76' lang='grc' dir='ltr'><strong>ή</strong></span> <span class='ocrx_word' id='word_1_717' title='bbox 436 4713 552 4783; x_wconf 83' lang='grc' dir='ltr'>χείρ</span> <span class='ocrx_word' id='word_1_718' title='bbox 587 4731 686 4784; x_wconf 91' lang='grc' dir='ltr'><strong>μου</strong></span> <span class='ocrx_word' id='word_1_719' title='bbox 728 4714 1052 4784; x_wconf 81' lang='grc' dir='ltr'>ἐθεμελίωσε</span> <span class='ocrx_word' id='word_1_720' title='bbox 1100 4716 1197 4784; x_wconf 83' lang='grc' dir='ltr'>τὴν</span> <span class='ocrx_word' id='word_1_721' title='bbox 1246 4718 1368 4787; x_wconf 82' lang='grc' dir='ltr'>γῆν,</span> <span class='ocrx_word' id='word_1_722' title='bbox 1399 4720 1431 4788; x_wconf 87' lang='grc' dir='ltr'><strong>ή</strong></span> <span class='ocrx_word' id='word_1_723' title='bbox 1464 4718 1611 4784; x_wconf 82' lang='grc' dir='ltr'>δεξιά</span> <span class='ocrx_word' id='word_1_724' title='bbox 1645 4737 1747 4789; x_wconf 86' lang='grc' dir='ltr'><strong>μου</strong></span> <span class='ocrx_word' id='word_1_725' title='bbox 1793 4723 1944 4774; x_wconf 83' lang='grc' dir='ltr'>ἐστε-</span> 
     </span>
    </p>
   </div>
   <div class='ocr_carea' id='block_1_93' title="bbox 371 4802 1943 4876">
    <p class='ocr_par' dir='ltr' id='par_1_93' title="bbox 371 4802 1943 4876">
     <span class='ocr_line' id='line_1_94' title="bbox 371 4802 1943 4876; baseline 0.006 -22"><span class='ocrx_word' id='word_1_726' title='bbox 371 4803 540 4873; x_wconf 75' lang='grc' dir='ltr'>ρέωσε</span> <span class='ocrx_word' id='word_1_727' title='bbox 578 4802 669 4855; x_wconf 77' lang='grc' dir='ltr'>τὸν</span> <span class='ocrx_word' id='word_1_728' title='bbox 712 4803 957 4873; x_wconf 83' lang='grc' dir='ltr'>οὐρανόν.</span> <span class='ocrx_word' id='word_1_729' title='bbox 998 4822 1017 4853; x_wconf 74' lang='grc' dir='ltr'>ι</span> <span class='ocrx_word' id='word_1_730' title='bbox 1050 4804 1176 4857; x_wconf 77' lang='lat' dir='ltr'><strong>‘Kal.</strong></span> <span class='ocrx_word' id='word_1_731' title='bbox 1212 4805 1462 4876; x_wconf 62' lang='grc' dir='ltr'>ἐπιφέρει</span> <span class='ocrx_word' id='word_1_732' title='bbox 1505 4806 1710 4874; x_wconf 76' lang='grc' dir='ltr'>λέγων’</span> <span class='ocrx_word' id='word_1_733' title='bbox 1767 4828 1785 4860; x_wconf 74' lang='grc' dir='ltr'>ι</span> <span class='ocrx_word' id='word_1_734' title='bbox 1834 4811 1943 4863; x_wconf 74' lang='grc' dir='ltr'>Καὶ</span> 
     </span>
    </p>
   </div>
   <div class='ocr_carea' id='block_1_94' title="bbox 367 4893 1934 4967">
    <p class='ocr_par' dir='ltr' id='par_1_94' title="bbox 367 4893 1934 4967">
     <span class='ocr_line' id='line_1_95' title="bbox 367 4893 1934 4967; baseline 0.006 -23"><span class='ocrx_word' id='word_1_735' title='bbox 367 4893 462 4944; x_wconf 74' lang='grc' dir='ltr'>νῦν</span> <span class='ocrx_word' id='word_1_736' title='bbox 508 4893 709 4963; x_wconf 81' lang='grc' dir='ltr'>Κύριος</span> <span class='ocrx_word' id='word_1_737' title='bbox 737 4894 1045 4951; x_wconf 70' lang='grc' dir='ltr'>ἀπέσταλκε</span> <span class='ocrx_word' id='word_1_738' title='bbox 1081 4912 1170 4965; x_wconf 86' lang='grc' dir='ltr'><strong>με,</strong></span> <span class='ocrx_word' id='word_1_739' title='bbox 1211 4896 1305 4948; x_wconf 77' lang='grc' dir='ltr'>καὶ</span> <span class='ocrx_word' id='word_1_740' title='bbox 1342 4896 1403 4948; x_wconf 80' lang='grc' dir='ltr'>τὸ</span> <span class='ocrx_word' id='word_1_741' title='bbox 1436 4897 1659 4967; x_wconf 82' lang='grc' dir='ltr'>Πνεῦμα</span> <span class='ocrx_word' id='word_1_742' title='bbox 1689 4899 1873 4953; x_wconf 82' lang='grc' dir='ltr'>αὐτοῦ.</span> <span class='ocrx_word' id='word_1_743' title='bbox 1916 4919 1934 4952; x_wconf 70' lang='grc' dir='ltr'><strong>ι</strong></span> 
     </span>
    </p>
   </div>
   <div class='ocr_carea' id='block_1_95' title="bbox 373 4984 1940 5057">
    <p class='ocr_par' dir='ltr' id='par_1_95' title="bbox 373 4984 1940 5057">
     <span class='ocr_line' id='line_1_96' title="bbox 373 4984 1940 5057; baseline 0.003 -19"><span class='ocrx_word' id='word_1_744' title='bbox 373 4986 556 5054; x_wconf 77' lang='grc' dir='ltr'>Ἔχεις</span> <span class='ocrx_word' id='word_1_745' title='bbox 598 4985 874 5039; x_wconf 76' lang='grc' dir='ltr'>κάνταῦθα</span> <span class='ocrx_word' id='word_1_746' title='bbox 912 4985 1006 5039; x_wconf 76' lang='grc' dir='ltr'>καὶ</span> <span class='ocrx_word' id='word_1_747' title='bbox 1047 4984 1138 5039; x_wconf 83' lang='grc' dir='ltr'>τὸν</span> <span class='ocrx_word' id='word_1_748' title='bbox 1182 4984 1664 5057; x_wconf 83' lang='grc' dir='ltr'>ἀποστελλόμενον,</span> <span class='ocrx_word' id='word_1_749' title='bbox 1709 4989 1801 5042; x_wconf 79' lang='grc' dir='ltr'><strong>καὶ</strong></span> <span class='ocrx_word' id='word_1_750' title='bbox 1848 4989 1940 5043; x_wconf 83' lang='grc' dir='ltr'>τὸν</span> 
     </span>
    </p>
   </div>
   <div class='ocr_carea' id='block_1_96' title="bbox 367 5073 1940 5147">
    <p class='ocr_par' dir='ltr' id='par_1_96' title="bbox 367 5073 1940 5147">
     <span class='ocr_line' id='line_1_97' title="bbox 367 5073 1940 5147; baseline 0.005 -21"><span class='ocrx_word' id='word_1_751' title='bbox 367 5073 787 5139; x_wconf 70' lang='grc' dir='ltr'>ἀποστέλλοντα,</span> <span class='ocrx_word' id='word_1_752' title='bbox 834 5075 1032 5146; x_wconf 85' lang='grc' dir='ltr'>δηλαδὴ</span> <span class='ocrx_word' id='word_1_753' title='bbox 1071 5076 1162 5129; x_wconf 84' lang='grc' dir='ltr'>τὸν</span> <span class='ocrx_word' id='word_1_754' title='bbox 1220 5075 1441 5147; x_wconf 81' lang='grc' dir='ltr'>Πατέρα</span> <span class='ocrx_word' id='word_1_755' title='bbox 1496 5078 1588 5130; x_wconf 77' lang='grc' dir='ltr'>καὶ</span> <span class='ocrx_word' id='word_1_756' title='bbox 1645 5077 1778 5132; x_wconf 84' lang='grc' dir='ltr'>Θεὸν</span> <span class='ocrx_word' id='word_1_757' title='bbox 1829 5080 1940 5134; x_wconf 87' lang='grc' dir='ltr'><strong>τῶν</strong></span> 
     </span>
    </p>
   </div>
   <div class='ocr_carea' id='block_1_97' title="bbox 366 5165 1583 5238">
    <p class='ocr_par' dir='ltr' id='par_1_97' title="bbox 366 5165 1583 5238">
     <span class='ocr_line' id='line_1_98' title="bbox 366 5165 1583 5238; baseline 0.002 -20"><span class='ocrx_word' id='word_1_758' title='bbox 366 5165 525 5229; x_wconf 73' lang='grc' dir='ltr'>ὓλων,</span> <span class='ocrx_word' id='word_1_759' title='bbox 555 5165 798 5237; x_wconf 88' lang='grc' dir='ltr'>συνήθως</span> <span class='ocrx_word' id='word_1_760' title='bbox 823 5166 903 5230; x_wconf 74' lang='grc' dir='ltr'>δὶς</span> <span class='ocrx_word' id='word_1_761' title='bbox 933 5165 1135 5237; x_wconf 84' lang='grc' dir='ltr'>Κύριον</span> <span class='ocrx_word' id='word_1_762' title='bbox 1168 5167 1583 5238; x_wconf 77' lang='grc' dir='ltr'>ὀνομαζόμενον.</span> 
     </span>
    </p>
   </div>
   <div class='ocr_carea' id='block_1_98' title="bbox 870 5281 1428 5336">
    <p class='ocr_par' dir='ltr' id='par_1_98' title="bbox 870 5281 1428 5336">
     <span class='ocr_line' id='line_1_99' title="bbox 870 5281 1428 5336; baseline 0.002 -1"><span class='ocrx_word' id='word_1_763' title='bbox 870 5281 1266 5335; x_wconf 78' lang='grc' dir='ltr'>ΚΕΦΑΛΑΙΟΝ</span> <span class='ocrx_word' id='word_1_764' title='bbox 1299 5282 1428 5336; x_wconf 83' lang='grc' dir='ltr'><strong>ΚΓ’.</strong></span> 
     </span>
    </p>
   </div>
   <div class='ocr_carea' id='block_1_99' title="bbox 379 5371 1938 5440">
    <p class='ocr_par' dir='ltr' id='par_1_99' title="bbox 379 5371 1938 5440">
     <span class='ocr_line' id='line_1_100' title="bbox 379 5371 1938 5440; baseline 0.006 -15"><span class='ocrx_word' id='word_1_765' title='bbox 379 5372 512 5427; x_wconf 68' lang='grc' dir='ltr'><strong>Ἀπὸ</strong></span> <span class='ocrx_word' id='word_1_766' title='bbox 543 5371 646 5427; x_wconf 82' lang='grc' dir='ltr'>τοῦ</span> <span class='ocrx_word' id='word_1_767' title='bbox 689 5371 896 5428; x_wconf 85' lang='grc' dir='ltr'>αὑτοῦ.</span> <span class='ocrx_word' id='word_1_768' title='bbox 930 5404 999 5413; x_wconf 94' lang='lat'><strong>—</strong></span> <span class='ocrx_word' id='word_1_769' title='bbox 1041 5373 1135 5438; x_wconf 85' lang='grc' dir='ltr'>Ὡς</span> <span class='ocrx_word' id='word_1_770' title='bbox 1175 5374 1355 5440; x_wconf 85' lang='grc' dir='ltr'>αὐτὸς</span> <span class='ocrx_word' id='word_1_771' title='bbox 1387 5376 1419 5428; x_wconf 83' lang='grc' dir='ltr'><em>ὀ</em></span> <span class='ocrx_word' id='word_1_772' title='bbox 1448 5373 1662 5440; x_wconf 82' lang='grc' dir='ltr'>Κύριος</span> <span class='ocrx_word' id='word_1_773' title='bbox 1698 5375 1765 5430; x_wconf 85' lang='grc' dir='ltr'>τὸ</span> <span class='ocrx_word' id='word_1_774' title='bbox 1807 5379 1938 5433; x_wconf 88' lang='grc' dir='ltr'>Ἰου-</span> 
     </span>
    </p>
   </div>
   <div class='ocr_carea' id='block_1_100' title="bbox 437 5442 1938 5512">
    <p class='ocr_par' dir='ltr' id='par_1_100' title="bbox 437 5442 1938 5512">
     <span class='ocr_line' id='line_1_101' title="bbox 437 5442 1938 5512; baseline 0.006 -18"><span class='ocrx_word' id='word_1_775' title='bbox 437 5442 619 5496; x_wconf 76' lang='grc' dir='ltr'>δαίων</span> <span class='ocrx_word' id='word_1_776' title='bbox 643 5443 817 5512; x_wconf 78' lang='grc' dir='ltr'>ἔθνος</span> <span class='ocrx_word' id='word_1_777' title='bbox 850 5442 1187 5512; x_wconf 76' lang='grc' dir='ltr'>ἀπελέγχει,</span> <span class='ocrx_word' id='word_1_778' title='bbox 1222 5444 1310 5497; x_wconf 80' lang='grc' dir='ltr'>ὅτι</span> <span class='ocrx_word' id='word_1_779' title='bbox 1340 5442 1415 5510; x_wconf 80' lang='grc' dir='ltr'>δὴ</span> <span class='ocrx_word' id='word_1_780' title='bbox 1459 5444 1710 5499; x_wconf 71' lang='grc' dir='ltr'>ἐλθόντα</span> <span class='ocrx_word' id='word_1_781' title='bbox 1752 5449 1938 5503; x_wconf 78' lang='grc' dir='ltr'>αὐτὸν</span> 
     </span>
    </p>
   </div>
   <div class='ocr_carea' id='block_1_101' title="bbox 436 5511 1937 5580">
    <p class='ocr_par' dir='ltr' id='par_1_101' title="bbox 436 5511 1937 5580">
     <span class='ocr_line' id='line_1_102' title="bbox 436 5511 1937 5580; baseline 0.005 -17"><span class='ocrx_word' id='word_1_782' title='bbox 436 5514 509 5565; x_wconf 80' lang='grc' dir='ltr'><strong>οὐ</strong></span> <span class='ocrx_word' id='word_1_783' title='bbox 561 5511 1005 5580; x_wconf 69' lang='grc' dir='ltr'>παραδέξονταί,</span> <span class='ocrx_word' id='word_1_784' title='bbox 1049 5511 1191 5566; x_wconf 81' lang='grc' dir='ltr'><strong>οὐδὲ</strong></span> <span class='ocrx_word' id='word_1_785' title='bbox 1234 5514 1518 5566; x_wconf 81' lang='grc' dir='ltr'>καλοῦντι</span> <span class='ocrx_word' id='word_1_786' title='bbox 1555 5517 1937 5573; x_wconf 77' lang='grc' dir='ltr'>ὑπακούσον-</span> 
     </span>
    </p>
   </div>
   <div class='ocr_carea' id='block_1_102' title="bbox 433 5582 1556 5651">
    <p class='ocr_par' dir='ltr' id='par_1_102' title="bbox 433 5582 1556 5651">
     <span class='ocr_line' id='line_1_103' title="bbox 433 5582 1556 5651; baseline 0.005 -16"><span class='ocrx_word' id='word_1_787' title='bbox 433 5597 550 5645; x_wconf 70' lang='grc' dir='ltr'>ται,</span> <span class='ocrx_word' id='word_1_788' title='bbox 582 5582 757 5636; x_wconf 80' lang='grc' dir='ltr'>ὁποῖά</span> <span class='ocrx_word' id='word_1_789' title='bbox 777 5600 841 5636; x_wconf 81' lang='grc' dir='ltr'><strong>τε</strong></span> <span class='ocrx_word' id='word_1_790' title='bbox 863 5583 1131 5637; x_wconf 79' lang='grc' dir='ltr'>πείσεται</span> <span class='ocrx_word' id='word_1_791' title='bbox 1163 5584 1312 5651; x_wconf 81' lang='grc' dir='ltr'>πρὸς</span> <span class='ocrx_word' id='word_1_792' title='bbox 1337 5585 1556 5642; x_wconf 76' lang='grc' dir='ltr'>αὐτῶν.</span> 
     </span>
    </p>
   </div>
   <div class='ocr_carea' id='block_1_103' title="bbox 441 5690 1937 5772">
    <p class='ocr_par' dir='ltr' id='par_1_103' title="bbox 441 5690 1937 5772">
     <span class='ocr_line' id='line_1_104' title="bbox 441 5690 1937 5772; baseline 0.008 -30"><span class='ocrx_word' id='word_1_793' title='bbox 441 5711 458 5741; x_wconf 80' lang='grc' dir='ltr'>ι</span> <span class='ocrx_word' id='word_1_794' title='bbox 495 5690 649 5745; x_wconf 71' lang='grc' dir='ltr'>Οὕτω</span> <span class='ocrx_word' id='word_1_795' title='bbox 704 5690 849 5761; x_wconf 83' lang='grc' dir='ltr'>λέγει</span> <span class='ocrx_word' id='word_1_796' title='bbox 902 5692 1101 5764; x_wconf 86' lang='grc' dir='ltr'>Κύριος</span> <span class='ocrx_word' id='word_1_797' title='bbox 1127 5711 1138 5723; x_wconf 69' lang='grc' dir='ltr'><strong>ο</strong></span> <span class='ocrx_word' id='word_1_798' title='bbox 1204 5692 1358 5747; x_wconf 87' lang='grc' dir='ltr'>Ποῖον</span> <span class='ocrx_word' id='word_1_799' title='bbox 1433 5698 1586 5751; x_wconf 72' lang='grc' dir='ltr'>τοῦτο</span> <span class='ocrx_word' id='word_1_800' title='bbox 1630 5699 1690 5752; x_wconf 76' lang='grc' dir='ltr'>τὸ</span> <span class='ocrx_word' id='word_1_801' title='bbox 1737 5700 1937 5772; x_wconf 69' lang='grc' dir='ltr'>βιϐλίον</span> 
     </span>
    </p>
   </div>
   <div class='ocr_carea' id='block_1_104' title="bbox 446 5844 1360 5916">
    <p class='ocr_par' dir='ltr' id='par_1_104' title="bbox 446 5844 1360 5916">
     <span class='ocr_line' id='line_1_105' title="bbox 446 5844 1360 5916; baseline 0.003 -16"><span class='ocrx_word' id='word_1_802' title='bbox 446 5845 491 5879; x_wconf 80' lang='grc'><strong>⁸⁸</strong></span> <span class='ocrx_word' id='word_1_803' title='bbox 525 5844 630 5903; x_wconf 81' lang='lat' dir='ltr'><strong>Isa.</strong></span> <span class='ocrx_word' id='word_1_804' title='bbox 659 5864 845 5916; x_wconf 70' lang='lat' dir='ltr'><strong>xum,</strong></span> <span class='ocrx_word' id='word_1_805' title='bbox 882 5847 964 5903; x_wconf 77' lang='lat' dir='ltr'><strong>I3.</strong></span> <span class='ocrx_word' id='word_1_806' title='bbox 1043 5846 1237 5903; x_wconf 81' lang='lat' dir='ltr'><strong>“ibid.</strong></span> <span class='ocrx_word' id='word_1_807' title='bbox 1276 5848 1360 5905; x_wconf 71' lang='grc'><strong>16.</strong></span> 
     </span>
    </p>
   </div>
   <div class='ocr_carea' id='block_1_105' title="bbox 2050 4613 3626 4696">
    <p class='ocr_par' dir='ltr' id='par_1_105' title="bbox 2050 4613 3626 4696">
     <span class='ocr_line' id='line_1_106' title="bbox 2050 4613 3626 4696; baseline -0.01 -19"><span class='ocrx_word' id='word_1_808' title='bbox 2050 4640 2151 4696; x_wconf 81' lang='lat' dir='ltr'><strong>ego</strong></span> <span class='ocrx_word' id='word_1_809' title='bbox 2191 4639 2310 4678; x_wconf 90' lang='lat' dir='ltr'><strong>sum</strong></span> <span class='ocrx_word' id='word_1_810' title='bbox 2344 4623 2589 4692; x_wconf 85' lang='lat' dir='ltr'><strong>primus,</strong></span> <span class='ocrx_word' id='word_1_811' title='bbox 2622 4627 2677 4674; x_wconf 87' lang='lat' dir='ltr'><strong>et</strong></span> <span class='ocrx_word' id='word_1_812' title='bbox 2717 4632 2818 4689; x_wconf 88' lang='lat' dir='ltr'><strong>ego</strong></span> <span class='ocrx_word' id='word_1_813' title='bbox 2858 4631 2981 4673; x_wconf 90' lang='lat' dir='ltr'><strong>sum</strong></span> <span class='ocrx_word' id='word_1_814' title='bbox 3013 4616 3069 4669; x_wconf 88' lang='lat' dir='ltr'><strong>in</strong></span> <span class='ocrx_word' id='word_1_815' title='bbox 3102 4613 3532 4683; x_wconf 87' lang='lat' dir='ltr'><strong>sempiternum:</strong></span> <span class='ocrx_word' id='word_1_816' title='bbox 3568 4617 3626 4664; x_wconf 85' lang='lat' dir='ltr'><strong>et</strong></span> 
     </span>
    </p>
   </div>
   <div class='ocr_carea' id='block_1_106' title="bbox 2055 4700 3616 4772">
    <p class='ocr_par' dir='ltr' id='par_1_106' title="bbox 2055 4700 3616 4772">
     <span class='ocr_line' id='line_1_107' title="bbox 2055 4700 3616 4772; baseline -0.013 0"><span class='ocrx_word' id='word_1_817' title='bbox 2055 4734 2249 4772; x_wconf 80' lang='lat' dir='ltr'><strong>manus</strong></span> <span class='ocrx_word' id='word_1_818' title='bbox 2285 4732 2401 4769; x_wconf 86' lang='lat' dir='ltr'><strong>mea</strong></span> <span class='ocrx_word' id='word_1_819' title='bbox 2435 4713 2683 4768; x_wconf 81' lang='lat' dir='ltr'><strong>fundavit</strong></span> <span class='ocrx_word' id='word_1_820' title='bbox 2712 4717 2910 4764; x_wconf 89' lang='lat' dir='ltr'><strong>terram</strong></span> <span class='ocrx_word' id='word_1_821' title='bbox 2931 4747 2945 4772; x_wconf 94' lang='lat'><strong>,</strong></span> <span class='ocrx_word' id='word_1_822' title='bbox 2974 4707 3195 4763; x_wconf 77' lang='lat' dir='ltr'><strong>dextera</strong></span> <span class='ocrx_word' id='word_1_823' title='bbox 3227 4719 3347 4758; x_wconf 89' lang='lat' dir='ltr'><strong>mea</strong></span> <span class='ocrx_word' id='word_1_824' title='bbox 3377 4700 3616 4756; x_wconf 78' lang='lat' dir='ltr'><strong>ﬁrmavit</strong></span> 
     </span>
    </p>
   </div>
   <div class='ocr_carea' id='block_1_107' title="bbox 2057 4790 3619 4875">
    <p class='ocr_par' dir='ltr' id='par_1_107' title="bbox 2057 4790 3619 4875">
     <span class='ocr_line' id='line_1_108' title="bbox 2057 4790 3619 4875; baseline -0.013 -12"><span class='ocrx_word' id='word_1_825' title='bbox 2057 4811 2257 4864; x_wconf 64' lang='lat' dir='ltr'><strong>cadum</strong></span> <span class='ocrx_word' id='word_1_826' title='bbox 2289 4810 2355 4860; x_wconf 83' lang='grc'><strong>²⁰.</strong></span> <span class='ocrx_word' id='word_1_827' title='bbox 2389 4826 2407 4858; x_wconf 75' lang='grc' dir='ltr'><strong>ι</strong></span> <span class='ocrx_word' id='word_1_828' title='bbox 2431 4805 2498 4859; x_wconf 86' lang='grc' dir='ltr'><strong>Ει</strong></span> <span class='ocrx_word' id='word_1_829' title='bbox 2525 4802 2772 4875; x_wconf 74' lang='lat' dir='ltr'><strong>adiungit</strong></span> <span class='ocrx_word' id='word_1_830' title='bbox 2804 4800 2968 4872; x_wconf 90' lang='lat' dir='ltr'><strong>paqu</strong></span> <span class='ocrx_word' id='word_1_831' title='bbox 2998 4808 3121 4869; x_wconf 87' lang='lat' dir='ltr'><strong>post</strong></span> <span class='ocrx_word' id='word_1_832' title='bbox 3146 4815 3158 4850; x_wconf 91' lang='lat'>:</span> <span class='ocrx_word' id='word_1_833' title='bbox 3194 4814 3213 4848; x_wconf 79' lang='grc' dir='ltr'>ι</span> <span class='ocrx_word' id='word_1_834' title='bbox 3240 4794 3307 4847; x_wconf 86' lang='lat' dir='ltr'><strong>Et</strong></span> <span class='ocrx_word' id='word_1_835' title='bbox 3339 4808 3485 4847; x_wconf 87' lang='lat' dir='ltr'><strong>nunc</strong></span> <span class='ocrx_word' id='word_1_836' title='bbox 3513 4790 3619 4844; x_wconf 90' lang='lat' dir='ltr'><strong>Do-</strong></span> 
     </span>
    </p>
   </div>
   <div class='ocr_carea' id='block_1_108' title="bbox 2057 4881 3623 4965">
    <p class='ocr_par' dir='ltr' id='par_1_108' title="bbox 2057 4881 3623 4965">
     <span class='ocr_line' id='line_1_109' title="bbox 2057 4881 3623 4965; baseline -0.013 -12"><span class='ocrx_word' id='word_1_837' title='bbox 2057 4902 2238 4953; x_wconf 89' lang='lat' dir='ltr'><strong>minus</strong></span> <span class='ocrx_word' id='word_1_838' title='bbox 2270 4898 2417 4953; x_wconf 90' lang='lat' dir='ltr'><strong>misit</strong></span> <span class='ocrx_word' id='word_1_839' title='bbox 2448 4911 2534 4951; x_wconf 90' lang='lat' dir='ltr'><strong>me</strong></span> <span class='ocrx_word' id='word_1_840' title='bbox 2570 4904 2627 4950; x_wconf 88' lang='lat' dir='ltr'><strong>et</strong></span> <span class='ocrx_word' id='word_1_841' title='bbox 2659 4890 2895 4965; x_wconf 84' lang='lat' dir='ltr'><strong>Spiritus</strong></span> <span class='ocrx_word' id='word_1_842' title='bbox 2939 4891 3059 4960; x_wconf 87' lang='lat' dir='ltr'><strong>ejus</strong></span> <span class='ocrx_word' id='word_1_843' title='bbox 3086 4889 3152 4940; x_wconf 75' lang='grc' dir='ltr'>ἰ.</span> <span class='ocrx_word' id='word_1_844' title='bbox 3186 4906 3205 4937; x_wconf 75' lang='grc' dir='ltr'><strong>ι</strong></span> <span class='ocrx_word' id='word_1_845' title='bbox 3228 4884 3408 4939; x_wconf 82' lang='lat' dir='ltr'><strong>Habes</strong></span> <span class='ocrx_word' id='word_1_846' title='bbox 3454 4881 3623 4951; x_wconf 85' lang='lat' dir='ltr'><strong>igitur</strong></span> 
     </span>
    </p>
   </div>
   <div class='ocr_carea' id='block_1_109' title="bbox 2048 4970 3615 5059">
    <p class='ocr_par' dir='ltr' id='par_1_109' title="bbox 2048 4970 3615 5059">
     <span class='ocr_line' id='line_1_110' title="bbox 2048 4970 3615 5059; baseline -0.013 -16"><span class='ocrx_word' id='word_1_847' title='bbox 2048 4989 2137 5043; x_wconf 92' lang='lat' dir='ltr'><strong>hic</strong></span> <span class='ocrx_word' id='word_1_848' title='bbox 2180 5004 2396 5059; x_wconf 85' lang='lat' dir='ltr'><strong>quoque</strong></span> <span class='ocrx_word' id='word_1_849' title='bbox 2433 4987 2719 5041; x_wconf 88' lang='lat' dir='ltr'><strong>Dominum</strong></span> <span class='ocrx_word' id='word_1_850' title='bbox 2746 5027 2761 5050; x_wconf 91' lang='lat'><strong>,</strong></span> <span class='ocrx_word' id='word_1_851' title='bbox 2813 4982 2906 5054; x_wconf 90' lang='lat' dir='ltr'><strong>qui</strong></span> <span class='ocrx_word' id='word_1_852' title='bbox 2951 4979 3187 5036; x_wconf 89' lang='lat' dir='ltr'><strong>mittitur</strong></span> <span class='ocrx_word' id='word_1_853' title='bbox 3210 4985 3265 5031; x_wconf 87' lang='lat' dir='ltr'><strong>et</strong></span> <span class='ocrx_word' id='word_1_854' title='bbox 3294 4974 3389 5045; x_wconf 90' lang='lat' dir='ltr'><strong>qui</strong></span> <span class='ocrx_word' id='word_1_855' title='bbox 3416 4970 3615 5036; x_wconf 83' lang='lat' dir='ltr'><strong>mittit,</strong></span> 
     </span>
    </p>
   </div>
   <div class='ocr_carea' id='block_1_110' title="bbox 2048 5063 3620 5140">
    <p class='ocr_par' dir='ltr' id='par_1_110' title="bbox 2048 5063 3620 5140">
     <span class='ocr_line' id='line_1_111' title="bbox 2048 5063 3620 5140; baseline -0.011 -5"><span class='ocrx_word' id='word_1_856' title='bbox 2048 5079 2265 5136; x_wconf 89' lang='lat' dir='ltr'><strong>Patrem</strong></span> <span class='ocrx_word' id='word_1_857' title='bbox 2298 5080 2552 5134; x_wconf 81' lang='lat' dir='ltr'><strong>videlicet</strong></span> <span class='ocrx_word' id='word_1_858' title='bbox 2586 5093 2651 5134; x_wconf 88' lang='lat' dir='ltr'><strong>ac</strong></span> <span class='ocrx_word' id='word_1_859' title='bbox 2682 5077 2854 5134; x_wconf 90' lang='lat' dir='ltr'><strong>Deum</strong></span> <span class='ocrx_word' id='word_1_860' title='bbox 2885 5072 3166 5137; x_wconf 87' lang='lat' dir='ltr'><strong>universi,</strong></span> <span class='ocrx_word' id='word_1_861' title='bbox 3205 5068 3297 5140; x_wconf 91' lang='lat' dir='ltr'><strong>qui</strong></span> <span class='ocrx_word' id='word_1_862' title='bbox 3332 5063 3620 5121; x_wconf 80' lang='lat' dir='ltr'><strong>consuevit</strong></span> 
     </span>
    </p>
   </div>
   <div class='ocr_carea' id='block_1_111' title="bbox 2044 5169 2743 5227">
    <p class='ocr_par' dir='ltr' id='par_1_111' title="bbox 2044 5169 2743 5227">
     <span class='ocr_line' id='line_1_112' title="bbox 2044 5169 2743 5227; baseline -0.004 0"><span class='ocrx_word' id='word_1_863' title='bbox 2044 5170 2130 5227; x_wconf 87' lang='lat' dir='ltr'><strong>bis</strong></span> <span class='ocrx_word' id='word_1_864' title='bbox 2161 5169 2421 5226; x_wconf 87' lang='lat' dir='ltr'><strong>Dominus</strong></span> <span class='ocrx_word' id='word_1_865' title='bbox 2446 5169 2743 5225; x_wconf 89' lang='lat' dir='ltr'><strong>nominari.</strong></span> 
     </span>
    </p>
   </div>
   <div class='ocr_carea' id='block_1_112' title="bbox 2610 5279 3068 5341">
    <p class='ocr_par' dir='ltr' id='par_1_112' title="bbox 2610 5279 3068 5341">
     <span class='ocr_line' id='line_1_113' title="bbox 2610 5279 3068 5341; baseline -0.017 0"><span class='ocrx_word' id='word_1_866' title='bbox 2610 5281 2842 5341; x_wconf 86' lang='lat' dir='ltr'><strong>CAPUT</strong></span> <span class='ocrx_word' id='word_1_867' title='bbox 2878 5279 3068 5335; x_wconf 79' lang='lat' dir='ltr'>XXIII.</span> 
     </span>
    </p>
   </div>
   <div class='ocr_carea' id='block_1_113' title="bbox 2043 5363 3610 5447">
    <p class='ocr_par' dir='ltr' id='par_1_113' title="bbox 2043 5363 3610 5447">
     <span class='ocr_line' id='line_1_114' title="bbox 2043 5363 3610 5447; baseline -0.01 -14"><span class='ocrx_word' id='word_1_868' title='bbox 2043 5378 2123 5433; x_wconf 81' lang='lat' dir='ltr'><strong>Ab</strong></span> <span class='ocrx_word' id='word_1_869' title='bbox 2152 5378 2352 5432; x_wconf 85' lang='lat' dir='ltr'><strong>eodem.</strong></span> <span class='ocrx_word' id='word_1_870' title='bbox 2375 5408 2445 5417; x_wconf 91' lang='grc'><strong><em>--</em></strong></span> <span class='ocrx_word' id='word_1_871' title='bbox 2467 5373 2925 5447; x_wconf 82' lang='lat' dir='ltr'><strong>Quemadmodum</strong></span> <span class='ocrx_word' id='word_1_872' title='bbox 2954 5374 3087 5447; x_wconf 33' lang='lat' dir='ltr'><strong>ipse.</strong></span> <span class='ocrx_word' id='word_1_873' title='bbox 3110 5364 3363 5422; x_wconf 79' lang='lat' dir='ltr'><strong>Dominus</strong></span> <span class='ocrx_word' id='word_1_874' title='bbox 3391 5363 3610 5447; x_wconf 69' lang='lat' dir='ltr'><strong>Judwo-</strong></span> 
     </span>
    </p>
   </div>
   <div class='ocr_carea' id='block_1_114' title="bbox 2112 5440 3609 5519">
    <p class='ocr_par' dir='ltr' id='par_1_114' title="bbox 2112 5440 3609 5519">
     <span class='ocr_line' id='line_1_115' title="bbox 2112 5440 3609 5519; baseline -0.012 -16"><span class='ocrx_word' id='word_1_875' title='bbox 2112 5466 2232 5502; x_wconf 86' lang='lat' dir='ltr'><strong>rum</strong></span> <span class='ocrx_word' id='word_1_876' title='bbox 2268 5440 2774 5519; x_wconf 31' lang='lat' dir='ltr'><strong>gentem—&#39;redarguit</strong></span> <span class='ocrx_word' id='word_1_877' title='bbox 2796 5482 2810 5508; x_wconf 96' lang='lat'><strong>,</strong></span> <span class='ocrx_word' id='word_1_878' title='bbox 2851 5459 2910 5496; x_wconf 86' lang='lat' dir='ltr'><strong>eo</strong></span> <span class='ocrx_word' id='word_1_879' title='bbox 2948 5440 3087 5511; x_wconf 85' lang='lat' dir='ltr'><strong>quod</strong></span> <span class='ocrx_word' id='word_1_880' title='bbox 3130 5448 3406 5519; x_wconf 35' lang='lat' dir='ltr'><strong>ben-turum</strong></span> <span class='ocrx_word' id='word_1_881' title='bbox 3436 5440 3609 5519; x_wconf 55' lang='lat' dir='ltr'><strong>ipsum</strong></span> 
     </span>
    </p>
   </div>
   <div class='ocr_carea' id='block_1_115' title="bbox 2112 5505 3610 5588">
    <p class='ocr_par' dir='ltr' id='par_1_115' title="bbox 2112 5505 3610 5588">
     <span class='ocr_line' id='line_1_116' title="bbox 2112 5505 3610 5588; baseline -0.01 -15"><span class='ocrx_word' id='word_1_882' title='bbox 2112 5505 2405 5588; x_wconf 58' lang='lat' dir='ltr'><strong>suscepturi</strong></span> <span class='ocrx_word' id='word_1_883' title='bbox 2438 5534 2542 5570; x_wconf 83' lang='lat' dir='ltr'><strong>non</strong></span> <span class='ocrx_word' id='word_1_884' title='bbox 2570 5505 2713 5578; x_wconf 61' lang='lat' dir='ltr'><strong>sint,</strong></span> <span class='ocrx_word' id='word_1_885' title='bbox 2743 5505 2903 5588; x_wconf 69' lang='lat' dir='ltr'><strong>neque</strong></span> <span class='ocrx_word' id='word_1_886' title='bbox 2934 5505 3145 5588; x_wconf 57' lang='lat' dir='ltr'><strong>p&#39;oqanli</strong></span> <span class='ocrx_word' id='word_1_887' title='bbox 3186 5508 3288 5561; x_wconf 77' lang='lat' dir='ltr'><strong>sibi</strong></span> <span class='ocrx_word' id='word_1_888' title='bbox 3327 5505 3610 5561; x_wconf 76' lang='lat' dir='ltr'><strong>ausculta-</strong></span> 
     </span>
    </p>
   </div>
   <div class='ocr_carea' id='block_1_116' title="bbox 2114 5581 3079 5658">
    <p class='ocr_par' dir='ltr' id='par_1_116' title="bbox 2114 5581 3079 5658">
     <span class='ocr_line' id='line_1_117' title="bbox 2114 5581 3079 5658; baseline -0.01 -16"><span class='ocrx_word' id='word_1_889' title='bbox 2114 5591 2220 5642; x_wconf 80' lang='grc' dir='ltr'>ιιινὶ</span> <span class='ocrx_word' id='word_1_890' title='bbox 2238 5581 2330 5656; x_wconf 79' lang='grc' dir='ltr'><strong>,ἐι</strong></span> <span class='ocrx_word' id='word_1_891' title='bbox 2361 5605 2477 5658; x_wconf 76' lang='lat' dir='ltr'><strong>qua:</strong></span> <span class='ocrx_word' id='word_1_892' title='bbox 2506 5601 2761 5655; x_wconf 75' lang='lat' dir='ltr'><strong>passurus</strong></span> <span class='ocrx_word' id='word_1_893' title='bbox 2790 5581 2858 5637; x_wconf 68' lang='lat' dir='ltr'><strong>sit</strong></span> <span class='ocrx_word' id='word_1_894' title='bbox 2888 5581 2955 5635; x_wconf 89' lang='lat' dir='ltr'><strong>ab</strong></span> <span class='ocrx_word' id='word_1_895' title='bbox 2983 5581 3079 5635; x_wconf 78' lang='lat' dir='ltr'><strong>eis.</strong></span> 
     </span>
    </p>
   </div>
   <div class='ocr_carea' id='block_1_117' title="bbox 2120 5685 3609 5777">
    <p class='ocr_par' dir='ltr' id='par_1_117' title="bbox 2120 5685 3609 5777">
     <span class='ocr_line' id='line_1_118' title="bbox 2120 5685 3609 5777; baseline -0.006 -26"><span class='ocrx_word' id='word_1_896' title='bbox 2120 5718 2137 5751; x_wconf 81' lang='grc' dir='ltr'>ι</span> <span class='ocrx_word' id='word_1_897' title='bbox 2171 5698 2261 5754; x_wconf 89' lang='lat' dir='ltr'><strong>Sic</strong></span> <span class='ocrx_word' id='word_1_898' title='bbox 2292 5697 2423 5753; x_wconf 85' lang='lat' dir='ltr'><strong>dicit</strong></span> <span class='ocrx_word' id='word_1_899' title='bbox 2453 5694 2717 5777; x_wconf 74' lang='lat' dir='ltr'><strong>Dominus</strong></span> <span class='ocrx_word' id='word_1_900' title='bbox 2737 5734 2750 5759; x_wconf 92' lang='lat'><strong>,</strong></span> <span class='ocrx_word' id='word_1_901' title='bbox 2790 5691 2976 5760; x_wconf 80' lang='lat' dir='ltr'><strong>Qualis</strong></span> <span class='ocrx_word' id='word_1_902' title='bbox 3004 5698 3086 5747; x_wconf 84' lang='lat' dir='ltr'><strong>est</strong></span> <span class='ocrx_word' id='word_1_903' title='bbox 3118 5690 3205 5745; x_wconf 88' lang='lat' dir='ltr'><strong>hic</strong></span> <span class='ocrx_word' id='word_1_904' title='bbox 3233 5689 3368 5745; x_wconf 87' lang='lat' dir='ltr'><strong>liber</strong></span> <span class='ocrx_word' id='word_1_905' title='bbox 3398 5685 3609 5759; x_wconf 72' lang='lat' dir='ltr'><strong>repudii</strong></span> 
     </span>
    </p>
   </div>
  </div>
