4110 6428
480 397 588 454 479

1149 369 1413 446 iéUSEBu
1450 388 1928 446 cassamsusns
1963 387 2034 444 or

2150 388 2328 444 PARS
2350 387 2412 444 ll.
2451 421 2522 431 —
2557 387 3052 447 APOLOGETICA.

3616 397 3724 453 880

482 517 675 574 matris
716 518 945 574 vestrae,
980 524 1089 580 quo
1134 507 1316 564 dimisi
1359 508 1527 563 eam?
1565 516 1657 562 aut
1687 511 1772 562 cui
1807 507 2034 563 debitori

2139 507 2234 560 τοῦ
2261 506 2590 584 ἀποστασίου
2625 508 2723 579 τῆς
2753 509 2957 580 μητρὸς
2983 507 3136 579 ὐμῶν
3237 508 3591 574 ἐξαπέστειλα
3621 519 3720 570 αὐ·-

481 607 696 665 veudidi
731 604 873 660 vos?
898 617 1026 656 ecce
1056 602 1297 670 peccatis
1328 601 1526 656 vestris
1556 601 1756 655 venditi
1789 602 1924 656 estis
1945 642 1960 664 ,
1990 609 2044 655 et

480 693 862 770 iniquitatibus
899 691 1095 746 vestris
1132 692 1290 745 emisi
1334 700 1560 747 matrem
1594 702 1828 749 vestram
1855 734 1869 756 ,
1904 708 2043 762 quo-

479 788 626 841 niam
656 784 808 849 veni,
842 792 895 840 et
924 800 1034 839 non
1060 792 1178 840 erat
1205 784 1402 849 homo;
1435 786 1656 847 vocavi,
1686 793 1739 838 et
1771 800 1878 839 non
1917 792 2036 839 erat

476 878 570 946 qui
605 873 835 930 audiret.
873 872 1127 945 Nunquid
1177 890 1284 927 non
1321 882 1498 943 potest
1529 890 1724 928 manus
1756 891 1873 928 mea
1902 875 2036 928 libe-

475 966 636 1020 rare?
661 973 753 1020 aut
785 967 1028 1036 nunquid
1067 981 1174 1020 non
1205 982 1427 1034 possum
1455 966 1663 1036 eripere
1687 966 1773 1018 "‘3
1797 985 1815 1017 ι
1843 964 2045 1020 Deinde

476 1056 534 1110 in
587 1057 773 1112 eadem
827 1058 1109 1128 prophetia
1162 1058 1439 1128 paululum
1488 1072 1848 1126 progressus:
1882 1075 1899 1108 ι
1932 1057 2044 1128 Ego

476 1163 625 1212 vero,
668 1147 876 1217 inquit,
919 1163 1026 1202 non
1073 1157 1366 1203 c0ntumax
1402 1164 1552 1211 sum,
1602 1162 1777 1217 neque
1820 1155 2042 1200 contra-

480 1235 604 1290 dico
633 1253 647 1289 :
707 1243 918 1306 tergum
963 1251 1142 1291 meum
1184 1237 1308 1291 dedi
1343 1237 1397 1290 in
1432 1237 1640 1306 ﬂagella
1662 1275 1676 1300 ,
1709 1244 1763 1290 et
1794 1237 2043 1292 maxillas

477 1341 627 1381 meas
671 1326 726 1380 in
774 1327 959 1396 alapas
992 1346 1004 1380 :
1053 1327 1243 1382 faciem
1284 1343 1413 1382 vero
1454 1343 1627 1382 meam
1673 1343 1780 1381 non
1810 1329 1978 1381 averti
2011 1342 2043 1381 a

474 1419 676 1488 probro
699 1425 982 1488 sputorum
1000 1421 1096 1475 ³³.»
1115 1418 1230 1488 ipse
1259 1417 1518 1474 Dominus
1542 1461 1554 1483 ,
1585 1434 1709 1473 cum
1736 1420 1790 1472 in
1817 1419 1902 1473 his
1929 1435 2044 1474 ver-

476 1508 560 1563 bis
589 1524 746 1563 suum
777 1508 843 1562 ad
875 1509 1122 1564 homines
1155 1509 1445 1564 adventum
1477 1509 1732 1576 fateatur,
1761 1511 2042 1581 redarguit

473 1600 634 1670 303
679 1602 935 1670 populum
988 1600 1332 1664 Iudaeorum,
1379 1601 1525 1671 quod
1571 1603 1875 1658 venientem
1915 1617 2040 1657 eum

475 1692 785 1762 suscepturi
816 1707 922 1745 non
955 1690 1084 1757 sint,
1120 1707 1295 1761 neque
1328 1694 1544 1747 vocanti
1572 1694 1953 1758 auscultaturi,
1985 1701 2042 1748 et

475 1780 640 1846 hanc,
688 1782 842 1851 quasi
891 1781 1130 1850 seipsum
1164 1780 1494 1847 defendens,
1544 1797 1767 1837 causam
1820 1783 2037 1837 illorum

2147 599 2278 668 τήν;
2322 599 2354 669 ἢ
2401 598 2502 651 τίνι
2557 599 2810 670 ὐπόχρεῳ
2871 599 3131 671 πέπρακα
3196 601 3381 672 ὑμᾶς;
3424 606 3552 660 Ἰδοὺ
3601 614 3721 675 ταῖς

2145 689 2440 759 ἁμαρτίαις
2484 690 2638 759 ὐμῶν
2673 689 2968 760 ἐπράθητε,
3006 692 3098 743 καὶ
3128 693 3247 755 ταῖς
3289 695 3538 764 ἁνομίαις
3567 701 3720 769 ὐμῶν

2146 777 2498 843 ἐξαπέστειλα
2530 780 2628 850 τήν
2658 781 2869 851 μητέρα
2896 781 3047 852 ὑμῶν
3072 799 3085 811 ·
3121 782 3252 836 διότι
3282 781 3464 856 ἦλθον,
3501 791 3592 842 καὶ
3621 793 3720 846 οὐκ

2144 864 2212 940 ἦν
2241 870 2544 941 ἄνθρωπος·
2581 872 2834 936 ἐκάλεσα,
2865 874 2958 924 καὶ
2981 874 3081 926 οὐκ
3123 871 3189 945 ἧν
3217 877 3245 928 6
3281 877 3592 934 ὑπακούων.
3626 882 3718 954 Μὴ

2144 961 2262 1031 οὐχὶ
2298 961 2470 1031 ίσχύει
2501 964 2534 1033 ὴ
2567 964 2686 1034 χείρ
2728 981 2828 1034 μου
2859 963 2953 1016 τοῦ
2989 965 3288 1034 ῥύσασθαι;
3319 968 3350 1039 ἢ
3399 971 3500 1023 οὐκ
3553 973 3722 1043 ίσχύω

2143 1052 2234 1105 τοῦ
2289 1053 2599 1119 ἐξελέσθαι;
2653 1074 2669 1105 ι
2723 1053 2836 1108 Εἶτ’
2885 1057 2975 1108 ἐπὶ
3023 1057 3121 1127 τῆς
3166 1059 3332 1129 αὐτῆς
3387 1064 3722 1133 προφητείας

2144 1142 2370 1206 ὐποόἀς,
2419 1142 2601 1210 «Ἐγὼ
2645 1144 2721 1207 δὲ,
2770 1147 2956 1215 φησὶν,
2995 1147 3094 1198 οὐκ
3138 1147 3365 1210 ἀπειθῶ,
3410 1150 3530 1202 οὐδέ
3574 1153 3722 1205 ἀντι-

2143 1234 2302 1302 λέγω.
2355 1235 2428 1288 Τὸ
2473 1236 2638 1290 νῶτόν
2695 1255 2794 1306 μου
2829 1238 3002 1290 ἔδωκα
3040 1241 3115 1302 είς
3179 1241 3464 1310 μάστιγας,
3517 1244 3613 1308 τὰς
3663 1246 3720 1300 δέ

2144 1326 2395 1394 σιαγόνας
2453 1344 2554 1397 μου
2612 1329 2690 1391 είς
2751 1331 3071 1398 ῥαπίσματα
3103 1348 3116 1360 υ
3178 1333 3238 1384 τὸ
3311 1332 3368 1386 δὲ
3432 1335 3719 1406 πρόσωπόν

2145 1433 2246 1486 μου
2296 1417 2396 1469 οὐκ
2442 1418 2759 1489 ἁπέστρεψα
2792 1422 2902 1474 ἀπὸ
2926 1422 3186 1493 αἰσχύνης
3230 1427 3650 1498 ἐμπτυσμάτων.
3692 1449 3713 1482 ι

2140 1507 2310 1570 Αὐτὸς
2355 1511 2384 1561 6
2411 1509 2613 1581 Κύριος
2644 1510 2730 1564 διὰ
2773 1513 2974 1566 τούτων
3009 1516 3111 1586 τὴν
3142 1519 3219 1579 είς
3269 1517 3580 1589 ἀνθρώπους
3619 1521 3719 1575 αὐ-

2139 1599 2232 1652 τοῦ
2261 1601 2558 1671 παρουσίαν
2594 1603 2778 1672 σαφῶς
2811 1604 3106 1674 ὁμολογῶν,
3151 1609 3434 1679 άπελέγχει
3464 1613 3552 1664 τὸν
3585 1613 3714 1666 Ἰου-

2138 1692 2301 1746 δαίων
2351 1692 2503 1756 λαδν,
2549 1695 2629 1747 ὅτι
2691 1695 2765 1766 μὴ
2807 1697 3025 1751 ἐλθόντα
3087 1700 3248 1752 αὐτὸν
3308 1701 3712 1767 καταδέξονται,

2143 1783 2277 1854 μηδέ
2318 1785 2569 1838 καλοῦντι
2610 1786 3023 1842 ὑπακούσονται.
3052 1790 3162 1842 Καὶ
3191 1789 3338 1843 τοῦθ’
3368 1789 3554 1863 ὥσπερ
3574 1795 3709 1846 ἁπο-

475 1871 715 1940 ipsorum
731 1870 1041 1938 rejectionis
1071 1870 1229 1924 docet
1245 1869 1412 1925 fuisse
1434 1891 1446 1924 :
1467 1887 1590 1925 nam
1625 1891 1643 1922 ι
1671 1871 1936 1938 Quoniam
1951 1889 2034 1928 ve-

2142 1873 2463 1946 λογούμενος
2493 1919 2508 1943 ,
2552 1877 2724 1932 αἴτιον
2800 1880 2897 1950 τῆς
2953 1879 3131 1933 αὐτῶν
3179 1881 3388 1934 ἐκείνου
3442 1861 3710 1950 ἀποϐολῆς

474 1962 552 2024 ni,
596 1960 791 2031 inquit,
832 1968 1014 2015 etnon
1045 1967 1164 2015 erat
1195 1962 1247 2014 in
1272 1963 1426 2016 vobis
1458 1963 1640 2028 homo,
1660 1965 1956 2034 vocavique
1985 1974 2041 2020 et

474 2052 656 2107 nullus
699 2059 833 2116 erat,
870 2054 959 2122 qui
1001 2052 1212 2107 audiret
1251 2073 1264 2107 :
1299 2054 1521 2118 idcirco,
1564 2055 1760 2126 inquit,
1802 2056 2042 2126 peccatis

477 2141 678 2196 vestris
717 2142 921 2197 venditi
957 2145 1112 2210 estis,
1157 2163 1174 2194 ι
1224 2152 1479 2214 tanquam
1511 2147 1612 2217 ipsi
1642 2164 1738 2218 per
1763 2164 1862 2204 vos
1891 2149 2039 2218 ipsos

443 2247 608 2287 -meae
653 2233 952 2289 vocationis
1003 2234 1377 2304 repudiatores
1444 2239 1798 2302 exstiteritis,
1865 2255 2040 2310 neque

471 2336 601 2378 vero
631 2321 746 2392 ipse
771 2323 926 2378 vobis
965 2323 1206 2378 libellum
1247 2324 1457 2394 repudii
1481 2325 1744 2382 dederim.
1789 2327 1915 2383 Haec
1939 2344 2039 2383 au-

469 2418 578 2467 tem
607 2411 1015 2468 evidentissime
1056 2413 1127 2468 ad
1155 2429 1280 2468 eum
1309 2416 1568 2484 populum
1591 2417 1682 2486 qui
1709 2418 1775 2472 ad
1803 2419 2040 2472 circum-

468 2502 730 2558 cisionem
777 2504 1035 2573 pertinet,
1076 2503 1284 2558 directa
1313 2513 1461 2570 sunt,
1485 2514 1540 2560 et
1586 2509 1746 2565 simul
1780 2523 1865 2574 ea,
1917 2525 2038 2579 quae

469 2595 547 2649 illi
575 2603 766 2650 contra
797 2595 974 2664 ipsum
1011 2595 1070 2649 in
1109 2599 1363 2666 passione
1406 2597 1525 2652 ausi
1557 2609 1703 2662 sunt,
1745 2599 2034 2669 significat,

469 2687 657 2741 (Icens
691 2703 704 2739 :
738 2704 755 2737 ι
796 2684 1032 2757 Tergum
1063 2703 1241 2742 meum
1275 2688 1398 2743 dedi
1433 2690 1486 2742 in
1513 2687 1741 2759 flagella,
1771 2697 1826 2744 et
1852 2693 2039 2745 maxil-

469 2778 551 2832 las
580 2794 727 2834 meas
755 2777 810 2832 in
841 2779 1048 2850 alapas,
1087 2799 1106 2832 ι
1139 2787 1194 2835 et
1226 2795 1346 2851 qua:
1385 2789 1708 2851 sequuntur.
1741 2780 1866 2837 Haec
1901 2798 2038 2853 quo-

467 2885 573 2940 que
595 2885 690 2940 per
707 2872 874 2926 otium
897 2886 927 2924 a
959 2871 1114 2926 nobis
1133 2871 1280 2941 justa
1308 2871 1751 2943 interpretatione
1777 2876 2036 2946 explana-

467 2958 690 3014 buntur.

1005 3074 1236 3130 CAPUT
1294 3076 1484 3133 XXIV.

2142 1969 2423 2036 γεγονέναι
2476 1970 2734 2024 διδάσκει.
2789 1987 2808 2020 ‹
2855 1971 3006 2023 Ἐπεὶ
3049 1971 3156 2042 γὰρ
3197 1968 3380 2043 ἦλθον,
3426 1974 3578 2044 φησὶ,
3621 1975 3728 2028 καὶ·

2140 2060 2238 2112 οὐκ
2281 2054 2348 2129 ἦν
2398 2061 2455 2113 ἐν
2496 2061 2624 2130 ὑμῖν
2664 2061 2980 2132 ἄνθρωπος,
3013 2062 3245 2115 ἐκάλεσά
3287 2079 3367 2128 τε,
3402 2065 3497 2116 καὶ
3541 2065 3733 2130 οὐδεὶς

2139 2145 2206 2220 ἦν
2252 2151 2280 2202 6
2308 2151 2628 2204 ὑπακούων·
2683 2151 2770 2206 διὰ
2815 2152 3006 2218 τοῦτο,
3050 2155 3214 2224 φησὶ,
3253 2156 3371 2217 ταῖς
3423 2155 3717 2226 ἁμαρτίαις

2141 2239 2292 2310 ὐμῶν
2322 2241 2597 2312 ἐπράθητε
2617 2280 2630 2304 ,
2659 2260 2676 2292 ι
2714 2243 2808 2296 ἅτε
2842 2243 2997 2296 αὐτοὶ
3036 2244 3130 2313 ἀφ’
3171 2244 3375 2298 ἐαυτῶν
3407 2245 3726 2302 ἀποστάται,

2107 2329 2237 2404 ’τῆς
2265 2331 2403 2400 ἐμῆς
2429 2331 2672 2402 κλήσεως
2719 2333 3084 2397 καταστάντες
3107 2374 3122 2398 ,
3175 2335 3289 2388 ἀλλ’
3320 2337 3420 2388 οὐκ
3454 2335 3588 2406 ἐμοῦ
3635 2336 3715 2406 βι-

2139 2419 2284 2472 ϐλίον
2323 2423 2449 2490 ὑμῖν
2499 2422 2827 2476 ἀποστασίου
2857 2423 3164 2486 δεδωκότος.
3217 2425 3412 2494 Σαφῶς
3451 2425 3508 2478 δὲ
3540 2425 3716 2480 ταῦτα

2139 2512 2276 2584 πρὸς
2301 2514 2390 2567 τὸν
2417 2517 2482 2566 ἐκ
2505 2515 2808 2585 περιτομῆς
2833 2515 2959 2568 λαὸν
2991 2516 3354 2569 ἀποτείνεται.
3372 2516 3539 2587 Ὁμοῦ
3565 2517 3621 2570 δὲ
3646 2517 3715 2570 τὰ

2138 2605 2266 2675 περὶ
2293 2607 2354 2658 τὸ
2381 2605 2551 2670 πάθος
2575 2608 2950 2678 τετολμημένα
2976 2609 3158 2670 αὐτοῖς
3183 2608 3332 2678 δηλοῖ
3349 2607 3556 2676 λέγων’·
3580 2609 3712 2661 ιΤὸν

2138 2697 2306 2751 νῶτόν
2336 2714 2438 2768 μου
2461 2698 2668 2754 δέδωκα
2693 2701 2772 2762 είς
2803 2700 3094 2770 μάστιγας,
3117 2700 3217 2763 τὰς
3248 2701 3303 2753 δέ
3335 2701 3584 2767 σιαγόνας
3608 2717 3720 2770 μου·

2136 2789 2214 2851 είς
2247 2789 2596 2858 ῥαπίσματα,
2632 2809 2650 2841 ι
2704 2789 2799 2842 καὶ
2842 2789 2910 2842 τὰ
2943 2789 3151 2854 τούτοις
3196 2791 3340 2860 ἑξῆς.
3386 2791 3492 2843 Καὶ
3535 2789 3716 2844 ταῦτα

2135 2881 2228 2932 ἐπὶ
2264 2880 2458 2950 σχολῆς
2483 2881 2583 2951 τῆς
2619 2882 2996 2954 προσηκούσης
3027 2880 3273 2946 τεύξεται
3303 2880 3606 2952 ἑρμηνείας.

2641 3083 3038 3136 ΚΕΦΑΛΑῙΟΝ
3077 3084 3200 3136 KA'.

465 3186 543 3240 Ab
572 3187 770 3274 eodem.
802 3188 1348 3274 T—Qtfmafimodum
1383 3193 1499 3274 ipse
1537 3193 1636 3274 qui.
1668 3194 1720 3274 in
1769 3192 2030 3274 prop/telis

2147 3194 2289 3251 ,Απὸ
2331 3193 2458 3274 τοῦ,
2485 3194 2692 3274 αὐτοῦ.
2717 3196 3134 3274 -ςυὮς-ςιύτὸς
3164 3197 3297 3274 ῥμὲν
3325 3196 3447 3274 τοῖς
3479 3198 3710 3274 προρή-

534 3259 899 3312 olimcauebat
961 3260 1231 3323 Dominus,
1279 3259 1636 3316 venturus'ad
1681 3259 1932 3325 homines,
1982 3273 2031 3315 et

535 3330 661 3404 ipsis
695 3329 862 3383 oculis
901 3332 1280 3399 inspiciendus,
1305 3344 1354 3386 et
1393 3350 1426 3386 α
1451 3333 1687 3402 gentibus
1717 3349 2032 3404 cognoscen-

534 3402 655 3463 dus,
676 3409 1079 3467 exspectaretur.

537 3554 556 3588 ι
597 3535 721 3591 Ηαξο
758 3537 889 3592 dicit
910 3537 1173 3595 Dominus
1201 3560 1211 3594 :
1250 3539 1479 3610 Propter
1504 3556 1600 3595 vos
1623 3557 1819 3596 nomen
1852 3559 2031 3597 meum

463 3625 868 3699 blasphematur
897 3633 951 3686 in
985 3634 1256 3703 gentibus,
1293 3633 1499 3688 idcirco
1543 3643 1835 3706 cognoscet
1860 3651 2033 3704 popu-

461 3715 551 3774 ius
584 3736 735 3776 meus
768 3723 822 3776 in
868 3723 955 3778 die
999 3724 1110 3786 illa,
1144 3723 1292 3794 quod
1336 3739 1437 3794 ego
1478 3741 1618 3788 sum,
1659 3726 1774 3794 ipse
1823 3726 1914 3794 qui
1953 3725 2034 3777 lu-

463 3825 625 3880 quor,
682 3813 895 3877 adsum,
935 3821 993 3867 ut
1034 3814 1344 3870 formositas
1376 3817 1430 3869 in
1449 3817 1744 3881 montibus,
1779 3825 1835 3870 ut
1869 3817 2032 3886 pedes

459 3905 882 3973 evangelizantis
915 3906 1156 3961 auditum
1189 3910 1360 3979 pacis,
1385 3919 1443 3964 ut
1471 3911 1564 3980 qui
1611 3913 1826 3966 nuntiat
1867 3911 2028 3978 bona,

462 3991 715 4064 quoniam
731 3998 970 4052 auditam
986 4000 1142 4054 faciet
1160 4001 1546 4056 salutemtuam
1582 4003 1772 4057 dicens
1821 4021 1834 4056 :
1873 4002 2028 4066 Sion,

460 4103 556 4144 rex
591 4096 718 4146 tuus
764 4091 870 4145 erit
904 4089 1064 4145 Deus.
1102 4091 1221 4145 Vox
1269 4093 1692 4148 custodientium
1713 4102 1766 4149 te
1795 4095 2030 4150 exaltata

460 4185 565 4242 est,
590 4185 645 4232 et
679 4194 800 4233 cum
834 4194 967 4234 voce
996 4181 1158 4236 simul
1188 4183 1540 4248 laetabuntur,
1570 4184 1825 4252 quoniam
1855 4185 2030 4239 oculis

461 4271 530 4325 ad
573 4272 761 4329 oculos
797 4273 1075 4338 videbunt,
1119 4277 1338 4346 quando
1384 4277 1728 4333 miserebitur
1769 4278 2028 4335 Dominus

464 4361 597 4416 Sion
636 4383 647 4416 :
677 4374 964 4435 erumpant
996 4367 1233 4422 laetitiam
1259 4371 1420 4424 simul
1446 4372 1662 4426 deserta
1701 4369 2025 4437 Jerusalem,

461 4454 718 4525 quoniam
763 4457 1050 4514 miseratus
1086 4468 1169 4515 est
1218 4459 1476 4518 Dominus
1511 4461 1706 4532 ipsam,
1737 4470 1791 4518 et
1826 4463 2027 4519 libera-

2210 3283 2339 3332 ταις
2380 3265 2566 3318 πάλαι
2599 3266 2891 3336 θεσπίζων
2917 3269 3127 3334 Κύριος
3153 3267 3326 3332 ἥξειν
3359 3269 3447 3332 είς
3492 3265 3714 3336 ἀνθρὼ-

2211 3352 2366 3402 πους
2389 3376 2403 3399 ,
2440 3337 2536 3388 καὶ
2565 3335 2771 3401 αὐτοῖς
2801 3337 3128 3404 ὀφθαλμοῖς
3165 3336 3584 3403 θεαθήσεσθαι,
3603 3335 3720 3392 νιαιε

2210 3407 2332 3472 τοῖς
2360 3409 2560 3460 ἔθνεσι
2591 3406 3049 3475 γνωσθήσεσθαι
3071 3406 3386 3475 μελλήσει.

2215 3556 2233 3587 ι
2263 3537 2399 3590 Τάδε
2442 3537 2588 3604 λέγει
2663 3535 2898 3607 Κύριος’
2963 3539 3040 3588 Δι’
3083 3538 3225 3607 ὑμᾶς
3274 3538 3361 3591 διὰ
3421 3539 3618 3602 παντὸς
3655 3539 3720 3592 τὸ

2137 3630 2306 3700 ὄνομά
2352 3647 2450 3699 μου
2493 3629 2892 3701 βλασφημεῖται
2927 3631 2984 3682 ἐν
3031 3633 3141 3693 τοῖς
3169 3630 3376 3684 ἔθνεσι·
3426 3631 3518 3684 διὰ
3558 3632 3719 3685 τοῦτο

2138 3721 2402 3790 γνώσεται
2444 3723 2472 3774 6
2515 3722 2642 3785 λαός
2680 3740 2781 3792 μου
2818 3724 2874 3774 ἐν
2905 3724 2970 3792 τῇ
3015 3721 3198 3793 ἡμέρᾳ
3232 3722 3443 3794 ἐκείνῃ,
3480 3723 3561 3774 ὅτι
3604 3722 3721 3791 ἐγὼ

2141 3814 2292 3884 εἰμι,
2325 3813 2486 3875 αὐτὸς
2550 3817 2578 3866 6
2620 3814 2833 3878 λαλῶν,
2887 3814 3155 3885 πάρειμι,
3208 3813 3282 3876 ὼς
3310 3812 3428 3884 ὥρα
3472 3814 3565 3867 ἐπὶ
3607 3814 3717 3869 τῶν

2138 3905 2326 3973 ὀρέων,
2355 3906 2430 3969 ὡς
2460 3905 2616 3969 πόδες
2649 3906 3135 3976 εὐαγγελιζομένου
3169 3905 3338 3977 ἀκοὴν
3364 3907 3608 3977 εἰρήνης,
3634 3907 3713 3970 ὡς

2138 3996 2621 4067 εὐαγγελιζόμενος
2671 3998 2849 4066 ἀγαθά
2874 4015 2885 4028 ο
2933 4000 3014 4051 ὃτι
3043 3997 3316 4068 ἀκουστὴν
3365 4000 3576 4069 ποιήσει
3615 3999 3716 4067 τὴν

2141 4088 2412 4158 σωτηρίαν
2444 4105 2559 4149 σου,
2585 4087 2756 4156 λέγων
2774 4105 2787 4118 ·
2817 4087 2976 4151 Σιὼν,
3033 4088 3340 4158 βασιλεύσει
3409 4108 3500 4143 σου
3517 4090 3708 4152 ὁΘεός.

2135 4179 2290 4248 Φωνὴ
2316 4178 2423 4232 τῶν
2451 4179 2829 4248 φυλασσόντων
2858 4197 2916 4232 σε
2947 4180 3165 4251 ὑψώθη,
3201 4183 3294 4234 καὶ
3322 4184 3388 4252 τῇ
3423 4184 3568 4252 φωνῇ
3595 4181 3710 4251 ἅμα

2137 4267 2634 4340 εὐφρανθήσονται,
2701 4271 2783 4323 ὅτι
2840 4269 3142 4341 ὀφθαλμοῖς
3197 4270 3333 4342 πρὸς
3404 4270 3710 4340 ὀφθαλμοὺς

2135 4363 2353 4433 ὄψονται
2373 4405 2386 4428 ,
2412 4366 2574 4437 ήνίκα
2602 4366 2666 4420 ἂν
2695 4366 2892 4439 ἐλεήσῃ
2921 4365 3126 4436 Κύριος
3152 4365 3249 4437 τὴν
3273 4365 3429 4418 Σιών.
3466 4363 3713 4435 Ῥηξάτω

2136 4456 2475 4528 εὐφροσύνην
2507 4457 2622 4528 ἅμα
2657 4457 2724 4510 τὰ
2759 4457 2940 4529 ἔρημα
2975 4457 3361 4530 Ἰερουσαλὴμ.
3387 4457 3469 4510 ὅτι
3511 4456 3713 4527 ἠλέησε

460 4543 540 4596 vit
557 4540 882 4612 Jerusalem,
905 4557 958 4603 et
975 4549 1237 4605 revelabit
1261 4551 1545 4607 brachium
1570 4561 1820 4609 sanctum
1844 4571 2027 4622 suum,

2137 4545 2339 4618 Κύριος
2375 4547 2573 4618 αὐτὴν,
2607 4548 2702 4601 καλ⁵
2731 4547 2998 4619 ἐρρύσατο
3033 4547 3388 4620 Ἰερουσαλὴμ
3409 4589 3424 4613 ,
3459 4547 3554 4601 καὶ
3587 4547 3716 4601 ἁπο-

460 4629 518 4685 in
550 4642 846 4705 conspectu
892 4637 1134 4692 omnium
1165 4642 1427 4710 gentium,
1471 4652 1526 4698 et
1555 4642 1815 4698 videbunt
1843 4645 2026 4698 omnia

458 4733 699 4784 extrema
743 4738 904 4788 terra:
950 4733 1177 4789 salutem
1236 4751 1266 4789 a
1321 4735 1430 4793 Deo
1487 4749 1675 4795 nostro
1731 4742 1798 4797 ".
1865 4762 1884 4794 ι
1934 4740 2030 4797 iiis

459 4816 596 4889 ipsis
649 4820 904 4894 deinceps
959 4825 1166 4882 adnexa
1223 4838 1304 4884 est
1371 4829 1474 4884 sub
1530 4846 1638 4884 uno
1713 4841 1767 4886 et
1837 4831 2029 4886 eodem

457 4921 750 4980 contextu,
801 4914 868 4970 de
931 4919 1185 4986 passione
1230 4919 1438 4976 Christi
1497 4923 1820 4994 prophetia,
1864 4939 2026 4993 quam

458 5002 587 5058 item
654 5020 751 5074 per
820 5007 987 5063 otium
1053 5012 1401 5080 expositurus
1472 5028 1613 5069 sum.
1678 5014 1816 5068 Cum
1899 5030 2030 5069 vero

462 5107 608 5150 unus
631 5103 684 5149 et
709 5097 849 5152 idem
882 5099 953 5154 sit
984 5098 1275 5168 Dominus,
1309 5104 1402 5173 qui
1435 5105 1508 5157 ait
1529 5105 1582 5159 in
1613 5105 1878 5175 particula
1906 5115 2030 5161 ante

459 5183 601 5238 hanc
631 5190 874 5254 proxime
907 5195 1172 5262 exposita,
1203 5196 1271 5250 ad
1312 5197 1486 5267 ipsum
1531 5195 1817 5252 Judaicum
1854 5213 2029 5268 p0pu-

461 5277 570 5332 lum
606 5298 618 5334 :
649 5280 842 5354 θοῇς
864 5282 1110 5339 Peccatis
1139 5287 1334 5341 vestris
1351 5288 1554 5342 venditi
1576 5288 1732 5353 estis,
1756 5296 1808 5342 et
1831 5289 2029 5358 iniqui-

457 5369 664 5424 tatibus
707 5374 903 5428 vestris
951 5374 1131 5430 dimisi
1183 5386 1408 5431 matrem
1462 5387 1739 5440 vestram,
1772 5379 2030 5447 quoniam

461 5461 679 5524 Veni,et
707 5478 815 5517 non
836 5473 954 5520 erat
987 5465 1148 5520 homo
1173 5486 1186 5534 ;
1209 5469 1422 5534 vocavi,
1448 5476 1503 5522 et
1532 5486 1639 5523 non
1665 5478 1782 5523 erat
1810 5469 1903 5538 qui
1933 5484 2030 5523 au-

461 5547 601 5602 diret
627 5551 694 5618 ";
730 5571 747 5602 ι
781 5554 835 5607 in
870 5555 955 5610 his
987 5557 1055 5611 de
1083 5559 1281 5626 quibus
1315 5573 1458 5613 nunc
1489 5560 1668 5631 agitur
1706 5561 1884 5615 verbis
1909 5600 1922 5622 ,
1959 5560 2026 5615 ad

461 5639 682 5694 eosdem
721 5644 834 5696 ait:
874 5665 891 5695 ι
931 5646 1158 5717 Propter
1197 5667 1294 5707 vos
1329 5667 1525 5707 nomen
1557 5667 1739 5708 meum
1771 5652 2026 5724 blasphe-

2142 4637 2371 4706 καλύψει
2399 4638 2489 4690 τὸν
2520 4638 2778 4709 βραχίονα
2812 4639 2903 4690 τὸν
2948 4639 3100 4708 ἅγιον
3118 4638 3289 4692 ἀὐτοῦ
3315 4639 3546 4692 ἐνώπιον
3574 4638 3714 4692 πάν-

2133 4745 2240 4779 των
2263 4728 2370 4780 τῶν
2403 4729 2570 4782 ἐθνῶν
2589 4771 2601 4793 ,
2637 4731 2729 4783 καὶ
2762 4729 2981 4798 ὄψονται
3015 4731 3192 4784 πάντα
3225 4729 3291 4783 τὰ
3315 4730 3459 4801 ἄκρα
3487 4730 3585 4800 τῆς
3612 4730 3715 4801 γῆς

2130 4821 2229 4892 τὴν
2265 4823 2538 4892 σωτηρίαν
2581 4824 2680 4894 τὴν
2714 4823 2865 4894 παρὰ
2911 4823 3006 4875 τοῦ
3045 4823 3179 4876 Θεοῦ
3210 4823 3386 4893 ήμῶν.
3423 4841 3440 4873 ι
3489 4822 3714 4887 Τούτοις

2131 4912 2261 4983 ἑξῆς
2297 4913 2663 4984 ἐπισυνῆπται
2698 4916 2787 4982 ὐφ’
2818 4914 2915 4967 ἕνα
2970 4915 3064 4968 καὶ
3103 4913 3194 4966 τὸν
3240 4913 3399 4966 αὐτὸν
3445 4913 3636 4983 εἱρμὸν
3679 4913 3716 4984 ἡ

2133 5005 2261 5077 περὶ
2310 5004 2403 5058 τοῦ
2450 5005 2655 5068 πάθους
2699 5005 2934 5076 Χριστοῦ
2987 5005 3322 5076 προφητεία,
3364 5003 3431 5074 ἢν
3482 5003 3576 5056 καὶ
3621 5004 3716 5056 ἐπὶ

2135 5096 2330 5166 σχολῆς
2368 5096 2693 5168 ἐκθήσομαι.
2731 5091 2824 5158 Εἷς
2855 5096 2911 5148 δὲ
2940 5094 3016 5148 ὢν
3065 5097 3158 5148 καὶ
3190 5097 3218 5149 6
3259 5095 3422 5158 αὐτὸς
3453 5093 3658 5165 Κύριος
3687 5097 3717 5147 6

2135 5190 2314 5260 φήσας
2362 5191 2419 5241 ἐν
2468 5191 2532 5259 τῇ
2578 5189 2684 5260 πρὸ
2720 5189 2920 5256 ταύτης
2973 5191 3243 5260 περικοπῇ
3279 5188 3416 5257 πρὸς
3455 5187 3544 5238 τὸν
3585 5187 3716 5238 ’1ου-

2132 5281 2296 5334 δαίων
2324 5282 2450 5334 λαόν
2471 5300 2484 5313 ο
2535 5301 2552 5333 ι
2583 5283 2718 5344 Ταῖς
2753 5281 3048 5352 ἁμαρτίαις
3074 5281 3226 5352 ὑμῶν
3278 5280 3550 5350 ἐπράθητε
3570 5320 3582 5340 ,
3621 5281 3714 5332 καὶ

2131 5375 2253 5436 ταῖς
2287 5374 2536 5444 ἀνομίαις
2567 5373 2719 5444 ὐμῶν
2759 5373 3114 5438 ἐξαπέστειλα
3155 5372 3254 5442 τὴν
3281 5373 3488 5443 μητέρα
3519 5370 3673 5435 ὑμῶν
3695 5383 3713 5400 ⁸

2132 5465 2267 5517 διότι
2297 5461 2478 5534 ἦλθον,
2508 5468 2600 5518 καὶ
2626 5467 2724 5518 οὐκ
2754 5463 2820 5536 ἦν
2854 5465 3138 5536 ἄνθρωπος
3160 5506 3173 5528 ,
3211 5464 3465 5525 ἐκάλεσα,
3498 5464 3591 5515 καὶ
3613 5463 3716 5514 οὐκ

2135 5554 2202 5629 ἦν
2227 5560 2254 5610 6
2281 5559 2598 5612 ὑπακούων·
2634 5579 2652 5610 ι
2682 5559 2768 5612 διὰ
2802 5559 2908 5612 τῶν
2934 5560 2992 5610 ἐν
3019 5559 3173 5629 χερσὶ
3201 5558 3336 5628 πρὸς
3366 5558 3492 5618 τοὺς
3517 5553 3715 5617 αὐτούς

2137 5668 2304 5721 φησι·
2345 5670 2361 5700 ι
2392 5651 2488 5703 Διὰ
2541 5653 2684 5724 ὑμᾶς
2735 5652 2795 5704 τὸ
2835 5651 3012 5721 ὄνομά
3055 5668 3154 5720 μου
3203 5649 3605 5720 βλασφημεῖται
3653 5648 3716 5700 ἐν

529 5796 573 5829 "
601 5795 706 5850 isa.
735 5811 786 5863 ι,
831 5799 878 5852 i.
958 5802 1000 5832 ’³
1032 5803 1163 5856 ibid.
1222 5805 1338 5860 5-6.
1415 5806 1680 5876 "lsa.t.n,
1716 5806 1867 5864 5-10.
1946 5807 1988 5840 "
2020 5807 2122 5862 lsa.
2162 5822 2288 5870 xxx,
2334 5805 2441 5861 l-i.
