4110 6492
447 417 546 475 εει

1370 405 2027 467 DEMONSTRATIONIS
2071 408 2524 468 EVANGELICA'J
2566 409 2696 468 LlB.
2738 395 2851 468 νίς

3605 416 3712 472 ιεε

441 535 553 596 τοῖς
581 533 812 588 ἔθνεσιν.
833 548 860 585 ι
891 525 1004 585 Εἴθ’
1025 529 1099 594 ὡς
1126 527 1266 600 ἔχων
1297 527 1484 600 ἓτερον
1510 530 1638 600 παρ’
1665 529 1860 590 αὐτοὺς
1879 527 2019 589 λαὸν,

2131 511 2312 584 matur
2355 530 2407 584 in
2460 528 2734 600 gentibus.
2773 550 2792 582 ι
2840 529 3044 586 Deinde
3097 532 3257 602 quasi
3299 533 3506 589 habens
3539 533 3708 588 aiium

431 627 699 698 σεπιφέρει
719 643 732 656 ·
768 643 786 676 ‹
815 625 914 678 Διά
940 622 1098 677 τοῦτο
1123 621 1391 691 γνώσεται
1419 622 1449 673 6
1475 621 1604 683 λαός
1633 637 1733 690 μου
1763 620 1824 672 τὸ
1847 620 2029 689 νὸνομά

439 734 554 801 μου
573 732 585 744 ·
622 736 641 768 ι
673 716 912 770 διδάσκει
943 732 1002 768 τε
1021 755 1036 779 ,
1070 715 1152 767 ὄτι
1194 712 1267 785 μὴ
1308 713 1492 785 ἕτερος
1511 754 1525 776 ,
1555 711 1669 766 ἀλλ’
1696 711 1858 775 αὐτὸς
1898 714 1925 764 6
1971 714 2029 765 ἐν

446 789 560 872 ἶἑοῖς
594 809 900 878 προφήταις
929 806 1169 878 λαλήσας
1197 805 1400 875 Κύριος
1435 804 1762 875 ὲπιδημήσει
1792 804 1921 856 ποτὲ
1951 802 2028 872 τῷ

451 898 572 971 βίῳ,
590 898 780 969 λέγων’
802 919 821 950 ‹
843 897 983 967 Ἐγώ
1015 900 1151 970 εἰμι,
1176 898 1339 960 αὐτὸς
1367 899 1395 951 6
1421 895 1617 959 λαλῶν,
1637 895 1888 966 πάρειμι.
1904 913 1922 946 ›
1954 895 2028 946 Τὸ

437 990 523 1057 δὲ,
545 1010 564 1043 ι
587 989 676 1056 Ὠς
691 991 810 1062 ὥρα
829 989 1044 1044 ἐπὶτῶν
1065 991 1255 1063 ὀρέων,
1274 991 1350 1054 ὡς
1362 991 1526 1053 πόδες
1542 989 2025 1060 εὐαγγελιζομένου

441 1082 616 1156 ἀκοὴν
644 1086 866 1155 εἰρήνης
884 1123 899 1148 ,
921 1082 996 1146 ὡς
1026 1082 1510 1153 εὐαγγελιζόμενος
1531 1081 1728 1150 ἀγαθὰ,
1755 1082 2026 1153 ἀκουστὴν

445 1177 657 1248 ποιήσω
680 1175 779 1246 τὴν
813 1174 1086 1245 σωτηρίαν
1115 1191 1231 1238 σου,
1265 1173 1471 1243 λέγων·
1519 1172 1678 1236 Σιὼν,
1718 1172 2026 1244 βασιλεύσει

446 1283 540 1319 σου
582 1267 611 1318 6
639 1266 800 1333 Θεὸς,
838 1286 857 1317 ι
889 1267 1222 1337 σαφέστερον
1257 1266 1307 1317 οἱ
1344 1265 1521 1318 λοιποὶ
1548 1264 1910 1318 ὲκδεδώκασιν
1935 1266 2026 1337 έρ-

435 1358 708 1431 ·μηνευταί
731 1375 744 1389 ⁸
789 1360 818 1411 6
856 1359 954 1429 μὲν
999 1358 1230 1420 Ἀκύλας
1266 1356 1472 1424 εἰπὼν,
1497 1377 1526 1409 ’1
1557 1357 1623 1410 Τί
1663 1357 2024 1429 ὡραιώθησαν

443 1451 535 1504 ἐπὶ
560 1451 627 1504 τὰ
657 1450 758 1522 ὅρη
792 1451 951 1513 πόδες
983 1449 1492 1520 εὐαγγελιζομένου,
1526 1450 1906 1515 ἀκουτίζοντος
1948 1451 2026 1502 εί-

445 1545 634 1616 ρήνην,
662 1543 1149 1614 εὐαγγελιζομένου
1191 1541 1413 1611 ἀγαθὸν,
1439 1542 1819 1607 ἀκουτίζοντος
1850 1561 2022 1615 σωτη-

444 1639 566 1710 ρίαν
587 1678 602 1702 ,
633 1638 884 1707 λέγοντος
908 1639 974 1708 τῇ
997 1635 1134 1689 Σιών
1155 1655 1168 1668 ο
1205 1635 1583 1690 Ἐϐασίλευσεν
1612 1638 1640 1690 6
1671 1637 1804 1701 Θεός
1842 1655 1934 1691 σου
1957 1655 1972 1702 ;
1995 1657 2014 1690 ι

438 1731 538 1785 καὶ
558 1733 586 1784 6
609 1731 904 1801 Σύμμαχος
925 1731 1104 1799 φήσας
1121 1745 1135 1759 ·
1159 1746 1176 1778 ‹
1200 1727 1264 1780 Τί
1279 1728 1577 1798 εὐπρεπεῖς
1605 1725 1697 1782 ἐπὶ
1719 1729 1827 1782 τῶν
1849 1730 2019 1801 ὀρέων

445 1822 604 1884 πόδες
629 1819 1134 1890 εὐαγγελιζομένου,
1168 1818 1437 1890 ἀκουστὴν
1466 1817 1747 1882 ποιοῦντος
1771 1821 2014 1891 εἰρήνην,

2131 629 2326 690 praeter
2351 620 2473 676 illos
2501 622 2782 691 populum,
2811 619 3058 691 adjungit
3084 640 3096 674 :
3129 641 3148 672 ι
3183 619 3394 678 Idcirco
3417 631 3712 694 cognoscet

2131 712 2366 780 populus
2384 726 2537 766 meus
2551 728 2747 767 nomen
2764 728 2963 767 meum.
2999 733 3017 766 ι
3039 713 3240 770 Deinde
3261 715 3420 770 docet
3439 714 3584 786 quod
3602 731 3713 771 non

2132 801 2311 869 alius,
2347 803 2442 858 sed
2481 804 2595 874 ipse
2626 806 2719 875 qui
2753 806 2806 859 in
2855 805 3137 878 prophetis
3172 806 3498 877 loquebatur
3528 807 3712 861 Domi-

2130 904 2259 955 nus,
2287 891 2598 947 versabitur
2626 895 2753 948 olim
2778 897 2834 948 in
2865 896 2969 950 hac
2997 897 3128 960 vita,
3162 897 3248 952 his
3281 897 3465 952 verbis
3497 916 3509 951 :
3541 915 3560 946 ι
3600 895 3711 967 Ego

2131 992 2276 1043 sum,
2309 979 2428 1050 ipse
2458 982 2553 1051 qui
2587 983 2804 1052 loquor,
2830 983 3046 1041 adsum.
3087 1005 3107 1039 ι
3141 985 3282 1040 Illud
3312 993 3494 1041 autem
3529 1005 3541 1040 :
3579 1004 3598 1037 ι
3641 985 3711 1040 Ut

2128 1069 2442 1128 formositas
2491 1073 2550 1129 in
2605 1076 2909 1142 montibus,
2953 1089 3016 1132 ut
3065 1077 3232 1148 pedes
3284 1079 3710 1150 evangelizantis

2129 1163 2373 1219 auditum
2403 1167 2577 1236 pacis,
2603 1168 2772 1238 utqui
2797 1168 3015 1224 nuntiat
3041 1170 3183 1226 bona
3205 1210 3220 1235 ,
3249 1171 3487 1226 auditam
3512 1171 3708 1226 faciam

2128 1255 2358 1311 salutem
2391 1265 2565 1325 tuam,
2606 1259 2796 1315 dicens
2830 1281 2844 1315 :
2875 1259 3030 1327 Sion,
3062 1277 3159 1318 rex
3191 1271 3318 1317 tuus
3347 1265 3451 1319 erit
3481 1263 3646 1329 Deus,
3682 1283 3703 1318 ι

2128 1347 2477 1406 manifestius
2499 1353 2695 1422 reliqui
2718 1361 3107 1409 converterunt
3128 1355 3484 1425 interpretes:
3511 1358 3704 1427 Aquila

2127 1440 2343 1510 quidem
2376 1441 2430 1495 in
2471 1441 2616 1497 hunc
2642 1444 2900 1499 modum:
2940 1464 2957 1495 ι
2988 1443 3127 1510 Quid
3166 1447 3396 1514 speciosi
3423 1445 3549 1501 facti
3579 1454 3710 1503 sunt

2123 1547 2290 1602 super
2315 1541 2548 1602 montes,
2577 1535 2743 1605 pedes
2769 1538 3231 1608 evangelizantis?
3251 1539 3369 1607 ejus
3396 1539 3486 1609 qui
3519 1540 3711 1596 audire

2121 1623 2253 1679 facit
2274 1626 2497 1696 pacem?
2519 1628 2639 1694 ejus
2660 1629 2755 1699 qui
2785 1630 3000 1683 nuntiat
3015 1629 3237 1694 bonum,
3258 1632 3351 1701 qui
3373 1633 3561 1688 audire
3578 1633 3709 1688 facit

2121 1717 2373 1781 salutem,
2409 1718 2643 1775 dicentis
2674 1719 2779 1790 ipsi
2814 1719 2945 1776 Sion
2980 1740 2991 1774 :
3025 1719 3292 1791 Regnavit
3317 1723 3460 1779 Deus
3484 1723 3648 1779 tuus?
3681 1743 3702 1776 ι

2124 1805 2481 1878 Symmachus
2501 1826 2630 1864 vero
2656 1829 2669 1865 :
2697 1829 2716 1861 ‹
2750 1811 2862 1865 Cur
2883 1811 3138 1868 decentes
3166 1815 3220 1866 in
3243 1814 3516 1868 montibus
3544 1815 3710 1884 pedes

445 1911 926 1983 εὐαγγελιζομένου
955 1909 1134 1978 ἀγαθά
1154 1949 1169 1974 ,
1203 1910 1476 1981 ἀκουστὴν
1515 1909 1794 1974 ποιοῦντος
1841 1928 2018 1982 σωτη-

2120 1902 2576 1971 evangelizantis?
2609 1904 2848 1959 auditam
2897 1905 3149 1962 facientis
3193 1921 3403 1976 pacem,
3434 1907 3710 1978 evangeli-

449 2004 568 2074 ρίαν
590 2043 604 2068 ,
628 2003 872 2072 λέγοντος
895 2003 962 2072 τῇ
993 1999 1159 2053 Σιών’
1204 1999 1584 2054 Ἐϐασίλευσεν
1622 2000 1650 2051 6
1684 2000 1816 2063 Θεός
1845 2017 1970 2066 σου;
1993 2019 2010 2051 ι

445 2093 562 2146 ἀντὶ
590 2093 646 2146 δὲ
675 2092 800 2156 τῶν,
827 2110 849 2142 ‹
873 2091 1028 2162 Φωνὴ
1053 2089 1161 2144 τῶν
1184 2090 1566 2160 φυλασσόντων
1600 2108 1660 2144 σε
1689 2091 1899 2163 ὑψώθη,
1925 2093 2019 2145 κα.)⁵

441 2185 505 2253 τῇ
557 2186 706 2254 φωνῇ
750 2183 866 2254 ἅμα
906 2183 1408 2256 εὐφρανθήσονται·
1444 2186 1525 2238 ὅτι
1553 2184 1852 2254 ὀφθαλμοῖς
1884 2185 2019 2256 πρὸς

425 2272 748 2345 ·όφθαλμοὺς
775 2275 994 2344 ὄψονται
1019 2292 1034 2308 ο
1063 2295 1081 2328 ι
1127 2278 1156 2328 6
1191 2277 1288 2348 μὲν
1312 2276 1610 2349 Σύμμαχος
1636 2277 1808 2340 οὕτως
1835 2279 2017 2349 ἡρμή-

436 2381 614 2421 νευσεο
662 2385 679 2416 ι
709 2368 864 2438 Φωνὴ
889 2367 998 2420 τῶν
1040 2368 1258 2422 σκοπῶν
1299 2386 1393 2422 σου
1431 2369 1646 2440 ἐπῆραν
1680 2369 1883 2440 φωνὴν,
1928 2369 2020 2422 ἐπὶ

433 2455 498 2510 τὸ
538 2456 671 2510 αὐτὸ
716 2459 1054 2512 αἰνέσουσιψ
1110 2457 1540 2529 ὀφθαλμοφανῶς
1575 2458 1682 2531 γὰρ
1715 2460 1956 2528 ὄψονται.
1995 2479 2015 2512 ο

437 2547 694 2617 Λέγοιντο
723 2549 768 2602 δ’
804 2549 870 2603 ἂν
899 2551 957 2603 ὲν
987 2550 1193 2613 τούτοις
1225 2551 1418 2603 σκοποὶ
1445 2553 1493 2604 οί
1537 2553 1669 2624 ἱεροὶ⁸
1705 2551 1800 2604 τοῦ
1834 2552 2020 2622 Σωτῆ-

426 2655 534 2712 νρος
562 2641 718 2712 ἡμῶν
750 2642 1036 2696 ἀπόστολοι
1063 2683 1076 2707 ,
1108 2644 1156 2696 οἳ
1186 2644 1308 2706 καὶ,
1348 2643 1780 2715 ὀφθαλμοφανῶς
1827 2645 2021 2710 ἰδόντες

430 2729 529 2784 ’τὸν
575 2735 1053 2805 προφητευόμενον
1075 2773 1088 2797 ,
1121 2733 1346 2804 ὕψωσαν
1376 2734 1556 2788 αὐτῶν
1599 2735 1699 2808 τὴν
1730 2737 1912 2808 φωνὴν
1943 2739 2022 2800 είς

437 2824 620 2877 πᾶσαν
648 2823 747 2895 τὴν
770 2826 1103 2897 οἰκουμένην
1135 2825 1488 2898 κηρύξαντες.
1531 2826 1668 2881 Σιὼν
1700 2829 1757 2882 δὲ
1791 2830 1885 2882 καὶ
1921 2831 2020 2883 Ἰε-

427 2915 722 2987 ρουσαλὴμ
755 2917 854 2986 τὴν
893 2918 950 2970 ὲν
989 2921 1101 2982 τοῖς
1135 2919 1315 2982 τόποις
1365 2919 1856 2992 εὐαγγελιζομένην
1883 2919 2022 2976 οἶδεν

436 3008 795 3079 ὲπουρανίους
821 3009 850 3060 6
887 3009 1207 3073 Ἀπόστολος
1229 3051 1242 3074 ,
1274 3010 1340 3062 δι’
1364 3004 1438 3064 ὧν
1463 3029 1627 3083 φησιν
1651 3031 1663 3042 ·
1700 3032 1717 3064 ι
1749 3014 1814 3066 Ἡ
1836 3013 1893 3068 δὲ
1911 3014 2023 3068 ἀνω

437 3096 804 3170 ’Ἰερουσαλὴμ
830 3099 1090 3172 ἐλευθέρα
1115 3101 1283 3165 ἐστὶν,
1308 3102 1429 3172 ἥτις
1456 3103 1572 3156 ἐστὶ
1601 3105 1782 3177 μήτηρ
1805 3105 2014 3177 ήμῶν-ι

429 3187 554 3251 καὶ,
588 3204 608 3238 ι
637 3187 1084 3259 Προσεληλύθατε
1117 3188 1255 3243 Σιὼν
1287 3190 1401 3263 ὄρει
1433 3193 1528 3244 καὶ
1558 3193 1709 3246 πόλει
1731 3194 1864 3248 Θεοῦ
1888 3197 2018 3260 ζῶν-

435 3295 547 3345 τος,
564 3256 916 3352 Ἰερουσαλὴμ
946 3282 1253 3354 ἐπουρανίῳ
1279 3323 1293 3346 ,
1321 3256 1436 3337 ’καὶ
1473 3285 1728 3356 μυριάσιν
1769 3256 2014 3356 ἀγγέλων
2041 3256 2084 3314 C

435 3372 762 3445 πανηγύρει.
796 3391 814 3424 ι
844 3373 1072 3442 Λέγοιτο
1093 3374 1138 3427 δ’
1163 3375 1229 3428 ἂν
1258 3374 1396 3428 Σιὼν
1423 3378 1516 3430 καὶ
1550 3379 1583 3448 ἡ
1611 3379 1690 3442 εἰς
1722 3377 1898 3432 πάντα
1923 3379 2015 3433 τὸν

437 3466 530 3519 ἐπὶ
575 3466 678 3536 γῆς
720 3466 885 3519 τόπον
911 3466 1002 3520 διά
1031 3467 1264 3538 Χριστὸν
1311 3471 1554 3522 συστᾶσα
1587 3469 1908 3541 Ἐκκλησία,
1941 3471 2016 3535 ὡς

435 3557 533 3612 καὶ
585 3556 944 3628 Ἰερουσαλὴμ
991 3558 1101 3611 πᾶν
1145 3557 1205 3611 τὸ
1248 3557 1498 3622 θεοσεϐὲς
1534 3559 1812 3631 τόπισμα,
1861 3562 1890 3614 ὃ
1921 3562 2016 3614 καὶ

437 3645 590 3720 παρά
629 3647 810 3718 μόνοις
835 3646 1103 3702 Ἰουδαίων
1137 3649 1250 3711 τοῖς
1277 3647 1443 3702 πάλαι
1485 3649 1546 3701 τὸ
1591 3649 1719 3720 πρὶν
1765 3651 2016 3715 συνεστὸς

435 3739 519 3803 εἰς
589 3740 826 3811 ἐρημίαν
895 3739 984 3793 διὰ
1038 3739 1137 3803 τὰς
1195 3740 1514 3804 δυσσεϐείας
1568 3741 1746 3796 αὐτῶν
1806 3743 2018 3812 περιτέ-

435 3847 677 3904 τραπται
697 3849 710 3862 ·
737 3828 832 3886 εἴτ’
860 3828 927 3886 αὖ
965 3833 1125 3886 πάλιν
1149 3833 1249 3903 τῆς
1284 3835 1377 3886 ἐπὶ
1411 3833 1471 3886 τὸ
1507 3839 1750 3906 κρεῖττον
1779 3835 2018 3888 ἀνανεώ-

438 3939 577 3986 σεως
606 3922 764 3993 ἔτυχε
787 3922 875 3976 διὰ
915 3923 1012 3992 τῆς
1062 3924 1155 3976 τοῦ
1191 3925 1492 3996 Σωτῆροςὴ
1503 3924 1618 3994 μῶν
1655 3925 1974 3994 ἐπιφανείας
1999 3941 2012 3956 ·

434 4013 528 4068 Διὸ
562 4015 726 4087 φησιν
753 4017 786 4087 ἡ
817 4014 1152 4085 προφητεία·
1194 4034 1213 4067 ι
1236 4016 1480 4087 Ῥηξάτω
1525 4017 1862 4089 εὐφροσύνην
1901 4017 2018 4088 ἅμα

433 4105 505 4160 τὰ
551 4105 733 4178 ἔρημα
776 4105 1161 4177 Ἰερουσαλήμ⁸
1214 4107 1296 4159 δτι
1327 4106 1526 4178 ⁴ιγλέησε
1571 4107 1778 4178 Κύριος
1825 4108 2015 4180 αὐτὴν,

429 4197 531 4252 καὶ
556 4198 826 4270 ἐρρύσατο
863 4198 1236 4271 Ἰερουσαλήμ.
1270 4218 1289 4250 ι
1319 4199 1433 4252 Οὐκ
1454 4197 1522 4252 ἂν
1544 4199 1601 4252 δὲ
1627 4199 1896 4271 ἁμάρτοις
1918 4200 2017 4273 τὴν

435 4288 640 4351 παντὸς
664 4288 820 4355 ἁγίου
845 4288 939 4341 καὶ
961 4288 1242 4358 θεοφιλοῦς
1263 4289 1459 4361 ψυχὴν,
1484 4290 1620 4343 καθὸ
1653 4291 1750 4361 μὲν
1779 4291 2016 4363 ἐπῆρται

436 4378 518 4451 τῷ
553 4377 674 4450 βίῳ,
695 4381 755 4431 τὸ
787 4379 1088 4453 πολίτευμα
1112 4380 1312 4451 ἔχουσα
1354 4383 1412 4434 ὲν
1443 4383 1716 4454 οὐρανοῖς,
1741 4381 2018 4436 σκοποῦσα

437 4471 506 4524 τὰ
556 4471 919 4542 ὐπερκόσμια,
964 4470 1100 4524 Σιὼν
1153 4471 1432 4542 ὀνομάζων
1481 4473 1870 4546 (ἑρμηνεύεται
1907 4474 2017 4544 γὰρ

2120 1997 2293 2048 zantis
2316 1995 2480 2060 bona,
2505 1996 2745 2052 auditam
2769 1997 3022 2053 facientis
3054 2001 3320 2054 salutem?
3343 2001 3573 2056 dicentis
3602 2001 3707 2071 ipsi

2082 2127 2085 2129 .
2122 2080 2252 2138 Sion
2283 2102 2296 2137 :
2324 2083 2589 2156 Regnavit
2610 2087 2754 2144 Deus
2775 2091 2941 2145 tuus?
2980 2111 2996 2142 ι
3033 2106 3131 2160 pro
3159 2107 3224 2146 eo
3252 2107 3383 2146 vero
3411 2092 3558 2162 quod
3583 2103 3667 2148 est
3691 2111 3704 2146 :

2126 2193 2144 2226 ι
2183 2174 2296 2230 Vox
2340 2178 2764 2234 custodientium
2816 2188 2868 2235 te
2913 2182 3146 2235 exaltata
3178 2191 3284 2248 est,
3326 2191 3381 2238 et
3421 2199 3544 2238 cum
3574 2199 3710 2240 voce

2121 2266 2284 2320 simul
2320 2268 2680 2334 laetabuntur,
2713 2271 2972 2340 quoniam
3007 2273 3184 2329 oculis
3228 2274 3296 2328 ad
3334 2276 3525 2331 oculos
3555 2275 3708 2332 vide-

2120 2356 2277 2422 bunt,
2316 2377 2333 2409 ι
2365 2358 2734 2429 Symmachus
2765 2363 2983 2431 quidem
3037 2364 3116 2418 sic
3146 2365 3533 2434 interpretatus
3580 2376 3702 2421 est:

2126 2467 2146 2500 ‹
2194 2447 2308 2504 Vox
2359 2452 2765 2519 speculatorum
2798 2462 3018 2508 tuorum
3049 2456 3364 2510 extulerunt
3389 2472 3602 2522 vocem,
3648 2459 3702 2513 in

2120 2540 2176 2594 id
2207 2540 2382 2611 ipsum
2415 2541 2736 2606 laudabunt,
2761 2544 2940 2612 palam
2977 2545 3121 2598 enim
3162 2547 3338 2601 oculis
3363 2546 3646 2602 videbunt.
3680 2569 3700 2601 ι

2123 2629 2239 2684 Dici
2268 2646 2432 2701 porro
2464 2631 2518 2685 in
2547 2632 2635 2687 his
2664 2633 3037 2702 speculatores
3059 2634 3336 2701 videntur,
3364 2639 3706 2693 sacrosancti

2125 2721 2428 2779 Salvatoris
2465 2725 2640 2779 nostri
2673 2725 2928 2794 apostoli,
2971 2727 3064 2796 qui
3097 2727 3275 2796 palam
3310 2728 3486 2784 oculis
3524 2728 3705 2784 intuiti

2121 2831 2269 2884 eum,
2301 2815 2368 2872 de
2395 2833 2503 2887 quo
2537 2819 2815 2889 prophetae
2857 2819 3241 2889 loquebantur,
3281 2820 3596 2874 extulerunt
3619 2836 3708 2876 vo-

2122 2923 2240 2964 cem
2288 2924 2444 2964 suam
2475 2910 2530 2963 in
2563 2916 2738 2964 totum
2772 2917 3042 2966 terrarum
3080 2911 3289 2976 orbem,
3325 2911 3476 2965 illum
3522 2911 3703 2982 ipsum

2121 3001 2500 3071 praedicantes.
2533 3002 2710 3072 Ipsam
2743 3017 2872 3056 vero
2909 2999 3041 3057 Sion
3069 3017 3132 3057 ac
3159 3001 3464 3058 Jerusalem
3499 3017 3620 3072 quae
3646 3003 3702 3057 in

2123 3094 2260 3148 locis
2285 3093 2713 3165 evangelizatur,
2739 3094 2795 3148 in
2817 3095 2957 3149 coelo
2989 3094 3209 3165 agnovit
3237 3095 3352 3165 ipse
3382 3095 3700 3166 Apostolus,

2124 3181 2234 3236 illis
2281 3182 2465 3236 verbis
2503 3201 2515 3235 :
2570 3199 2590 3232 ι
2651 3181 2914 3252 Superior
2962 3193 3142 3239 autem
3181 3182 3485 3240 Jerusalem
3530 3184 3703 3240 libera

2117 3281 2222 3338 est,
2241 3287 2363 3343 quae
2381 3281 2465 3329 est
2485 3281 2657 3328 mater
2670 3281 2860 3329 nostra
2874 3275 2939 3341 ",
2954 3292 2972 3325 ι
2995 3286 3047 3330 et
3068 3294 3082 3329 :
3107 3275 3461 3333 «Accessistis
3477 3276 3545 3332 ad
3570 3275 3703 3334 Sion

2116 3373 2358 3422 montem
2375 3373 2427 3422 et
2447 3365 2516 3420 ad
2538 3366 2813 3422 civitatem
2841 3365 2936 3422 Dei
2957 3368 3188 3424 viventis
3209 3367 3512 3426 Jerusalem
3540 3371 3705 3426 cccle-

2119 3467 2338 3521 stem,et
2350 3458 2642 3512 multorum
2657 3459 2889 3512 millium
2904 3461 3218 3530 angelorum
3235 3461 3663 3532 frequentiam".
3679 3480 3698 3514 ο

2119 3551 2233 3606 Dici
2254 3568 2381 3606 vero
2400 3550 2532 3606 Sion
2557 3553 2755 3623 poterit
2775 3553 2937 3607 etiam
2963 3567 3050 3618 ea,
3069 3569 3191 3624 quae
3225 3555 3283 3608 in
3314 3570 3531 3611 omnem
3544 3565 3705 3611 terra:

2118 3646 2320 3706 locum,
2357 3659 2453 3712 per
2482 3641 2761 3698 Christum
2779 3643 3079 3698 constituta
3099 3652 3184 3700 est
3209 3644 3476 3711 Ecclesia,
3511 3663 3704 3716 quem-

2118 3735 2410 3789 admodum
2440 3734 2743 3790 Jerusalem
2775 3750 2937 3788 omne
2965 3736 3113 3805 pium
3129 3749 3193 3789 ac
3206 3735 3520 3806 religiosum
3542 3739 3702 3793 civile

2119 3825 2450 3889 institutum,
2471 3825 2617 3894 quod
2633 3839 2756 3879 cum
2782 3825 2925 3897 apud
2944 3825 3091 3880 solos
3110 3835 3320 3880 veteres
3337 3825 3553 3882 Judaeos
3567 3829 3700 3882 olim

2117 3917 2426 3983 exsisteret,
2442 3917 2496 3971 in
2523 3917 2874 3972 solitudinem
2896 3924 3117 3988 propter
3131 3917 3374 3988 ipsorum
3391 3919 3700 3988 impietates

2117 4026 2444 4066 conversum
2478 4020 2582 4076 est,
2615 4009 2814 4064 deinde
2842 4025 3038 4066 rursus
3067 4010 3479 4064 renovationem
3505 4012 3559 4065 in
3590 4027 3700 4067 me-

2117 4104 2225 4158 lius
2266 4111 2624 4159 consecutum
2656 4112 2778 4168 est,
2813 4119 2912 4174 per
2949 4102 3156 4159 Christi
3196 4100 3494 4159 Salvatoris
3523 4105 3698 4160 nostri

2117 4195 2431 4252 adventum.
2453 4195 2614 4266 305
2632 4197 2973 4267 Quapropter
3001 4195 3076 4250 ait
3095 4196 3380 4267 prophetia
3415 4215 3428 4251 :
3459 4214 3478 4248 ι
3506 4196 3700 4253 Erum-

2115 4293 2247 4358 pant
2279 4288 2514 4342 laetitiam
2540 4289 2703 4344 simul
2731 4288 2945 4343 deserta
2959 4287 3283 4355 Jerusalem,
3310 4289 3569 4357 quoniam
3596 4292 3697 4344 mi-

2118 4389 2330 4437 seratus
2348 4389 2432 4436 est
2454 4379 2716 4438 Dominus
2738 4383 2934 4452 ipsam,
2965 4391 3020 4437 et
3034 4382 3284 4437 liberavit
3305 4379 3606 4438 Jerusalem
3627 4421 3642 4436 .
3669 4402 3690 4436 ι

2116 4471 2404 4539 Caeterum,
2426 4487 2700 4542 nusquam
2723 4487 2856 4528 sane
2888 4474 3132 4538 aberres,
3162 4473 3211 4528 si
3263 4473 3696 4544 uniuscujusque

436 4563 938 4634 σκοπευτήριον)·
973 4563 1107 4616 καθὸ
1137 4563 1192 4616 δὲ
1239 4567 1296 4617 ὲν
1328 4565 1617 4636 εὐσταθείᾳ.
1668 4567 1763 4620 καὶ
1803 4569 2014 4642 γαλήνῃ

2120 4563 2222 4618 viri
2254 4564 2430 4618 sancti
2457 4563 2675 4632 Deoque
2703 4563 2862 4617 amici
2887 4563 3147 4628 animam,
3173 4572 3444 4633 quatenus
3477 4564 3694 4634 quidem

438 4652 629 4708 παθῶν
689 4654 1043 4723 καθέστηκεν,
1063 4655 1416 4727 Ἰερουσαλὴμ
1462 4655 1630 4727 αὐτὴν
1683 4656 2011 4711 ἀποκαλῶν·

426 4741 654 4810 -ὅρασιν
669 4743 776 4814 γὰρ
803 4743 1048 4811 εἰρήνης
1075 4744 1414 4816 μεταληφθὲν
1458 4744 1698 4816 τοῦνομα
1734 4747 2010 4817 σημαίνει.

439 4831 661 4895 Τούτοις
698 4832 1006 4897 ἀκολούθως
1049 4837 1083 4906 ἡ
1125 4834 1233 4888 τῶν
1283 4835 1454 4889 ἐθνῶν
1484 4837 1576 4890 ἐπὶ
1603 4837 1702 4908 τὴν
1733 4838 2014 4891 εὐσέϐειαν

421 4919 534 4973 ’τοῦ
560 4920 694 4972 Θεοῦ
723 4922 916 4992 κλῆσις
950 4924 1325 4996 ἐναργέστατα
1344 4924 1594 4995 δηλοῦται
1620 4925 1707 4978 διὰ
1719 4927 1835 4990 τοῦ,
1863 4946 1881 4977 ι
1905 4929 2015 4980 Καὶ

435 5013 778 5085 ἀποκαλύψει
823 5016 1026 5088 Κύριος
1071 5020 1099 5071 6
1147 5017 1281 5082 Θεὸς
1327 5018 1416 5072 τὸν
1449 5017 1708 5090 βραχίονα
1737 5019 1828 5071 τὸν
1862 5019 2016 5087 ἀγιον

437 5105 602 5160 αὐτοῦ
629 5106 856 5161 ἐνώπιον
888 5109 1104 5162 πάντων
1135 5111 1243 5164 τῶν
1281 5110 1450 5164 ἐθνῶν
1472 5127 1485 5138 ·
1521 5111 1615 5164 καὶ
1639 5111 1859 5181 δψονται
1887 5114 2020 5167 πάν-

433 5215 504 5252 τα
545 5196 616 5250 τὰ
651 5197 798 5269 ἄκρα
839 5198 940 5269 τῆς
972 5200 1078 5270 γῆς
1121 5201 1218 5273 τὴν
1261 5203 1535 5274 σωτηρίαν
1579 5202 1676 5273 τὴν
1727 5203 1877 5275 παρὰ
1920 5203 2011 5258 τοῦ

434 5291 574 5344 Θεοῦ
602 5291 777 5362 ἡμῶν.
812 5312 831 5343 ο
863 5291 1134 5362 Βραχίονα
1174 5293 1230 5346 δὲ
1260 5293 1356 5346 τοῦ
1389 5295 1523 5348 Θεοῦ
1567 5295 1641 5366 μὴ
1670 5295 1828 5349 ἄλλον
1871 5293 2012 5350 εἶναι

433 5382 528 5436 τοῦ
566 5383 762 5451 Λόγου,
794 5383 888 5436 καὶ
920 5385 1016 5454 τῆς
1047 5385 1264 5453 Σοφίας,
1296 5386 1390 5438 καὶ
1435 5387 1600 5440 αὐτοῦ
1646 5386 1740 5440 τοῦ
1781 5388 2011 5461 Κυρίου,

433 5474 492 5537 ὃς
528 5477 674 5528 ἐστιν
698 5476 727 5527 6
752 5475 989 5546 Χριστὸς
1029 5475 1123 5529 τοῦ
1168 5476 1325 5541 Θεοῦ,
1357 5477 1564 5548 νόμιζε.
1598 5478 1767 5532 Τοῦτο
1792 5478 1922 5547 γοῦν
1949 5481 2014 5532 ὲκ

434 5565 645 5620 πολλῶν
674 5567 1021 5639 παραστῆσαι
1057 5568 1452 5640 ῥᾴδιον.Ἔχεις
1484 5569 1541 5622 δὲ
1572 5570 1666 5624 καὶ
1694 5572 1752 5625 ἐν
1793 5569 2014 5636 Ἐξόδῳ

429 5659 526 5714 τὸν
569 5661 785 5735 Ἰσραὴλ
817 5661 1059 5733 βραχίονι
1098 5662 1232 5715 Θεοῦ
1280 5662 1541 5733 ρυσθέντα
1583 5665 1684 5736 τῆς
1730 5668 1822 5721 ὐπ’
1847 5668 2013 5738 Δίγυ-

502 5818 552 5850 ⁹⁶
584 5815 759 5872 Galat.
786 5834 860 5886 iv,
895 5819 984 5873 20.
1062 5820 1104 5850 ’⁷
1141 5817 1300 5874 llebr.
1328 5834 1423 5884 xu,
1447 5818 1536 5874 22.

2118 4669 2286 4725 supra
2339 4656 2481 4709 hanc
2510 4656 2676 4708 vitam
2723 4656 2866 4710 elata
2921 4661 3025 4719 est,
3082 4657 3283 4726 quippe
3325 4671 3448 4710 cum
3481 4657 3536 4710 in
3555 4655 3695 4710 coelo

2118 4760 2277 4800 suum
2303 4745 2396 4814 jus
2427 4743 2666 4798 civitatis
2691 4745 2908 4814 habeat,
2936 4747 3440 4816 contempleturque
3473 4761 3535 4800 ea
3573 4761 3695 4815 qua:

2117 4839 2240 4909 ipso
2264 4837 2468 4892 mundo
2494 4845 2623 4893 sunt
2652 4837 2958 4907 superiora,
2996 4837 3128 4892 Sion
3178 4839 3430 4893 nomines
3451 4839 3598 4908 (nam
3626 4855 3694 4895 ex

2121 4933 2568 5005 interpretatione
2617 4934 3022 5002 speculatorium
3064 4933 3388 5003 significat);
3425 4940 3694 5002 quatenus

2119 5035 2301 5082 autem
2327 5029 2382 5081 in
2412 5028 2556 5082 bono
2585 5035 2732 5082 statu
2758 5035 2812 5083 et
2853 5028 3037 5098 quiete
3064 5026 3532 5096 perturbationum
3561 5040 3694 5080 cou-

2119 5119 2310 5173 stituta
2373 5127 2458 5175 est
2481 5103 2507 5184 ,l
2546 5117 2850 5174 Jerusalem
2912 5116 3156 5172 eamdem
3220 5115 3480 5185 appelles.
3557 5113 3693 5170 Illud

2119 5210 2264 5264 enim
2305 5225 2503 5265 nomen
2530 5220 2894 5276 iconversum,
2937 5207 3189 5262 uisionem
3221 5206 3367 5274 pacis
3395 5205 3690 5278 signiﬁcat.

2116 5296 2318 5353 Ordine
2353 5299 2580 5368 posthac
2607 5297 2704 5354 Dei
2751 5297 2821 5352 ad
2871 5309 3054 5352 veram
3107 5295 3423 5364 religionem
3475 5295 3692 5349 vocatio

2120 5393 2382 5462 gentium,
2414 5392 2824 5447 evidentissime
2855 5387 3165 5444 declaratur
3184 5385 3295 5440 illis
3314 5384 3495 5440 verbis
3520 5401 3533 5435 :
3576 5403 3596 5437 ι
3623 5383 3690 5438 Et

2118 5485 2382 5540 revelabit
2417 5483 2680 5539 Dominus
2713 5483 2858 5538 Deus
2884 5477 3168 5535 brachium
3204 5484 3453 5532 sanetum
3503 5493 3686 5542 suum,

2120 5574 2176 5628 in
2206 5583 2501 5642 conspectu
2535 5573 2779 5626 omnium
2811 5569 3071 5641 gentium,
3105 5574 3159 5621 et
3212 5566 3472 5622 videbunt
3497 5582 3689 5622 omnes

2121 5668 2256 5726 lines
2309 5676 2470 5723 terrae
2526 5666 2760 5722 salutem
2792 5679 2821 5718 a
2856 5662 2963 5718 Deo
3019 5667 3236 5716 nostro.
3274 5678 3293 5710 ι
3346 5658 3521 5714 Porro
3565 5659 3690 5712 bra-
