4110 6396
461 320 571 380 48⁸5

1137 322 1406 378 EllSEBl'l
1435 319 1913 378 ϐίΕδΑἷὶίΕΝδΙὸ
1948 320 2044 377 ΟΡ

2144 317 2333 377 PARS.
2375 320 2440 376 ll.
2482 350 2555 365 -—
2591 320 3088 379 APOLOGETICA.

3630 326 3741 383 £34

461 446 649 500 chium
690 442 786 501 Dei
817 445 1133 514 neutiquam
1186 443 1345 498 aliud
1396 458 1522 499 esse
1572 443 1859 499 arbitreris
1878 458 2042 514 quam

2148 443 2326 507 πτίοις
2348 443 2616 508 δουλείας.
2648 445 2819 498 Αὑτὸν
2848 445 2911 515 δὴ
2945 445 3150 498 ἐκεῖνον
3198 444 3290 497 τὸν
3342 444 3602 517 βραχίονα
3642 448 3740 503 τοῦ

462 538 702 595 Verbum
722 546 778 595 et
812 537 1168 608 Sapientiam,
1196 543 1252 592 et
1280 537 1456 607 ipsum
1487 536 1800 601 Dominum,
1834 536 1929 607 qui
1959 546 2046 591 est

458 632 717 687 Christus
752 630 867 686 Dei.
903 629 1017 685 Hoc
1044 629 1190 684 enim
1215 645 1281 684 ex
1318 628 1508 684 multis
1556 628 1848 684 ostendere
1883 628 2044 685 facile

456 732 565 779 est.
596 721 775 777 Habes
797 731 1056 791 praeterea
1082 720 1135 773 in
1168 717 1381 780 Exodo,
1413 717 1581 774 Israel
1614 719 1683 772 ab
1714 715 2040 789 JEgyptiaca

458 816 725 870 servitute
752 814 1048 867 liberatum
1080 812 1309 866 brachio
1343 810 1458 865 Dei.
1496 808 1679 880 Ipsum
1713 810 1879 879 igitur
1906 809 2041 865 illud

458 903 745 959 brachium
778 900 910 963 Dei,
946 899 1092 972 quod
1136 900 1307 955 veteri
1352 901 1552 971 populo
1583 900 1815 953 salutem
1867 900 2042 954 mani—

457 994 758 1051 festissime
782 994 982 1059 attulit,
1011 993 1268 1048 omnibus
1291 991 1543 1062 gentibus
1572 991 1924 1061 aperiendum
1978 1005 2044 1045 ac

457 1086 843 1159 detegendum,
885 1094 1147 1156 tanquam
1178 1084 1232 1139 id
1255 1083 1403 1154 quod
1456 1086 1609 1154 prius
1639 1084 1916 1137 occultum
1948 1098 2041 1139 es—

2147 532 2283 587 Θεοῦ
2329 534 2423 587 τὸν
2468 535 2813 604 ἀναφανέντα
2836 534 3058 604 σωτῆρα
3086 533 3180 586 τοῦ
3227 533 3395 589 πάλαι
3437 534 3568 589 λαοῦ
3603 538 3739 591 πᾶσι

2146 629 2260 691 τοῖς
2289 626 2498 681 ἔθνεσιν
2525 625 3098 697 ἀποκαλυφθήσεσθαι,
3115 626 3189 689 ὡς
3214 625 3278 680 ἂν
3303 625 3364 679 τὸ
3395 626 3525 698 πρὶν
3553 630 3741 683 ἐπικε-

2148 720 2486 791 κρυμμένον,
2530 722 2563 790 ή
2599 717 2849 789 παροῦσα
2885 718 3140 788 σημαίνει
3176 719 3502 789 προφητεία.
3536 720 3648 793 Τὴν
3681 721 3739 774 δὲ

2149 812 2452 883 σωτηρίαν,
2478 812 2546 882 ἦν
2594 828 2760 882 φησιν
2812 831 2831 862 ι
2863 810 3089 880 ὄψεσθαι
3138 810 3317 864 πάντα
3349 811 3417 864 τὰ
3449 812 3596 883 ἄκρα
3642 814 3741 882 τῆς

2147 903 2271 973 γῆς,
2303 921 2321 953 ι
2345 902 2439 956 καὶ
2467 902 2534 972 ἣν
2559 902 2827 975 ἀνώτερον
2857 902 3041 973 ἐδήλου
3074 901 3270 971 λέγων,
3291 903 3371 955 ὃτι
3390 912 3412 945 ι
3435 902 3740 974 Ἀκουστὴν

2150 996 2364 1064 ποιήσω
2387 993 2485 1065 τὴν
2512 994 2787 1065 σωτηρίαν
2820 1011 2936 1057 σου,
2971 1013 2991 1046 ι
3028 993 3136 1047 ίσοι
3172 997 3239 1065 τῇ
3282 994 3547 1065 Ἐϐραίων
3582 997 3737 1069 φωνῇ

2149 1079 2228 1155 τῷ
2249 1085 2341 1138 τοῦ
2375 1084 2549 1155 Ἰησοῦ
2572 1085 2798 1157 ὀνόματι
2823 1085 3343 1158 προσαγορεύεσθαι.

460 1186 588 1246 set,
655 1194 901 1251 praesens
932 1178 1215 1251 prophetia
1258 1176 1548 1248 significat.
1604 1166 1845 1264 Salutem
1884 1191 2015 1230 vero
2062 1191 2226 1244 quam
2261 1179 2394 1234 dicit
2446 1180 2706 1235 «visuros
2760 1194 2952 1234 omnes
2996 1188 3156 1235 terra:
3192 1180 3394 1241 fines,»
3463 1189 3518 1236 et
3574 1196 3735 1251 quam

456 1275 714 1347 superius
754 1275 1016 1331 indicavit
1059 1290 1186 1331 cum
1232 1273 1372 1328 dixit
1407 1287 1422 1325 :
1463 1290 1482 1322 ι
1517 1272 1773 1325 Auditam
1826 1271 2022 1324 faciam
2065 1272 2296 1329 salutem
2329 1283 2499 1342 tuam,
2530 1293 2552 1327 ι
2583 1276 2692 1332 cito
2722 1274 2867 1345 apud
2895 1273 3151 1330 llebrmos
3181 1276 3301 1346 ipso
3331 1274 3495 1333 Jesus
3516 1276 3740 1332 nomine

452 1371 742 1444 appellari.

1017 1484 1252 1544 CAPUT
1309 1485 1471 1541 XXV.

455 1602 538 1658 Ab
566 1602 767 1658 eodem.
802 1635 868 1647 ——
905 1602 1059 1670 Quod
1103 1619 1287 1655 rursus
1342 1600 1595 1655 Dominus
1630 1638 1645 1659 ,
1672 1599 1845 1666 ipsum
1886 1596 2042 1665 plane

537 1674 636 1729 Dei
672 1673 917 1738 Verbum,
946 1684 1188 1727 venturus
1216 1681 1265 1726 et
1294 1681 1467 1742 gentes
1504 1674 1918 1739 congregaturas
1949 1684 2041 1721 ca-

529 1753 759 1799 "eretur.

2652 1482 3051 1535 ΚΕΦΛΛΛΙΟΝ
3092 1483 3219 1537 KE'.

2154 1592 2305 1651 Ἆπὸ
2332 1594 2438 1649 τοῦ
2468 1595 2675 1649 αὐτοῦ.
2708 1595 2886 1663 -Ὠς
2912 1591 3085 1663 αὖθις
3108 1597 3344 1666 Κύριος,
3370 1603 3404 1654 ὁ
3430 1602 3537 1655 τοῦ
3581 1605 3730 1661 Θεοῦ

2221 1667 2811 1797 ἓξγτξϊαίρχόριενος,
2842 1666 2957 1719 »καὶ
2998 1665 3073 1720 τὰ
3122 1668 3269 1737 ἔθνη
3317 1671 3604 1736 συνάξειν
3638 1680 3731 1731 ac-

533 1857 552 1889 ι
576 1835 719 1891 Ecce
742 1835 1007 1890 Dominus
1035 1845 1094 1889 ut
1127 1834 1268 1904 ignis
1283 1834 1483 1897 veniet,
1518 1840 1573 1889 et
1590 1832 1735 1889 sicut
1753 1837 2044 1899 tempestas

2227 1846 2245 1878 ι
2271 1825 2399 1881 Ἰδοὺ
2432 1826 2637 1898 Κύριος
2683 1826 2759 1891 ὡς
2797 1826 2909 1898 πῦρ
2951 1826 3093 1899 ἥξει,
3123 1829 3217 1882 καὶ
3263 1828 3341 1894 ὡς
3382 1834 3633 1901 καταιγὶς
3662 1834 3733 1891 τὰ

452 1943 660 1985 currus
674 1929 793 1997 ejus
818 1928 885 1991 ’⁸,
914 1946 933 1978 ι
954 1934 1008 1981 et
1024 1942 1144 1997 qua:
1169 1935 1494 1995 sequuntur.
1525 1943 1545 1976 ι
1579 1923 1723 1977 Dixit
1749 1921 2039 1976 Dominus:

462 2020 529 2073 Et
557 2033 661 2089 ego
688 2033 853 2087 opera
886 2033 1078 2072 eorum
1126 2023 1181 2071 et
1219 2015 1607 2086 cogitationem
1667 2026 1857 2067 eorum
1905 2012 2041 2077 scio,

449 2122 509 2169 et
543 2129 644 2184 ego
676 2112 834 2166 venio
878 2124 1213 2180 congregare
1256 2122 1449 2162 omnes
1499 2114 1691 2177 gentes
1721 2112 1777 2158 et
1805 2102 2042 2173 linguas,

450 2214 509 2260 et
534 2203 751 2258 venient
776 2209 833 2257 et
862 2201 1126 2256 videbunt
1148 2198 1379 2269 gloriam
1414 2212 1590 2250 meam
1612 2235 1629 2259 ,
1655 2202 1711 2250 et
1738 2195 2043 2265 relinquam

448 2297 536 2352 eis
557 2296 798 2367 signum,
829 2301 885 2347 et
913 2293 1157 2348 emittam
1177 2307 1245 2346 ex
1273 2290 1357 2345 eis
1379 2288 1474 2359 qui
1509 2288 1705 2343 salvati
1739 2285 1945 2341 fuerint
1976 2285 2043 2339 ad

445 2395 666 2459 gentes,
698 2384 863 2457 306
900 2385 955 2439 in
990 2383 1241 2447 Tharsis,
1266 2389 1323 2437 et
1371 2377 1552 2443 Phud,
1588 2387 1645 2434 et
1673 2377 1814 2440 Lud,
1844 2383 1907 2438 et
1929 2375 2042 2430 Mo-

451 2477 610 2540 soch,
641 2484 696 2531 et
723 2473 953 2537 Thobel,
1008 2482 1064 2530 et
1108 2474 1164 2527 in
1197 2470 1488 2535 Graeciam,
1528 2476 1583 2525 et
1615 2467 1683 2521 ad
1714 2467 1924 2522 insulas
1955 2482 2041 2520 re-

450 2576 657 2630 motas,
690 2565 756 2619 ad
794 2580 894 2619 eos
941 2564 1037 2634 qui
1081 2577 1192 2618 non
1236 2559 1537 2616 audierunt
1572 2573 1791 2637 nomen
1841 2571 2041 2617 meum,

451 2672 633 2726 neque
662 2655 916 2710 viderunt
948 2669 1124 2709 meam
1172 2653 1430 2725 gloriam,
1461 2657 1518 2705 et
1551 2648 1898 2704 nuntiabunt
1924 2660 2043 2700 mea

450 2763 620 2819 opera
678 2747 732 2801 in
797 2746 1189 2818 gentibus“.i
1247 2743 1577 2798 Planissime
1640 2743 1807 2797 etiam
1848 2741 1903 2795 in
1958 2740 2043 2794 his

453 2839 674 2897 Domini
733 2840 1006 2894 adventus
1034 2838 1106 2892 ad
1152 2836 1404 2892 homines
1452 2834 1766 2901 indicatur;
1811 2842 1868 2887 et
1906 2847 2047 2902 quo-

452 2934 602 2989 niam
635 2933 725 2987 hic
751 2932 958 2986 dictum
984 2937 1090 2994 est,
1113 2928 1268 2983 illum
1290 2934 1352 2982 ut
1372 2928 1551 2999 ignem
1590 2934 1909 2989 venturum,
1931 2939 2045 2979 me-

450 3024 562 3078 rito
592 3023 846 3077 Salvator
900 3027 1090 3075 noster
1120 3018 1199 3072 ait
1232 3034 1244 3068 :
1286 3036 1307 3070 ‹
1331 3019 1519 3088 Ignem
1570 3017 1696 3072 veni
1741 3017 1959 3071 mittere
1985 3014 2044 3067 in

454 3123 683 3177 terram,
714 3119 769 3166 et
793 3110 925 3181 quid
956 3110 1080 3166 volo
1109 3111 1157 3164 si
1178 3108 1291 3179 jam
1321 3121 1590 3163 accensus
1626 3114 1713 3163 est
1737 3106 1817 3160 ὀἳ
1850 3125 1869 3158 ι
1905 3105 2043 3160 Cur-

2140 1914 2366 1990 ἆρματα
2402 1920 2601 1973 αὑτοῦ·
2642 1939 2660 1971 ι
2699 1919 2794 1973 καὶ
2841 1919 3006 1989 ἐξῆςο
3067 1941 3086 1972 ι
3117 1917 3252 1975 Εῐπε
3296 1924 3529 1996 Κύριος·
3565 1925 3734 1997 Κάγὼ

2142 2011 2211 2063 τά
2239 2010 2377 2083 ἔργα
2409 2010 2590 2064 αὐτῶν
2644 2012 2735 2065 καὶ
2771 2009 2863 2064 τὸν
2911 2010 3168 2085 λογισμὸν
3196 2015 3379 2069 αὐτῶν
3409 2016 3731 2089 ἐπίσταμαι,

2143 2103 2240 2156 καὶ
2263 2102 2493 2175 ἔρχομαι
2520 2106 2842 2171 συναγαγεῖν
2866 2104 3044 2158 πάντα
3066 2104 3136 2158 τὰ
3157 2104 3285 2176 ἔθνη
3317 2107 3411 2160 καὶ
3437 2108 3537 2172 τὰς
3560 2109 3734 2178 73tth-

2145 2211 2263 2258 σας,
2306 2194 2401 2248 καὶ
2436 2193 2647 2264 ἥξουσι,
2690 2195 2785 2247 καὶ
2830 2195 3054 2265 ὄψονται
3105 2197 3203 2268 τὴν
3253 2197 3415 2264 δόξαν
3465 2218 3590 2268 μου.
3626 2202 3730 2254 Καὶ

2144 2285 2453 2355 καταλείψω
2508 2287 2593 2339 ἐπ’
2625 2285 2806 2339 αὐτῶν
2861 2289 3106 2358 σημεῖον,
3145 2289 3239 2341 καὶ
3279 2288 3627 2355 ἐξαποστελῶ
3674 2293 3733 2357 ἐξ

2142 2377 2322 2431 αὐτῶν
2369 2377 2744 2448 σεσωσμένους
2791 2381 2872 2443 εἰς
2919 2378 2987 2432 τά
3031 2378 3180 2449 ἔθνη,
3216 2380 3297 2444 είς
3343 2381 3586 2453 Θαρσὴς.
3638 2386 3734 2437 καὶ

2140 2469 2298 2533 Φοὺδ,
2333 2470 2427 2523 καὶ
2456 2470 2616 2531 Λοὺδ,
2646 2471 2741 2524 καὶ
2779 2471 2987 2542 Μοσὺχ.
3013 2470 3109 2524 καὶ
3133 2471 3320 2536 Θοόὲλ,
3361 2474 3442 2537 εἰς
3476 2474 3574 2544 τὴν
3612 2474 3728 2526 Ἐλ-

2142 2561 2301 2625 lida,
2333 2561 2425 2615 καὶ
2453 2563 2536 2625 είς
2569 2562 2669 2623 τὰς
2694 2564 2891 2634 νήσους
2924 2562 3021 2626 τὰς
3048 2564 3259 2634 πόρρω,
3287 2564 3337 2616 οἳ
3364 2565 3464 2617 οὐκ
3494 2566 3734 2636 ήκουσάν

2147 2669 2250 2723 μου
2282 2653 2344 2705 τὸ
2381 2653 2572 2723 ὄνομα,
2603 2652 2718 2706 οὗθ’
2753 2654 3029 2725 ἑωράκασι
3063 2672 3164 2725 μου
3189 2655 3289 2726 τὴν
3313 2655 3490 2720 δόξαν,
3523 2658 3617 2710 καὶ
3641 2658 3734 2711 εὐ·-

2142 2742 2437 2812 αγγελοῦσί
2474 2761 2576 2814 μου
2617 2744 2689 2797 τὰ
2730 2744 2870 2815 ἔργα
2919 2747 2978 2799 ἐν
3012 2748 3124 2809 τοῖς
3154 2744 3379 2801 ἔθνεσιν.
3407 2746 3729 2820 »Ἀντικρυς

2145 2837 2239 2890 καὶ
2266 2838 2324 2888 ὲν
2354 2836 2562 2900 τούτοις
2597 2838 2631 2907 ή
2657 2835 2750 2889 τοῦ
2774 2836 2973 2908 Κυρίου
3000 2839 3080 2902 είς
3110 2836 3427 2910 ἀνθρώπους
3456 2837 3727 2909 παρουσία

2138 2927 2417 3001 δηλοῦται.
2452 2928 2568 2982 Καὶ
2598 2928 2899 3000 ἐπειδήπερ
2929 2927 3168 3001 εἴρηται,
3196 2928 3274 2992 ὡς
3303 2929 3413 3001 πῦρ
3444 2928 3614 3000 ἥξειν,
3645 2932 3726 2983 εί·-

2144 3020 2321 3084 κότως
2350 3021 2514 3092 φησὶν
2543 3022 2574 3072 ὁ
2601 3019 2792 3092 Σωτὴρ
2825 3020 2981 3091 ἡμῶν
3001 3036 3015 3051 ο
3050 3040 3069 3073 ι
3098 3020 3219 3093 Πῦρ
3240 3017 3405 3093 ἦλθον
3434 3021 3610 3093 βαλεῖν
3633 3023 3730 3076 ἐπὶ

2142 3111 2243 3184 τήν
2278 3112 2402 3182 γῆν,
2434 3113 2528 3165 καὶ
2559 3111 2611 3164 τί
2658 3110 2799 3166 θέλω
2828 3114 2875 3165 εί
2900 3112 2999 3183 ήδη
3046 3112 3299 3184 ἀνήφθης
3334 3132 3354 3166 ι
3381 3114 3639 3186 Ἀρματα
3670 3114 3733 3170 δὲ

457 3219 556 3258 rus
584 3176 716 3257 vero
758 3176 901 3270 ejus,
933 3176 1201 3270 stipantes
1253 3197 1435 3269 ipsum
1490 3196 1705 3253 divinas
1744 3202 2042 3267 potestates

2144 3176 2309 3256 αῦτοῦ
2339 3176 2458 3265 lca;
2503 3176 2932 3274 δορυφοροῦσαςί
2955 3176 3118 3257 αὐτὸν
3137 3176 3300 3267 ’όείοὶξ
3326 3176 3602 3276 δυνάμεις,
3636 3207 3735 3260 καὶ

456 3295 931 3365 inservientesque
991 3292 1099 3364 ipsi
1150 3300 1374 3346 sanctos
1428 3288 1655 3359 angelos
1687 3327 1704 3352 ,
1756 3284 2044 3343 commode

450 3387 683 3452 dixeris,
734 3386 803 3441 de
827 3385 1029 3457 quibus
1061 3383 1196 3438 illud
1226 3384 1437 3439 dictum
1481 3391 1605 3438 est:
1650 3398 1671 3433 ι
1703 3379 1771 3434 Ει
1801 3393 2045 3435 accesse-

454 3486 586 3534 runt
634 3479 810 3550 angeli
857 3486 914 3532 et
965 3475 1357 3533 ministrabant
1387 3475 1440 3531 ei
1469 3475 1539 3542 ³¹,
1572 3494 1591 3526 ι
1632 3481 1857 3529 sanctos
1912 3472 2040 3526 item

448 3571 701 3638 ejusdem
734 3570 1013 3641 apostolos
1047 3582 1113 3622 ac
1147 3567 1472 3638 discipulos,
1505 3566 1707 3637 quibus
1759 3564 2043 3619 invectum

452 3661 641 3718 divina
661 3668 826 3731 atque
855 3658 1116 3715 invisibili
1148 3658 1352 3713 virtute
1385 3657 1482 3713 Dei
1528 3655 1794 3721 Verbum,
1818 3668 2038 3710 omnem

450 3755 753 3826 permeavit
776 3761 1049 3808 terrarum
1082 3751 1292 3806 orbem.
1326 3750 1513 3806 Potest
1544 3750 1706 3805 etiam
1739 3749 1900 3802 aliter
1932 3747 2043 3801 dici

451 3847 524 3901 ad
544 3847 770 3900 verbum
797 3862 812 3900 :
840 3843 1022 3914 Ignem
1050 3849 1106 3897 et
1141 3859 1341 3898 currus
1371 3857 1477 3896 una
1507 3857 1633 3896 cum
1651 3841 1773 3911 ejus
1805 3840 2044 3895 adventu

451 3938 789 4001 denuntiari,
838 3944 1060 4008 propter
1095 3951 1252 4001 eam,
1286 3952 1410 4005 qua:
1463 3933 1766 3990 Jerusalem
1818 3946 2046 4003 oppres-

450 4033 551 4095 sit,
579 4030 922 4088 obsidionem
953 4036 1077 4099 post
1128 4026 1432 4083 Salvatoris
1486 4027 1662 4082 nostri
1706 4025 2039 4081 adventum:

455 4131 583 4195 post
615 4137 779 4193 quem
824 4121 971 4176 haud
1025 4121 1222 4184 multo,
1286 4119 1547 4189 templum
1597 4116 1818 4188 quidem
1865 4118 2044 4187 ipsum

455 4215 585 4286 igne
626 4215 913 4269 incensum
956 4219 1065 4276 est,
1089 4218 1146 4266 et
1173 4217 1478 4266 extremam
1524 4209 1749 4279 pertulit
1778 4208 2046 4264 vastatio—

456 4320 607 4361 nem.
648 4302 794 4359 Urbs
828 4318 957 4358 vero
982 4302 1323 4358 circumdata
1383 4310 1469 4356 est
1508 4299 1766 4355 curribus
1804 4307 1859 4354 et
1886 4314 2047 4354 exer-

454 4394 660 4451 citibus
681 4393 925 4460 bellicis;
958 4400 1085 4465 post
1117 4406 1286 4463 quem
1320 4405 1513 4445 casum
1534 4389 1698 4444 etiam
1720 4404 1785 4444 ea
1820 4402 1944 4458 quae
1976 4386 2045 4441 de

455 4485 944 4557 cunctisgentibus
984 4485 1245 4558 pradicta
1294 4483 1527 4548 fuerant,
1578 4481 1708 4537 huic
1746 4479 2043 4551 prophetia:
2075 4520 2119 4574 Β

456 4586 893 4634 consentaneum
925 4578 1086 4633 linem
1139 4576 1334 4631 sortita
1395 4582 1545 4630 sunt.
1592 4573 1885 4634 Caeterum,
1918 4571 2043 4641 quis

458 4685 572 4728 non
603 4669 904 4726 admiretur
951 4668 1183 4724 audiens
1238 4665 1530 4723 Dominum
1592 4682 1689 4737 per
1720 4664 2042 4738 prophetam

457 4761 769 4819 dicentem:
807 4782 827 4815 ι
867 4761 1039 4818 Venio
1068 4775 1607 4833 congregareomnes
1638 4767 1828 4831 gentes
1850 4766 1904 4815 et
1936 4759 2041 4812 lin-

455 4871 618 4926 guas,
652 4875 673 4908 ι
706 4870 830 4911 cum
856 4855 1035 4911 videat
1079 4855 1137 4910 in
1168 4856 1316 4911 omni
1352 4894 1367 4918 ,
1400 4868 1741 4925 quaecunque
1766 4852 1837 4907 ab
1866 4851 2044 4905 homi-

458 4946 626 5003 nibus
655 4947 934 5003 habitatur
956 4988 973 5015 ,
1013 4954 1182 5013 terra,
1214 4963 1313 5019 per
1351 4945 1650 5001 Salvatoris
1708 4944 1882 5000 nostri
1911 4942 2043 4998 Iesu

458 5037 668 5096 Christi
685 5040 976 5097 adventum
999 5056 1065 5096 ac
1080 5042 1445 5107 vocationem,
1470 5046 1774 5095 conventus
1800 5038 2045 5108 gentium

462 5131 523 5184 in
544 5130 753 5186 Christi
806 5134 1030 5189 nomine
1077 5133 1369 5197 celebrari,
1421 5132 1748 5203 linguasque
1795 5128 2044 5184 omnium

461 5222 747 5278 natiortum
770 5226 920 5280 omni
952 5241 1154 5296 genere
1216 5223 1491 5281 sermonis
1552 5237 1723 5277 unum
1768 5219 1940 5274 Deum
1979 5234 2045 5273 ac

464 5309 756 5369 Dominum
804 5316 1165 5373 invocantes?
1212 5314 1454 5386 Denique
1504 5320 1630 5385 post
1686 5312 1871 5366 omnia
1932 5306 2047 5364 haec

460 5403 590 5472 quis
620 5405 918 5475 inspiciens
940 5422 1153 5471 omnes,
1185 5407 1502 5478 quicunque
1540 5405 1596 5459 in
1637 5403 1844 5459 Christi
1887 5400 2045 5457 fidem

466 5501 754 5561 vmerunt,
785 5496 1014 5550 salutari
1055 5497 1212 5566 signo
1246 5511 1347 5567 pro
1390 5495 1579 5549 annuli
1620 5499 1749 5549 nota
1806 5500 2046 5558 utentes,

462 5600 577 5640 non
614 5586 811 5641 merito
837 5588 1212 5659 Obstupescat,
1244 5588 1292 5643 si
1327 5586 1515 5643 audiat
1533 5593 1688 5640 tanto
1724 5592 1852 5640 ante
1869 5584 2045 5654 ipsum

2141 3295 2269 3357 τοὺς
2298 3293 2834 3365 ἐξυπηρετουμένους
2866 3291 3014 3365 αὑτῷ
3044 3293 3225 3367 ἱεροὺς
3244 3295 3530 3361 ἀγγέλους,
3560 3294 3734 3359 εἴποις

2141 3386 2230 3453 ἂν,
2264 3387 2395 3459 περὶ
2428 3381 2505 3440 ὧν
2537 3387 2753 3457 εἴρηται
2778 3402 2790 3414 ·
2827 3404 2848 3436 ι
2880 3386 2992 3440 Καὶ
3023 3386 3330 3459 προσῆλθον
3361 3387 3602 3456 ἄγγελοι,
3639 3388 3733 3441 καὶ

2141 3476 2423 3547 διηκόνουν
2464 3476 2643 3547 αὐτῷ’
2684 3476 2781 3528 καὶ
2822 3477 2948 3539 τοὺς
2990 3477 3169 3548 ἱεροὺς
3192 3477 3530 3542 ἀποστόλους
3560 3477 3728 3532 αὑτοῦ

2143 3569 2238 3622 καὶ
2267 3567 2538 3640 μαθητὰς,
2572 3561 2654 3629 οἷς
2685 3567 3049 3639 ἐποχούμενος
3077 3568 3247 3640 ὲνθέῳ
3277 3571 3370 3625 καὶ
3396 3571 3613 3642 ἀοράτῳ
3640 3571 3733 3624 δυ-

2112 3660 2305 3730 Δνάμει
2329 3662 2357 3712 ὁ
2383 3659 2477 3713 τοῦ
2510 3658 2645 3712 Θεοῦ
2674 3659 2871 3727 Λόγος,
2899 3659 2998 3731 τὴν
3030 3662 3212 3715 πᾶσαν
3239 3660 3527 3734 διέδραμεν
3554 3666 3733 3717 οἰκου-

2147 3753 2337 3824 μένην.
2374 3752 2600 3821 Λέγοιτο
2623 3752 2671 3805 δ’
2694 3751 2759 3805 ἂν
2789 3753 2884 3805 καὶ
2914 3752 3087 3818 ἄλλως
3122 3754 3257 3825 πρὸς
3282 3754 3428 3821 λέξιν
3447 3772 3460 3782 ·
3492 3755 3611 3827 Πῦρ
3640 3757 3735 3813 καὶ

2147 3842 2370 3913 ἅρματα
2406 3840 2869 3911 καταγγέλλεσθαι
2898 3843 2995 3896 σὺν
3037 3845 3105 3916 τῇ
3147 3842 3312 3897 αὐτοῦ
3342 3847 3620 3918 παρουσίᾳ
3646 3846 3736 3901 διὰ

2143 3934 2241 4006 τὴν
2270 3932 2679 3989 καταλαϐοῦσαν
2711 3933 3028 4005 πολιορκίαν
3059 3935 3159 4009 τὴν
3203 3936 3559 4009 Ἰερουσαλὴμ
3594 3939 3735 4008 μετὰ

2145 4026 2244 4091 τὴν
2275 4028 2333 4091 ἐς
2361 4029 2510 4098 ἡμᾶς
2548 4025 2750 4096 ἄφιξιν,
2785 4027 2905 4098 μεθ’
2934 4028 3001 4099 ἢν
3036 4029 3139 4084 οὐκ
3178 4030 3259 4094 εἰς
3304 4029 3523 4102 μακρὰν
3563 4033 3589 4083 ὁ
3628 4030 3729 4099 μὲν

2143 4117 2279 4183 νεὼς
2306 4120 2471 4184 αὐτὸς
2494 4121 2874 4191 ὲπυρπολείτο,
2912 4120 3006 4173 καὶ
3037 4120 3136 4193 τὴν
3176 4121 3412 4193 ἐσχάτην
3442 4121 3729 4191 ὑπέμεινεν

2144 4210 2402 4281 ἐρημίειινν
2420 4214 2453 4282 ἡ
2478 4211 2536 4265 δὲ
2561 4211 2713 4276 πόλις
2736 4209 3019 4281 ὲκυκλώθη
3043 4211 3150 4265 ὑπὸ
3170 4212 3431 4285 ἁρμάτων
3452 4215 3732 4282 xulem.

2145 4303 2382 4357 τοπέδων
2414 4303 2744 4376 πολεμικῶν,
2767 4302 2939 4375 μεθ’ἃ.
2960 4305 3054 4357 καί
3083 4305 3210 4376 περὶ
3232 4304 3340 4358 τῶν
3365 4305 3532 4360 ἐθνῶν
3553 4306 3703 4359 ἁπαν
3719 4334 3737 4343 -

2145 4414 2254 4451 των
2297 4398 2715 4470 προηγγελμὲνα
2746 4397 3053 4470 συμφώνως
3098 4399 3166 4468 τῇ
3211 4398 3514 4470 προφητείᾳ
3545 4398 3731 4463 τέλους,

2146 4488 2325 4559 ἔτυχε.
2355 4490 2453 4553 Τίς
2485 4489 2531 4543 δ’
2563 4491 2665 4544 οὑκ
2698 4491 2763 4545 ἂν
2798 4489 3131 4561 θαυμάσειεν
3158 4489 3373 4544 ἀκούων
3396 4489 3491 4543 τοῦ
3525 4489 3731 4561 Rupit.)

2147 4578 2237 4632 διὰ
2279 4577 2374 4631 τοῦ
2426 4582 2705 4651 προφήτου
2737 4578 3018 4648 λέγοντοςο
3055 4580 3365 4652 «Ἔρχομαι
3407 4583 3732 4649 συναγαγεῖν

2150 4670 2328 4724 πάντα
2359 4668 2429 4722 τά
2472 4668 2602 4741 ἔθνη
2636 4669 2854 4735 καὶτὰς
2884 4669 3158 4739 γλώσσας,
3193 4689 3214 4723 ι
3264 4669 3409 4741 ὁρῶν
3456 4669 3575 4723 καθ’
3603 4670 3732 4741 ὅλης

2150 4763 2248 4832 τῆς
2289 4761 2397 4815 τῶν
2442 4761 2741 4831 ἀνθρώπων
2781 4762 2884 4832 γῆς
2929 4761 3016 4815 διὰ
3040 4761 3139 4831 τῆς
3167 4759 3261 4815 τοῦ
3291 4759 3733 4831 Σωτῆροςήμῶν

2161 4854 2337 4927 Ἰησοῦ
2381 4854 2476 4909 τοῦ
2508 4856 2745 4927 Χριστοῦ
2779 4855 3079 4926 παρουσίας
3109 4871 3168 4906 τε
3218 4852 3314 4906 καὶ
3358 4851 3604 4923 κλήσεως
3634 4851 3733 4915 τὰς

2143 4942 2252 4995 τῶν
2274 4941 2443 4996 ἐθνῶν
2468 4944 2790 5013 συναγωγὰς
2811 4944 2894 4996 ἐπ’
2922 4943 3185 5013 ὀνόματος
3206 4942 3300 4995 τοῦ
3327 4941 3564 5014 Χριστοῦ
3599 4958 3732 5010 συγ-

2144 5032 2550 5103 κροτουμένας;
2586 5034 2685 5095 τὰς
2726 5052 2783 5087 τε
2826 5034 3078 5102 γλώσσας
3115 5032 3368 5087 ἁπάντων
3413 5031 3522 5087 τῶν
3560 5032 3748 5086 ἐθνῶν.

2143 5125 2201 5177 ἐν
2241 5123 2521 5187 παντοίαις
2548 5124 2849 5188 διαλέκτοις
2877 5125 3179 5196 ἀνθρώπων
3206 5125 3299 5177 τὸν
3329 5123 3425 5177 ἕνα
3452 5122 3604 5187 Θεὸν,
3636 5123 3729 5175 καὶ

2144 5214 2348 5287 Κύριον
2370 5214 2841 5286 ἐπικαλουμέναςς
2874 5218 2968 5269 δια)⁵
3000 5216 3093 5269 ἐπὶ
3127 5218 3261 5270 πᾶσι
3291 5215 3349 5269 δὲ
3382 5214 3613 5278 τούτοις,
3644 5213 3729 5275 τίς

2141 5305 2416 5379 θεώμενος
2460 5304 2540 5377 τῷ
2583 5305 2916 5379 σωτηριώδει
2965 5305 3177 5379 σημείῳ
3220 5306 3430 5371 πάντας
3480 5304 3606 5368 τοὺς
3650 5306 3732 5368 εἰς

2141 5399 2375 5469 Χριστὸν
2406 5401 2838 5466 πεπιστευκότας
2874 5402 3128 5474 σφραγῖδι
3155 5400 3492 5474 χρωμένους,
3519 5398 3618 5451 οὐκ
3665 5396 3732 5449 ἂν

2142 5491 2379 5561 εὐλόγως
2413 5492 2786 5566 καταπλαγείη
2833 5496 3046 5553 ἀκούων
3087 5495 3362 5567 πρόπαλαι
3400 5491 3492 5546 τοῦ
3524 5490 3731 5564 Κυρίου

2142 5583 2427 5655 εἰρηκότος
2444 5602 2457 5615 ·
2507 5604 2526 5636 ι
2561 5586 2671 5639 Καὶ
2702 5585 2894 5658 ἥξουσι
2922 5591 3017 5644 καί
3044 5588 3265 5658 ὄψονται
3293 5587 3393 5659 τὴν
3415 5586 3572 5653 δόξαν
3601 5596 3729 5658 μευ,

534 5737 712 5792 “lsa.
746 5754 890 5804 uvn,
929 5739 1010 5793 15.
1087 5743 1132 5772 ¹⁹
1164 5739 1295 5795 ibid.
1332 5740 1418 5807 i8,
1446 5739 1534 5798 l9.
1613 5740 1658 5772 ³ο
1692 5737 1829 5794 Luc.
1862 5753 1962 5805 xu,
1999 5736 2089 5794 49.
2169 5737 2214 5770 ³⁸
2266 5736 2456 5793 Matth.
2504 5738 2688 5805 Iv,-ll.
