4110 6474
361 394 474 450 483

1236 381 1898 444 DEMONSTRATIONIS
1933 384 2395 442 EVANGELICAS
2434 384 2564 443 LIB.
2608 383 2721 442 VII.

3526 388 3637 447 486

365 508 465 564 καὶ
509 510 824 583 καταλείψω
862 509 951 564 ἐπ’
977 508 1157 564 αὐτῶν
1195 510 1458 581 σημεῖον;
1489 527 1508 561 ι
1542 508 1630 562 Ἐν
1662 509 1820 580 μέρει
1854 508 1951 580 μὲν

2055 507 2345 563 Dominum
2371 507 2579 564 dixisse
2612 524 2626 559 :
2666 527 2685 560 ι
2709 506 2775 560 Et
2801 505 3020 563 venient
3045 514 3099 562 et
3119 505 3373 562 videbunt
3405 506 3635 579 gloriam

361 594 464 657 οὖν
494 602 745 656 ἐντεῦθεν
791 601 890 674 ἤδη
939 600 1080 655 κατὰ
1120 601 1220 673 τὴν
1271 601 1544 674 προτέραν
1574 599 1670 653 τοῦ
1704 600 1954 672 Σωτῆρος

366 692 530 766 ἡμῶν
577 698 658 760 είς
690 694 1009 769 ἀνθρώπους
1056 693 1377 764 ἐπιφάνειαν
1429 693 1611 756 αὐτοῖς
1655 691 1957 763 ὀφθαλμοῖς

367 785 592 859 ὁρῶμεν
620 786 727 841 τῶν
755 786 913 841 θείων
934 786 1198 859 χρησμῶν
1218 785 1289 839 τὰ
1310 786 1727 857 ἀποτελέσματα
1745 805 1758 816 ·
1782 786 1957 856 γένοι-

368 893 435 930 το
480 878 524 930 δ’
553 878 619 932 ἂν
667 878 854 949 ἐντελῆ
887 878 1060 933 ταῦτα
1093 879 1189 933 καὶ
1240 877 1382 932 κατὰ
1414 876 1513 949 τὴν
1553 877 1810 949 δευτέραν
1857 879 1956 931 καὶ

370 970 584 1037 ἔνδοξον
616 969 779 1024 αὐτοῦ
815 971 1138 1041 παρουσίαν,
1165 972 1254 1023 ὅτε
1280 971 1457 1024 πάντα
1484 969 1551 1023 τὰ
1578 968 1704 1043 ἔθνη
1735 970 1956 1040 ὄψονται

372 1063 476 1134 τὴν
502 1063 655 1128 δόξαν
684 1062 871 1128 αὐτοῦ,
899 1063 1194 1135 ὲρχὸμενόν
1219 1080 1279 1115 τε
1309 1063 1470 1116 αὐτὸν
1503 1062 1562 1127 ἐξ
1585 1061 1826 1135 οὐρανῶν
1860 1079 1958 1132 με·

372 1156 447 1211 τὰ
481 1156 759 1226 δυνάμεως
791 1155 886 1210 καὶ
925 1154 1083 1226 δόξης
1135 1154 1655 1226 πολλῆς.’Λναχθείη
1702 1155 1746 1207 δ’
1780 1153 1844 1207 ἂν
1875 1155 1956 1217 είς

371 1246 552 1300 ἐκεῖνο
582 1244 777 1318 καιροῦ
812 1247 907 1300 καὶ
938 1244 1011 1299 τὰ
1034 1244 1195 1298 λοιπὰ
1228 1245 1334 1298 τῶν
1363 1247 1421 1299 ὲν
1444 1248 1510 1317 τῇ
1536 1246 1835 1317 προρρήσει
1863 1243 1957 1315 δη-

373 1336 672 1409 λουμένων,
703 1337 989 1410 ὠσπεροῦν
1038 1339 1376 1410 συστήσομεν
1419 1336 1561 1391 κατὰ
1612 1336 1711 1407 τὴν
1750 1336 1955 1390 οἰκείαν

372 1426 653 1486 ὑπόθεσιν.
687 1431 972 1485 Τοσούτων
1019 1432 1151 1502 ἡμῖν
1193 1430 1287 1484 ἐπὶ
1334 1429 1430 1483 τοῦ
1482 1430 1748 1501 παρόντος
1782 1446 1957 1483 συνει-

371 1519 655 1594 λεγμένων
718 1524 849 1595 περὶ
901 1522 1001 1595 τῆς
1047 1525 1131 1586 είς
1175 1521 1494 1595 ἀνθρώπους
1559 1522 1955 1594 θεσπιζομένης

278 1636 281 1638 ν
365 1613 596 1669 ἔσεσθαι
641 1613 941 1685 παρουσίας
992 1612 1151 1679 Θεοῦ,
1198 1612 1326 1683 ἑξῆς
1380 1613 1446 1667 ἂν
1495 1614 1578 1685 εῐη
1625 1612 1954 1681 ἐπισυνάψαι

363 1704 560 1770 ὁποῖός
591 1722 675 1770 τις
713 1707 743 1759 ὁ
773 1706 972 1776 τρόπος
1008 1705 1107 1776 τῆς
1137 1704 1409 1776 προτέρας
1441 1703 1606 1757 αὑτοῦ
1636 1706 1716 1767 είς
1745 1703 1836 1756 τὸν
1863 1705 1955 1756 ἀν-

365 1794 648 1869 θρώπινον
679 1797 792 1868 βίον
818 1797 1053 1869 παρόδου
1076 1794 1399 1867 γενήσεσθαι
1425 1798 1878 1867 προανεφωνείτο.

2058 614 2259 665 meam,
2299 604 2353 655 et
2404 600 2715 671 relinquam
2774 600 2831 654 in
2876 599 2959 655 eis
3018 599 3276 670 signum?
3301 618 3319 650 ι
3356 597 3473 654 Jan:
3508 599 3636 655 inde

2059 689 2226 759 igitur
2255 691 2449 746 saltem
2476 690 2532 745 in
2573 698 2752 762 parte,
2803 691 3110 746 secundum
3163 692 3401 761 priorem
3444 690 3637 746 Salva-

2057 784 2196 838 toris
2222 783 2400 839 nostri
2431 784 2499 838 ad
2530 785 2781 842 homines
2815 786 3132 850 adventum,
3166 785 3299 854 ipsis
3349 786 3523 839 oculis
3551 785 3636 839 in-

2058 883 2274 929 tuemur
2316 874 2627 930 divinorum
2681 878 3032 932 oraculorum
3087 885 3302 933 eventa.
3365 877 3635 931 Craterum

2057 969 2246 1025 eadem
2270 970 2386 1024 hac
2405 972 2619 1040 plenius
2661 973 3015 1027 absolventur
3049 973 3105 1026 in
3159 972 3401 1027 secundo
3447 979 3501 1026 et
3527 971 3641 1040 glo-

2055 1060 2204 1115 rioso
2219 1060 2466 1131 ejusdem
2496 1064 2752 1127 adventu,
2772 1063 2991 1133 quando
3034 1078 3227 1117 omnes
3260 1069 3450 1133 gentes
3496 1060 3642 1114 vide-

2054 1155 2193 1210 bunt
2247 1155 2480 1226 gloriam
2506 1155 2657 1224 ejus,
2703 1157 3123 1226 venientemque
3167 1156 3346 1227 ipsum
3377 1155 3445 1210 de
3495 1154 3637 1208 caalo

2055 1260 2181 1301 cum
2211 1246 2372 1317 307
2406 1255 2677 1318 potestate
2703 1258 2757 1303 et
2804 1249 2978 1318 gloria
3030 1250 3222 1302 multa.
3255 1246 3469 1303 Referri
3503 1260 3636 1300 vero

2056 1338 2125 1392 ad
2154 1339 2287 1394 illud
2311 1349 2526 1410 tempus
2560 1343 2721 1396 etiam
2750 1340 2960 1411 reliqua
2993 1347 3250 1410 poterunt
3277 1355 3397 1410 quae
3428 1339 3484 1392 in
3517 1338 3636 1408 ipso

2055 1429 2279 1483 oraculo
2305 1431 2568 1501 praedicta
2602 1442 2750 1497 sunt,
2783 1429 3246 1501 quemadmodum
3279 1427 3501 1499 quidem
3532 1440 3636 1482 nos

2053 1521 2277 1592 proprio
2303 1530 2467 1594 atque
2482 1523 2611 1578 huic
2637 1524 2713 1579 rei
2735 1524 2918 1579 dicato
2935 1536 3100 1593 opere
3118 1522 3389 1578 ostensuri
3422 1534 3635 1576 sumus.

2055 1615 2192 1670 Cum
2225 1616 2393 1687 igitur
2421 1617 2487 1673 ad
2519 1618 2665 1673 hunc
2687 1633 2863 1689 usque
2918 1620 3099 1674 locum
3154 1616 3273 1674 hzec
3310 1627 3419 1672 tam
3464 1617 3636 1671 multa

2055 1708 2459 1779 collegerimus,
2501 1711 2569 1767 de
2591 1726 2657 1767 eo
2683 1751 2698 1775 ,
2731 1710 2825 1781 qui
2867 1712 2996 1767 olim
3043 1710 3341 1767 cauebatur
3392 1708 3633 1771 futurus,

2057 1798 2153 1855 Dei
2184 1802 2251 1856 ad
2288 1802 2539 1858 homines
2576 1804 2834 1869 adventu,
2865 1805 3119 1875 sequitur
3146 1812 3206 1858 ut
3260 1803 3346 1858 his
3373 1800 3637 1870 adjnnga-

362 1909 500 1948 mrts
518 1894 770 1965 quisnam
792 1880 1048 1949 modusin
1067 1892 1259 1948 iisdem
1300 1894 1540 1949 oraculis
1588 1893 1974 1963 praediceretur
2009 1894 2228 1954 futurus
2284 1900 2486 1970 prioris
2525 1898 2771 1970 ejusdem
2821 1900 2891 1955 ad
2930 1900 3228 1955 humanam
3248 1898 3418 1953 vitam
3450 1907 3639 1951 act-es-

366 2002 493 2043 SllS.

1447 2339 2542 2512 ΕΥΣΕΒΙΟΥ

1558 2618 1787 2706 ΤΟΥ
1820 2614 2427 2707 ΠΑΜΦΙΛΟΥ

808 2810 1985 2947 ΕΥΑΓΓΕΛΙΚΗΣ
2066 2803 3161 2949 ΑΠΟΔΕΙΞΕΩΣ

1471 3052 1911 3142 ΒΙΒΛΙΟΝ
1957 3048 2520 3142 ΕΒΔΟΜΟΝ.

1096 3303 1855 3572 EUSEBII
1958 3409 2884 3567 PAMPHILI

676 3656 2182 3837 DEMONSTRATIONIS
2260 3705 3325 3838 EVANGELICE

1460 3959 1822 4050 LIBER
1897 3959 2529 4051 SEPTIMUS.

356 4218 441 4275 ΤΑ
452 4218 535 4270 ΔΕ
579 4221 902 4275 ΕΝΕΣΤῙΝ
947 4221 1050 4275 EN
1103 4221 1185 4292 Τῼ
1217 4221 1509 4292 EBAOMn
1547 4220 1936 4277 zrrrPAMi
1967 4228 2011 4285 Β
2052 4221 2158 4292 30

426 4294 613 4347 MATI
692 4294 833 4345 ΤΗΣ
884 4294 1069 4346 ΠΕΡΙ
1138 4293 1279 4344 ΤΟΥ
1349 4295 1687 4347 ΣΩΤΗΡΟΣ
1727 4295 1942 4349 ΗΜΩΝ

432 4363 971 4417 ΕΥΑΓΓΕΛΙΚΗΣ
998 4361 1483 4417 ΑΠΟΔΕΙΞΕΩΣ.

354 4458 438 4507 A’.
484 4455 579 4521 Τίς
604 4457 637 4507 ό
654 4455 875 4523 τρόπος
899 4452 1009 4522 τῆς
1033 4452 1141 4507 τοῦ
1166 4452 1316 4507 Θεοῦ
1336 4455 1424 4520 είς
1449 4453 1790 4523 ἀνθρώπους
1816 4453 1940 4507 ἐπι-

426 4523 662 4594 δημίας,
693 4525 761 4578 ἐκ
792 4522 911 4578 τῶν
938 4522 1857 4595 ὑποσεσημειωμένωνίιῖραφῶν.

430 4622 500 4669 α’.
553 4615 696 4669 Ἀπὸ
720 4614 826 4669 τοῦ
862 4616 1122 4671 Ἡσαΐου.

430 4686 495 4756 β’.
548 4685 692 4756 Ἀπὸ
723 4687 829 4739 τοῦ
860 4685 1066 4756 αὑτοῦ.

432 4755 499 4825 γ’,
555 4755 699 4810 Ἀπὸ
725 4756 832 4811 τοῦ
859 4755 1065 4810 αὐτοῦ.

354 4849 432 4903 B'.
476 4847 601 4937 ιζοῦ
636 4845 742 4919 τῆς
775 4851 808 4901 d
842 4848 1098 4917 Χριστὸς
1147 4845 1630 4919 γεννηθήσεσθαι
1679 4863 1935 4915 προείρη-

428 4938 460 4972 τ
461 4937 489 4972 ε
494 4934 648 4972 υετο.

429 5012 493 5065 δ’.
546 5009 690 5064 Ἀπὸ
716 5011 825 5065 τοῦ
850 5012 1094 5081 Μιχαία.

433 5088 495 5135 ε’.
546 5081 691 5135 Ἀπὸ
713 5081 822 5135 τοῦ
842 5082 1089 5154 ψαλμοῦ
1116 5082 1250 5153 ρλα⁹.

361 5175 434 5228 Γ.
490 5173 613 5243 Ἀφ’
636 5173 766 5227 οἵου
791 5173 1007 5243 γένους·
1036 5173 1508 5243 προελεύσεσθαι
1530 5168 1760 5249 ἐδρᾶτο.

433 5272 505 5336 gf.
561 5264 704 5336 Ἀπὸ
732 5262 841 5333 τῆς
864 5264 908 5334 β’
937 5261 1593 5336 τῶνῐῐαραλειπομένων.

432 5335 497 5406 ς.
553 5334 694 5406 Ἀπὸ
726 5334 975 5406 ψαλμοῦ
999 5335 1097 5389 οαό

554 5404 701 5498 ςΑπὸ
722 5405 830 5487 τοτξ
860 5404 1126 5495 ξΗσατου.

485 5517 501 5531 .
569 5477 695 5531 Απὸ
725 5493 833 5531 του
874 5477 1126 5531 [saeuior

485 5517 501 5531 .
559 5492 695 5531 Ἀπο
725 5493 833 5542 τοι)
870 5492 1161 5544 “ιερεμιου.

436 5544 488 5601 i’.
543 5549 690 5605 Ἀπὸ
716 5546 828 5617 τῆς
848 5544 1178 5613 Γενέσεως.

944 5658 1347 5713 ΠΡΟΟΙΜΙΟΝ.

433 5747 567 5801 Θεὸν
594 5750 674 5812 εἰς
698 5749 1016 5822 ἀνθρώπους
1040 5750 1346 5820 ἀῴίξεσθαι,
1378 5750 1472 5803 καὶ
1501 5750 1599 5803 σὺν
1626 5745 1937 5820 ἀνθρώποις

2269 4219 2444 4274 H/EC
2519 4215 2805 4274 INSUNT
2865 4215 2953 4270 IN
3011 4215 3338 4272 SEPTIMO
3393 4216 3615 4275 [ΑΒΠο

2127 4285 2632 4346 ΕῙῘΑΝΟΕΙΛΟΑΞ
2689 4286 2788 4339 DE
2842 4285 3277 4342 SALVATORE
3324 4288 3615 4345 NOSTRO

2128 4358 2570 4414 DEMONSTRA
2585 4355 2868 4412 TIONIS.

2039 4454 2079 4506 Ι.
2117 4457 2382 4517 Quisnam
2419 4455 2606 4503 modus
2634 4465 2877 4503 accessus
2906 4447 3001 4503 Dei
3018 4449 3087 4504 ad
3115 4448 3372 4516 homines,
3396 4464 3463 4504 ea:
3486 4423 3613 4504 sub-

2109 4523 2308 4577 notatis
2334 4519 2621 4590 Scriptum
2645 4519 2794 4573 locis.

2112 4614 2162 4668 1.
2198 4615 2279 4667 Ab
2308 4612 2476 4667 Isaia.

2107 4684 2143 4736 2
2186 4685 2266 4736 Ab
2289 4683 2491 4736 eodem.

2111 4754 2165 4808 5.
2189 4753 2266 4806 Ab
2283 4753 2486 4807 eodem.

2040 4843 2103 4897 ll.
2145 4840 2260 4914 Ubi
2291 4851 2554 4896 terrarum
2611 4842 2856 4900 Christus
2910 4846 3143 4900 oriturus
3186 4845 3557 4914 praediceretur
3585 4864 3621 4903 α

2107 4912 2395 4982 prophetis.

2111 5005 2164 5058 ιι.
2196 5005 2239 5057 Α
2270 5002 2518 5058 Hicluea.

2111 5074 2163 5129 5.
2195 5078 2239 5128 Α
2264 5077 2469 5146 psalmo
2500 5092 2691 5132 cxx“.

2040 5164 2126 5220 IlI.
2157 5167 2235 5221 De
2257 5184 2359 5238 quo
2393 5185 2576 5247 genere
2598 5185 2969 5240 progressurus
2998 5178 3296 5223 caneretur.

2116 5261 2171 5331 6.
2207 5259 2280 5314 De
2312 5258 2372 5314 ll
2404 5259 2879 5331 Paralipomenon.

2115 5330 2165 5385 7.
2195 5331 2238 5383 Α
2267 5333 2470 5399 psalmo
2499 5330 2648 5386 Lm.

2110 5400 2164 5455 8.
2198 5400 2276 5452 Ab
2303 5399 2474 5455 Isaia.

2109 5470 2167 5525 9.
2200 5470 2282 5524 Ab
2311 5469 2565 5526 Ieremia.

2111 5542 2202 5597 10.
2224 5544 2264 5594 A
2306 5540 2517 5597 Genesi.

2620 5647 3038 5709 ρκοοΕΜιυΜ.

2108 5744 2245 5803 Cum
2268 5747 2519 5820 proximo
2549 5746 2690 5801 libro
2721 5744 2888 5799 Deum
2918 5744 2986 5799 ad
3011 5741 3260 5799 homines
3291 5751 3607 5813 venturum,

362 5840 455 5898 sat
487 5843 587 5918 γῆς
613 5843 1039 5912 πολιτεύσεσθαι,
1068 5844 1160 5899 δύο
1183 5862 1239 5898 τε
1272 5842 1447 5898 ταῦτα
1478 5843 1707 5915 μέγιστα
1727 5842 1933 5915 τεκμή-

2053 5844 2245 5898 :t'cum
2298 5838 2612 5895 hominibus
2660 5839 2717 5893 in
2771 5844 2919 5893 terra
2974 5842 3341 5907 versaturum,
3385 5839 3606 5909 duoque
