4110 6424
535 284 645 342 λετ

1214 284 1483 341 EUSEBll
1521 286 2002 344 CAESARIENSIS
2041 288 2192 349 OPP.
2228 290 2430 351 PARS.
2475 294 2540 353 ll.
2579 326 2647 341 --
2687 296 3189 354 APOLOGETICA.

3689 306 3796 360 488

547 415 665 471 haec
681 414 916 470 maxime
946 412 1100 482 signa
1132 409 1281 464 illius
1332 408 1599 464 adventus
1625 409 1806 464 futura
1834 429 1845 462 :
1872 417 2110 480 gentium

2225 433 2319 488 ρια
2345 418 2444 490 τῆς
2467 419 2632 473 αὑτοῦ
2647 418 2958 493 παρουσίας
2991 417 3208 472 ἔσεσθαι
3226 435 3239 448 ·
3268 416 3462 487 κλῆσιν
3490 419 3798 496 ἐπ’ἀναλή..

543 522 646 577 per
671 514 846 561 totum
881 503 1066 557 orbem
1116 500 1181 555 ad
1210 500 1578 570 accipiendam
1620 517 1803 556 veram
1832 500 1924 558 Dei
1966 505 2115 560 noti-

545 599 699 661 tiam,
732 594 1105 667 vocationem,
1142 599 1196 645 et
1218 587 1458 644 Iudaicae
1490 590 1666 661 gentis
1692 600 1912 663 propter
1941 592 2119 649 incre-

497 740 507 769 η
541 686 828 741 dulitatem
857 682 910 736 in
942 680 1118 744 illum,
1146 679 1363 734 ruinam
1392 694 1457 735 ac
1490 676 1866 744 solitudinem,
1897 699 1961 738 ex
1988 696 2117 754 pro-

543 775 776 849 pheticis
805 773 1031 829 vocibus
1054 767 1433 839 didicerimus,
1473 770 1787 844 ibidemque
1810 768 2117 845 inspexeri-

498 928 503 938 ,
543 878 686 928 mus,
742 860 907 934 309
952 877 1114 932 quem
1164 860 1383 917 tandem
1443 861 1652 918 exitum
1713 861 2022 920 invenerint
2052 880 2116 919 ea

497 1020 502 1023 _
537 970 663 1028 qua:
682 956 940 1025 praedicta
973 956 1217 1017 fuerant,
1243 955 1360 1024 ipse
1389 952 1648 1025 deinceps
1678 954 1890 1019 ordine,
1926 953 1979 1010 in
2012 956 2117 1011 hoc

538 1046 775 1118 septimo
798 1042 1123 1117 Evangelica:
1162 1041 1645 1100 Demonstrationis
1680 1046 1972 1112 volumine,
1999 1060 2116 1101 mo-

538 1138 672 1195 dum
704 1139 1059 1211 contemplari
1113 1141 1459 1207 conabimur,
1510 1140 1813 1195 secundum
1858 1154 2018 1210 quem
2042 1141 2117 1194 ait

538 1230 687 1287 sead
708 1232 958 1289 homines
975 1230 1387 1304 commigrasse.
1433 1232 1552 1288 Jam
1586 1233 1712 1289 inde
1741 1234 1907 1305 igitur
1933 1235 2119 1289 videa-

540 1336 687 1385 mus.
729 1324 983 1394 quisnam
1016 1323 1210 1380 modus
1256 1323 1350 1379 Dei
1384 1326 1452 1379 ad
1491 1325 1746 1381 homines
1776 1327 2116 1397 migrationis
2141 1327 2156 1339 '

538 1426 830 1471 caneretur
853 1416 1093 1484 futurus,
1116 1427 1168 1472 et
1199 1418 1417 1472 ubinam
1444 1420 1686 1489 gentium
1715 1417 1957 1475 oriturus
1979 1434 2117 1489 pm:-

538 1505 836 1570 diceretur,
874 1514 929 1560 et
956 1504 1026 1561 de
1049 1523 1158 1577 quo
1181 1522 1380 1577 genere
1421 1507 1773 1578 proiecturus
1797 1518 2114 1563 sanctorum

542 1593 824 1654 hominum
854 1598 1080 1655 vocibus
1112 1598 1361 1654 ferretur.

1172 1814 1400 1871 CAPUT
1439 1816 1478 1871 l.

543 1930 623 1985 Ab
657 1928 826 1985 Isaia.
874 1959 944 1969 —
977 1929 1235 2052 Quisnar’r:
1271 1932 1457 2012 modus
1506 1944 1747 1985 accessus
1778 1926 1991 1989 Domini
2046 1934 2115 1986 ad

1231 2017 1448 2052 omnm.

1231 2017 1448 2054 οηιυιει.

612 2091 901 2147 Praedictio
950 2089 1265 2146 Iudaeorum
1320 2091 1714 2147 incredulitatis
1765 2108 1892 2163 erga
1959 2093 2117 2149 Chri-

541 2191 711 2251 stum,
739 2191 795 2239 et
827 2184 1044 2254 signum
1085 2183 1167 2238 eis
1214 2197 1246 2236 a
1280 2180 1507 2238 Domino
1536 2182 1743 2239 datum.
1776 2183 1900 2239 Fuit
1933 2195 2114 2241 autem

538 2274 677 2332 Illud
702 2294 716 2330 :
747 2274 915 2348 Virgo
939 2290 1206 2347 generans
1233 2274 1399 2329 Deum
1424 2293 1439 2343 ;
1482 2276 1587 2331 sub
1616 2277 1775 2343 cujus
1803 2279 2115 2348 generatio—

540 2384 613 2426 ne
640 2368 966 2425 universalis
981 2366 1010 2423 J
1018 2367 1294 2422 udaeorum
1319 2368 1559 2424 nationis
1589 2370 1839 2439 purgatio
1873 2371 2111 2426 caneba-

540 2467 668 2527 tur;
697 2467 752 2516 et
774 2458 919 2515 sicut
961 2459 1170 2515 externi
1225 2465 1282 2515 et
1329 2458 1520 2517 hostes
1569 2462 1845 2530 regionem
1894 2461 2113 2516 illorum

537 2552 912 2623 occupabunt,
946 2558 1001 2606 et
1031 2550 1492 2620 quemadmodum
1527 2565 1649 2622 quas
1678 2558 1805 2606 ante
1836 2549 2113 2607 desertum

540 2645 678 2709 fuit,
729 2644 1114 2715 agriculturam
1186 2644 1377 2699 sortita
1423 2643 1685 2707 divinam,
1718 2642 1949 2698 fecunda
1982 2643 2105 2698 erit.

539 2733 785 2790 Ecclesia
809 2750 875 2791 ex
904 2734 1157 2806 gentibus
1184 2735 1413 2789 collecta
1451 2734 1599 2788 hunc
1645 2734 1966 2789 ostendente
1996 2748 2113 2787 mo-

538 2825 672 2881 dum
706 2826 1162 2896 quemadmodum
1204 2823 1423 2880 divinus
1457 2824 1791 2895 evangelista
1833 2823 2110 2891 Joannes,

537 2918 664 2989 plus
691 2933 855 2988 quam
892 2917 1129 2971 humana
1166 2931 1300 2972 voce
1334 2906 1408 2971 de
1457 2915 1738 2973 Salvatore
1779 2932 1844 2972 ac
1884 2918 2112 2974 Domino

538 3007 766 3074 nostro,
801 3009 870 3065 de
897 3009 1039 3078 ipso,
1068 3008 1314 3078 inquam,
1346 3006 1440 3063 Dei
1474 3006 1653 3064 Verbo
1694 3008 1995 3074 disserens,
2020 3024 2111 3065 sa-

536 3114 798 3171 cramque
844 3099 992 3156 illius
1030 3096 1369 3168 Scripturam
1416 3099 1895 3169 narrationemque
1926 3115 2112 3170 aggre-
2138 3102 2180 3160 C

538 3193 695 3249 diens
717 3231 734 3257 ,
765 3207 874 3247 una
904 3206 1027 3246 cum
1059 3191 1178 3261 ipsa
1210 3189 1279 3245 de
1309 3189 1400 3244 illa
1433 3190 1706 3260 theologia
1752 3191 1996 3260 ejusdem
2041 3190 2110 3244 ad

537 3283 788 3340 homines
814 3298 1118 3346 accessum,
1140 3298 1237 3352 per
1265 3288 1607 3352 assumptum
1634 3297 1837 3353 corpus
1864 3284 2107 3352 exponit,

537 3378 621 3434 sic
645 3375 834 3432 dicens
859 3396 873 3431 :
908 3394 928 3427 ‹
967 3376 1029 3431 in
1060 3375 1329 3446 principio
1357 3383 1474 3429 erat
1498 3373 1757 3439 Verbum,
1782 3386 1837 3430 et
1870 3372 2110 3431 Verbum

535 3475 655 3525 erat
678 3468 821 3539 apud
850 3467 1051 3532 Deum,
1101 3475 1156 3523 et
1191 3465 1332 3523 Deus
1391 3476 1510 3523 erat
1546 3465 1782 3522 Verbum
1841 3468 1904 3520 ³⁸.
1949 3487 1967 3518 ι
1996 3466 2111 3523 Hoc

535 3568 656 3614 erat
682 3559 739 3614 in
761 3559 1027 3630 principio
1051 3558 1196 3628 apud
1224 3557 1392 3613 Deum
1413 3598 1428 3623 ,
1481 3559 1664 3613 omnia
1693 3574 1790 3629 por
1820 3559 1997 3629 ipsum
2029 3559 2111 3612 fa-

535 3662 625 3706 cta
639 3658 767 3708 sunt
805 3669 821 3707 :
873 3658 1036 3719 atque
1060 3650 1146 3705 his
1175 3649 1431 3719 deinceps
1466 3649 1768 3720 adjungens
1795 3666 1807 3700 :
1848 3668 1866 3701 ι
1889 3650 1951 3703 Et
1978 3649 2113 3706 Ver-

536 3744 664 3799 bum
693 3758 826 3799 caro
856 3742 1056 3798 factum
1088 3749 1192 3805 est,
1223 3750 1276 3797 et
1295 3741 1560 3796 habitavit
1596 3741 1653 3796 in
1675 3741 1835 3797 nobis
1870 3742 1935 3796 ³³.
1977 3761 1997 3793 ι
2032 3739 2108 3796 lta

532 3835 721 3892 divino
748 3835 955 3907 Spiritu
992 3834 1204 3891 adlatus
1233 3834 1516 3904 propheta,
1539 3849 1665 3889 cum
1696 3833 1869 3889 Deum
1895 3834 1962 3888 de
1989 3832 2112 3886 Viro

531 3927 657 4000 gine
705 3927 950 3998 genitum
1012 3932 1160 3982 esset
1215 3925 1596 3987 nuntiaturus,
1630 3925 1893 3979 visionem
1949 3934 2108 3978 antea

531 4018 827 4089 quamdam
894 4017 1040 4072 illius
1105 4016 1290 4087 gloriae
1346 4015 1785 4085 contemplatur,
1836 4012 2107 4085 talemque

530 4111 860 4182 theologiam
887 4110 1184 4166 describit:
1230 4128 1248 4160 ι
1286 4107 1409 4163 Vidi
1440 4105 1727 4163 Dominum
1758 4108 1992 4164 Sabaoth
2021 4126 2108 4165 se-

529 4206 748 4261 dentem
773 4218 937 4273 super
970 4204 1108 4258 solio
1137 4202 1354 4257 excelso
1377 4208 1431 4256 et
1460 4201 1701 4265 sublimi,
1730 4210 1783 4257 et
1806 4202 1962 4271 plena
1989 4210 2107 4257 erat

529 4296 727 4361 domus
755 4288 927 4367 gloria
959 4295 1099 4364 ejus,
1115 4304 1168 4349 et
1192 4294 1464 4363 seraphim
1482 4292 1700 4348 stabant
1721 4294 1928 4347 circum
1958 4309 2104 4361 eum,

529 4399 631 4442 sex
656 4384 758 4439 ala:
786 4384 902 4448 uni,
929 4390 985 4439 et
1031 4399 1127 4439 sex
1157 4384 1256 4438 alae
1292 4383 1483 4447 alteri,
1527 4389 1583 4437 et
1628 4382 1841 4439 duabus
1882 4384 2100 4454 quidem

530 4477 786 4549 tegebant
815 4476 1030 4543 faciem,
1064 4476 1276 4532 duabus
1305 4482 1485 4531 autem
1515 4474 1767 4530 velabant
1818 4476 1981 4546 pedes
2001 4517 2015 4540 ,
2047 4485 2101 4532 et

528 4570 745 4625 duabus
777 4569 1071 4633 volabant,
1108 4576 1162 4623 et
1186 4568 1350 4641 310
1375 4569 1685 4623 clamabant
1708 4568 1845 4624 alter
1874 4571 1942 4623 ad
1965 4570 2102 4624 alte-

530 4676 675 4721 rum,
703 4668 758 4716 et
802 4660 1090 4715 dicebant:
1124 4659 1380 4723 Sanctus,
1419 4666 1645 4715 sanctus
1668 4698 1685 4724 ,
1721 4669 1946 4716 sanctus
1995 4660 2103 4716 Do-

530 4754 711 4810 minus
769 4751 1010 4807 Sabaoth
1039 4792 1055 4817 ,
1116 4753 1276 4822 plena
1338 4760 1423 4809 est
1479 4752 1658 4808 omnis
1722 4761 1867 4808 terra
1931 4753 2102 4823 gloria

527 4845 648 4913 eius
672 4844 740 4897 “.
778 4864 797 4897 ι
828 4842 896 4896 Et
924 4843 1179 4913 deinceps
1202 4842 1487 4914 adiungit:
1524 4861 1543 4893 ι
1584 4841 1651 4896 Ει
1686 4843 1867 4896 audivi
1912 4859 2099 4897 vocem

528 4932 745 4989 Domini
771 4934 1041 4989 dicentis:
1069 4931 1241 4999 Quem
1281 4933 1516 4996 mittam,
1550 4939 1605 4987 et
1629 4932 1755 5003 quis
1785 4934 1883 4989 ibit
1912 4934 1980 4987 ad
2011 4949 2103 5003 po-

527 5026 716 5097 pulum
745 5025 913 5079 hunc.
938 5022 1005 5077 Et
1026 5025 1138 5080 dixi
1169 5044 1182 5079 :
1216 5023 1355 5079 Ecce
1383 5041 1505 5094 ego,
1538 5024 1694 5079 mitte
1725 5040 1829 5079 me.
1864 5022 1931 5077 Et
1963 5023 2100 5078 dixit

525 5118 598 5174 ad
632 5134 754 5174 me:
803 5116 978 5185 Vade,
1014 5128 1066 5173 ct
1093 5118 1181 5174 dic
1224 5120 1424 5188 populo
1467 5118 1596 5172 huic
1627 5137 1640 5171 :
1679 5117 1881 5171 Auditu
1915 5118 2101 5172 audie-

526 5210 622 5275 tis,
649 5218 706 5266 et
732 5227 843 5266 non
869 5210 1222 5281 intelligetis:
1256 5220 1311 5265 et
1335 5211 1608 5266 intuentes
1644 5208 2015 5271 intuebimini,
2047 5217 2102 5263 et

527 5310 640 5351 non
663 5297 935 5353 videbitis.
958 5296 1218 5352 Crassum
1247 5298 1393 5352 enim
1428 5296 1632 5351 factum
1665 5306 1751 5353 est
1773 5312 1870 5352 cor
1909 5298 2094 5369 pepuli

527 5386 694 5459 huius
715 5428 732 5454 ,
773 5400 826 5445 et
855 5389 1081 5445 auribus
1115 5390 1231 5444 suis
1257 5390 1492 5459 graviter
1521 5386 1811 5444 audierunt
1831 5429 1848 5455 ,
1879 5397 1934 5445 et
1964 5405 2095 5445 ocu-

528 5481 612 5537 los
657 5498 789 5539 suos
818 5485 1173 5550 clauserunt,
1209 5498 1279 5538 ne
1304 5482 1524 5551 quando
1552 5481 1771 5537 videant
1793 5482 1970 5539 oculis
1993 5521 2007 5546 ,
2041 5489 2096 5537 et

529 5571 696 5631 corde
720 5572 1057 5646 intelligant,
1103 5583 1158 5630 et
1182 5580 1599 5636 convertantur,
1639 5579 1693 5627 et
1738 5587 1926 5629 sanem
1960 5588 2090 5640 eos,

600 5770 648 5803 ³⁸
665 5766 824 5825 «Ιυαιι.
850 5785 888 5839 t,
914 5771 964 5827 ί.
1040 5771 1084 5803 ³³
1112 5770 1242 5827 ibid.
1278 5772 1362 5825 H.
1445 5771 1486 5802 '"
1524 5769 1625 5825 lsa.
1661 5784 1743 5827 vt.
1778 5769 1872 5823 l-I’i

2144 1760 2193 1820 Β

2216 510 2306 574 ψει
2332 511 2431 581 τῆς
2458 510 2691 584 ἀληθοῦς
2721 512 3047 583 θεογνωσίας
3079 506 3185 566 τῶν
3214 511 3317 564 ἀνά
3342 510 3442 584 τὴν
3475 510 3792 589 οἰκουμένηι

2216 602 2405 667 ἐθνῶν,
2432 604 2747 658 ἀπόπτωσίν
2784 622 2843 657 τε
2874 606 2969 658 καὶ
3001 601 3235 676 ἐρημίαν
3267 601 3354 657 διὰ
3378 602 3477 676 τὴν
3519 604 3599 669 εἷς
3636 605 3800 663 αὐτὸν

2216 694 2473 748 ἀπιστίαν
2519 694 2610 748 τοῦ
2653 695 2920 749 Ἰουδαίων
2970 695 3174 760 ἔθνους,
3214 695 3273 747 ἐν
3321 694 3401 768 τῷ
3455 694 3561 769 πρὸ
3607 699 3798 755 τούτου

2218 787 2607 859 συγγράμματι
2634 787 2721 849 δ,ιά
2745 784 2853 840 τῶν
2883 786 3233 861 προφητικῶν
3261 786 3451 857 φωνῶν
3484 788 3799 864 μεμαθηκό-

2215 893 2327 940 τες,
2356 874 2784 949 ἐπισκεψάμενοί
2828 890 2885 931 τε
2937 878 3075 931 κατά
3108 879 3169 932 τὸ
3205 878 3336 933 αὐτὸ
3383 878 3567 935 ὁποίου
3608 879 3797 951 τέλους

2216 967 2373 1038 ἔτυχε
2428 968 2497 1022 τά
2543 967 3012 1042 προηγορευμένα,
3063 969 3190 1041 ἑξῆς
3233 970 3329 1024 καὶ
3377 968 3686 1038 ἀκολούθως
3735 972 3796 1031 ἐν

2217 1057 2429 1129 ἐόδόμῳ
2448 1054 2621 1130 τούτῳ
2651 1059 3042 1131 συγγράμματι
3071 1058 3171 1129 τῆς
3186 1059 3603 1130 Εὐαγγελικῆς
3637 1063 3797 1119 Ἀπο-

2216 1148 2459 1217 δείξεως
2496 1150 2586 1204 τὸν
2612 1152 2810 1223 τρόπον
2837 1150 3208 1224 ἐπιθεωρῆσαι
3240 1152 3633 1224 πειρασόμεθα,
3669 1151 3793 1212 καθ’

2216 1241 2275 1294 ὄν
2302 1260 2465 1314 φησιν
2487 1243 2648 1296 αὐτὸν
2682 1243 2778 1314 τὴν
2811 1243 2890 1307 εἰς
2913 1241 3233 1316 ἀνθρώπους
3261 1244 3590 1315 ποιήσασθαι
3624 1246 3795 1320 πάρο·

2215 1333 2327 1390 δον.
2361 1334 2495 1405 Φέρε
2532 1331 2625 1390 οὖν
2667 1333 2914 1389 ἐντεῦθεν
2954 1336 3053 1408 ἥδη
3083 1326 3462 1409 σκοπήσωμεν,
3495 1338 3675 1403 ὁποῖός
3708 1354 3795 1407 τις

2215 1426 2244 1478 ὁ
2271 1429 2467 1498 τρόπος
2496 1427 2713 1482 ἔσεσθαι
2741 1428 2838 1500 τῆς
2866 1428 2959 1482 τοῦ
2987 1428 3122 1483 Θεοῦ
3155 1430 3235 1493 είς
3256 1426 3572 1501 ἀνθρώπους
3603 1432 3795 1505 ἐπιδη-

2220 1516 2346 1588 μίας
2377 1517 2710 1584 ἐθεσπίζετο,
2743 1520 2836 1571 xal.
2883 1519 2986 1572 ποῦ
3033 1519 3137 1591 γῆς
3181 1519 3606 1593 γεννηθήσεσθαι
3649 1541 3790 1597 προ-

2216 1605 2546 1680 εκηρύττετο
2572 1652 2587 1675 ,
2635 1611 2743 1664 ἀπὸ
2808 1612 2962 1665 ποίου
3007 1630 3067 1665 τε
3130 1615 3321 1681 γένους
3366 1614 3787 1686 προελεύσεσθαι

2219 1700 2429 1758 ἐϐοᾶτο.
2890 1720 2893 1722 ·

2746 1818 3137 1873 ΚΕΦΛΛΛΙΟΝ
3177 1822 3253 1873 Α’.

2230 1906 2361 1961 ’Ἀπὸ
2388 1907 2492 1961 τοῦ
2523 1902 2973 1983 Ἡσαΐου-..Τίς
2998 1914 3030 1964 ό
3057 1913 3275 1980 τρόπος
3298 1911 3409 1981 τῆς
3436 1913 3540 1967 τοῦ
3566 1912 3789 1983 Kvpiov

2510 2016 2511 2023 η
2578 1982 2667 2044 εὶς
2696 1980 3042 2048 ἀνθρώπους
3072 1980 3413 2051 ἐπιδημίας.

2285 2069 2597 2141 Πρόρρησις
2619 2070 2716 2139 τῆς
2743 2073 2824 2134 είς
2846 2073 3077 2143 Χριστὸν
3110 2074 3369 2138 ἀπιστίας
3396 2075 3491 2128 τοῦ
3522 2076 3790 2131 Ἰουδαίων

2216 2161 2417 2225 ἔθνους,
2443 2163 2536 2217 καὶ
2561 2167 2782 2234 σημεῖον
2806 2164 2988 2227 αὐτοῖς
3007 2164 3114 2219 ἀπὸ
3137 2165 3339 2237 Κυρίου
3364 2162 3658 2238 διδόμενον.
3682 2165 3785 2222 Ἦν

2214 2253 2271 2306 δέ
2298 2255 2477 2307 τοῦτο·
2530 2255 2803 2328 Παρθένος
2830 2256 2963 2309 Θεὸν
3000 2259 3262 2326 γεννῶσα,
3296 2260 3381 2328 ἐφ’
3404 2254 3465 2313 οῦ
3484 2264 3552 2332 τῇ
3578 2262 3783 2330 γενέσει

2216 2345 2530 2418 καθαίρεσις
2550 2348 2815 2418 παντελὴς
2834 2348 2928 2401 τοῦ
2968 2349 3233 2403 Ἰουδαίων
3246 2350 3433 2415 ἔθνους
3452 2352 3783 2418 ἐθεσπίζετο,

2216 2440 2310 2490 καὶ
2332 2438 2404 2502 ὼς
2435 2438 2716 2508 ἀλλόφυλοι
2733 2442 2824 2493 καὶ
2854 2441 3099 2511 πολέμιοι
3118 2443 3216 2513 τὴν
3247 2441 3431 2515 χώραν
3446 2444 3625 2499 αὐτῶν
3653 2445 3784 2499 καθ-

2216 2529 2415 2595 έξουσι,
2466 2531 2560 2584 καὶ
2596 2532 2672 2594 ὡς
2711 2533 2743 2602 ἡ
2783 2533 2910 2603 πρὶν
2956 2533 3161 2603 ἔρημος
3207 2535 3307 2605 τῆς
3337 2533 3522 2588 ἐνθέου
3548 2535 3787 2606 τυχοῦσα

2213 2623 2505 2693 γεωργίας,
2564 2623 2874 2696 εὐφόρησεν
2929 2625 3030 2695 τῆς
3085 2623 3145 2689 ἐξ
3212 2625 3383 2678 ἐθνῶν
3465 2627 3789 2698 Ἐκκλησίας

2211 2714 2402 2769 τοῦτον
2442 2714 2777 2787 δηλουμένης
2818 2716 2910 2769 τὸν
2952 2715 3170 2787 τρόπον·
3207 2715 3395 2789 ὥσπερ
3426 2720 3455 2771 ό
3485 2718 3789 2788 θαυμάσιος

2214 2804 2600 2878 εὐαγγελιστὴς
2656 2806 2926 2879 Ίωάννης,
2979 2809 3182 2879 μείζονι
3231 2807 3264 2881 ἢ
3316 2808 3455 2863 κατὰ
3500 2808 3787 2881 ἄνθρωπον

2216 2898 2593 2969 μεγαλοφωνίᾳ
2629 2898 2721 2951 τὸν
2781 2900 3005 2970 Σωτῆρα
3060 2901 3153 2954 καὶ
3212 2899 3412 2973 Κύριον
3451 2901 3605 2973 ήμῶν
3657 2901 3784 2956 θεο-

2211 2989 2408 3059 λογῶν,
2441 2990 2603 3043 αὑτὸν
2642 2990 2705 3062 δὴ
2743 2991 2834 3044 τὸν
2869 2992 2964 3045 τοῦ
3006 2992 3140 3046 Θεοῦ
3182 2994 3373 3062 Λόγον,
3405 2994 3504 3065 τῆς
3533 3011 3598 3063 γε
3635 2995 3788 3067 ἱερᾶς

2213 3078 2434 3151 Γραφῆς
2454 3079 2616 3133 αὑτοῦ
2638 3081 3033 3152 ἀπαρχόμενος,
3055 3083 3190 3154 ὁμοῦ
3210 3087 3275 3156 τῇ
3302 3084 3548 3157 θεολογίᾳ
3575 3087 3669 3139 καὶ
3690 3085 3789 3156 τὴν

2213 3170 2475 3243 ἐνσαρκον
2496 3172 2661 3225 αὑτοῦ
2684 3174 2765 3237 εἰς
2786 3174 2881 3227 ἀνθ
2891 3173 3103 3245 ρώπους
3124 3178 3452 3249 παρίστησιν
3472 3177 3784 3249 ἐπιδημίαν

2218 3282 2237 3316 ι
2271 3265 2359 3318 Ἑν
2389 3265 2530 3337 ἀρχῇ
2554 3261 2621 3338 ἦν
2640 3268 2669 3319 ὁ
2690 3266 2879 3335 Λόγος,
2909 3267 3003 3335 καὶ
3026 3269 3054 3320 ὁ
3073 3268 3244 3339 Λόγος
3263 3265 3332 3341 ἦν
3357 3269 3495 3340 πρὸς
3523 3269 3614 3323 τὸν
3633 3270 3789 3337 Θεὸν,

2212 3359 2308 3412 καὶ
2325 3358 2458 3422 Θεὸς
2480 3355 2551 3429 ἦν
2578 3361 2607 3412 ό
2628 3358 2817 3439 Λόγος.
2843 3356 3011 3425 Οὗτος
3030 3357 3098 3433 ἦν
3117 3363 3175 3415 ἐν
3195 3362 3335 3433 ἀρχῇ
3362 3362 3500 3433 πρὸς
3521 3363 3614 3416 τὸν
3634 3362 3784 3416 Θεόν⁶

2213 3451 2389 3506 πάντα
2417 3451 2488 3505 δι’
2516 3451 2679 3505 αὐτοῦ
2715 3452 2948 3520 ἐγένετο,
2988 3472 3006 3504 ι
3054 3455 3250 3523 φήσας·
3290 3453 3498 3519 τούτοις
3529 3455 3655 3526 ὲξῆς
3687 3458 3785 3508 ἐπ-

2211 3545 2380 3614 άγωνσ
2407 3564 2425 3597 ι
2454 3545 2563 3598 Kal.
2595 3545 2623 3597 ὁ
2648 3545 2816 3615 Λόγος
2849 3545 2983 3616 σὰρξ
3014 3546 3248 3614 ἐγένετο,
3279 3548 3372 3600 καὶ
3390 3548 3695 3618 ἐσκήνωσεν
3728 3550 3787 3600 έν

2209 3638 2364 3707 ἡμῖν.
2403 3656 2420 3688 ι
2447 3635 2549 3690 Τὸν
2582 3636 2744 3691 αὑτὸν
2768 3636 2832 3707 δὴ
2858 3638 3058 3707 τρόπον
3090 3635 3184 3690 καὶ
3211 3639 3239 3690 ὁ
3266 3636 3550 3702 θεσπέσιος
3576 3640 3788 3710 προφή-

2209 3746 2309 3800 της
2344 3728 2477 3782 Θεοῦ
2513 3730 2577 3781 ἐκ
2615 3727 2892 3799 Παρθένου
2923 3728 3314 3798 γεγεννημένον
3347 3727 3555 3798 μέλλων
3583 3729 3789 3800 ἀνακηο

2213 3821 2445 3892 ρύττειν,
2469 3823 2567 3894 τὴν
2596 3821 2804 3886 ἔνδοξον
2835 3822 2999 3875 αὐτοῦ
3027 3821 3307 3875 θεοπτείαν
3335 3820 3657 3893 προθεωρεί,
3683 3815 3785 3874 ὧδε

2208 3915 2307 3986 τὴν
2338 3913 2614 3982 θεολογίαν
2656 3911 3006 3984 ὑπογράφων·
3045 3931 3063 3963 ι
3102 3909 3255 3966 Εἶδον
3296 3912 3388 3965 τὸν
3431 3909 3633 3982 Κύριον
3675 3912 3783 3964 Σα-

2210 4003 2358 4058 ϐαὼθ
2390 4004 2697 4075 καθήμενον
2728 4004 2822 4057 ἐπὶ
2857 4003 3048 4074 θρόνου
3085 4002 3290 4074 ὑψηλοῦ
3325 4003 3419 4056 καὶ
3446 4001 3779 4072 ἐπηρμένου,

2210 4097 2303 4149 καὶ
2336 4096 2548 4167 πλήρης
2588 4098 2616 4149 ὁ
2658 4089 2806 4158 οἶκος
2848 4095 2948 4163 τῆς
2976 4094 3136 4166 δόξης
3180 4093 3369 4158 αὐτοῦ,
3405 4094 3499 4147 καὶ
3537 4092 3783 4162 σεραφὶμ

2174 4182 2179 4187 ”
2202 4188 2555 4258 ἐἰστήκεισαν
2576 4184 2760 4255 κύκλῳ
2788 4183 2972 4237 αὐτοῦ·
2999 4183 3058 4247 ἓξ
3086 4185 3354 4255 πτέρυγες
3372 4183 3449 4254 τῷ
3472 4184 3569 4246 ἐνὶ,
3599 4182 3692 4235 καὶ
3717 4183 3780 4249 ἐξ

2209 4278 2479 4348 πτέρυγες
2509 4276 2587 4348 τῷ
2623 4276 2701 4329 ἐνί
2722 4292 2735 4306 ο
2779 4275 2871 4329 καὶ
2912 4279 3031 4339 ταῖς
3074 4275 3172 4346 μὲν
3206 4276 3358 4328 δυσὶν
3391 4273 3687 4328 ἐκάλυπτον
3714 4272 3781 4327 τὸ

2211 4370 2518 4440 πρόσωπον,
2563 4370 2683 4431 ταῖς
2719 4367 2775 4420 δὲ
2820 4367 2939 4420 δυσὶ¹
2981 4367 3386 4420 κατεκάλυπτον
3418 4367 3545 4428 τοὺς
3586 4365 3777 4430 πόδαςο

2204 4465 2324 4525 ταῖς
2358 4463 2412 4515 δὲ
2451 4463 2601 4515 δυσὶν
2642 4462 2921 4514 ὲπέταντο.
2959 4461 3067 4515 Καὶ
3096 4460 3395 4532 ἐκέκραγον
3426 4459 3611 4530 ἕτερος
3640 4458 3781 4531 πρὸς

2203 4555 2294 4608 τὸν
2327 4555 2533 4625 ἕτερον,
2562 4555 2654 4606 καὶ
2681 4552 2881 4621 ἔλεγονο
2913 4553 3118 4619 Ἄγιος,
3154 4550 3325 4619 ἅγιος,
3368 4550 3541 4620 ἅγιος,
3577 4548 3781 4621 Κύριος

2206 4645 2453 4710 Σαϐαὼθ,
2488 4645 2699 4716 πλήρης
2729 4647 2878 4697 πᾶσα
2918 4646 2951 4714 ἠ
2986 4644 3058 4711 γῆ
3087 4644 3189 4711 τῆς
3212 4641 3370 4712 δόξης
3399 4640 3583 4695 αὐτοῦ.
3619 4661 3637 4693 ι
3668 4640 3779 4695 Kal

2205 4737 2330 4807 ἑξῆς
2375 4733 2634 4803 ἐπιλέγει·
2680 4753 2698 4784 ι
2739 4734 2846 4786 Kal.
2876 4734 3087 4803 ἥκουσα
3113 4732 3211 4800 τῆς
3242 4730 3424 4801 φωνῆς
3454 4730 3659 4801 Κυρίου
3686 4728 3777 4782 λέ·

2204 4844 2427 4897 γοντος·
2473 4824 2607 4879 Τίνα
2649 4822 2950 4885 ἀποστελῶ,
3014 4823 3107 4874 καὶ
3145 4822 3230 4884 τίς
3267 4818 3590 4890 πορεύσεται
3642 4816 3779 4889 πρὸς

2198 4922 2290 4974 τὸν
2327 4919 2453 4972 λαὸν
2480 4916 2698 4982 τοῦτον;
2733 4914 2845 4969 Kal
2880 4909 3028 4966 εἶπα·
3071 4911 3201 4965 Ἰδοῦ
3225 4909 3335 4979 ἐγώ
3360 4910 3496 4979 είμι,
3525 4910 3783 4965 ἀπόστει-

2199 5013 2288 5067 λόν
2320 5029 2407 5083 με.
2436 5010 2543 5063 Kal.
2569 5005 2690 5062 εἶπε
2724 5007 2860 5079 πρὸς
2885 5005 2972 5077 μέ·
3007 5002 3331 5075 Πορεύθητι,
3377 5003 3472 5054 καὶ
3516 4998 3669 5053 εἰπὸν
3699 4996 3777 5071 τῷ

2200 5106 2313 5178 λαῷ
2339 5104 2533 5173 τούτῳ
2574 5103 2735 5172 Ἀκοῇ
2780 5099 3063 5160 ἀκούσετε,
3095 5095 3191 5149 καὶ
3216 5096 3276 5148 οὐ
3314 5093 3387 5165 μὴ
3428 5093 3646 5163 συνῆτε,
3684 5093 3778 5144 καὶ

2201 5200 2487 5271 βλέποντες
2513 5193 2755 5264 βλέψετε,
2786 5192 2881 5244 καὶ
2912 5190 2970 5242 οὐ
3009 5188 3084 5260 μὴ
3121 5187 3286 5257 ἴδητε.
3325 5184 3636 5253 Ἐπαχύνθη
3667 5184 3777 5255 γὰρ

2201 5294 2235 5363 ἡ
2259 5289 2450 5362 καρδία
2471 5287 2565 5340 τοῦ
2584 5285 2714 5339 λαοῦ
2736 5282 2947 5346 τούτου,
2972 5283 3196 5344 καὶτοῖς
3218 5280 3351 5331 ώσὶν
3368 5276 3546 5330 αὐτῶν
3566 5275 3777 5346 βαρέως

2200 5385 2460 5456 ἥκουσαν,
2488 5382 2581 5434 καὶ
2603 5380 2729 5443 τοὺς
2752 5377 3063 5447 ὀφθαλμοὺς
3082 5373 3261 5429 αὐτῶν
3286 5374 3635 5445 ἐκάμμυσαν,
3673 5372 3776 5441 μή-

2202 5493 2330 5529 ποτε
2374 5474 2525 5528 ἴδωσι
2557 5475 2671 5537 τοῖς
2710 5470 3025 5542 ὀφθαλμοῖς,
3054 5469 3150 5522 καὶ
3173 5472 3288 5533 τοῖς
3312 5468 3445 5520 ὠσὶν
3476 5461 3773 5524 ἀκούσωσι,

2202 5569 2295 5623 καὶ
2340 5568 2577 5640 ίάσωμαι
2616 5566 2827 5630 αὐτούς.
2861 5564 2969 5619 Kal.
3012 5557 3157 5615 εἴπω
3192 5562 3337 5625 Ἕως
3381 5559 3535 5623 πότε,
3568 5553 3774 5625 Κύριε.
