4110 6426
382 378 490 437 ιεε)

1257 360 1908 421 DEMONSTRATIONIS
1952 353 2412 415 EVANGELICE
2449 353 2578 408 LIB.
2621 351 2734 408 νυ.

3519 348 3623 406 £90

382 498 493 551 καὶ
515 488 686 547 εἶπεν·
727 510 745 543 ⁴
773 491 917 553 Ἕως
942 489 1005 544 ἂν
1030 486 1356 561 ἐρημωθῶσι
1381 487 1584 551 πόλεις,
1618 484 1771 555 παρά
1790 484 1850 536 τὸ
1879 485 1952 554 μὴ

2077 488 2111 534 :t
2148 479 2300 533 dixi:
2334 478 2668 547 Quousque,
2701 473 2973 528 Domine?
3018 473 3083 527 Et
3117 473 3293 527 dixit:
3333 471 3513 529 Donec
3545 476 3631 524 εισι-

383 582 773 647 κατοικεϊσθαι,
792 582 885 635 καὶ
902 576 1038 633 οἶκοι
1065 577 1214 650 παρά
1233 577 1293 630 τὸ
1317 577 1391 648 μὴ
1413 571 1549 629 εἶναι
1578 573 1947 644 ἀνθρώπους.»

2059 579 2220 626 serta:
2247 570 2359 625 sint
2388 569 2665 631 civitates,
2692 582 2759 622 eo
2788 566 2932 637 quod
2969 581 3075 619 non
3099 566 3170 620 sit
3194 565 3288 636 qui
3321 565 3587 620 inhabitet
3612 585 3624 619 :

385 678 546 729 Ποῖον
587 674 644 727 δὲ
681 672 899 743 θεμιτὸν
941 670 1170 738 φάσκειν
1206 667 1299 720 τὸν
1333 668 1616 738 προφήτην
1653 664 1955 734 ἑωρακέναι

2077 672 2111 719 :t
2143 663 2360 725 domus,
2385 678 2453 718 eo
2482 661 2626 734 quod
2655 674 2765 714 non
2817 658 2928 713 sint
2956 657 3205 712 homines
3233 656 3301 711 ³⁵.
3338 659 3455 712 ιἈι
3482 659 3629 713 enim

385 766 622 838 Ku'pwv;
654 764 688 835 ἦ
721 765 780 817 ὃν
828 764 939 825 τοῖς
991 760 1120 831 περὶ
1156 759 1246 812 τὸν
1296 758 1545 830 Ἀϐραὰμ
1585 757 1956 828 προπάτορσιν

383 855 565 929 ὦφθαι
592 875 652 910 τε
684 858 777 910 καὶ
800 853 1132 926 ὡμιληκέναι
1164 854 1221 905 ὲν
1247 854 1360 913 τοῖς
1393 851 1495 922 πρὸ
1514 849 1717 902 τούτων
1745 846 1959 902 ἀπεδεί-

386 948 591 1019 ξαμενξ
637 945 838 1000 Τοῦτον
883 943 993 1017 γὰρ
1038 942 1173 1014 ὁμοῦ
1218 942 1351 996 Θεὸν
1380 943 1473 994 καὶ
1503 930 1856 1012 Κύριονμκαὶ
1893 937 1958 1008 δὴ

387 1040 616 1109 ἄγγελον
651 1034 809 1101 εἶναι,
848 1037 944 1091 καὶ
980 1035 1414 1108 ἀρχιστράτηγον
1443 1032 1723 1103 δυνάμεως
1751 1031 1959 1101 Κυρίου

387 1128 922 1201 προμεμαθήκαμεν.
952 1125 1177 1180 Μέλλων
1205 1123 1490 1195 τοιγαροῦν
1515 1122 1614 1194 τὴν
1639 1124 1718 1186 είς
1748 1119 1960 1193 ἀνθρώ‹

389 1240 523 1286 πους
554 1221 720 1276 αὑτοῦ
752 1220 987 1292 πάροδον
1020 1219 1049 1271 6
1090 1217 1279 1290 παρὼν
1322 1216 1480 1284 λόγος
1517 1212 1827 1279 θεσπίζειν,
1863 1212 1964 1284 τὴν

388 1312 569 1367 ἔνθεον
593 1311 756 1367 αὐτοῦ
779 1311 1080 1385 προθεωρεῖ
1102 1308 1393 1380 βασιλείαν,
1418 1308 1483 1361 δι’
1505 1302 1574 1378 ἦς
1597 1324 1760 1377 φησιν
1785 1308 1962 1377 ἑωρα-

390 1407 544 1461 κέναι
571 1406 734 1459 αὐτὸν
757 1404 1065 1475 καθήμενον
1100 1403 1192 1456 ἐπὶ
1223 1402 1415 1474 θρόνου
1441 1400 1646 1471 ὑψηλοῦ
1673 1400 1766 1453 καὶ
1790 1402 1964 1469 ἐπηρ-

397 1509 579 1570 μενου.
615 1492 787 1561 Οὗτος
824 1497 869 1550 δ’
893 1496 959 1550 ἂν
986 1495 1077 1571 εἴη
1106 1496 1136 1548 6
1170 1494 1356 1566 θρόνος
1385 1492 1551 1547 αὐτοῦ
1584 1493 1791 1556 ἐκεῖνος
1816 1493 1846 1544 ὁ
1872 1491 1967 1546 καὶ

392 1592 452 1644 ὲν
475 1590 552 1662 τῷ
583 1590 710 1662 περὶ
736 1589 831 1643 τοῦ
870 1587 1152 1657 ἀγαπητοῦ
1180 1586 1378 1657 ψαλμῷ
1411 1584 1795 1656 δεδηλωμένος,
1826 1581 1969 1636 κατά

392 1683 474 1735 τό·
506 1700 525 1733 ι
574 1683 631 1735 '0
664 1681 852 1753 θρόνος
894 1698 1010 1743 σου,
1037 1683 1065 1733 ὁ
1095 1679 1244 1742 Θεὸς,
1277 1679 1356 1741 εἰς
1383 1676 1481 1730 τὸν
1519 1676 1688 1730 αἰῶνα
1714 1675 1808 1729 τοῦ
1832 1674 1966 1729 αἰῶ-

394 1792 506 1839 νος,
539 1794 557 1825 ι
592 1776 676 1845 ἐφ’
703 1774 763 1827 ὃν
792 1774 884 1828 καὶ
919 1775 948 1827 6
974 1773 1231 1827 ἀνωτάτω
1259 1771 1365 1825 τῶν
1395 1770 1536 1824 ὅλων
1568 1768 1796 1839 ποιητὴς
1836 1765 1969 1831 Θεὸς

2058 767 2219 823 quem
2279 752 2498 806 tandem
2583 749 2872 804 Dominum
2940 746 3025 803 fas
3072 754 3157 803 cst
3214 747 3401 803 dicere
3452 750 3628 806 visum

2061 843 2233 897 fuisse
2261 858 2293 896 a
2331 841 2595 912 propheta
2627 852 2821 911 praeter
2841 855 2989 902 eum,
3029 854 3191 909 quem
3219 847 3275 894 et
3304 839 3554 905 Abraha,
3577 851 3627 896 et

2060 932 2287 1001 reliquis
2324 930 2555 985 Abraha:
2593 929 2866 984 similibus
2915 930 3113 999 priscis
3161 930 3412 999 patribus
3450 933 3630 987 visum

2062 1023 2257 1087 fuisse,
2283 1032 2340 1078 et
2376 1037 2504 1078 cum
2544 1022 2736 1078 iisdem
2767 1024 3007 1077 locutum
3036 1036 3160 1078 esse
3183 1062 3200 1087 ,
3249 1023 3305 1078 in
3356 1025 3634 1093 prioribus

2061 1114 2218 1171 libris
2266 1114 2643 1169 ostendimus?
2675 1112 2829 1168 Hunc
2858 1114 3002 1169 enim
3037 1117 3241 1183 pariter
3278 1122 3332 1171 et
3374 1113 3545 1171 Deum
3578 1125 3633 1171 et

2064 1210 2376 1273 Dominum,
2397 1218 2452 1265 et
2480 1209 2607 1264 item
2633 1209 2886 1280 angelum
2915 1224 3059 1274 esse,
3093 1220 3147 1266 et
3183 1210 3419 1280 primum
3462 1210 3636 1279 impe-

2064 1312 2304 1358 ratorem
2334 1303 2614 1372 copiarum
2655 1300 2900 1365 Domini,
2933 1308 3094 1355 antea
3129 1301 3439 1356 didicimus.
3496 1300 3635 1355 Cum

2064 1409 2196 1465 ergo
2247 1409 2487 1465 praesens
2543 1393 2829 1449 oraculum
2889 1401 3035 1448 esset
3083 1392 3230 1447 illius
3272 1390 3339 1445 ad
3391 1390 3638 1445 homines

2067 1485 2571 1555 commigrationem
2605 1483 2994 1555 praedicturum
3016 1522 3032 1545 ,
3083 1482 3326 1537 divinum
3359 1488 3517 1536 antea
3573 1481 3642 1535 il-

2068 1577 2177 1633 lius
2202 1592 2427 1649 regnum
2455 1578 2880 1648 contemplatur,
2912 1576 3003 1631 ubi
3038 1578 3114 1629 ait
3143 1590 3203 1631 se
3241 1575 3444 1631 vidisse
3484 1574 3636 1628 illum

2070 1667 2349 1724 sedentem
2378 1669 2434 1722 in
2475 1667 2615 1723 solio
2647 1667 2882 1729 excelso,
2915 1673 2970 1721 et
2998 1666 3239 1720 sublimi.
3298 1663 3411 1720 Hoc
3458 1674 3640 1721 autem

2070 1761 2219 1817 illius
2246 1761 2443 1816 solium
2480 1760 2613 1815 illud
2639 1774 2762 1816 esse
2785 1759 3208 1815 existimandum
3253 1766 3358 1824 est,
3387 1758 3533 1829 quod
3585 1759 3643 1811 in

395 1867 588 1935 Πατήρ
617 1882 676 1918 τε
716 1864 880 1918 αὑτοῦ
909 1864 985 1926 ὼς
1020 1863 1087 1917 ἃν
1123 1864 1402 1933 μονογενεῖ
1431 1861 1526 1914 καὶ
1557 1856 1827 1930 ἀγαπητῷ
1865 1874 1967 1911 κα-

2077 1851 2286 1907 Psalmo
2336 1852 2405 1908 de
2446 1852 2648 1907 dilecto
2699 1859 2982 1907 ostensum
3023 1860 3128 1905 est.
3161 1850 3217 1904 in
3266 1850 3376 1903 illis
3421 1850 3640 1904 verbis:

395 1954 648 2020 θέζεσθαι
692 1953 1099 2024 παρεκελεύετο,
1147 1951 1352 2019 λέγων·
1395 1968 1414 1999 ‹
1451 1947 1630 2003 Κάθου
1674 1948 1740 2001 ἐκ
1781 1944 1970 2012 δεξιῶν

403 2063 526 2115 μου,
556 2045 658 2107 ἕως
680 2042 745 2096 ἂν
774 2041 851 2095 θῶ
884 2043 1009 2105 τοὺς
1037 2040 1262 2113 ἐχθρούς
1290 2057 1383 2093 σου
1416 2039 1705 2093 ὑποπόδιον
1730 2037 1839 2091 τῶν
1869 2053 1968 2089 πο-

396 2135 503 2187 δῶν
529 2150 640 2187 σου.
682 2153 700 2185 ι
731 2134 1015 2202 Συνίστησι
1063 2132 1121 2185 δὲ
1152 2132 1353 2202 ταύτην
1393 2130 1549 2201 ἡμῶν
1589 2130 1689 2200 τὴν
1735 2129 1815 2192 είς
1847 2128 1971 2191 τοὺς

397 2225 911 2295 τόπουςηέρμηνείαν
955 2223 1206 2293 Ἰωάννης
1238 2223 1266 2274 6
1300 2220 1721 2293 Εὑαγγελιστὴς,
1753 2221 1833 2286 ὃς,
1867 2238 1973 2275 πα-

401 2313 694 2385 ραθέμενος
741 2312 842 2377 τὰς
884 2312 1248 2385 προκειμένας
1282 2312 1376 2367 τοῦ
1422 2313 1645 2367 Ἠσαίου
1675 2314 1877 2383 φωνὰς,
1915 2316 1974 2367 ἐν

399 2398 487 2467 αἷς
518 2405 722 2474 sima-o-
757 2424 775 2455 ι
819 2404 1128 2475 Ἐπαχὺνθη
1152 2405 1260 2477 γὰρ
1291 2407 1324 2474 ή
1352 2404 1549 2473 καρδία
1575 2403 1669 2458 τοῦ
1695 2403 1825 2459 λαοῦ
1851 2405 1975 2458 τού-

398 2514 515 2560 του,
555 2496 648 2550 καὶ
684 2498 796 2559 τοῖς
825 2496 960 2549 ὠσὶν
988 2496 1165 2550 αὑτῶν
1200 2495 1412 2568 βαρέως
1441 2497 1700 2567 ήκουσαν,
1727 2497 1821 2551 καὶ
1851 2498 1975 2561 τοὺς

399 2588 710 2659 ὀφθαλμοὺς
742 2587 923 2642 αὐτῶν
964 2588 1312 2659 ἐκάμμυσαν,
1354 2608 1373 2640 ι
1406 2588 1660 2661 ἐπιφέρει
1708 2590 1837 2661 περὶ¹
1879 2587 1973 2641 τοῦ

403 2680 639 2739 γριστοῦ
666 2681 859 2748 λέγων·
890 2700 908 2732 ι
947 2680 1128 2733 Ταῦτα
1158 2678 1309 2734 εἶπεν
1349 2681 1595 2746 Ἡσαΐας,
1623 2682 1713 2735 ὅτε
1743 2677 1850 2735 εἶδε
1876 2682 1976 2748 τὴν

397 2767 559 2838 δόξαν
584 2773 770 2839 αὑτοῦ,
807 2776 899 2828 καὶ
926 2776 1274 2848 ἐμαρτύρησε
1311 2777 1438 2848 περὶ
1460 2775 1643 2830 αὑτοῦ.
1676 2797 1695 2831 ι
1747 2776 1891 2831 Ἰδὼν
1910 2777 1976 2848 δὴ

406 2858 501 2915 οὖν
538 2864 566 2916 ὁ
612 2876 896 2936 προφητης
937 2867 1035 2937 τὴν
1078 2866 1171 2919 ἐπὶ
1211 2866 1304 2920 τοῦ
1352 2868 1619 2940 πατρικοῦ
1659 2867 1848 2940 θρόνου
1880 2869 1979 2940 τῆς

405 2953 588 3008 ἐνθέου
622 2956 778 3027 δόξης
806 2974 868 3010 τε
907 2958 1001 3012 καὶ
1037 2956 1311 3027 βασιλείας
1357 2960 1564 3032 ἵδρυσιν
1597 2960 1690 3015 τοῦ
1727 2962 1978 3033 Σωτῆρος

407 3045 583 3115 ἡμῶν,
610 3046 687 3117 τῷ
711 3064 770 3100 τε
797 3049 936 3119 ἁγίῳ
962 3048 1279 3114 ἐπιθειάσας
1308 3050 1609 3122 Πνεύματι,
1644 3053 1736 3105 καὶ
1771 3050 1979 3121 μέλλων

407 3140 533 3211 ἑξῆς
569 3141 667 3212 τὴν
715 3143 798 3206 είς
852 3142 1169 3215 ἀνθρώπους
1222 3144 1389 3198 αὐτοῦ
1432 3144 1696 3216 πάροδον,
1752 3146 1847 3199 καὶ
1879 3145 1977 3219 τὴν

407 3231 473 3283 ὲκ
513 3230 789 3302 Παρθένου
832 3235 1084 3304 γέννησιν
1129 3234 1482 3308 ὑπογράφειν,
1530 3236 1977 3309 προμαρτύρεται

406 3320 508 3391 τὴν
534 3323 612 3384 εἰς
645 3323 825 3375 πᾶσαν
855 3324 954 3394 τὴν
979 3324 1082 3395 γῆν
1121 3324 1419 3395 μέλλουσαν
1444 3326 1659 3380 ἔσεσθαι
1691 3326 1892 3395 γνῶσίν
1917 3344 1978 3380 τε

408 3413 504 3466 καὶ
520 3412 845 3482 δοξολογίαν,
865 3414 938 3468 τὰ
966 3431 1024 3468 σε
1033 3417 1207 3487 ραφὶμ
1232 3417 1468 3485 εἰσάγων
1488 3416 1788 3472 κυκλοῦντα
1813 3419 1977 3472 αὐτὸν

408 3504 503 3557 καὶ
536 3504 843 3572 φάσκονταο
874 3524 895 3558 ι
923 3498 1140 3574 ⁸Ἀγιος,
1176 3508 1363 3574 ἅγιος,
1396 3507 1552 3576 ἅγιος
1572 3552 1587 3574 ,
1625 3508 1828 3581 Κύριος
1876 3510 1981 3562 Σα-

407 3593 579 3659 ϐαὼθ,
620 3595 833 3669 πλήρης
880 3600 1029 3653 πᾶσα
1061 3602 1094 3671 ή
1145 3600 1215 3669 γῆ
1248 3599 1347 3670 τῆς
1380 3600 1539 3671 δόξης
1580 3577 1765 3656 αὑτοῦ.
1791 3621 1810 3652 ι
1847 3577 2010 3655 Τίνα⁸

407 3687 456 3739 δ’
488 3687 556 3741 ἂν
579 3687 665 3760 εἴη
693 3687 761 3742 τὰ
794 3690 1055 3761 σεραφὶμ,
1076 3690 1147 3744 τὰ
1165 3692 1258 3744 τὸν
1286 3692 1519 3763 Χριστὸν
1549 3692 1644 3746 τοῦ
1667 3692 1803 3746 Θεοῦ
1824 3693 1982 3765 δορυ-

411 3778 697 3850 φοροῦντα,
733 3779 767 3852 ἢ
799 3781 939 3852 τάχα
972 3781 1101 3847 ἴσως
1121 3782 1366 3851 ἀγγέλων
1393 3784 1490 3836 καὶ
1517 3783 1677 3838 θείων
1699 3784 1980 3855 δυνάμεων

411 3869 582 3939 χοροὶ,
609 3870 644 3941 ἢ
669 3871 765 3924 καὶ
792 3872 1084 3943 προφητῶν
1109 3874 1203 3925 καὶ
1244 3872 1594 3938 ἀποστόλων;
1621 3874 1981 3947 ἑρμηνεύεται

412 3958 522 4031 γὰρ
552 3961 622 4014 τὰ
666 3963 906 4032 σεραφὶμ
937 3962 1095 4033 ἀρχὴ
1127 3964 1427 4032 στόματος
1474 3963 1690 4019 αὐτῶν.
1739 3964 1982 4019 Τοιοῦτοι

410 4053 470 4105 δὲ
495 4053 546 4105 οἱ
578 4053 853 4125 προφῆται
882 4055 976 4108 καὶ
1014 4055 1316 4119 ἀπόστολοι,
1343 4051 1421 4108 ὧν
1462 4055 1552 4110 διὰ
1594 4055 1690 4112 τοῦ
1720 4057 1983 4128 στόματος

411 4146 446 4216 ἡ
496 4145 721 4218 ἀπαρχὴ
764 4146 956 4215 γέγονε
997 4145 1093 4200 τοῦ
1139 4148 1408 4220 σωτηρίου
1463 4146 1855 4221 κηρύγματοςο
1900 4148 1986 4203 διδ

411 4236 617 4307 ταύτης
643 4236 834 4308 ἔτυχον
863 4237 962 4308 τῆς
1007 4238 1411 4310 προσηγορίας,
1445 4231 1519 4293 ὧν
1554 4239 1647 4294 καὶ
1684 4239 1779 4293 τοῦ
1826 4240 1983 4309 ἁγίου

412 4326 727 4398 Πνεῦματος
757 4329 812 4381 at
841 4328 1118 4399 δυνάμεις,
1156 4328 1425 4400 πτέρυγες
1460 4329 1841 4403 ὠνομασμέναι
1860 4369 1876 4394 ,
1913 4330 1984 4385 τά

414 4421 516 4487 μὲν
547 4418 738 4488 πρῶτα
760 4421 854 4473 καὶ
884 4418 953 4472 τὰ
980 4419 1182 4474 ὕστατα
1208 4420 1306 4491 τῆς
1337 4420 1432 4475 τοῦ
1455 4421 1590 4476 Θεοῦ
1631 4423 1804 4492 Λόγου
1838 4422 1981 4492 γνώ-

2075 1959 2095 1992 ι
2133 1940 2303 1998 Sedes
2332 1950 2447 2008 tua,
2487 1941 2652 2008 Deus,
2693 1942 2749 1997 in
2801 1942 3059 1998 saeculum
3117 1941 3301 1997 steculi
3324 1940 3391 2004 ⁸⁸,
3427 1960 3446 1993 ι
3480 1955 3645 2011 super

2069 2050 2232 2103 quam
2258 2049 2547 2105 supremus
2568 2044 2623 2091 et
2643 2034 2885 2091 universi
2918 2034 3169 2089 conditor
3200 2033 3362 2096 Deus.
3386 2041 3441 2090 et
3464 2033 3642 2103 ipsius

2070 2125 2261 2192 Pater,
2296 2126 2476 2196 ipsum
2506 2134 2766 2198 tanquam
2807 2127 3031 2181 unicum
3064 2141 3128 2181 ac
3161 2125 3421 2181 dilectum
3452 2126 3643 2182 sedere

2066 2217 2322 2288 jubebat,
2344 2219 2571 2274 dicens:
2609 2236 2628 2270 ‹
2662 2217 2802 2273 Sede
2843 2232 2874 2272 a
2906 2217 3116 2274 dextris
3145 2218 3310 2282 meis,
3345 2219 3520 2273 donec
3549 2233 3648 2287 po-

2071 2324 2199 2364 nam
2233 2309 2486 2366 inimicos
2530 2319 2656 2366 tuos
2711 2310 3005 2365 scabellum
3040 2310 3234 2380 pedum
3271 2318 3489 2365 tuorum
3516 2310 3581 2367 '7.
3623 2330 3643 2362 ι

2070 2398 2373 2457 Conﬁrmat
2398 2416 2529 2457 vero
2559 2402 2702 2456 hanc
2733 2409 2979 2457 nostram
3011 2401 3064 2455 iu
3089 2400 3189 2456 hos
3211 2403 3359 2456 locos
3388 2403 3649 2471 interpre-

2076 2492 2358 2557 tationem,
2382 2491 2621 2549 Joannes
2653 2493 3008 2565 evangelista,
3049 2493 3142 2562 qui
3177 2502 3465 2564 postquam
3509 2493 3650 2547 cita—

2079 2581 2153 2635 vit
2184 2582 2430 2650 proxime
2460 2582 2738 2653 expositas
2767 2581 2923 2638 Isaiae
2954 2596 3118 2638 voces
3141 2623 3157 2648 ,
3215 2584 3270 2637 in
3314 2583 3516 2653 quibus
3562 2580 3648 2637 di-

2074 2682 2225 2728 ctum
2252 2682 2376 2729 est:
2431 2692 2452 2724 ι
2491 2672 2755 2730 Crassum
2794 2676 2939 2729 enim
2984 2675 3187 2730 factum
3227 2683 3310 2731 est
3338 2688 3435 2729 cor
3463 2674 3647 2745 populi

2075 2764 2262 2835 hujus,
2296 2772 2354 2820 et
2387 2767 2612 2822 auribus
2636 2767 2752 2821 suis
2774 2767 3012 2838 graviter
3038 2767 3352 2849 audierunt,
3377 2776 3433 2821 et
3458 2768 3648 2821 oculos

2077 2872 2211 2913 suos
2259 2858 2596 2923 clauserunt,
2637 2878 2656 2911 »
2692 2859 2939 2931 adjungit
2988 2860 3058 2916 de
3091 2859 3327 2925 Christo,
3363 2867 3418 2914 et
3466 2857 3648 2913 dicit:

2084 2965 2104 3000 ι
2138 2947 2262 3003 Haec
2290 2949 2425 3004 dicit
2480 2948 2667 3023 Isaias,
2696 2952 2918 3020 quando
2960 2950 3094 3004 vidit
3139 2951 3368 3021 gloriam
3398 2949 3520 3018 ejus
3544 2988 3560 3012 .
3594 2958 3650 3004 et

2078 3040 2405 3097 testiﬁcatus
2428 3047 2514 3096 est
2573 3040 2642 3095 de
2689 3056 2756 3095 eo
2784 3041 2849 3096 ⁸⁸.
2887 3058 2910 3093 ι
2939 3041 3074 3097 Cum
3107 3057 3237 3112 ergo
3263 3042 3491 3097 vidisset
3515 3055 3647 3111 pro-

2078 3132 2242 3205 pheta
2284 3132 2589 3188 Salvatoris
2619 3133 2794 3189 nostri
2843 3149 3007 3205 super
3055 3142 3279 3204 paterna
3309 3132 3508 3188 divinae
3536 3147 3649 3186 ma-

2074 3227 2295 3296 iestatis
2323 3240 2390 3281 ac
2417 3226 2569 3298 regni
2601 3226 2731 3282 sede
2760 3226 3198 3293 collocationem,
3221 3226 3515 3296 divinoque
3535 3227 3652 3296 ipse

2078 3326 2228 3376 esset
2260 3318 2467 3390 Spiritu
2521 3319 2817 3376 instinctus
2839 3360 2857 3386 ,
2913 3326 3168 3389 essetque
3204 3317 3466 3390 deinceps
3504 3320 3655 3389 ejus-

2078 3413 2202 3471 dem
2234 3419 2300 3468 ad
2343 3411 2594 3468 homines
2625 3426 2908 3468 accessum
2929 3453 2946 3478 ,
2998 3418 3291 3482 ortumque
3316 3410 3383 3467 de
3433 3410 3656 3483 Virgine

2079 3504 2479 3574 descripturus,
2514 3504 2668 3575 prius
2700 3504 3024 3560 testiﬁcatur
3052 3518 3200 3570 eam,
3231 3502 3392 3574 an
3425 3518 3549 3574 qua:
3599 3506 3653 3558 in

2081 3611 2298 3652 omnem
2363 3605 2567 3650 terram
2601 3604 2928 3668 perventura
2987 3602 3124 3660 erat,
3186 3596 3578 3666 cognitionem,
3603 3606 3659 3650 et

2080 3688 2269 3760 gloriae
2298 3688 2760 3759 praedicationem,
2786 3690 2907 3759 ipsa
2933 3688 3207 3758 serapbim
3232 3686 3658 3759 inducens,qua:

2080 3782 2288 3837 circum
2314 3780 2466 3835 illum
2492 3786 2722 3845 starent,
2751 3793 2816 3834 ac
2854 3779 3143 3834 dicerent:
3175 3796 3203 3830 ,ι
3246 3775 3506 3843 Sanctus,
3526 3793 3655 3834 san-

2080 3883 2227 3941 ctus,
2254 3883 2502 3937 sanctus,
2532 3870 2795 3927 Dominus
2833 3869 3098 3934 Sabaoth,
3130 3869 3291 3940 plena
3337 3879 3424 3926 est
3474 3871 3658 3926 omnis

2079 3973 2230 4035 terra
2262 3966 2434 4037 gloria
2457 3966 2598 4034 ejus.
2639 3984 2657 4017 ι
2693 3962 2799 4021 Sed
2839 3977 3089 4035 quaenam
3117 3962 3482 4017 existimanda
3530 3971 3659 4016 sunt

2084 4060 2202 4114 haec
2228 4056 2525 4128 seraphim,
2552 4055 2834 4112 Christum
2866 4054 2962 4110 Dei
2981 4053 3285 4125 stipantia?
3312 4050 3451 4106 Num
3490 4053 3658 4106 forsi-

2078 4159 2179 4204 tan
2205 4150 2522 4220 angelorum
2552 4162 2616 4203 ac
2646 4145 2954 4201 divinarum
2992 4152 3326 4212 potestatum
3357 4144 3511 4198 chori
3539 4184 3556 4209 ,
3589 4159 3659 4197 an

2084 4254 2215 4296 vero
2240 4238 2629 4311 prophetarum
2667 4247 2830 4310 atque
2873 4234 3286 4307 apostolorum?
3329 4249 3454 4289 nam
3503 4249 3662 4289 sera-

2085 4332 2235 4401 pbim
2267 4333 2314 4388 si
2354 4331 2760 4402 interpreteris,
2797 4330 3006 4385 initium
3042 4331 3150 4385 oris
3181 4329 3418 4399 ipsorum
3446 4326 3659 4383 audias.

2085 4422 2247 4478 Tales
2280 4435 2411 4477 vero
2441 4431 2496 4477 et
2528 4421 2805 4491 prophetia
2835 4430 2891 4475 et
2925 4419 3181 4492 apostoli,
3207 4433 3305 4488 per
3323 4432 3554 4488 quorum
3570 4431 3660 4482 os,

415 4524 553 4572 σεως
599 4508 1025 4581 ἐπικρύπτουσιν
1046 4550 1062 4574 ,
1106 4510 1183 4574 ὡς
1222 4512 1437 4583 ἄρρητα
1476 4513 1569 4566 καὶ
1623 4513 1976 4583 ἀκατάληπτα

2088 4514 2262 4568 instar
2286 4511 2671 4581 primitiarum,
2713 4511 2931 4566 initium
2961 4509 3220 4565 salutaris
3255 4506 3661 4579 praedicationis

410 4599 541 4653 ὅντα
568 4601 667 4673 τὴν
697 4601 882 4671 φύσιν,
914 4602 982 4655 τά
1008 4602 1066 4655 δὲ
1095 4602 1235 4673 μέσα
1261 4602 1361 4672 τῆς
1395 4603 1524 4674 περὶ
1571 4604 1737 4658 αὑτοῦ
1777 4608 1983 4658 οίκονο-

416 4693 544 4764 μίας
568 4694 939 4763 ὲκφαίνουσιν,
960 4695 1041 4748 ὅτι
1073 4695 1137 4767 δὴ
1165 4694 1301 4765 μόνα
1321 4695 1538 4763 γνωστὰ
1572 4696 1743 4750 ταῦτα
1776 4695 1986 4765 ἀνθρὼ-

414 4802 533 4838 πων
556 4786 736 4854 φύσει,
762 4786 871 4841 τῶν
913 4787 1169 4840 ἐπέκεινα
1223 4788 1318 4840 καὶ
1374 4787 1482 4840 τῶν
1522 4787 1659 4857 μετά
1705 4787 1881 4842 ταῦτα
1928 4789 1986 4841 ὲν

412 4876 744 4947 ἀπορρήτοις
778 4876 1169 4946 σεσιγημένων.
1196 4876 1306 4928 Καὶ
1341 4875 1597 4945 δυνάμεις
1634 4875 1691 4929 δὲ
1718 4876 1858 4930 θεῖαι
1893 4877 1988 4930 καὶ

412 4968 653 5039 οὐράνιοι
691 4962 801 5020 εἷεν
830 4967 916 5030 ἂν,
952 4967 1039 5021 διὰ
1072 4968 1134 5021 τὸ
1177 4966 1418 5037 σεραφὶμ
1455 4965 1849 5037 ἑρμηνεύεσθαι
1888 4967 1989 5035 ἐμ-

415 5058 684 5129 πρησμοί
704 5077 719 5091 ι
753 5058 835 5113 διὸ
871 5058 1116 5129 εἴρηται·
1161 5078 1181 5112 ι
1228 5059 1288 5113 Ὀ
1334 5058 1502 5112 ποιῶν
1549 5059 1676 5121 τοὺς
1725 5059 1988 5126 ἀγγέλους

414 5151 579 5206 αὑτοῦ
604 5151 891 5222 πνεύματα
908 5192 922 5214 ,
957 5152 1051 5206 καὶ
1082 5152 1209 5215 τοὺς
1244 5152 1588 5222 λειτουργοὺς
1619 5148 1785 5204 αὑτοῦ
1817 5150 1988 5220 πυρὸς

417 5242 608 5312 φλόγα.
642 5259 662 5293 ι
692 5241 1011 5312 Κεκράγασι
1035 5240 1092 5294 δὲ
1131 5236 1275 5295 οὗτοι
1321 5241 1413 5295 καὶ
1444 5238 1639 5310 βοῶσιν
1678 5239 1864 5308 ἕτερος
1912 5237 1988 5307 τῷ

416 5332 588 5405 ἑτέρῳ
615 5332 757 5387 κατά
783 5332 884 5405 τὴν
924 5331 1129 5387 οἰκείαν
1162 5331 1410 5402 δύναμιν,
1442 5332 1543 5399 τὴν
1588 5330 1851 5399 ἀγιότητα
1891 5329 1986 5384 τοῦ

416 5422 833 5494 θεολογουμένου
857 5412 1252 5494 παριστῶντες,
1279 5423 1374 5475 καὶ
1399 5422 1462 5475 τό
1475 5438 1538 5489 γε
1566 5421 1787 5474 πάντων
1809 5438 1988 5491 παρα-

413 5513 693 5579 δοξότατον
710 5556 726 5580 ,
773 5512 1165 5583 θεολογοῦντες.
1212 5514 1333 5567 Ὅτι
1381 5514 1455 5584 μὴ
1496 5515 1658 5583 μόνος
1687 5514 1781 5567 καὶ
1820 5512 1889 5566 τά
1928 5514 1988 5565 ἐν

415 5605 630 5677 οὐρανῷ
652 5606 830 5661 πάντα
854 5605 1034 5678 πλήρη
1060 5603 1314 5673 τυγχάνει
1340 5603 1439 5673 τῆς
1460 5601 1766 5671 δοξολογίας
1796 5602 1983 5669 αὐτοῦ,

2094 4602 2296 4656 laetum
2317 4609 2425 4665 est,
2448 4616 2516 4657 ex
2539 4616 2651 4671 quo
2679 4600 3097 4670 appellationem
3131 4599 3272 4653 hanc
3302 4597 3483 4652 sortiti
3511 4602 3662 4659 sunt.

2094 4692 2236 4746 sicut
2275 4689 2439 4744 etiam
2475 4690 2647 4744 sancti
2672 4688 2909 4760 Spiritus
2952 4696 3273 4760 potestates,
3295 4703 3418 4758 quae
3443 4687 3541 4741 ala:
3564 4702 3667 4740 no-

2093 4782 2313 4837 minata
2363 4789 2521 4843 sunt,
2557 4781 2762 4850 primas
2792 4781 3009 4852 quidem
3061 4789 3227 4850 atque
3272 4789 3547 4834 extremas
3597 4778 3667 4832 de

2096 4868 2205 4928 Deo
2231 4871 2413 4929 Verbo
2461 4874 2667 4930 notitia:
2693 4881 2877 4943 partes
2915 4872 3516 4942 occultant,‘tanquam
3568 4885 3664 4925 eas

2091 4979 2215 5034 quae
2240 4970 2435 5033 suapte
2470 4970 2666 5018 natura
2712 4978 2889 5034 neque
2917 4961 3027 5017 dici
3074 4977 3252 5032 neque
3280 4958 3669 5030 comprehendi

2091 5057 2343 5124 possint;
2393 5068 2515 5122 qua:
2565 5068 2694 5108 vero
2740 5053 2916 5124 ipsius
2967 5051 3038 5107 de
3090 5050 3187 5108 illo
3235 5048 3673 5120 dispensationis

2094 5143 2286 5203 mediae
2321 5151 2471 5210 sunt,
2498 5158 2594 5201 eas
2624 5145 2921 5201 ostendunt
2948 5182 2964 5208 ,
3020 5150 3312 5212 propterea
3366 5139 3517 5211 quod
3549 5139 3668 5196 sola

2092 5237 2208 5293 haec
2235 5248 2445 5293 natura:
2471 5237 2752 5293 hominum
2803 5236 3215 5308 eognoscibilia,
3252 5250 3379 5291 cum
3429 5249 3495 5293 ea
3548 5246 3668 5302 qum

2088 5344 2260 5401 supra
2287 5330 2403 5384 hac
2425 5337 2480 5385 et
2512 5336 2637 5399 post
2658 5328 2774 5384 haec
2803 5327 3011 5397 reliqua
3050 5334 3200 5391 sunt,
3232 5324 3288 5379 in
3319 5322 3539 5379 arcanis
3568 5321 3668 5374 ha-

2094 5424 2204 5478 bita
2238 5423 2525 5479 sileantur.
2558 5420 2825 5476 Praeterea
2853 5420 3052 5474 divinae
3095 5432 3161 5473 ac
3206 5418 3469 5474 caelestes
3523 5422 3671 5484 pote-

2093 5522 2286 5580 states,
2318 5522 2576 5586 poterunt
2622 5512 2752 5568 item
2800 5510 3068 5568 vocabulo
3110 5509 3383 5581 seraphim
3408 5504 3630 5576 intelligi
3652 5545 3669 5569 ,

2092 5610 2365 5675 quatenus
2392 5602 2500 5656 alia
2526 5600 2761 5670 quadam
2795 5599 3005 5655 ratione
3025 5639 3041 5664 ,
3076 5599 3353 5669 seraphim
3381 5612 3448 5652 ex
3497 5596 3669 5650 inter-

485 5785 527 5818 ³⁵
563 5779 660 5837 lsa.
698 5797 773 5845 vr,
808 5780 959 5835 8-H.
1042 5780 1085 5812 ³·
1115 5780 1258 5835 Psal.
1294 5796 1439 5842 κων,
1472 5781 1525 5837 7.
1604 5781 1646 5814 ³⁷
1675 5779 1816 5835 Psal.
1847 5794 1957 5846 cux,

2077 5780 2119 5834 ι.
2195 5782 2238 5814 ιδ
2275 5780 2431 5836 Joan.
2465 5792 2564 5845 xu,
2599 5754 2795 5846 40,41;

783 5878 1056 5939 Parnm“
1098 5876 1213 5938 (in.
1261 5878 1470 5945 XXII.

3235 5874 3305 5935 16
