  <div class='ocr_page' id='page_1' title='image "/cluster/home/n/w/nwhite01/storage/ocr_20150623/22:no.4/coo.31924054873025/259.png"; bbox 0 0 4110 6426; ppageno 0'>
   <div class='ocr_carea' id='block_1_1' title="bbox 443 338 539 392">
    <p class='ocr_par' dir='ltr' id='par_1_1' title="bbox 443 338 539 392">
     <span class='ocr_line' id='line_1_1' title="bbox 443 338 539 392; baseline 0 -1"><span class='ocrx_word' id='word_1_1' title='bbox 443 338 539 392; x_wconf 75' lang='grc'><strong>491</strong></span> 
     </span>
    </p>
   </div>
   <div class='ocr_carea' id='block_1_2' title="bbox 1115 326 3016 387">
    <p class='ocr_par' dir='ltr' id='par_1_2' title="bbox 1115 326 3016 387">
     <span class='ocr_line' id='line_1_2' title="bbox 1115 326 3016 387; baseline -0.002 -2"><span class='ocrx_word' id='word_1_2' title='bbox 1115 331 1380 386; x_wconf 78' lang='lat' dir='ltr'><strong>EUSEBII</strong></span> <span class='ocrx_word' id='word_1_3' title='bbox 1419 330 1897 387; x_wconf 72' lang='lat' dir='ltr'><strong>C.£SARIENSIS</strong></span> <span class='ocrx_word' id='word_1_4' title='bbox 1933 329 2082 385; x_wconf 82' lang='lat' dir='ltr'><strong>OPP.</strong></span> <span class='ocrx_word' id='word_1_5' title='bbox 2129 329 2308 384; x_wconf 74' lang='lat' dir='ltr'><strong>PARS</strong></span> <span class='ocrx_word' id='word_1_6' title='bbox 2345 331 2496 384; x_wconf 83' lang='lat' dir='ltr'><strong>ll.-</strong></span> <span class='ocrx_word' id='word_1_7' title='bbox 2520 326 3016 382; x_wconf 76' lang='lat' dir='ltr'><strong>APOLOCETICA.</strong></span> 
     </span>
    </p>
   </div>
   <div class='ocr_carea' id='block_1_3' title="bbox 3592 331 3698 386">
    <p class='ocr_par' dir='ltr' id='par_1_3' title="bbox 3592 331 3698 386">
     <span class='ocr_line' id='line_1_3' title="bbox 3592 331 3698 386; baseline 0.028 -3"><span class='ocrx_word' id='word_1_8' title='bbox 3592 331 3698 386; x_wconf 63' lang='lat'><strong>493</strong></span> 
     </span>
    </p>
   </div>
   <div class='ocr_carea' id='block_1_4' title="bbox 445 443 2018 522">
    <p class='ocr_par' dir='ltr' id='par_1_4' title="bbox 445 447 2012 522">
     <span class='ocr_line' id='line_1_4' title="bbox 445 447 2012 522; baseline -0.003 -17"><span class='ocrx_word' id='word_1_9' title='bbox 445 453 768 522; x_wconf 84' lang='lat' dir='ltr'><strong>pretatione,</strong></span> <span class='ocrx_word' id='word_1_10' title='bbox 796 448 1042 504; x_wconf 78' lang='lat' dir='ltr'><strong>incendia</strong></span> <span class='ocrx_word' id='word_1_11' title='bbox 1071 447 1402 516; x_wconf 78' lang='lat' dir='ltr'><strong>significant,</strong></span> <span class='ocrx_word' id='word_1_12' title='bbox 1424 463 1490 502; x_wconf 83' lang='lat' dir='ltr'><strong>ex</strong></span> <span class='ocrx_word' id='word_1_13' title='bbox 1513 462 1623 516; x_wconf 90' lang='lat' dir='ltr'><strong>quo</strong></span> <span class='ocrx_word' id='word_1_14' title='bbox 1650 447 1780 502; x_wconf 88' lang='lat' dir='ltr'><strong>illud</strong></span> <span class='ocrx_word' id='word_1_15' title='bbox 1808 447 2012 502; x_wconf 88' lang='lat' dir='ltr'><strong>dictum</strong></span> 
     </span>
    </p>
   </div>
   <div class='ocr_carea' id='block_1_5' title="bbox 2121 443 3695 522">
    <p class='ocr_par' dir='ltr' id='par_1_5' title="bbox 2121 443 3695 516">
     <span class='ocr_line' id='line_1_5' title="bbox 2121 443 3695 516; baseline -0.002 -16"><span class='ocrx_word' id='word_1_16' title='bbox 2121 448 2249 500; x_wconf 72' lang='grc' dir='ltr'>ἀλλὰ</span> <span class='ocrx_word' id='word_1_17' title='bbox 2275 450 2368 500; x_wconf 82' lang='grc' dir='ltr'>καὶ</span> <span class='ocrx_word' id='word_1_18' title='bbox 2416 449 2559 500; x_wconf 76' lang='grc' dir='ltr'>πᾶσα</span> <span class='ocrx_word' id='word_1_19' title='bbox 2593 449 2625 516; x_wconf 85' lang='grc' dir='ltr'><strong>ή</strong></span> <span class='ocrx_word' id='word_1_20' title='bbox 2665 446 2736 516; x_wconf 84' lang='grc' dir='ltr'>γῆ</span> <span class='ocrx_word' id='word_1_21' title='bbox 2782 444 2880 515; x_wconf 88' lang='grc' dir='ltr'><strong>τῆς</strong></span> <span class='ocrx_word' id='word_1_22' title='bbox 2913 444 3081 514; x_wconf 78' lang='grc' dir='ltr'>αὐτῆς</span> <span class='ocrx_word' id='word_1_23' title='bbox 3127 443 3356 514; x_wconf 77' lang='grc' dir='ltr'><strong>μετέσχε</strong></span> <span class='ocrx_word' id='word_1_24' title='bbox 3391 443 3695 514; x_wconf 82' lang='grc' dir='ltr'>δυνάμεως,</span> 
     </span>
    </p>
   </div>
   <div class='ocr_carea' id='block_1_6' title="bbox 440 539 2016 610">
    <p class='ocr_par' dir='ltr' id='par_1_6' title="bbox 440 539 2016 610">
     <span class='ocr_line' id='line_1_6' title="bbox 440 539 2016 610; baseline -0.004 -12"><span class='ocrx_word' id='word_1_25' title='bbox 440 555 561 598; x_wconf 87' lang='lat' dir='ltr'><strong>cst:</strong></span> <span class='ocrx_word' id='word_1_26' title='bbox 599 561 617 593; x_wconf 75' lang='grc' dir='ltr'><strong>ι</strong></span> <span class='ocrx_word' id='word_1_27' title='bbox 665 543 766 608; x_wconf 82' lang='lat' dir='ltr'><strong>Qui</strong></span> <span class='ocrx_word' id='word_1_28' title='bbox 803 541 933 595; x_wconf 88' lang='lat' dir='ltr'><strong>facit</strong></span> <span class='ocrx_word' id='word_1_29' title='bbox 976 540 1198 610; x_wconf 81' lang='lat' dir='ltr'><strong>angelos</strong></span> <span class='ocrx_word' id='word_1_30' title='bbox 1255 554 1385 593; x_wconf 88' lang='lat' dir='ltr'><strong>suos</strong></span> <span class='ocrx_word' id='word_1_31' title='bbox 1443 540 1702 607; x_wconf 89' lang='lat' dir='ltr'><strong>spiritus,</strong></span> <span class='ocrx_word' id='word_1_32' title='bbox 1755 551 1807 592; x_wconf 84' lang='lat' dir='ltr'><strong>et</strong></span> <span class='ocrx_word' id='word_1_33' title='bbox 1852 539 2016 593; x_wconf 86' lang='lat' dir='ltr'><strong>mini-</strong></span> 
     </span>
    </p>
   </div>
   <div class='ocr_carea' id='block_1_7' title="bbox 441 628 2016 698">
    <p class='ocr_par' dir='ltr' id='par_1_7' title="bbox 441 628 2016 698">
     <span class='ocr_line' id='line_1_7' title="bbox 441 628 2016 698; baseline -0.004 -12"><span class='ocrx_word' id='word_1_34' title='bbox 441 646 587 687; x_wconf 85' lang='lat' dir='ltr'><strong>stros</strong></span> <span class='ocrx_word' id='word_1_35' title='bbox 622 647 751 686; x_wconf 88' lang='lat' dir='ltr'><strong>suos</strong></span> <span class='ocrx_word' id='word_1_36' title='bbox 782 630 924 698; x_wconf 89' lang='lat' dir='ltr'><strong>ignis</strong></span> <span class='ocrx_word' id='word_1_37' title='bbox 959 630 1230 682; x_wconf 84' lang='lat' dir='ltr'><strong>flammam</strong></span> <span class='ocrx_word' id='word_1_38' title='bbox 1259 629 1322 683; x_wconf 82' lang='lat'><strong>”.</strong></span> <span class='ocrx_word' id='word_1_39' title='bbox 1361 649 1379 680; x_wconf 74' lang='grc' dir='ltr'><strong>ι</strong></span> <span class='ocrx_word' id='word_1_40' title='bbox 1417 628 1668 682; x_wconf 86' lang='lat' dir='ltr'><strong>Clamant</strong></span> <span class='ocrx_word' id='word_1_41' title='bbox 1694 643 1855 697; x_wconf 92' lang='lat' dir='ltr'><strong>porro</strong></span> <span class='ocrx_word' id='word_1_42' title='bbox 1875 628 1931 682; x_wconf 86' lang='lat' dir='ltr'><strong>bi</strong></span> <span class='ocrx_word' id='word_1_43' title='bbox 1962 637 2016 682; x_wconf 92' lang='lat' dir='ltr'><strong>et</strong></span> 
     </span>
    </p>
   </div>
   <div class='ocr_carea' id='block_1_8' title="bbox 441 720 2014 790">
    <p class='ocr_par' dir='ltr' id='par_1_8' title="bbox 441 720 2014 790">
     <span class='ocr_line' id='line_1_8' title="bbox 441 720 2014 790; baseline -0.003 -13"><span class='ocrx_word' id='word_1_44' title='bbox 441 723 809 778; x_wconf 86' lang='lat' dir='ltr'><strong>vociferantur</strong></span> <span class='ocrx_word' id='word_1_45' title='bbox 858 722 996 776; x_wconf 90' lang='lat' dir='ltr'><strong>alter</strong></span> <span class='ocrx_word' id='word_1_46' title='bbox 1025 720 1092 774; x_wconf 90' lang='lat' dir='ltr'><strong>ad</strong></span> <span class='ocrx_word' id='word_1_47' title='bbox 1119 721 1347 773; x_wconf 87' lang='lat' dir='ltr'><strong>alterum</strong></span> <span class='ocrx_word' id='word_1_48' title='bbox 1385 736 1484 790; x_wconf 89' lang='lat' dir='ltr'><strong>pro</strong></span> <span class='ocrx_word' id='word_1_49' title='bbox 1515 722 1632 775; x_wconf 87' lang='lat' dir='ltr'><strong>suis</strong></span> <span class='ocrx_word' id='word_1_50' title='bbox 1670 721 1902 790; x_wconf 87' lang='lat' dir='ltr'><strong>quisque</strong></span> <span class='ocrx_word' id='word_1_51' title='bbox 1931 720 2014 773; x_wconf 90' lang='lat' dir='ltr'><strong>vi-</strong></span> 
     </span>
    </p>
   </div>
   <div class='ocr_carea' id='block_1_9' title="bbox 441 811 2017 882">
    <p class='ocr_par' dir='ltr' id='par_1_9' title="bbox 441 811 2017 882">
     <span class='ocr_line' id='line_1_9' title="bbox 441 811 2017 882; baseline -0.002 -15"><span class='ocrx_word' id='word_1_52' title='bbox 441 817 613 880; x_wconf 81' lang='lat' dir='ltr'><strong>ribus,</strong></span> <span class='ocrx_word' id='word_1_53' title='bbox 650 813 992 867; x_wconf 84' lang='lat' dir='ltr'><strong>sanctitatem</strong></span> <span class='ocrx_word' id='word_1_54' title='bbox 1020 812 1162 880; x_wconf 86' lang='lat' dir='ltr'><strong>ejus,</strong></span> <span class='ocrx_word' id='word_1_55' title='bbox 1190 813 1258 866; x_wconf 91' lang='lat' dir='ltr'><strong>de</strong></span> <span class='ocrx_word' id='word_1_56' title='bbox 1285 828 1392 882; x_wconf 86' lang='lat' dir='ltr'><strong>quo</strong></span> <span class='ocrx_word' id='word_1_57' title='bbox 1418 821 1474 866; x_wconf 94' lang='lat' dir='ltr'><strong>ut</strong></span> <span class='ocrx_word' id='word_1_58' title='bbox 1499 812 1566 866; x_wconf 91' lang='lat' dir='ltr'><strong>de</strong></span> <span class='ocrx_word' id='word_1_59' title='bbox 1607 811 1717 866; x_wconf 90' lang='lat' dir='ltr'><strong>Deo</strong></span> <span class='ocrx_word' id='word_1_60' title='bbox 1776 811 2017 881; x_wconf 87' lang='lat' dir='ltr'><strong>loquitur</strong></span> 
     </span>
    </p>
   </div>
   <div class='ocr_carea' id='block_1_10' title="bbox 440 906 2017 980">
    <p class='ocr_par' dir='ltr' id='par_1_10' title="bbox 440 906 2017 980">
     <span class='ocr_line' id='line_1_10' title="bbox 440 906 2017 980; baseline -0.003 -16"><span class='ocrx_word' id='word_1_61' title='bbox 440 912 722 980; x_wconf 82' lang='lat' dir='ltr'><strong>propheta,</strong></span> <span class='ocrx_word' id='word_1_62' title='bbox 748 909 1218 970; x_wconf 85' lang='lat' dir='ltr'><strong>commendantes,</strong></span> <span class='ocrx_word' id='word_1_63' title='bbox 1251 917 1305 962; x_wconf 91' lang='lat' dir='ltr'><strong>et</strong></span> <span class='ocrx_word' id='word_1_64' title='bbox 1329 907 1475 977; x_wconf 91' lang='lat' dir='ltr'><strong>quod</strong></span> <span class='ocrx_word' id='word_1_65' title='bbox 1505 907 1748 961; x_wconf 91' lang='lat' dir='ltr'><strong>omnium</strong></span> <span class='ocrx_word' id='word_1_66' title='bbox 1779 906 2017 960; x_wconf 87' lang='lat' dir='ltr'><strong>admira-</strong></span> 
     </span>
    </p>
   </div>
   <div class='ocr_carea' id='block_1_11' title="bbox 439 999 2018 1072">
    <p class='ocr_par' dir='ltr' id='par_1_11' title="bbox 439 999 2018 1072">
     <span class='ocr_line' id='line_1_11' title="bbox 439 999 2018 1072; baseline -0.001 -16"><span class='ocrx_word' id='word_1_67' title='bbox 439 1006 588 1058; x_wconf 88' lang='lat' dir='ltr'><strong>tione</strong></span> <span class='ocrx_word' id='word_1_68' title='bbox 618 1002 999 1072; x_wconf 89' lang='lat' dir='ltr'><strong>dignissimum</strong></span> <span class='ocrx_word' id='word_1_69' title='bbox 1027 1012 1130 1066; x_wconf 89' lang='lat' dir='ltr'><strong>est,</strong></span> <span class='ocrx_word' id='word_1_70' title='bbox 1157 1001 1462 1071; x_wconf 87' lang='lat' dir='ltr'><strong>theologice</strong></span> <span class='ocrx_word' id='word_1_71' title='bbox 1484 999 1846 1066; x_wconf 88' lang='lat' dir='ltr'><strong>declarantes,</strong></span> <span class='ocrx_word' id='word_1_72' title='bbox 1870 999 2018 1070; x_wconf 90' lang='lat' dir='ltr'><strong>quod</strong></span> 
     </span>
    </p>
   </div>
   <div class='ocr_carea' id='block_1_12' title="bbox 438 1091 2016 1160">
    <p class='ocr_par' dir='ltr' id='par_1_12' title="bbox 438 1091 2016 1160">
     <span class='ocr_line' id='line_1_12' title="bbox 438 1091 2016 1160; baseline -0.001 -12"><span class='ocrx_word' id='word_1_73' title='bbox 438 1110 546 1148; x_wconf 89' lang='lat' dir='ltr'><strong>non</strong></span> <span class='ocrx_word' id='word_1_74' title='bbox 586 1092 748 1146; x_wconf 89' lang='lat' dir='ltr'><strong>modo</strong></span> <span class='ocrx_word' id='word_1_75' title='bbox 779 1092 999 1155; x_wconf 70' lang='lat' dir='ltr'><strong>ccelum,</strong></span> <span class='ocrx_word' id='word_1_76' title='bbox 1030 1099 1084 1144; x_wconf 91' lang='lat' dir='ltr'><strong>et</strong></span> <span class='ocrx_word' id='word_1_77' title='bbox 1128 1107 1248 1160; x_wconf 68' lang='lat' dir='ltr'><strong>quae</strong></span> <span class='ocrx_word' id='word_1_78' title='bbox 1276 1091 1332 1144; x_wconf 91' lang='lat' dir='ltr'><strong>in</strong></span> <span class='ocrx_word' id='word_1_79' title='bbox 1373 1091 1514 1145; x_wconf 65' lang='lat' dir='ltr'><strong>caelo</strong></span> <span class='ocrx_word' id='word_1_80' title='bbox 1553 1097 1716 1154; x_wconf 91' lang='lat' dir='ltr'><strong>sunt,</strong></span> <span class='ocrx_word' id='word_1_81' title='bbox 1762 1091 2016 1146; x_wconf 88' lang='lat' dir='ltr'><strong>universa</strong></span> 
     </span>
    </p>
   </div>
   <div class='ocr_carea' id='block_1_13' title="bbox 439 1181 2015 1254">
    <p class='ocr_par' dir='ltr' id='par_1_13' title="bbox 439 1181 2015 1254">
     <span class='ocr_line' id='line_1_13' title="bbox 439 1181 2015 1254; baseline 0.001 -18"><span class='ocrx_word' id='word_1_82' title='bbox 439 1185 599 1254; x_wconf 87' lang='lat' dir='ltr'><strong>plena</strong></span> <span class='ocrx_word' id='word_1_83' title='bbox 634 1191 764 1236; x_wconf 89' lang='lat' dir='ltr'><strong>sunt</strong></span> <span class='ocrx_word' id='word_1_84' title='bbox 800 1183 1087 1250; x_wconf 85' lang='lat' dir='ltr'><strong>majestate</strong></span> <span class='ocrx_word' id='word_1_85' title='bbox 1118 1189 1172 1236; x_wconf 92' lang='lat' dir='ltr'><strong>et</strong></span> <span class='ocrx_word' id='word_1_86' title='bbox 1199 1181 1370 1251; x_wconf 81' lang='lat' dir='ltr'><strong>gloria</strong></span> <span class='ocrx_word' id='word_1_87' title='bbox 1401 1182 1542 1250; x_wconf 86' lang='lat' dir='ltr'><strong>ejus,</strong></span> <span class='ocrx_word' id='word_1_88' title='bbox 1578 1181 1671 1235; x_wconf 89' lang='lat' dir='ltr'><strong>sed</strong></span> <span class='ocrx_word' id='word_1_89' title='bbox 1702 1181 1866 1236; x_wconf 89' lang='lat' dir='ltr'><strong>etiam</strong></span> <span class='ocrx_word' id='word_1_90' title='bbox 1894 1197 2015 1237; x_wconf 87' lang='lat' dir='ltr'><strong>om-</strong></span> 
     </span>
    </p>
   </div>
   <div class='ocr_carea' id='block_1_14' title="bbox 439 1271 2021 1344">
    <p class='ocr_par' dir='ltr' id='par_1_14' title="bbox 439 1271 2021 1344">
     <span class='ocr_line' id='line_1_14' title="bbox 439 1271 2021 1344; baseline -0.001 -15"><span class='ocrx_word' id='word_1_91' title='bbox 439 1293 524 1330; x_wconf 84' lang='lat' dir='ltr'><strong>nis</strong></span> <span class='ocrx_word' id='word_1_92' title='bbox 555 1287 695 1331; x_wconf 88' lang='lat' dir='ltr'><strong>terra</strong></span> <span class='ocrx_word' id='word_1_93' title='bbox 728 1273 970 1343; x_wconf 84' lang='lat' dir='ltr'><strong>ejusdem</strong></span> <span class='ocrx_word' id='word_1_94' title='bbox 1032 1271 1310 1327; x_wconf 85' lang='lat' dir='ltr'><strong>facultatis</strong></span> <span class='ocrx_word' id='word_1_95' title='bbox 1350 1287 1412 1326; x_wconf 90' lang='lat' dir='ltr'><strong>ac</strong></span> <span class='ocrx_word' id='word_1_96' title='bbox 1455 1273 1674 1328; x_wconf 85' lang='lat' dir='ltr'><strong>virtutis</strong></span> <span class='ocrx_word' id='word_1_97' title='bbox 1723 1280 1805 1327; x_wconf 86' lang='lat' dir='ltr'><strong>est</strong></span> <span class='ocrx_word' id='word_1_98' title='bbox 1851 1275 2021 1344; x_wconf 83' lang='lat' dir='ltr'><strong>parti-</strong></span> 
     </span>
    </p>
   </div>
   <div class='ocr_carea' id='block_1_15' title="bbox 437 1365 2018 1438">
    <p class='ocr_par' dir='ltr' id='par_1_15' title="bbox 437 1365 2018 1438">
     <span class='ocr_line' id='line_1_15' title="bbox 437 1365 2018 1438; baseline -0.001 -16"><span class='ocrx_word' id='word_1_99' title='bbox 437 1384 598 1438; x_wconf 79' lang='lat' dir='ltr'><strong>ceps,</strong></span> <span class='ocrx_word' id='word_1_100' title='bbox 652 1377 874 1437; x_wconf 88' lang='lat' dir='ltr'><strong>propter</strong></span> <span class='ocrx_word' id='word_1_101' title='bbox 907 1367 1057 1436; x_wconf 89' lang='lat' dir='ltr'><strong>ejus,</strong></span> <span class='ocrx_word' id='word_1_102' title='bbox 1095 1366 1189 1435; x_wconf 88' lang='lat' dir='ltr'><strong>qui</strong></span> <span class='ocrx_word' id='word_1_103' title='bbox 1221 1365 1437 1419; x_wconf 87' lang='lat' dir='ltr'><strong>canitur</strong></span> <span class='ocrx_word' id='word_1_104' title='bbox 1480 1365 1547 1420; x_wconf 92' lang='lat' dir='ltr'><strong>de</strong></span> <span class='ocrx_word' id='word_1_105' title='bbox 1579 1366 1719 1419; x_wconf 65' lang='lat' dir='ltr'><strong>curio</strong></span> <span class='ocrx_word' id='word_1_106' title='bbox 1748 1365 1814 1420; x_wconf 91' lang='lat' dir='ltr'><strong>ad</strong></span> <span class='ocrx_word' id='word_1_107' title='bbox 1842 1366 2018 1421; x_wconf 91' lang='lat' dir='ltr'><strong>homi-</strong></span> 
     </span>
    </p>
   </div>
   <div class='ocr_carea' id='block_1_16' title="bbox 440 1457 2018 1529">
    <p class='ocr_par' dir='ltr' id='par_1_16' title="bbox 440 1457 2018 1529">
     <span class='ocr_line' id='line_1_16' title="bbox 440 1457 2018 1529; baseline -0.001 -16"><span class='ocrx_word' id='word_1_108' title='bbox 440 1476 560 1524; x_wconf 80' lang='lat' dir='ltr'><strong>nes,</strong></span> <span class='ocrx_word' id='word_1_109' title='bbox 593 1459 944 1522; x_wconf 83' lang='lat' dir='ltr'><strong>descensum,</strong></span> <span class='ocrx_word' id='word_1_110' title='bbox 974 1458 1040 1511; x_wconf 92' lang='lat' dir='ltr'><strong>de</strong></span> <span class='ocrx_word' id='word_1_111' title='bbox 1076 1473 1185 1526; x_wconf 91' lang='lat' dir='ltr'><strong>quo</strong></span> <span class='ocrx_word' id='word_1_112' title='bbox 1216 1458 1472 1526; x_wconf 83' lang='lat' dir='ltr'><strong>deinceps</strong></span> <span class='ocrx_word' id='word_1_113' title='bbox 1511 1457 1725 1526; x_wconf 79' lang='lat' dir='ltr'><strong>longius</strong></span> <span class='ocrx_word' id='word_1_114' title='bbox 1760 1472 2018 1529; x_wconf 85' lang='lat' dir='ltr'><strong>progres-</strong></span> 
     </span>
    </p>
   </div>
   <div class='ocr_carea' id='block_1_17' title="bbox 442 1549 2020 1613">
    <p class='ocr_par' dir='ltr' id='par_1_17' title="bbox 442 1549 2020 1613">
     <span class='ocr_line' id='line_1_17' title="bbox 442 1549 2020 1613; baseline 0 -7"><span class='ocrx_word' id='word_1_115' title='bbox 442 1565 561 1606; x_wconf 87' lang='lat' dir='ltr'><strong>sum</strong></span> <span class='ocrx_word' id='word_1_116' title='bbox 594 1550 876 1605; x_wconf 90' lang='lat' dir='ltr'><strong>oraculum</strong></span> <span class='ocrx_word' id='word_1_117' title='bbox 925 1549 1290 1613; x_wconf 87' lang='lat' dir='ltr'><strong>vaticinatur,</strong></span> <span class='ocrx_word' id='word_1_118' title='bbox 1347 1564 1448 1602; x_wconf 89' lang='lat' dir='ltr'><strong>nec</strong></span> <span class='ocrx_word' id='word_1_119' title='bbox 1479 1563 1591 1602; x_wconf 90' lang='lat' dir='ltr'><strong>non</strong></span> <span class='ocrx_word' id='word_1_120' title='bbox 1630 1560 1685 1604; x_wconf 92' lang='lat' dir='ltr'><strong>et</strong></span> <span class='ocrx_word' id='word_1_121' title='bbox 1741 1558 1922 1604; x_wconf 90' lang='lat' dir='ltr'><strong>ortum</strong></span> <span class='ocrx_word' id='word_1_122' title='bbox 1952 1553 2020 1607; x_wconf 88' lang='lat' dir='ltr'><strong>de</strong></span> 
     </span>
    </p>
   </div>
   <div class='ocr_carea' id='block_1_18' title="bbox 442 1642 2019 1715">
    <p class='ocr_par' dir='ltr' id='par_1_18' title="bbox 442 1642 2019 1715">
     <span class='ocr_line' id='line_1_18' title="bbox 442 1642 2019 1715; baseline 0.003 -18"><span class='ocrx_word' id='word_1_123' title='bbox 442 1643 687 1715; x_wconf 75' lang='lat' dir='ltr'><strong>Virgine,</strong></span> <span class='ocrx_word' id='word_1_124' title='bbox 718 1651 772 1699; x_wconf 89' lang='lat' dir='ltr'><strong>et</strong></span> <span class='ocrx_word' id='word_1_125' title='bbox 801 1659 895 1713; x_wconf 88' lang='lat' dir='ltr'><strong>per</strong></span> <span class='ocrx_word' id='word_1_126' title='bbox 924 1642 1070 1696; x_wconf 91' lang='lat' dir='ltr'><strong>hunc</strong></span> <span class='ocrx_word' id='word_1_127' title='bbox 1102 1643 1266 1697; x_wconf 89' lang='lat' dir='ltr'><strong>latius</strong></span> <span class='ocrx_word' id='word_1_128' title='bbox 1309 1643 1363 1696; x_wconf 85' lang='lat' dir='ltr'><strong>in</strong></span> <span class='ocrx_word' id='word_1_129' title='bbox 1408 1659 1625 1698; x_wconf 87' lang='lat' dir='ltr'><strong>onmem</strong></span> <span class='ocrx_word' id='word_1_130' title='bbox 1660 1652 1861 1699; x_wconf 87' lang='lat' dir='ltr'><strong>terram</strong></span> <span class='ocrx_word' id='word_1_131' title='bbox 1904 1645 2019 1701; x_wconf 89' lang='lat' dir='ltr'><strong>dis-</strong></span> 
     </span>
    </p>
   </div>
   <div class='ocr_carea' id='block_1_19' title="bbox 441 1733 2016 1806">
    <p class='ocr_par' dir='ltr' id='par_1_19' title="bbox 441 1733 2016 1806">
     <span class='ocr_line' id='line_1_19' title="bbox 441 1733 2016 1806; baseline 0.001 -13"><span class='ocrx_word' id='word_1_132' title='bbox 441 1738 764 1793; x_wconf 76' lang='lat' dir='ltr'><strong>seminatum</strong></span> <span class='ocrx_word' id='word_1_133' title='bbox 793 1735 980 1806; x_wconf 74' lang='lat' dir='ltr'><strong>gloria:</strong></span> <span class='ocrx_word' id='word_1_134' title='bbox 1029 1733 1148 1803; x_wconf 89' lang='lat' dir='ltr'><strong>ejus</strong></span> <span class='ocrx_word' id='word_1_135' title='bbox 1201 1734 1618 1791; x_wconf 87' lang='lat' dir='ltr'><strong>celebrationem</strong></span> <span class='ocrx_word' id='word_1_136' title='bbox 1647 1777 1661 1801; x_wconf 91' lang='lat'><strong>,</strong></span> <span class='ocrx_word' id='word_1_137' title='bbox 1711 1737 2016 1794; x_wconf 83' lang='lat' dir='ltr'><strong>denuntiat.</strong></span> 
     </span>
    </p>
   </div>
   <div class='ocr_carea' id='block_1_20' title="bbox 439 1823 2018 1898">
    <p class='ocr_par' dir='ltr' id='par_1_20' title="bbox 439 1823 2018 1898">
     <span class='ocr_line' id='line_1_20' title="bbox 439 1823 2018 1898; baseline 0.003 -17"><span class='ocrx_word' id='word_1_138' title='bbox 439 1828 706 1884; x_wconf 89' lang='lat' dir='ltr'><strong>Dominus</strong></span> <span class='ocrx_word' id='word_1_139' title='bbox 754 1837 933 1882; x_wconf 89' lang='lat' dir='ltr'><strong>autem</strong></span> <span class='ocrx_word' id='word_1_140' title='bbox 997 1823 1240 1880; x_wconf 86' lang='lat' dir='ltr'><strong>Sabaoth</strong></span> <span class='ocrx_word' id='word_1_141' title='bbox 1291 1843 1358 1881; x_wconf 90' lang='lat' dir='ltr'><strong>ex</strong></span> <span class='ocrx_word' id='word_1_142' title='bbox 1405 1829 1889 1898; x_wconf 85' lang='lat' dir='ltr'><strong>interpretatione,</strong></span> <span class='ocrx_word' id='word_1_143' title='bbox 1933 1839 2018 1887; x_wconf 91' lang='lat' dir='ltr'><strong>est</strong></span> 
     </span>
    </p>
   </div>
   <div class='ocr_carea' id='block_1_21' title="bbox 441 1921 2018 1993">
    <p class='ocr_par' dir='ltr' id='par_1_21' title="bbox 441 1921 2018 1993">
     <span class='ocr_line' id='line_1_21' title="bbox 441 1921 2018 1993; baseline 0.003 -19"><span class='ocrx_word' id='word_1_144' title='bbox 441 1921 698 1975; x_wconf 79' lang='lat' dir='ltr'><strong>Dominus</strong></span> <span class='ocrx_word' id='word_1_145' title='bbox 727 1921 1050 1975; x_wconf 77' lang='lat' dir='ltr'><strong>exercituum</strong></span> <span class='ocrx_word' id='word_1_146' title='bbox 1073 1935 1092 1973; x_wconf 92' lang='grc'><strong>.·</strong></span> <span class='ocrx_word' id='word_1_147' title='bbox 1124 1921 1170 1976; x_wconf 91' lang='lat' dir='ltr'><strong>is</strong></span> <span class='ocrx_word' id='word_1_148' title='bbox 1203 1927 1386 1974; x_wconf 84' lang='lat' dir='ltr'><strong>autem</strong></span> <span class='ocrx_word' id='word_1_149' title='bbox 1415 1921 1518 1975; x_wconf 91' lang='lat' dir='ltr'><strong>erit</strong></span> <span class='ocrx_word' id='word_1_150' title='bbox 1550 1921 1759 1992; x_wconf 90' lang='lat' dir='ltr'><strong>primus</strong></span> <span class='ocrx_word' id='word_1_151' title='bbox 1791 1921 2018 1993; x_wconf 89' lang='lat' dir='ltr'><strong>impera-</strong></span> 
     </span>
    </p>
   </div>
   <div class='ocr_carea' id='block_1_22' title="bbox 441 2010 2019 2081">
    <p class='ocr_par' dir='ltr' id='par_1_22' title="bbox 441 2010 2019 2081">
     <span class='ocr_line' id='line_1_22' title="bbox 441 2010 2019 2081; baseline 0.004 -17"><span class='ocrx_word' id='word_1_152' title='bbox 441 2021 528 2065; x_wconf 87' lang='lat' dir='ltr'><strong>tor</strong></span> <span class='ocrx_word' id='word_1_153' title='bbox 555 2011 888 2066; x_wconf 86' lang='lat' dir='ltr'><strong>exercituum</strong></span> <span class='ocrx_word' id='word_1_154' title='bbox 924 2010 1170 2075; x_wconf 89' lang='lat' dir='ltr'><strong>Domini,</strong></span> <span class='ocrx_word' id='word_1_155' title='bbox 1203 2026 1364 2081; x_wconf 88' lang='lat' dir='ltr'><strong>quem</strong></span> <span class='ocrx_word' id='word_1_156' title='bbox 1401 2013 1455 2065; x_wconf 91' lang='lat' dir='ltr'><strong>in</strong></span> <span class='ocrx_word' id='word_1_157' title='bbox 1483 2012 1644 2066; x_wconf 89' lang='lat' dir='ltr'><strong>tertio</strong></span> <span class='ocrx_word' id='word_1_158' title='bbox 1667 2027 1731 2067; x_wconf 89' lang='lat' dir='ltr'><strong>ac</strong></span> <span class='ocrx_word' id='word_1_159' title='bbox 1756 2014 2019 2070; x_wconf 76' lang='lat' dir='ltr'><strong>vicesimo</strong></span> 
     </span>
    </p>
   </div>
   <div class='ocr_carea' id='block_1_23' title="bbox 444 2099 2019 2175">
    <p class='ocr_par' dir='ltr' id='par_1_23' title="bbox 444 2099 2019 2175">
     <span class='ocr_line' id='line_1_23' title="bbox 444 2099 2019 2175; baseline 0.001 -17"><span class='ocrx_word' id='word_1_160' title='bbox 444 2105 652 2172; x_wconf 89' lang='lat' dir='ltr'><strong>psalmo</strong></span> <span class='ocrx_word' id='word_1_161' title='bbox 700 2100 990 2156; x_wconf 90' lang='lat' dir='ltr'><strong>Dominum</strong></span> <span class='ocrx_word' id='word_1_162' title='bbox 1030 2099 1291 2168; x_wconf 87' lang='lat' dir='ltr'><strong>Sabaoth,</strong></span> <span class='ocrx_word' id='word_1_163' title='bbox 1326 2101 1524 2157; x_wconf 76' lang='lat' dir='ltr'><strong>divinae</strong></span> <span class='ocrx_word' id='word_1_164' title='bbox 1557 2119 1750 2160; x_wconf 87' lang='lat' dir='ltr'><strong>rursus</strong></span> <span class='ocrx_word' id='word_1_165' title='bbox 1777 2114 2019 2175; x_wconf 85' lang='lat' dir='ltr'><strong>potesta-</strong></span> 
     </span>
    </p>
   </div>
   <div class='ocr_carea' id='block_1_24' title="bbox 442 2194 2018 2266">
    <p class='ocr_par' dir='ltr' id='par_1_24' title="bbox 442 2194 2018 2266">
     <span class='ocr_line' id='line_1_24' title="bbox 442 2194 2018 2266; baseline 0.003 -17"><span class='ocrx_word' id='word_1_166' title='bbox 442 2205 524 2250; x_wconf 87' lang='lat' dir='ltr'><strong>tes</strong></span> <span class='ocrx_word' id='word_1_167' title='bbox 571 2196 879 2266; x_wconf 87' lang='lat' dir='ltr'><strong>appellant,</strong></span> <span class='ocrx_word' id='word_1_168' title='bbox 939 2194 1030 2249; x_wconf 91' lang='lat' dir='ltr'><strong>ubi</strong></span> <span class='ocrx_word' id='word_1_169' title='bbox 1082 2195 1329 2264; x_wconf 89' lang='lat' dir='ltr'><strong>ejusdem</strong></span> <span class='ocrx_word' id='word_1_170' title='bbox 1387 2197 1454 2251; x_wconf 90' lang='lat' dir='ltr'><strong>de</strong></span> <span class='ocrx_word' id='word_1_171' title='bbox 1509 2207 1651 2251; x_wconf 89' lang='lat' dir='ltr'><strong>terra</strong></span> <span class='ocrx_word' id='word_1_172' title='bbox 1701 2197 1769 2251; x_wconf 90' lang='lat' dir='ltr'><strong>ad</strong></span> <span class='ocrx_word' id='word_1_173' title='bbox 1819 2199 2018 2254; x_wconf 76' lang='lat' dir='ltr'><strong>etelum</strong></span> 
     </span>
    </p>
   </div>
   <div class='ocr_carea' id='block_1_25' title="bbox 441 2287 2020 2353">
    <p class='ocr_par' dir='ltr' id='par_1_25' title="bbox 441 2287 2020 2353">
     <span class='ocr_line' id='line_1_25' title="bbox 441 2287 2020 2353; baseline 0.001 -9"><span class='ocrx_word' id='word_1_174' title='bbox 441 2301 730 2344; x_wconf 66' lang='lat' dir='ltr'><strong>:Ccensum</strong></span> <span class='ocrx_word' id='word_1_175' title='bbox 752 2287 1019 2353; x_wconf 80' lang='lat' dir='ltr'><strong>divinant,</strong></span> <span class='ocrx_word' id='word_1_176' title='bbox 1041 2296 1095 2341; x_wconf 92' lang='lat' dir='ltr'><strong>et</strong></span> <span class='ocrx_word' id='word_1_177' title='bbox 1124 2295 1328 2341; x_wconf 92' lang='lat' dir='ltr'><strong>canunt</strong></span> <span class='ocrx_word' id='word_1_178' title='bbox 1357 2289 1538 2343; x_wconf 84' lang='lat' dir='ltr'><strong>verbis</strong></span> <span class='ocrx_word' id='word_1_179' title='bbox 1577 2289 1689 2342; x_wconf 90' lang='lat' dir='ltr'><strong>illis</strong></span> <span class='ocrx_word' id='word_1_180' title='bbox 1715 2306 1730 2343; x_wconf 83' lang='lat'>:</span> <span class='ocrx_word' id='word_1_181' title='bbox 1766 2305 1787 2340; x_wconf 70' lang='grc' dir='ltr'>ς</span> <span class='ocrx_word' id='word_1_182' title='bbox 1825 2287 2020 2346; x_wconf 83' lang='lat' dir='ltr'><strong>Tollite</strong></span> 
     </span>
    </p>
   </div>
   <div class='ocr_carea' id='block_1_26' title="bbox 439 2379 2020 2450">
    <p class='ocr_par' dir='ltr' id='par_1_26' title="bbox 439 2379 2020 2450">
     <span class='ocr_line' id='line_1_26' title="bbox 439 2379 2020 2450; baseline 0.002 -18"><span class='ocrx_word' id='word_1_183' title='bbox 439 2389 657 2449; x_wconf 90' lang='lat' dir='ltr'><strong>portas,</strong></span> <span class='ocrx_word' id='word_1_184' title='bbox 709 2379 1023 2449; x_wconf 88' lang='lat' dir='ltr'><strong>principes,</strong></span> <span class='ocrx_word' id='word_1_185' title='bbox 1081 2389 1324 2442; x_wconf 79' lang='lat' dir='ltr'><strong>vestras,</strong></span> <span class='ocrx_word' id='word_1_186' title='bbox 1387 2386 1442 2434; x_wconf 90' lang='lat' dir='ltr'><strong>et</strong></span> <span class='ocrx_word' id='word_1_187' title='bbox 1485 2379 1809 2448; x_wconf 87' lang='lat' dir='ltr'><strong>elevamini,</strong></span> <span class='ocrx_word' id='word_1_188' title='bbox 1853 2390 2020 2450; x_wconf 71' lang='lat' dir='ltr'><strong>portae</strong></span> 
     </span>
    </p>
   </div>
   <div class='ocr_carea' id='block_1_27' title="bbox 439 2469 2015 2541">
    <p class='ocr_par' dir='ltr' id='par_1_27' title="bbox 439 2469 2015 2541">
     <span class='ocr_line' id='line_1_27' title="bbox 439 2469 2015 2541; baseline -0.001 -14"><span class='ocrx_word' id='word_1_189' title='bbox 439 2484 673 2536; x_wconf 62' lang='lat' dir='ltr'><strong>aeternae,</strong></span> <span class='ocrx_word' id='word_1_190' title='bbox 705 2482 760 2527; x_wconf 90' lang='lat' dir='ltr'><strong>et</strong></span> <span class='ocrx_word' id='word_1_191' title='bbox 808 2471 1056 2525; x_wconf 83' lang='lat' dir='ltr'><strong>introibit</strong></span> <span class='ocrx_word' id='word_1_192' title='bbox 1082 2469 1197 2526; x_wconf 78' lang='lat' dir='ltr'><strong>Rex</strong></span> <span class='ocrx_word' id='word_1_193' title='bbox 1224 2471 1428 2541; x_wconf 53' lang='lat' dir='ltr'><strong>gloria’.</strong></span> <span class='ocrx_word' id='word_1_194' title='bbox 1489 2469 1624 2536; x_wconf 87' lang='lat' dir='ltr'><strong>Quis</strong></span> <span class='ocrx_word' id='word_1_195' title='bbox 1652 2482 1734 2526; x_wconf 93' lang='lat' dir='ltr'><strong>est</strong></span> <span class='ocrx_word' id='word_1_196' title='bbox 1772 2473 1876 2527; x_wconf 90' lang='lat' dir='ltr'><strong>iste</strong></span> <span class='ocrx_word' id='word_1_197' title='bbox 1923 2489 2015 2527; x_wconf 89' lang='lat' dir='ltr'><strong>rex</strong></span> 
     </span>
    </p>
   </div>
   <div class='ocr_carea' id='block_1_28' title="bbox 439 2563 2013 2636">
    <p class='ocr_par' dir='ltr' id='par_1_28' title="bbox 439 2563 2013 2636">
     <span class='ocr_line' id='line_1_28' title="bbox 439 2563 2013 2636; baseline -0.001 -19"><span class='ocrx_word' id='word_1_198' title='bbox 439 2565 659 2636; x_wconf 71' lang='lat' dir='ltr'><strong>gloriae?</strong></span> <span class='ocrx_word' id='word_1_199' title='bbox 682 2563 942 2634; x_wconf 69' lang='lat' dir='ltr'><strong>Dominus</strong></span> <span class='ocrx_word' id='word_1_200' title='bbox 962 2563 1322 2626; x_wconf 78' lang='lat' dir='ltr'><strong>exercituum,</strong></span> <span class='ocrx_word' id='word_1_201' title='bbox 1349 2563 1465 2632; x_wconf 89' lang='lat' dir='ltr'><strong>ipse</strong></span> <span class='ocrx_word' id='word_1_202' title='bbox 1482 2571 1565 2620; x_wconf 90' lang='lat' dir='ltr'><strong>est</strong></span> <span class='ocrx_word' id='word_1_203' title='bbox 1584 2580 1678 2618; x_wconf 87' lang='lat' dir='ltr'><strong>rex</strong></span> <span class='ocrx_word' id='word_1_204' title='bbox 1696 2564 1881 2634; x_wconf 76' lang='lat' dir='ltr'><strong>gloria:</strong></span> <span class='ocrx_word' id='word_1_205' title='bbox 1900 2565 1965 2618; x_wconf 72' lang='lat'><strong>‘°.</strong></span> <span class='ocrx_word' id='word_1_206' title='bbox 1994 2583 2013 2616; x_wconf 72' lang='grc' dir='ltr'><strong>ι</strong></span> 
     </span>
    </p>
   </div>
   <div class='ocr_carea' id='block_1_29' title="bbox 439 2655 2020 2728">
    <p class='ocr_par' dir='ltr' id='par_1_29' title="bbox 439 2655 2020 2728">
     <span class='ocr_line' id='line_1_29' title="bbox 439 2655 2020 2728; baseline 0.003 -20"><span class='ocrx_word' id='word_1_207' title='bbox 439 2657 602 2728; x_wconf 72' lang='grc'><strong>312</strong></span> <span class='ocrx_word' id='word_1_208' title='bbox 634 2655 934 2710; x_wconf 82' lang='lat' dir='ltr'><strong>llebraicus</strong></span> <span class='ocrx_word' id='word_1_209' title='bbox 977 2657 1123 2710; x_wconf 87' lang='lat' dir='ltr'><strong>enim</strong></span> <span class='ocrx_word' id='word_1_210' title='bbox 1167 2663 1456 2710; x_wconf 87' lang='lat' dir='ltr'><strong>contextus</strong></span> <span class='ocrx_word' id='word_1_211' title='bbox 1497 2657 1599 2709; x_wconf 93' lang='lat' dir='ltr'><strong>hoc</strong></span> <span class='ocrx_word' id='word_1_212' title='bbox 1653 2656 1772 2710; x_wconf 85' lang='lat' dir='ltr'><strong>loco</strong></span> <span class='ocrx_word' id='word_1_213' title='bbox 1825 2671 2020 2713; x_wconf 88' lang='lat' dir='ltr'><strong>rursus</strong></span> 
     </span>
    </p>
   </div>
   <div class='ocr_carea' id='block_1_30' title="bbox 444 2745 2021 2818">
    <p class='ocr_par' dir='ltr' id='par_1_30' title="bbox 444 2745 2021 2818">
     <span class='ocr_line' id='line_1_30' title="bbox 444 2745 2021 2818; baseline 0.001 -16"><span class='ocrx_word' id='word_1_214' title='bbox 444 2748 732 2803; x_wconf 84' lang='lat' dir='ltr'><strong>Dominum</strong></span> <span class='ocrx_word' id='word_1_215' title='bbox 769 2745 1010 2802; x_wconf 90' lang='lat' dir='ltr'><strong>Sabaoth</strong></span> <span class='ocrx_word' id='word_1_216' title='bbox 1058 2747 1215 2800; x_wconf 90' lang='lat' dir='ltr'><strong>illum</strong></span> <span class='ocrx_word' id='word_1_217' title='bbox 1261 2756 1461 2801; x_wconf 83' lang='lat' dir='ltr'><strong>vocat:</strong></span> <span class='ocrx_word' id='word_1_218' title='bbox 1497 2755 1551 2802; x_wconf 92' lang='lat' dir='ltr'><strong>et</strong></span> <span class='ocrx_word' id='word_1_219' title='bbox 1597 2748 1858 2817; x_wconf 91' lang='lat' dir='ltr'><strong>quoniam</strong></span> <span class='ocrx_word' id='word_1_220' title='bbox 1904 2748 2021 2818; x_wconf 74' lang='lat' dir='ltr'><strong>ipse</strong></span> 
     </span>
    </p>
   </div>
   <div class='ocr_carea' id='block_1_31' title="bbox 441 2839 2018 2910">
    <p class='ocr_par' dir='ltr' id='par_1_31' title="bbox 441 2839 2018 2910">
     <span class='ocr_line' id='line_1_31' title="bbox 441 2839 2018 2910; baseline 0 -15"><span class='ocrx_word' id='word_1_221' title='bbox 441 2853 523 2898; x_wconf 85' lang='lat' dir='ltr'><strong>est</strong></span> <span class='ocrx_word' id='word_1_222' title='bbox 554 2840 667 2896; x_wconf 83' lang='lat' dir='ltr'><strong>Rex</strong></span> <span class='ocrx_word' id='word_1_223' title='bbox 691 2841 896 2910; x_wconf 83' lang='lat' dir='ltr'><strong>gloriae,</strong></span> <span class='ocrx_word' id='word_1_224' title='bbox 935 2850 991 2896; x_wconf 88' lang='lat' dir='ltr'><strong>et</strong></span> <span class='ocrx_word' id='word_1_225' title='bbox 1023 2848 1246 2910; x_wconf 85' lang='lat' dir='ltr'><strong>propter</strong></span> <span class='ocrx_word' id='word_1_226' title='bbox 1274 2840 1394 2909; x_wconf 88' lang='lat' dir='ltr'><strong>ejus</strong></span> <span class='ocrx_word' id='word_1_227' title='bbox 1425 2839 1738 2904; x_wconf 88' lang='lat' dir='ltr'><strong>adventum,</strong></span> <span class='ocrx_word' id='word_1_228' title='bbox 1775 2840 2018 2895; x_wconf 89' lang='lat' dir='ltr'><strong>futurum</strong></span> 
     </span>
    </p>
   </div>
   <div class='ocr_carea' id='block_1_32' title="bbox 441 2933 2021 3004">
    <p class='ocr_par' dir='ltr' id='par_1_32' title="bbox 441 2933 2021 3004">
     <span class='ocr_line' id='line_1_32' title="bbox 441 2933 2021 3004; baseline 0 -13"><span class='ocrx_word' id='word_1_229' title='bbox 441 2943 559 2991; x_wconf 88' lang='lat' dir='ltr'><strong>erat</strong></span> <span class='ocrx_word' id='word_1_230' title='bbox 599 2946 657 2990; x_wconf 91' lang='lat' dir='ltr'><strong>ut</strong></span> <span class='ocrx_word' id='word_1_231' title='bbox 681 2936 861 2990; x_wconf 85' lang='lat' dir='ltr'><strong>omnis</strong></span> <span class='ocrx_word' id='word_1_232' title='bbox 899 2943 1042 2990; x_wconf 91' lang='lat' dir='ltr'><strong>terra</strong></span> <span class='ocrx_word' id='word_1_233' title='bbox 1085 2933 1402 3002; x_wconf 89' lang='lat' dir='ltr'><strong>impleretur</strong></span> <span class='ocrx_word' id='word_1_234' title='bbox 1432 2935 1603 3004; x_wconf 89' lang='lat' dir='ltr'><strong>gloria</strong></span> <span class='ocrx_word' id='word_1_235' title='bbox 1645 2935 1788 3004; x_wconf 88' lang='lat' dir='ltr'><strong>ejus,</strong></span> <span class='ocrx_word' id='word_1_236' title='bbox 1823 2936 2021 2991; x_wconf 89' lang='lat' dir='ltr'><strong>merito</strong></span> 
     </span>
    </p>
   </div>
   <div class='ocr_carea' id='block_1_33' title="bbox 443 3018 2022 3098">
    <p class='ocr_par' dir='ltr' id='par_1_33' title="bbox 443 3018 2022 3098">
     <span class='ocr_line' id='line_1_33' title="bbox 443 3018 2022 3098; baseline 0 -16"><span class='ocrx_word' id='word_1_237' title='bbox 443 3028 586 3098; x_wconf 90' lang='lat' dir='ltr'><strong>quod</strong></span> <span class='ocrx_word' id='word_1_238' title='bbox 620 3028 861 3080; x_wconf 90' lang='lat' dir='ltr'><strong>futurum</strong></span> <span class='ocrx_word' id='word_1_239' title='bbox 893 3035 1031 3090; x_wconf 88' lang='lat' dir='ltr'><strong>erat,</strong></span> <span class='ocrx_word' id='word_1_240' title='bbox 1053 3033 1106 3080; x_wconf 88' lang='lat' dir='ltr'><strong>et</strong></span> <span class='ocrx_word' id='word_1_241' title='bbox 1141 3026 1195 3078; x_wconf 92' lang='lat' dir='ltr'><strong>in</strong></span> <span class='ocrx_word' id='word_1_242' title='bbox 1227 3025 1512 3096; x_wconf 88' lang='lat' dir='ltr'><strong>propheta,</strong></span> <span class='ocrx_word' id='word_1_243' title='bbox 1543 3034 1597 3080; x_wconf 90' lang='lat' dir='ltr'><strong>et</strong></span> <span class='ocrx_word' id='word_1_244' title='bbox 1630 3018 1682 3079; x_wconf 85' lang='lat' dir='ltr'><strong>in</strong></span> <span class='ocrx_word' id='word_1_245' title='bbox 1710 3027 1919 3096; x_wconf 87' lang='lat' dir='ltr'><strong>psalmo</strong></span> <span class='ocrx_word' id='word_1_246' title='bbox 1937 3027 2022 3082; x_wconf 82' lang='lat' dir='ltr'><strong>di-</strong></span> 
     </span>
    </p>
   </div>
   <div class='ocr_carea' id='block_1_34' title="bbox 443 3117 2017 3188">
    <p class='ocr_par' dir='ltr' id='par_1_34' title="bbox 443 3117 2017 3188">
     <span class='ocr_line' id='line_1_34' title="bbox 443 3117 2017 3188; baseline -0.001 -13"><span class='ocrx_word' id='word_1_247' title='bbox 443 3131 593 3175; x_wconf 90' lang='lat' dir='ltr'><strong>ctum</strong></span> <span class='ocrx_word' id='word_1_248' title='bbox 624 3129 727 3175; x_wconf 89' lang='lat' dir='ltr'><strong>est.</strong></span> <span class='ocrx_word' id='word_1_249' title='bbox 762 3118 820 3172; x_wconf 91' lang='lat' dir='ltr'><strong>In</strong></span> <span class='ocrx_word' id='word_1_250' title='bbox 853 3117 1118 3188; x_wconf 89' lang='lat' dir='ltr'><strong>propheta</strong></span> <span class='ocrx_word' id='word_1_251' title='bbox 1145 3117 1367 3186; x_wconf 89' lang='lat' dir='ltr'><strong>quidem</strong></span> <span class='ocrx_word' id='word_1_252' title='bbox 1407 3117 1516 3173; x_wconf 91' lang='lat' dir='ltr'><strong>illis</strong></span> <span class='ocrx_word' id='word_1_253' title='bbox 1544 3118 1726 3174; x_wconf 79' lang='lat' dir='ltr'><strong>verbis</strong></span> <span class='ocrx_word' id='word_1_254' title='bbox 1753 3136 1766 3172; x_wconf 93' lang='lat'>:</span> <span class='ocrx_word' id='word_1_255' title='bbox 1803 3137 1821 3170; x_wconf 75' lang='grc' dir='ltr'><strong>ι</strong></span> <span class='ocrx_word' id='word_1_256' title='bbox 1852 3118 2017 3174; x_wconf 88' lang='lat' dir='ltr'><strong>Plena</strong></span> 
     </span>
    </p>
   </div>
   <div class='ocr_carea' id='block_1_35' title="bbox 441 3209 2021 3280">
    <p class='ocr_par' dir='ltr' id='par_1_35' title="bbox 441 3209 2021 3280">
     <span class='ocr_line' id='line_1_35' title="bbox 441 3209 2021 3280; baseline -0.001 -13"><span class='ocrx_word' id='word_1_257' title='bbox 441 3222 527 3267; x_wconf 87' lang='lat' dir='ltr'><strong>est</strong></span> <span class='ocrx_word' id='word_1_258' title='bbox 549 3214 730 3267; x_wconf 90' lang='lat' dir='ltr'><strong>omnis</strong></span> <span class='ocrx_word' id='word_1_259' title='bbox 763 3221 906 3266; x_wconf 89' lang='lat' dir='ltr'><strong>terra</strong></span> <span class='ocrx_word' id='word_1_260' title='bbox 942 3211 1114 3280; x_wconf 89' lang='lat' dir='ltr'><strong>gloria</strong></span> <span class='ocrx_word' id='word_1_261' title='bbox 1140 3209 1261 3279; x_wconf 87' lang='lat' dir='ltr'><strong>ejus</strong></span> <span class='ocrx_word' id='word_1_262' title='bbox 1286 3229 1300 3276; x_wconf 92' lang='lat'><strong>;</strong></span> <span class='ocrx_word' id='word_1_263' title='bbox 1337 3230 1356 3262; x_wconf 74' lang='grc' dir='ltr'><strong>ι</strong></span> <span class='ocrx_word' id='word_1_264' title='bbox 1386 3210 1439 3264; x_wconf 92' lang='lat' dir='ltr'><strong>in</strong></span> <span class='ocrx_word' id='word_1_265' title='bbox 1469 3211 1680 3280; x_wconf 89' lang='lat' dir='ltr'><strong>psalmo</strong></span> <span class='ocrx_word' id='word_1_266' title='bbox 1708 3219 1888 3266; x_wconf 88' lang='lat' dir='ltr'><strong>autem</strong></span> <span class='ocrx_word' id='word_1_267' title='bbox 1915 3213 2021 3266; x_wconf 90' lang='lat' dir='ltr'><strong>ini-</strong></span> 
     </span>
    </p>
   </div>
   <div class='ocr_carea' id='block_1_36' title="bbox 441 3301 2022 3373">
    <p class='ocr_par' dir='ltr' id='par_1_36' title="bbox 441 3301 2022 3373">
     <span class='ocr_line' id='line_1_36' title="bbox 441 3301 2022 3373; baseline -0.001 -15"><span class='ocrx_word' id='word_1_268' title='bbox 441 3306 519 3358; x_wconf 84' lang='lat' dir='ltr'><strong>tio</strong></span> <span class='ocrx_word' id='word_1_269' title='bbox 551 3304 735 3358; x_wconf 88' lang='lat' dir='ltr'><strong>statim</strong></span> <span class='ocrx_word' id='word_1_270' title='bbox 768 3303 861 3357; x_wconf 89' lang='lat' dir='ltr'><strong>ubi</strong></span> <span class='ocrx_word' id='word_1_271' title='bbox 901 3303 976 3355; x_wconf 87' lang='lat' dir='ltr'><strong>ait</strong></span> <span class='ocrx_word' id='word_1_272' title='bbox 1006 3321 1018 3356; x_wconf 94' lang='lat'>:</span> <span class='ocrx_word' id='word_1_273' title='bbox 1057 3320 1076 3354; x_wconf 73' lang='grc' dir='ltr'><strong>ι</strong></span> <span class='ocrx_word' id='word_1_274' title='bbox 1111 3301 1329 3356; x_wconf 84' lang='lat' dir='ltr'><strong>Domini</strong></span> <span class='ocrx_word' id='word_1_275' title='bbox 1377 3309 1463 3357; x_wconf 91' lang='lat' dir='ltr'><strong>est</strong></span> <span class='ocrx_word' id='word_1_276' title='bbox 1494 3312 1639 3357; x_wconf 89' lang='lat' dir='ltr'><strong>terra</strong></span> <span class='ocrx_word' id='word_1_277' title='bbox 1669 3310 1723 3358; x_wconf 93' lang='lat' dir='ltr'><strong>et</strong></span> <span class='ocrx_word' id='word_1_278' title='bbox 1747 3303 2022 3373; x_wconf 88' lang='lat' dir='ltr'><strong>plenitudo</strong></span> 
     </span>
    </p>
   </div>
   <div class='ocr_carea' id='block_1_37' title="bbox 441 3395 2021 3466">
    <p class='ocr_par' dir='ltr' id='par_1_37' title="bbox 441 3395 2021 3466">
     <span class='ocr_line' id='line_1_37' title="bbox 441 3395 2021 3466; baseline -0.001 -14"><span class='ocrx_word' id='word_1_279' title='bbox 441 3398 600 3466; x_wconf 81' lang='lat' dir='ltr'><strong>ejus,</strong></span> <span class='ocrx_word' id='word_1_280' title='bbox 656 3395 806 3449; x_wconf 87' lang='lat' dir='ltr'><strong>orbis</strong></span> <span class='ocrx_word' id='word_1_281' title='bbox 856 3403 1151 3458; x_wconf 87' lang='lat' dir='ltr'><strong>terrarum,</strong></span> <span class='ocrx_word' id='word_1_282' title='bbox 1184 3403 1239 3450; x_wconf 90' lang='lat' dir='ltr'><strong>et</strong></span> <span class='ocrx_word' id='word_1_283' title='bbox 1292 3410 1484 3450; x_wconf 88' lang='lat' dir='ltr'><strong>omnes</strong></span> <span class='ocrx_word' id='word_1_284' title='bbox 1522 3397 1615 3465; x_wconf 91' lang='lat' dir='ltr'><strong>qui</strong></span> <span class='ocrx_word' id='word_1_285' title='bbox 1663 3395 1914 3451; x_wconf 89' lang='lat' dir='ltr'><strong>habitant</strong></span> <span class='ocrx_word' id='word_1_286' title='bbox 1966 3397 2021 3451; x_wconf 90' lang='lat' dir='ltr'><strong>in</strong></span> 
     </span>
    </p>
   </div>
   <div class='ocr_carea' id='block_1_38' title="bbox 441 3484 2022 3556">
    <p class='ocr_par' dir='ltr' id='par_1_38' title="bbox 441 3484 2022 3556">
     <span class='ocr_line' id='line_1_38' title="bbox 441 3484 2022 3556; baseline -0.001 -14"><span class='ocrx_word' id='word_1_287' title='bbox 441 3503 508 3542; x_wconf 88' lang='lat' dir='ltr'><strong>eo</strong></span> <span class='ocrx_word' id='word_1_288' title='bbox 527 3485 598 3540; x_wconf 72' lang='lat'><strong>“.</strong></span> <span class='ocrx_word' id='word_1_289' title='bbox 629 3505 648 3538; x_wconf 71' lang='grc' dir='ltr'><strong>ι</strong></span> <span class='ocrx_word' id='word_1_290' title='bbox 691 3484 787 3540; x_wconf 90' lang='lat' dir='ltr'><strong>His</strong></span> <span class='ocrx_word' id='word_1_291' title='bbox 808 3494 988 3540; x_wconf 88' lang='lat' dir='ltr'><strong>autem</strong></span> <span class='ocrx_word' id='word_1_292' title='bbox 1019 3485 1280 3538; x_wconf 86' lang='lat' dir='ltr'><strong>vaticinio</strong></span> <span class='ocrx_word' id='word_1_293' title='bbox 1304 3485 1736 3554; x_wconf 90' lang='lat' dir='ltr'><strong>comprehensis,</strong></span> <span class='ocrx_word' id='word_1_294' title='bbox 1765 3486 2022 3556; x_wconf 87' lang='lat' dir='ltr'><strong>deinceps</strong></span> 
     </span>
    </p>
   </div>
   <div class='ocr_carea' id='block_1_39' title="bbox 445 3577 2022 3649">
    <p class='ocr_par' dir='ltr' id='par_1_39' title="bbox 445 3577 2022 3649">
     <span class='ocr_line' id='line_1_39' title="bbox 445 3577 2022 3649; baseline 0 -16"><span class='ocrx_word' id='word_1_295' title='bbox 445 3594 767 3649; x_wconf 82' lang='lat' dir='ltr'><strong>progressus</strong></span> <span class='ocrx_word' id='word_1_296' title='bbox 815 3577 1081 3648; x_wconf 88' lang='lat' dir='ltr'><strong>propheta</strong></span> <span class='ocrx_word' id='word_1_297' title='bbox 1115 3577 1448 3632; x_wconf 88' lang='lat' dir='ltr'><strong>testificatur</strong></span> <span class='ocrx_word' id='word_1_298' title='bbox 1489 3579 1635 3648; x_wconf 90' lang='lat' dir='ltr'><strong>quod</strong></span> <span class='ocrx_word' id='word_1_299' title='bbox 1678 3579 1803 3633; x_wconf 90' lang='lat' dir='ltr'><strong>licet</strong></span> <span class='ocrx_word' id='word_1_300' title='bbox 1843 3579 2022 3634; x_wconf 81' lang='lat' dir='ltr'><strong>omnis</strong></span> 
     </span>
    </p>
   </div>
   <div class='ocr_carea' id='block_1_40' title="bbox 443 3669 2022 3739">
    <p class='ocr_par' dir='ltr' id='par_1_40' title="bbox 443 3669 2022 3739">
     <span class='ocr_line' id='line_1_40' title="bbox 443 3669 2022 3739; baseline 0 -15"><span class='ocrx_word' id='word_1_301' title='bbox 443 3682 589 3725; x_wconf 81' lang='lat' dir='ltr'><strong>terra</strong></span> <span class='ocrx_word' id='word_1_302' title='bbox 635 3669 816 3724; x_wconf 90' lang='lat' dir='ltr'><strong>futura</strong></span> <span class='ocrx_word' id='word_1_303' title='bbox 852 3671 924 3725; x_wconf 91' lang='lat' dir='ltr'><strong>sit</strong></span> <span class='ocrx_word' id='word_1_304' title='bbox 966 3671 1123 3738; x_wconf 89' lang='lat' dir='ltr'><strong>plena</strong></span> <span class='ocrx_word' id='word_1_305' title='bbox 1181 3670 1352 3739; x_wconf 82' lang='lat' dir='ltr'><strong>gloria</strong></span> <span class='ocrx_word' id='word_1_306' title='bbox 1387 3670 1541 3738; x_wconf 89' lang='lat' dir='ltr'><strong>ejus,</strong></span> <span class='ocrx_word' id='word_1_307' title='bbox 1578 3677 1819 3725; x_wconf 82' lang='lat' dir='ltr'><strong>attamen</strong></span> <span class='ocrx_word' id='word_1_308' title='bbox 1869 3671 2022 3725; x_wconf 89' lang='lat' dir='ltr'><strong>illutn</strong></span> 
     </span>
    </p>
   </div>
   <div class='ocr_carea' id='block_1_41' title="bbox 441 3760 2023 3833">
    <p class='ocr_par' dir='ltr' id='par_1_41' title="bbox 441 3760 2023 3833">
     <span class='ocr_line' id='line_1_41' title="bbox 441 3760 2023 3833; baseline -0.002 -17"><span class='ocrx_word' id='word_1_309' title='bbox 441 3760 666 3817; x_wconf 83' lang='lat' dir='ltr'><strong>Judaica</strong></span> <span class='ocrx_word' id='word_1_310' title='bbox 698 3777 831 3833; x_wconf 90' lang='lat' dir='ltr'><strong>gens</strong></span> <span class='ocrx_word' id='word_1_311' title='bbox 863 3771 1157 3830; x_wconf 89' lang='lat' dir='ltr'><strong>acceptura</strong></span> <span class='ocrx_word' id='word_1_312' title='bbox 1174 3777 1282 3815; x_wconf 91' lang='lat' dir='ltr'><strong>non</strong></span> <span class='ocrx_word' id='word_1_313' title='bbox 1311 3761 1404 3816; x_wconf 89' lang='lat' dir='ltr'><strong>sit.</strong></span> <span class='ocrx_word' id='word_1_314' title='bbox 1435 3760 1625 3831; x_wconf 87' lang='lat' dir='ltr'><strong>Itaque</strong></span> <span class='ocrx_word' id='word_1_315' title='bbox 1656 3761 1766 3816; x_wconf 89' lang='lat' dir='ltr'><strong>ait:</strong></span> <span class='ocrx_word' id='word_1_316' title='bbox 1797 3760 1861 3816; x_wconf 85' lang='lat' dir='ltr'><strong>Et</strong></span> <span class='ocrx_word' id='word_1_317' title='bbox 1884 3761 2023 3816; x_wconf 88' lang='lat' dir='ltr'><strong>dixit</strong></span> 
     </span>
    </p>
   </div>
   <div class='ocr_carea' id='block_1_42' title="bbox 444 3853 2022 3925">
    <p class='ocr_par' dir='ltr' id='par_1_42' title="bbox 444 3853 2022 3925">
     <span class='ocr_line' id='line_1_42' title="bbox 444 3853 2022 3925; baseline 0.001 -18"><span class='ocrx_word' id='word_1_318' title='bbox 444 3853 710 3910; x_wconf 88' lang='lat' dir='ltr'><strong>Dominus</strong></span> <span class='ocrx_word' id='word_1_319' title='bbox 758 3856 870 3925; x_wconf 83' lang='lat' dir='ltr'><strong>(ille</strong></span> <span class='ocrx_word' id='word_1_320' title='bbox 919 3854 1173 3910; x_wconf 85' lang='lat' dir='ltr'><strong>videlicet</strong></span> <span class='ocrx_word' id='word_1_321' title='bbox 1213 3855 1304 3924; x_wconf 91' lang='lat' dir='ltr'><strong>qui</strong></span> <span class='ocrx_word' id='word_1_322' title='bbox 1355 3854 1509 3910; x_wconf 86' lang='lat' dir='ltr'><strong>visus</strong></span> <span class='ocrx_word' id='word_1_323' title='bbox 1550 3853 1726 3909; x_wconf 81' lang='lat' dir='ltr'><strong>fuerat</strong></span> <span class='ocrx_word' id='word_1_324' title='bbox 1757 3853 2022 3908; x_wconf 88' lang='lat' dir='ltr'><strong>Dominus</strong></span> 
     </span>
    </p>
   </div>
   <div class='ocr_carea' id='block_1_43' title="bbox 445 3945 2021 4016">
    <p class='ocr_par' dir='ltr' id='par_1_43' title="bbox 445 3945 2021 4016">
     <span class='ocr_line' id='line_1_43' title="bbox 445 3945 2021 4016; baseline -0.003 -14"><span class='ocrx_word' id='word_1_325' title='bbox 445 3946 684 4002; x_wconf 85' lang='lat' dir='ltr'><strong>Sabaoth</strong></span> <span class='ocrx_word' id='word_1_326' title='bbox 716 3947 931 4016; x_wconf 85' lang='lat' dir='ltr'><strong>),Quem</strong></span> <span class='ocrx_word' id='word_1_327' title='bbox 961 3949 1171 4001; x_wconf 88' lang='lat' dir='ltr'><strong>mittam</strong></span> <span class='ocrx_word' id='word_1_328' title='bbox 1192 3987 1206 4008; x_wconf 93' lang='lat'><strong>,</strong></span> <span class='ocrx_word' id='word_1_329' title='bbox 1231 3955 1286 4001; x_wconf 91' lang='lat' dir='ltr'><strong>et</strong></span> <span class='ocrx_word' id='word_1_330' title='bbox 1302 3948 1426 4016; x_wconf 86' lang='lat' dir='ltr'><strong>quis</strong></span> <span class='ocrx_word' id='word_1_331' title='bbox 1455 3945 1616 4000; x_wconf 82' lang='lat' dir='ltr'><strong>vadet</strong></span> <span class='ocrx_word' id='word_1_332' title='bbox 1666 3947 1732 4000; x_wconf 86' lang='lat' dir='ltr'><strong>ad</strong></span> <span class='ocrx_word' id='word_1_333' title='bbox 1763 3945 2021 4016; x_wconf 89' lang='lat' dir='ltr'><strong>populum</strong></span> 
     </span>
    </p>
   </div>
   <div class='ocr_carea' id='block_1_44' title="bbox 443 4037 2017 4108">
    <p class='ocr_par' dir='ltr' id='par_1_44' title="bbox 443 4037 2017 4108">
     <span class='ocr_line' id='line_1_44' title="bbox 443 4037 2017 4108; baseline 0.001 -16"><span class='ocrx_word' id='word_1_334' title='bbox 443 4040 626 4094; x_wconf 84' lang='lat' dir='ltr'><strong>hunc?</strong></span> <span class='ocrx_word' id='word_1_335' title='bbox 665 4038 730 4092; x_wconf 87' lang='lat' dir='ltr'><strong>Et</strong></span> <span class='ocrx_word' id='word_1_336' title='bbox 778 4040 912 4106; x_wconf 87' lang='lat' dir='ltr'><strong>dixi,</strong></span> <span class='ocrx_word' id='word_1_337' title='bbox 951 4039 1089 4094; x_wconf 90' lang='lat' dir='ltr'><strong>Ecce</strong></span> <span class='ocrx_word' id='word_1_338' title='bbox 1115 4053 1215 4108; x_wconf 85' lang='lat' dir='ltr'><strong>ego</strong></span> <span class='ocrx_word' id='word_1_339' title='bbox 1239 4053 1381 4102; x_wconf 90' lang='lat' dir='ltr'><strong>sum,</strong></span> <span class='ocrx_word' id='word_1_340' title='bbox 1415 4039 1569 4093; x_wconf 87' lang='lat' dir='ltr'><strong>mitte</strong></span> <span class='ocrx_word' id='word_1_341' title='bbox 1598 4053 1704 4094; x_wconf 91' lang='lat' dir='ltr'><strong>me.</strong></span> <span class='ocrx_word' id='word_1_342' title='bbox 1746 4037 1812 4092; x_wconf 84' lang='lat' dir='ltr'><strong>Et</strong></span> <span class='ocrx_word' id='word_1_343' title='bbox 1839 4039 1977 4092; x_wconf 85' lang='lat' dir='ltr'><strong>dixit</strong></span> <span class='ocrx_word' id='word_1_344' title='bbox 2005 4057 2017 4093; x_wconf 93' lang='lat'><strong>:</strong></span> 
     </span>
    </p>
   </div>
   <div class='ocr_carea' id='block_1_45' title="bbox 443 4129 2022 4202">
    <p class='ocr_par' dir='ltr' id='par_1_45' title="bbox 443 4129 2022 4202">
     <span class='ocr_line' id='line_1_45' title="bbox 443 4129 2022 4202; baseline 0 -18"><span class='ocrx_word' id='word_1_345' title='bbox 443 4129 686 4195; x_wconf 77' lang='lat' dir='ltr'><strong>Vade,et</strong></span> <span class='ocrx_word' id='word_1_346' title='bbox 699 4131 785 4186; x_wconf 92' lang='lat' dir='ltr'><strong>dic</strong></span> <span class='ocrx_word' id='word_1_347' title='bbox 808 4132 1010 4202; x_wconf 90' lang='lat' dir='ltr'><strong>populo</strong></span> <span class='ocrx_word' id='word_1_348' title='bbox 1034 4131 1182 4193; x_wconf 86' lang='lat' dir='ltr'><strong>huic,</strong></span> <span class='ocrx_word' id='word_1_349' title='bbox 1202 4131 1388 4185; x_wconf 88' lang='lat' dir='ltr'><strong>auditu</strong></span> <span class='ocrx_word' id='word_1_350' title='bbox 1405 4132 1635 4186; x_wconf 86' lang='lat' dir='ltr'><strong>audietis</strong></span> <span class='ocrx_word' id='word_1_351' title='bbox 1660 4141 1714 4186; x_wconf 85' lang='lat' dir='ltr'><strong>et</strong></span> <span class='ocrx_word' id='word_1_352' title='bbox 1732 4145 1840 4185; x_wconf 91' lang='lat' dir='ltr'><strong>non</strong></span> <span class='ocrx_word' id='word_1_353' title='bbox 1864 4132 2022 4186; x_wconf 61' lang='lat' dir='ltr'><strong>intelo</strong></span> 
     </span>
    </p>
   </div>
   <div class='ocr_carea' id='block_1_46' title="bbox 445 4223 2018 4292">
    <p class='ocr_par' dir='ltr' id='par_1_46' title="bbox 445 4223 2018 4292">
     <span class='ocr_line' id='line_1_46' title="bbox 445 4223 2018 4292; baseline 0.001 -17"><span class='ocrx_word' id='word_1_354' title='bbox 445 4223 665 4292; x_wconf 85' lang='lat' dir='ltr'><strong>ligetis,</strong></span> <span class='ocrx_word' id='word_1_355' title='bbox 705 4231 761 4279; x_wconf 89' lang='lat' dir='ltr'><strong>et</strong></span> <span class='ocrx_word' id='word_1_356' title='bbox 807 4225 1082 4280; x_wconf 81' lang='lat' dir='ltr'><strong>intuentes</strong></span> <span class='ocrx_word' id='word_1_357' title='bbox 1127 4223 1493 4287; x_wconf 91' lang='lat' dir='ltr'><strong>intuebimini,</strong></span> <span class='ocrx_word' id='word_1_358' title='bbox 1525 4231 1579 4278; x_wconf 89' lang='lat' dir='ltr'><strong>et</strong></span> <span class='ocrx_word' id='word_1_359' title='bbox 1603 4237 1714 4278; x_wconf 88' lang='lat' dir='ltr'><strong>non</strong></span> <span class='ocrx_word' id='word_1_360' title='bbox 1747 4223 2018 4278; x_wconf 88' lang='lat' dir='ltr'><strong>videbitis.</strong></span> 
     </span>
    </p>
   </div>
   <div class='ocr_carea' id='block_1_47' title="bbox 445 4313 2022 4386">
    <p class='ocr_par' dir='ltr' id='par_1_47' title="bbox 445 4313 2022 4386">
     <span class='ocr_line' id='line_1_47' title="bbox 445 4313 2022 4386; baseline 0.001 -17"><span class='ocrx_word' id='word_1_361' title='bbox 445 4313 704 4370; x_wconf 85' lang='lat' dir='ltr'><strong>Crassum</strong></span> <span class='ocrx_word' id='word_1_362' title='bbox 722 4317 868 4371; x_wconf 91' lang='lat' dir='ltr'><strong>enim</strong></span> <span class='ocrx_word' id='word_1_363' title='bbox 892 4315 1093 4371; x_wconf 91' lang='lat' dir='ltr'><strong>factum</strong></span> <span class='ocrx_word' id='word_1_364' title='bbox 1110 4325 1194 4372; x_wconf 91' lang='lat' dir='ltr'><strong>est</strong></span> <span class='ocrx_word' id='word_1_365' title='bbox 1210 4331 1305 4370; x_wconf 92' lang='lat' dir='ltr'><strong>cor</strong></span> <span class='ocrx_word' id='word_1_366' title='bbox 1321 4316 1505 4386; x_wconf 86' lang='lat' dir='ltr'><strong>populi</strong></span> <span class='ocrx_word' id='word_1_367' title='bbox 1522 4316 1704 4386; x_wconf 90' lang='lat' dir='ltr'><strong>hujus,</strong></span> <span class='ocrx_word' id='word_1_368' title='bbox 1726 4325 1780 4370; x_wconf 91' lang='lat' dir='ltr'><strong>et</strong></span> <span class='ocrx_word' id='word_1_369' title='bbox 1796 4318 2022 4372; x_wconf 91' lang='lat' dir='ltr'><strong>auribus</strong></span> 
     </span>
    </p>
   </div>
   <div class='ocr_carea' id='block_1_48' title="bbox 445 4407 2019 4478">
    <p class='ocr_par' dir='ltr' id='par_1_48' title="bbox 445 4407 2019 4478">
     <span class='ocr_line' id='line_1_48' title="bbox 445 4407 2019 4478; baseline 0.001 -17"><span class='ocrx_word' id='word_1_370' title='bbox 445 4408 563 4461; x_wconf 80' lang='lat' dir='ltr'><strong>suis</strong></span> <span class='ocrx_word' id='word_1_371' title='bbox 590 4407 826 4478; x_wconf 74' lang='lat' dir='ltr'><strong>graviter</strong></span> <span class='ocrx_word' id='word_1_372' title='bbox 861 4407 1171 4473; x_wconf 89' lang='lat' dir='ltr'><strong>audierunt,</strong></span> <span class='ocrx_word' id='word_1_373' title='bbox 1204 4418 1258 4463; x_wconf 91' lang='lat' dir='ltr'><strong>et</strong></span> <span class='ocrx_word' id='word_1_374' title='bbox 1289 4409 1478 4463; x_wconf 86' lang='lat' dir='ltr'><strong>oculos</strong></span> <span class='ocrx_word' id='word_1_375' title='bbox 1505 4424 1634 4463; x_wconf 91' lang='lat' dir='ltr'><strong>suos</strong></span> <span class='ocrx_word' id='word_1_376' title='bbox 1683 4409 2019 4474; x_wconf 89' lang='lat' dir='ltr'><strong>clauserunt,</strong></span> 
     </span>
    </p>
   </div>
   <div class='ocr_carea' id='block_1_49' title="bbox 445 4501 2019 4569">
    <p class='ocr_par' dir='ltr' id='par_1_49' title="bbox 445 4501 2019 4569">
     <span class='ocr_line' id='line_1_49' title="bbox 445 4501 2019 4569; baseline 0.004 -15"><span class='ocrx_word' id='word_1_377' title='bbox 445 4516 516 4554; x_wconf 90' lang='lat' dir='ltr'><strong>ne</strong></span> <span class='ocrx_word' id='word_1_378' title='bbox 554 4501 773 4569; x_wconf 86' lang='lat' dir='ltr'><strong>quando</strong></span> <span class='ocrx_word' id='word_1_379' title='bbox 806 4501 1022 4556; x_wconf 87' lang='lat' dir='ltr'><strong>videant</strong></span> <span class='ocrx_word' id='word_1_380' title='bbox 1060 4502 1238 4558; x_wconf 92' lang='lat' dir='ltr'><strong>oculis</strong></span> <span class='ocrx_word' id='word_1_381' title='bbox 1268 4504 1407 4566; x_wconf 91' lang='lat' dir='ltr'><strong>suis,</strong></span> <span class='ocrx_word' id='word_1_382' title='bbox 1441 4511 1494 4558; x_wconf 92' lang='lat' dir='ltr'><strong>et</strong></span> <span class='ocrx_word' id='word_1_383' title='bbox 1524 4504 1749 4560; x_wconf 89' lang='lat' dir='ltr'><strong>auribus</strong></span> <span class='ocrx_word' id='word_1_384' title='bbox 1779 4505 1894 4560; x_wconf 84' lang='lat' dir='ltr'><strong>suis</strong></span> <span class='ocrx_word' id='word_1_385' title='bbox 1922 4521 2019 4560; x_wconf 85' lang='lat' dir='ltr'><strong>au-</strong></span> 
     </span>
    </p>
   </div>
   <div class='ocr_carea' id='block_1_50' title="bbox 445 4588 2017 4664">
    <p class='ocr_par' dir='ltr' id='par_1_50' title="bbox 445 4588 2017 4664">
     <span class='ocr_line' id='line_1_50' title="bbox 445 4588 2017 4664; baseline 0.005 -20"><span class='ocrx_word' id='word_1_386' title='bbox 445 4588 619 4656; x_wconf 89' lang='lat' dir='ltr'><strong>diant,</strong></span> <span class='ocrx_word' id='word_1_387' title='bbox 645 4601 698 4646; x_wconf 92' lang='lat' dir='ltr'><strong>et</strong></span> <span class='ocrx_word' id='word_1_388' title='bbox 722 4591 887 4646; x_wconf 88' lang='lat' dir='ltr'><strong>corde</strong></span> <span class='ocrx_word' id='word_1_389' title='bbox 913 4593 1236 4664; x_wconf 87' lang='lat' dir='ltr'><strong>intelligant,</strong></span> <span class='ocrx_word' id='word_1_390' title='bbox 1270 4603 1323 4651; x_wconf 84' lang='lat' dir='ltr'><strong>et</strong></span> <span class='ocrx_word' id='word_1_391' title='bbox 1344 4603 1738 4652; x_wconf 85' lang='lat' dir='ltr'><strong>convertantur</strong></span> <span class='ocrx_word' id='word_1_392' title='bbox 1761 4606 1814 4653; x_wconf 82' lang='lat' dir='ltr'><strong>et</strong></span> <span class='ocrx_word' id='word_1_393' title='bbox 1831 4613 2017 4654; x_wconf 90' lang='lat' dir='ltr'><strong>sanem</strong></span> 
     </span>
    </p>
   </div>
   <div class='ocr_carea' id='block_1_51' title="bbox 443 4681 2017 4748">
    <p class='ocr_par' dir='ltr' id='par_1_51' title="bbox 443 4681 2017 4748">
     <span class='ocr_line' id='line_1_51' title="bbox 443 4681 2017 4748; baseline 0.004 -10"><span class='ocrx_word' id='word_1_394' title='bbox 443 4698 561 4738; x_wconf 88' lang='lat' dir='ltr'><strong>eos.</strong></span> <span class='ocrx_word' id='word_1_395' title='bbox 603 4701 622 4734; x_wconf 73' lang='grc' dir='ltr'><strong>ι</strong></span> <span class='ocrx_word' id='word_1_396' title='bbox 669 4681 881 4748; x_wconf 88' lang='lat' dir='ltr'><strong>Quibus</strong></span> <span class='ocrx_word' id='word_1_397' title='bbox 913 4685 1096 4739; x_wconf 87' lang='lat' dir='ltr'><strong>verbis</strong></span> <span class='ocrx_word' id='word_1_398' title='bbox 1125 4687 1571 4742; x_wconf 82' lang='lat' dir='ltr'><strong>manifestissime</strong></span> <span class='ocrx_word' id='word_1_399' title='bbox 1603 4690 1750 4742; x_wconf 85' lang='lat' dir='ltr'><strong>canit</strong></span> <span class='ocrx_word' id='word_1_400' title='bbox 1781 4688 2017 4744; x_wconf 84' lang='lat' dir='ltr'><strong>futuram</strong></span> 
     </span>
    </p>
   </div>
   <div class='ocr_carea' id='block_1_52' title="bbox 443 4776 2020 4850">
    <p class='ocr_par' dir='ltr' id='par_1_52' title="bbox 443 4776 2020 4850">
     <span class='ocr_line' id='line_1_52' title="bbox 443 4776 2020 4850; baseline 0.004 -21"><span class='ocrx_word' id='word_1_401' title='bbox 443 4776 732 4831; x_wconf 85' lang='lat' dir='ltr'><strong>adversum</strong></span> <span class='ocrx_word' id='word_1_402' title='bbox 759 4791 818 4830; x_wconf 91' lang='lat' dir='ltr'><strong>se</strong></span> <span class='ocrx_word' id='word_1_403' title='bbox 855 4779 1262 4833; x_wconf 89' lang='lat' dir='ltr'><strong>accusationem</strong></span> <span class='ocrx_word' id='word_1_404' title='bbox 1302 4778 1637 4845; x_wconf 67' lang='lat' dir='ltr'><strong>Judaeorum,</strong></span> <span class='ocrx_word' id='word_1_405' title='bbox 1679 4788 1734 4835; x_wconf 89' lang='lat' dir='ltr'><strong>et</strong></span> <span class='ocrx_word' id='word_1_406' title='bbox 1763 4783 1907 4850; x_wconf 88' lang='lat' dir='ltr'><strong>quod</strong></span> <span class='ocrx_word' id='word_1_407' title='bbox 1935 4782 2020 4836; x_wconf 91' lang='lat' dir='ltr'><strong>in-</strong></span> 
     </span>
    </p>
   </div>
   <div class='ocr_carea' id='block_1_53' title="bbox 443 4872 2017 4942">
    <p class='ocr_par' dir='ltr' id='par_1_53' title="bbox 443 4872 2017 4942">
     <span class='ocr_line' id='line_1_53' title="bbox 443 4872 2017 4942; baseline 0.003 -18"><span class='ocrx_word' id='word_1_408' title='bbox 443 4873 742 4926; x_wconf 89' lang='lat' dir='ltr'><strong>tuebuntur</strong></span> <span class='ocrx_word' id='word_1_409' title='bbox 780 4872 1001 4942; x_wconf 88' lang='lat' dir='ltr'><strong>quidem</strong></span> <span class='ocrx_word' id='word_1_410' title='bbox 1051 4873 1254 4942; x_wconf 85' lang='lat' dir='ltr'><strong>ipsum,</strong></span> <span class='ocrx_word' id='word_1_411' title='bbox 1287 4888 1394 4928; x_wconf 91' lang='lat' dir='ltr'><strong>non</strong></span> <span class='ocrx_word' id='word_1_412' title='bbox 1445 4874 1629 4928; x_wconf 79' lang='lat' dir='ltr'><strong>tamen</strong></span> <span class='ocrx_word' id='word_1_413' title='bbox 1672 4875 2017 4929; x_wconf 81' lang='lat' dir='ltr'><strong>animadver-</strong></span> 
     </span>
    </p>
   </div>
   <div class='ocr_carea' id='block_1_54' title="bbox 443 4963 2019 5035">
    <p class='ocr_par' dir='ltr' id='par_1_54' title="bbox 443 4963 2019 5035">
     <span class='ocr_line' id='line_1_54' title="bbox 443 4963 2019 5035; baseline 0.002 -19"><span class='ocrx_word' id='word_1_414' title='bbox 443 4971 560 5017; x_wconf 85' lang='lat' dir='ltr'><strong>tent</strong></span> <span class='ocrx_word' id='word_1_415' title='bbox 623 4964 749 5032; x_wconf 89' lang='lat' dir='ltr'><strong>quis</strong></span> <span class='ocrx_word' id='word_1_416' title='bbox 791 4964 895 5027; x_wconf 92' lang='lat' dir='ltr'><strong>sit,</strong></span> <span class='ocrx_word' id='word_1_417' title='bbox 934 4963 1190 5033; x_wconf 88' lang='lat' dir='ltr'><strong>quodque</strong></span> <span class='ocrx_word' id='word_1_418' title='bbox 1239 4963 1551 5033; x_wconf 90' lang='lat' dir='ltr'><strong>loquentem</strong></span> <span class='ocrx_word' id='word_1_419' title='bbox 1599 4966 1742 5020; x_wconf 87' lang='lat' dir='ltr'><strong>inter</strong></span> <span class='ocrx_word' id='word_1_420' title='bbox 1787 4967 1934 5035; x_wconf 88' lang='lat' dir='ltr'><strong>ipsos</strong></span> <span class='ocrx_word' id='word_1_421' title='bbox 1966 4973 2019 5020; x_wconf 88' lang='lat' dir='ltr'><strong>et</strong></span> 
     </span>
    </p>
   </div>
   <div class='ocr_carea' id='block_1_55' title="bbox 443 5053 2018 5126">
    <p class='ocr_par' dir='ltr' id='par_1_55' title="bbox 443 5053 2018 5126">
     <span class='ocr_line' id='line_1_55' title="bbox 443 5053 2018 5126; baseline 0.003 -20"><span class='ocrx_word' id='word_1_422' title='bbox 443 5055 730 5108; x_wconf 88' lang='lat' dir='ltr'><strong>docentem</strong></span> <span class='ocrx_word' id='word_1_423' title='bbox 794 5053 1050 5118; x_wconf 86' lang='lat' dir='ltr'><strong>audient,</strong></span> <span class='ocrx_word' id='word_1_424' title='bbox 1109 5070 1220 5109; x_wconf 90' lang='lat' dir='ltr'><strong>non</strong></span> <span class='ocrx_word' id='word_1_425' title='bbox 1266 5063 1449 5109; x_wconf 86' lang='lat' dir='ltr'><strong>tamen</strong></span> <span class='ocrx_word' id='word_1_426' title='bbox 1495 5055 1661 5109; x_wconf 85' lang='lat' dir='ltr'><strong>etiam</strong></span> <span class='ocrx_word' id='word_1_427' title='bbox 1718 5055 2018 5126; x_wconf 88' lang='lat' dir='ltr'><strong>intelligent</strong></span> 
     </span>
    </p>
   </div>
   <div class='ocr_carea' id='block_1_56' title="bbox 441 5147 2014 5218">
    <p class='ocr_par' dir='ltr' id='par_1_56' title="bbox 441 5147 2014 5218">
     <span class='ocr_line' id='line_1_56' title="bbox 441 5147 2014 5218; baseline 0.004 -23"><span class='ocrx_word' id='word_1_428' title='bbox 441 5148 694 5214; x_wconf 82' lang='lat' dir='ltr'><strong>quisnam</strong></span> <span class='ocrx_word' id='word_1_429' title='bbox 730 5149 778 5202; x_wconf 91' lang='lat' dir='ltr'><strong>is</strong></span> <span class='ocrx_word' id='word_1_430' title='bbox 812 5147 884 5201; x_wconf 89' lang='lat' dir='ltr'><strong>sit</strong></span> <span class='ocrx_word' id='word_1_431' title='bbox 917 5147 1010 5216; x_wconf 92' lang='lat' dir='ltr'><strong>qui</strong></span> <span class='ocrx_word' id='word_1_432' title='bbox 1044 5163 1168 5201; x_wconf 91' lang='lat' dir='ltr'><strong>cum</strong></span> <span class='ocrx_word' id='word_1_433' title='bbox 1200 5148 1338 5217; x_wconf 90' lang='lat' dir='ltr'><strong>ipsis</strong></span> <span class='ocrx_word' id='word_1_434' title='bbox 1378 5148 1651 5217; x_wconf 85' lang='lat' dir='ltr'><strong>loquatur,</strong></span> <span class='ocrx_word' id='word_1_435' title='bbox 1678 5162 1854 5218; x_wconf 90' lang='lat' dir='ltr'><strong>neque</strong></span> <span class='ocrx_word' id='word_1_436' title='bbox 1889 5150 2014 5202; x_wconf 90' lang='lat' dir='ltr'><strong>item</strong></span> 
     </span>
    </p>
   </div>
   <div class='ocr_carea' id='block_1_57' title="bbox 440 5241 2017 5315">
    <p class='ocr_par' dir='ltr' id='par_1_57' title="bbox 440 5241 2017 5315">
     <span class='ocr_line' id='line_1_57' title="bbox 440 5241 2017 5315; baseline 0.001 -23"><span class='ocrx_word' id='word_1_437' title='bbox 440 5254 689 5310; x_wconf 70' lang='lat' dir='ltr'><strong>quaenam</strong></span> <span class='ocrx_word' id='word_1_438' title='bbox 736 5255 799 5294; x_wconf 89' lang='lat' dir='ltr'><strong>ea</strong></span> <span class='ocrx_word' id='word_1_439' title='bbox 837 5241 947 5315; x_wconf 83' lang='lat' dir='ltr'><strong>sint</strong></span> <span class='ocrx_word' id='word_1_440' title='bbox 976 5256 1129 5294; x_wconf 87' lang='lat' dir='ltr'><strong>novae</strong></span> <span class='ocrx_word' id='word_1_441' title='bbox 1159 5241 1423 5295; x_wconf 58' lang='lat' dir='ltr'><strong>doctrinae</strong></span> <span class='ocrx_word' id='word_1_442' title='bbox 1453 5246 1720 5310; x_wconf 72' lang='lat' dir='ltr'><strong>praecepta</strong></span> <span class='ocrx_word' id='word_1_443' title='bbox 1753 5255 1875 5309; x_wconf 77' lang='lat' dir='ltr'><strong>quae</strong></span> <span class='ocrx_word' id='word_1_444' title='bbox 1902 5241 2017 5309; x_wconf 91' lang='lat' dir='ltr'><strong>ipse</strong></span> 
     </span>
    </p>
   </div>
   <div class='ocr_carea' id='block_1_58' title="bbox 441 5331 2017 5402">
    <p class='ocr_par' dir='ltr' id='par_1_58' title="bbox 441 5331 2017 5402">
     <span class='ocr_line' id='line_1_58' title="bbox 441 5331 2017 5402; baseline 0.001 -19"><span class='ocrx_word' id='word_1_445' title='bbox 441 5331 548 5386; x_wconf 86' lang='lat' dir='ltr'><strong>illis</strong></span> <span class='ocrx_word' id='word_1_446' title='bbox 573 5333 770 5387; x_wconf 88' lang='lat' dir='ltr'><strong>tradet.</strong></span> <span class='ocrx_word' id='word_1_447' title='bbox 806 5331 1142 5402; x_wconf 88' lang='lat' dir='ltr'><strong>Comprobat</strong></span> <span class='ocrx_word' id='word_1_448' title='bbox 1173 5347 1302 5387; x_wconf 79' lang='lat' dir='ltr'><strong>vero</strong></span> <span class='ocrx_word' id='word_1_449' title='bbox 1333 5331 1497 5400; x_wconf 85' lang='lat' dir='ltr'><strong>hujus</strong></span> <span class='ocrx_word' id='word_1_450' title='bbox 1530 5331 1740 5386; x_wconf 90' lang='lat' dir='ltr'><strong>oraculi</strong></span> <span class='ocrx_word' id='word_1_451' title='bbox 1761 5338 2017 5386; x_wconf 86' lang='lat' dir='ltr'><strong>eventum</strong></span> 
     </span>
    </p>
   </div>
   <div class='ocr_carea' id='block_1_59' title="bbox 438 5421 2012 5495">
    <p class='ocr_par' dir='ltr' id='par_1_59' title="bbox 438 5421 2012 5495">
     <span class='ocr_line' id='line_1_59' title="bbox 438 5421 2012 5495; baseline -0.001 -17"><span class='ocrx_word' id='word_1_452' title='bbox 438 5426 769 5495; x_wconf 89' lang='lat' dir='ltr'><strong>evangelista</strong></span> <span class='ocrx_word' id='word_1_453' title='bbox 787 5421 1048 5490; x_wconf 83' lang='lat' dir='ltr'><strong>Joannes,</strong></span> <span class='ocrx_word' id='word_1_454' title='bbox 1071 5424 1163 5495; x_wconf 93' lang='lat' dir='ltr'><strong>qui</strong></span> <span class='ocrx_word' id='word_1_455' title='bbox 1186 5425 1253 5480; x_wconf 90' lang='lat' dir='ltr'><strong>de</strong></span> <span class='ocrx_word' id='word_1_456' title='bbox 1275 5425 1558 5478; x_wconf 87' lang='lat' dir='ltr'><strong>Salvatore</strong></span> <span class='ocrx_word' id='word_1_457' title='bbox 1586 5431 1776 5477; x_wconf 90' lang='lat' dir='ltr'><strong>nostro</strong></span> <span class='ocrx_word' id='word_1_458' title='bbox 1799 5425 1879 5478; x_wconf 90' lang='lat' dir='ltr'><strong>sic</strong></span> <span class='ocrx_word' id='word_1_459' title='bbox 1901 5424 1977 5476; x_wconf 89' lang='lat' dir='ltr'><strong>ait</strong></span> <span class='ocrx_word' id='word_1_460' title='bbox 2001 5441 2012 5476; x_wconf 94' lang='lat'><strong>:</strong></span> 
     </span>
    </p>
   </div>
   <div class='ocr_carea' id='block_1_60' title="bbox 442 5517 2013 5587">
    <p class='ocr_par' dir='ltr' id='par_1_60' title="bbox 442 5517 2013 5587">
     <span class='ocr_line' id='line_1_60' title="bbox 442 5517 2013 5587; baseline 0.003 -19"><span class='ocrx_word' id='word_1_461' title='bbox 442 5538 462 5568; x_wconf 73' lang='grc' dir='ltr'><strong>ι</strong></span> <span class='ocrx_word' id='word_1_462' title='bbox 503 5517 641 5572; x_wconf 88' lang='lat' dir='ltr'><strong>Cum</strong></span> <span class='ocrx_word' id='word_1_463' title='bbox 689 5526 869 5572; x_wconf 87' lang='lat' dir='ltr'><strong>autem</strong></span> <span class='ocrx_word' id='word_1_464' title='bbox 909 5525 1018 5572; x_wconf 89' lang='lat' dir='ltr'><strong>tam</strong></span> <span class='ocrx_word' id='word_1_465' title='bbox 1053 5519 1219 5571; x_wconf 85' lang='lat' dir='ltr'><strong>multa</strong></span> <span class='ocrx_word' id='word_1_466' title='bbox 1253 5518 1408 5587; x_wconf 86' lang='lat' dir='ltr'><strong>signa</strong></span> <span class='ocrx_word' id='word_1_467' title='bbox 1447 5517 1666 5571; x_wconf 81' lang='lat' dir='ltr'><strong>fecisset</strong></span> <span class='ocrx_word' id='word_1_468' title='bbox 1709 5529 1892 5570; x_wconf 91' lang='lat' dir='ltr'><strong>coram</strong></span> <span class='ocrx_word' id='word_1_469' title='bbox 1913 5519 2013 5580; x_wconf 85' lang='lat' dir='ltr'><strong>eis,</strong></span> 
     </span>
    </p>
   </div>
   <div class='ocr_carea' id='block_1_61' title="bbox 438 5608 2015 5679">
    <p class='ocr_par' dir='ltr' id='par_1_61' title="bbox 438 5608 2015 5679">
     <span class='ocr_line' id='line_1_61' title="bbox 438 5608 2015 5679; baseline 0 -15"><span class='ocrx_word' id='word_1_470' title='bbox 438 5626 550 5664; x_wconf 86' lang='lat' dir='ltr'><strong>non</strong></span> <span class='ocrx_word' id='word_1_471' title='bbox 591 5609 940 5664; x_wconf 90' lang='lat' dir='ltr'><strong>crediderunt</strong></span> <span class='ocrx_word' id='word_1_472' title='bbox 966 5611 1021 5664; x_wconf 89' lang='lat' dir='ltr'><strong>in</strong></span> <span class='ocrx_word' id='word_1_473' title='bbox 1066 5625 1214 5672; x_wconf 90' lang='lat' dir='ltr'><strong>eum,</strong></span> <span class='ocrx_word' id='word_1_474' title='bbox 1249 5616 1308 5662; x_wconf 92' lang='lat' dir='ltr'><strong>ut</strong></span> <span class='ocrx_word' id='word_1_475' title='bbox 1343 5623 1526 5664; x_wconf 90' lang='lat' dir='ltr'><strong>sermo</strong></span> <span class='ocrx_word' id='word_1_476' title='bbox 1559 5608 1710 5664; x_wconf 75' lang='lat' dir='ltr'><strong>lsaia:</strong></span> <span class='ocrx_word' id='word_1_477' title='bbox 1741 5609 2015 5679; x_wconf 81' lang='lat' dir='ltr'><strong>prephetae</strong></span> 
     </span>
    </p>
   </div>
   <div class='ocr_carea' id='block_1_62' title="bbox 513 5788 934 5853">
    <p class='ocr_par' dir='ltr' id='par_1_62' title="bbox 513 5788 934 5853">
     <span class='ocr_line' id='line_1_62' title="bbox 513 5788 934 5853; baseline -0.002 -9"><span class='ocrx_word' id='word_1_478' title='bbox 513 5791 560 5825; x_wconf 84' lang='grc'><strong>³⁹</strong></span> <span class='ocrx_word' id='word_1_479' title='bbox 605 5788 771 5844; x_wconf 82' lang='lat' dir='ltr'><strong>llebr.</strong></span> <span class='ocrx_word' id='word_1_480' title='bbox 810 5805 849 5853; x_wconf 87' lang='grc' dir='ltr'><strong>ι,</strong></span> <span class='ocrx_word' id='word_1_481' title='bbox 885 5789 934 5843; x_wconf 85' lang='lat'><strong>7.</strong></span> 
     </span>
    </p>
   </div>
   <div class='ocr_carea' id='block_1_63' title="bbox 1015 5790 2007 5859">
    <p class='ocr_par' dir='ltr' id='par_1_63' title="bbox 1015 5790 2007 5859">
     <span class='ocr_line' id='line_1_63' title="bbox 1015 5790 2007 5859; baseline 0.001 -14"><span class='ocrx_word' id='word_1_482' title='bbox 1015 5792 1056 5821; x_wconf 75' lang='grc'><strong>⁸⁸</strong></span> <span class='ocrx_word' id='word_1_483' title='bbox 1104 5790 1251 5845; x_wconf 85' lang='lat' dir='ltr'><strong>I’sal.</strong></span> <span class='ocrx_word' id='word_1_484' title='bbox 1287 5805 1443 5859; x_wconf 83' lang='lat' dir='ltr'><strong>xxm,</strong></span> <span class='ocrx_word' id='word_1_485' title='bbox 1484 5792 1600 5857; x_wconf 85' lang='lat'><strong>7,8.</strong></span> <span class='ocrx_word' id='word_1_486' title='bbox 1711 5793 1752 5824; x_wconf 77' lang='lat'>“</span> <span class='ocrx_word' id='word_1_487' title='bbox 1795 5791 1926 5847; x_wconf 88' lang='lat' dir='ltr'><strong>ibid.</strong></span> <span class='ocrx_word' id='word_1_488' title='bbox 1964 5793 2007 5846; x_wconf 77' lang='grc' dir='ltr'>ί.</span> 
     </span>
    </p>
   </div>
   <div class='ocr_carea' id='block_1_64' title="bbox 2117 534 3699 611">
    <p class='ocr_par' dir='ltr' id='par_1_64' title="bbox 2117 534 3699 611">
     <span class='ocr_line' id='line_1_64' title="bbox 2117 534 3699 611; baseline -0.001 -19"><span class='ocrx_word' id='word_1_489' title='bbox 2117 541 2204 594; x_wconf 85' lang='grc' dir='ltr'><strong>διὰ</strong></span> <span class='ocrx_word' id='word_1_490' title='bbox 2234 540 2332 611; x_wconf 83' lang='grc' dir='ltr'>τὴν</span> <span class='ocrx_word' id='word_1_491' title='bbox 2376 540 2434 606; x_wconf 77' lang='grc' dir='ltr'>ἐξ</span> <span class='ocrx_word' id='word_1_492' title='bbox 2484 538 2727 610; x_wconf 73' lang='grc' dir='ltr'>οὐρανῶν</span> <span class='ocrx_word' id='word_1_493' title='bbox 2761 539 2838 600; x_wconf 88' lang='grc' dir='ltr'><strong>είς</strong></span> <span class='ocrx_word' id='word_1_494' title='bbox 2886 535 3204 608; x_wconf 78' lang='grc' dir='ltr'><strong>ἀνθρώπους</strong></span> <span class='ocrx_word' id='word_1_495' title='bbox 3235 534 3398 588; x_wconf 79' lang='grc' dir='ltr'>αὑτοῦ</span> <span class='ocrx_word' id='word_1_496' title='bbox 3449 534 3699 600; x_wconf 79' lang='grc' dir='ltr'>θεσπιζο-</span> 
     </span>
    </p>
   </div>
   <div class='ocr_carea' id='block_1_65' title="bbox 2121 629 3700 704">
    <p class='ocr_par' dir='ltr' id='par_1_65' title="bbox 2121 629 3700 704">
     <span class='ocr_line' id='line_1_65' title="bbox 2121 629 3700 704; baseline -0.001 -18"><span class='ocrx_word' id='word_1_497' title='bbox 2121 635 2287 704; x_wconf 84' lang='grc' dir='ltr'>μένην</span> <span class='ocrx_word' id='word_1_498' title='bbox 2316 633 2559 696; x_wconf 76' lang='grc' dir='ltr'>κάθοδον,</span> <span class='ocrx_word' id='word_1_499' title='bbox 2591 633 2657 703; x_wconf 73' lang='grc' dir='ltr'>ἢν</span> <span class='ocrx_word' id='word_1_500' title='bbox 2693 631 2897 702; x_wconf 85' lang='grc' dir='ltr'>προῖὼν</span> <span class='ocrx_word' id='word_1_501' title='bbox 2937 629 3064 699; x_wconf 75' lang='grc' dir='ltr'>ἑξῆς</span> <span class='ocrx_word' id='word_1_502' title='bbox 3091 631 3120 681; x_wconf 86' lang='lat'><strong>6</strong></span> <span class='ocrx_word' id='word_1_503' title='bbox 3151 629 3306 698; x_wconf 82' lang='grc' dir='ltr'>λόγος</span> <span class='ocrx_word' id='word_1_504' title='bbox 3344 631 3700 702; x_wconf 76' lang='grc' dir='ltr'><strong>προφητεύει,</strong></span> 
     </span>
    </p>
   </div>
   <div class='ocr_carea' id='block_1_66' title="bbox 2117 722 3695 796">
    <p class='ocr_par' dir='ltr' id='par_1_66' title="bbox 2117 722 3695 796">
     <span class='ocr_line' id='line_1_66' title="bbox 2117 722 3695 796; baseline 0 -19"><span class='ocrx_word' id='word_1_505' title='bbox 2117 726 2213 796; x_wconf 80' lang='grc' dir='ltr'>τὴν</span> <span class='ocrx_word' id='word_1_506' title='bbox 2234 727 2298 778; x_wconf 82' lang='grc' dir='ltr'>ὲκ</span> <span class='ocrx_word' id='word_1_507' title='bbox 2322 724 2598 795; x_wconf 83' lang='grc' dir='ltr'><strong>Παρθένου</strong></span> <span class='ocrx_word' id='word_1_508' title='bbox 2632 726 2844 793; x_wconf 84' lang='grc' dir='ltr'>γένεσιν</span> <span class='ocrx_word' id='word_1_509' title='bbox 2872 724 2966 776; x_wconf 78' lang='grc' dir='ltr'>καὶ</span> <span class='ocrx_word' id='word_1_510' title='bbox 2991 723 3088 794; x_wconf 80' lang='grc' dir='ltr'>τὴν</span> <span class='ocrx_word' id='word_1_511' title='bbox 3127 722 3212 774; x_wconf 74' lang='grc' dir='ltr'>διὰ</span> <span class='ocrx_word' id='word_1_512' title='bbox 3256 722 3460 792; x_wconf 78' lang='grc' dir='ltr'><strong>ταύτης</strong></span> <span class='ocrx_word' id='word_1_513' title='bbox 3485 725 3564 786; x_wconf 80' lang='grc' dir='ltr'><strong>εἶς</strong></span> <span class='ocrx_word' id='word_1_514' title='bbox 3597 726 3695 777; x_wconf 81' lang='grc' dir='ltr'><strong>πᾶ-</strong></span> 
     </span>
    </p>
   </div>
   <div class='ocr_carea' id='block_1_67' title="bbox 2121 813 3701 888">
    <p class='ocr_par' dir='ltr' id='par_1_67' title="bbox 2121 813 3701 888">
     <span class='ocr_line' id='line_1_67' title="bbox 2121 813 3701 888; baseline -0.001 -18"><span class='ocrx_word' id='word_1_515' title='bbox 2121 835 2218 871; x_wconf 89' lang='grc' dir='ltr'><strong>σαν</strong></span> <span class='ocrx_word' id='word_1_516' title='bbox 2249 817 2344 887; x_wconf 78' lang='grc' dir='ltr'>τὴν</span> <span class='ocrx_word' id='word_1_517' title='bbox 2381 818 2485 887; x_wconf 85' lang='grc' dir='ltr'><strong>γῆν</strong></span> <span class='ocrx_word' id='word_1_518' title='bbox 2512 815 2923 886; x_wconf 76' lang='grc' dir='ltr'>ὲφαπλωθεῖσαν</span> <span class='ocrx_word' id='word_1_519' title='bbox 2955 813 3264 883; x_wconf 78' lang='grc' dir='ltr'>δοξολογίαν</span> <span class='ocrx_word' id='word_1_520' title='bbox 3297 816 3462 869; x_wconf 72' lang='grc' dir='ltr'>αὑτοῦ</span> <span class='ocrx_word' id='word_1_521' title='bbox 3499 816 3701 888; x_wconf 83' lang='grc' dir='ltr'>κηρύτ-</span> 
     </span>
    </p>
   </div>
   <div class='ocr_carea' id='block_1_68' title="bbox 2117 891 3701 981">
    <p class='ocr_par' dir='ltr' id='par_1_68' title="bbox 2117 891 3701 981">
     <span class='ocr_line' id='line_1_68' title="bbox 2117 891 3701 981; baseline 0 -19"><span class='ocrx_word' id='word_1_522' title='bbox 2117 927 2241 962; x_wconf 87' lang='grc' dir='ltr'><strong>των.</strong></span> <span class='ocrx_word' id='word_1_523' title='bbox 2294 910 2496 981; x_wconf 85' lang='grc' dir='ltr'>Κύριος</span> <span class='ocrx_word' id='word_1_524' title='bbox 2540 910 2596 962; x_wconf 86' lang='grc' dir='ltr'>δὲ</span> <span class='ocrx_word' id='word_1_525' title='bbox 2642 908 2868 962; x_wconf 81' lang='grc' dir='ltr'>Σαϐαὼθ</span> <span class='ocrx_word' id='word_1_526' title='bbox 2922 909 3282 980; x_wconf 79' lang='grc' dir='ltr'><strong>ἑρμηνεύεται</strong></span> <span class='ocrx_word' id='word_1_527' title='bbox 3339 910 3553 976; x_wconf 78' lang='grc' dir='ltr'>Κύριος</span> <span class='ocrx_word' id='word_1_528' title='bbox 3584 891 3701 962; x_wconf 70' lang='grc' dir='ltr'><strong>τᾶἶν</strong></span> 
     </span>
    </p>
   </div>
   <div class='ocr_carea' id='block_1_69' title="bbox 2118 999 3698 1072">
    <p class='ocr_par' dir='ltr' id='par_1_69' title="bbox 2118 999 3698 1072">
     <span class='ocr_line' id='line_1_69' title="bbox 2118 999 3698 1072; baseline -0.001 -18"><span class='ocrx_word' id='word_1_529' title='bbox 2118 1001 2460 1071; x_wconf 77' lang='grc' dir='ltr'><strong>δυνάμεων·</strong></span> <span class='ocrx_word' id='word_1_530' title='bbox 2506 1002 2667 1064; x_wconf 78' lang='grc' dir='ltr'>αὐτὸς</span> <span class='ocrx_word' id='word_1_531' title='bbox 2699 1003 2741 1054; x_wconf 82' lang='grc' dir='ltr'>δ’</span> <span class='ocrx_word' id='word_1_532' title='bbox 2778 1001 2843 1054; x_wconf 84' lang='grc' dir='ltr'>ἂν</span> <span class='ocrx_word' id='word_1_533' title='bbox 2883 1002 2970 1072; x_wconf 80' lang='grc' dir='ltr'>εἴη</span> <span class='ocrx_word' id='word_1_534' title='bbox 3005 1002 3032 1052; x_wconf 98' lang='lat'><strong>6</strong></span> <span class='ocrx_word' id='word_1_535' title='bbox 3063 1000 3501 1070; x_wconf 73' lang='grc' dir='ltr'><strong>ἀρχιστράτηγος</strong></span> <span class='ocrx_word' id='word_1_536' title='bbox 3538 999 3698 1053; x_wconf 81' lang='grc' dir='ltr'>δυνά-</span> 
     </span>
    </p>
   </div>
   <div class='ocr_carea' id='block_1_70' title="bbox 2123 1091 3700 1166">
    <p class='ocr_par' dir='ltr' id='par_1_70' title="bbox 2123 1091 3700 1166">
     <span class='ocr_line' id='line_1_70' title="bbox 2123 1091 3700 1166; baseline -0.002 -18"><span class='ocrx_word' id='word_1_537' title='bbox 2123 1112 2268 1165; x_wconf 88' lang='grc' dir='ltr'>μεως</span> <span class='ocrx_word' id='word_1_538' title='bbox 2290 1095 2520 1166; x_wconf 87' lang='grc' dir='ltr'>Κυρίου,</span> <span class='ocrx_word' id='word_1_539' title='bbox 2544 1095 2601 1147; x_wconf 85' lang='grc' dir='ltr'>ὃν</span> <span class='ocrx_word' id='word_1_540' title='bbox 2640 1095 2733 1147; x_wconf 78' lang='grc' dir='ltr'>καὶ</span> <span class='ocrx_word' id='word_1_541' title='bbox 2771 1095 2828 1146; x_wconf 79' lang='grc' dir='ltr'>ὲν</span> <span class='ocrx_word' id='word_1_542' title='bbox 2873 1100 2957 1162; x_wconf 83' lang='grc' dir='ltr'><strong>κγ’</strong></span> <span class='ocrx_word' id='word_1_543' title='bbox 2988 1091 3188 1162; x_wconf 73' lang='grc' dir='ltr'>ψαλμῷ</span> <span class='ocrx_word' id='word_1_544' title='bbox 3231 1091 3437 1162; x_wconf 83' lang='grc' dir='ltr'><strong>Κύριον</strong></span> <span class='ocrx_word' id='word_1_545' title='bbox 3472 1091 3700 1145; x_wconf 73' lang='grc' dir='ltr'>Σαϐαὼθ</span> 
     </span>
    </p>
   </div>
   <div class='ocr_carea' id='block_1_71' title="bbox 2118 1183 3699 1255">
    <p class='ocr_par' dir='ltr' id='par_1_71' title="bbox 2118 1183 3699 1255">
     <span class='ocr_line' id='line_1_71' title="bbox 2118 1183 3699 1255; baseline 0 -15"><span class='ocrx_word' id='word_1_546' title='bbox 2118 1189 2173 1240; x_wconf 81' lang='grc' dir='ltr'>αἱ</span> <span class='ocrx_word' id='word_1_547' title='bbox 2207 1187 2346 1240; x_wconf 87' lang='grc' dir='ltr'>θεῖαι</span> <span class='ocrx_word' id='word_1_548' title='bbox 2392 1187 2553 1240; x_wconf 74' lang='grc' dir='ltr'>πάλιν</span> <span class='ocrx_word' id='word_1_549' title='bbox 2587 1185 2923 1241; x_wconf 79' lang='grc' dir='ltr'><strong>ἀποκαλοῦσι</strong></span> <span class='ocrx_word' id='word_1_550' title='bbox 2974 1185 3266 1255; x_wconf 86' lang='grc' dir='ltr'>δυνάμεις,</span> <span class='ocrx_word' id='word_1_551' title='bbox 3303 1185 3402 1254; x_wconf 77' lang='grc' dir='ltr'>τὴν</span> <span class='ocrx_word' id='word_1_552' title='bbox 3453 1183 3562 1236; x_wconf 75' lang='grc' dir='ltr'>ἀπὺ</span> <span class='ocrx_word' id='word_1_553' title='bbox 3596 1183 3699 1253; x_wconf 76' lang='grc' dir='ltr'><strong>γῆς</strong></span> 
     </span>
    </p>
   </div>
   <div class='ocr_carea' id='block_1_72' title="bbox 2119 1268 3698 1348">
    <p class='ocr_par' dir='ltr' id='par_1_72' title="bbox 2119 1268 3698 1348">
     <span class='ocr_line' id='line_1_72' title="bbox 2119 1268 3698 1348; baseline -0.003 -19"><span class='ocrx_word' id='word_1_554' title='bbox 2119 1280 2198 1340; x_wconf 87' lang='grc' dir='ltr'>εἰς</span> <span class='ocrx_word' id='word_1_555' title='bbox 2225 1278 2487 1348; x_wconf 77' lang='grc' dir='ltr'>οὐρανοὺς</span> <span class='ocrx_word' id='word_1_556' title='bbox 2512 1276 2696 1330; x_wconf 78' lang='grc' dir='ltr'>ἄνοδον</span> <span class='ocrx_word' id='word_1_557' title='bbox 2723 1275 2888 1329; x_wconf 83' lang='grc' dir='ltr'>αὑτοῦ</span> <span class='ocrx_word' id='word_1_558' title='bbox 2914 1273 3287 1338; x_wconf 79' lang='grc' dir='ltr'>θεσπίζουσαι,</span> <span class='ocrx_word' id='word_1_559' title='bbox 3309 1275 3377 1327; x_wconf 82' lang='grc' dir='ltr'><strong>δι’</strong></span> <span class='ocrx_word' id='word_1_560' title='bbox 3405 1268 3481 1326; x_wconf 80' lang='grc' dir='ltr'>ὧν</span> <span class='ocrx_word' id='word_1_561' title='bbox 3509 1289 3698 1342; x_wconf 61' lang='grc' dir='ltr'>φασιν</span> 
     </span>
    </p>
   </div>
   <div class='ocr_carea' id='block_1_73' title="bbox 2126 1365 3698 1439">
    <p class='ocr_par' dir='ltr' id='par_1_73' title="bbox 2126 1365 3698 1439">
     <span class='ocr_line' id='line_1_73' title="bbox 2126 1365 3698 1439; baseline -0.004 -18"><span class='ocrx_word' id='word_1_562' title='bbox 2126 1389 2144 1421; x_wconf 74' lang='grc' dir='ltr'><strong>ι</strong></span> <span class='ocrx_word' id='word_1_563' title='bbox 2177 1370 2376 1439; x_wconf 80' lang='grc' dir='ltr'>Ἀρατε</span> <span class='ocrx_word' id='word_1_564' title='bbox 2428 1369 2622 1433; x_wconf 89' lang='grc' dir='ltr'>πύλας,</span> <span class='ocrx_word' id='word_1_565' title='bbox 2659 1369 2709 1420; x_wconf 85' lang='grc' dir='ltr'><strong>οἱ</strong></span> <span class='ocrx_word' id='word_1_566' title='bbox 2738 1368 3018 1438; x_wconf 76' lang='grc' dir='ltr'>ἄρχοντες,</span> <span class='ocrx_word' id='word_1_567' title='bbox 3059 1367 3232 1437; x_wconf 82' lang='grc' dir='ltr'>ὑμῶν,</span> <span class='ocrx_word' id='word_1_568' title='bbox 3269 1366 3360 1418; x_wconf 67' lang='grc' dir='ltr'>καὶ</span> <span class='ocrx_word' id='word_1_569' title='bbox 3388 1365 3660 1436; x_wconf 81' lang='grc' dir='ltr'>ὲπάρΟητε</span> <span class='ocrx_word' id='word_1_570' title='bbox 3681 1404 3698 1427; x_wconf 87' lang='grc'>,</span> 
     </span>
    </p>
   </div>
   <div class='ocr_carea' id='block_1_74' title="bbox 2121 1455 3699 1527">
    <p class='ocr_par' dir='ltr' id='par_1_74' title="bbox 2121 1455 3699 1527">
     <span class='ocr_line' id='line_1_74' title="bbox 2121 1455 3699 1527; baseline -0.004 -12"><span class='ocrx_word' id='word_1_571' title='bbox 2121 1461 2284 1515; x_wconf 83' lang='grc' dir='ltr'>πύλαι</span> <span class='ocrx_word' id='word_1_572' title='bbox 2323 1459 2551 1524; x_wconf 81' lang='grc' dir='ltr'>αἰώνιοι,</span> <span class='ocrx_word' id='word_1_573' title='bbox 2597 1461 2691 1514; x_wconf 73' lang='grc' dir='ltr'>καὶ</span> <span class='ocrx_word' id='word_1_574' title='bbox 2731 1459 3095 1512; x_wconf 73' lang='grc' dir='ltr'><strong>εἰσελεύσεται</strong></span> <span class='ocrx_word' id='word_1_575' title='bbox 3133 1460 3160 1510; x_wconf 94' lang='lat'><strong>6</strong></span> <span class='ocrx_word' id='word_1_576' title='bbox 3197 1457 3446 1527; x_wconf 77' lang='grc' dir='ltr'>βασιλεὺς</span> <span class='ocrx_word' id='word_1_577' title='bbox 3482 1455 3578 1527; x_wconf 86' lang='grc' dir='ltr'><strong>τῆς</strong></span> <span class='ocrx_word' id='word_1_578' title='bbox 3612 1455 3699 1508; x_wconf 82' lang='grc' dir='ltr'>δό-</span> 
     </span>
    </p>
   </div>
   <div class='ocr_carea' id='block_1_75' title="bbox 2123 1546 3699 1623">
    <p class='ocr_par' dir='ltr' id='par_1_75' title="bbox 2123 1546 3699 1623">
     <span class='ocr_line' id='line_1_75' title="bbox 2123 1546 3699 1623; baseline -0.005 -17"><span class='ocrx_word' id='word_1_579' title='bbox 2123 1553 2237 1623; x_wconf 84' lang='grc' dir='ltr'>ξης.</span> <span class='ocrx_word' id='word_1_580' title='bbox 2296 1553 2391 1616; x_wconf 90' lang='grc' dir='ltr'><strong>Τίς</strong></span> <span class='ocrx_word' id='word_1_581' title='bbox 2450 1557 2598 1607; x_wconf 77' lang='grc' dir='ltr'>ἐστιν</span> <span class='ocrx_word' id='word_1_582' title='bbox 2627 1549 2778 1614; x_wconf 68' lang='grc' dir='ltr'>οὗτος</span> <span class='ocrx_word' id='word_1_583' title='bbox 2801 1552 2830 1603; x_wconf 93' lang='lat'><strong>6</strong></span> <span class='ocrx_word' id='word_1_584' title='bbox 2862 1551 3113 1622; x_wconf 80' lang='grc' dir='ltr'>βασιλεὺς</span> <span class='ocrx_word' id='word_1_585' title='bbox 3143 1551 3240 1621; x_wconf 82' lang='grc' dir='ltr'><strong>τῆς</strong></span> <span class='ocrx_word' id='word_1_586' title='bbox 3267 1549 3456 1619; x_wconf 76' lang='grc' dir='ltr'>δόξης;</span> <span class='ocrx_word' id='word_1_587' title='bbox 3497 1546 3699 1618; x_wconf 85' lang='grc' dir='ltr'>Κύριος</span> 
     </span>
    </p>
   </div>
   <div class='ocr_carea' id='block_1_76' title="bbox 2119 1637 3690 1715">
    <p class='ocr_par' dir='ltr' id='par_1_76' title="bbox 2119 1637 3690 1715">
     <span class='ocr_line' id='line_1_76' title="bbox 2119 1637 3690 1715; baseline -0.004 -19"><span class='ocrx_word' id='word_1_588' title='bbox 2119 1645 2220 1715; x_wconf 91' lang='grc' dir='ltr'><strong>τῆς</strong></span> <span class='ocrx_word' id='word_1_589' title='bbox 2263 1645 2543 1715; x_wconf 85' lang='grc' dir='ltr'>δυνάμεως</span> <span class='ocrx_word' id='word_1_590' title='bbox 2563 1685 2578 1707; x_wconf 97' lang='grc'>,</span> <span class='ocrx_word' id='word_1_591' title='bbox 2615 1643 2776 1707; x_wconf 83' lang='grc' dir='ltr'>αὑτός</span> <span class='ocrx_word' id='word_1_592' title='bbox 2823 1645 2970 1696; x_wconf 87' lang='grc' dir='ltr'>ὲστιν</span> <span class='ocrx_word' id='word_1_593' title='bbox 3000 1643 3028 1694; x_wconf 93' lang='lat'><strong>6</strong></span> <span class='ocrx_word' id='word_1_594' title='bbox 3055 1639 3305 1710; x_wconf 76' lang='grc' dir='ltr'>βασιλεὺς</span> <span class='ocrx_word' id='word_1_595' title='bbox 3334 1639 3430 1709; x_wconf 80' lang='grc' dir='ltr'><strong>τῆς</strong></span> <span class='ocrx_word' id='word_1_596' title='bbox 3462 1637 3635 1708; x_wconf 78' lang='grc' dir='ltr'>δόξης.</span> <span class='ocrx_word' id='word_1_597' title='bbox 3671 1656 3690 1688; x_wconf 74' lang='grc' dir='ltr'><strong>ι</strong></span> 
     </span>
    </p>
   </div>
   <div class='ocr_carea' id='block_1_77' title="bbox 2122 1723 3695 1801">
    <p class='ocr_par' dir='ltr' id='par_1_77' title="bbox 2122 1723 3695 1801">
     <span class='ocr_line' id='line_1_77' title="bbox 2122 1723 3695 1801; baseline -0.001 -19"><span class='ocrx_word' id='word_1_598' title='bbox 2122 1731 2196 1782; x_wconf 81' lang='grc' dir='ltr'>Τὸ</span> <span class='ocrx_word' id='word_1_599' title='bbox 2231 1731 2359 1798; x_wconf 77' lang='grc' dir='ltr'>γοῦν</span> <span class='ocrx_word' id='word_1_600' title='bbox 2403 1731 2686 1801; x_wconf 77' lang='grc' dir='ltr'>Ἐϐραῖκὸν</span> <span class='ocrx_word' id='word_1_601' title='bbox 2727 1723 2885 1784; x_wconf 82' lang='grc' dir='ltr'>πάλιν</span> <span class='ocrx_word' id='word_1_602' title='bbox 2941 1729 3175 1783; x_wconf 75' lang='grc' dir='ltr'>ἐνταῦθα</span> <span class='ocrx_word' id='word_1_603' title='bbox 3217 1728 3418 1799; x_wconf 84' lang='grc' dir='ltr'>Κύριον</span> <span class='ocrx_word' id='word_1_604' title='bbox 3470 1726 3695 1781; x_wconf 79' lang='grc' dir='ltr'>Σαδαὼθ</span> 
     </span>
    </p>
   </div>
   <div class='ocr_carea' id='block_1_78' title="bbox 2123 1817 3698 1890">
    <p class='ocr_par' dir='ltr' id='par_1_78' title="bbox 2123 1817 3698 1890">
     <span class='ocr_line' id='line_1_78' title="bbox 2123 1817 3698 1890; baseline -0.004 -16"><span class='ocrx_word' id='word_1_605' title='bbox 2123 1821 2283 1874; x_wconf 75' lang='grc' dir='ltr'>αὐτὸν</span> <span class='ocrx_word' id='word_1_606' title='bbox 2311 1820 2501 1874; x_wconf 87' lang='grc' dir='ltr'>καλεῖ·</span> <span class='ocrx_word' id='word_1_607' title='bbox 2543 1820 2637 1873; x_wconf 71' lang='grc' dir='ltr'>καὶ</span> <span class='ocrx_word' id='word_1_608' title='bbox 2682 1819 2977 1890; x_wconf 68' lang='grc' dir='ltr'>ἐπειδήπερ</span> <span class='ocrx_word' id='word_1_609' title='bbox 3006 1819 3170 1881; x_wconf 85' lang='grc' dir='ltr'>αύτός</span> <span class='ocrx_word' id='word_1_610' title='bbox 3213 1820 3360 1871; x_wconf 76' lang='grc' dir='ltr'>ἐστιν</span> <span class='ocrx_word' id='word_1_611' title='bbox 3388 1820 3415 1870; x_wconf 93' lang='lat'><strong>6</strong></span> <span class='ocrx_word' id='word_1_612' title='bbox 3449 1817 3698 1888; x_wconf 77' lang='grc' dir='ltr'>βασιλεὺς</span> 
     </span>
    </p>
   </div>
   <div class='ocr_carea' id='block_1_79' title="bbox 2123 1911 3703 1985">
    <p class='ocr_par' dir='ltr' id='par_1_79' title="bbox 2123 1911 3703 1985">
     <span class='ocr_line' id='line_1_79' title="bbox 2123 1911 3703 1985; baseline -0.001 -18"><span class='ocrx_word' id='word_1_613' title='bbox 2123 1915 2223 1985; x_wconf 93' lang='grc' dir='ltr'><strong>τῆς</strong></span> <span class='ocrx_word' id='word_1_614' title='bbox 2257 1914 2434 1985; x_wconf 77' lang='grc' dir='ltr'>δόξης,</span> <span class='ocrx_word' id='word_1_615' title='bbox 2461 1913 2550 1967; x_wconf 84' lang='grc' dir='ltr'>διά</span> <span class='ocrx_word' id='word_1_616' title='bbox 2575 1930 2636 1966; x_wconf 89' lang='grc' dir='ltr'><strong>τε</strong></span> <span class='ocrx_word' id='word_1_617' title='bbox 2663 1913 2761 1982; x_wconf 86' lang='grc' dir='ltr'>τὴν</span> <span class='ocrx_word' id='word_1_618' title='bbox 2797 1912 3091 1983; x_wconf 74' lang='grc' dir='ltr'>ἐπιδημίαν</span> <span class='ocrx_word' id='word_1_619' title='bbox 3125 1911 3289 1965; x_wconf 80' lang='grc' dir='ltr'>αὐτοῦ</span> <span class='ocrx_word' id='word_1_620' title='bbox 3323 1911 3514 1981; x_wconf 70' lang='grc' dir='ltr'>ἔμελλε</span> <span class='ocrx_word' id='word_1_621' title='bbox 3549 1913 3703 1965; x_wconf 80' lang='grc' dir='ltr'>πᾶσα</span> 
     </span>
    </p>
   </div>
   <div class='ocr_carea' id='block_1_80' title="bbox 2124 1987 3705 2078">
    <p class='ocr_par' dir='ltr' id='par_1_80' title="bbox 2124 1987 3705 2078">
     <span class='ocr_line' id='line_1_80' title="bbox 2124 1987 3705 2078; baseline -0.006 -15"><span class='ocrx_word' id='word_1_622' title='bbox 2124 2009 2157 2078; x_wconf 76' lang='grc' dir='ltr'>ἡ</span> <span class='ocrx_word' id='word_1_623' title='bbox 2185 1987 2254 2077; x_wconf 84' lang='grc' dir='ltr'>γῆ</span> <span class='ocrx_word' id='word_1_624' title='bbox 2282 2005 2619 2077; x_wconf 83' lang='grc' dir='ltr'>πληροῦσθαι</span> <span class='ocrx_word' id='word_1_625' title='bbox 2642 2005 2738 2074; x_wconf 87' lang='grc' dir='ltr'><strong>τῆς</strong></span> <span class='ocrx_word' id='word_1_626' title='bbox 2767 2005 2923 2075; x_wconf 78' lang='grc' dir='ltr'>δόξης</span> <span class='ocrx_word' id='word_1_627' title='bbox 2949 2003 3134 2067; x_wconf 79' lang='grc' dir='ltr'>αὑτοῦ,</span> <span class='ocrx_word' id='word_1_628' title='bbox 3165 2003 3389 2066; x_wconf 80' lang='grc' dir='ltr'><strong>εἰκότως</strong></span> <span class='ocrx_word' id='word_1_629' title='bbox 3419 2001 3481 2054; x_wconf 82' lang='grc' dir='ltr'>τὸ</span> <span class='ocrx_word' id='word_1_630' title='bbox 3511 2000 3705 2073; x_wconf 81' lang='grc' dir='ltr'>μέλλον</span> 
     </span>
    </p>
   </div>
   <div class='ocr_carea' id='block_1_81' title="bbox 2126 2092 3705 2168">
    <p class='ocr_par' dir='ltr' id='par_1_81' title="bbox 2126 2092 3705 2168">
     <span class='ocr_line' id='line_1_81' title="bbox 2126 2092 3705 2168; baseline -0.003 -18"><span class='ocrx_word' id='word_1_631' title='bbox 2126 2097 2342 2150; x_wconf 73' lang='grc' dir='ltr'>ἔσεσθαι</span> <span class='ocrx_word' id='word_1_632' title='bbox 2401 2097 2457 2150; x_wconf 75' lang='grc' dir='ltr'>ἐν</span> <span class='ocrx_word' id='word_1_633' title='bbox 2501 2114 2560 2150; x_wconf 88' lang='grc' dir='ltr'>τε</span> <span class='ocrx_word' id='word_1_634' title='bbox 2610 2096 2688 2166; x_wconf 83' lang='grc' dir='ltr'><strong>τῷ</strong></span> <span class='ocrx_word' id='word_1_635' title='bbox 2741 2097 2995 2168; x_wconf 71' lang='grc' dir='ltr'>προφήτῃ</span> <span class='ocrx_word' id='word_1_636' title='bbox 3044 2095 3330 2162; x_wconf 84' lang='grc' dir='ltr'>λέλεκται,</span> <span class='ocrx_word' id='word_1_637' title='bbox 3380 2095 3474 2147; x_wconf 74' lang='grc' dir='ltr'>καὶ</span> <span class='ocrx_word' id='word_1_638' title='bbox 3521 2096 3578 2147; x_wconf 82' lang='grc' dir='ltr'>ἐν</span> <span class='ocrx_word' id='word_1_639' title='bbox 3623 2092 3705 2164; x_wconf 78' lang='grc' dir='ltr'>τῷ</span> 
     </span>
    </p>
   </div>
   <div class='ocr_carea' id='block_1_82' title="bbox 2125 2185 3700 2260">
    <p class='ocr_par' dir='ltr' id='par_1_82' title="bbox 2125 2185 3700 2260">
     <span class='ocr_line' id='line_1_82' title="bbox 2125 2185 3700 2260; baseline -0.001 -18"><span class='ocrx_word' id='word_1_640' title='bbox 2125 2188 2350 2260; x_wconf 73' lang='grc' dir='ltr'>ψαλμῷ·</span> <span class='ocrx_word' id='word_1_641' title='bbox 2381 2189 2440 2240; x_wconf 81' lang='grc' dir='ltr'>ὲν</span> <span class='ocrx_word' id='word_1_642' title='bbox 2477 2190 2575 2258; x_wconf 82' lang='grc' dir='ltr'>μὲν</span> <span class='ocrx_word' id='word_1_643' title='bbox 2603 2189 2681 2259; x_wconf 85' lang='grc' dir='ltr'>τῷ</span> <span class='ocrx_word' id='word_1_644' title='bbox 2704 2189 2956 2260; x_wconf 76' lang='grc' dir='ltr'>προφήτῃ</span> <span class='ocrx_word' id='word_1_645' title='bbox 2988 2188 3076 2242; x_wconf 79' lang='grc' dir='ltr'><strong>διὰ</strong></span> <span class='ocrx_word' id='word_1_646' title='bbox 3105 2187 3221 2254; x_wconf 79' lang='grc' dir='ltr'>τοῦ,</span> <span class='ocrx_word' id='word_1_647' title='bbox 3262 2209 3280 2238; x_wconf 71' lang='grc' dir='ltr'><strong>ι</strong></span> <span class='ocrx_word' id='word_1_648' title='bbox 3310 2185 3531 2259; x_wconf 85' lang='grc' dir='ltr'>Πλήρης</span> <span class='ocrx_word' id='word_1_649' title='bbox 3554 2187 3700 2240; x_wconf 77' lang='grc' dir='ltr'>πᾶσα</span> 
     </span>
    </p>
   </div>
   <div class='ocr_carea' id='block_1_83' title="bbox 2127 2275 3698 2352">
    <p class='ocr_par' dir='ltr' id='par_1_83' title="bbox 2127 2275 3698 2352">
     <span class='ocr_line' id='line_1_83' title="bbox 2127 2275 3698 2352; baseline -0.007 0"><span class='ocrx_word' id='word_1_650' title='bbox 2127 2283 2160 2352; x_wconf 81' lang='grc' dir='ltr'>ὴ</span> <span class='ocrx_word' id='word_1_651' title='bbox 2195 2281 2268 2351; x_wconf 81' lang='grc' dir='ltr'>γῆ</span> <span class='ocrx_word' id='word_1_652' title='bbox 2316 2282 2414 2352; x_wconf 83' lang='grc' dir='ltr'>τῆς</span> <span class='ocrx_word' id='word_1_653' title='bbox 2452 2281 2610 2351; x_wconf 74' lang='grc' dir='ltr'>δόξης</span> <span class='ocrx_word' id='word_1_654' title='bbox 2651 2279 2847 2334; x_wconf 78' lang='grc' dir='ltr'><strong>αὐτοῦ·</strong></span> <span class='ocrx_word' id='word_1_655' title='bbox 2879 2300 2896 2332; x_wconf 75' lang='grc' dir='ltr'><strong>ι</strong></span> <span class='ocrx_word' id='word_1_656' title='bbox 2937 2282 2996 2333; x_wconf 79' lang='grc' dir='ltr'>ὲν</span> <span class='ocrx_word' id='word_1_657' title='bbox 3027 2280 3083 2333; x_wconf 84' lang='grc' dir='ltr'>δὲ</span> <span class='ocrx_word' id='word_1_658' title='bbox 3121 2279 3198 2350; x_wconf 82' lang='grc' dir='ltr'><strong>τῷ</strong></span> <span class='ocrx_word' id='word_1_659' title='bbox 3233 2277 3432 2349; x_wconf 72' lang='grc' dir='ltr'>ψαλμῷ</span> <span class='ocrx_word' id='word_1_660' title='bbox 3476 2277 3565 2332; x_wconf 83' lang='grc' dir='ltr'>διὰ</span> <span class='ocrx_word' id='word_1_661' title='bbox 3604 2275 3698 2348; x_wconf 77' lang='grc' dir='ltr'><strong>τῆς</strong></span> 
     </span>
    </p>
   </div>
   <div class='ocr_carea' id='block_1_84' title="bbox 2127 2371 3703 2446">
    <p class='ocr_par' dir='ltr' id='par_1_84' title="bbox 2127 2371 3703 2446">
     <span class='ocr_line' id='line_1_84' title="bbox 2127 2371 3703 2446; baseline -0.003 -18"><span class='ocrx_word' id='word_1_662' title='bbox 2127 2375 2299 2446; x_wconf 86' lang='grc' dir='ltr'>ἀρχῆς</span> <span class='ocrx_word' id='word_1_663' title='bbox 2340 2374 2684 2445; x_wconf 77' lang='grc' dir='ltr'>φασκούσηςο</span> <span class='ocrx_word' id='word_1_664' title='bbox 2724 2394 2742 2424; x_wconf 72' lang='grc' dir='ltr'>ε</span> <span class='ocrx_word' id='word_1_665' title='bbox 2773 2374 2878 2427; x_wconf 77' lang='grc' dir='ltr'>Τοῦ</span> <span class='ocrx_word' id='word_1_666' title='bbox 2913 2375 3118 2445; x_wconf 82' lang='grc' dir='ltr'>Κυρίου</span> <span class='ocrx_word' id='word_1_667' title='bbox 3150 2377 3184 2445; x_wconf 78' lang='grc' dir='ltr'>ἡ</span> <span class='ocrx_word' id='word_1_668' title='bbox 3227 2373 3300 2443; x_wconf 81' lang='grc' dir='ltr'>γῆ</span> <span class='ocrx_word' id='word_1_669' title='bbox 3339 2373 3433 2426; x_wconf 74' lang='grc' dir='ltr'>καὶ</span> <span class='ocrx_word' id='word_1_670' title='bbox 3464 2372 3524 2425; x_wconf 81' lang='grc' dir='ltr'>τὸ</span> <span class='ocrx_word' id='word_1_671' title='bbox 3568 2371 3703 2443; x_wconf 65' lang='grc' dir='ltr'>πλήν</span> 
     </span>
    </p>
   </div>
   <div class='ocr_carea' id='block_1_85' title="bbox 2128 2464 3703 2537">
    <p class='ocr_par' dir='ltr' id='par_1_85' title="bbox 2128 2464 3703 2537">
     <span class='ocr_line' id='line_1_85' title="bbox 2128 2464 3703 2537; baseline 0.001 -20"><span class='ocrx_word' id='word_1_672' title='bbox 2128 2483 2287 2537; x_wconf 87' lang='grc' dir='ltr'>ρωμα</span> <span class='ocrx_word' id='word_1_673' title='bbox 2307 2466 2495 2536; x_wconf 79' lang='grc' dir='ltr'>αὐτῆς,</span> <span class='ocrx_word' id='word_1_674' title='bbox 2518 2467 2552 2536; x_wconf 89' lang='grc' dir='ltr'><strong>ή</strong></span> <span class='ocrx_word' id='word_1_675' title='bbox 2574 2466 2886 2536; x_wconf 78' lang='grc' dir='ltr'>οἰκουμένη,</span> <span class='ocrx_word' id='word_1_676' title='bbox 2905 2467 2999 2518; x_wconf 71' lang='grc' dir='ltr'>καὶ</span> <span class='ocrx_word' id='word_1_677' title='bbox 3033 2466 3229 2529; x_wconf 86' lang='grc' dir='ltr'>πάντες</span> <span class='ocrx_word' id='word_1_678' title='bbox 3251 2469 3297 2518; x_wconf 89' lang='grc' dir='ltr'><strong>οἱ</strong></span> <span class='ocrx_word' id='word_1_679' title='bbox 3326 2464 3703 2528; x_wconf 76' lang='grc' dir='ltr'>κατοικοῦντες</span> 
     </span>
    </p>
   </div>
   <div class='ocr_carea' id='block_1_86' title="bbox 2127 2558 3704 2631">
    <p class='ocr_par' dir='ltr' id='par_1_86' title="bbox 2127 2558 3704 2631">
     <span class='ocr_line' id='line_1_86' title="bbox 2127 2558 3704 2631; baseline 0.001 -19"><span class='ocrx_word' id='word_1_680' title='bbox 2127 2561 2184 2612; x_wconf 81' lang='grc' dir='ltr'>ὲν</span> <span class='ocrx_word' id='word_1_681' title='bbox 2215 2560 2373 2630; x_wconf 75' lang='grc' dir='ltr'>αὐτῇ.</span> <span class='ocrx_word' id='word_1_682' title='bbox 2407 2577 2427 2611; x_wconf 68' lang='grc' dir='ltr'><strong>ι</strong></span> <span class='ocrx_word' id='word_1_683' title='bbox 2477 2558 2692 2612; x_wconf 87' lang='grc' dir='ltr'>Τούτων</span> <span class='ocrx_word' id='word_1_684' title='bbox 2744 2559 3213 2629; x_wconf 85' lang='grc' dir='ltr'>τεθεσπισμένων,</span> <span class='ocrx_word' id='word_1_685' title='bbox 3261 2560 3388 2631; x_wconf 81' lang='grc' dir='ltr'>ἑξῆς</span> <span class='ocrx_word' id='word_1_686' title='bbox 3425 2559 3630 2624; x_wconf 75' lang='grc' dir='ltr'>ὑποϐὰς</span> <span class='ocrx_word' id='word_1_687' title='bbox 3671 2563 3704 2614; x_wconf 87' lang='lat'><strong>6</strong></span> 
     </span>
    </p>
   </div>
   <div class='ocr_carea' id='block_1_87' title="bbox 2128 2649 3698 2724">
    <p class='ocr_par' dir='ltr' id='par_1_87' title="bbox 2128 2649 3698 2724">
     <span class='ocr_line' id='line_1_87' title="bbox 2128 2649 3698 2724; baseline 0.001 -21"><span class='ocrx_word' id='word_1_688' title='bbox 2128 2652 2412 2722; x_wconf 71' lang='grc' dir='ltr'>προφήτης</span> <span class='ocrx_word' id='word_1_689' title='bbox 2442 2649 2797 2722; x_wconf 84' lang='grc' dir='ltr'>μαρτύρεται,</span> <span class='ocrx_word' id='word_1_690' title='bbox 2823 2651 2904 2704; x_wconf 86' lang='grc' dir='ltr'>ὃτι</span> <span class='ocrx_word' id='word_1_691' title='bbox 2937 2651 3022 2722; x_wconf 79' lang='grc' dir='ltr'>δὴ,</span> <span class='ocrx_word' id='word_1_692' title='bbox 3053 2653 3100 2703; x_wconf 82' lang='grc' dir='ltr'><strong>εί</strong></span> <span class='ocrx_word' id='word_1_693' title='bbox 3145 2651 3240 2704; x_wconf 72' lang='grc' dir='ltr'>καὶ</span> <span class='ocrx_word' id='word_1_694' title='bbox 3285 2652 3497 2724; x_wconf 86' lang='grc' dir='ltr'>πλήρης</span> <span class='ocrx_word' id='word_1_695' title='bbox 3545 2651 3698 2705; x_wconf 77' lang='grc' dir='ltr'>ἔσται</span> 
     </span>
    </p>
   </div>
   <div class='ocr_carea' id='block_1_88' title="bbox 2128 2741 3700 2813">
    <p class='ocr_par' dir='ltr' id='par_1_88' title="bbox 2128 2741 3700 2813">
     <span class='ocr_line' id='line_1_88' title="bbox 2128 2741 3700 2813; baseline 0 -18"><span class='ocrx_word' id='word_1_696' title='bbox 2128 2744 2275 2795; x_wconf 78' lang='grc' dir='ltr'>πᾶσα</span> <span class='ocrx_word' id='word_1_697' title='bbox 2311 2744 2344 2812; x_wconf 80' lang='grc' dir='ltr'><strong>ἡ</strong></span> <span class='ocrx_word' id='word_1_698' title='bbox 2377 2743 2447 2813; x_wconf 88' lang='grc' dir='ltr'>γῆ</span> <span class='ocrx_word' id='word_1_699' title='bbox 2477 2743 2573 2813; x_wconf 90' lang='grc' dir='ltr'><strong>τῆς</strong></span> <span class='ocrx_word' id='word_1_700' title='bbox 2615 2742 2772 2812; x_wconf 83' lang='grc' dir='ltr'>δόξης</span> <span class='ocrx_word' id='word_1_701' title='bbox 2819 2742 3016 2808; x_wconf 75' lang='grc' dir='ltr'>αὑτοῦ,</span> <span class='ocrx_word' id='word_1_702' title='bbox 3057 2743 3193 2796; x_wconf 84' lang='grc' dir='ltr'><strong>ἀλλά</strong></span> <span class='ocrx_word' id='word_1_703' title='bbox 3235 2759 3296 2812; x_wconf 86' lang='grc' dir='ltr'>γε</span> <span class='ocrx_word' id='word_1_704' title='bbox 3336 2741 3396 2795; x_wconf 83' lang='grc' dir='ltr'>τὸ</span> <span class='ocrx_word' id='word_1_705' title='bbox 3434 2742 3700 2796; x_wconf 75' lang='grc' dir='ltr'>Ἰουδαίων</span> 
     </span>
    </p>
   </div>
   <div class='ocr_carea' id='block_1_89' title="bbox 2127 2829 3692 2906">
    <p class='ocr_par' dir='ltr' id='par_1_89' title="bbox 2127 2829 3692 2906">
     <span class='ocr_line' id='line_1_89' title="bbox 2127 2829 3692 2906; baseline 0 -20"><span class='ocrx_word' id='word_1_706' title='bbox 2127 2834 2276 2897; x_wconf 79' lang='grc' dir='ltr'>ἔθνος</span> <span class='ocrx_word' id='word_1_707' title='bbox 2314 2835 2374 2886; x_wconf 82' lang='grc' dir='ltr'>οὑ</span> <span class='ocrx_word' id='word_1_708' title='bbox 2409 2836 2759 2904; x_wconf 84' lang='grc' dir='ltr'>προσήσεται·</span> <span class='ocrx_word' id='word_1_709' title='bbox 2804 2835 2885 2888; x_wconf 88' lang='grc' dir='ltr'><strong>διό</strong></span> <span class='ocrx_word' id='word_1_710' title='bbox 2913 2851 3075 2905; x_wconf 80' lang='grc' dir='ltr'>φησι·</span> <span class='ocrx_word' id='word_1_711' title='bbox 3110 2854 3128 2886; x_wconf 71' lang='grc' dir='ltr'>ς</span> <span class='ocrx_word' id='word_1_712' title='bbox 3169 2837 3278 2889; x_wconf 77' lang='grc' dir='ltr'>Καὶ</span> <span class='ocrx_word' id='word_1_713' title='bbox 3304 2829 3423 2888; x_wconf 84' lang='grc' dir='ltr'>εἷπε</span> <span class='ocrx_word' id='word_1_714' title='bbox 3469 2834 3692 2906; x_wconf 83' lang='grc' dir='ltr'>Κύριος,</span> 
     </span>
    </p>
   </div>
   <div class='ocr_carea' id='block_1_90' title="bbox 2125 2925 3698 2999">
    <p class='ocr_par' dir='ltr' id='par_1_90' title="bbox 2125 2925 3698 2999">
     <span class='ocr_line' id='line_1_90' title="bbox 2125 2925 3698 2999; baseline 0.001 -20"><span class='ocrx_word' id='word_1_715' title='bbox 2125 2925 2285 2990; x_wconf 75' lang='grc' dir='ltr'>αὐτὸς</span> <span class='ocrx_word' id='word_1_716' title='bbox 2331 2925 2526 2998; x_wconf 79' lang='grc' dir='ltr'>δηλαδὴ</span> <span class='ocrx_word' id='word_1_717' title='bbox 2550 2927 2577 2978; x_wconf 89' lang='lat'><strong>6</strong></span> <span class='ocrx_word' id='word_1_718' title='bbox 2603 2926 3009 2997; x_wconf 80' lang='grc' dir='ltr'>τεθεωρημένος</span> <span class='ocrx_word' id='word_1_719' title='bbox 3034 2926 3235 2999; x_wconf 88' lang='grc' dir='ltr'>Κύριος</span> <span class='ocrx_word' id='word_1_720' title='bbox 3262 2925 3484 2980; x_wconf 77' lang='grc' dir='ltr'>Σαδαώθ</span> <span class='ocrx_word' id='word_1_721' title='bbox 3503 2942 3517 2956; x_wconf 76' lang='grc' dir='ltr'><strong>ο</strong></span> <span class='ocrx_word' id='word_1_722' title='bbox 3562 2925 3698 2980; x_wconf 83' lang='grc' dir='ltr'>Τίνα</span> 
     </span>
    </p>
   </div>
   <div class='ocr_carea' id='block_1_91' title="bbox 2127 3014 3697 3092">
    <p class='ocr_par' dir='ltr' id='par_1_91' title="bbox 2127 3014 3697 3092">
     <span class='ocr_line' id='line_1_91' title="bbox 2127 3014 3697 3092; baseline -0.001 -20"><span class='ocrx_word' id='word_1_723' title='bbox 2127 3016 2469 3083; x_wconf 87' lang='grc' dir='ltr'>ἁποστείλω;</span> <span class='ocrx_word' id='word_1_724' title='bbox 2507 3019 2599 3071; x_wconf 74' lang='grc' dir='ltr'><strong>καὶ</strong></span> <span class='ocrx_word' id='word_1_725' title='bbox 2639 3019 2724 3081; x_wconf 90' lang='grc' dir='ltr'><strong>τίς</strong></span> <span class='ocrx_word' id='word_1_726' title='bbox 2765 3019 3088 3090; x_wconf 83' lang='grc' dir='ltr'>πορεύσεται</span> <span class='ocrx_word' id='word_1_727' title='bbox 3130 3019 3266 3092; x_wconf 83' lang='grc' dir='ltr'>πρὸς</span> <span class='ocrx_word' id='word_1_728' title='bbox 3295 3019 3386 3072; x_wconf 77' lang='grc' dir='ltr'><strong>τὸν</strong></span> <span class='ocrx_word' id='word_1_729' title='bbox 3415 3017 3539 3072; x_wconf 77' lang='grc' dir='ltr'>λαὸν</span> <span class='ocrx_word' id='word_1_730' title='bbox 3570 3014 3697 3071; x_wconf 70' lang='grc' dir='ltr'><strong>τοί-</strong></span> 
     </span>
    </p>
   </div>
   <div class='ocr_carea' id='block_1_92' title="bbox 2125 3107 3702 3181">
    <p class='ocr_par' dir='ltr' id='par_1_92' title="bbox 2125 3107 3702 3181">
     <span class='ocr_line' id='line_1_92' title="bbox 2125 3107 3702 3181; baseline -0.001 -17"><span class='ocrx_word' id='word_1_731' title='bbox 2125 3128 2252 3176; x_wconf 83' lang='grc' dir='ltr'>τον;</span> <span class='ocrx_word' id='word_1_732' title='bbox 2285 3111 2395 3164; x_wconf 77' lang='grc' dir='ltr'>Καὶ</span> <span class='ocrx_word' id='word_1_733' title='bbox 2419 3107 2579 3163; x_wconf 82' lang='grc' dir='ltr'>είπα’</span> <span class='ocrx_word' id='word_1_734' title='bbox 2622 3111 2750 3164; x_wconf 84' lang='grc' dir='ltr'>Ἰδού</span> <span class='ocrx_word' id='word_1_735' title='bbox 2808 3113 2923 3180; x_wconf 79' lang='grc' dir='ltr'>είμι</span> <span class='ocrx_word' id='word_1_736' title='bbox 2960 3111 3092 3179; x_wconf 75' lang='grc' dir='ltr'>ἐγὼ,</span> <span class='ocrx_word' id='word_1_737' title='bbox 3129 3110 3448 3164; x_wconf 83' lang='grc' dir='ltr'>ἀπόστειλόν</span> <span class='ocrx_word' id='word_1_738' title='bbox 3474 3127 3561 3181; x_wconf 83' lang='grc' dir='ltr'>με.</span> <span class='ocrx_word' id='word_1_739' title='bbox 3591 3110 3702 3166; x_wconf 65' lang='grc' dir='ltr'>Καὶ.</span> 
     </span>
    </p>
   </div>
   <div class='ocr_carea' id='block_1_93' title="bbox 2123 3198 3700 3276">
    <p class='ocr_par' dir='ltr' id='par_1_93' title="bbox 2123 3198 3700 3276">
     <span class='ocr_line' id='line_1_93' title="bbox 2123 3198 3700 3276; baseline 0.001 -21"><span class='ocrx_word' id='word_1_740' title='bbox 2123 3198 2269 3256; x_wconf 72' lang='grc' dir='ltr'>εἷπε·</span> <span class='ocrx_word' id='word_1_741' title='bbox 2318 3203 2655 3275; x_wconf 79' lang='grc' dir='ltr'>Πορεύθητι,</span> <span class='ocrx_word' id='word_1_742' title='bbox 2705 3205 2799 3257; x_wconf 78' lang='grc' dir='ltr'>καὶ</span> <span class='ocrx_word' id='word_1_743' title='bbox 2836 3200 2991 3258; x_wconf 78' lang='grc' dir='ltr'>εἶπον</span> <span class='ocrx_word' id='word_1_744' title='bbox 3039 3204 3117 3275; x_wconf 81' lang='grc' dir='ltr'><strong>τῷ</strong></span> <span class='ocrx_word' id='word_1_745' title='bbox 3148 3204 3263 3274; x_wconf 83' lang='grc' dir='ltr'><strong>λαῷ</strong></span> <span class='ocrx_word' id='word_1_746' title='bbox 3295 3203 3502 3276; x_wconf 78' lang='grc' dir='ltr'>τούτῳ’</span> <span class='ocrx_word' id='word_1_747' title='bbox 3539 3205 3700 3275; x_wconf 82' lang='grc' dir='ltr'><strong>Ἀκοῇ</strong></span> 
     </span>
    </p>
   </div>
   <div class='ocr_carea' id='block_1_94' title="bbox 2124 3299 3699 3374">
    <p class='ocr_par' dir='ltr' id='par_1_94' title="bbox 2124 3299 3699 3374">
     <span class='ocr_line' id='line_1_94' title="bbox 2124 3299 3699 3374; baseline 0.003 -22"><span class='ocrx_word' id='word_1_748' title='bbox 2124 3299 2406 3364; x_wconf 85' lang='grc' dir='ltr'>ἀκούσετε,</span> <span class='ocrx_word' id='word_1_749' title='bbox 2437 3303 2528 3354; x_wconf 77' lang='grc' dir='ltr'>καὶ</span> <span class='ocrx_word' id='word_1_750' title='bbox 2559 3303 2619 3354; x_wconf 87' lang='grc' dir='ltr'>ού</span> <span class='ocrx_word' id='word_1_751' title='bbox 2657 3302 2730 3373; x_wconf 87' lang='grc' dir='ltr'><strong>μὴ</strong></span> <span class='ocrx_word' id='word_1_752' title='bbox 2758 3303 2949 3373; x_wconf 84' lang='grc' dir='ltr'>συνῆτε</span> <span class='ocrx_word' id='word_1_753' title='bbox 2975 3320 2988 3333; x_wconf 79' lang='grc'><em>’</em></span> <span class='ocrx_word' id='word_1_754' title='bbox 3024 3303 3116 3356; x_wconf 83' lang='grc' dir='ltr'>καὶ</span> <span class='ocrx_word' id='word_1_755' title='bbox 3139 3302 3426 3373; x_wconf 84' lang='grc' dir='ltr'>βλέποντες</span> <span class='ocrx_word' id='word_1_756' title='bbox 3455 3303 3699 3374; x_wconf 73' lang='grc' dir='ltr'>βλέψετε,</span> 
     </span>
    </p>
   </div>
   <div class='ocr_carea' id='block_1_95' title="bbox 2122 3391 3700 3465">
    <p class='ocr_par' dir='ltr' id='par_1_95' title="bbox 2122 3391 3700 3465">
     <span class='ocr_line' id='line_1_95' title="bbox 2122 3391 3700 3465; baseline -0.001 -19"><span class='ocrx_word' id='word_1_757' title='bbox 2122 3395 2216 3446; x_wconf 74' lang='grc' dir='ltr'>καὶ</span> <span class='ocrx_word' id='word_1_758' title='bbox 2283 3393 2344 3446; x_wconf 86' lang='grc' dir='ltr'>ού</span> <span class='ocrx_word' id='word_1_759' title='bbox 2403 3393 2477 3465; x_wconf 79' lang='grc' dir='ltr'>μὴ</span> <span class='ocrx_word' id='word_1_760' title='bbox 2526 3393 2692 3465; x_wconf 75' lang='grc' dir='ltr'>ἴδητε.</span> <span class='ocrx_word' id='word_1_761' title='bbox 2749 3393 3054 3464; x_wconf 86' lang='grc' dir='ltr'>Ἐπαχύνθη</span> <span class='ocrx_word' id='word_1_762' title='bbox 3112 3394 3221 3464; x_wconf 81' lang='grc' dir='ltr'><strong>γὰρ</strong></span> <span class='ocrx_word' id='word_1_763' title='bbox 3269 3395 3303 3465; x_wconf 82' lang='grc' dir='ltr'><strong>ή</strong></span> <span class='ocrx_word' id='word_1_764' title='bbox 3360 3394 3559 3464; x_wconf 85' lang='grc' dir='ltr'>καρδία</span> <span class='ocrx_word' id='word_1_765' title='bbox 3604 3391 3700 3448; x_wconf 77' lang='grc' dir='ltr'>τοῦ</span> 
     </span>
    </p>
   </div>
   <div class='ocr_carea' id='block_1_96' title="bbox 2123 3483 3701 3556">
    <p class='ocr_par' dir='ltr' id='par_1_96' title="bbox 2123 3483 3701 3556">
     <span class='ocr_line' id='line_1_96' title="bbox 2123 3483 3701 3556; baseline -0.001 -19"><span class='ocrx_word' id='word_1_766' title='bbox 2123 3484 2250 3537; x_wconf 78' lang='grc' dir='ltr'>λαοῦ</span> <span class='ocrx_word' id='word_1_767' title='bbox 2283 3484 2494 3548; x_wconf 89' lang='grc' dir='ltr'>τούτου,</span> <span class='ocrx_word' id='word_1_768' title='bbox 2521 3485 2616 3537; x_wconf 71' lang='grc' dir='ltr'>καὶ</span> <span class='ocrx_word' id='word_1_769' title='bbox 2656 3487 2768 3548; x_wconf 87' lang='grc' dir='ltr'>τοῖς</span> <span class='ocrx_word' id='word_1_770' title='bbox 2802 3483 2934 3537; x_wconf 77' lang='grc' dir='ltr'>ὠσὶν</span> <span class='ocrx_word' id='word_1_771' title='bbox 2973 3483 3150 3537; x_wconf 80' lang='grc' dir='ltr'>αὐτῶν</span> <span class='ocrx_word' id='word_1_772' title='bbox 3199 3484 3409 3556; x_wconf 81' lang='grc' dir='ltr'>βαρέως</span> <span class='ocrx_word' id='word_1_773' title='bbox 3440 3485 3701 3555; x_wconf 75' lang='grc' dir='ltr'>ήκουσαν,</span> 
     </span>
    </p>
   </div>
   <div class='ocr_carea' id='block_1_97' title="bbox 2122 3575 3702 3646">
    <p class='ocr_par' dir='ltr' id='par_1_97' title="bbox 2122 3575 3702 3646">
     <span class='ocr_line' id='line_1_97' title="bbox 2122 3575 3702 3646; baseline -0.001 -17"><span class='ocrx_word' id='word_1_774' title='bbox 2122 3576 2218 3630; x_wconf 73' lang='grc' dir='ltr'>καὶ</span> <span class='ocrx_word' id='word_1_775' title='bbox 2264 3577 2389 3640; x_wconf 67' lang='grc' dir='ltr'>τοὺς</span> <span class='ocrx_word' id='word_1_776' title='bbox 2446 3575 2755 3646; x_wconf 66' lang='grc' dir='ltr'>ὀφθαλμοὺς</span> <span class='ocrx_word' id='word_1_777' title='bbox 2808 3575 2986 3629; x_wconf 76' lang='grc' dir='ltr'>αὐτῶν</span> <span class='ocrx_word' id='word_1_778' title='bbox 3048 3575 3374 3646; x_wconf 77' lang='grc' dir='ltr'>ἐκάμμυσαν</span> <span class='ocrx_word' id='word_1_779' title='bbox 3400 3616 3417 3643; x_wconf 94' lang='grc'>,</span> <span class='ocrx_word' id='word_1_780' title='bbox 3491 3575 3702 3644; x_wconf 73' lang='grc' dir='ltr'>μήποτε</span> 
     </span>
    </p>
   </div>
   <div class='ocr_carea' id='block_1_98' title="bbox 2125 3666 3700 3739">
    <p class='ocr_par' dir='ltr' id='par_1_98' title="bbox 2125 3666 3700 3739">
     <span class='ocr_line' id='line_1_98' title="bbox 2125 3666 3700 3739; baseline 0.001 -19"><span class='ocrx_word' id='word_1_781' title='bbox 2125 3668 2276 3721; x_wconf 80' lang='grc' dir='ltr'>ἴδωσι</span> <span class='ocrx_word' id='word_1_782' title='bbox 2315 3671 2426 3732; x_wconf 81' lang='grc' dir='ltr'>τοῖς</span> <span class='ocrx_word' id='word_1_783' title='bbox 2457 3668 2753 3739; x_wconf 81' lang='grc' dir='ltr'>ὀφθαλμοῖς</span> <span class='ocrx_word' id='word_1_784' title='bbox 2799 3669 3010 3732; x_wconf 78' lang='grc' dir='ltr'>αὐτῶν,</span> <span class='ocrx_word' id='word_1_785' title='bbox 3038 3669 3132 3722; x_wconf 76' lang='grc' dir='ltr'>καὶ</span> <span class='ocrx_word' id='word_1_786' title='bbox 3175 3671 3287 3732; x_wconf 77' lang='grc' dir='ltr'>τοῖς</span> <span class='ocrx_word' id='word_1_787' title='bbox 3338 3668 3471 3722; x_wconf 80' lang='grc' dir='ltr'>ὠσὶν</span> <span class='ocrx_word' id='word_1_788' title='bbox 3518 3666 3700 3722; x_wconf 82' lang='grc' dir='ltr'>αὐτῶν</span> 
     </span>
    </p>
   </div>
   <div class='ocr_carea' id='block_1_99' title="bbox 2123 3759 3699 3833">
    <p class='ocr_par' dir='ltr' id='par_1_99' title="bbox 2123 3759 3699 3833">
     <span class='ocr_line' id='line_1_99' title="bbox 2123 3759 3699 3833; baseline -0.002 -19"><span class='ocrx_word' id='word_1_789' title='bbox 2123 3762 2416 3826; x_wconf 81' lang='grc' dir='ltr'>ἀκούσωσι,</span> <span class='ocrx_word' id='word_1_790' title='bbox 2443 3761 2537 3814; x_wconf 63' lang='grc' dir='ltr'><strong>καί¹</strong></span> <span class='ocrx_word' id='word_1_791' title='bbox 2576 3764 2642 3831; x_wconf 83' lang='grc' dir='ltr'><strong>τῇ</strong></span> <span class='ocrx_word' id='word_1_792' title='bbox 2677 3760 2873 3833; x_wconf 86' lang='grc' dir='ltr'>καρδία</span> <span class='ocrx_word' id='word_1_793' title='bbox 2917 3761 3138 3823; x_wconf 84' lang='grc' dir='ltr'>συνῶσι,</span> <span class='ocrx_word' id='word_1_794' title='bbox 3173 3761 3265 3814; x_wconf 76' lang='grc' dir='ltr'>καὶ</span> <span class='ocrx_word' id='word_1_795' title='bbox 3305 3759 3699 3832; x_wconf 63' lang='grc' dir='ltr'>ὲπιστρέιίωσι,</span> 
     </span>
    </p>
   </div>
   <div class='ocr_carea' id='block_1_100' title="bbox 2124 3848 3701 3926">
    <p class='ocr_par' dir='ltr' id='par_1_100' title="bbox 2124 3848 3701 3926">
     <span class='ocr_line' id='line_1_100' title="bbox 2124 3848 3701 3926; baseline -0.002 -18"><span class='ocrx_word' id='word_1_796' title='bbox 2124 3856 2218 3908; x_wconf 84' lang='grc' dir='ltr'>καὶ</span> <span class='ocrx_word' id='word_1_797' title='bbox 2257 3855 2494 3925; x_wconf 82' lang='grc' dir='ltr'>ίάσωμαι</span> <span class='ocrx_word' id='word_1_798' title='bbox 2521 3856 2734 3918; x_wconf 86' lang='grc' dir='ltr'>αύτούς.</span> <span class='ocrx_word' id='word_1_799' title='bbox 2761 3873 2779 3905; x_wconf 69' lang='grc' dir='ltr'><strong>ι</strong></span> <span class='ocrx_word' id='word_1_800' title='bbox 2819 3854 2895 3906; x_wconf 83' lang='grc' dir='ltr'><strong>Δι’</strong></span> <span class='ocrx_word' id='word_1_801' title='bbox 2919 3848 2994 3907; x_wconf 82' lang='grc' dir='ltr'>ὧν</span> <span class='ocrx_word' id='word_1_802' title='bbox 3022 3855 3280 3926; x_wconf 74' lang='grc' dir='ltr'>ἄντικρυς</span> <span class='ocrx_word' id='word_1_803' title='bbox 3314 3851 3562 3917; x_wconf 81' lang='grc' dir='ltr'>θεσπίζει</span> <span class='ocrx_word' id='word_1_804' title='bbox 3599 3852 3701 3924; x_wconf 74' lang='grc' dir='ltr'><strong>τὴν</strong></span> 
     </span>
    </p>
   </div>
   <div class='ocr_carea' id='block_1_101' title="bbox 2123 3943 3697 4018">
    <p class='ocr_par' dir='ltr' id='par_1_101' title="bbox 2123 3943 3697 4018">
     <span class='ocr_line' id='line_1_101' title="bbox 2123 3943 3697 4018; baseline -0.001 -20"><span class='ocrx_word' id='word_1_805' title='bbox 2123 3948 2387 4018; x_wconf 75' lang='grc' dir='ltr'>ἐσομένην</span> <span class='ocrx_word' id='word_1_806' title='bbox 2432 3949 2511 4010; x_wconf 85' lang='grc' dir='ltr'><strong>είς</strong></span> <span class='ocrx_word' id='word_1_807' title='bbox 2548 3947 2708 3999; x_wconf 80' lang='grc' dir='ltr'>αὐτὸν</span> <span class='ocrx_word' id='word_1_808' title='bbox 2739 3946 3044 4015; x_wconf 84' lang='grc' dir='ltr'>ἀντιλογίαν</span> <span class='ocrx_word' id='word_1_809' title='bbox 3086 3945 3184 3998; x_wconf 84' lang='grc' dir='ltr'>τοῦ</span> <span class='ocrx_word' id='word_1_810' title='bbox 3238 3944 3508 3999; x_wconf 84' lang='grc' dir='ltr'>Ἰουδαίων</span> <span class='ocrx_word' id='word_1_811' title='bbox 3541 3943 3697 4010; x_wconf 81' lang='grc' dir='ltr'>λαοῦ,</span> 
     </span>
    </p>
   </div>
   <div class='ocr_carea' id='block_1_102' title="bbox 2123 4035 3698 4111">
    <p class='ocr_par' dir='ltr' id='par_1_102' title="bbox 2123 4035 3698 4111">
     <span class='ocr_line' id='line_1_102' title="bbox 2123 4035 3698 4111; baseline -0.003 -18"><span class='ocrx_word' id='word_1_812' title='bbox 2123 4042 2217 4094; x_wconf 76' lang='grc' dir='ltr'>καὶ</span> <span class='ocrx_word' id='word_1_813' title='bbox 2241 4041 2315 4103; x_wconf 84' lang='grc' dir='ltr'><strong>ὡς</strong></span> <span class='ocrx_word' id='word_1_814' title='bbox 2352 4040 2573 4110; x_wconf 58' lang='grc' dir='ltr'>ὄψονται</span> <span class='ocrx_word' id='word_1_815' title='bbox 2606 4041 2703 4111; x_wconf 79' lang='grc' dir='ltr'>μὲν</span> <span class='ocrx_word' id='word_1_816' title='bbox 2740 4041 2922 4104; x_wconf 77' lang='grc' dir='ltr'>αὑτὸν,</span> <span class='ocrx_word' id='word_1_817' title='bbox 2956 4041 3019 4093; x_wconf 87' lang='grc' dir='ltr'>ού</span> <span class='ocrx_word' id='word_1_818' title='bbox 3063 4040 3168 4110; x_wconf 82' lang='grc' dir='ltr'>μὴν</span> <span class='ocrx_word' id='word_1_819' title='bbox 3216 4038 3562 4110; x_wconf 69' lang='grc' dir='ltr'>προσέξουσι,</span> <span class='ocrx_word' id='word_1_820' title='bbox 3612 4035 3698 4100; x_wconf 77' lang='grc' dir='ltr'><strong>τίς</strong></span> 
     </span>
    </p>
   </div>
   <div class='ocr_carea' id='block_1_103' title="bbox 2124 4127 3700 4205">
    <p class='ocr_par' dir='ltr' id='par_1_103' title="bbox 2124 4127 3700 4205">
     <span class='ocr_line' id='line_1_103' title="bbox 2124 4127 3700 4205; baseline -0.003 -19"><span class='ocrx_word' id='word_1_821' title='bbox 2124 4133 2206 4205; x_wconf 80' lang='grc' dir='ltr'>εἴη</span> <span class='ocrx_word' id='word_1_822' title='bbox 2227 4150 2240 4162; x_wconf 86' lang='grc'><strong>·</strong></span> <span class='ocrx_word' id='word_1_823' title='bbox 2269 4131 2517 4200; x_wconf 79' lang='grc' dir='ltr'>λέγοντός</span> <span class='ocrx_word' id='word_1_824' title='bbox 2541 4149 2601 4185; x_wconf 91' lang='grc' dir='ltr'>τε</span> <span class='ocrx_word' id='word_1_825' title='bbox 2640 4132 2698 4184; x_wconf 82' lang='grc' dir='ltr'>ἐν</span> <span class='ocrx_word' id='word_1_826' title='bbox 2725 4133 2910 4194; x_wconf 77' lang='grc' dir='ltr'>αὐτοῖς</span> <span class='ocrx_word' id='word_1_827' title='bbox 2939 4131 3032 4184; x_wconf 72' lang='grc' dir='ltr'>καὶ</span> <span class='ocrx_word' id='word_1_828' title='bbox 3062 4130 3406 4194; x_wconf 83' lang='grc' dir='ltr'>διδάσκοντος</span> <span class='ocrx_word' id='word_1_829' title='bbox 3439 4127 3700 4184; x_wconf 77' lang='grc' dir='ltr'>ἀκούσον-</span> 
     </span>
    </p>
   </div>
   <div class='ocr_carea' id='block_1_104' title="bbox 2122 4221 3697 4296">
    <p class='ocr_par' dir='ltr' id='par_1_104' title="bbox 2122 4221 3697 4296">
     <span class='ocr_line' id='line_1_104' title="bbox 2122 4221 3697 4296; baseline -0.003 -16"><span class='ocrx_word' id='word_1_830' title='bbox 2122 4245 2233 4290; x_wconf 89' lang='grc' dir='ltr'>ται,</span> <span class='ocrx_word' id='word_1_831' title='bbox 2285 4228 2346 4280; x_wconf 75' lang='grc' dir='ltr'>οὐ</span> <span class='ocrx_word' id='word_1_832' title='bbox 2399 4226 2505 4296; x_wconf 80' lang='grc' dir='ltr'>μὴν</span> <span class='ocrx_word' id='word_1_833' title='bbox 2538 4226 2631 4278; x_wconf 78' lang='grc' dir='ltr'>καὶ</span> <span class='ocrx_word' id='word_1_834' title='bbox 2684 4226 3003 4296; x_wconf 86' lang='grc' dir='ltr'>συνήσουσιν</span> <span class='ocrx_word' id='word_1_835' title='bbox 3047 4223 3158 4276; x_wconf 73' lang='grc' dir='ltr'>οὗθ’</span> <span class='ocrx_word' id='word_1_836' title='bbox 3205 4225 3353 4288; x_wconf 80' lang='grc' dir='ltr'>ὅστις</span> <span class='ocrx_word' id='word_1_837' title='bbox 3395 4221 3471 4278; x_wconf 82' lang='grc' dir='ltr'>ὣν</span> <span class='ocrx_word' id='word_1_838' title='bbox 3509 4221 3697 4286; x_wconf 77' lang='grc' dir='ltr'>αὐτοῖς</span> 
     </span>
    </p>
   </div>
   <div class='ocr_carea' id='block_1_105' title="bbox 2122 4313 3698 4390">
    <p class='ocr_par' dir='ltr' id='par_1_105' title="bbox 2122 4313 3698 4390">
     <span class='ocr_line' id='line_1_105' title="bbox 2122 4313 3698 4390; baseline -0.004 -16"><span class='ocrx_word' id='word_1_839' title='bbox 2122 4319 2434 4385; x_wconf 78' lang='grc' dir='ltr'>διαλέξοιτο,</span> <span class='ocrx_word' id='word_1_840' title='bbox 2462 4319 2574 4372; x_wconf 72' lang='grc' dir='ltr'>οὗθ’</span> <span class='ocrx_word' id='word_1_841' title='bbox 2599 4319 2741 4390; x_wconf 76' lang='grc' dir='ltr'>ἅπερ</span> <span class='ocrx_word' id='word_1_842' title='bbox 2766 4319 2948 4379; x_wconf 78' lang='grc' dir='ltr'>αὐτοῖς</span> <span class='ocrx_word' id='word_1_843' title='bbox 2987 4317 3085 4388; x_wconf 92' lang='grc' dir='ltr'><strong>τῆς</strong></span> <span class='ocrx_word' id='word_1_844' title='bbox 3119 4318 3312 4388; x_wconf 81' lang='grc' dir='ltr'>καινῆς</span> <span class='ocrx_word' id='word_1_845' title='bbox 3349 4313 3698 4380; x_wconf 86' lang='grc' dir='ltr'>διδασκαλίας</span> 
     </span>
    </p>
   </div>
   <div class='ocr_carea' id='block_1_106' title="bbox 2125 4405 3699 4485">
    <p class='ocr_par' dir='ltr' id='par_1_106' title="bbox 2125 4405 3699 4485">
     <span class='ocr_line' id='line_1_106' title="bbox 2125 4405 3699 4485; baseline -0.004 -19"><span class='ocrx_word' id='word_1_846' title='bbox 2125 4412 2436 4485; x_wconf 82' lang='grc' dir='ltr'>παραδώσει</span> <span class='ocrx_word' id='word_1_847' title='bbox 2481 4411 2794 4483; x_wconf 87' lang='grc' dir='ltr'>μαθήματα.</span> <span class='ocrx_word' id='word_1_848' title='bbox 2834 4411 3120 4480; x_wconf 85' lang='grc' dir='ltr'>Μαρτυρεῖ</span> <span class='ocrx_word' id='word_1_849' title='bbox 3147 4408 3204 4461; x_wconf 85' lang='grc' dir='ltr'>δὲ</span> <span class='ocrx_word' id='word_1_850' title='bbox 3241 4411 3351 4472; x_wconf 84' lang='grc' dir='ltr'>τοῖς</span> <span class='ocrx_word' id='word_1_851' title='bbox 3381 4405 3491 4460; x_wconf 85' lang='grc' dir='ltr'><strong>τῶν</strong></span> <span class='ocrx_word' id='word_1_852' title='bbox 3521 4405 3699 4476; x_wconf 84' lang='grc' dir='ltr'>λόγων</span> 
     </span>
    </p>
   </div>
   <div class='ocr_carea' id='block_1_107' title="bbox 2049 4496 3698 4575">
    <p class='ocr_par' dir='ltr' id='par_1_107' title="bbox 2049 4496 3698 4575">
     <span class='ocr_line' id='line_1_107' title="bbox 2049 4496 3698 4575; baseline -0.006 -14"><span class='ocrx_word' id='word_1_853' title='bbox 2049 4507 2094 4561; x_wconf 89' lang='lat' dir='ltr'><strong>D</strong></span> <span class='ocrx_word' id='word_1_854' title='bbox 2123 4504 2558 4575; x_wconf 77' lang='grc' dir='ltr'>ἀποτελέσμασιν</span> <span class='ocrx_word' id='word_1_855' title='bbox 2604 4504 2633 4555; x_wconf 88' lang='lat'><strong>6</strong></span> <span class='ocrx_word' id='word_1_856' title='bbox 2675 4502 3069 4572; x_wconf 81' lang='grc' dir='ltr'>εὐαγγελιστὴς</span> <span class='ocrx_word' id='word_1_857' title='bbox 3123 4501 3374 4570; x_wconf 83' lang='grc' dir='ltr'>Ἰωάννης</span> <span class='ocrx_word' id='word_1_858' title='bbox 3427 4497 3556 4571; x_wconf 76' lang='grc' dir='ltr'>περὶ</span> <span class='ocrx_word' id='word_1_859' title='bbox 3601 4496 3698 4552; x_wconf 78' lang='grc' dir='ltr'>τοῦ</span> 
     </span>
    </p>
   </div>
   <div class='ocr_carea' id='block_1_108' title="bbox 2122 4587 3700 4664">
    <p class='ocr_par' dir='ltr' id='par_1_108' title="bbox 2122 4587 3700 4664">
     <span class='ocr_line' id='line_1_108' title="bbox 2122 4587 3700 4664; baseline -0.004 -17"><span class='ocrx_word' id='word_1_860' title='bbox 2122 4595 2374 4664; x_wconf 81' lang='grc' dir='ltr'>Σωτῆρος</span> <span class='ocrx_word' id='word_1_861' title='bbox 2400 4591 2554 4663; x_wconf 84' lang='grc' dir='ltr'>ἡμῶν</span> <span class='ocrx_word' id='word_1_862' title='bbox 2605 4591 2808 4660; x_wconf 84' lang='grc' dir='ltr'>λέγων·</span> <span class='ocrx_word' id='word_1_863' title='bbox 2845 4610 2862 4641; x_wconf 82' lang='grc' dir='ltr'><strong>ι</strong></span> <span class='ocrx_word' id='word_1_864' title='bbox 2895 4589 3146 4644; x_wconf 85' lang='grc' dir='ltr'>Τοσαῦτα</span> <span class='ocrx_word' id='word_1_865' title='bbox 3189 4589 3248 4642; x_wconf 85' lang='grc' dir='ltr'>δὲ</span> <span class='ocrx_word' id='word_1_866' title='bbox 3291 4587 3456 4643; x_wconf 79' lang='grc' dir='ltr'>αὑτοῦ</span> <span class='ocrx_word' id='word_1_867' title='bbox 3497 4589 3700 4660; x_wconf 79' lang='grc' dir='ltr'>σημεῖα</span> 
     </span>
    </p>
   </div>
   <div class='ocr_carea' id='block_1_109' title="bbox 2121 4681 3701 4757">
    <p class='ocr_par' dir='ltr' id='par_1_109' title="bbox 2121 4681 3701 4757">
     <span class='ocr_line' id='line_1_109' title="bbox 2121 4681 3701 4757; baseline -0.004 -17"><span class='ocrx_word' id='word_1_868' title='bbox 2121 4686 2480 4757; x_wconf 84' lang='grc' dir='ltr'>πεποιηκότος</span> <span class='ocrx_word' id='word_1_869' title='bbox 2513 4684 2818 4756; x_wconf 80' lang='grc' dir='ltr'>ἔμπροσθεν</span> <span class='ocrx_word' id='word_1_870' title='bbox 2863 4683 3042 4738; x_wconf 80' lang='grc' dir='ltr'>αὐτῶν</span> <span class='ocrx_word' id='word_1_871' title='bbox 3065 4723 3080 4748; x_wconf 97' lang='grc'>,</span> <span class='ocrx_word' id='word_1_872' title='bbox 3119 4684 3220 4738; x_wconf 86' lang='grc' dir='ltr'><strong>ούκ</strong></span> <span class='ocrx_word' id='word_1_873' title='bbox 3249 4682 3574 4736; x_wconf 75' lang='grc' dir='ltr'>ἐπίστευσαν</span> <span class='ocrx_word' id='word_1_874' title='bbox 3619 4681 3701 4744; x_wconf 83' lang='grc' dir='ltr'><strong>είς</strong></span> 
     </span>
    </p>
   </div>
   <div class='ocr_carea' id='block_1_110' title="bbox 2119 4773 3697 4848">
    <p class='ocr_par' dir='ltr' id='par_1_110' title="bbox 2119 4773 3697 4848">
     <span class='ocr_line' id='line_1_110' title="bbox 2119 4773 3697 4848; baseline -0.004 -15"><span class='ocrx_word' id='word_1_875' title='bbox 2119 4780 2300 4842; x_wconf 81' lang='grc' dir='ltr'>αὐτὸν,</span> <span class='ocrx_word' id='word_1_876' title='bbox 2332 4780 2416 4832; x_wconf 84' lang='grc' dir='ltr'>ἵνα</span> <span class='ocrx_word' id='word_1_877' title='bbox 2451 4781 2480 4832; x_wconf 90' lang='grc' dir='ltr'><strong>ό</strong></span> <span class='ocrx_word' id='word_1_878' title='bbox 2505 4779 2656 4848; x_wconf 82' lang='grc' dir='ltr'>λόγος</span> <span class='ocrx_word' id='word_1_879' title='bbox 2702 4777 2925 4832; x_wconf 71' lang='grc' dir='ltr'>Ἡσαΐου</span> <span class='ocrx_word' id='word_1_880' title='bbox 2954 4776 3048 4830; x_wconf 81' lang='grc' dir='ltr'>τοῦ</span> <span class='ocrx_word' id='word_1_881' title='bbox 3086 4778 3361 4848; x_wconf 79' lang='grc' dir='ltr'>προφήτου</span> <span class='ocrx_word' id='word_1_882' title='bbox 3398 4773 3659 4846; x_wconf 77' lang='grc' dir='ltr'>πληρωθῇ</span> <span class='ocrx_word' id='word_1_883' title='bbox 3679 4812 3697 4836; x_wconf 92' lang='grc'>,</span> 
     </span>
    </p>
   </div>
   <div class='ocr_carea' id='block_1_111' title="bbox 2118 4865 3698 4941">
    <p class='ocr_par' dir='ltr' id='par_1_111' title="bbox 2118 4865 3698 4941">
     <span class='ocr_line' id='line_1_111' title="bbox 2118 4865 3698 4941; baseline -0.004 -17"><span class='ocrx_word' id='word_1_884' title='bbox 2118 4873 2177 4926; x_wconf 79' lang='grc' dir='ltr'>ὃν</span> <span class='ocrx_word' id='word_1_885' title='bbox 2208 4868 2359 4926; x_wconf 69' lang='grc' dir='ltr'>εἴπεο</span> <span class='ocrx_word' id='word_1_886' title='bbox 2401 4871 2594 4941; x_wconf 89' lang='grc' dir='ltr'>Κύριε,</span> <span class='ocrx_word' id='word_1_887' title='bbox 2633 4871 2715 4935; x_wconf 92' lang='grc' dir='ltr'><strong>τίς</strong></span> <span class='ocrx_word' id='word_1_888' title='bbox 2744 4871 3031 4924; x_wconf 76' lang='grc' dir='ltr'>ἐπίστευσε</span> <span class='ocrx_word' id='word_1_889' title='bbox 3072 4872 3140 4940; x_wconf 82' lang='grc' dir='ltr'>τῇ</span> <span class='ocrx_word' id='word_1_890' title='bbox 3202 4868 3336 4938; x_wconf 86' lang='grc' dir='ltr'><strong>ἀκοῇ</strong></span> <span class='ocrx_word' id='word_1_891' title='bbox 3370 4867 3564 4937; x_wconf 79' lang='grc' dir='ltr'>ήμῶνς</span> <span class='ocrx_word' id='word_1_892' title='bbox 3603 4865 3698 4919; x_wconf 79' lang='grc' dir='ltr'>καὶ</span> 
     </span>
    </p>
   </div>
   <div class='ocr_carea' id='block_1_112' title="bbox 2118 4959 3698 5038">
    <p class='ocr_par' dir='ltr' id='par_1_112' title="bbox 2118 4959 3698 5038">
     <span class='ocr_line' id='line_1_112' title="bbox 2118 4959 3698 5038; baseline -0.003 -19"><span class='ocrx_word' id='word_1_893' title='bbox 2118 4969 2146 5019; x_wconf 89' lang='grc' dir='ltr'><strong>ὁ</strong></span> <span class='ocrx_word' id='word_1_894' title='bbox 2183 4965 2420 5038; x_wconf 81' lang='grc' dir='ltr'>βραχίων</span> <span class='ocrx_word' id='word_1_895' title='bbox 2466 4965 2671 5036; x_wconf 89' lang='grc' dir='ltr'>Κυρίου</span> <span class='ocrx_word' id='word_1_896' title='bbox 2701 4966 2806 5018; x_wconf 86' lang='grc' dir='ltr'>τίνι</span> <span class='ocrx_word' id='word_1_897' title='bbox 2849 4960 3243 5031; x_wconf 76' lang='grc' dir='ltr'>ἀπεκαλύφθης</span> <span class='ocrx_word' id='word_1_898' title='bbox 3277 4962 3366 5014; x_wconf 79' lang='grc' dir='ltr'>διὰ</span> <span class='ocrx_word' id='word_1_899' title='bbox 3403 4959 3566 5014; x_wconf 82' lang='grc' dir='ltr'>τοῦτο</span> <span class='ocrx_word' id='word_1_900' title='bbox 3596 4960 3698 5014; x_wconf 73' lang='grc' dir='ltr'><strong>ιύκ</strong></span> 
     </span>
    </p>
   </div>
   <div class='ocr_carea' id='block_1_113' title="bbox 2118 5051 3700 5128">
    <p class='ocr_par' dir='ltr' id='par_1_113' title="bbox 2118 5051 3700 5128">
     <span class='ocr_line' id='line_1_113' title="bbox 2118 5051 3700 5128; baseline -0.004 -18"><span class='ocrx_word' id='word_1_901' title='bbox 2118 5058 2378 5128; x_wconf 71' lang='grc' dir='ltr'>ἠδύναντο</span> <span class='ocrx_word' id='word_1_902' title='bbox 2403 5059 2698 5120; x_wconf 89' lang='grc' dir='ltr'>πιστεύειν,</span> <span class='ocrx_word' id='word_1_903' title='bbox 2722 5056 2803 5109; x_wconf 76' lang='grc' dir='ltr'>ὅτι</span> <span class='ocrx_word' id='word_1_904' title='bbox 2849 5055 3010 5110; x_wconf 84' lang='grc' dir='ltr'>πάλιν</span> <span class='ocrx_word' id='word_1_905' title='bbox 3051 5051 3202 5109; x_wconf 84' lang='grc' dir='ltr'>εἶπεν</span> <span class='ocrx_word' id='word_1_906' title='bbox 3237 5054 3495 5117; x_wconf 76' lang='grc' dir='ltr'>Ἠσαῖαςο</span> <span class='ocrx_word' id='word_1_907' title='bbox 3531 5052 3700 5105; x_wconf 72' lang='grc' dir='ltr'>Τετύο</span> 
     </span>
    </p>
   </div>
   <div class='ocr_carea' id='block_1_114' title="bbox 2120 5143 3697 5218">
    <p class='ocr_par' dir='ltr' id='par_1_114' title="bbox 2120 5143 3697 5218">
     <span class='ocr_line' id='line_1_114' title="bbox 2120 5143 3697 5218; baseline -0.001 -16"><span class='ocrx_word' id='word_1_908' title='bbox 2120 5148 2332 5218; x_wconf 72' lang='grc' dir='ltr'>φλωκεν</span> <span class='ocrx_word' id='word_1_909' title='bbox 2384 5148 2562 5203; x_wconf 79' lang='grc' dir='ltr'>αὐτῶν</span> <span class='ocrx_word' id='word_1_910' title='bbox 2611 5150 2739 5212; x_wconf 78' lang='grc' dir='ltr'>τοὺς</span> <span class='ocrx_word' id='word_1_911' title='bbox 2792 5147 3142 5218; x_wconf 66' lang='grc' dir='ltr'>ὀφθαλμοὺς,</span> <span class='ocrx_word' id='word_1_912' title='bbox 3198 5147 3294 5200; x_wconf 80' lang='grc' dir='ltr'>καὶ</span> <span class='ocrx_word' id='word_1_913' title='bbox 3355 5143 3697 5216; x_wconf 78' lang='grc' dir='ltr'>πεπώρωκεν</span> 
     </span>
    </p>
   </div>
   <div class='ocr_carea' id='block_1_115' title="bbox 2120 5236 3695 5312">
    <p class='ocr_par' dir='ltr' id='par_1_115' title="bbox 2120 5236 3695 5312">
     <span class='ocr_line' id='line_1_115' title="bbox 2120 5236 3695 5312; baseline -0.004 -18"><span class='ocrx_word' id='word_1_914' title='bbox 2120 5241 2299 5294; x_wconf 74' lang='grc' dir='ltr'>αὐτῶν</span> <span class='ocrx_word' id='word_1_915' title='bbox 2329 5243 2427 5312; x_wconf 75' lang='grc' dir='ltr'>τὴν</span> <span class='ocrx_word' id='word_1_916' title='bbox 2465 5240 2724 5312; x_wconf 90' lang='grc' dir='ltr'>καρδίαν,</span> <span class='ocrx_word' id='word_1_917' title='bbox 2760 5241 2846 5292; x_wconf 77' lang='grc' dir='ltr'>ἵνα</span> <span class='ocrx_word' id='word_1_918' title='bbox 2893 5239 2966 5310; x_wconf 80' lang='grc' dir='ltr'>μὴ</span> <span class='ocrx_word' id='word_1_919' title='bbox 3011 5239 3162 5293; x_wconf 74' lang='grc' dir='ltr'>ἴδωσι</span> <span class='ocrx_word' id='word_1_920' title='bbox 3205 5241 3314 5303; x_wconf 76' lang='grc' dir='ltr'>τοῖς</span> <span class='ocrx_word' id='word_1_921' title='bbox 3359 5236 3695 5308; x_wconf 77' lang='grc' dir='ltr'>ὀφθαλμοῖς,</span> 
     </span>
    </p>
   </div>
   <div class='ocr_carea' id='block_1_116' title="bbox 2118 5327 3696 5404">
    <p class='ocr_par' dir='ltr' id='par_1_116' title="bbox 2118 5327 3696 5404">
     <span class='ocr_line' id='line_1_116' title="bbox 2118 5327 3696 5404; baseline -0.003 -20"><span class='ocrx_word' id='word_1_922' title='bbox 2118 5332 2212 5384; x_wconf 72' lang='grc' dir='ltr'>καὶ</span> <span class='ocrx_word' id='word_1_923' title='bbox 2245 5335 2480 5402; x_wconf 80' lang='grc' dir='ltr'>νοήσωσι</span> <span class='ocrx_word' id='word_1_924' title='bbox 2503 5335 2567 5402; x_wconf 82' lang='grc' dir='ltr'>τῇ</span> <span class='ocrx_word' id='word_1_925' title='bbox 2596 5331 2810 5404; x_wconf 69' lang='grc' dir='ltr'>καρδίᾳ,</span> <span class='ocrx_word' id='word_1_926' title='bbox 2837 5334 2929 5385; x_wconf 76' lang='grc' dir='ltr'><strong>καὶ</strong></span> <span class='ocrx_word' id='word_1_927' title='bbox 2962 5330 3356 5402; x_wconf 62' lang='grc' dir='ltr'>ὲπιστρέψωσι,</span> <span class='ocrx_word' id='word_1_928' title='bbox 3392 5330 3486 5382; x_wconf 73' lang='grc' dir='ltr'>καὶ</span> <span class='ocrx_word' id='word_1_929' title='bbox 3527 5327 3696 5381; x_wconf 79' lang='grc' dir='ltr'>ἰάσω-</span> 
     </span>
    </p>
   </div>
   <div class='ocr_carea' id='block_1_117' title="bbox 2123 5420 3700 5496">
    <p class='ocr_par' dir='ltr' id='par_1_117' title="bbox 2123 5420 3700 5496">
     <span class='ocr_line' id='line_1_117' title="bbox 2123 5420 3700 5496; baseline -0.001 -19"><span class='ocrx_word' id='word_1_930' title='bbox 2123 5443 2220 5496; x_wconf 83' lang='grc' dir='ltr'><strong>μαι</strong></span> <span class='ocrx_word' id='word_1_931' title='bbox 2253 5425 2465 5489; x_wconf 84' lang='grc' dir='ltr'>αὐτούς.</span> <span class='ocrx_word' id='word_1_932' title='bbox 2500 5425 2685 5480; x_wconf 79' lang='grc' dir='ltr'>Ταῦτα</span> <span class='ocrx_word' id='word_1_933' title='bbox 2718 5421 2869 5479; x_wconf 75' lang='grc' dir='ltr'>εἶπεν</span> <span class='ocrx_word' id='word_1_934' title='bbox 2897 5426 3124 5489; x_wconf 75' lang='grc' dir='ltr'>Ἡσαΐας</span> <span class='ocrx_word' id='word_1_935' title='bbox 3156 5427 3245 5478; x_wconf 84' lang='grc' dir='ltr'>ὅτε</span> <span class='ocrx_word' id='word_1_936' title='bbox 3277 5420 3385 5478; x_wconf 81' lang='grc' dir='ltr'>εἶδε</span> <span class='ocrx_word' id='word_1_937' title='bbox 3418 5423 3517 5494; x_wconf 74' lang='grc' dir='ltr'>τὴν</span> <span class='ocrx_word' id='word_1_938' title='bbox 3541 5421 3700 5487; x_wconf 80' lang='grc' dir='ltr'>δόξαν</span> 
     </span>
    </p>
   </div>
   <div class='ocr_carea' id='block_1_118' title="bbox 2118 5515 3701 5592">
    <p class='ocr_par' dir='ltr' id='par_1_118' title="bbox 2118 5515 3701 5592">
     <span class='ocr_line' id='line_1_118' title="bbox 2118 5515 3701 5592; baseline -0.001 -21"><span class='ocrx_word' id='word_1_939' title='bbox 2118 5518 2315 5581; x_wconf 78' lang='grc' dir='ltr'>αὑτοῦ,</span> <span class='ocrx_word' id='word_1_940' title='bbox 2361 5521 2455 5572; x_wconf 74' lang='grc' dir='ltr'>καὶ</span> <span class='ocrx_word' id='word_1_941' title='bbox 2497 5517 2844 5591; x_wconf 70' lang='grc' dir='ltr'>ἐμαρτύρησε</span> <span class='ocrx_word' id='word_1_942' title='bbox 2891 5519 3020 5592; x_wconf 64' lang='grc' dir='ltr'><strong>’περὶ⁵</strong></span> <span class='ocrx_word' id='word_1_943' title='bbox 3069 5517 3252 5572; x_wconf 77' lang='grc' dir='ltr'>αὑτοῦ.</span> <span class='ocrx_word' id='word_1_944' title='bbox 3299 5539 3317 5570; x_wconf 84' lang='grc'><strong><em>›</em></strong></span> <span class='ocrx_word' id='word_1_945' title='bbox 3373 5515 3701 5588; x_wconf 80' lang='grc' dir='ltr'>Ἀναμφιλό-</span> 
     </span>
    </p>
   </div>
   <div class='ocr_carea' id='block_1_119' title="bbox 2116 5607 3702 5686">
    <p class='ocr_par' dir='ltr' id='par_1_119' title="bbox 2116 5607 3702 5686">
     <span class='ocr_line' id='line_1_119' title="bbox 2116 5607 3702 5686; baseline 0 -22"><span class='ocrx_word' id='word_1_946' title='bbox 2116 5628 2227 5680; x_wconf 84' lang='grc' dir='ltr'><strong>γως</strong></span> <span class='ocrx_word' id='word_1_947' title='bbox 2257 5607 2347 5666; x_wconf 81' lang='grc' dir='ltr'><strong>οὖν</strong></span> <span class='ocrx_word' id='word_1_948' title='bbox 2387 5613 2478 5666; x_wconf 74' lang='grc' dir='ltr'><strong>ἐπὶ</strong></span> <span class='ocrx_word' id='word_1_949' title='bbox 2505 5613 2592 5667; x_wconf 86' lang='grc' dir='ltr'>τὸν</span> <span class='ocrx_word' id='word_1_950' title='bbox 2619 5612 2854 5684; x_wconf 83' lang='grc' dir='ltr'>Χριστὸν</span> <span class='ocrx_word' id='word_1_951' title='bbox 2885 5614 3148 5684; x_wconf 79' lang='grc' dir='ltr'>ἀνήνεγκε</span> <span class='ocrx_word' id='word_1_952' title='bbox 3173 5615 3273 5685; x_wconf 80' lang='grc' dir='ltr'>τὴν</span> <span class='ocrx_word' id='word_1_953' title='bbox 3300 5615 3357 5668; x_wconf 73' lang='grc' dir='ltr'>ὲν</span> <span class='ocrx_word' id='word_1_954' title='bbox 3382 5612 3464 5685; x_wconf 82' lang='grc' dir='ltr'>τῷ</span> <span class='ocrx_word' id='word_1_955' title='bbox 3502 5611 3702 5686; x_wconf 72' lang='grc' dir='ltr'>Ἡσαΐᾳ</span> 
     </span>
    </p>
   </div>
  </div>
