4110 6462
459 403 563 458 ινδ

1337 401 1992 460 DEMONSTRATIONlS
2033 405 2489 463 EVA‘NGELICZE
2532 407 2658 461 LIB.
2702 409 2818 465 Vll.

3587 407 3694 482 tat,

452 517 769 586 θεοφάνειαν
843 519 872 570 ὁ
937 515 1321 588 εὖαγγελιστῆς
1352 557 1366 578 ,
1430 518 1521 570 καὶ
1584 521 1675 572 ἐπὶ
1739 521 1830 573 τὸν
1894 522 1986 573 Ἴου

2093 502 2464 591 ,impleretur,
2507 537 2666 591 quem
2691 521 2828 575 dixit
2860 540 2871 573 :
2906 519 3150 584 Domine,
3183 521 3305 590 quis
3331 520 3562 588 credidit
3589 540 3692 576 au—

451 613 614 665 δαίων
662 612 788 665 λαὸν
837 613 898 664 ού
947 611 1416 682 παραδεδεγμένον
1456 613 1544 664 τὸν
1591 615 1898 684 ἑωραμένον
1943 616 2020 685 τῷ

453 703 706 776 πργρῆτῃ
738 703 973 776 Κύριον,
1012 703 1150 756 κατά
1187 704 1284 773 τὴν
1331 705 1457 774 περὶ
1497 705 1658 757 αὑτοῦ
1696 706 2014 777 πρόρρησιν.

450 793 542 864 Τῷ
598 795 728 862 γοῦν
800 796 1050 866 προφήτῃ
1147 795 1416 865 ἑωρακότι
1483 795 1572 847 τὸν
1641 796 1844 867 Κύριον
1912 799 2016 850 Σα-

451 885 598 940 ϐαὼθ
655 904 816 956 φησιν
851 889 880 940 ὁ
923 887 1168 960 χρησμὸς
1209 890 1380 941 εἰπεῖν
1411 888 1488 959 τῷ
1526 889 1790 943 Ἰουδαίων
1828 889 1969 942 ἔθνει
2000 933 2013 952 ,

447 979 530 1031 ὅτι
581 979 643 1050 δὴ
687 981 780 1032 καὶ
826 980 978 1034 αὐτοὶ
1015 981 1232 1050 ϐψονταί
1274 998 1404 1034 ποτε
1456 981 1548 1035 τὸν
1590 983 1772 1048 αὐτὸν,
1808 983 1919 1036 ἀλλ’
1953 985 2014 1036 οὐ

450 1071 767 1141 συνήσουσιν
805 1072 952 1135 ὅστις
977 1071 1060 1144 εἴη
1082 1115 1096 1138 ,
1135 1075 1228 1125 καὶ
1258 1073 1581 1126 ἀκούσονται
1625 1074 1788 1127 αὐτοῦ
1833 1075 2014 1142 λέγον-

446 1179 536 1226 τος
570 1165 627 1215 ὲν
655 1165 834 1228 αὐτοῖς
861 1167 954 1218 καὶ
984 1167 1322 1231 διδάσκοντος
1340 1208 1354 1231 ,
1382 1167 1495 1220 ἀλλ’
1521 1167 1583 1219 ού
1619 1170 1888 1238 νοήσουσι,
1925 1169 2012 1222 διὰ

445 1253 507 1306 τὸ
554 1256 920 1326 πεπωρῶσθαι
977 1259 1153 1312 αὐτῶν
1200 1258 1296 1330 τὴν
1339 1259 1586 1332 καρδίαν.
1630 1261 1793 1314 Ταῦτ’
1829 1258 1921 1314 οὖν
1982 1264 2011 1314 ὁ

451 1340 679 1407 Ἡσαΐας
704 1346 771 1399 δι’
793 1340 866 1400 ὧν
892 1348 1238 1420 παρεθέμεθα
1263 1349 1457 1416 λέξεων
1484 1350 1764 1413 θεσπίσας,
1786 1353 1842 1404 ὲν
1871 1353 2010 1404 ἱστο-

445 1431 564 1502 ρίας
597 1434 867 1507 ἀφηγήσει
894 1439 1164 1506 πολεμίων
1198 1439 1382 1508 ἔφοδον
1413 1439 1552 1492 κατὰ
1588 1441 1679 1494 τοῦ
1714 1441 1885 1512 ’Ἄχας
1903 1482 1917 1504 ,
1951 1443 2009 1506 ὃς

440 1523 625 1594 ἐπεῖχε
671 1527 790 1580 τότε
823 1529 889 1581 τὰ
924 1529 1020 1600 τῆς
1073 1530 1344 1600 βασιλείας
1380 1530 1487 1583 τῶν
1531 1532 1796 1586 Ἰουδαίων
1836 1531 1964 1587 λαοῦ
1990 1574 2005 1598 ,

442 1617 764 1689 ὒπογράφει,
797 1619 888 1672 καὶ
921 1619 1018 1686 τὴν
1045 1621 1150 1673 τῶν
1179 1621 1276 1691 μὲν
1305 1622 1575 1693 αἰσθητῶν
1609 1624 1879 1695 πολεμίων
1912 1642 2008 1678 κα-

437 1707 682 1779 θαίρεσιν
703 1711 922 1772 αὐτίκα,
955 1712 1045 1764 καὶ
1073 1713 1172 1765 οὐκ
1198 1714 1276 1776 είς
1301 1713 1516 1783 μακρὰν
1544 1714 1866 1785 γενήσεσθαι
1906 1733 2002 1785 ση-

442 1803 652 1872 μαίνει’
691 1797 767 1856 ὧν
803 1804 859 1858 δὲ
899 1805 1139 1875 σύμϐολα
1181 1805 1341 1877 ἔφερε
1389 1807 1591 1878 νοητῶν
1629 1808 1722 1861 καὶ
1759 1809 2004 1879 ἀοράτων

2128 612 2260 665 ditui
2283 620 2492 675 nostro,
2511 621 2565 666 et
2589 613 2872 666 brachium
2891 611 3104 666 Domini
3132 614 3220 666 cui
3248 613 3540 668 revelatum
3569 615 3696 674 est!

2127 712 2411 771 propterea
2450 718 2560 756 non
2605 710 2854 772 poterant
2893 704 3115 757 credere
3137 745 3152 768 ,
3180 705 3302 772 quia
3331 704 3524 758 iterum
3557 705 3695 758 dixit

2126 792 2294 847 Isaias
2328 813 2340 847 :
2373 793 2677 848 Ειιοαξοενὶι
2700 796 2888 849 oculos
2937 811 3146 859 eorum,
3181 804 3235 849 et
3283 795 3552 851 induravit
3596 813 3694 851 cor

2123 899 2312 939 eorum
2334 925 2347 944 ,
2381 901 2449 940 ne
2483 886 2700 940 rideant
2725 887 2936 948 oculis,
2961 898 3015 942 et
3059 888 3225 942 corde
3265 887 3602 957 intelligant,
3636 897 3691 944 et

2122 983 2532 1040 convertantur,
2558 984 2613 1030 et
2634 992 2817 1031 sanem
2836 993 2949 1032 eos.
2976 978 3100 1033 Haac
3124 979 3262 1032 dixit
3282 977 3448 1032 Isaias
3468 977 3689 1048 quando

2121 1064 2257 1118 vidit
2277 1065 2504 1134 gloriam
2530 1065 2669 1136 ejus,
2689 1078 2742 1121 et
2764 1068 3083 1124 testificatus
3111 1078 3193 1124 est
3222 1069 3289 1124 de
3309 1085 3374 1125 eo
3394 1070 3459 1123 δ’.
3504 1088 3522 1122 ι
3547 1067 3688 1142 Ergo

2120 1157 2327 1226 absque
2349 1158 2723 1212 controversia
2749 1159 3010 1213 visionem
3031 1162 3178 1214 illam
3199 1160 3293 1216 Dei
3316 1162 3383 1215 ad
3403 1160 3684 1217 Christum

2119 1247 2647 1317 retulitevangelista
2663 1246 2923 1312 Joannes,
2944 1257 2998 1304 et
3010 1251 3074 1302 ad
3096 1248 3383 1304 Iudaicum
3401 1254 3682 1322 populum,

2118 1339 2209 1408 qui
2272 1339 2448 1394 visum
2519 1355 2548 1394 a
2608 1340 2871 1411 propheta
2930 1339 3214 1396 Dominum
3249 1380 3266 1404 ,
3328 1345 3684 1412 quemadmo-

2115 1428 2244 1483 dum
2299 1430 2369 1483 ab
2417 1430 2513 1483 illo
2561 1431 2684 1501 ipso
2733 1430 3050 1500 praadictum
3093 1439 3197 1494 est,
3247 1449 3356 1487 non
3413 1436 3676 1504 suscepit.

2113 1520 2273 1592 313
2297 1520 2429 1575 Nam
2457 1538 2582 1577 cum
2623 1523 2912 1578 Dominum
2949 1523 3186 1579 Sabaoth
3218 1526 3481 1596 propheta
3509 1528 3680 1581 vidis-

2114 1623 2216 1676 set,
2259 1615 2424 1669 refert
2447 1618 2752 1680 oraculum,
2785 1618 3240 1688 quemadmodum
3277 1619 3378 1687 ipsi
3407 1634 3678 1690 praecepe-

2111 1710 2203 1775 rit,
2241 1717 2301 1763 ut
2330 1711 2396 1764 ad
2423 1710 2641 1767 Judmos
2666 1714 2871 1769 diceret
2903 1733 2918 1767 :
2956 1715 3098 1784 quod
3129 1715 3231 1785 ipsi
3271 1715 3421 1769 illum
3458 1717 3674 1786 quidem

2111 1801 2404 1871 aliquando
2435 1805 2718 1868 videbunt,
2753 1806 2847 1860 sed
2877 1822 2986 1860 non
3020 1807 3326 1876 intelligent
3352 1807 3478 1876 quis
3505 1807 3598 1869 sit,
3621 1815 3676 1862 et

439 1892 669 1966 ἐχθρῶν,
721 1894 986 1966 δαιμόνων
1029 1895 1222 1959 τινῶν,
1274 1897 1365 1949 καὶ
1412 1897 1634 1966 ἀφανῶν
1694 1899 1974 1970 δυνάμεων

2109 1891 2330 1947 audient
2379 1895 2529 1948 illum
2563 1896 2868 1965 loquentem
2922 1899 3064 1952 inter
3092 1898 3242 1967 ipsos
3286 1898 3675 1961 ctdocentcm.

437 1985 566 2055 περὶ
593 1977 667 2038 ὧν
695 1985 978 2056 ἀρχόμενοι
1000 1987 1096 2056 τῆς
1124 1985 1250 2056 ὅλης
1288 1987 1670 2057 πραγματείας
1691 1988 2006 2058 διεληλύθα-

437 2090 558 2141 μεν,
582 2075 656 2138 ὡς
691 2076 752 2126 ού
787 2076 942 2145 μόνον
971 2075 1032 2127 τὺ
1081 2074 1348 2128 Ἰουδαίων
1378 2076 1547 2140 ἔθνος,
1579 2076 1717 2130 ἀλλά
1757 2079 1850 2131 καὶ
1895 2080 2003 2131 πᾶν

431 2165 492 2216 τὸ
530 2163 864 2234 ἀνθρώπειον
902 2165 1056 2234 γένος
1094 2167 1184 2218 ἐπὶ
1214 2169 1322 2221 πᾶν
1355 2165 1496 2232 εἶδος
1527 2171 1758 2236 κακίας,
1791 2172 1882 2224 καὶ
1907 2174 2003 2224 ἐπὶ

429 2253 599 2323 αὐτήν
629 2269 692 2321 γε
717 2253 813 2325 τὴν
836 2254 992 2308 ἄθεον
1017 2257 1454 2329 εἰδωλολατρείαν
1475 2259 1961 2328 καταϐεϐληκότων
1983 2303 1996 2323 ,

425 2343 526 2396 οὐκ
550 2343 725 2408 ἄλλως
757 2346 853 2416 τὴν
886 2342 1052 2418 ἧτταν
1087 2349 1303 2402 ἔσεσθαι
1336 2349 1486 2419 δηλοῖ
1516 2349 1548 2420 ἢ
1583 2350 1670 2403 διὰ
1699 2351 1866 2422 μόνης
1899 2355 1997 2424 τῆς

425 2433 819 2508 θεσπιζομένης
875 2442 953 2503 εἰς
1011 2441 1328 2511 ἀνθρώπους
1381 2442 1672 2513 ἐπιδημίας
1718 2443 1812 2498 τοῦ
1857 2444 1994 2500 Θεοῦ

426 2525 626 2593 Λόγου,
673 2526 734 2591 ἐξ
793 2530 1164 2602 ἀπειρογάμου
1220 2531 1496 2603 Παρθένου
1543 2533 1742 2604 σκῆνος
1789 2535 1997 2607 ἀνθρώ-

425 2631 574 2669 πειον
604 2619 1030 2692 ἀναληψομένου.
1059 2623 1154 2686 Τίς
1175 2623 1231 2676 δὲ
1265 2624 1411 2695 αὐτῷ
1447 2628 1479 2696 ἡ
1508 2625 1695 2679 τούτου
1724 2628 1879 2700 χρεία
1907 2626 1993 2699 ἦν,

423 2705 612 2776 καιρὸς
647 2707 713 2760 ἂν
734 2709 816 2779 εἴη
841 2709 1134 2764 διαλαϐεῖν.

2107 1984 2204 2040 sed
2231 2000 2337 2038 non
2369 1986 2688 2056 percipient.
2727 1997 3013 2058 pr0pterea
3035 1988 3181 2058 quod
3215 1988 3531 2042 induratum
3567 1989 3676 2042 erit

2104 2089 2201 2128 cor
2227 2091 2438 2131 eorum.
2473 2076 2609 2131 Cum
2655 2079 2770 2133 haec
2814 2080 2980 2149 igitur
3012 2077 3179 2133 Isaias
3219 2079 3304 2134 his
3343 2094 3466 2149 quae
3508 2094 3676 2148 appo-

2104 2168 2338 2230 suimus,
2371 2169 2550 2224 verbis
2579 2179 2760 2232 canat,
2797 2171 2853 2224 in
2894 2172 3134 2226 historiae
3167 2171 3385 2225 modum
3431 2172 3671 2226 hostium

2106 2259 2371 2315 adversus
2412 2260 2594 2315 Acbaz
2619 2263 2902 2332 impetum,
2935 2265 3027 2332 qui
3081 2271 3213 2318 tunc
3245 2263 3457 2318 Iudaici
3488 2264 3672 2334 populi

2103 2367 2331 2423 regnum
2363 2354 2695 2419 obtinuerat,
2731 2353 3011 2416 describit,
3057 2363 3112 2410 et
3141 2371 3171 2408 a
3207 2355 3512 2409 visibilibus
3549 2356 3674 2424 qui-

2102 2442 2224 2498 dem
2257 2444 2507 2500 hostibus
2534 2445 2746 2499 ruinam
2773 2446 2945 2509 brevi,
2972 2461 3149 2515 neque
3175 2445 3316 2499 haud
3345 2447 3517 2498 multo
3546 2454 3672 2514 post

2103 2535 2341 2589 futuram
2396 2537 2684 2607 significat.
2734 2535 2978 2601 Quorum
3028 2552 3156 2592 vero
3212 2537 3367 2605 signa
3418 2536 3664 2605 quaedam

2101 2627 2368 2681 duntaxat
2407 2629 2592 2682 attulit
2615 2629 2692 2698 (bi
2738 2643 2901 2698 porro
2931 2637 3059 2682 sunt
3098 2629 3462 2700 intelligibiles
3502 2635 3666 2697 atque

2103 2721 2402 2776 invisibiles
2434 2722 2657 2791 quidam
2701 2721 2906 2783 hostes,
2944 2720 3218 2776 daemones
3251 2721 3439 2790 utique
3471 2734 3534 2773 ac
3564 2720 3670 2774 sub

423 2802 599 2855 visum
636 2817 744 2857 non
772 2803 1028 2860 cadentes
1051 2815 1371 2876 potestates,
1398 2807 1464 2864 de
1492 2809 1696 2878 quibus
1729 2811 1888 2866 initio
1939 2815 2107 2870 totius
2167 2819 2351 2885 Operis
2403 2816 2791 2876 disseruimus.
2833 2815 2980 2885 quod
3029 2831 3138 2869 non
3169 2816 3339 2871 solam
3383 2811 3665 2867 Iudaicam

421 2912 658 2973 gentem,
711 2903 805 2959 sed
861 2919 1022 2958 omne
1067 2919 1292 2974 prorsus
1337 2904 1636 2958 humanum
1689 2921 1883 2976 genus,
1936 2908 1991 2962 in
2026 2925 2189 2964 omne
2217 2910 2440 2965 malitia:
2461 2925 2653 2981 genus,
2686 2927 2751 2965 ac
2775 2910 3010 2981 denique
3038 2916 3093 2964 in
3146 2911 3322 2981 ipsum
3380 2909 3529 2964 omni
3579 2924 3666 2960 re.

420 2995 606 3064 ligioni
661 2995 994 3051 contrarium
1067 2997 1485 3052 simulacrorum
1551 2999 1761 3053 cultum
1832 3003 2258 3074 compulerint),
2327 3005 2428 3059 hos
2479 3020 2589 3058 non
2662 3004 2822 3058 aliter
2877 3006 3021 3059 vinei
3073 3020 3234 3074 posse
3289 3003 3660 3062 demonstrat,

419 3105 580 3158 quam
613 3107 709 3160 per
731 3109 923 3155 unum,
957 3093 1050 3162 qui
1085 3093 1303 3147 canitur
1337 3093 1426 3148 Dei
1459 3092 1622 3149 Verbi
1653 3095 1720 3150 ad
1743 3095 1992 3154 homines
2027 3113 2331 3163 accessum,
2371 3101 2515 3168 quod
2566 3100 2784 3170 quidem
2829 3098 2924 3154 Dei
2959 3098 3194 3154 Verbum
3237 3106 3386 3154 esset
3443 3112 3508 3152 ex
3575 3097 3662 3149 in-

417 3193 585 3256 nupta
650 3185 868 3258 Virgine
931 3188 1229 3242 humanum
1284 3203 1484 3257 corpus
1543 3199 1976 3261 assumpturum.
2053 3193 2160 3249 Sed
2214 3195 2378 3264 hujus
2427 3195 2500 3247 illi
2544 3196 2797 3264 quisnam
2854 3209 2989 3248 usus
3033 3194 3215 3255 fuerit,
3260 3192 3374 3262 jam
3445 3197 3661 3259 tempus

415 3292 537 3334 esse
564 3279 798 3343 videtur,
830 3288 890 3333 ut
917 3281 1080 3335 latius
1109 3283 1471 3352 inquiramus.

509 3395 584 3450 Τὰ
609 3396 744 3465 περὶ
772 3395 880 3463 τῆς
913 3396 1018 3450 τοῦ
1057 3395 1328 3465 Σωτῆρος
1357 3396 1525 3468 ἡμῶν
1550 3399 1887 3468 ἐπιδημίας.

494 3509 711 3580 Ἐπειδὴ
749 3528 768 3559 ι
807 3509 874 3560 δι’
901 3509 1186 3579 ἀνθρώπου
1213 3509 1438 3575 θάνατος
1486 3512 1730 3582 εἰσῆλθεν
1774 3515 1853 3576 εἰς
1891 3512 1982 3565 τὸν

408 3597 630 3668 κόσμον,
645 3616 664 3649 ι
682 3598 843 3668 φησὶν
865 3600 894 3650 ὁ
920 3599 1252 3662 Ἀπόστολος.
1268 3603 1401 3673 χρῆν
1414 3603 1584 3672 δήπου
1604 3603 1690 3656 διὰ
1709 3604 1800 3656 τοῦ
1817 3605 1979 3658 αὐτοῦ

408 3688 694 3762 ἀνθρώπου
722 3690 821 3761 τὴν
850 3692 988 3744 κατὰ
1017 3691 1108 3744 τοῦ
1148 3693 1375 3746 θανάτου
1404 3693 1764 3766 βραϐευθῆναι
1789 3697 1944 3766 νίκην
1963 3737 1978 3759 ,

407 3780 502 3834 καὶ
533 3779 596 3833 τὸ
629 3777 784 3849 σῶμα
812 3778 906 3832 τοῦ
939 3778 1168 3834 θανάτου
1202 3781 1359 3851 σῶμα
1395 3780 1540 3851 ζωῆς
1579 3783 1977 3854 ἀναδειχθῆναι,

406 3870 500 3922 καὶ
535 3871 633 3940 τῆς
667 3869 936 3941 ἁμαρτίας
982 3871 1080 3940 τὴν
1129 3871 1405 3940 βασιλείαν
1450 3873 1508 3925 ἐν
1547 3873 1624 3943 τῷ
1661 3872 1838 3942 θνητῷ
1882 3874 1979 3926 σώ-

407 3976 535 4029 ματι
564 3961 624 4012 τὸ
645 3961 773 4030 πρὶν
809 3959 1131 4031 ἐνεργοῦσαν
1159 3961 1544 4031 καταλυθῆναι,
1585 3961 1777 4032 μηκέτι
1810 3965 1980 4033 ἀμαρ-

401 4053 524 4116 τίας
553 4054 741 4113 αὐτοῦ.
775 4053 907 4106 ἀλλά
928 4053 1270 4126 δικαιοσύνης
1301 4054 1606 4126 κρατούσης
1625 4073 1637 4084 ·
1666 4057 1758 4108 καὶ
1789 4057 1976 4128 ἐπειδὴ

399 4143 488 4196 διά
519 4144 628 4196 τῶν
660 4145 757 4215 τῆς
790 4146 988 4216 σαρκὸς
1017 4145 1428 4217 ἁμαρτημάτων
1461 4145 1626 4200 πάλαι
1655 4147 1912 4218 πρότερον
1939 4153 1971 4219 ἡ

400 4235 608 4301 πτῶσις
660 4237 864 4304 ἐγίνετο
927 4239 1090 4291 πᾶσιν
1151 4236 1457 4308 ἀνθρώποις
1479 4278 1494 4300 ,
1554 4239 1778 4304 εἰκότως
1813 4241 1971 4294 πάλιν

397 4327 466 4378 δι’
519 4328 904 4400 ἀναμαρτήτου
930 4368 944 4391 ,
990 4329 1084 4382 καὶ
1124 4329 1303 4399 πάσης
1361 4331 1631 4400 ἀχράντου
1669 4331 1866 4395 κακίας
1904 4333 1971 4385 τὰ

398 4418 539 4471 κατά
577 4419 687 4472 τῶν
714 4419 924 4489 ἐχθρῶν
957 4421 1275 4491 ἀνηγείρετο
1313 4421 1564 4491 τρόπαια.
1601 4421 1774 4473 Τίνων
1792 4421 1848 4474 δὲ
1879 4425 1970 4493 ἐχ·-

397 4511 540 4582 θρῶν
564 4512 597 4582 ἢ
632 4511 739 4565 τῶν
763 4512 928 4565 πάλαι
953 4511 1042 4565 διά
1071 4511 1179 4565 τῶν
1207 4513 1306 4582 τῆς
1339 4514 1540 4583 σαρκὸς
1561 4514 1760 4583 ἡδονῶν
1797 4533 1967 4569 κατα-

397 4601 730 4656 παλαιόντων
779 4599 838 4653 τὸ
889 4601 1218 4669 ἀνθρώπειον
1277 4603 1468 4668 γένοςς
1525 4604 1618 4656 καὶ
1675 4604 1848 4666 ἄλλως
1909 4605 1966 4656 δὲ

397 4692 588 4763 ἐχρῆν,
617 4692 924 4765 ἀνθρώποις
956 4692 1090 4745 Θεοῦ
1121 4693 1290 4760 Λόγον
1327 4693 1535 4763 ὁμιλεῖν
1559 4693 1840 4764 μέλλοντα,
1871 4695 1966 4748 καὶ

2200 3398 2330 3463 θυαε
2364 3404 2598 3463 spectant
2632 3394 2701 3448 ad
2724 3394 3019 3449 Saluatoris
3056 3395 3224 3448 nostri
3253 3393 3549 3450 adventum.

2161 3509 2297 3575 Quia
2334 3527 2352 3557 ι
2384 3525 2480 3578 per
2514 3509 2786 3563 hominem
2821 3522 2972 3560 mors
3012 3505 3234 3559 intravit
3271 3506 3326 3560 in
3369 3509 3651 3568 muudum.

2089 3601 2165 3653 ait
2202 3600 2497 3670 Apostolus
2516 3600 2604 3661 δ”,
2639 3618 2656 3650 ι
2697 3598 2902 3651 idcirco
2935 3596 3196 3650 adversus
3227 3603 3457 3651 mortem
3490 3599 3657 3652 victo.

2088 3694 2221 3746 riam
2262 3692 2494 3746 obtineri
2537 3705 2633 3759 per
2676 3689 2927 3744 eumdem
2973 3688 3244 3741 hominem
3291 3689 3551 3757 oportuit,
3602 3697 3656 3742 et

2084 3783 2230 3854 quod
2263 3783 2456 3837 mortis
2500 3781 2676 3834 fuerat
2721 3795 2945 3848 corpus,
2979 3779 3102 3831 viue
3135 3792 3334 3844 corpus
3357 3779 3650 3840 declarari.

2083 3885 2137 3928 et
2179 3873 2385 3942 peccati
2423 3886 2672 3942 regnum,
2702 3870 2846 3939 quod
2882 3870 3036 3938 prius
3078 3869 3132 3922 in
3176 3882 3405 3936 corpore
3433 3872 3651 3923 mortali

2081 3969 2190 4019 vim
2241 3979 2393 4020 suam
2448 3963 2757 4026 exercebat,
2802 3960 2968 4015 deleri
3025 3974 3196 4027 usque
3231 3958 3388 4025 adeo,
3435 3967 3496 4012 ut
3539 3975 3648 4014 non

2082 4057 2314 4126 amplius
2340 4054 2416 4107 illi
2453 4061 2759 4123 peccatum.
2788 4053 2883 4107 sed
2917 4053 3130 4121 justitia
3165 4052 3560 4120 dominaretur,
3593 4060 3648 4106 et

2079 4153 2335 4222 quoniam
2357 4165 2420 4204 ex
2449 4149 2689 4220 peccatis
2719 4149 2989 4216 corporis,
3027 4155 3183 4200 antea
3226 4147 3442 4199 cunctis
3471 4147 3648 4201 homi-

2080 4245 2242 4296 nibus
2281 4243 2439 4296 ruina
2491 4241 2633 4294 facta
2674 4249 2780 4303 est,
2829 4239 3023 4293 merito
3066 4254 3261 4293 rursus
3315 4253 3412 4307 per
3461 4239 3644 4293 omnis

2078 4333 2284 4403 peccati
2318 4349 2513 4401 expers
2542 4347 2764 4402 corpus,
2790 4330 3048 4398 omnique
3078 4343 3304 4397 prorsus
3329 4329 3532 4382 malitia
3561 4329 3645 4381 iu-

2077 4433 2306 4484 tactum,
2344 4430 2547 4491 tropaea
2587 4423 2848 4476 adversus
2881 4420 3064 4473 hostes
3108 4419 3366 4488 erigenda
3399 4417 3641 4475 fuerunt.

2077 4515 2183 4570 Sed
2218 4530 2356 4585 quos
2384 4514 2601 4568 tandem
2630 4515 2834 4574 hostes,
2868 4512 2970 4566 nisi
2994 4527 3090 4566 eos
3121 4512 3212 4579 qui
3245 4513 3372 4565 olim
3402 4528 3499 4581 per
3517 4527 3641 4566 cor-

2073 4621 2267 4676 porcas
2297 4607 2603 4674 voluptates
2640 4605 2934 4657 humanum
2974 4617 3149 4672 genus
3189 4603 3648 4671 prasternebant?

2072 4705 2333 4768 praaterea
2383 4711 2504 4750 cum
2556 4693 2650 4748 Dei
2687 4694 2926 4749 Verbum
2977 4701 3125 4748 esset
3164 4707 3287 4746 cum
3332 4695 3642 4748 hominibus

399 4782 598 4853 σαρκὸς
623 4784 811 4844 ἀκοαῖς
849 4783 915 4835 τά
945 4784 1044 4853 τῆς
1074 4783 1350 4848 εὐσεϐείας
1380 4785 1678 4855 μαθήματα
1709 4785 1962 4856 παραδὼ-

2093 4789 2490 4844 :ollocuturum.
2537 4794 2591 4840 et
2639 4785 2920 4855 corporeis
2970 4785 3197 4837 auribus
3249 4792 3516 4852 praecepta
3574 4783 3642 4839 de

395 4891 576 4935 σοντα,
624 4875 906 4946 τερατείας
943 4892 1002 4928 τε
1042 4876 1134 4930 καὶ
1170 4876 1622 4946 παραδοξοποιίας
1665 4877 1967 4948 ἀνθρώπων

346 4951 360 4970 Χ
391 4965 719 5034 ὀφθαλμοῖς,
755 4965 888 5018 Θεοῦ
917 4984 976 5019 τε
1011 4966 1236 5036 δύναμιν
1276 4968 1478 5037 ἐναργῆ
1522 4971 1959 5039 παραστήσοντα.

397 5056 471 5125 μὴ
521 5055 694 5117 ἄλλως
737 5056 770 5126 ἢ
813 5056 900 5108 διὰ
928 5057 1020 5110 τοῦ
1052 5058 1313 5129 συνήθους
1349 5061 1481 5128 ἡμῖν
1525 5061 1756 5130 ὀργάνου
1808 5061 1963 5113 τοῦτο

393 5147 630 5218 πρᾶξαι·
661 5149 742 5199 δτι
777 5148 898 5201 οὐδὲ
920 5149 1079 5201 πλέον
1106 5148 1255 5201 οὐδὲν
1290 5150 1556 5220 σωμάτων
1582 5152 1712 5221 όρᾷν
1751 5151 1961 5222 ἀνθρώ-

390 5255 508 5292 πων
535 5239 758 5292 δυνατὸν
782 5235 850 5308 ἦν
877 5240 1192 5310 ὀφθαλμοῖς,
1222 5241 1330 5294 οὐδ’
1354 5241 1572 5293 ἀκούειν
1605 5241 1772 5312 ἀκοὴν
1801 5241 1961 5295 πλέον

388 5352 439 5386 τι
453 5333 549 5386 τοῦ
569 5332 656 5385 διά
672 5331 914 5402 γλώττης
937 5334 1341 5404 προφερομένου
1366 5334 1623 5402 ῆχου.’Ἰν“
1639 5329 1734 5386 οῦν
1759 5333 1854 5386 καὶ
1872 5335 1959 5387 διὰ

389 5425 655 5496 σωμάτων
683 5425 985 5494 αἰσθήσεως
1007 5425 1104 5494 τῆς
1135 5422 1242 5476 τῶν
1271 5423 1474 5493 νοητῶν
1513 5424 1602 5476 καὶ
1652 5425 1958 5495 ἀσωμάτων

385 5520 592 5581 ἑννοίας
617 5515 1018 5587 ὲπιλαϐὡμεθα.
1037 5517 1125 5567 τὸν
1151 5519 1283 5587 ἡμῖν
1309 5515 1544 5584 συγγενῆ
1574 5517 1668 5570 καί
1685 5515 1957 5588 γνώριμον

382 5609 541 5677 λόγον
558 5609 720 5672 αὐτὸς
749 5611 778 5660 ό
814 5607 945 5670 Θεὸς
979 5607 1147 5674 Λόγος
1176 5605 1538 5675 ἀνελάμϐανε,
1574 5608 1665 5661 καὶ
1693 5609 1868 5660 πάντα
1892 5626 1954 5674 γε

381 5699 448 5751 δι’
490 5699 654 5752 αὐτοῦ
696 5699 764 5751 τὰ
816 5701 1056 5770 σωτήρια
1092 5701 1201 5760 τοῖς
1234 5698 1518 5768 αὑτηκόοις
1545 5700 1638 5751 καὶ
1661 5701 1954 5763 αὑτόπταις

452 5857 495 5886 ⁸²
535 5852 690 5908 Joan.
729 5871 826 5930 xu,
853 5855 1036 5908 37-“.
1117 5855 1182 5886 δ’·
1215 5854 1370 5908 Rom.
1409 5867 1461 5916 γ,
1498 5852 1588 5909 19..

2069 4884 2270 4952 pietate
2311 4881 2666 4939 traditurum,
2694 4877 3052 4949 prodigiaque
3084 4885 3137 4931 et
3169 4877 3432 4930 miracula
3461 4877 3639 4930 oculis

2072 4973 2375 5037 hominum,
2407 4970 2574 5045 31E,
2601 4970 2804 5039 Deique
2849 4971 3107 5023 virtutem
3151 4967 3429 5021 evidenter
3474 4975 3638 5037 atque

2069 5071 2254 5134 aperte
2278 5064 2802 5123 demonstraturum,
2838 5077 2946 5115 non
2976 5060 3136 5114 aliter
3167 5072 3332 5128 quam
3367 5071 3466 5125 per
3503 5073 3640 5111 con-

2067 5165 2303 5216 suetum,
2339 5154 2607 5222 nobisque
2645 5153 2912 5207 familiare
2953 5151 3402 5210 instrumentum,
3433 5147 3540 5202 hoc
3557 5147 3632 5200 fa-

2064 5263 2190 5303 cere
2230 5247 2409 5315 ipsum
2459 5246 2722 5314 oportuit,
2771 5243 3026 5312 quoniam
3070 5239 3206 5293 nihil
3245 5237 3463 5307 quidem
3515 5253 3636 5290 am-

2063 5338 2230 5406 plius,
2263 5352 2426 5404 quam
2472 5350 2594 5406 qua:
2621 5323 2850 5402 corpora
2901 5338 3053 5392 sunt,
3106 5326 3429 5381 mortalibus
3459 5327 3639 5382 oculis

2063 5442 2121 5483 ut
2149 5444 2528 5488 cerneremus.
2565 5426 2677 5481 fieri
2706 5430 2940 5495 poterat,
2973 5435 3152 5489 neque
3174 5427 3234 5472 ut
3261 5418 3490 5472 auribus
3512 5434 3637 5486 per-

2060 5522 2386 5589 ciperemus.
2420 5534 2582 5588 quam
2635 5531 2851 5576 sonum,
2891 5514 2983 5583 qui
3017 5513 3201 5582 lingua
3227 5508 3463 5580 proferri
3501 5525 3634 5563 con—

2060 5613 2256 5667 suevit.
2291 5611 2360 5666 Ut
2394 5612 2559 5682 igitur
2589 5607 2868 5676 corporeis
2888 5620 3106 5675 quoque
3134 5602 3389 5657 sensibus
3424 5601 3628 5654 intelli-

2063 5701 2310 5770 gibilium
2343 5701 2896 5770 incorporearumque
2915 5709 3096 5749 rerum
3129 5695 3383 5747 notiones
3398 5705 3627 5763 capere-
