2055 3229
226 173 278 199 495

560 171 693 199 EUSEBlI
713 169 955 199 CIESARIENSIS
973 169 1049 197 UPP.
1071 169 1163 198 PARS
1182 167 1213 196 ΙΙ.
1226 185 1259 189 -
1271 168 1522 197 APOLOGETICA.

1804 172 1856 199 ‘95

225 237 298 262 mus,
314 237 375 258 eum
395 230 442 265 qui
459 230 538 257 nobis
560 232 587 257 et
612 233 747 265 cognatus
765 233 793 257 et
808 228 952 256 familiaris
971 236 1002 256 es

1063 228 1118 255 τῶν
1134 228 1233 255 ἐνθέων
1247 228 1330 255 αὑτοῦ
1352 228 1439 263 λόγων
1457 237 1487 255 τε
1502 228 1548 255 καὶ
1561 228 1651 264 ἔργων
1665 228 1856 264 προεϐάλλετο.

225 281 278 308 set,
299 276 358 312 ipse
380 275 452 303 Deus
467 275 585 303 Verbum
612 275 772 310 assumpsit,
798 275 944 310 omniaque
964 281 1012 309 per

224 322 301 349 illum
316 329 487 357 quaecunque
500 322 633 350 salutaria
649 326 755 354 essent,
768 322 814 353 iis,
829 321 876 356 qui
892 321 943 357 ipsi
963 329 1013 352 au_-

225 367 347 400 diebant,
361 368 468 403 ipsique
479 367 608 399 ﬁdebant.
627 372 682 395 tam
698 375 760 403 qua
773 367 801 395 in
813 367 914 395 divinis
925 367 1011 403 ipsius

225 414 324 445 verbis,
345 421 427 448 quant
444 421 505 448 qua:
522 414 549 441 in
569 414 650 441 factis
663 414 857 444 consisterent.
873 413 1009 448 exposuit.

223 460 311 494 Atque
334 459 391 486 haec
413 460 505 486 omnia
522 459 733 492 administravit,
759 467 894 494 nusquam
914 462 944 485 ut
960 466 1010 486 nos

224 505 306 532 simili
319 505 426 533 ratione
443 505 568 540 corporis
585 506 796 533 necessitatibus
811 505 943 540 illigatus,
963 512 1010 532 ne-

223 557 276 584 que
290 549 347 585 ipse
364 549 513 585 quidquam
531 554 579 577 aut
599 549 720 578 deterius
743 554 789 577 aut
819 550 935 585 amplius
959 557 1008 578 sua

223 596 309 631 ipsius
329 596 471 624 divinitate
488 597 654 632 perpetiens,
678 605 766 632 neque
784 604 848 624 vero
868 601 896 623 ut
919 596 1008 623 anima

223 643 354 675 hominis,
367 643 405 670 ita
422 643 482 679 ipse
496 644 542 671 tali
555 651 671 679 corpore
694 643 852 679 impeditus,
869 648 898 670 ut
916 643 1008 670 divina

224 690 332 717 interim
345 697 458 717 munera
467 689 543 717 obire
554 697 608 717 non
617 694 720 725 posset,
737 695 782 716 aut
791 690 890 725 ubique
900 690 1007 721 adesse,

223 737 268 770 qui
290 736 336 763 Dei
358 735 478 764 Verbum
491 740 543 769 est,
561 737 706 771 omniaque
726 736 830 771 implet,
854 743 902 770 per
916 736 1008 763 omnia

223 787 356 817 penetrat,
376 790 463 818 neque
479 783 543 810 item
562 787 608 809 aut
624 783 750 810 sordibus
766 783 838 813 ullis,
855 787 901 809 aut
912 790 1008 809 εστι-υς

223 830 326 863 ptioue,
343 833 389 856 aut
404 829 536 861 foeditate,
552 837 584 856 ex
595 837 628 856 eo
644 836 758 863 corpore
770 828 842 863 quod
858 829 1007 864 assumpsit

223 875 393 910 inquinatus,
410 880 552 911 propterea
567 875 640 910 quod
655 883 717 902 cum
730 876 788 910 ipse
801 879 898 902 natura
910 875 945 902 sit
959 883 1007 902 ex-

222 930 284 956 pers
301 926 328 949 et
342 923 476 956 corporis,
493 925 520 949 et
536 922 637 952 carnis,
653 925 680 948 et
697 921 787 948 omnis
802 921 932 952 materiae,
945 926 1007 948 tan-

221 975 302 1003 quam
327 967 372 994 Dei
393 967 521 999 Verbum,
543 967 634 994 divina
661 967 778 1002 quadam
804 967 910 994 virtute
927 967 1007 994 ratio-

222 1014 356 1049 nibusque
376 1013 567 1045 incli‘ab'zlibus,
584 1021 691 1040 omnem
716 1013 846 1040 sustinuit
868 1013 1007 1048 dispensa-

222 1062 334 1091 tionem,
358 1068 418 1095 qua:
441 1068 490 1087 sua
517 1062 610 1087 essent
639 1059 808 1094 impertiens,
834 1067 887 1085 non
914 1063 1006 1086 autem

221 1111 316 1133 contra
338 1107 389 1133 sibi
412 1106 565 1136 vindicans.
593 1110 640 1133 aut
663 1113 799 1140 usurpans
824 1113 885 1140 qua:
905 1106 1004 1133 aliena.

222 1151 290 1186 Ergo
308 1159 357 1178 cur
373 1151 409 1177 ita
424 1151 495 1178 hanc
512 1151 586 1179 illius
602 1153 629 1178 in
644 1158 760 1185 corpore
772 1151 1005 1185 dispensationem

221 1198 367 1225 formidare
385 1205 453 1232 opus
475 1201 527 1230 est,
549 1196 658 1232 quando
675 1204 764 1232 neque
785 1197 903 1224 fmdatus
919 1201 961 1223 est
982 1197 1006 1223 is

219 1245 264 1278 qui
282 1243 378 1271 l‘ogdari
398 1251 452 1270 non
478 1247 577 1278 potest,
599 1250 687 1278 neque
708 1251 741 1270 ex
758 1251 842 1271 carne
865 1248 1004 1278 assumpta

220 1291 390 1325 inquinatus,
411 1289 459 1324 qui
480 1296 534 1316 non
555 1293 643 1323 potest
665 1289 815 1324 inquinari,
831 1297 918 1324 neque
940 1296 1005 1316 vero

219 1338 329 1374 propria
348 1337 471 1372 corporis
488 1341 586 1364 natura
601 1342 758 1372 corruptus.
776 1344 838 1363 cum
857 1337 946 1371 ipsum
968 1337 1005 1363 sit

220 1384 266 1412 Dei
285 1384 400 1412 Verbum
416 1384 450 1411 ab
466 1383 540 1410 omni
560 1382 681 1418 patiendi
695 1386 792 1409 natura
810 1389 922 1416 prorsus
938 1381 1005 1408 alie-

219 1432 303 1459 num?
319 1430 469 1464 Quandone
486 1429 554 1457 solis
575 1429 687 1464 quidem
702 1428 770 1455 radii
790 1427 854 1454 dum
871 1426 1003 1454 cadavera

219 1482 245 1505 et
259 1478 348 1505 omnis
365 1477 474 1512 generis
487 1483 603 1511 corpora
619 1475 765 1509 attingunt,
781 1473 929 1508 quidquam
944 1479 1003 1499 om-

219 1523 284 1550 nino
309 1522 364 1558 pati
385 1521 533 1548 dicuntur?
557 1521 592 1547 ab
614 1521 674 1555 ipso
696 1523 787 1546 autem
801 1519 894 1545 divino
914 1517 1004 1545 Verbo

219 1571 300 1596 etiam
329 1571 435 1599 contra,
464 1566 537 1602 quod
559 1566 737 1601 corruptibile
763 1569 822 1593 erat
850 1565 877 1592 in
904 1565 1038 1612 meliusC

219 1619 415 1643 commutatum
445 1618 496 1645 est.
525 1617 705 1647 sanctumque
728 1615 810 1645 atque
840 1610 1001 1642 immortale,

219 1660 445 1696 quemadmodum
467 1660 553 1695 ipsius
572 1659 698 1686 voluntas
718 1656 780 1689 fuit,
796 1656 920 1684 effectum
938 1660 1001 1684 est:

218 1706 365 1741 quinetiam
382 1705 482 1733 ditinis
503 1705 545 1731 sui
562 1703 650 1731 Patris
666 1703 800 1734 consiliis,
817 1706 899 1736 atque
914 1702 1001 1728 actio-

218 1751 310 1781 nibus.
325 1750 382 1786 ipse
402 1749 510 1777 interim
533 1749 708 1776 inserviebat.
732 1747 830 1774 Totum
853 1746 935 1781 igitur
950 1745 1002 1772 hoc

219 1797 357 1823 hominum
378 1795 584 1823 amantissimus
607 1793 679 1821 Deus
700 1792 799 1828 Deique
821 1791 937 1819 Verbum
953 1798 1003 1826 pro

216 1847 377 1870 cunctorum
395 1841 534 1869 hominum
550 1839 654 1867 medela
671 1843 696 1866 ct
712 1839 809 1870 salute,
832 1837 944 1865 vocibus
961 1837 1003 1864 in-

217 1890 295 1916 terim
324 1889 515 1924 prophetarum
552 1889 734 1914 consentanea
769 1892 866 1920 gerens
893 1884 1001 1916 eii‘ecit,

215 1935 261 1970 qui
288 1935 398 1970 quidem
423 1934 561 1969 propheta
586 1935 663 1959 tanto
693 1936 755 1959 ante
783 1938 799 1958 a
825 1930 924 1966 priscis
952 1937 1000 1957 us-

214 1989 268 2018 que
293 1980 475 2016 temporibus,
503 1978 690 2006 admirabilem
722 1977 810 2013 ipsius
833 1977 867 2004 de
890 1975 1002 2011 Virgine

213 2033 303 2056 ortum
337 2026 474 2054 testiﬁcati
503 2025 621 2053 fuerant.
660 2023 747 2051 Porro
779 2027 869 2050 autem
906 2022 1001 2050 admo-

213 2074 279 2102 dum
307 2074 462 2101 necessario
494 2072 558 2099 huic
582 2070 684 2098 Christi
709 2069 782 2097 ortui
810 2068 844 2096 de
870 2067 999 2103 Virgine,

214 2120 346 2156 propheta
377 2119 519 2154 anteponit
548 2117 575 2145 id
608 2115 682 2152 quod
717 2115 814 2143 reddat
847 2117 999 2145 attentum,

212 2162 293 2200 315
309 2164 460 2191 inclamans
477 2162 510 2190 ad
525 2170 572 2191 eos
581 2162 629 2198 qui
640 2161 698 2196 ipsa
712 2160 769 2188 haec
781 2159 978 2189 audiant.illud
991 2167 997 2185 :

216 2221 225 2237 ι
245 2211 273 2238 Si
298 2218 352 2238 non
375 2209 557 2241 credideritis,
576 2215 630 2236 non
647 2207 816 2242 intelligetis;
831 2216 840 2232 ›
857 2206 901 2233 cui
918 2205 997 2233 dein-

211 2264 276 2292 ceps
292 2256 415 2291 adjungit
438 2264 470 2284 ea
489 2263 550 2291 qua:
569 2254 595 2282 in
612 2254 685 2281 hunc
701 2252 809 2280 modum
824 2261 853 2280 se
871 2251 970 2279 habent

213 2312 223 2330 ι
243 2303 272 2330 Si
285 2311 339 2330 non
353 2302 534 2334 credideritis,
548 2308 602 2328 non
615 2299 782 2335 intelligetis.
799 2307 808 2325 ι
821 2313 855 2318 -
873 2307 882 2323 ι
903 2297 934 2324 Ει
947 2297 996 2324 ad-

208 2350 274 2384 jecit
296 2349 428 2377 Dominus
451 2348 525 2383 loqui
553 2346 586 2374 ad
606 2346 698 2374 Acha:
723 2345 840 2372 dicens:
861 2343 924 2371 Pete
946 2343 996 2370 tibi

210 2396 318 2430 signum
343 2401 358 2421 a
383 2393 498 2421 Domino
525 2391 579 2419 Deo
604 2395 650 2419 tuo
667 2391 695 2418 in
710 2389 875 2426 profundum
899 2393 945 2416 aut
968 2389 995 2416 in

209 2442 358 2468 exceisum.
373 2439 406 2468 Et
421 2439 491 2467 dixit
508 2438 600 2465 Acha:
617 2447 623 2464 :
639 2437 698 2464 Non
718 2441 816 2472 petam,
831 2443 919 2471 neque
936 2439 996 2462 ten-

209 2487 273 2514 tabo
288 2486 443 2514 Dominum.
454 2484 486 2512 Et
498 2484 567 2512 dixit
578 2493 585 2511 :
598 2484 696 2511 Audite
707 2483 774 2518 jam,
785 2482 882 2510 domus
893 2480 976 2508 David
986 2489 994 2508 :

209 2532 278 2559 Num
298 2539 394 2567 parum
421 2531 500 2558 vobis
524 2534 577 2561 est,
593 2527 750 2556 hominibus
768 2527 896 2555 exhibere
907 2530 995 2553 certa-

208 2577 290 2605 men!
301 2581 328 2605 et
343 2584 394 2604 cur
411 2575 526 2604 Domino
547 2575 682 2603 exhibetis
706 2571 862 2600 certamen?
885 2575 996 2606 propter

208 2623 260 2650 hoc
272 2623 347 2650 dabit
364 2622 494 2650 Dominus
516 2621 575 2656 ipse
598 2619 676 2647 vobis
700 2618 898 2654 signum:ecce
912 2613 996 2648 Virgo

208 2670 235 2696 in
250 2674 328 2697 utero
350 2669 450 2703 capiet.
464 2671 491 2694 et
507 2666 595 2702 pariet
618 2665 716 2696 lilium,
729 2667 756 2691 et
773 2661 884 2689 vocabis
896 2667 995 2687 nomen

207 2715 268 2748 ejus
285 2714 455 2742 Emmanuel.
480 2711 610 2748 Butyrum
635 2715 662 2739 et
682 2709 735 2737 mel
760 2706 994 2741 comedet,prius-

207 2767 289 2795 quam
312 2764 458 2795 cognoscat
481 2758 547 2792 ipse,
564 2760 612 2784 aut
635 2755 718 2791 eligat
741 2753 824 2786 mala,
840 2756 870 2779 ut
898 2750 994 2786 seligat

209 2808 309 2834 bonum
326 2815 333 2833 :
350 2806 414 2841 quia
431 2805 507 2840 prius
528 2811 610 2839 quam
627 2803 773 2837 cognoscat
799 2805 866 2834 puer
892 2798 993 2825 bonum

209 2856 256 2878 aut
273 2851 384 2882 malum,
402 2858 456 2877 non
482 2853 525 2877 est
551 2847 683 2876 obediens
705 2845 824 2875 malitiai,
845 2847 874 2870 ut
897 2843 993 2878 seligat

211 2901 321 2926 bonum.
336 2896 369 2923 Et
384 2894 628 2930 comprehendetur
643 2897 726 2923 terra,
744 2898 824 2926 quam
839 2895 867 2916 tu
883 2889 961 2916 times
977 2895 992 2915 a

1064 275 1119 302 Καὶ
1130 274 1205 301 ταῦτ’
1215 274 1331 310 ἔπραττε
1342 276 1403 307 ταῖς
1414 274 1463 302 τοῦ
1476 274 1601 311 σώματος
1613 275 1747 310 ἀνάγκαις
1757 276 1859 312 ὁμοίως

1062 322 1128 357 ἡμῖν
1154 321 1278 356 οὐδαμῶς
1299 321 1564 357 καταδεσμούμενος,
1590 321 1651 348 οὐδέ
1671 330 1699 348 τι
1721 324 1813 357 χεῖρον
1839 323 1857 358 ἦ

1064 367 1155 403 μεῖζον
1182 367 1263 400 αὐτὸς
1282 367 1380 395 ἑαυτοῦ
1401 368 1452 404 τῆς
1472 368 1599 403 θεότητος
1622 368 1776 403 ὑπομένων,
1801 369 1857 395 οὐδ’

1061 414 1147 446 οὕτως
1160 414 1224 440 ὥσθ’
1238 411 1283 440 οἷα
1299 414 1441 450 ἀνθρώπου
1452 414 1536 450 ψυχὴ,
1551 414 1590 449 τῷ
1607 414 1712 449 σώματι
1729 416 1855 450 παρεῖναι

1061 459 1128 486 Θεοῦ
1143 460 1228 494 Λόγον
1246 461 1321 491 ὂντα,
1339 460 1386 486 καὶ
1406 460 1441 486 τὰ
1457 460 1546 487 πάντα
1562 460 1729 496 πληροῦντα,
1748 461 1795 487 καὶ
1813 461 1857 487 διὰ

1062 507 1169 534 πάντων
1181 507 1281 541 ἥκοντα
1293 515 1299 521 ·
1312 507 1369 533 ἀλλ’
1385 506 1444 533 οὐδὲ
1455 506 1576 542 ρύπον,ἣ
1586 506 1698 542 ῳθορὰν,
1709 506 1726 543 ἢ
1737 507 1854 542 μίασμα,

1061 552 1090 585 ἐξ
1106 551 1138 588 ἧς
1158 553 1285 587 ἀνείληφε
1303 552 1402 588 σαρκὸς
1420 552 1653 588 ἑπενηνεγμένος,
1673 553 1714 579 ὅτι
1730 552 1762 588 δὴ
1783 552 1856 580 ἀσώ-

1061 608 1145 634 ματος
1155 599 1192 625 ὢν
1206 600 1256 634 τὴν
1269 599 1360 633 φύσιν,
1375 599 1421 625 καὶ
1435 598 1515 630 ἇῡλος
1526 599 1575 625 καὶ
1587 599 1718 635 ἄσαρκος,
1730 597 1774 631 οἷα
1784 599 1853 626 Θεοῦ

1060 646 1156 678 Λόγος,
1168 644 1251 680 ἑνθὲῳ
1264 645 1377 680 δυνάμει
1392 645 1438 671 καὶ
1450 644 1538 678 λόγοις
1547 645 1611 680 ἡμῖν
1622 645 1753 680 ἀρρήτοις
1763 647 1853 672 πᾶσαν

1061 692 1142 727 ὑπῄει
1163 692 1212 726 τὴν
1229 691 1397 726 οἰκονομίαν,
1414 690 1468 717 τῶν
1486 690 1593 717 οἰκείων
1609 690 1781 726 μεταδιδοὺς,
1794 691 1852 718 ἀλλ’

1059 738 1108 764 οὐκ
1125 738 1344 773 ἀντεπαγόμενος
1359 737 1413 763 τῶν
1427 737 1583 773 ἀλλοτρίων.
1602 736 1707 764 οὐκοῦν
1721 737 1747 764 τί
1758 736 1851 771 φοϐεῖ-

1059 783 1120 810 σθαι
1134 783 1186 818 χρὴ
1205 783 1254 818 τὴν
1282 782 1411 818 ἐνσαρκον
1430 781 1601 816 οἰκονομίαν,
1616 781 1676 807 ἐπεὶ
1694 781 1731 817 μὴ
1753 781 1850 816 ἐμολύ-

1057 837 1117 855 νετο
1139 829 1153 854 ὁ
1178 828 1344 864 ἀμόλυντος,
1366 827 1433 863 μηδὲ
1451 829 1484 854 ἐκ
1507 827 1556 863 τῆς
1576 826 1676 862 σαρκὸς
1689 827 1705 853 ὁ
1718 826 1850 862 ἀμίαντος

1058 873 1194 908 ἐμιαίνετο
1205 893 1212 905 ,
1225 873 1291 908 μηδὲ
1306 873 1494 908 συνεῳθείρετο
1509 873 1541 907 τῇ
1554 871 1601 898 τοῦ
1618 871 1742 907 σώματος
1758 871 1847 908 οἰκείᾳ

1022 902 1044 930 Β
1060 902 1139 953 ιρύσει
1153 902 1282 954 baseos;
1299 918 1345 945 τοῦ
1359 902 1541 953 Deci-A6704;
1552 918 1611 944 ἐπεὶ
1627 902 1695 953 μηδὲ
1706 902 1780 953 ἡλίου
1794 902 1848 945 uel

1061 965 1130 992 θοιεν
1149 965 1182 992 ἄν
1199 974 1226 992 τι
1245 967 1353 997 ἀκτῖνες
1373 965 1477 1000 νεκρῶν
1498 964 1544 990 καὶ
1562 964 1696 990 παντοίων
1711 963 1845 998 σωμάτων

1060 1011 1247 1047 ὲπαφὼμεναι.
1257 1011 1303 1048 Τῷ
1314 1011 1343 1038 δὲ
1357 1011 1420 1046 θείῳ
1430 1011 1508 1046 Λόγῳ
1517 1009 1668 1046 τοῦμπαλιν
1679 1009 1709 1036 τὸ
1725 1008 1846 1044 φθαρτὸν

1061 1057 1275 1093 μετεσκευάζετο
1284 1078 1292 1090 ,
1303 1058 1349 1085 καὶ
1367 1058 1445 1092 ᾶγιόν
1456 1066 1485 1083 τε
1502 1057 1550 1084 καὶ
1563 1056 1705 1088 ἀθάνατον,
1719 1056 1738 1082 ἃ.
1755 1063 1785 1082 τε
1800 1054 1847 1081 καὶ

1058 1103 1093 1141 ἦν
1107 1105 1180 1140 αὑτῷ
1196 1104 1333 1140 βουλητὸν,
1343 1103 1499 1130 ἀπετελεῖτο
1508 1123 1514 1129 .
1530 1102 1584 1129 Nai.
1597 1101 1649 1137 μὴν
1665 1101 1712 1128 καὶ
1723 1102 1784 1132 ταῖς
1797 1100 1841 1126 ἔνο

1059 1151 1130 1182 θέοις
1144 1150 1190 1178 τοῦ
1210 1150 1364 1185 Πνεύματος
1387 1148 1493 1184 βουλαῖς
1508 1155 1538 1174 τε
1557 1147 1604 1174 καὶ
1621 1145 1738 1182 πράξεσι
1758 1145 1841 1180 διηκο-

1059 1199 1138 1223 νεῖτο.
1151 1196 1235 1222 Τοῦτο
1247 1193 1293 1222 οὖν
1307 1195 1366 1222 ὅλον
1375 1194 1414 1229 τῷ
1426 1192 1673 1229 φιλανθρωποτάτῳ
1687 1191 1748 1226 Θιῷ
1761 1199 1791 1219 τε
1802 1191 1848 1218 καὶ

1057 1242 1126 1269 Θεοῦ
1139 1242 1217 1276 Λόγῳ
1229 1241 1299 1277 ὑπὲρ
1313 1241 1361 1275 τῆς
1375 1241 1483 1266 πάντων
1495 1239 1542 1265 ἀνθ
1548 1238 1644 1274 ρώπων
1656 1237 1803 1272 θεραπείας
1817 1244 1847 1263 τε

1059 1290 1105 1315 καὶ
1118 1288 1252 1323 σωτηρίας
1259 1289 1319 1318 ταῖς
1329 1286 1383 1312 τῶν
1393 1285 1539 1321 προφητῶν
1547 1283 1700 1314 ἀκολούθως
1708 1282 1847 1318 ἐνηργεῖτο

1058 1336 1159 1369 φωναῖς
1171 1355 1178 1367 ,
1192 1333 1294 1361 ἄνωθεν
1311 1333 1342 1359 ἐκ
1363 1331 1484 1358 παλαιῶν
1503 1331 1606 1366 χρόνων
1623 1329 1673 1365 τὴν
1689 1328 1844 1363 θαυμασίαν

1057 1381 1089 1407 ὲκ
1115 1380 1253 1414 Παρθένου
1280 1379 1406 1414 γέννησιν
1440 1377 1523 1405 αὐτοῦ
1563 1373 1842 1412 προμαρτυρομέναις.

1057 1426 1163 1461 Σφόδρα
1189 1426 1218 1452 δὲ
1247 1424 1403 1458 ἀναγκαίως
1426 1424 1440 1449 ὁ
1467 1423 1609 1458 προφήτης
1636 1420 1778 1456 προτάττει
1791 1417 1843 1452 τῆς

1057 1472 1090 1498 ὲκ
1113 1469 1252 1506 Παρθένου
1274 1469 1407 1503 γενέσεως
1422 1467 1469 1494 τοῦ
1489 1465 1606 1502 Χριστοῦ
1626 1464 1656 1491 τὺ
1669 1461 1840 1498 ὲπιστρεφὲς,

1055 1515 1199 1550 ιπιφιωῶν
1225 1516 1354 1551 ἄντικρυς
1376 1515 1432 1545 τοῖς
1460 1513 1562 1539 τούτων
1587 1509 1770 1547 ἀκροωμένοις
1797 1507 1840 1538 τὸ,

1057 1571 1068 1589 ι
1091 1562 1154 1589 Ἐὰν
1177 1562 1214 1598 μὴ
1232 1561 1405 1596 πιστεύσητε,
1424 1559 1484 1586 οὐδὲ
1498 1558 1535 1594 μὴ
1550 1558 1645 1593 συνῆτε
1658 1565 1665 1572 ”
1685 1565 1694 1582 ι
1710 1552 1732 1590 ᾧ
1747 1554 1842 1589 ἐπιφέ-

1058 1616 1098 1644 ρει
1118 1607 1181 1642 ἑξῆς
1207 1607 1242 1633 τὰ
1265 1606 1358 1633 τοῦτον
1375 1605 1469 1641 ἔχοντα
1491 1605 1536 1631 τὸν
1556 1603 1673 1638 τρόπον·
1695 1610 1705 1627 ι
1725 1599 1788 1627 Ἐὰν
1803 1598 1841 1635 μὴ

1054 1653 1229 1688 πιστεύσητε,
1243 1653 1303 1679 οὐδὲ
1322 1651 1359 1687 μὴ
1376 1651 1483 1685 συνῆτε.
1496 1659 1505 1675 ›
1530 1659 1539 1675 ι
1556 1649 1610 1675 Καὶ
1623 1646 1768 1683 προσέθετο
1785 1644 1842 1672 Κύ-

1054 1707 1111 1734 ριος
1132 1698 1245 1733 λαλῆσαι
1275 1698 1313 1732 τῷ
1330 1696 1428 1731 Ἄχας,
1462 1695 1548 1729 λέγων
1565 1702 1573 1710 ’
1596 1693 1712 1728 Δίτησαι
1737 1689 1843 1724 σεαυτῷ

1054 1745 1165 1780 σημεῖον
1181 1744 1256 1779 παρὰ
1271 1743 1374 1779 Κυρίου
1389 1742 1435 1769 τοῦ
1456 1740 1523 1768 Θεοῦ
1547 1748 1594 1766 σου
1613 1739 1654 1770 είς
1674 1738 1755 1773 βάθος
1769 1735 1786 1771 ἢ
1802 1737 1842 1768 είς

1160 1790 1215 1816 Καὶ
1236 1787 1312 1816 εἶπεν
1337 1787 1441 1823 Ἀχαζ⁸
1465 1787 1503 1813 Otii
1527 1785 1564 1821 μὴ
1586 1784 1701 1820 αἰτήσω,
1718 1779 1791 1826 οὑδδ⁸
1802 1781 1841 1817 μὴ

1053 1823 1175 1871 πειράσω
1203 1834 1314 1869 Κύριον.
1336 1833 1391 1860 Καὶ
1415 1830 1506 1858 εἷπεν-
1536 1829 1682 1856 ’Δκούσατε
1697 1827 1748 1863 δὴ,
1766 1823 1840 1871 οίκος

1051 1869 1148 1907 Δαυῖδ·
1166 1879 1209 1916 Μὴ
1229 1878 1324 1915 μικρὸν
1341 1878 1405 1912 ὑμῖν
1419 1875 1573 1912 ἀνθρώποις
1590 1872 1720 1909 παρέχειν
1732 1869 1840 1916 ὰγῷνας

1051 1926 1098 1952 καὶ
1120 1924 1177 1957 πῶς
1192 1914 1287 1959 Κυρίῳ
1309 1922 1442 1958 παρέχετε
1462 1919 1573 1955 ἀγῶνας
1589 1917 1639 1945 Διὰ
1659 1916 1739 1943 τοῦτο
1758 1914 1839 1942 δώσει

1051 1970 1152 2006 Κύριος
1166 1969 1247 2001 αὐτὸς
1260 1969 1324 2004 ὑμῖν
1337 1968 1448 2002 σημεῖον
1457 1973 1464 1981 '
1489 1965 1543 1991 ἰδοὺ
1559 1965 1575 1999 ὴ
1592 1961 1729 1998 Παρθένος
1746 1961 1774 1986 ὲν
1787 1967 1838 2006 γαῖ-

1051 2004 1113 2053 στρὶ
1138 2015 1266 2052 λήψεται,
1288 2014 1335 2041 καὶ
1357 2013 1463 2045 τέξεται
1486 2011 1559 2041 υἱὸν,
1584 2009 1632 2036 καὶ
1658 2007 1784 2053 καλέσεις
1806 2004 1837 2032 ’ὼ

1049 2051 1134 2097 ὄνομα
1146 2061 1227 2089 αὐτοῦ
1247 2059 1430 2095 Ἐμμανουήλ.
1449 2057 1583 2092 Βούτυρον
1598 2055 1645 2082 καὶ
1669 2053 1730 2089 μέλι
1751 2051 1835 2097 φάγε-

1049 2095 1105 2139 ται,
1121 2107 1186 2143 πρὶν
1202 2107 1218 2142 ἢ
1238 2105 1339 2140 γνῶναι
1360 2103 1440 2131 αὐτὸν
1453 2103 1470 2137 ἦ
1488 2099 1647 2138 προελέσθαι
1663 2095 1824 2143 πονηρὼ-εκ

1049 2140 1154 2186 λέξεται
1167 2153 1198 2179 τὸ
1213 2140 1334 2186 γάγαθόψ
1355 2150 1422 2176 διότι
1444 2148 1509 2184 πρὶν
1523 2148 1540 2183 ἦ
1561 2145 1663 2181 γνῶναι
1679 2142 1710 2169 τὺ
1727 2140 1834 2186 παιδίον

1049 2185 1150 2232 ἀγαθὸν
1172 2197 1189 2232 ἢ
1211 2185 1307 2229 κακὸν,
1331 2194 1439 2222 ἀπειθεῖ
1461 2191 1587 2228 πονηρίᾳ,
1612 2189 1658 2216 τοῦ
1675 2185 1836 2232 ἐκλέξασθαι

988 2261 994 2278 ε
1013 2255 1034 2283 ο
1049 2230 1079 2271 τό
1094 2230 1205 2278 ἀγαθόν.
1226 2243 1281 2270 Καὶ
1296 2239 1540 2275 καταλειφθήσεται
1561 2238 1578 2272 ἡ
1594 2237 1641 2272 γῆ,
1659 2235 1692 2271 ἣν
1707 2230 1835 2283 aia-(9063].

1046 2291 1100 2319 ἀπὸ
1117 2289 1260 2326 προσώπου
1272 2288 1326 2315 τῶν
1338 2287 1384 2314 δύο
1405 2286 1544 2322 βασιλέων.
1565 2294 1574 2310 ι
1593 2283 1647 2310 Καὶ
1669 2281 1703 2308 τὰ
1721 2280 1771 2316 μὲν
1786 2279 1835 2326 τῆς

1046 2324 1213 2372 προφητείας
1227 2332 1278 2361 ὧδέ
1291 2342 1330 2369 πη
1344 2331 1416 2369 εἶχεν
1425 2341 1432 2348 ’
1449 2331 1593 2366 ἐπιστῆσαι
1605 2329 1634 2356 δὲ
1645 2328 1720 2361 ἄξιον
1732 2325 1771 2362 τῷ
1783 2324 1831 2351 τοῦ

1045 2383 1126 2417 λόγου
1153 2381 1288 2417 προοιμίῳ
1314 2377 1511 2415 μαρτυρομένῳ
1532 2377 1588 2407 τοῖς
1609 2372 1829 2409 ἐντυγχάνουσιν,

1045 2429 1098 2460 ὅτι,
1111 2427 1159 2454 ἐὰν
1172 2427 1209 2463 μὴ
1224 2426 1417 2455 πιστεύσωσιν,
1429 2423 1490 2449 οὐδὲ
1504 2422 1541 2458 μὴ
1557 2419 1667 2447 συνῶσι.
1682 2417 1738 2446 Καὶ
1750 2419 1832 2463 αναγ-

1046 2473 1131 2505 καίως
1237 2469 1469 2506 ἐπισημήνασθαι,
1485 2466 1652 2497 δεικνύντας,
1667 2465 1709 2491 ὅτι
1727 2462 1764 2499 μὴ

1046 2528 1090 2546 ναν
1107 2507 1251 2550 συνέσεως,
1265 2516 1334 2544 ἀλλὰ
1348 2515 1394 2542 καὶ
1415 2514 1531 2545 πίστεως
1549 2511 1590 2538 δεῖ
1602 2512 1659 2542 τοῖς
1674 2507 1834 2543 ἐντευξομέ-

1045 2573 1111 2597 νοις,
1135 2564 1183 2591 καὶ
1205 2563 1236 2590 οὺ
1265 2561 1344 2598 μόνον
1369 2560 1497 2591 πίστεως,
1527 2557 1595 2585 ἀλλὰ
1617 2556 1666 2583 καὶ⁵
1688 2554 1833 2583 συνέσεως.

1047 2611 1128 2638 Ὅθεν
1140 2611 1164 2636 οἱ
1181 2610 1213 2635 ὲκ
1228 2606 1379 2643 περιτομῆς
1393 2605 1430 2640 μὴ
1448 2603 1642 2633 πιστεύσαντες
1655 2601 1696 2632 είις
1710 2600 1755 2627 τὸν
1765 2599 1832 2634 Χρι-

1046 2657 1109 2684 στὸν
1130 2655 1178 2682 τοῦ
1198 2653 1278 2686 Θεοῦ,
1299 2652 1384 2679 εἰσέτι
1403 2651 1450 2678 καὶ
1466 2650 1513 2677 νῦν
1526 2648 1627 2675 τούτων
1649 2644 1830 2682 ἀκροώμενοι,

1044 2701 1122 2728 οὔπω
1143 2701 1191 2728 καὶ
1211 2700 1252 2730 εις
1274 2698 1353 2733 δεῦρο
1376 2697 1497 2731 συνῆκαν
1517 2695 1564 2721 τὸν
1585 2691 1831 2729 προφητευόμενον,

1045 2747 1115 2773 ὥστε
1136 2747 1179 2773 ἐπ’
1199 2745 1288 2776 αὐτοῖς
1308 2743 1427 2780 πρώτοις
1442 2739 1628 2776 ἐπαληθεῦσαι
1648 2737 1697 2773 τὴν
1712 2735 1833 2772 πρόρρη-

1046 2801 1104 2820 σιν·
1122 2792 1190 2827 ἀκοῇ
1206 2791 1262 2825 γὰρ
1284 2789 1338 2816 τῶν
1361 2788 1426 2824 περὶ
1449 2785 1495 2814 τοῦ
1517 2783 1636 2821 Χριστοῦ
1661 2779 1832 2819 προφητειιῖη

1043 2839 1089 2866 διὰ
1106 2838 1194 2872 πάσης
1209 2837 1313 2873 ἡμέρας
1327 2834 1482 2865 ἀκούοντες,
1496 2832 1547 2859 ὠσὶ
1557 2830 1678 2862 διανοίας
1691 2829 1742 2856 οὐκ
1752 2827 1834 2855 ἀκού-

1044 2894 1127 2913 ουσιν.
1144 2884 1201 2919 Τῆς
1216 2891 1245 2910 τε
1263 2882 1374 2916 ἀγνοίας
1391 2881 1480 2908 αὐτῶν
1497 2880 1583 2907 αἴτιον
1599 2877 1675 2905 οὐδὲν
1699 2877 1792 2912 ιτερον
1814 2875 1830 2909 ἢ
