4110 6426
398 377 499 433 497

1252 354 1910 416 ΒΕΜΟΝΒΤΒΑἸἸΟΝΙΞ
1948 351 2409 411 ΕἻΑΝΩΕῌΟΑΞ
2451 355 2580 412 LIB.
2624 358 2739 415 VII.

3555 361 3661 419 498

395 484 629 544 ἀπιστία
655 483 933 555 τυγχάνει,
967 479 1061 534 καὶ
1091 477 1250 531 τοῦτο
1286 475 1387 546 τῆς
1429 472 1784 545 προρρήσεως
1810 466 1981 536 ἀψευ-

2094 465 2222 524 Γιιεὶε
2250 468 2481 525 duorum
2507 472 2776 543 regum“.
2808 491 2826 525 ι
2856 471 2918 527 Ει
2943 489 3065 544 quae
3093 475 3315 546 quidem
3337 471 3406 533 ad
3428 477 3663 550 prophe-

396 582 500 645 δῶς
550 580 677 652 περὶ
723 576 900 632 αὐτῶν
956 573 1049 627 καὶ
1091 570 1228 642 πρὸς
1284 567 1481 630 αὐτοὺς
1531 560 1981 633 ἀποφηναμένης.

405 697 423 724 ι
456 674 581 728 Ἐὰν
607 673 735 744 γὰρ,
759 690 777 722 ι
809 669 961 739 φησὶ,
987 685 1005 717 ι
1020 663 1097 736 μὴ
1112 660 1462 731 πιστεύσητε,
1483 656 1601 712 οὐδὲ
1625 653 1703 727 μὴ
1726 652 1940 744 συνῆτε.
1957 671 1977 704 ι

411 768 550 820 Ἀλλ’
597 768 646 820 εί
678 743 834 834 φαῖεν
884 762 959 833 μὴ
1009 756 1308 829 Παρθένον,
1342 752 1524 807 νεᾶνιν
1561 748 1620 803 δὲ
1662 743 1982 819 ὠνομάσθαι

402 861 460 913 ὲν
486 861 554 931 τῇ
582 859 768 930 Γραφῇ
799 854 961 927 (οὕτω
1009 850 1118 922 γάρ
1138 865 1270 919 φασι
1299 844 1560 917 φέρεσθαι
1591 843 1722 915 παρ’
1744 839 1980 904 αὐτοῖς),

405 952 500 1005 καὶ
546 952 695 1002 ποῖον
727 947 794 1002 ἂν
835 946 1064 1015 γένοιτο,
1095 942 1360 1013 φήσομεν,
1394 939 1619 1009 σημεῖον
1649 931 1982 1003 ἐπαγγελίας

404 1043 540 1098 Θεοῦ
571 1042 738 1108 ἄξιον,
783 1041 834 1093 εί
879 1035 1124 1108 συνήθως
1165 1031 1390 1094 τίκτειν,
1420 1026 1510 1086 οἷα
1541 1029 1637 1084 καὶ
1680 1029 1852 1083 πᾶσαι
1879 1042 1979 1096 γυι

405 1141 608 1200 ναῖκες,
643 1133 703 1201 ἐξ
739 1130 957 1204 ὁμιλίας
992 1126 1186 1199 ἀνδρὸς
1210 1127 1267 1179 ὲν
1296 1122 1496 1195 γαστρὶ
1535 1119 1783 1185 λαϐοῦσα
1804 1118 1983 1183 νεᾶνίς

404 1245 488 1294 τις
517 1226 738 1299 ἔμελλες
768 1221 892 1286 Πῶς
918 1221 975 1274 δὲ
1000 1218 1095 1275 καὶ
1121 1215 1253 1280 Θεός
1282 1210 1351 1288 ἦν
1376 1217 1406 1269 ὁ
1432 1213 1491 1281 ἐξ
1517 1213 1688 1285 αὐτῆς
1710 1208 1983 1282 γεννώμε-

407 1341 524 1390 νοςς
554 1322 650 1377 καὶ
686 1320 784 1390 οὐχ
815 1314 1005 1380 ἁπλῶς
1031 1313 1184 1380 Θεὸς,
1217 1312 1333 1367 ἀλλ’
1364 1312 1396 1366 ό
1424 1308 1554 1380 μεθ’
1583 1304 1786 1378 ἡμῶνς
1824 1303 1984 1359 τοῦτο

408 1418 514 1491 γὰρ
554 1413 837 1486 σημαίνειν
875 1408 1122 1480 βούλεται
1158 1405 1221 1459 τὸ
1258 1398 1625 1474 Ἐμμανουήλ,
1672 1398 1808 1469 ὅπερ
1850 1394 1983 1466 φησὶ

406 1489 514 1566 δεῖν
541 1504 827 1577 ὀνομάζειν
863 1501 956 1555 τὸν
994 1498 1351 1571 γεννώμενον.
1390 1514 1411 1548 ι
1453 1494 1583 1548 Ἰδοὺ
1629 1490 1739 1562 γάρ
1770 1491 1805 1562 ή
1837 1489 1984 1559 Παρ-

408 1600 582 1663 θένος,
627 1595 813 1667 φησὶν,
854 1592 914 1645 ὲν
946 1590 1145 1663 γαστρὶ
1181 1586 1430 1661 λήψεται,
1465 1583 1560 1638 καὶ
1600 1580 1813 1648 τέξεται
1844 1577 1981 1642 υἱὸν,

408 1692 504 1746 καὶ⁵
546 1687 798 1749 καλέσεις
833 1683 896 1737 τὸ
938 1682 1109 1750 ὄνομα
1134 1677 1298 1733 αὐτοῦ
1337 1672 1714 1747 Ἐμμανουήλ·
1754 1691 1772 1722 ι
1802 1671 1830 1723 ὃ
1868 1670 1983 1722 ἐστι

412 1778 969 1856 μεθερμηνευόμενον,
1014 1772 1142 1844 μεθ’
1174 1768 1343 1841 ἡμῶν
1373 1770 1405 1823 ό
1432 1766 1596 1832 Θεός.
1627 1764 1787 1856 Ποίας
1807 1761 1864 1815 δὲ
1888 1760 1984 1815 καὶ

586 1834 736 1941 Θεῷ,
860 1834 1035 1929 ποῖος-
1054 1862 1121 1917 ἂν
1155 1834 1240 1933 εἴτι
1284 1858 1470 1923 κόπος,
1516 1856 1609 1910 καὶ
1657 1852 1854 1943 μόχθος
1894 1852 1987 1905 ἐπὶ
2017 1834 2059 1889 Β

414 1941 839 2034 συνήθει-τρόπῳ
867 1953 1123 2025 γυναικὸς
1152 1948 1471 2019 τικτούσηςς
1506 1945 1595 1999 Ἐν
1624 1944 1722 2015 μὲν
1745 1941 1854 2016 γὰρ
1876 1942 1988 2004 τοῖς

414 2032 700 2127 ἡμετέροις
753 2045 1130 2118 ἀντιγράφοις,
1180 2040 1270 2111 ὑφ’
1327 2039 1726 2110 Ἑϐδομήκοντα
1780 2032 1990 2105 ἀνδρῶν

410 2125 618 2202 ἀνωθεν
654 2142 753 2214 μὲν
788 2137 1051 2209 Ἑϐραίων
1082 2134 1143 2189 τὸ
1173 2133 1351 2203 γένος,
1393 2131 1478 2185 ἐπ’
1509 2127 1766 2201 ἀκριϐείᾳ
1792 2126 1849 2180 δὲ
1890 2125 1989 2194 τῆς

412 2237 645 2309 πατρίου
711 2231 958 2294 παιδείας
1018 2223 1493 2299 δεδοκιμασμένων
1532 2218 1986 2294 ήρμηνευμένοις,

405 2324 510 2387 ὧδέ
544 2344 662 2391 πως
694 2326 917 2397 φέρεται
942 2340 956 2354 ο
1003 2341 1023 2374 ι
1064 2321 1155 2391 Μὴ
1203 2317 1398 2392 μικρὸν
1429 2317 1559 2387 ὑμῖν
1593 2312 1782 2384 ἀγῶνα
1851 2327 1992 2383 παρ-

406 2421 557 2492 έχειν
598 2416 945 2490 ἀνθρώποιςς
981 2412 1077 2467 καὶ
1101 2410 1219 2474 πῶς
1251 2408 1440 2480 Κυρίῳ
1470 2405 1738 2478 παρέχετε
1769 2403 1987 2473 ἀγῶνας

404 2513 500 2568 διὰ
524 2511 683 2567 τοῦτο
712 2507 874 2564 δώσει
907 2505 1112 2577 Κύριος
1143 2501 1305 2565 αὐτὸς
1335 2501 1463 2572 ὑμῖν
1504 2500 1747 2569 σημεῖονο
1791 2496 1922 2549 Ἰδοὺ
1956 2496 1990 2567 ή

406 2605 689 2678 Παρθένος
720 2604 779 2656 ὲν
826 2600 1024 2672 γαστρὶ
1062 2595 1313 2668 λήψεται,
1356 2592 1451 2648 καὶ
1500 2591 1712 2656 τέξεεαι
1765 2588 1900 2652 υἱὸν,
1932 2587 1991 2652 ὃς

406 2700 741 2770 κεκλήσεται
785 2698 818 2750 ὀ
863 2695 996 2765 μεθ’
1035 2688 1205 2760 ἡμῶν
1252 2688 1415 2753 Θεός.
1452 2704 1471 2738 ι
1525 2683 1697 2738 Τοῦτο
1736 2682 1866 2754 γὰρ,
1916 2681 1992 2744 ὡς

405 2793 572 2865 ἔφην,
614 2789 805 2862 δηλοῦν
836 2785 1084 2858 βούλεται
1114 2784 1177 2838 τὸ
1214 2777 1560 2854 Ἐμμανουήλ
1588 2776 1777 2848 ὄνομα.
1817 2774 1904 2828 Ἐν
1935 2771 1991 2825 δὲ

402 2863 525 2949 τοῖς
558 2880 734 2938 αὐτῶν
774 2877 1040 2934 Ἰουδαίων
1081 2874 1453 2948 ἀντιγράφοις,
1504 2868 1647 2924 κατά
1692 2866 1790 2938 τὴν
1832 2863 1992 2918 Ἀκύ-

403 2979 507 3034 λου
542 2972 841 3048 μεταϐολήν
879 2969 1199 3042 φερομένοις
1248 2964 1606 3038 (προσήλυτος
1666 2960 1725 3014 δὲ
1765 2961 1795 3013 ὁ
1835 2956 1993 3011 Ἀκύο

402 3069 511 3133 λας
536 3064 625 3138 ἧν,
658 3065 719 3119 οὐ
746 3064 905 3133 φύσει
942 3058 1234 3131 Ἰουδαῖος),
1260 3058 1408 3128 ὅμως
1435 3054 1480 3108 δ’
1506 3049 1600 3109 οὖν
1632 3051 1727 3106 καὶ
1756 3050 1874 3104 κατ’
1901 3048 1995 3102 αὐ-

402 3163 504 3218 τὸν
558 3158 745 3215 τοῦτον
797 3155 1012 3228 εἴρηται
1056 3152 1146 3206 τὸν
1189 3150 1390 3222 τρόπον
1422 3165 1436 3178 ο
1492 3165 1512 3199 ι
1560 3142 1854 3198 Ἀκούσατε
1899 3141 1987 3212 δή,
2014 3169 2062 3232 c

402 3252 562 3316 οἶκος
586 3249 748 3305 Δαυῖδ
767 3266 779 3279 ’
818 3252 947 3320 μήτι
974 3245 1152 3314 ὀλίγον
1186 3241 1296 3296 ἀπὸ
1323 3237 1476 3310 ὑμῶν
1509 3234 1740 3308 μοχθῶν
1766 3234 1988 3306 ἄνδρας,

403 3349 497 3404 ὃτι
528 3340 788 3416 μοχθοῦτέ
819 3356 885 3408 γε
915 3338 1011 3391 καὶ
1036 3336 1128 3389 τὸν
1156 3333 1363 3405 Κύριον
1394 3329 1527 3384 Θεόν
1555 3343 1688 3400 μους
1713 3325 1811 3380 Διά
1836 3325 1993 3380 τοῦτο

404 3437 574 3494 δώσει
610 3433 772 3497 αὐτὸς
809 3432 938 3502 ὑμῖν
964 3429 1219 3499 σημεῖον⁸
1260 3424 1392 3478 Ἰδοὺ
1423 3424 1456 3494 ή
1500 3421 1680 3484 νεᾶνις
1713 3420 1770 3472 ὲν
1794 3417 1993 3489 γαστρὶ

407 3525 803 3598 συλλαμϐάνει,
828 3523 923 3577 καὶ
948 3522 1122 3575 τίκτει
1151 3517 1285 3582 υἱὸν,
1313 3516 1409 3570 καὶ
1432 3513 1681 3575 καλέσεις
1703 3511 1875 3581 ὄνομα
1896 3509 1994 3563 αὐ-

405 3623 512 3678 τοῦ
559 3616 930 3692 Ἐμμανουήλ.
968 3635 989 3668 ι
1028 3611 1188 3685 Παρὰ
1219 3610 1277 3665 δὲ
1310 3607 1392 3680 τῷ
1414 3605 1696 3678 Συμμάχῳ
1723 3602 1876 3692 ταῦθ’
1908 3600 1993 3655 οὖα

406 3732 525 3778 τως
554 3690 697 3783 ἔχει·
727 3710 964 3783 (λέγεται
993 3706 1051 3760 δὲ
1078 3707 1108 3760 ὁ
1140 3705 1433 3774 Σύμμαχος
1478 3698 1790 3760 Ἐϐιωναῖος
1818 3690 1957 3749 εἶναι
1976 3710 1990 3725 ο

409 3807 628 3878 αἵρεσις
667 3802 723 3856 δὲ
754 3798 821 3873 ἦν
847 3799 990 3853 οὕτω
1017 3792 1367 3865 καλουμένων
1404 3787 1564 3843 τινῶν
1609 3784 1877 3840 Ἰουδαίων
1914 3784 1994 3847 είς

410 3871 652 3971 Χριστὸν
666 3871 939 3949 πιστεύειν
964 3886 1293 3960 λεγομένων,
1311 3881 1371 3948 ἐξ
1401 3874 1476 3935 ὧν
1496 3882 1526 3934 ὁ
1558 3879 1853 3951 Σύμμαχος
1878 3871 1993 3946 ἧν,)

412 3969 548 4061 παρ’
571 3982 616 4058 ᾧ
655 3987 751 4041 καὶ
793 3982 940 4055 αὐτῷ
982 3979 1157 4036 ταῦτα
1203 3976 1376 4041 οὕτως
1414 3973 1558 4046 ἔχει’
1613 3990 1633 4024 ι
1675 3969 1993 4034 Ἀκούσατε,

408 4058 565 4146 οἶκος
595 4079 759 4133 Δαυῖδ
780 4094 794 4109 ⁸
831 4076 923 4147 Μὴ
962 4075 1062 4128 ούκ
1087 4071 1359 4142 αὔταρκες
1391 4068 1520 4138 ὑμῖν
1562 4060 1763 4119 κοποῦν
1791 4058 1999 4133 ἀνθρὼο

409 4192 575 4239 πους,
609 4174 690 4228 ὅτι
728 4168 960 4226 κοποῦτε
1002 4167 1094 4223 τὸν
1128 4165 1265 4220 Θεόν
1311 4178 1451 4235 μους
1493 4160 1593 4214 Διά
1634 4155 1792 4211 τοῦτο
1836 4153 1997 4209 δώσει

409 4267 581 4330 αὐτὸς
608 4266 736 4335 ὑμῖν
763 4264 986 4334 σημεῖον
1010 4276 1024 4291 ’
1062 4258 1192 4313 Ἰδοὺ
1215 4259 1249 4329 ἡ
1282 4256 1463 4319 νεᾶνις
1492 4248 1878 4321 συλλαμϐάνει,
1903 4245 1999 4299 καὶ

409 4358 592 4414 τίκτει
618 4355 754 4423 υίὸν,
779 4354 874 4409 καὶ
901 4352 1151 4414 καλέσεις
1183 4348 1353 4419 ὄνομα
1381 4344 1546 4400 αὑτοῦ
1593 4337 1993 4414 Ἐμμανουήλ.»

2088 559 2219 615 tiam
2255 563 2549 632 pertinent,
2582 565 2638 620 in
2670 565 2816 621 hunc
2841 566 3061 621 modum
3092 582 3153 622 se
3180 568 3402 627 habent.
3426 566 3660 641 Diligen-

2090 652 2199 709 tius
2223 668 2349 709 vero
2380 657 2663 715 attendere
2692 673 2790 729 par
2812 665 2897 716 est
2920 659 3093 730 ipsius
3116 661 3324 715 oraculi
3351 661 3660 725 exordium,

2090 744 2236 815 quod
2267 747 2506 818 legentes
2536 748 2814 817 admonet,
2843 751 2893 808 si
2938 766 3050 807 non
3095 752 3448 818 crediderint,
3477 770 3548 809 nc
3577 755 3662 808 in-

2091 835 2403 894 tellecturos
2451 840 2669 910 quidem
2704 857 2864 911 esse;
2897 850 2948 899 et
2971 858 3105 901 sane
3145 844 3407 901 adnotare
3437 860 3664 901 necesse

2090 925 2214 993 fuit,
2246 935 2409 999 atque
2452 932 2761 998 ostendere,
2806 935 2954 1005 quod
2986 951 3096 991 non
3145 937 3320 992 solum
3362 936 3661 1004 intellectu,

2090 1019 2186 1077 sed
2211 1021 2376 1078 etiam
2408 1024 2512 1080 [ide
2543 1024 2611 1080 iis
2631 1026 2723 1096 qui
2755 1028 2949 1083 lecturi
2974 1036 3122 1095 sunt,
3147 1044 3286 1100 opus
3312 1030 3406 1092 sit,
3424 1036 3479 1084 et
3500 1029 3666 1084 vicis-

2090 1114 2216 1181 sim,
2268 1130 2377 1170 non
2429 1117 2605 1171 solum
2638 1116 2743 1173 ﬁde
2773 1118 2871 1175 sed
2900 1119 3064 1175 etiam
3113 1121 3411 1178 intellectu.
3445 1120 3523 1175 Ex
3552 1137 3664 1193 quo

2088 1202 2263 1262 Judaei
2307 1206 2401 1278 qui
2443 1207 2498 1264 in
2541 1207 2821 1265 Christum
2847 1209 2940 1265 Dei
2964 1227 3071 1267 non
3114 1213 3464 1269 crediderunt
3497 1212 3659 1269 etiam

2089 1313 2239 1354 nunc
2290 1299 2405 1356 haec
2444 1299 2755 1366 audientes,
2795 1303 3041 1359 nondum
3092 1313 3271 1361 tamen
3315 1306 3440 1376 quis
3484 1305 3576 1374 sit,
3594 1306 3662 1363 de

2089 1404 2200 1461 quo
2228 1391 2493 1462 propheta
2521 1391 2763 1464 loquitur
2795 1395 3274 1463 intellexerunt,nt
3302 1399 3357 1453 in
3385 1399 3522 1468 ipsis
3551 1401 3664 1469 pri-

2090 1483 2196 1539 mis
2231 1486 2512 1540 veritatem
2546 1500 2700 1541 suam
2735 1487 3043 1557 probaverit
3067 1489 3383 1544 vaticinium
3420 1509 3435 1541 :
3473 1490 3660 1546 auditu

2090 1576 2236 1631 enim
2281 1584 2396 1632 tota
2437 1578 2526 1633 die
2565 1578 2879 1648 prophetias
2900 1578 2968 1635 de
2989 1578 3208 1636 Christo
3236 1581 3541 1648 audientes,
3561 1597 3663 1637 aue

2090 1669 2246 1726 ribus
2294 1669 2666 1741 intelligentia:
2714 1687 2823 1727 non
2884 1671 3133 1728 audiunt.
3184 1673 3361 1743 Atque
3416 1675 3661 1745 ipsorum

2092 1760 2413 1829 ignorantiae
2456 1761 2561 1815 alia
2590 1761 2738 1815 nulla
2765 1769 2849 1818 est
2878 1776 3045 1817 causa
3079 1777 3243 1833 quam
3289 1763 3663 1832 incredulitas,

2087 1866 2213 1906 cum
2243 1851 2418 1922 ipsum
2447 1851 2550 1908 hoc
2573 1852 2781 1924 absque
2829 1853 3113 1910 mendacio
3142 1862 3199 1909 et
3228 1853 3296 1909 de
3323 1854 3479 1927 ipsis,
3510 1863 3566 1911 et
3595 1855 3665 1912 ad

2087 1942 2240 2014 ipsos
2257 1943 2601 2009 vaticinium,
2628 1944 2788 2014 plane
2809 1946 3212 2002 enuntiaverit:
3241 1965 3260 1998 ι
3291 1945 3347 2002 Si
3377 1947 3522 2003 enim
3554 1964 3666 2002 non

2087 2034 2454 2100 credideritis,
2492 2034 2689 2105 inquit,
2723 2051 2791 2091 ne
2826 2036 3137 2105 intelligetis
3176 2036 3420 2107 quidem.
3452 2057 3471 2090 ι
3506 2036 3666 2104 Quod

2090 2126 2139 2183 si
2173 2126 2411 2182 dixerint
2450 2142 2562 2183 non
2612 2126 2912 2198 Virginem,
2944 2128 3041 2185 sed
3070 2128 3303 2198 puellam
3347 2130 3491 2200 apud
3515 2129 3666 2186 Scri-

2090 2224 2306 2289 pturam
2351 2221 2686 2275 nominatam
2712 2235 2835 2277 esse
2864 2221 2968 2291 (sic
2989 2222 3133 2277 enim
3159 2223 3313 2277 aiunt
3345 2223 3491 2294 apud
3513 2224 3665 2293 ipsos

2088 2309 2324 2383 haberi),
2375 2312 2684 2383 cujusmodi
2736 2313 2957 2371 tandem
3003 2314 3220 2385 signum
3273 2315 3377 2370 hoc
3416 2314 3663 2370 futurum

2089 2401 2356 2471 dicemus,
2389 2404 2533 2474 quod
2585 2403 2770 2459 divina
2814 2405 3177 2475 promissione
3228 2405 3303 2463 sit
3338 2405 3584 2477 dignum,
3614 2408 3672 2462 si

2091 2496 2312 2561 usitate,
2337 2497 2796 2568 quemadmodum
2815 2508 3025 2556 cetera;
3042 2515 3233 2556 omnes
3262 2499 3542 2565 mulieres,
3566 2499 3660 2555 ubi

2089 2604 2157 2644 ex
2216 2588 2320 2644 viri
2374 2589 2765 2660 conjunctione
2814 2607 3100 2662 praegnans
3156 2594 3428 2655 evaserit,
3482 2592 3661 2662 puella

2090 2679 2359 2750 quaepiam
2413 2679 2517 2735 fuit
2569 2681 2853 2752 paritura?
2900 2681 3185 2748 Quomodo
3228 2688 3488 2753 praeterea
3519 2680 3665 2736 Deus

2090 2772 2196 2827 erit
2224 2772 2319 2843 qui
2350 2788 2417 2829 ex
2448 2772 2542 2828 illa
2600 2785 2880 2839 nascatur,
2910 2756 3088 2844 neque
3139 2773 3462 2844 simpliciter
3493 2772 3658 2835 Deus.

2091 2864 2185 2921 sed
2233 2865 2504 2920 nobiscum
2544 2863 2726 2922 Deus?
2751 2866 2856 2923 hoc
2906 2868 3050 2923 enim
3102 2866 3370 2938 signiﬁcat
3400 2881 3504 2920 vox
3536 2863 3665 2919 Em-

2092 2959 2332 3021 manuel.
2361 2974 2472 3030 quo
2506 2959 2729 3014 nomine
2761 2960 2836 3015 ait
2863 2974 2985 3015 esse
3023 2958 3329 3014 vocandum
3372 2958 3524 3014 illum
3570 2957 3665 3028 qui

2092 3059 2400 3108 nascetur:
2438 3069 2459 3103 ι
2509 3050 2650 3109 Ecce
2689 3052 2855 3117 enim,
2920 3051 3121 3123 inquit,
3171 3050 3339 3121 Virgo
3393 3050 3451 3105 in
3506 3059 3668 3105 utero

2091 3143 2291 3214 capiet,
2314 3143 2479 3215 316
2497 3150 2552 3200 et
2582 3144 2757 3214 pariet
2782 3144 2974 3210 tilium,
2998 3152 3052 3200 et
3083 3142 3300 3200 vocabis
3327 3158 3523 3198 nomen
3547 3141 3668 3210 ejus

2097 3234 2437 3303 Emmanuel,
2466 3255 2486 3289 ι
2516 3236 2663 3307 quod
2695 3243 2802 3304 est,
2829 3238 2877 3294 si
2896 3237 3022 3307 quis
3050 3236 3459 3304 interpretetur,
3488 3232 3669 3290 nobis-

2093 3347 2212 3386 cum
2245 3330 2405 3387 Deus.
2444 3329 2771 3402 Cujusmodi
2820 3335 3003 3386 autem
3055 3336 3332 3385 certamen
3387 3326 3521 3390 Deo,
3575 3334 3670 3379 aut

2096 3424 2224 3494 quis
2251 3421 2470 3477 tandem
2504 3421 2680 3486 labor,
2718 3435 2906 3491 quaeve
2933 3419 3226 3476 diliicultas
3261 3417 3499 3489 objecta,
3525 3417 3572 3472 si
3601 3416 3669 3471 de

2097 3529 2247 3570 more
2280 3514 2527 3584 paritura
2576 3512 2679 3568 l‘uit
2723 3511 2955 3567 mulier?
2982 3511 3043 3567 In
3073 3511 3279 3567 nostris
3299 3510 3445 3566 enim
3482 3525 3669 3567 exem-

2094 3605 2382 3676 plaribus;
2408 3618 2533 3674 quae
2576 3603 2892 3674 quicunque
2943 3599 3282 3670 interpretati
3337 3606 3502 3664 sunt,
3533 3599 3569 3654 ii
3614 3605 3671 3656 et

2093 3711 2293 3769 genere
2315 3696 2384 3752 ab
2416 3694 2659 3752 Hebraeis
2687 3692 2907 3750 oriundi
2940 3691 3185 3757 fuerunt,
3210 3696 3265 3746 et
3288 3689 3478 3769 patriae
3512 3689 3667 3762 ipso-

2099 3805 2222 3845 rum
2266 3789 2465 3860 lingua
2503 3785 2844 3859 peritissimi,
2867 3790 2922 3840 et
2957 3783 3012 3838 in
3038 3798 3105 3839 ea
3131 3780 3439 3838 eruditione
3468 3780 3669 3852 proba-

2095 3880 2320 3944 tissimi,
2343 3878 2425 3935 sic
2448 3877 2681 3934 habetur
2706 3894 2719 3931 :
2754 3892 2773 3925 ι
2805 3875 2942 3929 Νυιιι
2971 3888 3164 3944 parum
3191 3870 3350 3928 vobis
3370 3880 3475 3933 est,
3497 3876 3672 3925 certa-

2098 3987 2224 4029 men
2250 3970 2512 4026 exhibere
2552 3966 2906 4023 hominibus?
2930 3975 2987 4021 et
3012 3980 3111 4020 cur
3139 3961 3372 4021 Domino
3401 3960 3672 4018 exhibetis

2093 4062 2416 4121 certamen?
2475 4068 2698 4133 propter
2761 4058 2866 4113 hoc
2909 4057 3060 4113 dabit
3086 4054 3349 4110 Dominus
3372 4054 3490 4125 ipse
3515 4053 3671 4107 vobis

2098 4157 2338 4228 signum.
2395 4154 2542 4211 Ecce
2599 4152 2769 4225 Virgo
2823 4154 2878 4208 in
2929 4160 3086 4206 utero
3124 4147 3324 4219 capiet,
3384 4156 3439 4202 et
3496 4145 3674 4214 pariet

2101 4249 2292 4314 lilium,
2331 4247 2424 4319 qui
2454 4255 2682 4303 vocatur
2704 4244 2978 4301 uobiscum
2999 4242 3161 4297 Deus.
3192 4259 3212 4292 ι
3239 4237 3354 4296 lloc
3389 4237 3536 4295 enim
3567 4236 3671 4291 sibi

2100 4340 2238 4404 vult,
2269 4337 2726 4410 quemadmodum
2759 4336 2900 4399 dixi,
2926 4335 3044 4405 ipsa
3084 4346 3192 4387 vox
3239 4326 3579 4383 Emmanuel.
3613 4324 3672 4381 In

423 4450 650 4520 Ἐπειδὴ
695 4447 804 4520 γὰρ
847 4445 943 4501 τοῦ
979 4443 1252 4498 Ἰουδαίων
1296 4440 1481 4504 ἔθνους
1519 4436 1581 4492 τὸ
1624 4431 1863 4505 σκληρὸν
1902 4428 1993 4520 τού

2099 4430 2238 4502 ipsis
2269 4439 2455 4485 autem
2483 4427 2796 4484 Iudaeorum
2847 4422 3268 4494 exemplaribus,
3302 4434 3425 4490 quae
3477 4434 3675 4475 secun-

407 4511 650 4616 τρόπου,
674 4511 932 4610 καὶπρὸς
972 4533 1253 4589 εὐσέϐειαν
1290 4528 1617 4591 δυσένδοτον,
1662 4524 1860 4596 ἱδρῶτα
1905 4519 1993 4575 καὶ

2101 4525 2234 4581 dum
2282 4522 2494 4593 Aquilae
2549 4519 2964 4576 conversionem
3021 4515 3273 4571 feruntur
3320 4513 3676 4584 (adventitius

408 4614 606 4698 κόπον,
643 4631 838 4705 μόχθον
869 4647 931 4684 τε
952 4628 1014 4682 οὐ
1046 4627 1138 4681 τὸν
1162 4624 1412 4694 τυχόντα,
1438 4621 1533 4675 καὶ
1559 4617 1748 4687 ἀγῶνα
1773 4614 1999 4685 παρεῖχε

408 4729 531 4790 τοίς
554 4724 723 4779 πάλαι
743 4721 1012 4792 θεοφιλέσι
1037 4718 1368 4792 προφήταις,
1393 4712 1585 4768 τούτου
1609 4710 1793 4782 χάριν,
1827 4725 1845 4759 ι
1885 4706 2001 4759 οὐκ

409 4821 689 4891 αὔταρκες
731 4817 881 4888 ὑμῖν,
931 4833 950 4866 ι
1005 4812 1159 4883 φησὶ,
1197 4829 1217 4863 ι
1244 4802 1372 4873 τοὺς
1411 4807 1697 4879 προφήτας
1726 4801 1820 4856 τοῦ
1861 4797 1999 4854 Θεοῦ

414 4909 679 4988 μοχθοῢν,
707 4907 804 4961 καὶ
835 4905 1021 4975 ἀγῶνα
1049 4903 1309 4977 παρέχειν
1348 4897 1694 4972 ἀνθρώποιςς
1737 4893 1853 4950 ἀλλ’
1897 4892 2000 4964 ήδη

411 4983 520 5063 καί
553 5002 645 5057 τὸν
667 5001 800 5055 Θεόν
826 5016 928 5071 μου
966 4995 1220 5062 κοποῢτε,
1257 4993 1351 5048 καὶ
1387 4990 1575 5062 ἀγῶνα
1606 4989 1875 5059 παρέχετε
1906 4983 2000 5038 καί

406 5119 481 5173 γε
529 5094 604 5167 τῷ
630 5092 750 5164 Θεῷ
778 5107 915 5163 μους
951 5110 970 5144 ι
1002 5088 1161 5144 Οὕτω
1205 5088 1315 5160 γὰρ
1356 5086 1452 5141 καὶ
1491 5083 1782 5139 Θεοδοτίων
1812 5077 2002 5146 ἐξέδω-

406 5208 532 5246 κεν.
592 5188 653 5241 Ὀ
704 5183 835 5255 γοῦν
882 5184 1171 5255 προφήτης
1234 5180 1381 5244 ἰδίως
1422 5176 1617 5233 ἑαυτοῦ
1672 5175 1826 5239 Θεὸν,
1885 5173 2000 5228 ἀλλ’

406 5280 539 5352 οὐχὶ
574 5278 671 5332 καὶ
698 5275 807 5331 τῶν
841 5275 981 5347 πρὸς
1022 5272 1117 5337 οὓς
1143 5273 1173 5326 ὁ
1210 5272 1389 5340 λόγος,
1421 5271 1513 5325 τὸν
1538 5267 1708 5323 κοπού
1717 5283 1875 5339 μενον
1908 5266 2002 5320 καὶ

408 5372 514 5427 ἐπὶ
533 5370 626 5424 τὸν
646 5366 832 5438 ἀγῶνα
855 5365 1218 5436 ἀποδυόμενον
1246 5365 1563 5435 προσεῖπεν,
1584 5360 1686 5415 οὐκ
1713 5359 1779 5413 ἂν
1798 5359 1999 5431 φήσας,

409 5459 553 5514 Θεόν
586 5475 685 5531 μου
714 5458 804 5511 τὸν
829 5458 921 5510 επὶ
948 5457 1166 5512 πάντων
1189 5455 1320 5508 Θεὸν
1351 5454 1409 5507 ἐν
1443 5451 1735 5515 Ἰουδαίοις,
1765 5452 1896 5520 παρ’
1920 5445 2003 5513 οἷς

410 5552 487 5605 ὲκ
515 5550 768 5619 πατέριον
792 5547 858 5602 τδ
881 5548 1008 5617 περὶ
1029 5546 1120 5600 τὸν
1136 5546 1246 5600 τῶν
1272 5544 1490 5598 πάντων
1513 5540 1844 5614 δημιουργὸν
1869 5539 2003 5593 Θεὸν

412 5640 589 5704 σέϐας
628 5639 971 5710 ἐφυλάττετο.
1000 5638 1168 5704 Τίς-δ’
1196 5638 1259 5695 ἂν
1290 5637 1373 5707 εἴη
1415 5640 1442 5692 ὁ
1472 5635 1623 5705 ἀγὼν
1654 5635 1749 5691 καὶ
1783 5634 1998 5706 μόχθος,

504 5798 547 5829 ⁸³
573 5799 676 5856 lsa.
710 5817 805 5867 vn,
840 5800 1015 5856 [0-16.

2102 4625 2282 4672 autem
2320 4615 2514 4686 Aquila
2551 4612 2671 4674 fuit,
2706 4627 2815 4667 non
2846 4618 3044 4666 natura
3072 4604 3336 4679 Iudaeus),
3362 4606 3461 4662 sed
3491 4613 3672 4660 tamen

2099 4708 2266 4765 etiam
2305 4706 2606 4765 secundum
2641 4706 2808 4768 hunc,
2838 4703 2944 4758 hoc
2968 4717 3103 4758 sane
3139 4700 3403 4770 scriptum
3443 4704 3527 4752 est
3557 4710 3673 4749 mo-

2100 4800 2173 4857 do
2205 4819 2218 4857 :
2253 4819 2273 4852 ι
2321 4798 2581 4869 Nunquid
2620 4810 2815 4867 parum
2848 4802 2933 4851 est
2965 4809 2997 4848 a
3026 4792 3184 4849 vobis
3230 4788 3446 4859 fatigari
3492 4786 3676 4841 viros?

2101 4894 2247 4964 quod
2299 4893 2539 4948 laborem
2593 4888 2864 4946 exhibetis
2893 4886 3058 4942 etiam
3091 4882 3203 4938 Deo
3252 4879 3413 4936 meo?
3448 4876 3676 4948 Propter

2101 4989 2207 5044 hoc
2232 4986 2385 5043 dabit
2414 4985 2531 5056 ipse
2560 4983 2717 5040 vobis
2754 4982 2972 5053 signum
3009 4997 3024 5033 :
3061 4976 3203 5032 Ecce
3222 4973 3399 5044 puella
3426 4971 3483 5025 in
3520 4979 3676 5024 utero
3736 5032 3739 5033 ν

2102 5075 2372 5147 concipit,
2407 5081 2461 5130 et
2519 5077 2662 5145 parit
2697 5072 2894 5137 tilium,
2937 5077 2993 5124 et
3038 5066 3259 5122 vocabis
3308 5075 3508 5117 nomen
3555 5059 3678 5130 ejus

2103 5165 2446 5221 Emmanuel.
2476 5182 2496 5216 ι
2530 5161 2688 5233 Apud
2727 5157 3114 5232 Symmachum
3173 5168 3304 5209 vero
3347 5151 3463 5206 haec
3495 5150 3572 5204 ita
3615 5164 3677 5205 se

2103 5259 2303 5315 habent
2329 5258 2516 5329 (porro
2542 5252 2903 5325 Symmachus
2927 5248 3132 5304 dicitur
3151 5245 3439 5300 Ebionzeus
3468 5240 3672 5297 fuisse:

2103 5360 2254 5412 secta
2302 5360 2483 5407 autem
2528 5350 2644 5405 haec
2692 5348 2797 5403 fuit
2820 5343 3167 5423 undteorum,
3199 5338 3292 5409 qui
3340 5352 3406 5393 eo
3455 5336 3677 5391 nomine

2104 5445 2463 5510 vocabantur,
2490 5451 2544 5499 et
2581 5442 2637 5497 in
2665 5438 2944 5495 Christum
2978 5432 3203 5490 credere
3230 5429 3575 5489 dicebantur,
3607 5441 3670 5480 ex

2104 5536 2305 5608 quibus
2350 5532 2712 5607 Symmachus
2755 5529 2911 5599 fuit);
2942 5528 3084 5600 apud
3129 5527 3309 5596 ipsum
3341 5526 3485 5582 hunc
3512 5526 3677 5595 igitur

2104 5627 2219 5684 haec
2252 5628 2325 5682 ita
2351 5641 2411 5683 se
2439 5624 2669 5680 habent:
2698 5640 2717 5675 ι
2741 5620 2960 5685 Audite,
2987 5619 3184 5675 domus
3214 5616 3404 5682 David,
3431 5614 3678 5689 nunquid
