2055 3213
217 187 271 214 499

553 184 686 213 EUSEBII
708 182 952 211 CASSARIENSlS
969 182 1043 210 OPP.
1067 182 1156 210 PARS
1177 184 1208 210 ll.
1221 199 1254 203 —
1272 182 1522 210 APOLOGETlCA.

1791 183 1844 212 500

217 253 271 272 non
289 237 356 272 satis
371 244 448 272 vobis
463 247 505 271 est
525 243 639 279 fatigare
651 244 787 275 homines,
801 243 873 278 quod
885 242 1004 277 fatigatis

1059 243 1072 278 ἢ
1090 243 1105 269 6
1118 243 1202 274 κόπος
1228 243 1275 269 τοῦ
1295 243 1532 278 προφητευομένου
1554 243 1632 274 Θεοῦ,
1654 243 1669 279 ἢ
1688 243 1720 269 τὸ
1739 244 1778 275 είς
1797 245 1844 274 ἀν-

219 292 303 319 Deum
329 291 439 318 meum?
467 295 576 325 propter
602 290 653 317 hoc
682 290 759 317 dabit
788 289 920 316 Dominus
947 289 1005 324 ipse

219 338 297 365 vobis
315 337 422 372 signum
440 343 452 363 ε’
466 336 535 364 Ecce
552 337 640 371 puella
655 337 775 371 concipit
788 341 814 364 et
829 336 898 371 parit
910 335 1004 367 illium,

219 389 246 410 et
269 383 379 409 vocabis
402 389 502 409 nomen
517 382 578 416 ejus
593 381 764 409 Emmanuel.
784 392 793 408 ›
812 381 917 414 Quibus
932 380 1005 408 enini

219 427 339 455 Judaica:
356 427 445 462 gentis
460 434 552 454 mores
566 427 718 462 asperrimi,
734 430 760 453 et
776 434 790 452 a
803 427 900 461 pietate
913 426 1007 452 admo-

219 474 283 499 dum
302 473 493 502 abhorrentes.
517 472 645 499 sudorcin
667 472 852 506 laboremque,
865 479 896 497 ac
912 470 1007 506 fatiga—

219 519 320 546 tionem
351 527 405 545 tion
437 519 588 554 vulgarem,
605 523 685 553 atque
710 522 859 550 certamen,
886 518 1007 552 antiquis

219 565 273 592 illis
287 565 340 592 Deo
349 566 444 592 amicis
460 566 598 600 prophi-tis
610 565 785 597 exhibebant,
795 564 909 596 idcirco,
923 574 933 589 ι
951 572 1006 591 non

220 611 288 638 satis
317 615 370 641 est.
389 611 486 646 inquit.
506 611 595 644 vobis,
621 610 667 637 Dei
698 611 845 646 prophetas
877 610 1005 645 afﬂigere,

220 656 431 691 hominibusque
457 656 587 683 exhibere
611 659 760 687 certamen,
781 656 833 683 nisi
848 656 904 690 jam
923 656 1005 682 etiam

222 703 304 729 Detim
318 709 407 729 meum
421 702 550 736 fatigetis,
560 702 640 736 eique
653 702 806 729 exhibeatis
820 701 980 729 certamen?
994 711 1003 727 ι

220 756 270 775 nec
280 748 334 775 Deo
347 748 517 783 simpliciter,
527 747 574 775 sed
587 747 642 775 Deo
658 749 735 775 meo?
743 748 788 775 Sic
798 749 869 775 enim
881 747 1007 775 Theodo-

220 795 278 821 tion
289 801 398 828 quoque
413 794 557 821 convertit.
568 793 701 828 Propheta
715 794 798 828 igitur
822 802 901 822 suum
923 802 1006 828 pecu-

220 840 323 867 liariter
330 833 459 872 Deum,et
471 848 524 866 non
537 848 630 867 corum
645 840 678 866 ad
689 848 758 875 quos
772 848 862 867 sermo
874 840 1008 876 dirigeba-

220 891 276 917 tur,
288 893 350 914 eum
363 886 410 920 qui
430 889 584 917 vexaretur,
597 890 623 912 et
635 886 661 912 in
677 889 814 912 certamen
825 886 946 917 daretur,
959 893 1007 920 ap-

218 932 336 966 pellavit,
351 933 397 967 qui
410 933 519 967 quidem
535 940 674 966 nuuquani
690 931 774 959 Deum
789 940 878 959 incum
891 932 1006 960 dixisset

217 985 279 1003 eum
295 978 342 1012 qui
354 978 424 1012 apud
435 976 543 1004 Jtidzeos
554 985 700 1011 supremus
709 977 832 1008 habetur,
844 977 913 1011 apud
925 985 1003 1012 quos,

220 1028 300 1054 quem
328 1029 342 1046 ii
368 1021 490 1055 patribus
522 1029 613 1048 reruni
643 1022 766 1049 omnium
795 1023 945 1050 conditoris
959 1023 1007 1051 Dei

219 1064 300 1099 317
317 1064 420 1091 cultum
439 1064 490 1100 ipsi
504 1071 674 1100 acceperant,
690 1066 713 1093 is
727 1066 935 1101 diligentissime
952 1075 1008 1095 ser-

219 1110 344 1141 vabatur,
367 1110 415 1137 sed
431 1111 504 1145 quod
531 1110 638 1142 tandem
663 1118 725 1139 esse
746 1116 836 1147 potest
857 1117 1006 1145 certamen,

219 1155 283 1189 q'iis
299 1156 385 1186 labor,
401 1163 462 1190 qua:
479 1155 601 1190 fatigatio
611 1157 671 1191 ejus
687 1156 745 1188 Dei,
758 1157 792 1184 de
808 1165 862 1192 quo
876 1159 1007 1193 propheta

219 1201 352 1235 loquitur,
365 1201 419 1229 nisi
435 1201 502 1228 illud
515 1202 546 1228 ad
562 1202 701 1230 hominum
715 1204 919 1238 generationem
932 1212 1008 1231 acce-

219 1247 294 1277 dere.
307 1252 334 1273 et
347 1250 405 1273 tum
419 1247 569 1274 secundum
583 1254 642 1279 nos,
659 1250 716 1273 tum
732 1248 881 1274 secundum
897 1247 1008 1282 Si-ptua-

219 1294 295 1327 ginta
310 1292 562 1327 interpretationem
575 1293 607 1320 de
626 1292 736 1327 Virgine
753 1294 841 1320 nasci:
854 1295 1006 1329 secundum

219 1348 285 1368 vero
304 1349 364 1368 eam
388 1349 449 1375 qua:
474 1341 545 1376 apud
572 1341 695 1375 iuniores
723 1341 809 1368 fertur
832 1341 952 1374 Judzeos,
974 1341 1008 1369 de

220 1387 332 1421 puella?
371 1386 506 1414 Caeterum
530 1387 602 1422 apud
628 1387 730 1415 Moseni
754 1395 863 1423 quoque
886 1387 1008 1415 invenies

220 1441 291 1464 tam,
310 1441 371 1468 quin
391 1433 497 1468 absque
518 1434 705 1461 controversia
723 1434 759 1461 sit
775 1434 863 1468 virgo,
891 1434 1007 1467 puellam

220 1479 367 1513 appellari:
391 1478 527 1513 siquidem
551 1486 612 1506 eam
636 1486 697 1513 quae
713 1479 758 1505 alii
781 1478 945 1513 desponsata
961 1480 1007 1509 sit,

220 1525 273 1552 alia
298 1532 364 1552 vero
390 1524 543 1560 repudiata,
566 1525 618 1552 hac
640 1525 819 1559 appellatione
840 1525 958 1552 vocavit.
985 1525 1008 1552 Is

220 1574 352 1606 praeterea
375 1571 422 1605 qui
444 1570 477 1597 de
500 1570 546 1597 tali
572 1570 671 1597 femina
696 1570 733 1598 sit
757 1570 878 1598 edendus
898 1571 1009 1598 nomine

220 1616 394 1647 Emmanuel,
413 1616 515 1650 majore
532 1616 618 1643 fertur
640 1617 771 1651 potentia,
787 1624 868 1651 quain
886 1617 1007 1644 omnium

221 1662 338 1689 aliorum
354 1662 506 1694 hominum,
529 1662 630 1697 quippe
651 1662 698 1697 qui
718 1663 800 1697 eligat
815 1662 916 1690 bonum
932 1663 1009 1697 prius

220 1717 302 1743 quam
325 1710 483 1744 cognoverit
500 1709 582 1741 mala,
598 1713 625 1736 et
640 1709 749 1736 malitia
768 1717 822 1736 non
839 1711 1009 1745 obtemperet

222 1755 285 1782 boni
300 1755 416 1791 eligendi
428 1756 525 1790 gratia,
541 1763 575 1782 eo
584 1756 670 1787 magis
681 1756 753 1790 quod
765 1756 822 1782 haec
835 1760 943 1790 praestet
954 1763 1008 1783 non

223 1803 249 1828 in
266 1801 336 1828 virili
355 1802 422 1836 jam,
439 1802 486 1829 sed
512 1802 538 1828 in
556 1802 653 1837 puerili
672 1800 762 1829 adhuc
778 1806 857 1830 aetate
876 1803 1009 1829 constitu-

222 1851 282 1879 tus;
296 1855 329 1873 ex
342 1855 397 1882 quo
411 1847 476 1874 illud
489 1847 593 1874 dicttim
608 1851 669 1874 est:
701 1846 782 1875 Prius
804 1855 886 1882 quam
901 1848 1010 1875 noverit

222 1901 289 1928 puer
305 1895 404 1921 bonum
420 1897 467 1921 aut
483 1894 595 1926 malum,
617 1901 671 1920 non
686 1899 763 1929 paret
774 1894 894 1926 malitiae,
915 1897 945 1921 ut
960 1895 1010 1922 eli-

220 1945 265 1975 gat
294 1940 407 1967 bonum.
430 1950 438 1965 i
452 1939 558 1973 Quibus
576 1939 666 1967 verbis
691 1947 804 1975 prorsus
823 1939 897 1975 quod
916 1940 960 1967 ille
977 1940 1011 1968 de

221 1994 277 2022 quo
290 1986 382 2022 agitur
394 1986 497 2013 nullatn
508 1985 638 2012 malitiam
650 1986 780 2021 attigerit,
796 1986 1009 2014 demonstratur.

222 2032 275 2060 Sed
292 2032 516 2061 excellentiorem
532 2038 641 2067 quoque
657 2031 916 2064 deiiominationem,
928 2040 1009 2067 quam

221 2078 343 2106 hominis
357 2077 413 2104 ulla
428 2085 490 2105 esse
514 2078 600 2111 possit
614 2077 771 2111 appellatio,
793 2078 964 2106 nanciscitur
987 2078 1010 2106 is

222 2124 267 2159 qtii
285 2123 430 2151 nobiscum
445 2127 487 2150 est
507 2122 594 2150 Deus:
619 2130 704 2157 quare
727 2122 836 2158 signum
857 2123 921 2151 item
937 2124 1010 2158 quod

224 2169 259 2197 de
274 2169 322 2196 illo
339 2166 433 2201 datur,
448 2167 662 2203 profunditatem
683 2168 766 2195 simul
784 2168 885 2196 habere
898 2169 1009 2203 dicitur,

227 2218 254 2243 et
269 2213 353 2242 simul
372 2213 562 2240 altitudinem:
577 2213 788 2248 profunditatem
818 2214 927 2249 quidem
947 2223 1011 2250 pro-

1056 286 1172 322 θρώπων
1187 288 1293 321 γένεσιν
1307 287 1408 320 ἐλθείν;
1429 287 1499 314 κατὰ
1516 288 1565 322 μὲν
1581 288 1654 323 ἡμᾶς
1667 289 1714 314 καὶ
1729 288 1778 324 τὴν
1790 289 1844 315 τῶν

1062 332 1259 368 Ἐδὸομήκοντα
1283 333 1442 369 ἑρμηνείαν,
1463 334 1494 360 ὲκ
1510 333 1649 369 Παρθένου
1664 333 1845 369 γεννώμενον,

1041 379 1126 409 ,κατὰ
1149 379 1176 405 δὲ
1197 379 1245 414 τὴν
1273 378 1320 406 νῦν
1347 379 1421 415 παρὰ
1447 380 1584 411 Ἰουδαίοις
1617 381 1784 415 φερομένην,
1811 381 1845 407 ὲκ

1057 425 1186 456 νεάνιδος.
1207 425 1304 460 Εὖροις
1326 425 1347 451 δ’
1361 425 1394 452 ἂν
1414 425 1489 461 παρὰ
1501 426 1596 452 Monet
1617 427 1664 454 καὶ
1679 426 1729 462 τὴν
1747 426 1845 462 όμολθ-

1056 472 1197 506 γουμένως
1220 473 1357 508 Παρθένον
1379 473 1469 499 νεᾶνιν
1490 473 1760 509 προσηγορευμένην.
1788 474 1845 509 Τὴν

1056 518 1122 552 γοῦν
1142 518 1226 553 ἑτέρῳ
1248 518 1504 553 μεμνηστευμένην,
1528 518 1573 553 ὑφ’
1597 518 1691 554 ἐτέρου
1713 518 1741 545 δὲ
1763 518 1846 545 ἐκϐε-

1057 564 1208 599 ϐιασμένην
1231 564 1317 599 τούτῳ
1340 564 1458 599 κέκληκε
1481 564 1520 599 τῷ
1546 565 1731 600 προσρήματι.
1765 565 1845 592 Ἀλλὰ

1057 610 1104 636 καὶ
1119 611 1133 636 ὀ
1150 611 1181 636 ἐκ
1203 609 1253 644 τῆς
1270 610 1435 645 δηλουμένης
1456 609 1653 645 τεχθησόμενος
1672 611 1845 648 Ἐμμανουήλ

1058 656 1168 691 μείζονα
1195 656 1212 691 ἧ
1232 656 1303 682 κατὰ
1326 656 1371 682 τὸν
1394 656 1483 682 κοινὸν
1511 656 1654 691 ἄνθρωπον
1686 657 1843 692 ἐπιφέρεται

1056 703 1190 737 δύναμιν,
1216 701 1392 736 ἐκλεγόμενος
1419 702 1449 728 τὸ
1479 701 1582 735 ἀγαθὸν
1607 703 1671 737 πρὶν
1695 702 1711 738 ἢ
1741 703 1843 736 γνῶναι

1058 747 1174 783 πονηρὰ,
1201 748 1248 774 καὶ
1271 747 1392 774 ἀπειθῶν
1420 748 1547 783 πονηρίᾳ,
1563 748 1610 775 τιιῦ
1634 748 1792 781 ἐκλέξασθαι
1812 750 1844 776 τδ

1057 794 1167 829 ἀγαθόν·
1180 795 1322 822 καὶταῦτα
1333 796 1382 822 οὐκ
1393 796 1421 821 ὲν
1433 795 1466 828 τῇ
1478 794 1524 820 τοῦ
1537 794 1632 831 ἀνδρὸς
1640 796 1739 831 ἡλικίᾳ,
1748 795 1804 822 ἀλλ’
1812 797 1843 822 ὲν

1057 842 1089 875 τῇ
1098 840 1145 866 τοῦ
1156 840 1323 868 παιδίου.Διδ
1337 842 1452 877 εἴρηται·
1466 843 1548 878 «Πρὶν
1561 841 1684 877 ἥγνῶναι
1695 841 1725 867 τὸ
1739 840 1847 867 παιδίον

1058 885 1159 918 ἀγαθὸν
1177 885 1193 920 ἢ
1205 886 1300 917 κακὸν,
1315 886 1423 912 ἀπειθεῖ
1437 886 1564 922 πονηρίᾳ,
1580 886 1627 912 τοῦ
1641 885 1798 918 ἐκλέξασθαι
1811 885 1848 911 τὸ.

1058 932 1173 965 ἀγαθόν·
1192 942 1200 957 i
1221 932 1254 958 δι’
1273 929 1310 959 ὦν
1334 932 1473 964 παντελῶς
1496 932 1525 958 τὸ
1545 932 1595 967 τῆς
1613 932 1712 962 κακίας
1733 931 1844 966 ἄπειρον

1058 977 1103 1003 τοῦ
1126 977 1289 1013 δηλουμένου
1317 978 1492 1013 παρίσταται,
1521 977 1601 1004 Ἀλλὰ
1629 977 1676 1004 καὶ
1704 976 1848 1012 κρείττονα

1058 1022 1074 1058 ἢ
1093 1024 1163 1049 κατὰ
1184 1023 1327 1059 ἄνθρωπον
1353 1024 1485 1057 ἐπάγεται
1506 1023 1556 1058 τὴν
1579 1023 1736 1058 ἐπωνυμίαν
1755 1023 1769 1048 6
1786 1022 1849 1057 μεθ’

1058 1070 1136 1104 ἡμῶν
1146 1071 1276 1106 ὑπάρχων
1291 1070 1357 1101 Θεὸς
1367 1078 1374 1085 ο
1396 1070 1436 1096 διδ
1450 1071 1497 1096 καὶ
1511 1070 1540 1096 τὸ
1554 1070 1616 1105 περὶ
1632 1069 1714 1096 αὑτοῦ
1733 1070 1846 1104 σημεῖον

1059 1116 1138 1151 βάθος
1151 1116 1259 1151 ἐλέγετο
1273 1117 1420 1152 περιέχειν,
1430 1116 1496 1152 όμοῦ
1509 1116 1537 1142 δὲ
1550 1116 1596 1142 καὶ
1611 1115 1690 1150 i360;-
1704 1115 1784 1149 βάθος
1797 1115 1845 1149 μὲν

1057 1162 1101 1188 διὰ
1110 1162 1159 1197 τὴν
1171 1164 1210 1194 είς
1220 1162 1378 1198 ἀνθρώπους
1389 1162 1510 1192 κάθοδον,
1521 1162 1537 1197 ἦ
1549 1162 1596 1187 καὶ
1607 1161 1655 1196 τὴν
1668 1161 1749 1196 μέχρι
1761 1160 1843 1186 θανά-

1058 1216 1103 1233 του
1121 1207 1284 1243 παρουσίαν,
1298 1207 1365 1242 ὕψος
1381 1208 1408 1234 δὲ
1422 1207 1466 1234 διὰ
1480 1207 1528 1243 τὴν
1541 1206 1630 1233 ἔνθεον
1642 1207 1673 1232 ὲκ
1687 1204 1735 1231 τοῦ
1750 1204 1849 1239 βάθους

1059 1254 1291 1285 ἀποκατάστασιν,
1309 1255 1326 1288 ἦ
1342 1254 1386 1280 διὰ
1401 1254 1449 1288 τὴν
1466 1253 1516 1288 τῆς
1530 1252 1622 1279 ἐνθέου
1648 1251 1845 1288 προῦπάρξεως

1058 1297 1139 1323 αὑτοῦ
1162 1297 1309 1332 θεολογίαν.
1332 1298 1379 1329 Τίς
1399 1298 1420 1324 δ’
1442 1297 1474 1324 ἃν
1498 1298 1539 1332 εἴη
1564 1298 1578 1324 6
1599 1296 1658 1332 μεθ’
1678 1297 1756 1332 ἡμῶν
1780 1296 1847 1328 Θεὸς

1058 1344 1075 1380 ἢ
1096 1346 1110 1371 ό
1129 1344 1172 1371 διὰ
1191 1345 1246 1371 τῶν
1266 1344 1382 1380 πρόσθεν
1400 1345 1627 1379 ἀποδεδειγμένος
1643 1344 1709 1375 Θεὸς
1725 1342 1844 1378 Κύριοςς

1058 1391 1072 1417 6
1087 1392 1133 1417 καὶ
1146 1391 1184 1426 τῷ
1199 1390 1323 1426 Ἀϐραὰμ
1338 1392 1388 1417 οὐκ
1403 1391 1490 1422 ἄλλως
1503 1391 1520 1426 ἢ
1533 1390 1566 1416 δι’
1583 1389 1724 1426 ἀνθρώπου
1738 1388 1845 1424 μορφῆς

1058 1436 1236 1472 τεθεαμένος;
1251 1437 1281 1463 Εἰ
1297 1437 1318 1463 δ’
1332 1437 1491 1471 ἁναφέροιεν
1510 1436 1558 1462 ἐπὶ
1576 1436 1622 1462 τὸν
1635 1435 1755 1467 Ἐζεκίαν
1771 1435 1795 1461 οἱ
1811 1435 1846 1461 ὲκ

1059 1484 1209 1518 περιτομῆς
1222 1483 1308 1510 ταῦτα
1317 1503 1323 1514 ,
1342 1483 1387 1509 τδν
1397 1483 1444 1509 τοῦ
1466 1483 1552 1518 ’Δχαζ
1564 1482 1658 1514 παῖδα,
1671 1481 1762 1508 τοῦτον
1775 1479 1843 1507 εἶναι

1059 1530 1208 1564 φάσκοντες
1223 1529 1268 1555 τὸν
1283 1529 1321 1564 τῷ
1336 1529 1420 1565 πατρὶ
1434 1529 1697 1564 προσημαινόμενον,
1714 1528 1770 1554 ἀλλ’
1784 1526 1846 1554 οὔτι

1059 1574 1073 1601 6
1090 1574 1147 1609 μεθ’
1163 1574 1241 1609 ἡμῶν
1264 1574 1330 1606 Θεὸς
1355 1574 1478 1606 Ἑζεκίας
1504 1572 1548 1609 ἦν,
1572 1574 1633 1601 οὔτε
1659 1575 1769 1610 σημεῖον
1789 1573 1848 1600 θεο-

1062 1621 1166 1656 πρεπὲς
1191 1620 1347 1656 πέπρακταί
1370 1629 1396 1646 τι
1420 1620 1463 1646 ἐπ’
1490 1619 1579 1654 αὺτῷ-
1605 1619 1662 1646 ἀλλ¹
1688 1619 1749 1646 οὐδὲ
1774 1618 1850 1653 ἁγὼν

1060 1667 1076 1701 ἦ
1094 1666 1191 1701 μόχθος
1204 1667 1243 1701 τῷ
1258 1666 1317 1701 Θεῷ
1336 1664 1370 1701 ἦν
1392 1666 1455 1702 περὶ
1471 1667 1521 1701 τὴν
1537 1666 1641 1692 ἐκείνου
1656 1666 1779 1700 γένεσιν·
1801 1665 1848 1691 καὶ

1060 1712 1146 1744 ἄλλως
1164 1713 1238 1749 παρὰ
1261 1713 1347 1740 ταῦτα
1370 1713 1507 1739 δείκνυται
1529 1713 1544 1738 6
1561 1712 1684 1744 Ἐζεκίας
1708 1711 1849 1739 ἀποκλειό-

1062 1768 1140 1794 μενος
1159 1759 1211 1786 τῶν
1232 1760 1334 1795 χρόνων
1354 1759 1402 1794 τῆς
1421 1758 1597 1794 προφητείας.
1623 1758 1714 1784 Ταῦτα
1732 1757 1781 1793 μὲν
1794 1757 1851 1792 γὰρ

1061 1804 1246 1838 βασιλεύοντος
1264 1803 1345 1831 αὑτοῦ
1365 1803 1397 1839 δὴ
1409 1803 1456 1829 τοῦ
1478 1802 1580 1838 πατρὸς
1597 1800 1686 1836 Ἀχαζ
1700 1801 1764 1837 περὶ
1786 1799 1849 1835 μελ-

1060 1849 1158 1876 λόντων
1169 1849 1339 1881 ὲθεσπίζετο·
1358 1851 1372 1876 ό
1382 1849 1410 1875 δὲ
1423 1848 1545 1881 Ἐζεκίας
1561 1848 1614 1884 πρὸ
1628 1847 1674 1874 τοῦ
1690 1847 1849 1882 βασιλεῦσαι

1061 1896 1105 1922 τὴν
1118 1896 1205 1931 ’Ἃχαζ
1229 1896 1387 1922 συνίσταται
1407 1895 1617 1930 γεγεννημένος.
1641 1893 1673 1920 El.
1694 1892 1723 1919 δὲ
1747 1892 1785 1928 μὴ
1802 1893 1850 1919 ἐπὶ

1060 1941 1154 1967 τοῦτον
1179 1941 1308 1976 ἀναχθείη
1331 1941 1365 1967 τὰ
1388 1941 1437 1975 τῆς
1454 1940 1635 1976 προκειμένης
1659 1939 1849 1974 προρρήσεως,

1062 1987 1158 2013 πολλοῦ
1172 1987 1212 2013 δεῖ
1227 1988 1270 2022 ἐφ’
1281 1987 1375 2023 ἕτερον
1386 1987 1439 2014 τῶν
1453 1987 1527 2023 παρὰ
1545 1986 1682 2017 Ἰουδαίοις
1703 1984 1773 2020 μετὰ
1785 1984 1849 2016 τοὺς

1060 2033 1110 2068 τῆς
1123 2033 1291 2068 προφητείας
1304 2033 1416 2068 χρόνους
1428 2031 1592 2067 γενομένων,
1615 2031 1674 2057 Ἐπί
1687 2039 1717 2064 γε
1733 2029 1785 2065 μὴν
1798 2029 1846 2063 τῆς

1060 2079 1107 2105 τοῦ
1126 2078 1242 2114 ἀληθοῦς
1264 2077 1447 2113 Ἐμμανουήλ,
1464 2077 1536 2103 τοῦτ’
1557 2077 1616 2103 ἐστι
1637 2075 1685 2102 τοῦ
1708 2074 1848 2110 γεγονότος

1063 2125 1121 2159 μεθ’
1138 2124 1217 2159 ἡμῶν
1238 2123 1305 2150 Θεοῦ
1329 2123 1474 2158 γενέσεως,
1498 2123 1546 2150 καὶ
1568 2124 1614 2150 ἐπὶ
1631 2123 1715 2158 μόνης
1729 2122 1778 2157 τῆς
1798 2120 1847 2147 τοῦ

1062 2171 1186 2206 Σωτῆρος
1218 2170 1296 2205 ἡμῶν
1326 2170 1372 2196 τοῦ
1401 2168 1470 2196 Θεοῦ
1503 2169 1589 2203 Λόγου
1621 2170 1661 2200 εἰς
1690 2166 1849 2203 ἀνθρώπους

1061 2216 1222 2252 ὲπιδημίας’
1243 2215 1297 2242 τῶν
1313 2215 1367 2251 γὰρ
1389 2215 1462 2241 δυεῖν
1485 2214 1617 2250 βασιλέων
1640 2213 1849 2249 καθῃρημένων.

225 2266 285 2297 pter
309 2260 472 2288 descensum
489 2259 522 2286 ad
547 2259 681 2292 homines,
701 2261 842 2288 autetiam
863 2269 950 2296 usque
977 2262 1011 2290 ad

1064 2262 1227 2297 κατελείφθη
1243 2261 1344 2296 ἔρημος
1360 2262 1376 2296 ἡ
1390 2261 1444 2287 τῶν
1458 2260 1590 2287 Ἰουδαίων
1611 2261 1657 2295 γῆ,
1672 2259 1767 2295 ὥσπερ
1793 2258 1852 2285 ἔσε-

224 2312 340 2335 inortem
360 2313 521 2334 accessum:
544 2305 715 2334 altitudinem
732 2314 797 2334 vero
810 2313 921 2343 propter
937 2309 1009 2336 divi-

225 2354 319 2382 nitatis
351 2361 366 2380 a
396 2352 581 2388 profunditate
613 2354 827 2387 restitutionem,
854 2359 901 2382 aut
927 2356 1009 2382 etiam

222 2405 334 2436 propter
348 2399 448 2426 divina:
462 2399 522 2433 ejus
543 2400 715 2432 substantiae,
739 2409 800 2435 quae
816 2402 891 2428 omni
909 2406 1009 2428 natura

222 2446 298 2480 prior
311 2449 364 2476 est.
383 2446 555 2480 theologiam.
575 2448 642 2479 Quis
654 2455 718 2474 vero
734 2448 803 2473 alitis
816 2449 851 2473 sit
867 2448 1009 2474 nobiscum

224 2492 307 2521 Deus.
324 2500 406 2526 quam
420 2492 443 2519 is
461 2501 539 2526 queui
553 2494 741 2527 superioribus
758 2494 834 2520 libris
853 2492 937 2520 Deum
959 2493 1010 2520 Do-

222 2539 381 2573 minumque
415 2539 604 2566 ostendimus?
641 2539 742 2573 quique
784 2540 847 2566 item
894 2539 1010 2566 Abrahze

215 2575 360 2620 'quondam
379 2593 431 2611 non
449 2586 499 2611 alia
526 2594 605 2619 quani
623 2586 740 2612 hominis
759 2585 844 2612 forma
862 2587 937 2612 visus
952 2586 1011 2612 est!

221 2630 299 2663 Quod
328 2630 351 2657 si
376 2630 460 2658 Judzei
488 2631 543 2657 haec
567 2631 598 2657 ad
612 2631 753 2657 Ezechiam
780 2631 897 2658 referant
926 2631 1009 2657 lilium

221 2677 323 2708 Achaz,
336 2681 362 2704 et
386 2677 479 2704 dicant
499 2678 571 2703 litim:
594 2686 654 2704 esse
674 2679 719 2712 qui
744 2677 812 2711 patri
833 2685 883 2704 suo
901 2677 1009 2703 futurus

221 2722 333 2749 oraculo
355 2723 542 2756 promittaturI
567 2724 678 2750 videant
705 2723 843 2758 quomodo
868 2724 1009 2750 nobiscum

222 2767 295 2794 Deus
307 2767 387 2794 fuerit
405 2768 546 2799 Ezechias,
557 2769 748 2803 autquodnam
764 2769 871 2803 signum
892 2777 938 2796 sua
953 2778 1010 2796 nia-

220 2812 319 2846 jestate
333 2812 455 2847 dignum,
475 2813 582 2841 Deusin
600 2815 647 2840 illo
667 2814 834 2842 ostenderit:
853 2815 899 2841 scd
923 2822 1009 2849 neque

223 2863 362 2885 certamen
380 2859 475 2890 ullum,
492 2867 579 2894 neque
592 2860 667 2886 labor
680 2861 707 2886 in
722 2861 795 2887 illius
813 2866 874 2887 ortu
892 2860 946 2888 Deo
963 2868 1009 2888 ev-

224 2903 326 2932 iilbillls
340 2908 380 2931 est
394 2914 400 2931 :
418 2909 548 2940 prteterea
565 2905 645 2940 plane
659 2914 674 2932 ti
691 2906 831 2941 prophetia
843 2906 1008 2940 excluditur,

1064 2309 1125 2337 σθαί
1146 2317 1226 2344 φησιν
1248 2309 1263 2334 6
1280 2308 1403 2344 χρησμὸς
1412 2307 1515 2334 είπών·
1537 2317 1545 2332 ι
1560 2305 1814 2341 Καταλειφθήσεται
1833 2306 1850 2340 ἡ

1062 2355 1098 2389 τῆ
1120 2354 1174 2381 ἀπὸ
1201 2353 1344 2389 προσώπου
1369 2352 1422 2380 τῶν
1439 2352 1486 2380 δύο
1498 2351 1642 2388 βασιλέων·
1660 2360 1669 2377 ι
1695 2351 1710 2378 ὃ
1723 2351 1770 2378 καὶ
1786 2350 1852 2377 αὐτὸ

1064 2399 1152 2435 ῥητῶς
1178 2399 1225 2425 καὶ
1248 2398 1318 2425 κατὰ
1337 2397 1409 2430 λέξιν
1433 2397 1519 2428 οὕτως
1544 2396 1577 2422 ἂν
1594 2394 1749 2429 ἀποδοθείη.
1775 2393 1852 2420 Κατὰ

1063 2447 1115 2481 γὰρ
1139 2446 1249 2480 βασιλέα
1268 2445 1365 2479 Ἄχας,
1391 2443 1438 2470 καὶ
1459 2443 1572 2470 Ἡσαΐαν
1599 2442 1656 2468 υἱὸν
1681 2440 1782 2476 Ἀμὼς,
1805 2439 1853 2466 καὶ

1062 2493 1124 2523 τοὺς
1142 2492 1189 2526 τῆς
1208 2491 1373 2525 προφητείας
1390 2490 1519 2524 χρόνους,
1539 2488 1662 2523 βασιλεὺς
1677 2487 1776 2522 Συρίας
1793 2487 1806 2512 6
1823 2487 1853 2512 ὲν

1063 2537 1210 2572 Δαμασκῷ,
1229 2538 1275 2562 καὶ
1290 2536 1414 2571 βασιλεὺς
1432 2535 1539 2572 Ἰσραὴλ
1559 2535 1574 2560 6
1592 2535 1621 2560 ὲν
1638 2532 1789 2568 Σαμαρείᾳ,
1803 2531 1852 2566 οὐχ

1063 2587 1075 2610 ὁ
1090 2587 1118 2611 εν
1133 2584 1318 2619 Ἰερουσαλὴμ,
1335 2583 1390 2609 ἀλλ’
1408 2583 1421 2608 ὁ
1437 2582 1483 2608 τοῦ
1507 2581 1624 2616 πλήθους
1641 2580 1693 2606 τῶν
1718 2578 1853 2605 Ἰουδαίων

1062 2631 1115 2656 τῶν
1140 2630 1314 2656 ἀποστάντων
1327 2628 1370 2654 τοῦ
1393 2628 1465 2654 θείου
1487 2627 1588 2662 νόμου.
1623 2625 1760 2660 συνθήκας
1783 2623 1851 2657 πρὸς

1063 2677 1192 2711 ἀλλήλους
1207 2676 1325 2710 θέμενοι,
1343 2675 1404 2705 τους
1423 2674 1476 2700 ὑπὸ
1490 2674 1546 2704 τοῖς
1560 2672 1691 2707 διαδόχοις
1708 2669 1755 2696 τοῦ
1769 2667 1851 2696 Δαυῗδ

1064 2722 1286 2756 βασιλευομένους
1298 2721 1482 2755 ἐπολιόρκουν.
1502 2720 1610 2746 Τούτων
1625 2716 1672 2744 οὖν
1688 2717 1788 2752 ἀμφοῖν
1802 2713 1852 2749 τὴν

1063 2768 1223 2802 καθαίρεσιν
1235 2769 1251 2802 ὴ
1264 2768 1416 2802 προφητεία
1432 2765 1607 2797 θεσπίζουσα,
1623 2763 1781 2797 αὔτοῦςμὲν
1790 2763 1851 2793 τοὺς

1063 2814 1120 2840 κατ’
1129 2814 1215 2839 ἐκεῖνο
1226 2811 1322 2847 καιροῦ
1338 2811 1477 2842 Ἰουδαίους
1493 2818 1522 2836 τε
1537 2810 1585 2835 καὶ
1598 2807 1772 2842 ἀλλοφύλους,
1783 2806 1853 2832 κατὰ

1062 2861 1108 2887 τοῦ
1123 2860 1186 2886 λαοῦ
1201 2859 1247 2885 τοῦ
1261 2859 1327 2885 Θεοῦ
1340 2858 1428 2890 δεξιὰς
1443 2856 1565 2892 ἀλλήλοις
1577 2854 1737 2885 δεδωκότας,
1755 2852 1852 2879 αὐτίκα

1064 2906 1135 2942 μάλα
1157 2904 1364 2941 διαλυθήσεσθαι
1391 2904 1438 2931 καὶ
1464 2902 1653 2938 ἀποχωρήσειν
1673 2900 1719 2928 τοῦ
1734 2899 1850 2934 πολέμου
