4110 6462
424 425 523 482 50!

1298 416 1955 474 DEMONSTBATIONIS
1990 417 2449 475 EVANGELICE
2481 415 2615 475 LIB.
2650 414 2758 474 VII.

3563 422 3668 477 τιοί

426 547 560 619 φησί
584 563 597 576 ·
630 546 728 616 τήν
761 562 824 614 γε
849 544 953 616 μὴν
985 543 1257 615 βασιλείαν
1286 541 1466 598 αὐτῶν
1499 541 1592 595 καὶ
1622 542 1720 612 τὴν
1751 541 1989 612 διαδοχὴν

2101 543 2313 597 ratione
2346 548 2654 610 temporum
2704 536 2985 593 Ezechias.
3039 536 3164 593 Haec
3196 537 3338 593 enim
3390 539 3510 609 ipso
3550 541 3664 608 iam

428 637 577 700 εἰςτδ
590 635 848 699 παντελὲς
863 633 1352 704 καταλυθήσεσθαι,
1378 632 1471 685 καὶ
1495 629 1997 701 ἀποσϐεσθήσεσθαι

429 726 521 780 ἐπὶ
541 726 639 796 τῆς
664 725 760 780 τοῦ
790 724 1287 798 προφητευομένου,
1325 722 1446 795 μεθ’
1468 720 1624 793 ήμῶν
1651 719 1808 787 Θεοῦ,
1840 722 1995 792 γενέ-

431 835 587 882 σεως.
633 818 950 889 Ἐπίστησον
984 816 1161 871 τοίνυν
1216 816 1346 869 πότε
1377 820 1409 888 ὴ
1444 815 1818 889 Δαμασκηνῶν
1861 814 1996 884 ὁμοῦ

430 909 520 963 καὶ
554 908 822 963 Ἰουδαίων
870 907 1137 979 κατελύθη
1196 907 1460 978 βασιλεία,
1505 910 1597 961 καὶ
1639 907 1782 961 κατά
1814 906 1999 968 ποίους

429 998 650 1072 χρόνους
678 998 1000 1070 κατελείφθη
1033 1002 1067 1071 ή
1096 1000 1165 1071 γῆ
1193 999 1301 1053 τῶν
1336 999 1601 1054 Ἰουδαίων
1628 997 1996 1060 ἀϐασίλευτος,

427 1091 520 1144 καὶ
566 1090 703 1161 αὐτή
752 1106 817 1158 γε
866 1094 900 1162 ή
942 1091 1072 1162 πρὶν
1112 1089 1282 1143 πολλὰ
1325 1089 1592 1162 δυναμένη
1628 1086 1998 1159 Δαμασκηνῶν

428 1178 599 1252 χώρα,
634 1180 845 1252 μεγάλῃ
880 1180 1025 1252 χειρὶ
1065 1181 1126 1233 τὸ
1158 1179 1389 1234 παλαιὸν
1428 1180 1527 1250 τῆς
1552 1179 1750 1250 Συρίας
1781 1178 1999 1246 ἁπάσης

427 1270 801 1342 βασιλεύουσα.
839 1272 967 1326 Ἐπὶ
997 1273 1104 1344 γὰρ
1144 1273 1242 1341 τῆς
1280 1270 1484 1325 τούτων
1514 1270 1881 1343 καθαιρέσεως
1906 1270 1997 1322 τὸν

439 1361 784 1434 Ἐμμανουήλ
831 1362 1047 1426 πάντως
1084 1378 1185 1415 που
1212 1361 1635 1434 γεννηθήσεσθαι
1684 1361 1856 1424 εἰκὸς,
1906 1361 2000 1414 καὶ

422 1453 517 1508 τὸν
565 1454 1039 1525 προφητευόμενον
1100 1453 1435 1524 ἐληλυθέναι.
1498 1454 1562 1506 EI
1614 1453 1710 1523 μὲν
1754 1449 1848 1506 οὖν
1890 1450 2001 1504 τῶν

423 1549 768 1622 δηλουμένων
807 1547 989 1621 παρῆν
1020 1550 1152 1620 ὁρᾷν
1185 1546 1525 1612 συνεστώσας
1561 1548 1659 1611 τάς
1707 1545 1996 1616 βασιλείας,

423 1642 574 1697 οὐδὲν
611 1640 749 1713 χρῆν
786 1639 1096 1713 περαιτέρω
1141 1639 1345 1710 ζητεῖν,
1383 1639 1541 1710 μόνον
1576 1638 1634 1691 δὲ
1673 1637 1753 1692 ἔτι
1782 1638 1878 1690 καὶ
1902 1636 1999 1691 νῦν

424 1734 504 1797 είς
534 1731 794 1803 μέλλοντα
819 1732 1007 1803 χρόνον
1032 1732 1270 1803 ἀναρτᾷν
1290 1730 1388 1794 τάς
1416 1730 1634 1794 ἐλπίδας
1651 1747 1664 1762 ο
1680 1730 1746 1782 εί
1771 1729 1828 1781 δὲ
1854 1728 1999 1799 ἔργῳ

423 1822 707 1894 προφανὴς
751 1823 785 1892 ἡ
817 1821 1132 1891 καθαίρεσις
1171 1821 1277 1875 τῶν
1310 1820 1635 1892 εἰρημένων,
1673 1820 1749 1884 ὡς
1779 1819 1914 1892 μήτε
1940 1820 2000 1873 ὲν

2099 640 2212 685 tum
2242 638 2396 702 patre
2421 633 2603 685 Achaz
2632 638 2896 701 regnante
2925 629 3107 684 futura
3139 630 3496 686 canebantur.
3533 629 3666 686 Eze-

2098 722 2277 776 chiam
2316 737 2444 777 vero
2471 729 2760 791 antequam
2791 736 3014 791 regnum
3042 720 3311 790 acceperit
3340 720 3542 785 Achaz,
3572 736 3667 791 ge-

2099 814 2271 866 nitum
2307 828 2431 869 esse
2469 822 2708 868 constat.
2744 811 2901 879 Quod
2935 813 2983 867 si
3037 817 3107 866 ad
3150 812 3296 867 hunc
3336 826 3400 866 ea
3436 827 3556 882 quae
3597 814 3665 866 ad

2101 906 2444 974 propositum
2495 906 2783 958 oraculum
2840 904 3135 975 pertinent,
3196 905 3421 960 minime
3472 903 3665 959 referri

2100 1006 2353 1067 possunt.
2382 996 2558 1050 multo
2590 997 2773 1052 minus
2816 997 2884 1051 ad
2915 997 3081 1051 alium
3112 997 3422 1068 quempiam
3450 1012 3663 1061 eorum,

2098 1088 2192 1157 qui
2216 1086 2356 1156 apud
2382 1087 2597 1142 Iudaeos
2619 1094 2741 1155 post
2759 1088 3055 1158 prophetia:
3073 1096 3317 1159 tempora
3333 1089 3662 1152 exstiterint,

2100 1187 2462 1250 praeterquam
2496 1179 2565 1233 ad
2604 1186 2784 1233 ortum
2815 1180 2955 1248 ejus,
2988 1182 3080 1250 qui
3115 1195 3276 1235 verus
3325 1188 3410 1237 est
3452 1180 3667 1235 Emma-

2106 1272 2257 1334 nuel,
2307 1270 2473 1341 318
2503 1270 2608 1325 hoc
2638 1278 2722 1325 est
2753 1270 2873 1340 ejus
2890 1271 2983 1339 qui
3024 1270 3293 1325 exstiterit
3325 1286 3450 1326 vere
3480 1272 3667 1326 nobis-

2100 1378 2225 1417 cum
2257 1360 2422 1426 Deus,
2455 1369 2510 1416 et
2539 1361 2607 1416 ad
2634 1376 2805 1415 unum
2840 1360 3142 1417 Salvatoris
3174 1364 3347 1417 nostri
3376 1362 3470 1418 Dei
3499 1362 3665 1419 Verbi

2101 1454 2167 1509 ad
2194 1453 2445 1508 homines
2471 1468 2792 1508 accessum:
2833 1453 3048 1509 duobus
3076 1454 3218 1509 enim
3259 1454 3489 1509 sublatis
3516 1455 3663 1524 regi-

2100 1545 2225 1608 bus,
2267 1544 2484 1601 dcserta
2529 1554 2585 1599 et
2627 1545 2742 1599 sola
2793 1545 2982 1600 relicta
3028 1553 3113 1600 est
3151 1543 3462 1600 Iudaeorum
3494 1554 3662 1608 terra,

2101 1637 2244 1694 sicut
2267 1635 2550 1693 oraculum
2573 1635 2649 1689 ait
2674 1636 2939 1701 futurum,
2973 1636 3161 1692 dicens
3188 1655 3205 1691 :
3231 1654 3250 1687 ι
3310 1635 3666 1707 Relinquetur

2100 1734 2247 1782 terra
2278 1740 2310 1779 a
2338 1724 2476 1779 facie
2502 1724 2733 1778 duorum
2765 1739 2989 1794 regum;
3032 1743 3051 1775 ι
3077 1722 3223 1794 quod
3244 1722 3463 1794 quidem
3485 1722 3667 1790 ipsum

2101 1816 2262 1871 etiam
2292 1814 2449 1884 plane
2480 1813 2549 1868 ad
2579 1813 2803 1868 verbum
2849 1813 2931 1867 sic
2972 1812 3453 1868 demonstrabitur.
3502 1813 3667 1867 Tem-

422 1914 722 1987 Δαμασκῷ,
775 1916 913 1985 μήτε
956 1916 1013 1968 ὲν
1052 1916 1115 1985 τῇ
1155 1914 1401 1985 Ἰουδαίᾳ,
1452 1914 1572 1968 καθ’
1601 1915 1748 1985 ἡμᾶς
1797 1915 1989 1978 αὐτοὺς

2093 1908 2319 1981 poribus
2345 1906 2489 1962 enim
2540 1904 2686 1976 regis
2720 1905 2922 1969 Achaz,
2952 1911 3007 1958 et
3043 1901 3194 1959 Isaiae
3217 1904 3311 1958 lilii
3340 1903 3528 1966 Amos,
3551 1902 3669 1974 qui-

425 2005 707 2075 φαίνεσθαι
761 2005 983 2075 βασιλέα
1004 2044 1019 2068 ,
1084 2005 1345 2076 πρόδηλον
1388 2007 1464 2071 ὡς
1496 2006 1682 2072 τέλους
1729 2006 1885 2078 ἔτυχε
1934 2008 1995 2060 τὸ

422 2093 600 2163 λόγιον
650 2094 864 2164 φῆσαν·
928 2111 947 2142 ι
979 2093 1087 2146 Καὶ
1144 2092 1630 2166 καταλειφθήσεται
1687 2096 1721 2165 ἡ
1764 2094 1838 2166 γῆ
1887 2093 1997 2147 ἀπὸ

424 2180 710 2253 προσώπου
763 2181 870 2235 τῶν
910 2181 1002 2235 δύο
1065 2181 1364 2254 βασιλέων,
1413 2178 1488 2238 ὧν
1533 2185 1597 2237 σὺ
1654 2184 1790 2255 φοϐῇ
1815 2225 1829 2248 ,
1886 2183 1996 2237 ἀπὸ

417 2273 709 2348 προσώπου
755 2275 933 2329 αὐτῶν
960 2292 974 2306 ο
1009 2297 1028 2328 ι
1084 2277 1190 2330 τῶν
1240 2276 1533 2347 βασιλέων,
1582 2277 1702 2331 ἀντὶ
1743 2277 1851 2331 τῶν
1902 2276 1996 2346 βα-

415 2365 633 2420 σιλειῶν
675 2366 1097 2439 ὠνομασμένων.
1170 2370 1227 2422 '0
1254 2368 1386 2438 γοῦν
1442 2369 1512 2421 Σύ
1522 2370 1736 2440 μμαχός
1790 2386 1952 2439 φησιν
1976 2386 1991 2399 °

421 2480 441 2511 ε
488 2458 1083 2531 Ἐγκαταλειφθήσεται
1131 2461 1164 2530 ἡ
1211 2460 1316 2531 γῆ,
1356 2459 1448 2529 ἀφ’
1488 2456 1557 2532 ἦς
1607 2463 1671 2514 σὺ
1719 2462 1993 2529 ὲγκακεῖς,

410 2549 524 2604 ἀπὸ
572 2549 867 2620 προσώπου
912 2549 1021 2603 τῶν
1067 2550 1160 2604 δύο
1206 2550 1471 2620 βασιλέων
1519 2552 1717 2623 αὐτῆς·
1750 2571 1769 2604 δ
1828 2554 1922 2606 καὶ
1965 2555 1995 2606 6

420 2640 688 2704 Ἀκύλας·
711 2658 729 2691 ι
765 2640 1347 2713 Ἑγκαταλειφθήσεται
1392 2644 1425 2713 ὴ
1463 2642 1628 2712 χθὼν,
1675 2643 1742 2713 ἢν
1774 2644 1839 2696 σὺ
1874 2660 1993 2697 σικ-

408 2732 657 2805 χαίνεις,
690 2732 797 2785 ἀπὸ
843 2731 1134 2803 προσώπου
1176 2732 1284 2787 τῶν
1322 2732 1415 2786 δύο
1456 2733 1719 2804 βασιλέων
1763 2735 1989 2805 αὐτῆς.»

407 2823 524 2878 Καὶ
575 2825 605 2876 ό
628 2822 919 2877 Θεοδοτίων
966 2824 1025 2877 δὲ
1064 2823 1251 2879 τοῦτον
1283 2826 1594 2897 ἡρμήνευσε
1638 2827 1730 2880 τὸν
1758 2827 1989 2900 τρόπον’

409 2934 430 2967 ε
480 2912 1068 2986 Ἐγκαταλειφθήσεται
1109 2916 1143 2985 ή
1181 2916 1288 2987 γῆ,
1336 2915 1404 2987 ἢν
1440 2917 1506 2969 σὺ
1551 2915 1848 2989 βδελύσσῃ,
1883 2917 1995 2972 ἀπὸ

406 3004 703 3077 προσώπου
757 3003 867 3059 τῶν
911 3004 1005 3060 δύο
1044 3005 1308 3077 βασιλέων
1339 3006 1529 3078 αὐτῆς.
1570 3027 1589 3060 ι
1652 3009 1815 3080 Ὁρᾷς
1845 3010 1994 3073 ὅπως

404 3095 511 3166 τὴν
560 3095 666 3166 γῆν
723 3095 1247 3169 καταλειφθήσεσθαι
1304 3097 1657 3152 ἀϐασίλευτον
1709 3098 1991 3165 θεσπίζεις

405 3184 577 3238 Ποίαν
607 3184 665 3238 δὲ
700 3185 885 3259 γῆν,ἢ
921 3186 1018 3259 τήν
1051 3186 1159 3240 τῶν
1195 3187 1590 3259 Δαμασκηνῶν,
1627 3189 1723 3241 καὶ
1756 3189 1856 3261 τὴν
1896 3185 1993 3244 τοῦ

415 3278 671 3350 Ἰσραήλ;
703 3277 906 3333 τούτων
943 3280 1052 3352 γὰρ
1077 3276 1216 3353 ἦσαν
1248 3280 1298 3333 oi
1335 3278 1426 3332 δύο
1459 3279 1699 3349 βασιλεῖς
1725 3322 1741 3349 ,
1775 3283 1825 3337 οί
1862 3282 1991 3355 περὶ

404 3361 483 3424 ὧν
508 3368 537 3422 ό
566 3367 743 3438 λόγος·
771 3363 846 3425 ὧν
872 3373 901 3424 6
928 3371 1102 3442 Ἀχαζ
1131 3371 1230 3444 τὴν
1264 3372 1372 3442 γῆν
1400 3372 1706 3443 ὲσίκχαινεν
1724 3413 1739 3437 ,
1777 3374 1812 3445 ἢ
1845 3374 1993 3427 ἐϐδε-

404 3457 656 3525 λύσσετο,
677 3460 1009 3532 ἀποκάμνων
1039 3463 1072 3533 ἢ
1100 3463 1352 3531 ὲγκακῶν
1385 3464 1479 3518 ἀπ’
1518 3466 1708 3537 αὐτῆς.
1744 3465 1869 3519 Πότ’
1897 3463 1990 3520 οὖν

405 3547 570 3604 τοῦτο
613 3549 842 3618 γέγονε;
876 3551 1081 3605 τούτων
1113 3551 1222 3625 γάρ
1263 3553 1792 3626 συμπερασθέντων,
1837 3558 1988 3610 πᾶσα

410 3640 625 3713 ἀνάγκη
667 3641 758 3694 καὶ
796 3642 857 3695 τὸ
892 3642 1290 3715 προλεγόμενον
1326 3646 1489 3718 μέρος
1524 3647 1623 3718 τῆς
1654 3648 1990 3719 προφητείας

408 3722 493 3796 είς
517 3731 675 3805 ἔργον
702 3735 1079 3806 κεχωρηκέναι
1106 3751 1121 3766 ·
1149 3734 1306 3789 τοῦτο
1329 3737 1385 3791 δὲ
1413 3733 1481 3808 ἦν
1509 3737 1570 3790 τὸ
1591 3738 1689 3809 τὴν
1713 3738 1988 3810 Παρθένον

407 3824 588 3877 τεκεῖν
628 3824 720 3877 τὸν
769 3823 889 3895 μεθ’
922 3825 1077 3896 ήμῶν
1113 3826 1266 3880 Θεόν.
1310 3829 1421 3881 Καὶ
1452 3827 1517 3900 δὴ
1569 3829 1835 3901 πρόδηλον
1874 3834 1988 3895 τοῖς

408 3913 510 3978 τάς
537 3915 777 3987 ἱστορίας
806 3915 1151 3983 ἐξετάζουσιν
1170 3959 1184 3983 ,
1211 3920 1288 3982 ώς
1322 3918 1484 3990 μέχρι
1527 3919 1626 3991 μὲν
1647 3920 1755 3975 τῶν
1780 3921 1987 3993 χρόνων

407 4002 512 4073 τῆς
534 4007 856 4074 ἐπιφανείας
877 4007 972 4061 τοῦ
1008 4009 1260 4080 Σωτῆρος
1288 4010 1448 4081 ήμῶν
1492 4011 1666 4084 Ἰησοῦ
1695 4011 1789 4065 τοῦ
1850 4013 1985 4085 Χρι-

409 4093 534 4150 στοῦ
556 4096 649 4150 καὶ
663 4097 754 4149 ἐπὶ
765 4098 860 4169 τῆς
873 4099 1164 4169 Δαμασκοῦ
1186 4101 1525 4172 συνειστήκει
1546 4101 1608 4154 τὸ
1629 4103 1694 4155 ὲκ
1710 4103 1986 4174 προγόνων

405 4184 656 4256 διαδοχῆς
685 4186 973 4258 βασίλειον.
1001 4190 1285 4261 Μέμνηται
1309 4191 1438 4259 γοῦν
1463 4194 1492 4245 6
1522 4192 1665 4264 ἱερὸς
1692 4193 1986 4258 ἀπόστολος

420 4275 616 4347 Ἀρέτα
655 4276 751 4330 τοῦ
800 4278 1061 4348 βασιλέως
1109 4282 1481 4354 Δαμασκηνῶν
1506 4300 1520 4313 ·
1563 4285 1657 4338 καὶ⁵
1702 4285 1795 4338 τοῦ
1855 4286 1985 4339 Ἰου-

404 4366 572 4421 δαίων
595 4368 652 4423 δὲ
680 4369 865 4434 ἔθνους
883 4374 917 4443 ἡ
955 4372 1206 4437 ἄτακτος,
1230 4374 1326 4427 καὶ
1350 4376 1411 4428 οὐ
1441 4376 1583 4430 κατά
1611 4376 1776 4448 νόμον
1815 4379 1983 4432 είσέτι

405 4462 527 4516 τότε
574 4461 784 4534 διέμενε
833 4462 1097 4534 βασιλεία.
1143 4466 1219 4518 Οὐ
1274 4467 1383 4540 γὰρ
1433 4469 1542 4522 ἀπὸ
1586 4469 1775 4537 γένους
1821 4468 1984 4522 Δαυῖδ

2098 2002 2201 2057 bus
2226 1997 2512 2070 prophetia
2545 1996 2637 2050 illa
2665 1995 2811 2051 edita
2842 2002 2949 2059 est,
3005 2010 3100 2049 rex
3135 1993 3308 2065 Syriae
3337 1995 3432 2065 qui
3461 1994 3665 2048 Dama-

2099 2093 2200 2158 sci,
2231 2100 2285 2147 et
2313 2107 2406 2147 rex
2449 2088 2619 2145 Israel
2669 2104 2781 2145 non
2826 2089 2873 2144 is
2907 2089 3002 2159 qui
3033 2089 3088 2143 in
3116 2087 3444 2154 Jerusalem,
3480 2088 3572 2142 sed
3617 2089 3666 2141 is

2096 2184 2189 2256 qui
2242 2182 2504 2238 Samaria;
2527 2181 2814 2252 regnabat,
2873 2191 2927 2236 et
2950 2179 3289 2235 multitudini
3326 2177 3662 2237 Iudaeorum.

2101 2275 2196 2346 qui
2220 2288 2252 2327 a
2277 2272 2463 2327 divina
2492 2272 2610 2343 lege
2631 2269 2967 2329 defecerant.
2995 2270 3315 2339 imperabat,
3352 2268 3560 2324 fmdere
3580 2268 3667 2321 in-

2096 2377 2178 2421 ter
2208 2378 2267 2418 se
2310 2368 2442 2428 icto,
2474 2377 2570 2419 eos
2616 2361 2816 2431 quibus
2862 2360 3082 2417 Davidis
3111 2375 3460 2417 successores
3493 2359 3666 2428 impe-

2095 2455 2313 2516 rabant,
2368 2453 2623 2508 obsidere
2671 2459 2978 2522 coeperunt.
3030 2449 3210 2506 Hosce
3254 2451 3425 2521 igitur
3471 2450 3665 2504 ambos

2095 2558 2220 2598 cum
2257 2542 2545 2613 prophetia
2595 2540 2867 2597 tollendos
2903 2550 3067 2610 atque
3108 2539 3433 2595 evertendos
3475 2548 3659 2601 canat,

2095 2636 2245 2706 ipsos
2276 2634 2495 2705 quidem
2543 2633 2691 2690 illius
2719 2633 2981 2702 temporis
3023 2631 3243 2688 Iudaeos
3281 2639 3336 2687 et
3384 2640 3663 2699 externos,

2094 2727 2188 2797 qui
2221 2727 2486 2782 adversus
2518 2726 2779 2795 populum
2817 2724 2912 2780 Dei
2940 2725 3043 2781 sibi
3073 2723 3291 2780 dextras
3314 2724 3456 2779 inter
3478 2738 3537 2778 se
3566 2722 3664 2778 de-

2094 2818 2309 2883 derant,
2355 2833 2385 2872 e
2429 2816 2663 2887 vestigio
2711 2814 3112 2880 dissolvendos,
3164 2823 3220 2870 et
3258 2814 3603 2870 discessuros
3632 2828 3664 2867 a

2093 2910 2238 2965 bello
2269 2911 2554 2981 praedicit;
2584 2925 2809 2982 regnum
2847 2920 3029 2964 tamen
3070 2908 3203 2962 illud
3245 2922 3309 2964 ac
3354 2907 3664 2964 successio-

2088 3013 2212 3055 nem
2234 3015 2423 3055 eorum
2452 3016 2679 3071 prorsus
2714 3000 3045 3057 dissolutum
3074 3000 3523 3069 exstinctumque
3565 2998 3658 3063 iri,

2092 3092 2196 3147 sub
2244 3091 2415 3157 illius,
2470 3092 2536 3148 de
2581 3106 2694 3163 quo
2740 3092 3024 3164 praphetia
3079 3092 3341 3163 loquitur,
3372 3091 3661 3146 nobiscum

2097 3180 2213 3247 Dei,
2242 3192 2447 3239 ortum.
2483 3184 2717 3241 Attende
2761 3186 2928 3255 igitur
2956 3184 3246 3255 diligenter
3270 3198 3380 3255 quo
3411 3193 3659 3252 tempore

2019 3245 2061 3302 C
2093 3273 2554 3331 Damascenorum
2581 3277 2745 3331 simul
2773 3291 2838 3330 ac
2864 3275 3177 3331 Iudaeorum
3224 3274 3553 3333 dissolutum
3574 3283 3663 3331 est

2092 3380 2342 3436 regnum,
2378 3373 2435 3423 et
2463 3367 2685 3438 quando
2708 3367 2925 3422 tandem
2956 3368 3150 3423 relicta
3175 3377 3261 3424 est
3281 3377 3425 3426 terra
3445 3366 3663 3423 Iudaeo-

2091 3471 2211 3511 rum
2266 3459 2386 3514 sine
2436 3474 2587 3530 rege,
2639 3474 2853 3514 necnon
2902 3460 3022 3528 ipsa
3072 3475 3193 3530 qua:
3223 3462 3376 3530 prius
3425 3462 3656 3518 multum

2090 3563 2323 3623 poterat,
2371 3570 2568 3626 magna
2617 3568 2785 3608 manu
2838 3552 3115 3623 quondam
3157 3552 3330 3625 Syria
3383 3556 3656 3611 universa:

2090 3647 2953 3719 imperitans,-Damascenorum
3006 3649 3179 3718 regio.
3247 3646 3490 3718 Namque
3556 3650 3660 3704 sub

2088 3739 2283 3793 horum
2311 3740 2648 3794 eversionem
2677 3747 2842 3810 atque
2885 3740 3188 3807 interitum,
3229 3739 3406 3808 ipsum
3439 3738 3660 3794 Emma-

2089 3830 2216 3884 nuel
2263 3844 2493 3899 prorsus
2524 3829 2797 3885 oriturum
2830 3829 3001 3885 fuisse
3032 3845 3129 3900 par
3157 3838 3262 3894 est,
3306 3836 3362 3883 et
3403 3844 3528 3884 eum
3577 3830 3645 3884 de

2089 3934 2197 3988 quo
2221 3919 2506 3990 prophetia
2536 3919 2780 3990 loquitur
2808 3926 3123 3973 venturum.
3171 3916 3228 3972 Si
3259 3916 3429 3988 igitur
3458 3918 3653 3973 horum

2088 4010 2354 4081 ipsorum,
2378 4011 2446 4066 de
2473 4011 2676 4082 quibus
2696 4011 2903 4067 dictum
2934 4017 3039 4074 est,
3072 4024 3262 4081 regna,
3291 4010 3471 4064 adhuc
3505 4021 3652 4066 stare

2086 4103 2286 4158 intueri
2320 4103 2532 4168 liceret,
2567 4102 2706 4157 nihil
2735 4102 2971 4172 amplius
3009 4114 3253 4171 quaerere
3297 4115 3438 4171 opus
3483 4109 3653 4167 esset,

2086 4198 2182 4253 sed
2211 4197 2375 4252 etiam
2407 4210 2557 4251 nunc
2599 4195 2655 4250 in
2703 4194 2948 4251 futurum
2993 4207 3208 4265 tempus
3233 4209 3386 4264 spem
3428 4208 3648 4248 omnem

2068 4288 2389 4344 intendere.
2436 4287 2535 4343 Sin
2575 4295 2757 4343 autem
2801 4287 2984 4358 reipsa
3022 4295 3236 4343 constat
3261 4304 3324 4342 ea
3351 4286 3419 4342 de
3443 4285 3647 4356 quibus

2084 4383 2290 4438 dictum
2319 4389 2425 4447 est,
2461 4397 2653 4438 eversa
2682 4381 3005 4452 sublataque
3041 4397 3184 4447 esse,
3216 4397 3393 4451 usque
3421 4379 3555 4435 adeo
3592 4387 3652 4434 ut

2084 4490 2261 4546 neque
2291 4474 2345 4529 in
2374 4474 2658 4539 Damasco,
2694 4489 2871 4545 neque
2896 4473 2951 4528 in
2974 4471 3182 4538 Iudaea,
3209 4472 3418 4529 nostris
3442 4479 3653 4542 tempo—

405 4553 598 4626 ιφερον
621 4555 719 4628 τὴν
743 4555 842 4627 τῆς
867 4556 1040 4628 ἀρχῆς
1062 4556 1307 4630 διαδοχὴν
1357 4559 1601 4631 Ἡρώδης
1641 4560 1736 4614 καὶ
1771 4563 1819 4614 οἱ
1862 4560 1980 4631 μετ’

2089 4567 2239 4621 ribus
2272 4581 2453 4637 regem
2502 4567 2706 4621 intueri
2750 4567 2933 4630 liceat,
2973 4566 3103 4637 quid
3138 4567 3373 4636 amplius
3395 4564 3654 4621 dubitan-

404 4645 568 4699 αὑτὸν
597 4647 691 4701 ent
709 4646 804 4701 τοῦ
836 4649 1087 4721 Σωτῆρος
1107 4651 1140 4722 ή
1148 4650 1263 4721 μῶν
1288 4652 1589 4723 γενόμενοι.
1624 4652 1777 4706 Μετά
1800 4652 1858 4706 δὲ
1879 4652 1978 4723 τὴν

401 4738 728 4808 ιπιφάνειαν
770 4741 969 4808 αὐτοῦ,
1024 4742 1119 4796 καὶ
1167 4743 1230 4796 τὸ
1274 4743 1627 4812 εὐαγγελικὺν
1664 4745 1744 4809 εἰς
1773 4743 1979 4807 πάντας

402 4827 724 4899 ἀνθρώπους
762 4829 855 4884 τοῦ
901 4833 965 4885 ὲκ
1012 4833 1111 4904 τῆς
1150 4832 1426 4904 Παρθένου
1460 4834 1648 4899 παιδὸς
1693 4836 1976 4907 κήρυγμα,

403 4919 821 4975 καταλέλειπται
882 4923 1082 4979 αὐτίκα
1143 4926 1178 4996 ἡ
1228 4925 1298 4995 γῆ
1351 4925 1460 4979 ἀπὸ
1524 4926 1816 4997 προσώπου
1865 4930 1978 4982 τοῖν

399 5013 548 5065 δυεῖν
573 5010 854 5081 βασιλέων.
912 5012 1001 5079 Ἐξ
1031 5015 1240 5069 ἐκείνου
1270 5015 1379 5087 γὰρ
1401 5016 1499 5088 τῆς
1556 5018 1842 5089 Ῥωμαίων
1878 5036 1978 5091 μο-

400 5102 628 5174 ναρχίας
652 5101 760 5156 τῶν
793 5101 961 5157 ἐθνῶν
999 5107 1468 5180 ὲπικρατησάσης,
1506 5108 1726 5163 ἐλέλυτο
1754 5110 1853 5182 μὲν
1881 5111 1977 5166 καὶ

400 5192 553 5245 πᾶσα
580 5193 613 5263 ή
645 5191 785 5245 κατά
813 5193 940 5257 τοὺς
953 5193 1150 5259 τόπους
1173 5195 1432 5269 ὲθναρχία
1456 5215 1517 5252 τε
1536 5200 1632 5254 καὶ
1650 5200 1939 5273 πολιαρχία
1955 5219 1971 5233 ο

396 5279 550 5344 τέλος
589 5281 646 5334 δὲ
705 5280 846 5351 μετά
895 5281 1003 5336 τῶν
1059 5284 1234 5339 ἄλλων
1291 5289 1386 5341 καὶ
1436 5287 1506 5343 τά
1547 5290 1649 5360 τῆς
1683 5292 1742 5345 ὲν
1788 5293 1975 5364 χερσὶν

398 5372 670 5444 ἐλάμϐανε
721 5376 1076 5447 προφητείας.
1141 5380 1307 5451 Ῥητά
1362 5381 1461 5452 μὲν
1505 5378 1598 5437 οὗν
1628 5384 1750 5438 τάδε
1779 5403 1793 5417 ι
1838 5386 1976 5459 πρὸς

395 5464 453 5518 δὲ
496 5465 735 5520 διάνοιαν
777 5468 806 5520 6
873 5468 974 5540 τῆς
1033 5472 1369 5541 προφητείας
1402 5474 1575 5544 λόγος
1616 5477 1832 5548 ἀπάσης
1871 5479 1975 5549 ψυ-

398 5554 498 5625 χῆς
521 5556 583 5609 τὸ
609 5556 868 5622 εὐπαθὲς
887 5559 980 5612 καὶ
990 5560 1300 5632 γαληναῖον,
1320 5562 1414 5616 καὶ
1434 5565 1704 5636 είρηναῖον
1719 5567 1971 5637 σημαίνει

2081 4658 2209 4712 dum
2260 4666 2368 4725 est,
2427 4659 2710 4713 oraculum
2748 4674 2906 4714 suum
2955 4658 3116 4714 linem
3173 4659 3469 4729 accepisse,
3505 4657 3651 4727 quod

2081 4751 2195 4804 ait?
2238 4768 2257 4801 ι
2284 4749 2350 4803 Et
2387 4750 2723 4820 relinquetur
2755 4757 2902 4806 terra
2942 4764 2974 4803 a
3014 4748 3152 4805 facie
3179 4748 3411 4804 duorum
3436 4761 3647 4817 regum,

2079 4857 2220 4912 quos
2255 4852 2313 4897 tu
2363 4844 2525 4898 times
2547 4857 2577 4896 a
2608 4842 2744 4896 facie
2774 4842 3056 4911 ipsorum;
3083 4859 3100 4893 ι
3140 4842 3342 4910 quibus
3382 4840 3437 4892 in
3467 4838 3647 4895 verbis

2078 4946 2234 5001 reges
2260 4944 2360 5000 pro
2414 4932 2597 5004 regnis
2644 4930 2909 4984 nominati
2954 4937 3103 4984 sunt.
3158 4927 3435 4998 Siquidem
3489 4925 3660 5007 εγω-⁹

2078 5022 2305 5077 machus
2350 5022 2426 5076 ita
2486 5023 2602 5077 ait:
2661 5021 3062 5093 «Relinquetur
3123 5028 3293 5083 terra,
3345 5033 3378 5073 a
3427 5034 3534 5088 qua
3586 5036 3645 5073 tu

2075 5114 2220 5168 mala
2282 5115 2519 5185 pateris,
2563 5129 2593 5168 a
2651 5112 2792 5171 facie
2858 5114 3092 5170 duorum
3156 5127 3347 5184 regum
3408 5112 3640 5183 ipsius.»

2075 5203 2271 5276 Aquila
2360 5220 2520 5261 vero:
2634 5203 3030 5275 «Relinquetur
3092 5214 3274 5269 terra,
3341 5219 3505 5275 quam
3585 5212 3644 5259 tu

2074 5295 2292 5353 fastidis
2318 5334 2337 5362 ,
2400 5311 2433 5351 a
2474 5295 2614 5353 facie
2664 5296 2897 5351 duorum
2937 5311 3124 5366 regum
3167 5296 3357 5366 ipsius.
3391 5314 3410 5348 ›
3456 5293 3638 5348 Theo-

2073 5387 2264 5443 dotion
2315 5403 2533 5459 quoque
2592 5388 2784 5444 eodem
2846 5389 3243 5458 interpretatus
3298 5396 3382 5444 est
3438 5388 3630 5440 modo-

2072 5481 2239 5552 319
2265 5501 2283 5533 ι
2311 5479 2693 5553 Relinquetur,
2730 5481 2929 5551 inquit,
2964 5489 3109 5538 terra
3143 5496 3304 5551 quam
3348 5489 3407 5536 tu
3429 5481 3609 5536 abomi

2072 5574 2223 5628 naris
2257 5586 2288 5626 a
2317 5571 2458 5629 facie
2502 5572 2737 5628 duorum
2783 5587 2972 5644 regum
3018 5572 3212 5644 ipsius.
3256 5591 3276 5626 ›
3319 5572 3514 5629 Cernis

396 5645 496 5716 τῆς
528 5646 621 5703 τὸν
654 5649 981 5719 γεννηθέντα
1010 5650 1143 5704 Θεὸν
1177 5652 1340 5705 αὐτὸν
1377 5652 1442 5724 δὴ
1483 5654 1574 5708 τὸν
1628 5656 1970 5729 Ἐμμανουήλ

2089 5662 2394 5718 raticinelur
2425 5670 2627 5718 terram
2673 5665 3085 5735 relinquendam
3136 5679 3260 5721 esse
3293 5666 3412 5721 sine
3462 5680 3587 5735 rege

400 5743 866 5818 παραδεξαμένης.
916 5747 1063 5811 Ἐνδς
1089 5747 1197 5819 γάρ
1230 5750 1464 5823 Χριστοῦ
1500 5752 1594 5805 καὶ
1629 5753 1721 5807 τοῦ
1769 5772 1969 5823 καταγ-

2071 5751 2176 5807 Sed
2203 5768 2366 5823 quam
2401 5754 2617 5825 tandem
2653 5764 2886 5821 terram,
2919 5756 3025 5812 nisi
3053 5755 3516 5835 Damascenorum
3553 5764 3637 5810 at-

397 5829 675 5896 γιλθίντος
727 5835 862 5905 πρὸς
922 5836 1086 5893 αὑτοῦ
1149 5838 1305 5907 λόγου
1362 5840 1461 5912 τῆς
1511 5840 1617 5895 τῶν
1669 5843 1965 5913 ἀνθρώπων

2089 5860 2175 5917 [ue
2201 5843 2412 5900 Israel?
2441 5833 2647 5901 Horum
2692 5847 2836 5903 enim
2888 5848 3001 5904 duo
3029 5861 3182 5919 reges
3211 5855 3390 5915 erant,
3422 5832 3490 5902 de
3513 5845 3642 5916 qui-
