2055 3213
220 163 276 203 sos
545 175 683 211 ιευειεθιι
703 174 945 204 ϐιΕδᾹΚΙΕΝδΙδ
961 175 1031 204 ore

1035 175 1145 205 .PARS
1164 177 1197 204 ll.
1217 193 1252 197 —
1271 176 1522 205 APOLOGETICA.
1794 177 1846 205 5M.

219 238 272 262 lius
301 233 346 261 hic
373 240 463 261 sermo
484 237 538 260 cst.
565 234 687 266 Quorum
718 239 820 262 terram
837 233 927 261 Achar.
957 234 1030 264 l'a-A

1035 251 1040 265 λ
1053 235 1142 270 ψυχῆς
1156 235 1343 270 βασιλεύοντος
1353 255 1360 266 ,
1371 236 1395 261 at
1411 236 1474 271 πρὶν
1491 234 1699 269 ἀποπεφεύγασι
1711 236 1846 272 πολέμιοι,

220 281 348 308 sti‘diebat
377 279 435 305 sive
461 278 672 306 almmiuabatur
692 279 838 312 laborans,
853 279 911 307 sive
936 280 1006 306 mala

1057 281 1102 309 δύο
1123 282 1220 317 τρόποι
1236 281 1407 312 δυσσεϐείας,
1425 281 1439 307 ὃ
1452 290 1482 307 τε
1500 280 1549 316 τὴν
1566 279 1787 316 εἰδωλολατρείαν
1799 291 1845 311 και

220 326 327 362 patiens
341 325 376 352 ab
402 331 445 352 ea.
460 323 577 357 Quando
592 324 685 360 igitur,
699 333 809 360 quaeso,
831 324 884 352 hoc
903 325 1006 352 factum

1056 328 1105 362 τὴν
1118 328 1147 354 ὲν
1163 328 1343 363 πολυτρόπως
1359 327 1491 362 δόγμασιν
1508 326 1674 362 ἑτεροδοξὶαν
1689 327 1847 355 ὑποϐάλλων

218 373 279 401 est?
292 372 341 399 llis
354 371 426 399 enirn
439 371 574 400 confectis
587 391 595 402 ,
614 379 727 399 necesse
737 375 780 399 est
807 379 921 406 prorsus
944 379 1006 399 eam

1056 373 1220 409 ἀνθρώποις,
1239 374 1286 400 καὶ
1304 374 1319 400 ὀ
1334 374 1382 409 τὴν
1398 374 1426 400 ἐν
1441 372 1519 408 ἠθεσι
1534 372 1699 408 διαστροφὴν
1716 374 1844 409 ἐνεργῶν.

218 418 365 453 prophetia
393 421 510 452 partem,
525 417 559 445 de
574 425 628 453 qua
643 418 688 445 hic
707 417 810 446 dictum
825 421 882 448 est,
900 417 934 444 ad
947 419 1006 444 exi-

1056 419 1164 445 Τούτων
1176 419 1205 445 δὲ
1219 417 1265 446 οὗν
1277 418 1372 454 ἔφερον
1383 419 1407 445 οἱ
1423 418 1506 445 πάλαι
1520 417 1681 452 δηλούμενοι
1696 420 1846 454 σωματικαὶ

218 469 274 491 tum
292 464 519 498 pervenisse,hoc
529 468 570 491 est
585 463 735 499 Virginem,
749 464 891 491 nobiscum
909 463 1003 495 Deum,

1056 463 1174 497 βασιλεῖς
1193 464 1227 490 τὰ
1253 464 1393 498 σύμϐολα·
1418 461 1455 490 ὧν
1480 465 1494 490 ό
1519 464 1567 498 μὲν
1589 465 1779 500 Δαμασκηνῶν
1795 465 1846 500 τῆς

217 510 365 545 peperisse.
381 509 413 535 Et
424 518 492 537 sane
507 514 616 537 constat
635 509 707 544 apud
721 517 769 536 eos
783 509 830 543 qui
843 517 897 536 non
913 509 1005 536 indili-

1054 510 1108 536 τῶν
1132 510 1217 537 ἐθνῶν
1245 511 1308 546 περὶ
1329 511 1364 537 τὰ
1386 510 1483 537 εἴδωλα
1504 510 1607 545 πλάνης
1627 510 1709 537 εἰκὼν
1731 509 1776 547 ἦν,
1793 512 1808 538 ὁ
1823 511 1844 538 δ’

217 561 310 589 genter
323 555 455 583 historias
480 555 694 590 exploraverim,
710 555 938 589 quemadmodum
958 564 1004 583 us-

1054 557 1147 591 ἕτερος
1168 557 1222 583 τῶν
1244 557 1418 584 ἀποστάντων
1444 557 1493 591 τῆς
1525 556 1720 592 Ἰερουσαλὴμ,
1746 557 1846 593 δηλαδὴ

216 610 268 636 que
287 601 321 627 ad
333 605 457 635 tempora
473 600 622 629 Salvatoris
639 601 726 628 nostri
743 600 807 628 Jesu
827 601 941 633 Christi,
960 609 1003 629 rc-

1053 602 1107 628 τῶν
1124 603 1361 629 ἁποπεπτωκότων
1379 602 1429 637 τῆς
1451 602 1520 628 κατὰ
1544 602 1589 628 τὸν
1613 603 1695 638 νόμον
1711 602 1758 629 τοῦ
1779 603 1845 630 Θεοῦ

214 656 261 683 ges
285 647 411 675 Damasci
434 655 449 674 a
466 648 616 681 majoribus
629 648 687 675 suis
703 652 843 682 acceptum
859 648 1002 682 imperium

1054 647 1189 682 λατρείας.
1217 649 1277 674 Ὀτι
1306 649 1334 675 δὲ
1358 648 1444 674 ταῦτα
1469 647 1540 674 κατὰ
1563 648 1683 675 διάνοιαν
1707 648 1845 684 τροπικῶς

214 694 363 721 tenuerint.
388 693 455 720 Nam
484 698 597 722 sanctus
621 702 730 729 quoque
754 693 901 728 Apostolus
915 694 1003 721 Aretae

1053 693 1232 728 ἀποδέχεσθαι
1254 695 1405 730 προσήκει,
1430 694 1509 729 μάθοι
1524 694 1557 721 ἄν
1580 703 1621 726 τις
1643 694 1689 720 καὶ
1712 695 1766 721 ἀπὸ
1790 694 1844 721 τῶν

214 740 444 767 Damascenorum
457 740 528 775 regis
541 740 674 770 meminit,
690 745 717 767 et
732 739 853 767 Iudaicae
870 740 958 774 gentis
968 740 1001 767 ad

1053 739 1116 774 ἑξῆς
1132 740 1333 775 ἐπιλεγομένων
1344 761 1350 771 ,
1363 741 1394 767 δι’
1410 737 1448 766 ὧν
1464 740 1493 765 ὲν
1509 742 1542 775 τῇ
1559 740 1653 775 ἡμέρᾳ
1668 739 1716 766 τοῦ
1738 740 1844 775 Ἐμμα-

213 787 279 814 illud
294 794 380 820 usque
393 790 510 821 tempus,
527 787 653 821 quamvis
666 786 852 813 inordinatum
863 790 890 814 et
904 790 1002 821 praeter

1052 785 1133 820 νουὴλ
1159 786 1238 821 μυίας
1257 786 1334 817 τινας
1359 786 1406 812 xui.
1431 787 1559 821 μελίσσας
1583 785 1776 812 ἐπελεύσεσθαι
1803 784 1841 821 τῷ

213 835 297 869 leges,
315 840 429 867 regnum
446 833 583 860 manebat.
600 832 659 859 Non
679 833 754 860 enim
772 841 786 859 ιι
802 841 903 867 genere
915 833 1000 860 David

1059 830 1190 857 Ἰουδαίων
1212 831 1283 857 ἔθνει
1303 833 1351 858 καὶ
1374 833 1387 857 ὁ
1405 832 1483 866 λόγος
1503 831 1643 864 θεσπίζει,
1660 831 1708 863 τὰς
1726 831 1775 866 μὲν
1794 830 1840 857 ἀπ’

213 885 259 906 alit
275 880 406 911 Herodes,
422 883 469 906 aut
484 880 529 913 qui
548 883 610 914 post
625 879 772 911 Herodem,
788 879 939 907 Salvatoris
951 888 1001 907 no-
1016 909 1024 914 _

1030 911 1035 914 _
1051 876 1200 908 Αἰγύπτου,
1218 876 1266 907 τὰς
1280 876 1308 902 δὲ
1325 876 1378 902 ἀπὸ
1393 876 1446 902 τῶν
1464 876 1629 911 Ἀσσυρίων,
1641 876 1691 911 τὴν
1711 875 1841 911 κεφαλὴν,

212 926 261 952 atri
279 926 447 960 temporibus
460 924 636 955 exstiterunt,
651 925 727 959 regni
753 932 943 952 successorem
961 925 1000 952 fe-
1016 909 1023 935 1

1028 910 1098 950 ἲκαὶ
1128 924 1191 955 τοὺς
1220 924 1319 955 πόδας.
1344 925 1391 950 καὶ
1417 924 1463 949 τὸν
1495 922 1613 957 πώγωνα
1637 922 1839 958 ἀποξυρήσειν·

213 971 318 998 rebant.
335 971 370 997 At
395 978 459 997 vero
475 974 536 1004 post
560 970 620 1004 ejus
646 971 797 1002 adviutum,
823 976 938 1006 postque
965 971 999 998 de

1049 969 1192 1004 ἄνθρωπον
1206 970 1233 996 δὲ
1250 970 1366 1005 δάμαλιν
1379 969 1458 1004 βοῶν.
1471 970 1517 995 καὶ
1528 969 1574 995 δύο
1591 969 1713 1005 πρόϐατα
1722 968 1841 1004 θρέψειν,

212 1016 322 1052 Virgine
345 1018 399 1043 uati
417 1016 603 1051 evangelicum
625 1016 653 1043 in
669 1024 766 1043 omnes
789 1016 914 1044 homines
930 1024 997 1051 prm-

1049 1016 1095 1041 κα¹ι
1111 1014 1178 1041 ἄλλα
1192 1015 1252 1041 τινὰ
1267 1015 1326 1041 καθ’
1339 1015 1387 1041 ἕνα
1404 1015 1450 1040 καὶ
1466 1014 1511 1040 τδν
1526 1014 1607 1040 αὑτὸν
1623 1014 1720 1049 χρόνον
1735 1012 1843 1039 ἔσεσθαι

211 1063 386 1093 dicationem,
401 1068 472 1090 terra
483 1063 615 1090 continuo
639 1070 654 1089 a
672 1062 742 1089 facie
770 1063 887 1090 duorum
904 1070 997 1098 regum

1048 1060 1172 1094 οὐδαμῶς
1195 1060 1262 1095 πρὸς
1273 1059 1345 1092 λέξιν
1356 1060 1499 1095 νοούμενα,
1509 1059 1580 1086 κατὰ
1591 1059 1676 1094 μόνην
1687 1058 1714 1085 δὲ
1725 1058 1843 1086 διάνοιαν

210 1109 307 1137 relicta
319 1114 369 1136 est.
384 1109 451 1137 Nam
473 1116 505 1136 ex
522 1109 568 1135 illo
591 1117 652 1136 cum
669 1108 784 1136 Romani
795 1110 916 1136 omnium
933 1118 998 1144 gen—

1049 1106 1231 1141 θεωρούμενα.
1256 1106 1348 1133 Ταῦτα
1378 1107 1427 1141 μὲν
1452 1104 1499 1132 οὖν
1526 1105 1658 1132 τοιαῦτα·
1676 1106 1751 1137 ὅπως
1768 1105 1797 1131 δὲ
1824 1105 1840 1140 ἡ

209 1156 277 1182 tium
304 1155 448 1190 imperium
463 1154 667 1186 obtinuissent,
694 1154 801 1181 solutus
818 1154 928 1189 quidem
954 1159 997 1182 est

1048 1152 1173 1187 παροῦσα
1204 1152 1297 1187 γραφὴ
1330 1152 1380 1187 τῆς
1411 1152 1458 1178 τοῦ
1492 1152 1615 1187 Σωτῆρος
1642 1151 1722 1187 ἡμῶν
1755 1149 1840 1186 Ἰησοῦ

209 1202 299 1229 omnis
313 1210 360 1236 per
376 1201 483 1235 singula
499 1201 576 1233 loca,
591 1205 646 1227 tam
662 1200 783 1235 gentium
799 1208 880 1235 quam
899 1200 997 1227 civita-

1047 1198 1165 1233 Χριστοῦ
1182 1198 1315 1232 γενέσεως
1333 1199 1519 1234 προεσήμαινε
1537 1198 1582 1225 τὸν
1601 1197 1701 1232 τρόπον
1713 1217 1720 1229 ,
1739 1205 1839 1233 μαρτυ-

211 1253 266 1275 tum
292 1247 473 1283 principatus,
499 1246 634 1281 ﬁnemque
654 1254 708 1273 una
724 1254 786 1273 cum
801 1246 896 1273 multis
922 1246 995 1278 aliis.

1049 1246 1125 1280 ρήσει
1150 1241 1201 1270 ὧδέ
1217 1253 1274 1275 πως
1291 1246 1305 1270 ὁ
1326 1243 1521 1279 εύαγγελιστὴς
1543 1243 1658 1278 γράφων
1671 1251 1678 1258 ·
1707 1252 1716 1268 ι
1734 1242 1787 1269 Τοῦ
1811 1241 1839 1268 δὲ

209 1294 292 1320 etiam
306 1301 338 1321 ea
352 1301 413 1327 qua:
427 1292 460 1319 ad
478 1296 638 1327 praesentem
652 1292 824 1326 prophetiam
847 1292 995 1327 pertinent,

1053 1291 1138 1325 Ἰησοῦ
1155 1290 1273 1325 Χριστοῦ
1291 1292 1306 1324 ἡ
1324 1290 1430 1324 γένεσις
1453 1290 1539 1322 οὕτως
1554 1288 1587 1325 ἦν
1599 1298 1605 1302 ·
1620 1289 1839 1324 Μνηστευθείσης

210 1340 307 1366 sortita
330 1342 404 1366 sunt.
420 1339 453 1365 Et
467 1339 525 1366 haec
539 1338 650 1373 quidem
666 1338 700 1365 ad
726 1338 840 1365 verbum
858 1339 996 1373 interpre-

1046 1337 1099 1372 γὰρ
1123 1337 1172 1371 τῆς
1191 1336 1292 1371 μητρὸς
1314 1336 1395 1362 αὐτοῦ
1416 1336 1525 1371 Μαρίας
1548 1335 1588 1371 τῷ
1610 1335 1725 1370 Ἰωσὴφ,
1739 1335 1804 1370 πρὶν
1821 1333 1837 1369 ἢ

210 1385 330 1412 tantibus
340 1385 412 1412 dicta
425 1386 489 1412 sint.
501 1385 541 1412 Ad
557 1391 667 1412 sensum
681 1392 746 1412 vero
760 1385 788 1411 in
799 1384 872 1411 hunc
884 1384 994 1411 modum

1047 1382 1183 1409 συνελθεῖν
1195 1383 1303 1413 αὐτοὺς,
1317 1382 1415 1418 εὑρέθη
1434 1384 1462 1409 ἐν
1479 1382 1577 1417 γαστρὶ
1591 1381 1690 1417 ἔχουσα
1705 1381 1737 1407 ὲκ
1750 1379 1835 1407 Πνεύ-

210 1432 317 1458 dicatur
330 1439 337 1457 :
348 1431 430 1466 hujus
447 1430 597 1466 prophetia:
613 1430 694 1457 verba
712 1430 803 1457 omnis
816 1431 915 1457 animae
935 1438 996 1464 quae

1047 1438 1130 1464 ματος
1147 1429 1234 1463 ἁγίου.
1259 1429 1356 1464 Ἰωσὴφ
1372 1429 1400 1454 δὲ
1416 1429 1430 1454 ὁ
1445 1429 1515 1464 ἀνὴρ
1532 1429 1634 1464 αὐτῆς,
1655 1428 1757 1467 δίκαιος
1781 1425 1818 1453 ὣν
1827 1446 1833 1459 ,

209 1478 292 1505 Deum
301 1479 374 1505 hunc
382 1482 487 1509 natum,
499 1475 886 1512 ipsum,inquam,Emmanuel
901 1483 995 1503 susce-

1045 1476 1093 1502 καὶ
1117 1475 1155 1510 μὴ
1188 1475 1272 1501 θέλων
1299 1475 1547 1511 παραδειγματίσαι
1578 1474 1682 1510 αὐτὴν,
1703 1471 1832 1508 ἐϐουλήθης

209 1523 590 1556 perit,stabiles,tranquillos,
598 1521 726 1556 paciﬁcos
732 1521 886 1556 signiﬁcare
893 1529 993 1549 mores.

1044 1521 1130 1557 λάθρα
1140 1521 1273 1548 ἀπολῦσαι
1284 1521 1378 1556 αὑτήν.
1392 1520 1483 1547 Ταῦτα
1495 1521 1522 1547 δὲ
1534 1520 1615 1548 αὑτοῦ
1629 1519 1832 1556 ἐνθυμηθέντος,

208 1568 269 1597 Uno
282 1569 353 1596 enim
362 1568 482 1598 Christo.
496 1572 523 1595 et
537 1575 570 1595 eo
582 1568 653 1603 quod
666 1568 699 1595 ab
711 1568 770 1602 ipso
781 1567 935 1594 nuntiatum
951 1571 994 1595 est
1007 1581 1019 1609 (

1020 1582 1028 1608 2
1046 1568 1100 1595 ἰδοὺ
1114 1568 1227 1602 ἄγγελος
1239 1567 1340 1602 Κυρίου
1358 1568 1416 1594 κατ’
1429 1567 1495 1602 ὄναρ
1510 1567 1633 1601 φαίνεται
1652 1566 1726 1601 αύτῷ
1738 1565 1831 1600 λέγων·

206 1615 301 1645 verbo,
318 1614 443 1641 humanae
459 1614 556 1641 animae
567 1614 709 1648 imperium
725 1614 874 1645 obtinente,
888 1614 993 1648 priores

1053 1613 1150 1648 Ἰωσὴφ
1179 1613 1237 1645 υἱὸς
1265 1612 1364 1644 Δαυῗδ,
1391 1613 1427 1647 μὴ
1450 1612 1572 1648 φοϐηθῇς
1590 1611 1758 1647 Μραλαῦεῖν
1776 1612 1835 1638 Μα-

207 1661 267 1694 ejus
274 1661 375 1691 hostes,
385 1660 672 1695 duoimpietatismodi
685 1660 768 1695 fugati
778 1665 843 1688 sunt
857 1669 946 1688 :unus
957 1661 991 1692 is,

1048 1659 1115 1695 ριὰμ
1131 1659 1180 1694 τὴν
1195 1659 1313 1693 γυναῖκά
1334 1667 1390 1685 σου.
1407 1659 1443 1684 Τὸ
1459 1658 1513 1694 γὰρ
1530 1658 1558 1685 ὲν
1572 1658 1640 1693 αὐτῇ
1657 1657 1786 1693 γεννηθὲν
1803 1658 1834 1684 ὲκ

206 1707 253 1742 qui
267 1711 293 1733 et
309 1707 519 1734 simulacrorum
535 1708 651 1738 cultum,
667 1711 694 1735 et
710 1708 738 1734 in
754 1707 924 1734 multimodis
934 1707 993 1741 opi-

1047 1705 1203 1740 Πνεύματός
1219 1705 1293 1730 ἐστιν
1306 1705 1395 1738 ἁγίου.
1410 1704 1523 1736 Τέξεται
1533 1703 1561 1730 δὲ
1575 1704 1641 1736 υἱὸν,
1655 1704 1701 1730 καὶ
1711 1703 1832 1735 καλέσεις

205 1753 336 1781 nionibus
349 1753 534 1780 diversitatem
551 1753 707 1780 hominibus
722 1753 887 1788 suggerebat
900 1762 907 1780 :
922 1753 993 1780 alter

1045 1751 1075 1778 τὸ
1089 1751 1174 1786 ὅνομα
1190 1751 1272 1777 αὑτοῦ
1293 1750 1406 1785 Ἰησοῦν.
1427 1750 1512 1782 Αὐτὸς
1531 1749 1585 1785 γὰρ
1607 1749 1689 1776 σώσει
1709 1749 1754 1775 τὸν
1771 1748 1833 1775 λαὸν

206 1799 241 1831 is,
269 1800 314 1835 qui
327 1800 352 1826 in
369 1800 491 1827 moribus
507 1800 712 1834 perversitatem
727 1799 904 1834 propagabat.
923 1798 990 1825 Nam

1045 1796 1127 1823 αὑτοῦ
1147 1796 1201 1823 ἀπὸ
1224 1796 1276 1822 τῶν
1301 1795 1442 1832 ἁμαρτιῶν
1464 1795 1563 1822 αὐτῶν.
1586 1805 1594 1821 ι
1618 1795 1702 1822 Τοῦτο
1727 1794 1757 1830 δὲ
1775 1795 1833 1821 ὅλον

206 1846 235 1877 ii.
248 1846 293 1881 qui
307 1846 371 1873 dicti
389 1850 452 1873 sunt
469 1846 626 1881 corporales
644 1853 731 1880 reges.
748 1845 845 1872 horum
860 1850 939 1872 notas
965 1849 993 1871 et

1044 1843 1170 1876 γέγονεν,
1188 1843 1233 1868 ἴνα
1245 1842 1374 1877 πληρωθῇ
1393 1841 1422 1868 τὺ
1440 1841 1521 1877 ῥηθὲν
1538 1840 1591 1867 ὑπὸ
1602 1840 1649 1867 τοῦ
1667 1840 1770 1876 Κυρίου
1789 1839 1834 1866 διὰ

205 1893 282 1927 signa
298 1892 450 1927 gestabant,
463 1900 478 1919 e
492 1892 592 1927 quibus
606 1899 679 1919 unus
701 1891 879 1919 Damascenis
904 1891 991 1925 impe-

1044 1889 1092 1915 τοῦ
1104 1889 1242 1923 προῳήτου
1254 1888 1378 1922 λέγοντος
1398 1897 1403 1902 '
1424 1887 1489 1914 Ἰδοὺ
1515 1888 1531 1922 ἡ
1544 1886 1678 1922 Παρθένος
1693 1887 1722 1912 ὲν
1734 1885 1833 1922 γαστρὶ

205 1946 279 1968 rans,
303 1939 417 1970 erroris,
437 1938 534 1973 quoin
551 1937 708 1965 simulacris
738 1937 861 1964 colendis
896 1941 991 1971 gentes

1045 1935 1168 1970 λήψεται,
1185 1935 1232 1961 καὶ
1248 1934 1355 1966 τέξεται
1368 1934 1435 1965 υἰὺν,
1448 1934 1495 1961 καὶ
1507 1933 1630 1964 καλέσεις
1643 1932 1674 1958 τὸ
1687 1932 1772 1967 ὄνομα
1784 1932 1832 1958 αὑ-

204 1984 377 2015 tenebantur,
391 1987 449 2011 erat
465 1984 553 2018 imago
568 1993 575 2010 :
592 1983 662 2010 alter
671 1990 735 2010 vero
755 1990 862 2013 eorum,
886 1982 934 2016 qui
955 1982 990 2008 ab

1044 1981 1090 2008 τοῦ
1099 1980 1281 2016 Ἐμμανουὴλ,
1291 1981 1304 2007 ὃ
1313 1981 1370 2006 ἐστι
1382 1978 1662 2014 μεθερμηνευόμενον,
1671 1977 1734 2012 μεθ’
1748 1977 1832 2012 ἡμῶν

203 2028 353 2056 Jerusalem
370 2029 537 2060 defecerant,
559 2028 606 2063 qui
629 2027 754 2055 videlicet
770 2035 785 2054 a
807 2027 854 2055 Dei
871 2028 991 2062 legitima

1046 2029 1062 2054 ό
1076 2028 1157 2059 Θεός.
1165 2026 1259 2053 »Οὕτω
1270 2026 1302 2061 δὴ
1313 2026 1373 2052 καθ’
1381 2027 1454 2061 ἡμᾶς
1462 2025 1496 2052 τὰ
1506 2025 1555 2060 τῆς
1570 2025 1643 2056 θείας
1654 2023 1830 2060 προγνώσεως

205 2075 365 2103 adoratione
388 2075 557 2106 deciderant.
587 2074 702 2109 ﬁgurate
723 2082 869 2109 personam
897 2082 992 2109 gerere

1046 2073 1100 2099 ἀπὺ
1117 2073 1165 2107 τῆς
1181 2072 1234 2098 τῶν
1247 2072 1418 2107 πραγμάτων
1433 2071 1572 2102 ἐκϐάσεως
1580 2070 1730 2102 πιστοῦται,
1745 2068 1831 2100 ἄλλως

202 2119 355 2148 videbatur.
366 2121 448 2156 320
463 2120 541 2153 Quod
558 2128 623 2148 vero
646 2120 704 2147 hazc
726 2120 760 2147 ad
774 2127 886 2148 sensum
902 2128 935 2147 ex
963 2121 994 2146 ii—

1047 2120 1097 2145 οὐκ
1118 2118 1151 2145 ἂν
1163 2118 1213 2153 τῆς
1235 2117 1403 2153 προφητείας
1425 2117 1542 2153 ἀληθοῦς
1558 2114 1829 2151 ἀποφανοησομένης.

202 2174 269 2201 gura
286 2166 409 2201 accipere.
430 2169 563 2200 oporteat,
583 2166 682 2201 poterit
698 2165 834 2200 quispiam
848 2166 930 2193 etiam
943 2174 977 2192 ex
996 2166 1030 2192 iis
1041 2173 1102 2199 qua:
1118 2168 1271 2199 sequuntur
1284 2164 1438 2195 addiscere,
1458 2164 1504 2191 ubi
1518 2163 1546 2190 in
1561 2163 1658 2190 diebus
1671 2161 1830 2188 Emmanuel

203 2222 313 2241 muscas
322 2213 454 2248 quasdam
466 2218 546 2249 atque
559 2222 634 2248 apes,
649 2213 789 2240 Judaicam
805 2217 912 2249 gentem
930 2214 1075 2240 invasuras
1095 2213 1237 2239 oraculum
1258 2212 1342 2243 cauil,
1360 2212 1430 2239 alias
1445 2211 1554 2246 quidem
1573 2212 1607 2238 ab
1624 2210 1750 2246 Aigypto,
1763 2210 1833 2237 alias

202 2263 294 2286 autem
306 2259 340 2286 ab
352 2259 484 2294 Assyriis,
494 2264 575 2295 caput
590 2268 622 2288 ac
637 2260 718 2295 pedes
731 2264 758 2288 et
769 2260 881 2287 barbam
891 2259 1034 2287 Dominum
1055 2259 1229 2290 abrasurum,
1245 2259 1382 2286 hominem
1399 2266 1463 2285 vero
1479 2259 1624 2292 juveucam
1637 2258 1718 2285 boum
1729 2261 1756 2284 et
1764 2257 1833 2284 duas

208 2313 274 2333 oves
283 2306 460 2340 uutriturum,
471 2311 497 2334 et
511 2308 562 2334 alia
575 2308 698 2342 quaedam
712 2308 763 2335 sub
778 2316 862 2334 unum
880 2313 961 2342 atque
975 2309 1045 2335 idem
1063 2312 1170 2342 tempus
1186 2307 1287 2338 futura,
1298 2315 1359 2342 qua:
1372 2306 1447 2333 nullo
1464 2305 1544 2333 modo
1555 2306 1589 2332 ad
1599 2304 1832 2339 verhuminlelligi

201 2357 327 2387 possunt.
337 2353 383 2380 sed
397 2353 430 2380 ad
439 2361 548 2381 sensum
561 2354 693 2381 duntaxat
710 2354 869 2389 accipienda
882 2355 1057 2388 sunt;ethazc
1073 2355 1182 2390 quidem
1197 2354 1223 2381 iu
1233 2354 1307 2381 hunc
1318 2353 1428 2380 modum
1440 2360 1468 2379 se
1482 2352 1592 2379 habent.
1606 2351 1684 2384 Quod
1695 2355 1785 2378 autem
1800 2359 1833 2378 ea

201 2407 262 2434 qua:
272 2400 421 2434 sicscripta
432 2400 661 2431 sunt,Salvatoris
675 2402 761 2428 nostri
774 2400 838 2428 Jesu
861 2401 962 2428 Chriin
981 2401 1091 2428 modum
1108 2400 1238 2427 nascendi
1259 2399 1486 2434 signiﬁcaverim,
1510 2398 1568 2432 ipse
1593 2398 1761 2433 evangelista
1781 2398 1832 2425 hoc

199 2451 280 2479 pacto
299 2447 461 2473 testihcatur
475 2447 617 2485 scribens:
638 2457 647 2472 ε
663 2448 726 2475 Jesu
740 2447 841 2475 Christi
857 2452 947 2475 autem
967 2448 1107 2482 generatio
1118 2448 1159 2475 sic
1175 2450 1236 2474 erat
1250 2446 1334 2474 :Cum
1342 2450 1416 2473 esset
1427 2446 1593 2480 desponsata
1603 2449 1689 2472 mater
1701 2444 1761 2479 ejus
1777 2444 1833 2471 Ma—

201 2491 239 2518 ria
266 2490 381 2526 Jnseph,
409 2496 553 2527 antequam
583 2494 771 2526 convenirent,
787 2495 898 2521 iuventa
917 2497 960 2521 est
981 2494 1008 2520 in
1031 2497 1109 2520 utero
1131 2493 1236 2520 habens
1260 2493 1295 2520 de
1313 2492 1416 2527 Spiritu
1438 2497 1543 2518 sancto.
1565 2490 1665 2525 Joseph
1683 2494 1774 2518 autem
1791 2490 1834 2516 vir

199 2541 270 2573 ejus,
291 2547 352 2567 cum
378 2544 452 2568 esset
464 2541 567 2574 justus,
593 2545 621 2569 et
635 2542 720 2568 nollet
732 2549 791 2569 eam
809 2532 964 2571 traducere.
985 2541 1072 2567 voluit
1086 2541 1193 2569 occulte
1210 2540 1349 2567 dimittere
1364 2546 1434 2566 eam.
1454 2537 1516 2564 Haae
1530 2542 1621 2565 autem
1636 2545 1669 2564 eo
1682 2537 1833 2572 cogitante,

197 2593 263 2613 ecce
277 2586 396 2621 Angelus
414 2587 521 2615 Domini
544 2588 571 2615 in
592 2589 697 2616 somnis
717 2593 829 2624 apparet
844 2589 869 2616 ei
884 2589 996 2616 dicens:
1012 2588 1111 2624 Ioseph
1127 2589 1163 2615 liii
1187 2587 1283 2619 David,
1301 2587 1355 2614 noli
1372 2586 1469 2613 timere
1484 2586 1608 2620 accipere
1627 2585 1740 2612 Mariam
1763 2593 1832 2612 cou-

196 2632 287 2666 jugem
303 2635 388 2659 tuam.
403 2632 482 2665 Quod
497 2633 570 2660 enim
583 2633 609 2661 in
620 2642 652 2662 ea
664 2635 785 2669 genitum
793 2639 845 2666 est,
865 2634 899 2662 de
923 2634 1026 2669 Spiritu
1043 2639 1139 2662 sancto
1152 2638 1204 2662 est.
1224 2633 1316 2660 Pariet
1331 2638 1422 2659 autem
1441 2632 1526 2658 lilium
1536 2651 1543 2663 ,
1558 2636 1585 2659 et
1603 2632 1714 2659 vocabis
1731 2639 1833 2659 nomen

197 2676 258 2710 ejus
271 2675 374 2704 Jesum.
402 2677 461 2713 Ipse
476 2679 549 2705 enim
566 2680 671 2707 salvum
684 2679 765 2708 fat-iet
782 2680 912 2715 populum
927 2688 1007 2707 suum
1023 2688 1037 2706 a
1053 2681 1173 2715 peccatis
1196 2679 1327 2714 ipsorum.
1348 2677 1405 2704 Hoc
1422 2681 1514 2704 autem
1530 2681 1617 2704 totum
1647 2675 1760 2704 factum'
1777 2681 1830 2709 est,

198 2727 229 2749 ιιι
241 2723 400 2758 impleretur
414 2725 487 2759 quod
511 2725 614 2753 dictum
641 2731 683 2754 est
706 2734 722 2753 a
743 2726 857 2754 Domino
881 2735 928 2762 per
952 2728 1111 2763 prophetam
1137 2727 1272 2754 dicentem
1291 2735 1297 2752 :
1320 2725 1390 2752 Ecce
1414 2726 1488 2759 virgo
1510 2726 1536 2751 in
1565 2729 1644 2752 utero
1667 2724 1787 2756 habebit,
1803 2729 1832 2751 et

199 2768 286 2803 pariet
309 2769 404 2802 tilium,
431 2775 458 2799 et
479 2773 592 2800 vocabis
609 2781 708 2802 nomen
721 2774 782 2809 ejus
798 2773 956 2802 Emmanuel
967 2795 974 2806 .
990 2774 1062 2810 quod
1078 2780 1120 2802 est
1142 2775 1362 2809 interpretatum,
1377 2773 1513 2800 nobiscum
1534 2771 1604 2799 Deus
1620 2772 1654 2800 “.
1674 2781 1684 2798 ι
1702 2771 1747 2799 Sic
1764 2780 1832 2799 sane

200 2816 349 2843 secundum
363 2824 414 2845 nos
427 2825 469 2851 ea,
483 2826 545 2854 quae
558 2819 591 2847 ad
604 2821 724 2849 divinam
741 2822 943 2857 praedictionem
963 2824 1110 2858 pertinent.
1123 2830 1155 2849 ex
1175 2822 1235 2856 ipso
1253 2829 1343 2848 rerum
1359 2826 1456 2848 eventu
1478 2821 1704 2856 comprobantur:
1718 2820 1829 2856 quippe.

201 2869 261 2889 cum
284 2863 335 2889 alia
365 2864 486 2896 ratione,
518 2875 655 2902 nunquam
676 2877 730 2905 pra:
747 2877 775 2898 se
794 2870 935 2899 veritatem
955 2871 1095 2907 prophetia
1125 2872 1212 2897 latura
1236 2877 1297 2896 esu:
1318 2869 1449 2896 videatur.

232 2935 251 2948 “
269 2932 362 2960 Matth.
383 2942 401 2966 ι,
421 2933 512 2961 13-25.
