4110 6442
453 371 556 429 505

1346 367 2000 428 DEMONSTRATIONIS
2039 374 2497 430 ΕνΑΝοΕιιιιιΕ
2531 376 2656 434 LIB.
2700 377 2815 432 Vll.

3603 382 3706 437 566

532 490 690 560 Ἑξῆς
720 489 778 542 δέ
823 489 1028 542 τούτων
1059 488 1180 540 τίνα
1223 488 1316 540 καὶ
1355 488 1529 541 ὁπόσα
1564 487 1779 556 λέγεται
1815 487 2031 541 ἔσεσθαι

2208 489 2465 546 Ροειιιωο
2489 498 2694 553 autem,
2724 507 2974 560 quamam
3005 497 3060 545 et
3087 500 3222 562 quot
3259 492 3442 547 futura
3473 509 3598 550 esse
3631 495 3711 548 di-

449 598 509 638 εν
541 585 607 653 τῇ
643 582 827 654 ἡμέρα
853 581 1035 651 ἐκείνῃ
1062 619 1078 643 ,
1123 580 1279 650 δῆλον
1307 579 1384 645 δέ,
1417 581 1500 632 ὅτι
1532 580 1591 631 ἐν
1619 579 1696 649 τῷ
1724 578 1899 650 χρόνῳ
1929 583 2028 650 τῆς

454 673 770 744 ἐπιφανείας
807 671 899 724 τοῦ
954 672 1295 742 Ἑμμανουὴλ
1317 712 1332 735 ,
1377 671 1542 742 φέρε,
1584 672 2023 741 κατανοήσωμεν·

459 784 477 816 ι
514 762 1155 835 Συριεῖ,ιφησ“ι,ιΚύριος
1186 762 1392 834 μυίαις,
1411 763 1467 817 αἳ
1489 763 1798 834 κυριεύουσι
1829 761 2029 832 μέρους

449 853 694 924 ποταμοῦ
746 853 1057 921 Αἰγύπτου,
1106 855 1202 906 καὶ
1235 857 1301 924 τῇ
1353 855 1618 928 μελίσσῃ,
1681 856 1715 924 ἦ
1763 856 1908 906 ἐστιν
1972 855 2028 906 ἐν

447 944 602 1015 χώρᾳ
643 945 960 1016 Ἀσσυρίων,
995 946 1089 997 καὶ
1118 945 1458 1009 ἐλεύσονται,
1494 948 1590 1000 καὶ
1628 945 2030 1000 ἀναπαύσονται

448 1037 504 1089 ἐν
529 1039 649 1098 ταῖς
671 1037 907 1107 φάραγξι
934 1038 1032 1106 τῆς
1066 1037 1277 1108 χώρας,
1298 1039 1392 1092 καὶ
1414 1039 1470 1091 ἐν
1485 1041 1602 1102 ταῖς
1626 1037 1893 1108 τρώγλαις
1923 1036 2030 1089 τῶν

450 1125 683 1196 πετρῶν,
717 1127 810 1180 καὶ
838 1129 918 1189 είς
953 1128 1020 1181 τὰ
1051 1128 1312 1194 σπήλαια,
1353 1129 1444 1182 καὶ
1469 1131 1548 1192 εἰς
1579 1131 1758 1182 πᾶσαν
1795 1129 2028 1200 ῥαγάδα,

451 1217 544 1268 καὶ
575 1218 635 1269 ἐν
665 1218 827 1271 παντὶ
861 1217 1022 1288 ξύλῳ.
1066 1220 1155 1272 Ἐν
1175 1219 1441 1290 τῇὴμέρᾳ
1461 1220 1646 1292 ἐκείνῃ
1675 1221 1896 1291 ξυρήσει
1921 1219 2031 1272 Κύ-

455 1327 564 1379 ριος
609 1313 665 1364 ἐν
702 1312 783 1382 τῷ
828 1311 974 1382 ξυρῷ
1014 1312 1091 1382 τῷ
1119 1313 1359 1384 μεγάλῳ,
1393 1314 1472 1386 τῷ
1498 1315 1895 1386 μεμισθωμένῳ
1931 1315 2029 1366 πέ-

452 1422 550 1476 ραν
572 1405 664 1459 τοῦ
703 1407 949 1478 ποταμοῦ
974 1406 1237 1476 βασιλέως
1283 1407 1607 1480 Ἀσσυρίων,
1639 1409 1736 1478 τὴν
1769 1408 2029 1478 κεφαλὴν,

449 1499 544 1552 καὶ
575 1499 672 1561 τὰς
714 1497 906 1570 τρίχας
959 1499 1066 1552 τῶν
1120 1500 1314 1564 ποδῶν,
1365 1501 1459 1554 καὶ
1495 1499 1585 1553 τὸν
1631 1499 1871 1567 πώγωνα
1901 1501 2031 1568 ἀφε-

448 1591 547 1644 λεῖ.
573 1593 684 1645 Καὶ
708 1590 861 1643 ἐσται
918 1591 978 1645 ἐν
1024 1594 1089 1662 τῇ
1119 1595 1302 1662 ἡμέρᾳ.
1345 1591 1550 1664 ἐκείνῃ,
1594 1591 1785 1664 θρέψει
1825 1591 2032 1663 ἀνθρω-

451 1701 550 1747 πος
572 1683 804 1753 δάμαλιν
840 1682 978 1753 βοῶν
1002 1723 1017 1746 ,
1061 1685 1155 1737 καὶ
1185 1683 1278 1737 δύο
1307 1683 1582 1755 πρόϐατα,
1619 1685 1713 1738 καὶ
1738 1683 1890 1737 ἐσται
1924 1683 2032 1738 ἀπὸ

449 1775 542 1828 τοῦ
586 1775 839 1828 πλεῖστον
891 1778 1064 1828 ποιεῖν
1104 1774 1280 1843 γάλα’
1323 1775 1555 1844 φάγεται
1606 1774 1892 1846 βούτυρον,
1949 1776 2030 1827 ὅτι

2136 588 2352 644 cantur,
2377 583 2458 636 vel
2488 582 2654 644 bona,
2688 582 2771 635 vel
2798 583 2938 636 mala
2963 582 3017 635 in
3045 582 3133 636 die
3160 584 3271 647 illa,
3304 586 3407 640 hoc
3441 596 3545 650 est,
3598 609 3709 658 quo

2137 679 2380 741 tempore
2431 672 2683 727 adveniet
2717 671 3057 736 Emmanuel,
3091 674 3221 728 hinc
3248 676 3359 744 jam
3394 680 3710 736 considere-

2137 779 2260 818 mus
2295 782 2306 816 ε
2347 781 2366 812 ‹
2409 761 2694 826 Sibilabit,
2753 764 2964 834 inquit,
3012 763 3273 821 Dominus
3311 771 3550 832 muscis,
3587 789 3710 841 qua:

2137 855 2490 908 dominantur
2520 857 2573 909 in
2625 864 2778 925 parte
2808 856 3050 911 ﬂuminis
3101 853 3343 929 Egypti,
3375 869 3430 914 et
3467 863 3553 931 api
3590 881 3711 936 qua:

2135 953 2222 999 est
2247 944 2298 998 in
2329 953 2473 998 terra
2499 946 2872 1015 Assyriorum,
2903 956 2956 1001 et
2986 949 3222 1012 venient,
3259 960 3312 1005 et
3341 952 3625 1021 quiescent
3653 957 3711 1010 in

2137 1037 2480 1091 convallibus
2510 1037 2747 1106 regionis
2773 1080 2788 1102 ,
2817 1047 2870 1092 et
2908 1039 2961 1092 in
2990 1037 3352 1098 foraminibus
3395 1053 3671 1114 petrarum
3690 1087 3708 1112 ,

2136 1138 2190 1184 et
2211 1129 2264 1182 in
2293 1129 2590 1198 speluncis,
2626 1136 2680 1182 et
2713 1130 2766 1182 in
2799 1131 2949 1184 omni
2979 1133 3243 1199 scissura,
3291 1144 3346 1190 et
3374 1137 3429 1191 in
3462 1140 3611 1194 omni
3646 1141 3711 1204 li:

2138 1237 2268 1292 gno.
2292 1220 2349 1274 In
2373 1221 2462 1276 die
2491 1221 2580 1274 illa
2619 1221 2771 1276 radet
2799 1220 3060 1278 Dominus
3100 1224 3154 1277 in
3193 1228 3455 1281 novacula
3489 1245 3709 1299 magna,

2136 1327 2258 1380 quae
2286 1311 2533 1365 mercede
2567 1310 2838 1365 conducta
2867 1319 2970 1374 est,
2997 1313 3137 1366 ultra
3167 1312 3392 1368 ﬂuvium
3427 1317 3570 1387 regis
3603 1317 3709 1374 As-

2139 1403 2434 1472 syriorum,
2462 1403 2620 1472 321
2665 1412 2829 1472 caput
2857 1413 2911 1457 et
2947 1404 3084 1473 pilos
3123 1405 3341 1474 pedum,
3391 1417 3445 1461 et
3487 1409 3711 1464 barbam

2138 1494 2370 1557 auferet,
2402 1503 2457 1549 et
2486 1496 2592 1550 erit
2640 1495 2694 1548 in
2727 1495 2816 1550 die
2846 1495 2960 1558 illa,
2997 1495 3202 1550 nutriet
3228 1495 3393 1551 homo
3417 1498 3711 1566 juvencam

2137 1588 2302 1641 boum
2332 1595 2388 1642 et
2413 1587 2554 1650 duas
2584 1601 2736 1649 oves,
2781 1595 2834 1642 et
2862 1587 2968 1642 erit
3003 1603 3071 1641 ex
3117 1603 3183 1643 eo
3209 1587 3358 1658 quod
3418 1590 3712 1659 plurimum

2139 1676 2302 1732 faciet
2349 1677 2456 1739 lac,
2489 1677 2738 1731 comedet
2767 1677 3052 1747 butyrum:
3084 1680 3341 1748 quoniam
3373 1679 3622 1751 butyrum
3659 1689 3718 1742 ct

2137 1769 2242 1823 mel
2270 1769 2518 1822 comedet
2589 1767 2770 1822 omnis
2827 1768 2921 1836 qui
2967 1767 3193 1823 relictus
3225 1767 3389 1823 fuerit
3436 1769 3493 1823 in
3543 1779 3711 1834 terra,

452 1867 710 1937 βούτυρον
746 1867 841 1919 καὶ
889 1867 1010 1936 μέλι
1054 1867 1287 1936 φάγεται
1321 1869 1430 1930 πᾶς
1458 1869 1486 1920 ό
1520 1867 1900 1937 καταλειφθεὶς
1937 1871 2031 1923 ἐπὶ

2136 1868 2185 1914 et
2213 1861 2318 1915 erit
2363 1860 2417 1912 in
2463 1859 2552 1914 die
2580 1859 2694 1924 illa,
2727 1861 2906 1914 omnis
2948 1860 3104 1915 locus
3159 1860 3472 1930 ubicunque
3511 1862 3716 1916 fuerint

450 1960 550 2028 τῆς
574 1959 698 2028 γῆς.
739 1960 850 2013 Καὶ
885 1959 1034 2012 ἔσται
1066 1961 1124 2013 ἐν
1147 1963 1213 2030 τῇ
1243 1960 1428 2032 ἡμέρᾳ
1453 1961 1636 2034 ἐκείνῃ
1656 2001 1671 2025 ,
1699 1963 1806 2026 πᾶς
1832 1963 1994 2026 τόπος
2013 2003 2028 2028 ,

450 2042 511 2100 οὗ
536 2049 600 2102 ἂν
625 2045 729 2102 ὦσι
763 2049 929 2118 χίλιαι
957 2049 1189 2118 ἄμπελοι
1219 2051 1406 2120 χιλίων
1450 2052 1648 2106 σίκλων
1667 2092 1682 2116 ,
1723 2055 1806 2117 είς
1838 2054 2030 2126 χέρσον

448 2141 660 2194 ἔσονται
685 2141 779 2194 καὶ
803 2143 884 2204 είς
905 2141 1166 2204 ἄκανθαν,
1197 2144 1332 2212 μετὰ
1363 2144 1550 2214 βέλους
1578 2145 1672 2197 καὶ
1700 2144 2031 2215 τοξεύματος

446 2228 839 2283 εἰσελεύσονται
865 2234 1000 2294 ἐκεῖ,
1016 2233 1097 2285 ὃτι
1122 2233 1316 2304 χέρσος
1336 2236 1430 2287 καὶ
1459 2235 1670 2288 ἄκανθα
1695 2235 1851 2290 ἐσται
1880 2239 2031 2290 πᾶσα

443 2318 584 2390 ἡ,χῆ
611 2360 626 2384 ,
671 2320 766 2372 καὶ
800 2323 911 2373 πᾶν
941 2321 1068 2392 ὅρος
1107 2323 1517 2394 ἀροτριώμενον
1546 2327 2026 2398 ἀροτριαθὴσεται.

446 2411 520 2466 υύ
557 2411 632 2482 μὴ
659 2411 864 2484 ἐπέλθῃ
889 2415 1006 2466 ἐκεῖ
1036 2414 1198 2482 φόϐος
1222 2430 1236 2445 ⁸
1270 2414 1421 2468 ἕσται
1447 2415 1554 2486 γάρ
1579 2417 1686 2470 ἀπὸ
1703 2417 1803 2486 τῆς
1834 2417 2030 2488 χέρσου

449 2522 542 2558 σου
579 2506 674 2558 καὶ
704 2505 949 2576 ἀκάνθης
982 2508 1063 2570 είς
1107 2506 1361 2577 βόσκημα
1394 2508 1699 2578 προϐάτου,
1734 2509 1829 2562 καὶ
1861 2526 2030 2563 κατα-

447 2596 676 2667 πάτημα
715 2596 854 2667 βοός.
885 2618 903 2648 ›
936 2599 1185 2651 Τοσαῦτα
1219 2598 1435 2652 ἐσεσθαι
1485 2602 1542 2653 ἐν
1577 2603 1644 2672 τῇ
1707 2601 1890 2674 ἡμέρᾳ
1933 2601 2029 2655 τοῦ

465 2688 810 2759 Ἐμμανουήλ
838 2693 871 2760 ἡ
905 2690 1156 2761 παροῦσα
1205 2693 1510 2763 προφητεία
1559 2693 1838 2766 περιέχει’
1886 2693 2030 2765 ἅπερ

446 2782 638 2845 ὁποίας
667 2781 848 2853 έχεται
889 2782 1128 2853 θεωρίας
1173 2782 1292 2854 ὥρα
1340 2783 1598 2850 διελθεῖν,
1650 2785 1750 2856 τὴν
1793 2785 2031 2839 διάνοιαν

450 2871 927 2942 ἐπιτεμνομένους.
962 2893 979 2924 ι
1010 2873 1210 2944 Συριεῖ,
1242 2892 1261 2924 ι
1287 2875 1450 2944 φησι,
1479 2893 1498 2925 ι
1532 2873 1734 2946 Κύριος
1763 2876 1950 2945 μυίαις
1973 2878 2031 2928 ἐν

447 2964 515 3032 τῇ
549 2964 733 3035 ἡμέρᾳ
764 2965 970 3035 ἐκείνῃ,
998 2965 1053 3018 αἳ
1084 2963 1398 3036 κυριεύουσι
1427 2965 1625 3037 μέρους
1654 2965 1905 3037 ποταμοῦ
1937 2967 2032 3019 Αί-

449 3053 679 3123 γύπτου,
697 3055 790 3108 καὶ
810 3058 876 3127 τῇ
904 3056 1155 3126 μελίσσῃ,
1173 3057 1208 3126 ἡ
1239 3058 1384 3109 ἐστιν
1405 3058 1463 3110 ἐν
1489 3056 1644 3128 χώρᾳ
1673 3057 1991 3128 Ἀσσυρίωνο
2007 3078 2025 3109 ι

447 3149 570 3210 ταῖς
613 3147 710 3217 μὲν
756 3147 1047 3218 προτέραις
1077 3146 1477 3218 εἰδωλολατρῶν
1528 3147 1735 3219 ἀνδρῶν
1762 3149 1962 3219 ψυχαῖς
1993 3149 2027 3220 ἢ

453 3238 547 3290 καὶ
594 3237 924 3308 δυνάμεσιν,
969 3237 1046 3300 ώς
1085 3233 1276 3308 οἶμαι,
1325 3237 1655 3306 ἀκαθάρτοις
1701 3241 1795 3292 καὶ
1843 3240 2030 3312 ἀηδέσι

455 3325 638 3395 μυίαις
661 3325 1087 3397 ὀνομαζομέναις
1105 3363 1122 3389 ,
1156 3327 1250 3379 καὶ
1281 3327 1464 3397 μυίαις
1487 3328 1905 3395 Αίγυπτιακαῖς,
1941 3329 2033 3382 θυ-

452 3418 595 3481 σίαις
638 3419 732 3471 καί
775 3418 1002 3488 αἴμασιν
1056 3418 1288 3471 εἰδώλων
1335 3419 1687 3490 χαιρούσαις⁸
1725 3424 1791 3493 τῇ
1827 3422 1884 3475 δὲ
1938 3441 2033 3493 με-

451 3510 607 3580 λίσσῃ
639 3508 764 3578 ζώῳ
804 3510 1027 3580 κέντρον
1059 3511 1439 3581 ἐπιφερομένῳ
1461 3551 1474 3573 ,
1508 3511 1818 3581 βασιλεύειν
1845 3531 1904 3566 τε
1940 3517 2032 3568 καὶ

453 3600 869 3671 βασιλεύεσθαι,
917 3601 1012 3654 καὶ
1042 3601 1297 3672 πολεμεῖν
1331 3604 1699 3674 ἐπισταμένῳ,
1733 3603 2033 3675 ἀμύνεσθαί

450 3708 510 3744 τε
535 3692 627 3744 καὶ
654 3689 974 3761 τιτρώσκειν
1006 3691 1170 3743 εἰδότι
1194 3692 1320 3755 τοὺς
1345 3691 1786 3763 ἀνθισταμένους.
1821 3694 2034 3757 Ταύτας

451 3778 544 3834 οὖν
571 3781 706 3851 ὁμοῦ
743 3781 1098 3846 συνελθούσας
1120 3821 1136 3844 ,
1165 3782 1264 3845 τὰς
1301 3784 1397 3852 μὲν
1430 3785 1496 3837 ἐκ
1548 3784 1649 3854 τῆς
1678 3786 1786 3838 τῶν
1817 3785 2034 3838 εἰδωλο-

453 3871 666 3942 λατρῶν
712 3872 922 3942 χώρας,
965 3873 1062 3935 τὰς
1109 3873 1166 3925 δὲ
1201 3874 1309 3926 ἀπὸ
1334 3875 1434 3943 τῆς
1460 3874 1570 3927 τῶν
1600 3875 2034 3930 κατευθυνόντων

453 3961 558 4031 γῆς
601 3960 1102 4031 (κατευθύνοντες
1156 3962 1262 4034 γὰρ
1291 3965 1340 4017 οἱ
1378 3965 1653 4037 ’Δσσύριοι
1700 3967 2032 4038 ἑρμηνεύον-

453 4052 588 4122 ται),
643 4051 888 4105 κελεύσει
943 4051 1132 4123 ὥσπερ
1166 4055 1407 4125 σύρισμά
1454 4073 1507 4108 τι
1541 4057 1635 4110 τοῦ
1686 4059 1892 4129 Κυρίου
1943 4062 2036 4114 καὶ

453 4140 589 4195 Θεοῦ
626 4141 736 4195 τῶν
769 4142 906 4194 ὅλων
949 4144 1045 4213 τῆς
1095 4144 1356 4209 Ἰουδαίας
1387 4147 1607 4217 ἀπάσης
1645 4149 2034 4220 ἐπικρατήσειν

453 4231 542 4286 διὰ
583 4231 682 4303 τὴν
723 4233 804 4294 είς
837 4233 1071 4303 Χριστὸν
1121 4235 1378 4288 ἀπιστίαν
1410 4237 1591 4290 αὐτῶν
1614 4277 1628 4302 ,
1665 4240 1723 4291 ἐν
1753 4241 1818 4309 τῇ
1855 4239 2036 4311 ἡμέρᾳ

453 4324 548 4378 τοῦ
587 4325 952 4398 Ἐμμανουὴλ,
979 4327 1131 4396 φησί.
1173 4328 1436 4396 Σημαίνει
1461 4329 1519 4382 δέ
1563 4329 1652 4382 διὰ
1677 4330 1880 4385 τούτων
1906 4331 2034 4402 ἔθνη

455 4414 724 4483 ἀλλόφυλα
753 4417 846 4470 καὶ
880 4418 1248 4488 στρατιωτικά
1272 4420 1516 4490 οἰκήσειν
1543 4419 1640 4492 τὴν
1676 4421 2034 4496 Ἰερουσαλὴμ

2135 1952 2282 2007 mille
2306 1951 2444 2007 vites
2463 1966 2564 2021 pro
2583 1951 2729 2008 mille
2753 1953 2927 2015 siclis,
2949 1953 3003 2007 in
3031 1961 3236 2010 terram
3256 1956 3515 2010 incultam
3528 1965 3712 2018 erunt,

2133 2051 2188 2099 et
2221 2044 2276 2097 in
2309 2044 2541 2113 spinam,
2577 2058 2701 2097 cum
2719 2045 2913 2114 sagitta
2934 2055 2988 2100 et
3010 2060 3140 2100 arcu
3165 2047 3540 2117 ingredienlur
3560 2047 3714 2111 illuc,

2132 2136 2394 2206 quoniam
2434 2135 2798 2191 terrainculta
2817 2145 2871 2191 et
2898 2138 3055 2206 spina
3104 2139 3210 2194 erit
3249 2139 3430 2194 omnis
3457 2146 3628 2206 terra,
3661 2146 3717 2194 et

2133 2229 2311 2283 omnis
2345 2243 2504 2282 mons
2530 2228 2624 2298 qui
2658 2237 2870 2292 aratur,
2905 2229 3169 2285 arabitur.
3200 2228 3320 2284 Non
3354 2229 3717 2284 accedetilluc

2133 2328 2332 2384 terror,
2365 2319 2468 2373 erit
2494 2320 2640 2373 enim
2673 2334 2702 2372 a
2731 2330 2879 2374 terra
2920 2320 3125 2374 inculta
3151 2328 3206 2374 et
3236 2320 3393 2390 spina
3423 2319 3478 2373 in
3514 2333 3717 2388 pascua

2132 2411 2272 2477 ovis,
2307 2421 2362 2466 et
2413 2411 2468 2465 in
2502 2409 2978 2464 conculcationem
3039 2411 3196 2466 bovis
3242 2410 3310 2468 "".
3354 2430 3372 2462 ι
3415 2407 3541 2465 Σηωο
3602 2417 3714 2465 tam

2131 2504 2305 2558 multa
2355 2504 2539 2557 futura
2571 2505 2624 2558 in
2660 2503 2750 2559 die
2785 2502 3127 2568 Emmanuel,
3164 2518 3403 2572 praesens
3432 2503 3716 2573 prephetia

2131 2594 2416 2664 complexa
2443 2601 2551 2655 est,
2581 2607 2704 2662 quae
2729 2591 2881 2662 quali
2912 2593 3375 2662 contemplatione
3416 2591 3716 2647 scrutanda

2133 2687 2266 2749 sint,
2299 2685 2412 2754 jam
2445 2685 2681 2754 experiri
2716 2691 2933 2754 tempus
2979 2695 3083 2745 est,
3117 2683 3292 2754 ipsam
3341 2684 3557 2738 interim
3587 2699 3715 2738 sen-

2134 2778 2358 2832 tentiam
2391 2775 2744 2832 dividentes:
2815 2795 2834 2827 ι
2874 2775 3147 2838 Sibilabit,
3202 2777 3398 2846 inquit,
3450 2776 3714 2830 Dominus

2133 2869 2338 2924 muscis
2364 2869 2418 2922 in
2455 2868 2545 2923 die
2573 2869 2688 2931 illa,
2737 2883 2860 2938 qua:
2889 2867 3248 2922 dominantur
3277 2867 3331 2922 in
3363 2876 3514 2937 parte
3537 2868 3717 2920 ﬂumi-

2133 2962 2220 3017 nis
2252 2961 2496 3033 Egypti,
2531 2970 2585 3017 et
2619 2961 2708 3032 api
2733 2969 2960 3031 quaeest
2996 2961 3050 3014 in
3090 2968 3234 3015 terra
3269 2961 3640 3032 Assyriorum,
3689 2979 3709 3012 ι

2138 3053 2228 3108 ubi
2261 3054 2505 3108 virorum
2541 3053 2696 3123 prius
2731 3054 3025 3108 simulacra
3081 3052 3424 3107 adorantium
3477 3051 3712 3116 animas,

2134 3151 2227 3197 aut
2248 3144 2411 3198 etiam
2443 3144 2708 3214 quasdam
2743 3152 2797 3198 et
2827 3142 3136 3197 immundas
3170 3150 3225 3196 et
3273 3142 3504 3197 infestas
3563 3149 3717 3211 pote-

2133 3244 2327 3302 states,
2356 3251 2576 3292 muscas
2602 3236 2838 3292 arbitror
2870 3235 3162 3299 nominari,
3196 3241 3250 3289 et
3280 3250 3500 3290 muscas
3546 3232 3718 3304 Egy-

2134 3331 2368 3400 ptiacas,
2399 3344 2522 3399 quas
2571 3329 2861 3384 sacriﬁciis
2925 3338 2982 3382 et
3037 3327 3329 3382 cruoribus
3383 3326 3710 3381 simulacro—

2137 3437 2256 3477 rum
2285 3421 2546 3492 gaudent.
2578 3421 2711 3490 Apis
2744 3436 2874 3475 vero
2928 3426 3013 3475 est
3042 3419 3243 3472 animal
3297 3420 3492 3474 aculeo
3529 3433 3714 3472 arma-

2136 3521 2272 3578 tum,
2308 3519 2362 3566 et
2397 3511 2544 3582 quod
2584 3511 2880 3581 regnandi,
2925 3525 2990 3565 ac
3023 3509 3128 3566 sub
3154 3525 3281 3579 rege
3313 3509 3568 3579 degendi,
3599 3510 3718 3564 bel-

2134 3603 2390 3672 landique
2438 3602 2722 3658 scientiam
2755 3603 2936 3667 habet,
2976 3609 3030 3656 et
3073 3600 3260 3656 ulcisci
3316 3615 3379 3654 ac
3427 3601 3720 3657 vulnerare

2134 3694 2490 3750 adversantes
2549 3693 2809 3748 idoneum
2869 3701 2975 3748 est.
3022 3691 3200 3746 Hasce
3251 3693 3416 3761 igitur
3444 3693 3498 3745 in
3533 3692 3714 3746 locum

2137 3802 2304 3840 unum
2351 3786 2776 3845 convenientes.
2812 3785 2950 3839 alias
2986 3785 3207 3854 quidem
3251 3784 3320 3839 de
3369 3785 3592 3852 regione
3621 3799 3717 3839 eo-

2136 3890 2256 3929 rum
2290 3875 2381 3944 qui
2408 3874 2702 3930 simulacra
2730 3873 2979 3938 adorant,
3024 3873 3160 3926 alias
3187 3887 3318 3925 vero
3350 3870 3418 3924 de
3440 3877 3584 3924 terra
3617 3885 3717 3938 gu-

2135 3967 2480 4022 bernantium
2508 3965 2740 4037 (Assyrii
2773 3965 2915 4020 enim
2955 3980 3023 4020 ex
3051 3962 3501 4033 interpretatione
3535 3962 3715 4015 nomi-

2135 4059 2223 4114 nis
2257 4057 2605 4127 gubernantes
2635 4055 3231 4128 intelliguntur),jussu
3255 4063 3310 4109 et
3336 4054 3492 4124 quasi
3525 4051 3716 4108 sibila-

2138 4152 2286 4206 tione
2312 4149 2526 4204 Domini
2553 4157 2608 4205 et
2639 4149 2734 4204 Dei
2766 4165 2948 4204 rerum
2976 4149 3243 4215 omnium,
3277 4146 3477 4203 Iudaeae
3502 4148 3715 4202 univer-

2138 4257 2212 4297 sa:
2237 4244 2622 4313 imperaturas,
2657 4249 2875 4311 propter
2905 4241 3080 4311 ipsius
3111 4241 3168 4294 in
3196 4241 3478 4294 Christum
3532 4241 3715 4294 incre-

2137 4334 2420 4389 dulitatem
2455 4334 2552 4397 ait,
2586 4334 2640 4387 in
2667 4333 2756 4388 die
2786 4332 3129 4387 Emmanuel.
3177 4331 3273 4386 His
3303 4340 3484 4387 autem
3531 4333 3715 4389 verbis

2137 4427 2406 4497 signiﬁcat
2429 4433 2619 4496 gentes
2667 4433 2923 4481 externas
2952 4431 3006 4480 et
3051 4424 3341 4488 militares,
3371 4424 3715 4480 habitaturas

456 4506 550 4558 καὶ
575 4505 671 4576 τὴν
709 4506 968 4561 Ἰουδαίαν
996 4509 1097 4578 γῆν
1122 4525 1135 4538 ·
1165 4509 1301 4580 ὅπερ
1327 4511 1420 4562 καὶ
1451 4511 1480 4562 ὁ
1509 4510 1697 4582 Σωτὴρ
1728 4511 1885 4582 ἡμῶν
1915 4514 2031 4566 λευ-

2137 4519 2439 4576 Jerusalem
2490 4528 2544 4574 et
2567 4517 2808 4572 Judmam
2839 4526 3068 4572 terram.
3098 4515 3255 4582 Quod
3287 4514 3507 4585 quidem
3539 4515 3713 4584 ipsum

458 4597 698 4668 κοτέροις
735 4599 994 4670 ὀνόμασιν
1028 4599 1346 4665 ἐθέσπιζεν,
1391 4601 1562 4654 εἰπὼν
1586 4643 1601 4666 ,
1637 4621 1656 4653 ι
1688 4605 1798 4657 Καὶ
1837 4604 2034 4676 Ἰερου-

459 4690 639 4760 σαλὴμ
675 4689 827 4743 ἔσται
867 4690 1177 4762 πατουμένη
1215 4691 1317 4744 ὑπὸ
1355 4692 1554 4745 ἐθνῶν·
1593 4713 1613 4746 ›
1658 4694 1688 4746 ὃ
1727 4695 1822 4748 καὶ
1851 4697 2036 4761 τέλους

456 4781 610 4852 ἔτυχε
633 4821 647 4842 ,
674 4782 793 4851 μετ’
824 4781 884 4834 ού
921 4781 1088 4834 πολὺν
1123 4783 1312 4852 χρόνον
1342 4783 1452 4836 τῶν
1483 4785 1577 4839 τοῦ
1603 4787 1854 4858 Σωτῆρος
1880 4789 2036 4859 ἡμῶν

456 4869 671 4937 φωνῶν,
711 4869 993 4940 Ῥωμαίων
1025 4872 1121 4943 τὴν
1148 4872 1299 4924 πόλιν
1329 4872 1556 4927 ἐλόντων
1577 4915 1591 4940 ,
1615 4875 1945 4946 ἀλλοφύλους
1977 4896 2038 4932 τε

455 4961 654 5030 ἄνδρας
719 4961 899 5014 αὐτόθι
949 4965 1372 5017 κατοικισάντων
1422 4965 1515 5018 καὶ
1563 4967 1658 5019 ἐπὶ
1723 4968 1818 5020 τοῦ
1869 4969 2036 5022 τόπου

459 5057 928 5126 καταστησάντων.
949 5055 1114 5108 Πάλιν
1141 5055 1196 5109 δὲ
1218 5059 1246 5109 ὁ
1268 5057 1426 5120 αὐτὸς
1450 5056 1652 5128 Κύριος
1671 5058 1928 5129 ξυρήσειν
1954 5060 2039 5113 λέ-

456 5164 610 5214 γεται
645 5146 703 5198 ἐν
736 5145 812 5215 τῷ
843 5145 937 5198 τοῦ
975 5147 1238 5216 βασιλέως
1274 5149 1571 5218 Ἀσσυρίων
1605 5149 1786 5220 ξυρῷ,
1817 5151 1936 5222 ἡτοι
1969 5155 2033 5223 τῇ

457 5237 746 5306 κολαστικῇ
771 5236 996 5306 δυνάμει
1026 5235 1120 5288 τοῦ
1154 5236 1408 5307 ἄρχοντος
1445 5237 1538 5290 τοῦ
1585 5239 1780 5302 αἰῶνος
1812 5239 2000 5293 τούτου
2020 5281 2034 5304 ,

455 5329 550 5400 τὴν
578 5329 818 5399 κεφαλὴν
837 5365 852 5388 ,
880 5328 973 5380 καὶ
1004 5330 1130 5390 τοὺς
1155 5329 1320 5392 πόδας
1346 5369 1360 5393 ,
1395 5331 1487 5382 καὶ
1516 5331 1606 5383 τὸν
1636 5330 1875 5400 πώγωνα
1894 5373 1909 5398 ,
1935 5335 2036 5386 οῦκ

450 5422 611 5476 ἄλλου
652 5424 796 5485 τινὸς
822 5423 853 5493 ἢ
887 5419 1043 5487 αὖθις
1070 5423 1164 5476 τοῦ
1201 5425 1466 5478 Ἰουδαίων
1498 5425 1714 5490 ἔθνους,
1743 5427 1890 5481 τοῦτ’
1915 5428 2033 5482 ἐστι

453 5515 542 5566 τὸν
587 5515 788 5586 κόσμον
834 5515 1013 5568 αὐτῶν
1049 5515 1136 5568 καὶ
1181 5515 1281 5586 τὴν
1309 5516 1468 5583 δόξαν
1511 5519 1777 5588 περιελεῖν
1812 5520 1900 5574 διὰ
1932 5521 2032 5590 τῆς

455 5605 559 5657 τῶν
591 5607 816 5660 καθόλου
847 5608 1286 5681 ἐπικρατούντων
1315 5610 1509 5680 ἀρχῆς.
1543 5612 1846 5681 Ῥωμαίους
1873 5613 1928 5667 δὲ
1959 5609 2033 5666 εί-

455 5715 540 5750 ναι
573 5699 788 5760 τούτους
821 5701 1134 5757 αἰνίττεται.
1175 5702 1268 5755 Διὰ
1304 5703 1410 5772 γὰρ
1461 5703 1553 5757 τοῦ
1589 5703 1692 5757 τῶν
1736 5706 2030 5776 Ἀσσυρίων

530 5852 572 5886 ⁸³
607 5854 709 5912 lsa.
750 5873 843 5925 vn,
885 5857 1090 5911 18-25.

2136 4611 2565 4667 evidentioribus
2596 4609 2778 4664 verbis
2834 4607 3086 4664 Salvator
3131 4615 3319 4664 noster
3369 4607 3590 4669 cecinit.
3622 4607 3714 4660 ubi

2139 4702 2215 4756 ait
2244 4719 2258 4756 :
2293 4718 2312 4751 ι
2348 4697 2412 4753 Ει
2430 4698 2733 4753 Jerusalem
2756 4697 3170 4752 conculcabitur
3187 4710 3218 4748 a
3236 4696 3509 4765 gentibus,
3526 4712 3544 4744 ι
3565 4691 3712 4759 quod

2138 4790 2420 4846 oraculum
2462 4789 2608 4842 haud
2641 4788 2715 4841 ita
2775 4788 2944 4842 multo
2977 4795 3100 4857 post
3126 4786 3248 4841 illas
3289 4783 3585 4838 Salvatoris
3615 4797 3716 4836 no-

2140 4883 2240 4937 stri
2265 4896 2428 4936 voces
2456 4879 2664 4935 exitum
2727 4880 2954 4942 invenit,
2985 4877 3248 4932 Romanis
3309 4877 3481 4945 ipsam
3522 4873 3712 4926 urbem

2140 4973 2604 5042 expugnantibus,
2645 4972 2866 5041 illicquc
2895 4969 3095 5025 diversi
3131 4968 3349 5038 generis
3372 4966 3518 5020 viros
3542 4965 3714 5018 collo—

2138 5065 2390 5119 cautibus
2430 5071 2486 5117 et
2517 5063 2570 5117 in
2602 5063 2720 5118 loco
2743 5062 3132 5118 statuentibus.
3169 5059 3380 5113 Rursus
3425 5055 3563 5110 idem
3605 5053 3712 5109 Do-

2138 5157 2322 5210 minus
2371 5156 2674 5212 abrasurus
2702 5155 2903 5210 dicitur
2951 5153 3006 5207 in
3051 5152 3193 5222 regis
3232 5150 3582 5219 Assyriorum
3614 5163 3714 5201 no-

2137 5249 2354 5311 vacula,
2375 5251 2479 5303 hoc
2505 5255 2611 5311 est,
2638 5246 2988 5317 castigatoria
3020 5245 3068 5298 vi
3101 5242 3365 5313 principis
3400 5239 3584 5294 saaculi
3610 5239 3712 5291 hu-

2133 5341 2248 5410 jus,
2273 5348 2438 5410 caput
2466 5349 2521 5396 et
2551 5340 2713 5410 pedes
2741 5349 2796 5394 et
2831 5338 3080 5400 barbam,
3114 5351 3223 5388 non
3274 5331 3501 5386 alterius
3525 5329 3714 5396 cujus-

2141 5434 2282 5501 piam
2311 5448 2475 5502 quam
2526 5447 2720 5486 rursus
2771 5429 3014 5484 Judaicze
3039 5425 3240 5496 gentis,
3272 5425 3375 5477 hoc
3410 5429 3516 5486 est,
3549 5421 3712 5490 322

2138 5531 2522 5579 ornamentum
2545 5531 2601 5578 et
2633 5523 2863 5592 gloriam
2895 5520 3181 5573 ablaturus
3232 5532 3327 5587 per
3375 5529 3588 5580 eorum,
3615 5512 3708 5583 qui

2143 5615 2400 5671 universo
2447 5616 2712 5684 imperant
2743 5653 2758 5678 ,
2793 5603 3182 5684 principatum.
3223 5609 3333 5663 llos
3362 5617 3543 5662 autem
3596 5621 3706 5658 non

2142 5709 2277 5762 alios
2313 5724 2476 5777 quam
2495 5705 2785 5765 ,Rontanos
2811 5722 2932 5762 esse
2964 5704 3160 5760 innuit.
3193 5693 3576 5758 Nonxtiueenim
3605 5697 3703 5753 As-
