2055 3212
215 178 268 207 501

549 176 684 205 EUSEBII
703 174 947 205 CESARIENSIS
964 174 1041 203 OPP.
1061 175 1151 204 PARS
1167 176 1200 204 Il.
1218 192 1254 199 —-
1272 176 1520 205 APOLOGETICA.

212 239 364 274 syriorum.
382 238 564 273 quodcunque
579 245 627 273 per
650 237 758 272 singula
774 241 897 272 tempora
920 237 992 272 genti

1055 236 1188 272 ὀνόματος
1208 236 1328 273 ἡγοῦμαι
1344 236 1394 272 τὴν
1409 236 1470 263 καθ’
1489 236 1603 264 ικαστον
1619 237 1713 272 χρόνον
1727 240 1844 276 ἐπικρα-

212 284 265 311 bus
288 278 449 318 impositum
474 287 517 310 est
542 290 669 317 regnum,
697 282 847 317 signiﬁcari
873 282 1003 314 arbitror,

212 334 359 364 propterea
375 329 490 363 quodex
506 327 638 354 llebraica
652 328 743 363 lingua
760 327 1004 362 interpretantibus

210 375 315 410 Assyrii
334 375 508 409 gubernante:
527 374 695 408 signiﬁcant.
707 373 799 409 Itaque
813 382 886 401 nunc
905 374 1003 409 guber-

210 425 308 448 nautes
330 421 444 447 llomaui
469 425 544 448 sunt.
571 420 638 447 Nam
659 428 753 448 revera
772 419 844 447 Deus
865 421 1000 452 universi.

209 465 396 494 Rmuanorum
419 467 552 494 novacula
569 487 576 498 ,
595 467 648 494 hoc
676 471 718 494 est
736 486 744 498 ,
761 467 834 493 civili
857 474 888 493 ac
906 467 1002 494 bellica

209 511 232 536 vi
253 519 361 539 omnem
383 511 503 539 Iudaica:
517 514 606 547 gentis
617 513 742 547 gloriam.
759 512 851 546 inqua
867 513 943 547 prius
955 521 1003 540 su-

212 557 363 591 perbiebat,
390 564 554 592 omnemque
583 558 705 592 ipsorum
721 557 918 590 fortitudinem,
941 567 1002 594 qua:

212 611 259 637 per
284 602 396 629 barbam
409 607 435 630 et
451 604 521 638 pilos
541 604 639 638 pedum
665 604 846 639 signiﬁcatur,
876 605 999 632 abstulit.

210 648 303 683 Neque
321 649 393 676 enim
407 649 461 676 alio
485 657 604 684 unquam
617 654 740 684 tempore
751 651 826 684 prius
841 659 922 685 qualn
940 655 1000 685 post

211 695 361 723 Salvator-is
383 695 480 725 nostri.
499 696 551 722 hoc
573 701 626 726 est.
651 700 712 731 post
738 696 826 731 ipsius
840 696 1000 725 Emmanuel

210 746 312 771 ortum,
339 747 419 767 omne
440 741 493 767 illis
508 745 700 768 ornamentum
717 741 830 769 abstulit
855 741 927 769 Deus
953 751 1000 777 per

211 788 393 823 principatum
418 787 615 815 Ilomauorum.
634 788 686 815 Sed
703 797 752 823 pro
770 798 778 814 ι
793 796 856 824 rege
872 789 999 825 Assyrio-

211 841 271 859 rum
291 842 301 859 ι
318 832 415 868 Aquila
435 832 544 867 quidem
557 853 564 864 ,
584 842 593 858 ι
615 833 642 859 in
667 840 750 868 regno
772 832 961 868 Assyriorum,
986 843 995 859 ι

209 877 380 905 Theodotiou
392 881 494 909 autem,
513 887 522 902 ‹
536 877 563 904 ὶιι
580 885 642 912 rege
661 878 838 913 Assyriorum
856 891 866 904 ι
883 886 997 906 conver-

208 923 252 955 tit,
268 922 386 957 itemque
402 922 582 959 Symmachus
594 932 601 956 ;
612 925 659 959 qui
673 924 783 959 quidem
800 925 841 951 sic
850 925 997 952 ostendunt

208 969 281 1004 quod
296 977 350 996 non
363 969 435 1003 regis
447 970 622 1001 Assyriorqu
638 974 721 1005 caput
737 971 924 999 abradeudum
935 979 996 999 esse

209 1014 327 1042 minetur
337 1016 488 1047 oraculum,
499 1016 546 1044 sed
559 1016 631 1052 regis
645 1017 706 1051 ejus
722 1017 864 1050 novacula,
873 1022 954 1052 atque
968 1017 995 1044 iu

207 1066 241 1086 eo
255 1059 313 1093 ipso
326 1066 388 1094 rege
402 1059 588 1095 AssyriOrum,
607 1062 641 1088 iis
653 1069 714 1096 quae
730 1063 758 1090 in
777 1062 829 1089 hac
853 1062 994 1097 prophetia

208 1105 383 1133 continentur
390 1106 559 1137 aﬂicieudam
575 1115 636 1135 esse
649 1107 793 1135 .ludaicam
808 1108 995 1143 gentemlecc

207 1155 297 1179 autem
313 1152 394 1179 etiam
407 1153 467 1187 ipso
479 1158 579 1184 eventu
597 1154 822 1189 comprobantur.
839 1154 892 1182 Per
906 1155 992 1182 otium

207 1205 272 1225 vero
297 1200 485 1234 unusquisque
507 1200 559 1226 alia
575 1201 717 1236 complura
729 1222 737 1233 ,
753 1201 775 1229 si
792 1202 992 1234 observaverit,

206 1244 277 1279 apud
288 1245 437 1280 prophetas
450 1246 580 1277 inveniet.
592 1247 670 1282 quasi
683 1247 717 1274 de
730 1255 848 1282 persona
870 1248 994 1283 Assyrio-

206 1297 266 1316 rum
293 1290 377 1322 dicta,
393 1298 454 1325 qua:
468 1291 543 1318 nullo
554 1292 636 1319 modo
653 1292 856 1319 accommodari
872 1293 993 1328 Assyriis

205 1338 327 1369 possunt.
347 1335 394 1362 sed
409 1344 493 1371 regno
507 1337 580 1372 quod
604 1344 652 1371 per
673 1337 780 1372 singula
797 1341 920 1372 tempora
937 1339 995 1365 uni-

205 1380 292 1408 versis
303 1381 428 1416 gentibus
452 1382 618 1410 dominetur.
634 1381 741 1410 Etenim
756 1382 812 1417 jam
829 1384 912 1411 etiam
928 1384 993 1412 Per-

204 1431 250 1451 sas
268 1425 339 1459 apud
355 1424 483 1454 Hebraeos
507 1427 661 1455 invenimus
687 1427 815 1462 Assyrios
847 1429 991 1456 nominari.

204 1469 340 1503 Quocirca
352 1479 426 1499 nunc
441 1479 550 1508 quoque
566 1473 722 1507 putavimus
737 1474 921 1509 principatum
940 1475 992 1503 Ro-

204 1524 347 1544 manorum
361 1517 413 1545 hoc
422 1512 541 1546 oraculo.
560 1518 719 1555 signiﬁcari.
741 1520 901 1549 Gubernare
918 1523 991 1551 enim

203 1561 292 1596 ipsum
309 1563 394 1596 hunc,
409 1567 435 1591 et
448 1564 572 1592 eumdem
587 1566 732 1600 gubernari
744 1575 758 1594 a
771 1569 834 1599 Deo,
852 1572 913 1604 post
930 1569 990 1596 Sal-

202 1608 306 1636 vatoris
333 1609 421 1636 nostri
449 1609 595 1637 adventum
617 1613 766 1639 cernimus.
789 1612 875 1640 Nemo
901 1618 991 1641 tamen

202 1653 358 1689 suspicetur
372 1655 463 1682 omnia
481 1663 531 1683 nos
546 1656 647 1690 dicere.
661 1666 830 1693 quaecunque
848 1660 875 1686 in
891 1650 991 1688 divinis

203 1699 282 1726 libris
297 1698 331 1726 de
346 1700 466 1736 Assyriis
482 1701 619 1736 leguntur,
641 1703 675 1730 ad
691 1702 830 1731 Romanos
848 1713 910 1733 esse
924 1707 991 1734 refe-

202 1745 285 1772 renda
299 1745 413 1781 (fatuum
428 1747 500 1774 enim
511 1748 537 1774 id
544 1753 624 1783 atquc
634 1750 809 1784 impudentiae
818 1752 989 1788 obnoxium),

202 1791 250 1819 sed
266 1793 400 1827 quasdam
424 1801 485 1821 esse
511 1795 685 1829 propheticas
707 1804 797 1829 voces.
813 1799 988 1831 testimoniis,

201 1845 263 1872 qua;
277 1838 311 1865 de
331 1839 440 1866 Christo
454 1839 590 1873 feruntur,
608 1842 768 1877 implicitas,
785 1852 855 1879 quas
871 1845 989 1873 dicimus

201 1884 235 1912 de
252 1884 382 1913 Romanis
411 1894 458 1921 per
483 1887 656 1923 Assyriorum
683 1890 892 1924 appellationem
915 1891 989 1918 acci-

201 1932 314 1965 piendas
343 1941 376 1960 ex
407 1934 526 1961 nominis
556 1936 792 1971 interpretatione,
817 1938 891 1973 quod
913 1946 986 1966 scm-

200 1983 248 2012 per
268 1985 381 2012 regnum
413 1978 491 2010 illud,
507 1979 579 2014 quod
596 1988 643 2015 per
656 1982 763 2016 singula
779 1986 901 2017 tempora
924 1990 989 2018 gen-

201 2021 274 2049 tibus
302 2022 459 2057 impositum
485 2028 544 2056 est,
578 2029 771 2060 repraesentat,
812 2027 988 2061 quemadmo—

199 2066 265 2093 dum
289 2074 340 2094 suo
373 2071 497 2104 tempore
525 2069 787 2098 demonstrabimus.
819 2073 908 2106 Atque
938 2081 988 2108 ego

199 2109 309 2144 quidem
326 2131 334 2145 ,
362 2111 427 2140 dum
455 2113 538 2148 hujus
567 2114 747 2147 expositionis
774 2116 907 2144 rationem
931 2125 988 2144 me-

200 2163 263 2183 cum
288 2155 408 2192 inquiro,
440 2158 560 2186 arbitror
585 2160 621 2187 ob
643 2161 711 2187 nihil
732 2160 806 2187 aliud
826 2160 907 2196 323
927 2169 988 2189 ora-

1054 282 1154 311 τοῦσαν
1176 284 1231 310 τῶν
1257 282 1341 310 ὲθνῶν
1367 282 1504 317 βασιλείαν
1526 283 1727 318 σημαίνεσθαι.
1747 285 1790 313 διὰ
1812 287 1844 314 τὸ

1054 330 1292 362 κατευθύνοντας
1308 329 1362 356 ἀπὸ
1380 328 1430 363 τῆς
1452 328 1584 364 Ἐϐραίων
1600 330 1691 365 φωνῆς
1710 331 1843 367 ἑρμηνεύ-

1054 374 1130 400 εσθαι
1153 375 1216 406 τοὺς
1240 374 1411 410 Ἀσσυρίους⁹
1427 373 1497 401 ὥστε
1513 373 1583 404 εἶναι
1605 375 1758 410 Ῥωμαίους
1779 378 1841 409 τοὺς

1053 421 1101 448 νῦν
1116 422 1339 454 κατευθύνοντας.
1359 424 1435 450 Ἐπεὶ
1450 424 1498 451 καὶ
1518 423 1625 459 ἀληθῶς
1641 424 1681 459 τῷ
1699 425 1842 460 Ῥωμαίων

1053 467 1136 503 ξυρῷ,
1146 468 1205 503 ἦτοι
1221 471 1253 504 τῇ
1267 469 1389 505 πολιτικῇ
1406 470 1453 496 καὶ
1468 469 1600 505 πολεμικῇ
1613 470 1737 506 δυνάμει,
1751 472 1841 499 πᾶσαν

1051 514 1100 548 τὴν
1114 513 1192 546 δόξαν
1205 515 1253 541 τοῦ
1273 515 1405 541 Ἰουδαίων
1421 515 1513 547 ἔθνους
1523 535 1530 546 ,
1545 516 1575 542 ἐν
1618 515 1649 542 τὺ
1663 517 1729 552 πρὶν
1741 516 1841 553 ἐκόμα,

1052 559 1099 585 καὶ
1113 560 1203 586 πᾶσαν
1220 561 1310 587 αὐτῶν
1322 561 1371 596 τὴν
1385 561 1511 597 ἀνδρείαν
1526 562 1569 589 διὰ
1582 562 1629 589 τοῦ
1647 562 1778 598 πώγωνος
1793 565 1842 591 καὶ

1051 605 1104 631 τῶν
1122 606 1222 640 τριχῶν
1239 607 1286 632 καὶ
1301 607 1355 632 τῶν
1372 607 1460 633 ποδῶν
1478 609 1690 645 σημαινομένην,
1707 610 1842 646 περιεῖλεν

1050 651 1064 676 ό
1078 651 1131 677 τῶν
1149 652 1216 678 ὅλων
1232 652 1307 683 Θεός.
1328 653 1394 679 Οὐδὲ
1411 653 1505 680 ἄλλοτε
1522 654 1586 688 γοῦν
1603 663 1646 682 πω
1666 656 1798 692 πρότερον
1810 657 1840 690 ἐξ

1050 696 1147 728 αἰῶνος
1160 696 1176 731 ἢ
1195 697 1264 731 μετὰ
1279 697 1328 732 τὴν
1341 698 1389 724 τοῦ
1405 699 1531 734 Σωτῆρος
1547 699 1637 735 ἡμῶν,
1647 700 1730 727 αὑτοῦ
1742 701 1775 737 δὴ
1791 701 1838 728 τοῦ

1056 742 1230 778 Ἐμμανουὴλ
1246 743 1352 776 γένεσιν
1362 763 1369 774 ,
1385 745 1519 779 περιεῖλεν
1541 745 1630 772 αὐτῶν
1643 746 1658 772 ὀ
1669 745 1734 778 Θεὸς
1750 747 1838 774 πάντα

1049 788 1093 813 τὸν
1107 788 1219 823 κόσμον,
1234 789 1278 816 διὰ
1294 790 1343 825 τῆς
1359 789 1412 816 τῶν
1433 791 1575 825 Ῥωμαίων
1590 791 1685 827 ἀρχῆς.
1706 792 1778 819 ’Λντὶ
1793 792 1834 824 δὲ,

1049 834 1095 860 τοῦ
1110 834 1242 869 βασιλέως
1264 836 1423 871 Ἀσσυρίων,
1441 837 1454 862 ό
1471 837 1519 871 μὲν
1540 837 1671 869 Ἀκύλας,
1689 847 1699 863 ‹
1715 838 1744 864 ὲν
1759 838 1837 873 βασι-

1049 880 1108 916 λείᾳ
1130 881 1294 917 Ἀσσυρίων,
1312 891 1321 907 ι
1346 883 1360 908 ὁ
1376 882 1405 908 δὲ
1428 882 1590 914 θεοὸοτίων,
1609 892 1618 908 ι
1634 885 1663 910 ὲν
1675 882 1715 918 τῷ
1734 883 1837 918 βασιλεῖ

1049 926 1102 952 τῶν
1122 927 1283 962 Ἀσσυρίων,
1302 937 1310 952 ι
1328 927 1491 954 ἐκδέδωκεν·
1509 928 1608 962 ὁμοίως
1624 929 1653 956 δὲ
1667 930 1714 956 καὶ
1726 929 1837 965 Σύμμα-

1049 980 1094 1006 χος
1106 980 1112 986 ·
1128 972 1213 1006 σαφὲς
1228 972 1383 1004 ποιοῦντες,
1404 974 1444 1000 ὅτι
1468 974 1504 1009 μὴ
1522 974 1569 1000 τοῦ
1589 974 1724 1009 βασιλέως
1743 976 1838 1003 ’Δσσυ-

1050 1017 1114 1052 ρὶων
1129 1017 1177 1052 τὴν
1192 1018 1313 1053 κεφαλὴν
1331 1018 1456 1054 ξυρήσειν
1473 1020 1486 1045 ὁ
1507 1019 1584 1054 λόγος
1597 1020 1720 1052 ἀπειλεῖ,
1735 1021 1791 1048 ἀλλ’
1808 1023 1837 1049 ὲν

1048 1061 1086 1096 τῷ
1102 1061 1183 1088 αὐτοῦ
1201 1062 1288 1097 ξυρῷ.
1303 1063 1350 1089 καὶ
1363 1065 1391 1090 ὲν
1407 1064 1480 1099 αὐτῷ
1492 1073 1521 1090 τε
1535 1063 1574 1099 τῷ
1588 1064 1694 1100 βασιλεῖ
1704 1065 1758 1092 τῶν
1777 1066 1838 1093 Ἀσ-

1050 1107 1148 1142 συρίων
1171 1107 1206 1134 τὰ
1233 1110 1457 1144 προῳητευόμενα
1480 1110 1617 1146 διαθήσειν
1645 1111 1676 1137 τὸ
1703 1112 1838 1139 Ἰουδαίων

1047 1154 1132 1186 ἔθνος.
1148 1155 1258 1187 Τούτοις
1274 1154 1321 1182 οὖν
1334 1157 1381 1182 καὶ
1405 1158 1421 1192 ἠ
1440 1157 1551 1189 ἔκϐασις
1575 1158 1761 1195 ἐπιμαρτυρεῖ
1782 1158 1836 1186 τῶν

1047 1201 1140 1235 λόγων,
1161 1202 1221 1228 Ἐπὶ
1239 1203 1335 1237 ογολῆς
1350 1203 1377 1229 δέ
1391 1212 1432 1234 τις
1447 1204 1492 1230 καὶ
1503 1204 1617 1231 πλεῖστα
1632 1204 1724 1241 ἕτερα,
1741 1206 1837 1243 ὥσπερ

1046 1247 1086 1278 εἰς
1106 1248 1256 1283 Ἀσσυρίων
1272 1249 1417 1283 πρόσωπον
1434 1250 1462 1276 ἐν
1478 1251 1538 1281 ταῖς
1561 1251 1740 1286 προφητείαις
1761 1253 1836 1288 εἰρη-

1049 1292 1117 1327 μένα
1132 1293 1207 1328 εὖροι
1224 1293 1257 1320 ἂν
1275 1294 1454 1330 ἐπιτηρήσας,
1466 1295 1591 1330 οὐδαμῶς
1605 1295 1655 1331 μὲν
1668 1298 1724 1328 τοῖς
1741 1297 1836 1324 Ἀσσυ-

1048 1337 1114 1372 ρίοις
1128 1339 1281 1373 ἐφαρμόσαι
1294 1339 1441 1374 δυνάμενα,
1454 1341 1486 1375 τῇ
1501 1340 1530 1366 δὲ
1555 1341 1739 1378 ἐπικρατοὺσῃ
1755 1342 1834 1369 καθὰ

1045 1383 1090 1409 λου
1106 1383 1161 1409 τῶν
1177 1385 1248 1410 κατὰ
1260 1386 1371 1421 χρόνους
1382 1385 1467 1411 ἐθνῶν
1484 1386 1616 1421 βασιλείᾳ.
1631 1387 1699 1422 Ἤδη
1712 1386 1776 1421 γοῦν
1786 1389 1833 1415 καὶ

1046 1429 1153 1466 Πέρσας
1179 1431 1294 1466 εὕρομεν
1320 1431 1395 1467 παρὰ
1423 1432 1559 1467 Ἐὕραίοις
1586 1433 1741 1469 Ἀσσυρίους
1766 1433 1832 1460 ὠνο-

1046 1475 1210 1510 μασμένους.
1238 1477 1283 1503 Διὸ
1303 1478 1350 1503 καὶ
1375 1477 1422 1503 νῦν
1450 1478 1638 1514 ὑπειλήφαμεν
1667 1479 1831 1507 αἰνίττεσθαι

1044 1522 1089 1549 τὸν
1106 1522 1183 1556 λόγον
1196 1522 1246 1558 τὴν
1261 1523 1403 1558 Ῥωμαίων
1427 1525 1515 1560 ἀρχήν
1525 1533 1531 1539 ·
1551 1525 1765 1552 κατευθύνουσαν
1778 1526 1832 1562 γὰρ

1044 1568 1092 1594 καὶ
1105 1567 1341 1603 κατευθυνομένην
1357 1569 1410 1595 ὑπὸ
1424 1570 1470 1596 τοῦ
1481 1570 1549 1596 Θεοῦ
1568 1569 1636 1604 μετὰ
1649 1570 1698 1606 τὴν
1708 1571 1834 1607 Σωτῆρος

1043 1613 1121 1648 ἡμῶν
1142 1613 1292 1648 παρουσίαν
1319 1614 1435 1650 ὁρῶμεν.
1454 1616 1556 1650 Μηδεὶς
1571 1615 1598 1642 δὲ
1621 1616 1834 1652 ὑπολαμϐανέτω

1042 1660 1132 1686 πάντα
1161 1660 1235 1695 ἡμᾶς
1258 1660 1347 1694 λέγειν
1370 1661 1404 1687 τὰ
1441 1662 1505 1697 περὶ
1531 1662 1680 1698 Ἀσσυρίων
1710 1664 1740 1689 ὲν
1773 1664 1833 1695 ταῖς

1042 1705 1127 1736 θείαις
1153 1706 1290 1740 φερόμενα
1306 1706 1426 1741 Γραφαίς
1447 1708 1493 1734 ἐπὶ
1511 1708 1664 1743 Ῥωμαίους
1683 1708 1831 1742 ἀνάγεσθαι

1042 1750 1153 1785 (ἠλίθιον
1172 1752 1227 1788 γὰρ
1244 1753 1290 1779 καὶ
1310 1753 1416 1785 ἀναιδὲς
1439 1754 1554 1789 τοῦτο),
1575 1754 1642 1781 ἀλλά
1664 1763 1739 1787 τινας
1761 1752 1830 1782 εἶναι

1041 1798 1213 1832 προφητικὰς
1237 1798 1328 1832 φωνὰς
1347 1800 1406 1830 ταῖς
1433 1800 1498 1836 περὶ
1519 1799 1566 1826 τοῦ
1587 1800 1706 1836 Χριστοῦ
1730 1808 1834 1836 μαρτυ-

1041 1842 1113 1877 ρίαις
1148 1843 1474 1878 συμπεριπεπλεγμένας,
1501 1844 1533 1876 ἃς
1562 1853 1652 1880 φαμεν
1675 1845 1740 1881 περὶ
1766 1846 1833 1873 Ῥω-

1042 1888 1128 1923 μαίων
1147 1888 1312 1916 αἰνίττεσθαι
1327 1889 1370 1916 διὰ
1386 1890 1438 1925 τῆς
1454 1890 1508 1916 τῶν
1525 1891 1674 1926 Ἀσσυρίων
1695 1899 1831 1928 προσηγο-

1042 1934 1101 1970 ρίας
1114 1954 1121 1966 ,
1140 1935 1172 1961 ὲκ
1189 1935 1238 1970 τῆς
1256 1935 1303 1962 τοῦ
1324 1935 1455 1970 ὀνόματος
1469 1936 1615 1971 ἑρμηνείας
1630 1937 1684 1963 αίεὶ
1704 1945 1831 1965 συνιστα-

1041 1980 1125 2015 μένης
1147 1981 1197 2015 τῆς
1221 1981 1292 2008 κατὰ
1309 1982 1420 2017 χρόνους
1445 1982 1646 2019 ἐπικρατούσης
1669 1982 1724 2010 τῶν
1745 1982 1830 2010 ἐθνῶν

1040 2025 1188 2060 βασιλείας,
1203 2027 1241 2058 ὼς
1255 2027 1300 2054 ἐπὶ
1319 2027 1415 2063 καιροῦ
1431 2027 1478 2054 τοῦ
1492 2029 1676 2064 προσήκοντος
1690 2030 1831 2065 παραστή-

1040 2079 1131 2106 σομεν.
1142 2073 1197 2098 Καὶ
1213 2072 1301 2107 ἔγωγε
1315 2074 1361 2100 τὸν
1377 2074 1505 2109 λογισμὸν
1518 2074 1568 2109 τῆς
1582 2075 1668 2110 αὐτῆς
1677 2075 1829 2108 ἀποδόσεως

1040 2118 1109 2153 πρὸς
1123 2119 1240 2153 ὲμαυτὺν
1260 2119 1473 2155 διερευνώμενος
1483 2140 1490 2152 ,
1509 2119 1585 2155 οἶμαι
1602 2121 1635 2147 δι’
1649 2121 1724 2148 οὐδὲν
1736 2121 1829 2157 ἓτερον

1040 2163 1077 2198 μὴ
1089 2163 1219 2198 ὀνομαστὶ
1235 2164 1289 2191 τῶν
1308 2165 1450 2200 Ῥωμαίων
1467 2166 1651 2201 μνημονεῦσαι
1671 2166 1704 2193 τὰ
1722 2175 1828 2203 390(91)—

200 2201 261 2228 cula
299 2202 457 2237 prophetica
486 2211 542 2232 non
572 2212 787 2234 commemorare
825 2208 987 2234 nominatim

1045 2208 1102 2235 ιικὰ
1118 2208 1195 2243 λόγια
1211 2209 1283 2245 nam
1298 2209 1328 2236 τὺ
1344 2209 1450 2245 μέλλειν
1465 2211 1511 2237 ἐπὶ
1524 2211 1573 2245 τῆς
1593 2211 1734 2246 Ῥωμαίων
1747 2201 1829 2247 νβασι-

199 2245 350 2280 Romanos,
364 2256 447 2284 quam
463 2250 536 2285 quod
553 2250 683 2279 Romanis
705 2253 893 2287 regnantibus,
925 2253 986 2281 Sal-

1045 2254 1111 2286 ιείας
1130 2255 1178 2290 τὴν
1201 2255 1247 2281 τοῦ
1275 2255 1399 2290 Σωτῆρος
1422 2256 1499 2291 ἡμῶν
1520 2257 1606 2291 Ἰησοῦ
1633 2245 1756 2293 ΧριστοῦἺ
1773 2257 1830 2285 δια-

199 2293 304 2321 vatoris
333 2294 420 2322 nostri
452 2295 576 2323 doctrina
593 2297 620 2324 in
637 2305 733 2325 omnes
749 2298 873 2326 homines
905 2307 986 2327 suum

199 2338 290 2366 lumen
317 2343 376 2366 erat
400 2340 529 2374 missura,
552 2346 579 2370 et
602 2341 751 2378 Scriptum
773 2344 938 2380 prophetica:
959 2345 986 2372 in

199 2383 258 2418 ipsa
275 2383 460 2413 Romanorum
481 2388 547 2415 urbe
558 2392 586 2416 et
603 2389 631 2416 in
651 2390 778 2417 omnibus
790 2391 917 2424 gentibus
930 2390 986 2418 Ro—

200 2435 282 2457 mano
302 2430 417 2466 imperio
434 2432 567 2467 subjectis
587 2434 767 2469 publicanda.
786 2435 825 2463 Ne
850 2436 932 2471 igitur
952 2437 986 2464 iis

198 2473 246 2508 qui
268 2473 412 2510 imperium
430 2476 590 2504 obtinebant
612 2478 666 2504 ulla
683 2478 803 2506 oriretur
818 2479 944 2509 offensio.
961 2480 985 2507 si

199 2518 233 2547 de
243 2519 310 2555 ipsis
327 2522 500 2555 apertissime
515 2523 647 2558 scriptum
660 2528 744 2556 esset,
759 2525 896 2552 sermonis
910 2525 986 2552 adhi-

199 2565 255 2592 bita
270 2570 311 2594 est
329 2567 356 2594 in
372 2568 493 2596 oraculis
504 2569 669 2601 obscuritas,
681 2577 744 2597 cum
760 2570 869 2605 quidem
881 2570 909 2598 in
924 2571 987 2599 aliis

201 2611 334 2645 pluribus.
345 2617 401 2640 tum
417 2621 482 2640 vero
495 2614 521 2641 in
535 2613 656 2642 Danielis
671 2614 823 2643 visionibus
838 2615 986 2650 :quetoad—

201 2657 310 2684 modum
328 2658 354 2685 in
372 2658 423 2686 hac
441 2667 560 2695 qucque,
578 2668 639 2696 qua:
651 2669 724 2688 nunc
749 2661 776 2688 in
789 2661 917 2689 manibus
930 2666 984 2692 est.

201 2701 352 2736 prophetia,
367 2711 427 2739 qua
439 2712 503 2732 cum
521 2705 649 2742 Assyrios
660 2707 786 2742 appellet,
802 2707 985 2742 gubernantes

202 2745 336 2784 intelligit.
349 2749 450 2778 Horum
465 2759 530 2787 ergo
540 2753 683 2786 novacula,
695 2753 852 2780 universum
866 2752 986 2781 Iudaica:

202 2792 290 2825 gentis
305 2799 505 2829 ornamentum,
523 2802 584 2832 post
607 2798 693 2833 ipsius
711 2798 868 2827 Emmanuel
894 2805 984 2827 ortum

201 2836 396 2870 abradendum.
419 2839 470 2868 hoc
491 2846 533 2868 est
547 2842 721 2874 abolendum.
746 2844 828 2870 canit.
852 2843 984 2873 Pratctea

202 2882 229 2908 in
243 2891 274 2909 ea
286 2882 329 2911 die
343 2883 375 2911 de
388 2891 440 2919 qua
450 2885 551 2914 dictum
563 2891 614 2920 est,
627 2888 723 2923 ipsius,
743 2890 864 2924 inquam,
879 2890 984 2918 Emma-

1039 2299 1156 2335 λάμπειν
1172 2301 1212 2332 εἰς
1229 2300 1332 2332 πάντας
1346 2300 1505 2337 ἀνθρώπους
1521 2303 1705 2334 διδασκαλίαν.
1722 2304 1770 2331 καὶ
1780 2304 1830 2336 τὰς

1040 2346 1211 2382 προφητικὰς
1225 2345 1336 2382 Γραφὰς
1347 2348 1390 2373 ἐπ’
1404 2348 1489 2383 αὐτῆς
1507 2357 1535 2374 τε
1556 2348 1604 2384 τῆς
1625 2349 1767 2384 Ῥωμαίων
1783 2350 1831 2376 πύ-

1039 2391 1117 2423 λεως,
1132 2391 1179 2417 καὶ
1199 2392 1228 2418 tv
1244 2393 1310 2419 πᾶσι
1326 2393 1382 2424 τοῖς
1403 2393 1456 2419 ὑπὸ
1471 2393 1623 2428 Ῥωμαίους
1639 2393 1726 2421 εθνεσι
1745 2394 1831 2431 δημοο

1041 2436 1187 2463 σιεύεσθαι.
1202 2438 1249 2464 "l.v'
1265 2436 1312 2465 οὗν
1326 2439 1382 2470 τοῖς
1401 2438 1450 2473 τῆς
1468 2439 1555 2475 ἀρχῆς
1569 2439 1701 2475 κρατοῦσι
1716 2439 1831 2476 δυσαρέ-

1041 2491 1133 2517 σηιησις
1157 2482 1276 2518 μηδεμία
1296 2483 1407 2519 γένηται
1425 2483 1458 2510 ἐκ
1473 2484 1523 2519 τῆς
1547 2483 1679 2520 προδήλου
1697 2484 1762 2520 περὶ
1779 2485 1829 2512 αὑ-

1039 2527 1093 2553 τῶν
1108 2529 1278 2564 ἀναγραφῆς,
1295 2528 1328 2555 δι’
1341 2529 1510 2565 αἰνιγμάτων
1522 2530 1536 2556 ὁ
1551 2529 1629 2564 λόγος
1645 2529 1828 2566 ιττεκρὺψατο,

1039 2572 1068 2598 ἐν
1085 2581 1113 2599 τε
1128 2573 1231 2608 ἑτέροις
1247 2573 1376 2606 πλείοσιν,
1392 2573 1423 2600 οὐ
1442 2573 1494 2609 μὴν
1511 2574 1578 2601 ἀλλὰ
1599 2575 1645 2602 καὶ
1660 2575 1689 2600 ὲν
1705 2575 1766 2607 ταῖς
1780 2573 1827 2601 τοῦ

1039 2618 1137 2654 Δανιὴλ
1155 2618 1292 2654 θεωρίαις,
1308 2618 1450 2655 ὼσπεροῦν
1472 2620 1519 2646 καὶ
1542 2620 1572 2647 ὲν
1589 2621 1622 2656 τῇ
1648 2619 1716 2655 μετὰ
1734 2620 1828 2656 χεῖρας

1039 2664 1208 2699 προφητείᾳ,
1238 2665 1267 2690 ὲν
1335 2665 1549 2697 κατευθύνοντας
1573 2665 1672 2698 αὐτοὺς
1700 2664 1827 2701 ὀνομάζει

1040 2708 1196 2745 προσειπὼν
1216 2709 1383 2746 Ἀσσυρίους.
1409 2710 1453 2745 Τῷ
1477 2711 1580 2738 τούτων
1596 2709 1739 2746 τοιγαροῦν
1754 2709 1828 2746 ξυρῷ

1039 2755 1084 2782 τὸν
1099 2755 1242 2790 σύμπαντα
1258 2756 1364 2791 κόσμον
1372 2756 1419 2783 τοῦ
1438 2756 1572 2783 Ἰουδαίων
1588 2756 1680 2788 ἔθνους
1696 2754 1766 2791 μετὰ
1779 2755 1829 2792 τὴν

1039 2801 1084 2827 τοῦ
1115 2801 1286 2836 Ἐμμανουὴλ
1311 2802 1416 2835 γένεσιν
1439 2801 1669 2838 ἀφανισθήσεσθαι
1695 2800 1828 2833 θεσπίζει.

1041 2847 1101 2873 Ἔτι
1115 2846 1154 2878 δὲ.
1172 2847 1199 2873 ὲν
1225 2848 1258 2881 τῇ
1277 2847 1428 2882 δηλουμένη
1449 2847 1550 2883 ἡμέρᾳ,
1569 2847 1658 2883 (δῆλον
1681 2847 1710 2874 δὲ
1733 2848 1773 2874 ’ἑτι
1794 2847 1828 2881 τῇ

1040 2892 1086 2918 τοῦ
1107 2892 1290 2929 Ἑμμανουὴλ,
1313 2893 1383 2920 τοῦτ’
1407 2893 1463 2920 εστι
1491 2894 1539 2928 τῆς
1564 2893 1609 2919 τοῦ
1636 2892 1753 2928 Χριστοῦ
1768 2893 1828 2918 tm-
