4110 6472
473 403 573 464 509

1330 406 1988 466 DEMONSTRATIONIS
2018 410 2483 468 ΕνΑΝρΕιιεΔῑ
2522 412 2654 472 LIB.
2690 412 2804 469 VII.

3634 421 3741 477 MO

469 521 736 593 εανείαςὴ
770 541 789 574 ι
840 521 1062 594 Θρέψει,
1091 540 1110 572 ι
1163 521 1347 592 φησὶν,
1399 540 1418 572 ι
1471 520 1755 593 ἄνθρωπος
1809 523 2022 595 δάμαλιι

2146 526 2292 591 nuel,
2325 541 2445 597 qua:
2462 535 2547 583 est
2570 528 2691 584 dies
2716 528 2987 584 adventus
3010 526 3239 595 Christi,
3269 547 3290 582 ι
3318 514 3556 599 Nutriet,
3594 553 3615 586 ι
3649 534 3735 587 iu-

469 613 628 687 βοῶν,
658 615 754 668 καὶ
781 613 873 666 δύο
896 613 1169 684 πρόϐατα·
1198 613 1291 666 καὶ⁵
1323 611 1497 677 ἐσται,
1532 612 1638 665 ἀπὸ
1675 612 1770 666 τοῦ
1797 612 2046 669 πλεῖστον

476 708 640 758 ποιεῖν
671 704 831 774 γάλα.
861 703 1117 775 βούτυρον
1149 704 1241 757 καὶ
1277 703 1396 773 μέλι
1428 704 1660 771 φάγεται
1685 704 1792 767 πᾶς
1818 706 1846 757 6
1878 720 2047 757 κατα-

462 792 702 861 λειφθεὶς
722 794 814 845 ἐπὶ
840 793 937 863 τῆς
959 794 1081 864 γῆς.
1123 812 1141 844 ι
1172 794 1249 845 Δι’
1276 785 1352 845 ὧν
1375 793 1506 863 φαίη
1537 793 1602 847 ἄν
1631 810 1713 856 τις
1739 794 1857 864 ἦτοι
1888 794 2046 865 λιμὸν

468 883 814 948 αἰνίττεσθαι,
864 886 958 938 καὶ
1003 886 1275 955 πτωχείαν
1335 884 1777 958 ὑπερϐάλλουσαν
1836 884 1930 939 τοῦ
1982 888 2046 939 ἐκ

473 975 764 1047 περιτομῆς
793 975 943 1041 λαοῦ,
977 976 1051 1049 μὴ
1085 977 1442 1048 εὐποροῦντος
1478 977 1576 1047 μὲν
1610 977 1708 1048 τῆς
1756 978 1864 1030 ἀπὸ
1895 977 2043 1031 σίτου

468 1068 606 1121 κατά
654 1067 813 1137 φύσιν
859 1069 1082 1140 τροφῆς,
1117 1069 1250 1141 μηδὲ
1289 1069 1393 1139 γῆν
1430 1067 1706 1135 ἀροῦντος,
1751 1069 1844 1122 καὶ
1887 1070 2043 1122 σπεί-

467 1175 686 1230 ροντος,
736 1161 831 1215 καὶ⁸
875 1159 1208 1233 θερίζοντος,
1265 1161 1401 1232 μηδὲ
1454 1161 1688 1233 ποίμνας
1735 1162 2040 1235 προϐάτων,

468 1253 600 1328 μηδὲ
634 1253 770 1324 βοῶν
792 1254 990 1324 ἀγέλας
1020 1254 1378 1324 κεκτημένου,
1410 1255 1668 1325 ἐχομένου
1695 1255 1752 1308 δὲ
1785 1254 1878 1307 δύο
1910 1272 2043 1325 προ-

464 1344 641 1399 ϐάτων
675 1345 770 1399 καὶ
794 1345 1078 1416 δαμάλεως
1112 1347 1262 1416 μιᾶς,
1303 1345 1364 1398 τὸ
1405 1345 1609 1399 τούτων
1646 1346 1786 1416 γάλα
1821 1347 2041 1419 ποριζο-

466 1437 646 1509 μένου.
680 1439 752 1492 Ἦ
780 1438 951 1501 ἄλλως
976 1437 1338 1509 τροπολογῶν,
1368 1439 1459 1491 τὸν
1492 1440 1590 1509 μὲν
1615 1439 2041 1509 καταλειφθέντα

467 1528 555 1580 ἐπὶ
584 1528 685 1598 τῆς
715 1528 818 1598 γῆς
844 1527 1171 1582 αἰνίττεσθαι
1199 1529 1330 1599 φαίη
1368 1527 1434 1582 ἂν
1475 1529 1564 1582 τὸν
1589 1529 1698 1584 τῶν
1724 1531 1788 1583 ἐκ
1822 1547 2039 1602 περιτο-

465 1619 571 1688 μῆς
591 1621 671 1683 είς
693 1621 784 1673 τὸν
807 1620 1037 1693 Σωτῆρα
1059 1623 1154 1675 καὶ
1182 1622 1385 1694 Κύριον
1413 1622 1571 1694 ἡμῶν
1601 1623 2038 1676 πεπιστευκότων

459 1710 772 1764 ἀποστόλων
799 1727 863 1764 τε
910 1712 1002 1766 καὶ
1027 1711 1425 1781 εύαγγελιστῶν
1456 1713 1640 1785 χορόν·
1671 1706 1746 1767 ὧν
1787 1712 2037 1778 ἕκαστος,

459 1801 669 1876 λεῖμμα
695 1805 816 1858 κατ’
844 1804 1073 1877 ἐκλογὴν
1099 1805 1319 1876 χάριτος
1343 1803 1602 1873 γεγονὼς,
1636 1806 1732 1858 καὶ
1763 1803 1852 1858 διὰ
1879 1804 2038 1858 τοῦτο

457 1904 485 1953 6
532 1894 906 1964 καταλειφθεὶς
950 1897 1042 1949 ἐπὶ
1079 1896 1179 1967 τῆς
1223 1896 1325 1967 γῆς
1361 1895 1766 1967 ὠνομασμένος,
1814 1895 2037 1968 θρέψειν

458 1987 672 2056 ὶέγεται
715 1988 944 2058 δάμαλιν
988 1986 1145 2058 βοῶν,
1179 1989 1272 2042 καὶ
1315 1988 1407 2042 δύο
1441 1989 1708 2060 πρόϐατα,
1748 1990 1876 2062 τρία
1915 1991 2037 2045 καθ’

458 2081 692 2150 ἑκάστην
707 2079 1030 2150 Ἐκκλησίαν
1058 2081 1334 2150 τάγματα,
1367 2080 1425 2133 ἐν
1458 2081 1559 2152 μὲν
1582 2081 1644 2135 τὸ
1667 2081 1776 2135 τῶν
1797 2083 2036 2153 ἡγουμέ-

453 2189 579 2236 νων,
601 2171 694 2225 δύο
722 2170 779 2224 δὲ
808 2170 877 2225 τὰ
915 2172 1024 2225 τῶν
1070 2172 1505 2242 ὑποϐεϐηκότων,
1540 2173 1634 2228 τοῦ
1659 2175 1762 2244 τῆς
1799 2174 2033 2246 Ἐκκλη-

454 2261 573 2325 σίας
599 2263 695 2316 τοῦ
724 2260 960 2335 Χριστοῦ
995 2260 1126 2316 λαοῦ
1160 2264 1239 2327 εἰς
1271 2263 1365 2317 δύο
1397 2263 1652 2334 τάγματα
1679 2264 2029 2336 διῃρημένου,

449 2353 530 2417 τίς
560 2370 620 2406 τε
645 2354 708 2407 τὸ
732 2354 837 2407 τῶν
867 2354 1092 2414 πιστῶν,
1123 2354 1218 2407 καὶ
1246 2353 1354 2407 τῶν
1413 2353 1635 2425 μηδέπω
1665 2355 1764 2425 τῆς
1792 2354 1882 2408 διά
1913 2355 2035 2409 λου-

460 2442 579 2515 ιροῦ
607 2443 1027 2513 παλιγγενεσίας
1046 2444 1382 2515 ἠξιωμένων,
1400 2439 1487 2507 ὀἷς
1513 2445 1605 2497 καί
1640 2462 1802 2514 φησιν
1831 2447 1859 2499 ό
1890 2445 2033 2510 θεῖος

462 2532 809 2598 ’Δπόστολοςσ
843 2536 1017 2591 «Γάλα
1053 2536 1196 2606 ὑμᾶς
1222 2536 1468 2598 ἐπότισα,
1498 2535 1558 2588 οὐ
1590 2534 1804 2607 βρῶμα.
1840 2555 1858 2588 ι
1893 2537 2033 2601 Τοὺς

446 2625 503 2680 δὲ
534 2628 593 2680 ἐν
617 2626 716 2699 ἦδη
749 2626 1055 2700 τελειοτέρᾳ
1092 2627 1437 2690 καθεστῶτας
1462 2624 1592 2691 ἕξει,
1634 2626 1864 2698 δάμαλιν
1893 2628 2030 2699 βοῶν

448 2719 671 2782 σίκότως
736 2720 1037 2779 ἀποκαλεῖ.
1097 2723 1408 2791 γεννήματα
1472 2718 1822 2791 τελειοτέρων
1890 2719 2029 2790 βοῶν

446 2811 831 2883 τυγχάνοντας,
860 2807 972 2875 οἷος
1000 2811 1161 2875 αύτδς
1204 2806 1272 2882 ἦν
1304 2812 1332 2864 6
1366 2809 1705 2874 ’Δπόστολος,
1741 2812 1870 2882 περὶ
1900 2813 2028 2866 ἐαυ-

443 2903 539 2959 τοῦ
567 2905 662 2957 καὶ
697 2904 804 2957 τῶν
846 2902 1242 2976 παραπλησίως
1288 2902 1437 2974 αὐτῷ
1469 2903 1785 2973 καμνόντων
1817 2903 1989 2972 λέγων
2009 2923 2022 2935 ·

449 3015 470 3049 ι
507 2995 599 3068 Μὴ
624 2995 730 3049 τῶν
757 2994 892 3066 βοῶν
926 2996 1077 3066 μέλει
1107 2995 1185 3066 τῷ
1205 2994 1363 3066 Θεῷ;
1396 3015 1415 3046 ι
1454 2995 1486 3069 ἢ
1522 2995 1590 3049 δι’
1627 2997 1777 3067 ἡμᾶς
1811 2996 2027 3061 πάντως

442 3089 619 3159 λέγεις
665 3089 763 3161 Εἵη
794 3088 850 3142 δὲ
893 3088 959 3143 ἂν
984 3088 1078 3142 καὶ
1106 3091 1215 3142 πᾶν
1242 3089 1303 3142 τὸ
1325 3088 1510 3159 τάγμα
1524 3088 1634 3143 τῶν
1661 3089 1761 3160 τῆς
1798 3088 2027 3163 Ἐκκλη-

442 3182 565 3246 σίας
596 3179 968 3253 προεστώτων,
1014 3179 1180 3252 ἀροῦν
1216 3198 1275 3234 τε
1324 3181 1418 3235 καὶ
1470 3184 1735 3255 γεωργεῖν
1775 3182 1876 3248 τὰς
1912 3183 2023 3237 τῶν

440 3273 740 3347 ἀνθρώπων
768 3273 944 3344 ψυχάς
985 3272 1497 3346 ἐγκεχειρισμένων,
1530 3273 1760 3345 δάμαλις
1800 3275 2017 3346 ὠνομα-

442 3367 613 3436 σμένη
643 3364 799 3437 βοῶν,
824 3364 1135 3435 γεννήματα
1158 3365 1498 3435 τυγχάνουσα
1521 3363 1624 3417 τῶν
1648 3364 2018 3420 ἀποπολικών

437 3456 654 3527 τρόπων
673 3470 733 3507 τε
758 3454 852 3506 καὶ
879 3451 1234 3524 μαθημάτων,
1250 3453 1300 3506 οἳ
1325 3454 1418 3507 καὶ
1448 3455 1527 3518 είς
1552 3453 1801 3509 τοσοῦτον
1819 3456 2019 3527 ἀρετῆς

438 3546 719 3601 ἐπιδώσειν
737 3545 1001 3614 λέγονται,
1013 3544 1089 3609 ὡς
1102 3546 1165 3598 ἐκ
1182 3545 1501 3612 πολυγονίας
1518 3548 1769 3600 τοσοῦτον
1790 3565 1830 3601 π
1836 3548 2019 3618 ροϐάλ-

436 3636 621 3693 λεσθαι
642 3637 860 3706 γόνιμον
885 3638 975 3689 καὶ
993 3635 1207 3705 λογικὸν
1226 3640 1346 3701 ταῖς
1367 3638 1753 3707 είσαγωγικαῖς
1771 3638 2018 3693 διδασκα-

436 3729 576 3794 λίαις
590 3729 747 3799 γάλα,
761 3729 836 3792 ὡς
852 3729 944 3782 καὶ
957 3729 1173 3800 ἐτέρους
1192 3727 1413 3800 μυρίους
1430 3728 1716 3800 τρέφεσθαι
1737 3728 1796 3794 ἐξ
1812 3730 2009 3784 αὐτῶν.

436 3820 651 3875 Τούτων
671 3819 729 3873 δὲ
752 3821 880 3891 περὶ⁹
911 3819 1020 3873 τῶν
1050 3819 1517 3889 καταλειφθέντων
1551 3821 1643 3874 ἐπὶ
1667 3820 1768 3891 τῆς
1792 3820 1898 3891 γῆς
1919 3838 2012 3890 γε-

435 3911 765 3982 νησομένων,
791 3910 975 3981 ἐτερόν
1002 3929 1053 3965 τι
1080 3909 1454 3981 συμϐήσεσθαι
1483 3910 1541 3964 ὲν
1567 3914 1631 3982 τῇ
1662 3912 1842 3983 ἡμέρα
1871 3912 2015 3965 ἐκεί-

432 4018 521 4074 νῃ,
557 4001 733 4073 (δῆλον
779 4001 836 4055 δὲ
864 4003 945 4054 ὅτι
993 4003 1051 4054 ὲν
1079 4000 1157 4071 τῷ
1189 4000 1365 4072 χρόνῳ
1401 4001 1500 4072 τῆς
1538 4001 1630 4055 τοῦ
1669 4002 2012 4074 Ἐμμανουὴλ

434 4089 780 4164 παρουσίας,)
804 4092 1202 4162 προαναφωνεῖ.
1225 4091 1289 4143 Τί
1313 4090 1370 4144 δὲ
1389 4090 1544 4145 τοῦτο
1566 4110 1581 4158 ;
1600 4112 1619 4143 ι
1643 4094 1758 4157 Πᾶς
1778 4094 1962 4158 τόπος,
1985 4114 2005 4148 ›

432 4183 587 4252 φησὶ,
620 4200 640 4233 ι
677 4178 770 4235 τοῦ
816 4183 880 4235 ἐκ
931 4182 1233 4254 περιτομῆς
1277 4181 1428 4247 λαοῦ,
1451 4182 1535 4253 ἐφ’
1560 4179 1621 4237 οὒ
1659 4179 1799 4256 ἦσαν
1843 4184 2009 4256 χίλιαι

430 4273 666 4346 ἄμπελοι
713 4272 897 4345 χιλίων
944 4272 1164 4339 σίκλων,
1192 4275 1270 4337 είς
1322 4275 1513 4347 χέρσον
1547 4275 1759 4330 ἔσονται
1804 4278 1899 4330 καὶ
1927 4279 2009 4343 εἰς

431 4365 689 4423 ἄκανθαν.
723 4364 876 4419 Μετὰ
908 4364 1015 4437 γὰρ
1049 4365 1233 4436 βέλους
1280 4367 1374 4420 καὶ
1410 4366 1739 4438 τοξεύματος
1766 4367 2005 4421 εἰσελεύ-

2146 619 2286 686 quit,
2323 636 2343 669 ι
2373 619 2536 674 homo
2564 621 2857 689 juvencam
2884 620 3072 685 boum,
3103 631 3160 677 et
3197 622 3337 678 duas
3368 630 3582 691 oves,et
3603 624 3730 687 erit,

2146 723 2212 763 ex
2253 723 2319 763 eo
2354 710 2502 779 quod
2546 712 2844 781 plurimum
2877 710 3041 767 faciet
3083 713 3186 779 lac,
3219 714 3480 786 butyrum
3524 726 3581 771 et
3630 718 3737 771 ωυι

2146 801 2414 867 comedet,
2464 805 2646 859 omnis
2694 806 2789 875 qui
2825 806 3050 861 relictus
3098 806 3264 861 fuerit
3305 806 3362 860 in
3413 816 3580 862 terra.
3614 829 3635 862 ι
3679 807 3736 861 In

2145 892 2344 961 quibus
2390 895 2573 949 verbis
2614 910 2747 951 sane
2796 897 3000 951 dixerit
3029 898 3249 968 aliquis,
3281 896 3497 954 Iudaici
3540 900 3736 970 populi

2147 982 2346 1038 famem
2420 995 2912 1059 paupertatemque
2981 990 3307 1047 immenSnm
3376 992 3678 1062 signiﬁcari
3716 1031 3734 1057 ,

2144 1072 2345 1142 quippe
2365 1074 2460 1144 qui
2488 1091 2663 1146 neque
2694 1077 2909 1132 triticeo
2932 1081 3279 1151 naturalique
3308 1082 3432 1137 cibo
3452 1081 3523 1137 sit
3545 1082 3726 1138 abun—

2143 1163 2394 1227 daturus,
2425 1180 2493 1220 ex
2533 1181 2599 1221 eo
2642 1169 2789 1237 quod
2834 1184 3011 1239 neque
3057 1179 3257 1226 terram
3311 1175 3508 1238 arabit,
3545 1189 3726 1245 neque

2144 1255 2457 1319 seminabit,
2485 1272 2662 1327 neque
2686 1264 2872 1326 metet,
2892 1276 3068 1330 neque
3097 1278 3289 1333 greges
3312 1266 3516 1327 ovium,
3545 1281 3725 1336 neque

2142 1344 2306 1400 boum
2357 1356 2603 1402 armenta
2658 1363 3040 1418 possessurus,
3096 1352 3193 1407 sed
3248 1354 3537 1410 habiturus
3579 1356 3723 1414 duas

2142 1453 2273 1492 oves
2302 1444 2359 1493 et
2381 1438 2674 1507 juvencam
2710 1456 2899 1507 unam,
2928 1443 3129 1512 quibus
3160 1445 3246 1500 lac
3278 1447 3490 1518 sibiipsi
3520 1464 3721 1520 suppe-

2140 1531 2275 1586 ditet
2302 1547 2316 1582 :
2341 1538 2436 1587 aut
2466 1533 2644 1596 aliter,
2680 1535 2906 1605 ﬁgurate
2935 1538 3184 1607 loquens,
3213 1554 3336 1594 eum
3367 1542 3461 1611 qui
3493 1544 3548 1598 in
3571 1552 3717 1598 terra

2140 1624 2364 1679 relictus
2395 1624 2489 1691 sit,
2525 1625 2835 1695 signiﬁcare
2865 1628 3066 1685 dixerit
3089 1646 3156 1685 ex
3175 1629 3377 1687 Judaeis
3400 1635 3493 1702 qui
3516 1634 3571 1689 in
3603 1633 3719 1690 Sal-

2140 1723 2379 1772 vatorem
2415 1732 2480 1772 ac
2513 1717 2802 1775 Dominum
2829 1729 3080 1777 nostrum
3108 1722 3458 1791 crediderint,
3491 1734 3715 1796 aposto-

2139 1809 2318 1864 lorum
2381 1819 2547 1881 atque
2598 1813 3060 1883 evangelistarum
3128 1816 3390 1884 chorum,
3440 1834 3471 1874 e
3515 1821 3717 1891 quibus

2140 1899 2539 1971 unusquisque,
2565 1917 2689 1957 cum
2721 1903 3021 1957 secundum
3051 1905 3372 1961 electionem
3402 1908 3592 1978 gratiae
3624 1924 3712 1965 re-

2138 1989 2302 2045 lictus
2327 1991 2420 2051 sit,
2450 1998 2506 2046 et
2536 1991 2608 2046 ob
2638 1991 2716 2054 id,
2756 1992 2980 2048 relictus
3006 1993 3060 2046 in
3090 2004 3234 2048 terra
3259 1996 3594 2064 nominatus,
3623 1998 3717 2066 ju-o

2138 2093 2361 2134 vencam
2388 2080 2551 2135 boum
2586 2091 2641 2136 et
2666 2079 2805 2135 duas
2842 2095 2973 2137 oves
3002 2081 3205 2136 dicitur
3235 2084 3568 2149 nutriturus,
3603 2094 3717 2142 ter-

2134 2184 2236 2224 nos
2259 2170 2510 2226 videlicet
2536 2186 2631 2242 per
2659 2171 2903 2239 singulas
2946 2171 3220 2228 Ecclesias
3265 2173 3510 2239 ordines,
3543 2190 3713 2231 unum

2133 2261 2350 2330 quidem
2376 2276 2568 2316 eorum
2592 2262 2685 2332 qui
2722 2262 2969 2332 praesint,
3003 2263 3144 2318 duos
3178 2270 3360 2318 autem
3394 2279 3582 2319 eorum
3617 2268 3711 2336 qui

2133 2349 2363 2418 subjecti
2394 2351 2527 2418 sint,
2555 2367 2681 2406 cum
2710 2351 2966 2409 Ecclesia:
2984 2352 3187 2409 Christi
3218 2355 3454 2424 populus
3484 2355 3539 2410 in
3569 2355 3712 2412 duos

2131 2442 2354 2496 ordines
2373 2442 2444 2497 sit
2470 2443 2703 2511 divisus,
2740 2444 2794 2498 in
2818 2459 3006 2500 eorum
3036 2447 3131 2515 qui
3159 2446 3410 2510 credunt,
3438 2456 3491 2501 et
3518 2461 3711 2502 eorum

2129 2534 2224 2604 qui
2270 2535 2512 2589 nondum
2560 2536 2626 2590 ad
2671 2536 2874 2591 lavacri
2926 2537 3395 2607 regenerationem
3439 2539 3710 2608 assumpti

2130 2627 2261 2692 sint,
2299 2630 2366 2683 ad
2415 2646 2555 2700 quos
2599 2631 2766 2686 etiam
2797 2631 3017 2686 divinus
3062 2630 3357 2700 Apostolus
3390 2631 3510 2685 ait:
3545 2648 3564 2682 ι
3600 2628 3710 2686 Lac

2128 2717 2285 2773 vobis
2309 2726 2497 2788 potum
2538 2720 2685 2785 dedi,
2718 2735 2826 2774 non
2857 2734 3041 2775 escam
3064 2719 3130 2774 “.
3151 2740 3169 2773 ι
3200 2719 3306 2775 Eos
3337 2735 3465 2776 vero
3481 2722 3573 2791 qui
3593 2721 3708 2790 jam

2128 2814 2241 2862 tum
2283 2809 2339 2863 in
2383 2809 2571 2864 habitu
2621 2809 2947 2881 perfectiore
2989 2811 3368 2873 constiterint,
3412 2811 3709 2880 juvencatn

2125 2901 2288 2957 boum
2306 2902 2502 2958 merito
2523 2904 2779 2974 appellat,
2801 2905 3003 2975 quippe
3026 2904 3121 2973 qui
3141 2902 3523 2974 perfectiorum
3542 2905 3710 2961 boum

2124 2991 2267 3048 fetus
2301 2994 2433 3059 sint,
2467 2995 2781 3064 cujusmodi
2828 2996 2945 3065 ipse
2998 2994 3101 3051 fuit
3144 2997 3461 3065 Apostolus,
3502 2996 3596 3067 qui
3637 2995 3710 3054 de

2125 3083 2308 3154 seipso
2342 3093 2508 3156 atque
2556 3086 2625 3141 iis
2654 3087 2747 3155 qui
2792 3086 2958 3142 simili
3003 3086 3167 3141 modo
3193 3095 3254 3140 ut
3285 3087 3402 3158 ipse
3432 3087 3703 3152 laborant,

2127 3173 2201 3227 ita
2237 3174 2314 3227 ait
2343 3193 2356 3229 :
2403 3193 2423 3227 ι
2464 3173 2723 3244 Nunquid
2758 3174 2827 3230 de
2872 3174 3047 3231 bobus
3078 3190 3211 3231 cura
3239 3183 3324 3231 est.
3368 3174 3510 3231 Deo?
3540 3175 3707 3251 3%

2123 3281 2191 3319 an
2224 3273 2446 3337 propter
2475 3282 2576 3323 nos
2599 3268 2825 3322 omnino
2855 3267 2991 3323 dicit
3013 3267 3094 3322 ’δτῖ
3128 3288 3147 3319 ι
3181 3269 3288 3324 erit
3313 3280 3491 3325 autem
3524 3271 3705 3327 omnis

2121 3371 2340 3426 quoque
2369 3358 2507 3414 ordo
2538 3373 2728 3413 eorum
2762 3359 2855 3430 qui
2886 3359 3148 3415 Ecclesia:
3176 3369 3440 3430 praesunt,
3475 3361 3704 3433 quibus-

2119 3465 2226 3520 que
2255 3451 2447 3505 arandi
2481 3459 2534 3505 et
2573 3450 2787 3506 colendi
2829 3453 3042 3506 animas
3074 3452 3356 3506 hominum
3384 3468 3516 3507 cura
3545 3467 3703 3507 man-

2118 3538 2245 3593 data
2267 3546 2372 3606 est,
2386 3540 2637 3608 juvencaa
2663 3541 2827 3596 boum
2858 3543 3079 3598 nomine
3108 3543 3470 3613 signiﬁcatus,
3499 3546 3703 3617 quippe

2116 3630 2210 3701 qui
2253 3630 2682 3701 apostolicorum
2737 3635 2942 3688 rituum
2995 3650 3060 3689 ac
3116 3644 3517 3706 praeceptorum
3558 3636 3704 3692 fetus

2115 3722 2366 3787 exsistat,
2406 3723 2613 3792 quique
2639 3723 2804 3777 etiam
2835 3725 2891 3778 in
2918 3727 3117 3780 virtute
3145 3742 3318 3797 usque
3348 3728 3484 3783 adeo
3518 3727 3701 3782 incre-

2115 3819 2357 3867 mentum
2398 3822 2734 3884 accepturus
2774 3815 3000 3880 dicitur,
3034 3823 3093 3871 ut
3121 3832 3188 3873 ex
3215 3818 3359 3875 fetus
3389 3818 3701 3889 multiplici-

2114 3908 2245 3965 tate,
2273 3910 2483 3957 tantum
2517 3906 2773 3974 genitalis
2808 3906 3206 3977 rationalisque
3258 3909 3416 3963 lactis
3446 3908 3698 3964 introdu-

2113 3994 2303 4049 ctoriis
2334 3996 2604 4050 doctrinis
2640 3998 2711 4051 sit
2759 3997 3113 4062 suffecturus,
3141 4008 3202 4053 ut
3245 4015 3313 4055 ex
3346 4015 3413 4055 eo
3443 4000 3696 4059 innume-

2112 4083 2313 4139 rabiles
2338 4083 2434 4138 alii
2464 4086 2741 4140 nutriendi
2771 4086 2901 4142 sint.
2931 4086 3103 4141 Porro
3132 4101 3257 4141 cum
3280 4087 3397 4142 hzec
3427 4087 3495 4144 iis
3520 4091 3614 4159 qui
3636 4091 3697 4146 in

2113 4182 2257 4230 terra
2287 4178 2461 4234 relicti
2488 4177 2714 4244 fuerint,
2751 4179 2935 4235 futura
2973 4192 3090 4236 tum
3118 4190 3326 4247 essent,
3357 4183 3504 4238 aliud
3533 4184 3695 4254 quid-

2108 4268 2232 4322 dam
2264 4269 2321 4323 in
2352 4269 2440 4325 die
2460 4270 2574 4336 illa,
2608 4278 2855 4340 tempore
2888 4271 3143 4327 videlicet
3172 4273 3443 4328 adventus
3472 4271 3695 4328 Emma-

2108 4359 2257 4424 nuel,
2280 4368 2602 4415 eventurum
2630 4362 2895 4432 praedicit.
2928 4361 3087 4429 Quod
3125 4370 3311 4418 autem
3343 4365 3482 4419 hoc?
3512 4382 3531 4415 ι
3561 4361 3695 4419 Om-

434 4473 613 4510 σονται
645 4458 761 4510 ἐκεῖ
782 4454 959 4526 (δῆλον
982 4456 1027 4512 δ’
1054 4458 1136 4510 ὅτι
1170 4458 1220 4510 οἱ
1245 4457 1532 4528 πολέμιοι),
1568 4459 1649 4512 ὅτι
1683 4458 1877 4531 χέρσος
1910 4461 2006 4514 καὶ

2124 4452 2213 4516 iis,
2254 4470 2272 4503 ι
2309 4452 2508 4522 inquit,
2546 4469 2566 4502 ι
2605 4453 2758 4508 locus
2790 4450 3004 4508 Iudaici
3047 4454 3257 4524 populi,
3290 4454 3345 4509 in
3377 4470 3490 4526 quo
3528 4462 3705 4533 erant.

432 4547 641 4603 ἄκανθα
684 4548 836 4604 ἔσται
885 4551 1033 4604 πᾶσα
1070 4550 1104 4620 ἡ
1143 4550 1234 4619 γῆ.
1279 4567 1299 4602 ι
1336 4550 1446 4604 Καὶ
1490 4549 1587 4604 θέα
1629 4568 1693 4620 γε
1724 4552 1826 4606 ὅσα
1856 4554 1913 4605 ἐν
1938 4555 2004 4624 τῇ

2124 4543 2257 4600 nille
2280 4545 2422 4600 vites
2459 4560 2560 4616 pro
2589 4545 2738 4601 mille
2764 4546 2937 4609 siclis,
2965 4547 3018 4601 in
3052 4554 3254 4601 terram
3277 4548 3538 4603 incultam
3561 4549 3688 4612 erit,

428 4640 614 4713 ἡμέρᾳ
636 4639 731 4695 τοῦ
764 4641 1128 4713 Έμμανουὴλ,
1181 4641 1324 4709 λέγω
1389 4641 1445 4695 δὲ
1493 4643 1552 4695 ἐν
1603 4641 1683 4715 τῷ
1722 4644 1822 4716 τῆς
1857 4645 1990 4699 ἁνα-

426 4729 589 4801 τολῆς
617 4731 793 4803 καιρῷ
844 4731 1062 4802 λογικοῦ
1105 4732 1300 4802 φωτὸς,
1345 4730 1439 4786 τοῦ
1479 4732 1568 4786 διὰ
1611 4734 1706 4787 τοῦ
1754 4734 2006 4807 Σωτῆρος

424 4822 584 4893 ἡμῶν
614 4825 692 4887 είς
721 4823 928 4887 πάντας
955 4822 1274 4896 ἀνθρώπους
1324 4823 1749 4895 ἐπιλάμψαντος,
1786 4827 1916 4898 περὶ
1944 4825 2006 4881 τὸ

438 4912 703 4968 Ἰουδαίων
725 4914 876 4978 ἔθνος
903 4914 1120 4969 ἔσεσθαι
1160 4917 1191 4969 ό
1238 4914 1395 4985 λόγος
1438 4916 1703 4982 θεσπίζει,
1749 4918 2005 4990 δυνάμεις

423 5022 485 5059 τε
526 5005 891 5077 ἀκαθάρτους,
940 5009 1034 5061 καὶ
1080 5008 1380 5080 πολεμικὰς
1424 5008 1525 5073 τὰς
1572 5009 1741 5065 πάλαι
1791 5011 1850 5064 ἐν
1892 5014 2005 5075 τοῖς

316 5098 329 5107 ⁸
425 5098 632 5153 ἔθνεσιν
666 5098 991 5171 ἐνεργούσας
1023 5099 1078 5152 ἐν
1112 5117 1171 5153 τε
1203 5100 1462 5173 Δίγύπτῳ
1493 5102 1589 5156 καὶ
1615 5105 1680 5173 τῇ
1711 5101 1865 5175 χώρα
1894 5103 2003 5157 τῶν

437 5189 762 5264 Ἀσσυρίων*
793 5189 860 5254 ἃς
885 5190 978 5244 τοῦ
1023 5192 1231 5263 Κυρίου
1272 5194 1611 5266 συρίσαντος,
1642 5195 1738 5247 καὶ
1763 5195 2003 5267 ὡσπερεὶ

424 5284 897 5355 παρορμήσαντος,
938 5284 1030 5337 καὶ
1067 5284 1617 5357 παρακελευσαμένου
1664 5286 1855 5350 αὐταῖς
1872 5328 1887 5351 ,
1934 5289 2000 5360 τῇ

423 5373 575 5447 χώρᾳ
614 5375 778 5445 φησὶν
828 5375 1011 5428 αὐτῶν
1057 5374 1464 5443 ἐπελεύσεσθαι,
1506 5377 1594 5431 διά
1636 5376 1699 5431 τὸ
1746 5380 2001 5434 τοιούτων

422 5462 578 5529 ἀξίαν
614 5463 893 5532 γεγονέναι
912 5480 927 5495 ο
973 5464 1067 5519 καὶ¹
1122 5465 1530 5521 ἀναπαύσεσθαι
1568 5466 1668 5531 τὰς
1708 5470 1826 5541 είρη
1835 5469 2001 5541 μένας

423 5551 675 5625 δυνάμεις
697 5556 861 5627 φησὶν
892 5558 950 5611 ἐν
972 5557 1235 5629 φάραγξι,
1266 5558 1361 5613 καὶ
1389 5560 1447 5612 ἐν
1468 5559 1735 5632 τρώγλαις
1763 5564 1996 5636 πετρῶν,

422 5646 500 5711 είς
530 5666 588 5702 τε
627 5649 695 5703 τὰ
733 5650 996 5721 σπήλαια,
1054 5651 1148 5705 καὶ
1197 5653 1274 5714 είς
1324 5652 1504 5706 πᾶσαν
1539 5653 1746 5722 ραγάδα
1797 5656 1995 5723 αὐτῶν,

492 5825 535 5855 ⁵⁸
567 5825 587 5879 l
615 5828 739 5883 Cor.
781 5846 860 5896 ut,
892 5830 944 5885 2.
1032 5836 1073 5865 ⁸⁷
1114 5832 1287 5887 iCor.
1325 5848 1398 5897 ix,
1442 5832 1494 5889 9.

2107 4644 2162 4690 et
2185 4636 2241 4690 in
2272 4635 2505 4707 spinam.
2538 4636 2675 4692 Nam
2696 4652 2820 4692 cum
2850 4638 3046 4710 sagitta
3077 4648 3130 4694 et
3160 4652 3293 4694 arcu
3315 4639 3690 4711 ingredientur

2106 4728 2239 4783 illuc
2275 4729 2515 4800 (constat
2553 4745 2684 4786 vero
2712 4731 2815 4786 hoc
2842 4731 2949 4787 dici
2982 4730 3051 4787 de
3081 4731 3379 4803 hostibus),
3427 4733 3687 4803 quoniam

2107 4827 2252 4876 terra
2308 4823 2512 4879 inculta
2558 4832 2615 4879 et
2643 4824 2799 4895 spina
2822 4825 2928 4881 erit
2955 4825 3137 4882 omnis
3179 4822 3349 4881 terra.
3385 4844 3405 4877 ι
3442 4824 3508 4879 Ει
3556 4839 3688 4883 sane

2106 4919 2291 4983 specta
2322 4928 2486 4984 quam
2529 4916 2701 4970 multa
2730 4916 2787 4971 in
2829 4917 2920 4973 die
2962 4916 3305 4984 Emmanuel,
3347 4916 3473 4972 dico
3502 4924 3685 4972 autem

2104 5021 2214 5075 quo
2251 5012 2495 5078 tempore
2539 5008 2807 5066 rationale
2856 5009 3040 5066 lumen
3085 5018 3171 5064 est
3215 5010 3508 5069 oriturum,
3538 5007 3686 5079 quod

2106 5107 2202 5161 per
2235 5090 2573 5150 Salvatorem
2598 5105 2846 5153 nostrum
2878 5098 2932 5152 in
2968 5113 3160 5153 omnes
3204 5098 3453 5153 homines
3481 5098 3685 5154 emica-

2104 5183 2203 5250 bit,
2247 5182 2492 5243 Judaicae
2520 5189 2671 5259 genti
2710 5197 2973 5246 eventura
3020 5190 3304 5244 oraculum
3354 5197 3536 5245 canat.
3579 5188 3682 5246 lm-

2104 5276 2336 5331 mundas
2364 5277 2510 5332 enim
2542 5287 2707 5350 atque
2734 5280 2967 5335 hostiles
3007 5287 3328 5350 potestates,
3363 5294 3483 5349 quae
3506 5295 3683 5350 quon-

2102 5366 2227 5420 dam
2256 5368 2400 5424 inter
2435 5376 2625 5441 gentes
2658 5371 2955 5426 etlicaciam
2989 5371 3504 5426 suamoexercebant
3535 5379 3590 5426 et
3624 5372 3681 5427 in

2104 5457 2364 5531 Egypto,
2400 5470 2455 5518 et
2482 5463 2537 5517 in
2593 5464 2816 5534 regione
2856 5462 3235 5533 Assyriorum,
3279 5461 3510 5517 Domino
3540 5461 3677 5518 sibi‘

2102 5551 2248 5608 laute
2272 5560 2327 5609 et
2355 5554 2515 5626 quasi
2539 5554 2854 5628 impellente
2897 5563 3060 5625 atque
3089 5555 3417 5611 adhortante
3443 5569 3559 5619 eas,
3584 5570 3674 5610 re-

2101 5643 2315 5714 gionem
2347 5647 2594 5718 ipsorum
2630 5647 2919 5706 invasuras
2950 5649 3049 5713 ait,
3084 5657 3375 5720 propterea
3406 5648 3552 5721 quod
3588 5655 3673 5701 ta-
