2055 3210
225 170 276 199 5|!

564 168 698 196 EUSEBII
717 167 960 197 (IIESABIENSIS
978 167 998 196 0

1051 187 1055 196 .
1077 168 1168 196 PARS
1184 169 1218 196 ll.
1235 184 1273 191 -η
1290 168 1540 197 ΑΡΟιυϐΕΤΙΟᾹ.

1810 169 1863 198 512

223 227 298 255 libus
315 227 396 261 digna
411 226 540 256 evaserit.
556 225 722 260 easdemque
739 229 890 260 potestates
902 225 997 261 quietu

1051 226 1137 260 and
1162 226 1213 261 μὲν
1236 226 1373 258 διάνοιαν,
1390 226 1419 253 ἐν
1442 227 1502 257 ταῖς
1523 225 1624 261 ψυχαῖς
1647 224 1749 257 αὐτῶν,
1764 225 1811 252 καὶ
1832 227 1861 252 ὲν

224 280 269 300 ras
288 272 316 299 itt
340 271 510 298 convallibus
527 273 555 297 el
575 269 759 298 foraminibus
775 275 925 306 pett-arum,
940 275 966 297 et
986 271 1014 298 in

223 316 373 351 speluncis,
391 316 455 342 etin
472 315 545 341 outni
561 315 681 342 scissura
696 317 816 350 ipsorum
833 326 839 343 :
857 316 890 343 ad
903 324 1012 344 sensum

221 363 330 396 quidem
346 362 372 388 in
389 361 488 388 animis
504 361 637 396 ipsorutn,
651 366 677 388 ct
689 362 716 388 itt
729 363 796 397 ipsis
809 363 934 398 corporis
950 371 997 391 seu
1008 378 1014 383 -

221 409 308 440 sibus,
326 413 350 434 et
371 407 593 442 cogitationibus,
611 411 637 435 et
651 407 776 435 discissis
792 409 913 443 ipsorum
935 416 1012 436 men-

221 454 314 486 tibus;
331 453 364 479 ad
383 453 494 480 verbum
512 458 602 480 autem
621 453 704 488 (quod
719 453 828 488 quidem
841 454 867 480 in
884 459 1011 488 promptu

219 497 284 531 est),
311 505 359 532 per
383 501 467 523 totam
490 499 613 532 ipsorunt
642 499 792 533 regionem.
814 497 892 530 Quod
921 498 1010 532 ipsuttt

219 551 286 570 satte
301 544 363 578 quis
378 551 432 570 non
451 543 612 576 admiretur,
627 552 689 570 cuttt
706 544 795 571 oculis
811 550 906 571 cernat
919 544 1010 571 inimi-

218 597 266 616 cos
283 589 404 624 ipsorunt
429 597 538 617 omnem
559 588 660 616 δυόωσι
687 590 775 616 locutu
797 597 958 625 orcupasse,
982 594 1009 617 et

217 639 346 662 externos
355 634 620 670 simulacrorumque
633 635 753 662 cultores
766 635 890 662 homines
905 635 930 661 in
944 642 1009 661 cuu-

217 682 270 708 ctis
291 681 414 716 ipsortttn
436 681 595 708 civitatibus
619 686 646 708 et
667 681 826 716 regionibus
850 682 1007 716 quievisse?

216 725 276 752 Non
294 726 378 761 igitur
392 725 435 753 Itis
454 726 521 753 solis
537 734 585 754 eos
599 734 660 754 esse
679 726 836 753 alliciendos
855 726 892 752 ait
909 734 1006 753 oracu-

217 771 284 802 lum,
313 771 360 798 sed
383 771 465 798 etiam
488 771 621 798 novacula
643 771 703 806 ejus
726 771 900 806 Assyriorum
923 772 1004 806 regis,

215 824 297 852 quem
311 824 362 844 nos
375 816 564 851 intelligimus,
576 822 600 844 et
615 821 695 851 caput
711 824 817 847 eorum,
833 821 860 843 et
875 816 944 850 pilos
960 824 1005 851 pe-

215 863 292 896 dum,
307 867 335 891 et
356 863 483 896 barbam,
497 871 605 891 omnem
624 864 759 895 videlicet.
776 871 831 898 quo
851 864 902 898 ipsi
915 872 999 898 quon-

1067 272 1127 304 ταῖς
1145 272 1192 298 τοῦ
1209 271 1334 307 σώματος
1349 271 1492 307 αἰσθήσεσι
1503 291 1510 303 ,
1533 272 1589 304 τοῖς
1606 280 1638 298 τε
1653 270 1794 306 λογισμοῖς
1814 272 1862 299 καὶ

1067 319 1126 349 ταῖς
1142 318 1333 354 διερρωγυίαις
1347 319 1437 345 αὐτῶν
1448 319 1577 349 διανοίαις
1588 326 1594 332 ”
1609 318 1680 344 κατὰ
1692 317 1721 344 δὲ
1735 317 1784 353 τὴν
1795 318 1861 354 πρό-

1066 373 1157 400 χειρον
1173 364 1256 396 λέξιν,
1275 365 1335 391 καθ’
1350 364 1413 400 ὅλης
1428 364 1517 390 αὐτῶν
1532 364 1581 399 τῆς
1595 363 1696 399 χώρας.
1710 364 1743 390 ⁸0
1756 363 1804 390 καὶ
1818 364 1860 396 τίς

1065 412 1114 437 οὐκ
1135 411 1168 437 ἂν
1183 411 1414 446 ἁποθανμάσειεν,
1437 410 1584 445 ὀφθαλμοῖς
1599 409 1670 445 ὁρῶν
1695 409 1759 442 τοὺς
1780 409 1859 436 πολε-

1066 457 1143 491 μίους
1160 457 1248 484 αὐτῶν
1265 457 1354 483 πάντα
1371 457 1451 483 τόπον
1475 456 1526 491 τῆς
1545 455 1675 488 Ἰουδαίας
1697 455 1859 491 κατειληφό-

1063 511 1122 534 τας,
1142 502 1189 528 καὶ
1205 503 1267 534 τούς
1290 511 1322 537 γε
1342 502 1506 537 ἀλλοφύλους
1530 502 1576 528 καὶ
1599 501 1796 537 εἰδωλολάτρας
1812 502 1858 528 ἀν·-

1064 547 1189 583 θρὼπους
1206 549 1235 575 ἐν
1250 549 1350 580 πάσαις
1362 549 1450 575 αὐτῶν
1463 548 1555 574 πολεσὶ
1571 556 1600 574 τε
1614 548 1662 574 καὶ
1675 547 1778 583 χώραις
1793 547 1859 574 ἀνα-

1063 594 1271 628 πεπαυμένουςς
1288 595 1325 621 Οὐ
1335 594 1422 621 ταῦτα
1432 594 1460 621 δὲ
1472 594 1525 630 ἄρα
1537 594 1605 629 μόνα
1621 593 1759 629 διαθήσειν
1775 594 1857 629 φησὶν

1062 637 1159 669 αὐτοὺς
1170 639 1183 663 ὁ
1197 637 1285 672 λόγος,
1300 638 1366 665 ἀλλὰ
1382 639 1456 674 ξυρῷ
1466 641 1513 667 τοῦ
1525 638 1686 674 νενοημένον
1701 640 1766 674 ἡμῖν
1780 639 1857 674 βασι-

1060 682 1127 713 λέως
1145 682 1292 718 Ἀσσυρίων
1310 683 1359 718 τὴν
1376 683 1496 718 κεφαλὴν
1513 683 1611 714 αὐτῶν,
1630 683 1676 709 καὶ
1691 683 1741 715 τὰς
1759 683 1854 719 τρίχας

1060 728 1115 754 τῶν
1133 727 1233 759 ποδῶν,
1249 728 1295 754 καὶ
1310 728 1354 754 τὸν
1372 728 1500 763 πώγωνα,
1521 729 1609 755 πάντα
1622 728 1721 764 δηλαδὴ
1739 728 1783 755 τὸν
1801 729 1854 755 πά-

1059 772 1103 799 λαι
1119 773 1309 808 περικείμενον
1332 774 1422 806 αὐτοῖς
1442 774 1543 809 κόσμον
1567 773 1702 810 ξυρήσειν.
1724 774 1802 802 Κατὰ
1823 775 1851 802 δᾶ

1057 819 1106 854 τὴν
1120 818 1203 854 αὐτὴν
1218 820 1333 854 ἡμέραν,
1348 821 1395 846 καὶ
1415 820 1485 846 κατὰ
1501 821 1547 846 τὸν
1567 820 1647 846 αὑτὸν
1662 820 1756 856 χρόνον
1772 821 1851 848 ἀπει-

1057 863 1097 889 λεῐ
1116 865 1144 890 ὲν
1165 864 1267 900 ἐσχάτῃ
1285 864 1364 900 πενίᾳ
1381 865 1428 891 τοῦ
1457 865 1528 891 κατὰ
1548 865 1614 892 Θεὸν
1636 865 1750 892 πλούτου
1771 875 1854 894 κατα-

215 909 278 936 dam
297 907 384 936 allecti
403 913 493 942 crant,
507 913 632 936 ornatum
649 910 845 937 abradendum.
859 909 914 937 Sub
929 918 998 937 eatu-

1058 910 1204 945 στήσεσθαι
1221 911 1328 942 αὐτοὺς,
1347 912 1385 942 ῶς
1410 911 1447 946 μὴ
1470 912 1558 947 ἄρτων
1582 912 1698 946 λογικῶν
1715 912 1848 948 εὐπορεῖν,

214 956 275 982 dem
295 963 359 982 vero
372 955 442 981 dicttt
459 955 529 981 hanc
544 959 570 982 et
587 955 638 982 sub
654 955 725 982 ident
746 959 854 990 tempus
867 955 900 982 ad
914 959 1004 983 extre-

214 1007 286 1026 mam
310 1001 384 1034 ipsos
400 999 556 1026 divitiarum
572 999 618 1027 Dei
643 1001 784 1035 penuriam
801 1001 921 1027 mittatur
943 1009 1010 1028 esse.

214 1046 388 1080 redigendos,
406 1053 492 1080 usque
505 1046 573 1073 adeo
593 1050 623 1073 ttt
640 1050 666 1074 et
681 1055 749 1081 pane
765 1047 903 1079 rationali,
921 1047 1001 1082 325

213 1096 240 1118 et
254 1091 342 1118 solido
372 1092 564 1126 spiritualique
580 1093 643 1119 cibo
663 1093 718 1120 sint
734 1093 859 1124 carituri,
881 1094 1004 1128 satisque

212 1135 344 1167 habituri,
359 1136 383 1163 si
399 1137 478 1167 lacte,
496 1136 547 1163 hoc
563 1140 605 1163 est
627 1137 724 1171 puerili
748 1137 1003 1172 introductorioque

211 1189 348 1213 sermone,
364 1181 532 1209 nutriantur.
547 1181 588 1208 Ad
607 1182 674 1214 haec,
685 1182 755 1209 vites
765 1183 887 1217 ipsorutn
901 1183 927 1209 itt
948 1187 1003 1209 ter-

212 1234 269 1254 ram
283 1228 412 1256 incultam
430 1228 497 1256 fore.
514 1238 523 1255 ι
536 1228 684 1264 Postquam
701 1229 786 1261 enitn,
800 1239 809 1255 ›
828 1229 921 1263 utipse
938 1237 1000 1264 pro-

211 1273 292 1308 plteta
304 1273 352 1305 ait,
369 1283 379 1298 ι
390 1274 509 1309 agricola
523 1274 594 1301 idetu
608 1278 636 1301 et
651 1282 746 1301 eoruttt
759 1273 890 1302 Dominus
903 1282 1002 1310 exspe-

210 1319 305 1350 ctavit,
321 1319 387 1346 dum
399 1320 477 1346 vittea
491 1327 571 1346 uvam
587 1319 681 1351 ferret.
695 1330 704 1345 ι
716 1328 804 1354 eaque
817 1320 931 1355 protulit
946 1320 1002 1355 spi-

210 1372 272 1396 nas,
288 1369 314 1392 ct
330 1365 550 1393 vociferationem
566 1365 723 1400 quamdam,
739 1373 794 1392 non
813 1370 904 1393 autem
919 1366 1003 1401 justi.

210 1410 277 1437 tiam
308 1410 448 1445 {quocirca
478 1412 560 1438 etiam
587 1418 680 1445 sepem
711 1410 772 1445 ejus
803 1410 948 1442 auferens,
974 1415 1002 1438 et

209 1456 341 1489 parietem
359 1460 494 1489 evertens,
510 1457 543 1483 ad
561 1460 661 1483 lerraut
677 1456 808 1483 incultam
834 1456 940 1484 vineam
958 1465 1000 1485 re-

209 1501 354 1529 dacturum
376 1509 406 1529 se
419 1502 546 1533 allirmat,
560 1506 586 1529 et
601 1509 660 1529 eattt
678 1502 799 1529 inimicis
822 1502 998 1534 traditurum,

208 1555 279 1582 quos
295 1555 357 1574 cum
374 1547 472 1582 sagitta
489 1551 517 1575 et
537 1555 602 1574 arcu
617 1547 681 1574 illuc
700 1547 738 1573 ait
755 1547 937 1583 ingressuros,
954 1549 999 1576 ubi

1057 957 1126 991 μήτε
1147 958 1260 992 στερεᾶς
1283 958 1330 984 καὶ⁴
1353 958 1540 993 πνευματικῆς
1559 958 1674 994 τροφῆς,
1690 958 1800 994 ἀγαπᾷν
1822 958 1851 985 δὲ

1055 1003 1170 1036 γάλακτι
1195 1002 1353 1038 τρέφεσθαι,
1385 1003 1423 1038 τῷ
1449 1003 1578 1038 νηπιώδει
1607 1004 1655 1030 καὶ
1677 1004 1852 1040 εἰσαγωγικῷ

1054 1047 1134 1083 λόγῳ.
1153 1048 1213 1074 Ἐτι
1234 1049 1301 1084 πρὸς
1317 1049 1421 1080 τούτοις
1433 1049 1480 1076 καὶ
1494 1049 1542 1080 τὰς
1555 1050 1694 1085 ἀμπέλους
1704 1049 1796 1077 αὐτῶν
1812 1051 1852 1082 είς

1054 1093 1150 1128 χέρσον
1167 1093 1285 1120 ἔσεσθαι.
1301 1104 1310 1119 ‹
1333 1094 1441 1129 Ἐπειδὴ
1455 1094 1519 1130 γὰρ,
1542 1104 1550 1120 i
1567 1094 1604 1126 ὡς
1619 1096 1633 1122 ὁ
1647 1095 1728 1126 αὐτὸς
1745 1096 1852 1132 προφή-

1053 1147 1101 1173 της
1123 1139 1214 1174 φησὶν,
1233 1149 1242 1164 ι
1263 1141 1370 1174 ἔμεινεν
1393 1140 1406 1166 ὀ
1430 1140 1551 1175 γεωργὸς
1569 1140 1626 1175 ἅμα
1647 1142 1694 1167 καὶ
1716 1142 1849 1178 δεσπότης

1053 1185 1146 1217 αὑτοῦ,
1159 1185 1205 1211 τοῦ
1221 1186 1332 1220 ποιῆσαι
1350 1185 1487 1221 σταφυλὴν
1508 1186 1553 1213 τὸν
1576 1187 1741 1222 ἀμπελῶνα·
1764 1198 1773 1213 ι
1792 1189 1806 1215 ό
1821 1188 1849 1215 δὲ

1052 1231 1179 1267 ἐποίησεν
1189 1233 1321 1264 ἀκάνθας,
1331 1233 1378 1259 καὶ
1389 1233 1419 1259 οὐ
1433 1233 1618 1268 δικαιοσύνην,
1630 1234 1698 1261 ἀλλὰ
1713 1235 1845 1271 κραυγήν·

1053 1276 1102 1310 (διο
1118 1277 1165 1303 καὶ
1176 1277 1300 1312 ἀφαιρῶν
1315 1277 1360 1303 τὸν
1379 1277 1505 1312 φραγμὸν
1523 1277 1616 1308 αὑτοῦ,
1640 1278 1686 1304 καὶ
1709 1277 1846 1314 καθαιρῶν

1051 1324 1096 1350 τὸν
1114 1324 1201 1358 τοῖχον
1224 1323 1264 1354 είς
1293 1323 1400 1359 χέρσον,
1425 1324 1606 1358 καταστήσειν
1629 1323 1674 1350 τὸν
1698 1323 1846 1358 ἀμπλῶνα

1053 1369 1231 1405 μαρτύρεται,
1243 1369 1289 1395 καὶ
1307 1370 1363 1400 τοῖς
1382 1369 1488 1404 ἐχθροῖς
1502 1368 1676 1404 παραδώσειν
1692 1367 1783 1401 αὐτὸν,
1797 1368 1844 1400 οὓς

1053 1415 1121 1451 μετὰ
1148 1414 1241 1450 βέλους
1266 1415 1314 1441 καὶ
1339 1413 1504 1449 τοξεύματος
1530 1413 1730 1441 εἰσελεύσεσθαί
1760 1422 1842 1449 φησιν

1051 1462 1109 1489 ἔχει
1121 1461 1183 1492 τοὺς
1199 1461 1248 1496 τὴν
1264 1460 1387 1493 ὲξουσῖαν
1405 1460 1550 1495 εἰληφότας
1568 1461 1620 1486 ὑπὸ
1642 1459 1687 1487 τοῦ
1700 1459 1778 1492 Θεοῦ,
1794 1460 1840 1487 τοῦ

1050 1507 1216 1541 παραδόντος
1243 1507 1334 1538 αὐτοῖς
1357 1507 1407 1532 οὐκ
1430 1506 1560 1541 ἀκρίτως,
1587 1506 1644 1532 ἀλλ’
1668 1504 1697 1533 εὖ
1722 1506 1791 1542 μάλα
1813 1507 1841 1532 ὲν

1049 1553 1121 1590 δίκῃ,
1137 1553 1178 1579 ὅτι
1193 1552 1225 1588 δὴ
1239 1552 1336 1588 χέρσος
1349 1553 1396 1578 καὶ
1407 1552 1512 1579 ἄκανθα
1524 1551 1612 1578 αὐτῶν
1625 1551 1719 1586 γέγονε
1737 1552 1811 1578 πᾶσα
1822 1552 1840 1586 ἡ

207 1600 224 1620 a
241 1592 306 1625 Deo,
327 1594 373 1628 qui
389 1601 436 1621 eos
458 1602 511 1620 non
530 1594 640 1628 injuria,
655 1593 702 1621 sed
715 1594 777 1628 jure
796 1595 899 1629 optimo
913 1595 997 1621 tradi-

1051 1599 1111 1635 γῆ·)
1125 1599 1168 1625 διὰ
1187 1599 1266 1625 τοῦτο
1280 1598 1345 1632 γοῦν
1365 1598 1479 1633 ἐπείπερ
1492 1599 1531 1629 εἰς
1547 1598 1643 1633 χέρσον
1659 1598 1706 1624 καὶ
1721 1597 1842 1625 ἄκανθαν

207 1638 287 1670 derit.
303 1640 458 1675 acceperint
475 1645 646 1675 potestatem.
662 1648 694 1668 eo
710 1640 782 1677 quod
799 1645 872 1668 terra
891 1641 992 1669 inculta

207 1689 235 1713 et
246 1685 323 1720 spina
342 1686 432 1713 omnis
456 1687 577 1721 ipsorum
599 1690 672 1713 terra
693 1686 764 1713 facta
782 1687 828 1718 sit,
842 1691 996 1722 propterea.

207 1735 330 1766 inquam,
340 1732 412 1767 qttod
423 1732 456 1759 ad
472 1737 570 1760 terram
581 1733 711 1759 incultam
719 1737 747 1760 et
758 1733 864 1767 spinam
879 1733 930 1768 ipsi
956 1741 995 1761 sc-

1046 1645 1122 1671 αὐτοὶ
1136 1644 1248 1674 ἑαυτοὺς
1264 1642 1443 1678 κατέστησαν,
1463 1652 1472 1668 ι
1493 1642 1707 1674 Εἰσελεύσονται,
1725 1651 1734 1668 ι
1749 1642 1840 1678 φησὶν,

1054 1700 1062 1716 ι
1085 1691 1142 1717 ἐκεῖ
1158 1689 1226 1725 μετὰ
1241 1689 1334 1724 βέλους
1351 1690 1397 1716 καὶ
1409 1689 1584 1725 τοξεύματος,
1599 1690 1623 1716 οἱ
1642 1690 1692 1725 τὴν
1713 1697 1765 1716 κατ
1793 1688 1841 1716 αὖ·

1049 1736 1103 1762 τῶν
1118 1735 1240 1767 ἐξουσίαν
1257 1735 1407 1770 εἰληφότες.
1430 1745 1439 1761 i

207 1776 282 1812 ipsos
294 1778 476 1812 redegerunt),
489 1787 498 1802 ε
511 1777 708 1812 lngredientur,
717 1788 726 1804 ι
737 1778 849 1813 inquit.t
866 1778 929 1805 illuc
936 1786 998 1805 cuttt
1011 1781 1108 1816 sagitta
1117 1785 1226 1813 ctarcu,
1240 1781 1285 1816 qtti
1292 1781 1471 1819 contraipsos
1483 1784 1644 1816 potestatem
1657 1781 1837 1816 acceperint.»

242 1823 376 1851 Ctezernm
401 1824 467 1856 noli,
486 1832 590 1859 quzeso,
619 1824 724 1855 mirari,
753 1824 776 1851 si
803 1823 860 1851 hanc
888 1831 996 1859 quoque

206 1868 367 1898 adumbrate
389 1874 416 1897 et
441 1878 488 1905 per
513 1870 613 1905 ﬁguras
642 1870 854 1897 obscurissimas
890 1869 995 1897 reddita

206 1920 279 1942 sunt.
308 1915 368 1942 Jam
395 1916 467 1942 enittt
494 1916 570 1950 prius
597 1915 811 1950 dispensationis
839 1914 996 1949 hujusmouit

204 1969 288 1989 causa
301 1962 374 1989 dicta
390 1965 442 1992 est,
457 1962 529 1997 quod
545 1961 638 1996 utique
656 1961 798 1988 oraculum
815 1961 932 1989 voluerit
947 1969 991 1988 ex-

203 2011 321 2034 tremum
334 2006 455 2034 Iudaica:
464 2007 552 2042 gentis
562 2008 701 2034 occultare
712 2007 863 2040 interitum,
880 2011 909 2034 ut
921 2007 992 2043 apttd

204 2061 264 2081 eam
280 2052 421 2087 Scriptura
439 2053 473 2080 ad
486 2057 610 2080 ttostrutu
632 2053 752 2088 ipsarum
765 2054 887 2089 gentium
904 2054 993 2089 profe-

204 2101 280 2125 ctum
292 2098 492 2132 utilitatemque
503 2100 668 2124 servaretur.
685 2097 751 2124 Nam
765 2098 788 2124 si
802 2098 870 2133 ipsis
881 2092 991 2133 quidem

204 2143 293 2178 palam
316 2142 468 2175 interitum,
486 2143 614 2178 gentibus
639 2148 731 2170 autent
754 2143 824 2170 bona
843 2144 992 2179 prophetia:

204 2188 331 2224 pollicitae
346 2193 448 2220 essent,
469 2197 502 2216 ac
527 2189 725 2224 praadixissent,
748 2197 829 2216 nemo
849 2189 919 2224 apttd
943 2189 991 2217 Ju-

1083 1827 1128 1861 Μὴ
1148 1825 1268 1861 θαύμαζε
1283 1825 1305 1851 δ’
1327 1826 1351 1852 εἰ
1372 1826 1419 1852 καὶ
1438 1826 1525 1853 ταῦτα
1543 1826 1779 1861 συνεσκιασμένως
1793 1825 1840 1853 καὶ

1047 1872 1080 1898 δι’
1096 1872 1263 1906 αἰνιγμάτων
1277 1871 1442 1898 ἀποδέδοται.
1457 1871 1587 1898 Λέλεκται
1600 1871 1665 1905 γοῦν
1681 1871 1730 1907 ἤδη
1742 1872 1840 1907 πρότε-

1049 1927 1094 1954 ρον
1111 1919 1127 1953 ἡ
1142 1918 1215 1945 αἰτία
1228 1919 1278 1953 τῆς
1293 1918 1419 1953 τοιαύτης
1435 1918 1590 1953 οἰκονομίας
1605 1917 1651 1943 τοῦ
1669 1917 1758 1951 λόγου,
1775 1917 1837 1953 βου-

1048 1963 1175 1999 ληθέντος
1202 1963 1405 1999 ἐπικρύψασθαι
1428 1962 1474 1989 τὸν
1497 1963 1611 1998 ἔσχατον
1632 1962 1676 1989 τοῦ
1704 1963 1838 1990 Ἰουδαίων

1047 2008 1139 2040 ἔθνους
1161 2009 1281 2044 ὄλεθρον,
1311 2009 1349 2040 ὡς
1374 2009 1407 2035 ἂν
1436 2008 1595 2043 φυλάττοιτο
1618 2010 1682 2044 παρ’
1701 2009 1794 2040 αὐτοτς
1819 2009 1836 2043 ή

1044 2055 1139 2091 Γραφὴ
1156 2056 1196 2086 εἰς
1212 2055 1292 2090 ἡμῶν
1307 2055 1361 2081 τῶν
1380 2054 1463 2081 ἐθνῶν
1488 2054 1625 2090 βελτῖωσίν
1645 2062 1674 2081 τε
1695 2055 1742 2081 καὶ
1760 2053 1835 2089 ὠφέ-

1043 2101 1125 2128 λειαν.
1146 2102 1176 2127 Εἰ
1197 2100 1261 2135 γοῦν
1279 2100 1429 2135 ἀναφανδὸν
1451 2101 1543 2133 αὐτοῖς
1565 2101 1614 2137 μὲν
1634 2101 1757 2137 δλεθρον,
1777 2102 1834 2133 τοῖς

1041 2147 1069 2173 δὲ
1083 2147 1187 2174 ἔθνεσιν
1201 2146 1290 2181 ἀγαθὰ
1305 2147 1507 2182 προεκήρυττον
1522 2148 1550 2174 αἱ
1565 2147 1736 2184 προφητεῖαι,
1747 2146 1833 2177 οὐδεὶς

1041 2194 1074 2220 ἂν
1097 2193 1161 2228 περὶ
1183 2193 1267 2225 αὑτὰς
1288 2192 1437 2220 ἐσπούδασε
1459 2193 1512 2220 τῶν
1533 2195 1565 2220 ὲκ
1586 2194 1745 2229 περιτομῆς,
1765 2193 1833 2220 ἀλλὰ

203 2233 276 2261 dteos
287 2242 379 2260 earuttt
392 2233 532 2261 studiosus
546 2234 650 2267 luisset,
663 2234 710 2262 sed
724 2242 770 2262 eas
785 2239 912 2269 tanquam
925 2235 991 2269 ipsis

1051 2240 1081 2272 ὓς
1094 2239 1185 2271 αὐτοῖς
1198 2239 1321 2272 ἐναντίας
1339 2239 1421 2271 οὔσας
1439 2240 1485 2266 καὶ
1506 2240 1607 2276 ἐχθρὰς
1628 2240 1782 2276 διέφθειραν
1800 2240 1833 2267 ἂν

205 2278 361 2306 contrarias
386 2282 468 2314 atque
491 2279 617 2307 inimicas
642 2280 824 2312 delevissent,
844 2285 926 2315 atque
954 2281 990 2307 ita

202 2325 294 2356 nobis.
316 2325 362 2360 qtti
383 2325 417 2352 de
435 2326 562 2360 gentibus
579 2326 694 2361 profecti
709 2335 815 2359 sumus,
831 2327 990 2362 neutiquam

201 2371 324 2398 licuisset
340 2371 531 2406 prophetarutn
547 2372 580 2399 tle
594 2371 734 2401 Salvatore
749 2378 843 2401 nostro
853 2378 880 2402 et
896 2374 929 2402 de
942 2383 992 2403 no-

199 2415 244 2443 bis
259 2417 326 2451 ipsjs
341 2417 505 2445 testimoniis
529 2418 579 2446 uli.
593 2418 727 2446 Caeterum
747 2426 808 2446 cutn
830 2423 885 2446 tam
905 2421 990 2448 multa

198 2461 228 2489 itt
238 2462 282 2490 die
299 2461 457 2490 Emmanuel
471 2461 591 2490 Judaicae
605 2464 690 2499 genti,
706 2467 856 2492 secundant
874 2465 988 2493 alteram

199 2508 461 2543 interpretationem,
483 2514 612 2537 eventura
638 2514 740 2540 essent,
760 2518 854 2538 eorum
884 2513 931 2546 qui
955 2520 988 2540 ex

201 2554 270 2589 ipsis
287 2555 459 2590 relinquendi
473 2555 528 2582 sint
539 2555 663 2591 paucitas
678 2555 802 2590 quaedam
816 2556 906 2584 futura
919 2557 989 2585 dici-

199 2604 257 2633 tur,
281 2600 315 2628 tle
331 2609 384 2636 qua
405 2602 444 2628 ait
461 2601 611 2636 Apostolus
628 2610 635 2628 :
659 2611 668 2627 ι
684 2602 815 2637 Reliquiae
836 2603 987 2630 secundutn

199 2647 360 2674 electionem
377 2648 472 2682 gratiae
496 2647 574 2675 factae
597 2652 663 2675 sunt
674 2648 697 2664 ⁸³
713 2658 719 2675 :
742 2657 752 2673 ι
769 2647 808 2675 Ex
821 2647 874 2676 ltae
894 2654 986 2676 autent

199 2692 338 2726 paucitate
363 2692 411 2727 qui
438 2691 531 2724 fuerit,
550 2701 559 2718 ι
580 2692 704 2724 nutriet,
725 2692 824 2727 inquit,
839 2693 985 2727 juvencam

199 2736 292 2768 bourn.
308 2741 336 2764 et
345 2736 414 2764 duas
428 2745 504 2771 oves,
521 2747 530 2764 ι
545 2741 572 2766 et
585 2746 619 2765 ex
631 2745 664 2765 eo
674 2737 745 2773 quod
759 2738 904 2773 plurimunt
920 2749 929 2765 ‹
945 2739 985 2766 l'a-

199 2781 253 2808 ciet
270 2781 322 2814 lac,
339 2781 466 2817 butyrum
483 2787 511 2810 et
534 2783 586 2811 mel
610 2783 746 2811 comedet.
771 2793 780 2809 ι
803 2782 878 2812 Talis
895 2789 984 2812 autent

247 2869 270 2885 "
286 2868 364 2896 Rom.
388 2877 426 2902 ῃ,
446 2870 471 2897 5.

1041 2284 1135 2317 αὑτὰς,
1150 2285 1196 2311 καὶ
1210 2284 1300 2311 οὐκέθ’
1316 2285 1381 2320 ἡμῖν
1395 2287 1451 2317 τοῖς
1465 2285 1493 2319 ἐξ
1510 2286 1594 2312 ἐθνῶν
1605 2286 1694 2321 παρῆν
1706 2288 1767 2318 ταῖς
1781 2286 1833 2313 τῶν

1042 2331 1188 2366 προφητῶν
1206 2331 1270 2367 περὶ
1292 2331 1338 2358 τοῦ
1357 2331 1483 2367 Σωτῆρος
1499 2331 1587 2366 ἡμῶν,
1600 2332 1647 2358 καὶ
1662 2323 1734 2367 ¹περὶ
1755 2332 1832 2368 ἡμῶν

1040 2376 1128 2403 αὐτῶν
1147 2377 1494 2418 μαρτυρίαιίχρήσασθαι.
1522 2377 1602 2404 Ἀλλὰ
1622 2378 1676 2412 γὰρ
1699 2378 1832 2404 τοσούτων

1040 2423 1068 2449 ἐν
1080 2424 1113 2458 τῇ
1126 2422 1173 2449 τοῦ
1193 2423 1365 2458 Ἐμμανουήλ
1378 2423 1471 2458 ἡμέρᾳ
1482 2423 1546 2459 περὶ
1558 2423 1588 2449 τὺ
1608 2423 1741 2450 Ἰουδαίων
1758 2423 1832 2455 ἔθνος

1040 2468 1238 2504 γενησομένων,
1261 2468 1331 2496 κατὰ
1352 2469 1402 2504 τὴν
1423 2468 1520 2504 ἑτέραν
1542 2469 1700 2504 ἑρμηνείαν,
1719 2469 1832 2501 σπάνιός

1039 2523 1081 2546 τις
1098 2514 1205 2541 ἔσεσθαι
1225 2514 1332 2549 λέγεται
1353 2514 1367 2540 ὁ
1389 2514 1580 2548 καταλειφθεὶς
1601 2514 1630 2548 ἐξ
1649 2514 1748 2544 αὐτῶν.
1768 2515 1832 2550 περὶ

1039 2557 1069 2586 οὗ
1086 2568 1167 2595 φησιν
1185 2561 1199 2586 ὁ
1220 2559 1394 2591 Ἀπόστολος·
1414 2569 1423 2585 ‹
1445 2560 1555 2595 Λεῖμμα
1572 2561 1632 2587 κατ’
1649 2560 1764 2596 ἐκλογὴν
1780 2562 1831 2596 χά-

1041 2615 1112 2641 ριτος
1128 2605 1255 2641 γέγονεν·
1267 2606 1296 2638 ὃς
1313 2606 1345 2641 δὴ
1365 2605 1458 2641 θρέψει
1477 2606 1593 2642 δάμαλιν
1614 2607 1692 2642 βοῶν,
1718 2607 1764 2634 καὶ
1784 2607 1831 2634 δύο

1039 2652 1171 2686 πρόϐατα,
1191 2652 1238 2678 καὶ
1253 2651 1307 2678 ἀπὸ
1321 2651 1367 2678 τοῦ
1391 2651 1515 2678 πλεῖστον
1536 2653 1621 2678 ποιεῖν
1637 2652 1717 2686 γάλα,
1735 2651 1830 2687 βούτυ-

1038 2706 1085 2732 ρον
1100 2697 1146 2724 καὶ
1162 2697 1222 2732 μέλι
1239 2697 1364 2732 φάγεται.
1387 2707 1396 2723 ι
1413 2697 1546 2730 Τοιοῦτος.
1553 2698 1581 2724 δὲ
1597 2698 1662 2734 ἡμῖν
1682 2697 1828 2733 ἀπεδείχθη

1038 2742 1107 2769 κατὰ
1119 2743 1168 2778 τὴν
1180 2743 1308 2778 δευτέραν
1321 2743 1446 2770 ἀπόδοσιν
1470 2744 1529 2775 πᾶςι
1548 2745 1562 2770 ό
1583 2743 1759 2776 ἀποστολικδς
1774 2742 1829 2770 τῶν

1039 2789 1166 2823 μαθητῶν
1183 2789 1261 2824 χορξς
1282 2789 1326 2815 τοῦ
1351 2789 1475 2825 Σωτῆρος
1490 2788 1569 2824 ἡμῶν
1591 2788 1678 2824 Ἰησοῦ
1698 2789 1826 2826 Χριστοῦ.
