4110 6454
382 384 486 439 813

1303 376 1959 437 DEMONSTIMTIONIS
1988 382 2445 438 EVANGELICAZ
2489 385 2616 439 LIB.
2665 387 2778 443 V'll.

3561 373 3667 446 sit

385 501 596 572 ’Ὥσπερ
652 500 706 553 δέ
759 503 786 554 ὁ
829 500 1209 570 καταλειφθεὶς
1257 492 1414 563 οὗτος
1466 502 1708 566 τοιοῦτος
1756 503 1977 558 ἔσεσθαι

2084 519 2112 555 a
2150 505 2309 561 nobis
2356 508 2409 560 in
2462 508 2703 561 secunda
2744 509 3087 579 expositione
3121 510 3301 562 omnis
3332 512 3666 579 apostolicus

382 592 810 662 προφητεύεται,
837 592 978 645 οὕτω
1006 593 1100 646 καὶ
1128 593 1226 663 τῆς
1260 590 1442 662 χώρας
1471 593 1692 662 ἁπάσης
1717 592 1807 646 τοῦ
1849 595 1982 646 Ἰου-

380 685 548 736 δαίων
586 685 788 749 ἔθνους,
822 685 916 738 τοῦ
962 703 1021 738 τε
1067 685 1388 755 ἀμπελῶνος
1435 685 1615 740 αὐτῶν
1655 689 1736 750 εἰς
1787 686 1982 758 χέρσον

387 775 481 827 καὶ
537 775 775 830 ἄκανθαν
824 777 1322 847 μεταϐεϐλημένου,
1377 777 1471 830 καὶ
1511 777 1599 831 διὰ
1648 776 1825 832 ταῦτα
1869 780 1981 840 τοῖς

389 867 667 938 πολεμίοις
709 869 1162 939 παραδεδομένου,
1205 868 1440 939 ἔμπαλιν
1490 871 1555 924 ἐκ
1605 869 1833 940 θατέρου
1886 871 1982 940 μέ-

393 976 519 1028 ρους
565 960 673 1010 πᾶν
703 958 826 1029 ὅρος
873 958 1272 1030 ἀροτριώμενον
1317 960 1808 1032 ἀροτριαθήσεσθαι
1850 978 1982 1031 προ-

391 1049 702 1117 φητεύεται.
733 1050 1001 1120 Ἠγοῦμαι
1025 1051 1195 1122 δὲτὴν
1222 1051 1314 1104 τοῦ
1344 1053 1591 1123 Σωτῆρος
1619 1052 1772 1122 ἡμῶν
1804 1050 1978 1123 Ἰησοῦ

390 1139 627 1210 Χριστοῦ
670 1142 994 1211 Ἐκκλησίαν
1031 1141 1202 1206 οὕτως
1233 1143 1586 1208 αἰνίττεσθαι,
1620 1144 1748 1214 περὶ
1782 1139 1849 1214 ἧς
1887 1143 1981 1195 καὶ

391 1232 552 1294 αὑτός
588 1249 784 1302 φησιν’
822 1250 840 1282 ‹
878 1233 950 1284 Οὐ
1007 1233 1229 1287 δύναται
1282 1234 1436 1297 πόλις
1482 1234 1748 1305 κρυϐῆναι
1797 1232 1981 1286 ἐπάνω

389 1322 548 1394 ὅρους
595 1322 838 1393 κειμένη.
882 1342 899 1374 ι
947 1324 1020 1376 Τὸ
1063 1323 1171 1395 γὰρ
1226 1325 1536 1395 ἐπηρμένον
1595 1323 1867 1396 μετέωρόν
1920 1341 1979 1376 τε

392 1414 487 1466 καὶ
515 1412 772 1482 ὑψιπετὲς
804 1412 898 1464 τοῦ
931 1413 1029 1483 τῆς
1064 1413 1390 1484 Ἐκκλησίας
1435 1412 1825 1484 πολιτεύματος
1856 1413 1980 1484 ὅρος

389 1507 631 1580 ἡγοῦμαι
663 1507 766 1588 ,διὰ
814 1506 1018 1559 τούτων
1069 1505 1489 1578 άνηγορεῦσθαι.
1547 1505 1718 1558 Τοῦτο
1769 1505 1813 1558 δ’
1866 1501 1977 1568 οῦν,

393 1601 545 1671 φησι,
576 1601 635 1653 τὸ
665 1601 788 1672 ὅρος
822 1599 1224 1671 ἀροτριὼμενον
1271 1599 1757 1671 ἀροτριαθήσεται’
1795 1597 1870 1660 ὡς
1905 1597 1979 1668 μὴ

393 1693 636 1747 ἐπελθεῖν
662 1695 778 1746 ἐκεῖ
802 1691 985 1762 φόϐον,
1009 1691 1143 1745 ἀλλὰ
1171 1693 1264 1744 καὶ
1291 1694 1370 1754 εἰς
1393 1691 1645 1744 τοσοῦτον
1670 1690 1801 1745 αὐτὸ
1825 1707 1982 1761 μετα-

391 1784 671 1838 ϐαλεῖσθαι
705 1785 812 1837 ἀπὸ
839 1785 937 1855 τῆς
961 1784 1230 1855 προτέρας
1258 1783 1512 1854 ἐρημίας,
1541 1785 1634 1836 καὶ
1663 1783 1859 1863 χέρσου
1885 1785 1979 1835 καὶ

391 1875 668 1947 ἀκάνθης,
715 1876 790 1939 ὡς
843 1875 1143 1944 ἐπιτήδειον
1199 1874 1531 1944 καταστῆναι
1588 1876 1667 1938 είς
1724 1873 1974 1944 βόσκημα
2010 1849 2053 1908 Β

393 1969 687 2039 προϐάτου,
721 1967 813 2020 καὶ
856 1964 1228 2035 καταπάτημα
1276 1963 1416 2033 βοός.
1468 1965 1577 2016 Καὶ
1635 1963 1866 2034 πάρεστί
1910 1981 1972 2032 γε

394 2059 826 2128 ἐπιλογίσασθαι,
857 2058 1003 2120 ὅπως
1045 2059 1077 2127 ἡ
1119 2055 1212 2108 τοῦ
1255 2054 1492 2128 Χριστοῦ
1535 2056 1847 2126 Ἐκκλησία,
1873 2057 1975 2110 πά-

389 2154 478 2206 λαι
533 2148 667 2204 οὖσα
719 2150 912 2220 χέρσος
949 2148 1040 2201 καὶ
1081 2147 1314 2214 ἄκανθα,
1346 2148 1436 2201 διὰ
1477 2148 1578 2217 τῆς
1610 2131 1773 2202 αὺτοῦ
1816 2149 1972 2219 χάρι-

386 2261 479 2306 τος
532 2247 609 2306 εἰς
659 2242 909 2295 τοσοῦτον
953 2242 1120 2312 ἧλασε
1169 2241 1490 2313 μεταϐολῆς,
1522 2242 1660 2298 ὥστε
1700 2244 1834 2296 πόαν
1880 2245 1973 2296 καὶ

387 2336 619 2406 βοτάνην
680 2333 894 2387 εὔθετον
935 2333 1035 2404 τῆς
1081 2332 1307 2404 λογικῆς
1341 2335 1715 2405 καρποφορίας
1757 2335 1847 2387 ἐπὶ
1885 2353 1974 2388 το·

385 2426 577 2480 σοῦτον
615 2425 943 2496 βλαστῆσαι,
1009 2424 1084 2487 ὡς
1131 2426 1226 2476 καὶ
1280 2425 1406 2487 τοὺς
1460 2423 1827 2495 πφϐατὼδεις
1879 2427 1974 2478 καὶ

381 2519 788 2585 ἁπλουστέρους
831 2515 1122 2570 ἀπολαύειν
1153 2517 1321 2588 αὐτῆς
1349 2516 1628 2580 δύνασθαι,
1663 2515 1787 2580 τούς
1827 2534 1885 2569 τε
1916 2519 1973 2570 ἐν

379 2611 496 2676 ἕξει
537 2610 844 2682 τελεωτέρα
882 2607 1294 2679 προϐεϐηκότας
1349 2608 1514 2678 ἀροῦν
1567 2610 1662 2662 καὶ
1708 2612 1972 2678 γεωργεῖν

378 2703 576 2774 αὐτὴν,
604 2702 730 2772 βόας
772 2701 1362 2773 προσαγορευομένους,
1389 2701 1674 2772 ὡσπεροῦν
1707 2701 1800 2753 τὸν
1833 2701 1973 2754 θεῖον

392 2794 719 2849 Ἀπόστολον
750 2792 1075 2847 παιδεύοντα
1123 2795 1548 2865 παρεστήσαμεν
1578 2796 1635 2846 ἐν
1664 2794 1740 2864 τῷ
1773 2795 1968 2864 φάναιο

384 2909 401 2938 ι
446 2889 544 2960 Μὴ
581 2886 690 2939 τῶν
721 2883 858 2955 βοῶν
899 2884 1047 2955 μέλει
1092 2883 1170 2955 τῷ
1199 2882 1357 2954 Θεῷ;
1394 2885 1426 2954 ἦ
1467 2883 1534 2936 δι’
1580 2884 1723 2954 ὑμᾶς
1755 2885 1974 2950 πάντως

377 2980 535 3047 λέγει
559 2994 574 3043 ;
601 2976 667 3031 δι’
702 2977 845 3048 ὑμᾶς
871 2975 980 3048 γὰρ
1015 2975 1252 3046 ἐγράφη,
1289 2975 1370 3027 ὃτι
1407 2974 1611 3042 ὀφείλει
1643 2976 1670 3026 ό
1704 2974 1973 3047 ἀροτριῶν

377 3076 475 3126 ἐπ’
506 3070 678 3124 ἐλπίδι
705 3069 983 3142 ἀροτριᾷν,
1009 3068 1102 3122 καὶ
1131 3069 1158 3121 ὁ
1189 3068 1358 3121 ἀλοῶν
1381 3068 1466 3121 ἐπ’
1496 3068 1667 3121 ἐλπίδι
1697 3068 1790 3120 τοῦ
1847 3086 1974 3139 μετ-

381 3166 556 3236 έχειν.
595 3181 614 3214 ι
648 3161 833 3223 Οὕτως
872 3163 906 3232 ἡ
950 3160 1116 3214 πάλαι
1139 3159 1343 3231 ἔρημος
1387 3159 1481 3214 καὶ
1521 3160 1713 3231 χέρσος
1742 3159 1971 3230 μεταϐέ-

380 3256 556 3324 ϐληκε
589 3253 730 3307 κατὰ
754 3250 850 3322 τὴν
874 3251 966 3304 τοῦ
998 3251 1233 3323 Χριστοῦ
1265 3251 1589 3322 παρουσίαν,
1629 3250 1706 3314 ὼς
1738 3251 1832 3303 καὶ
1860 3252 1973 3313 τοῖς

379 3345 532 3402 οὕτω
573 3341 911 3414 νενοημένοις
970 3343 1152 3413 βουσὶν
1185 3343 1263 3406 είς
1298 3342 1397 3411 τὴν
1436 3340 1770 3410 κατάλληλον
1795 3359 1973 3411 γεωρ-

382 3440 514 3508 γίαν
562 3439 880 3510 ἐπιτηδείως
929 3436 1093 3506 ἔχειν.
1131 3434 1455 3504 Ἑπίστησον
1497 3432 1553 3484 δὲ
1606 3433 1727 3485 τίνα
1775 3432 1974 3504 τρόπον

385 3528 495 3584 ὑπὸ
527 3529 652 3600 μίαν
687 3531 782 3582 καὶ
813 3527 910 3599 τὴν
944 3527 1114 3598 αὐτὴν
1155 3525 1393 3579 διάνοιαν
1425 3524 1636 3592 γένεσις
1667 3524 1730 3576 ἐκ
1761 3522 1973 3594 Παρθέ-

383 3639 481 3677 νου
517 3620 932 3694 προφητεύεται,
966 3620 1060 3672 καὶ
1095 3618 1236 3672 κατά
1275 3618 1338 3670 τὸ
1374 3617 1502 3670 αὑτό
1549 3632 1712 3686 φησιν
1754 3617 1783 3668 ό
1819 3615 1975 3684 λόγος

385 3709 488 3780 τὴν
529 3709 625 3779 μὲν
669 3709 834 3764 πάλαι
879 3707 1225 3780 καρποφόρον
1256 3706 1381 3777 γῆν,
1424 3705 1484 3758 τὺ
1518 3706 1646 3777 πρὶν
1679 3702 1842 3758 οὖσαν
1886 3723 1966 3774 χι-

386 3800 520 3855 λίων
566 3801 786 3866 σίκλων,
823 3803 902 3864 είς
939 3800 1132 3871 χέρσον
1179 3799 1397 3852 ἔσεσθαι
1453 3798 1548 3852 καὶ
1598 3799 1678 3862 είς
1709 3796 1972 3861 ἄκανθαν,

389 3895 574 3949 πᾶσάν
604 3912 665 3948 τε
699 3895 796 3966 τὴν
824 3895 926 3966 γῆν
963 3892 1162 3956 αὐτῶν,
1197 3892 1284 3946 διὰ
1321 3891 1383 3944 τδ
1417 3890 1670 3960 γενέσθαι
1703 3892 1782 3954 εἰς
1810 3890 1976 3944 ἄκαν-

388 3987 492 4041 θαν
517 3987 610 4041 καὶ⁸
634 3987 714 4049 είς
735 3985 946 4057 χέρσον,
974 3982 1444 4056 παραδοθήσεσθαι
1470 3984 1582 4045 τοῖς
1616 3980 1754 4052 μετὰ
1789 3980 1976 4052 βέλους

388 4077 486 4132 καὶ
526 4077 854 4146 τοξεύματος
896 4075 1376 4146 είσελευσομένοις.
1418 4073 1736 4126 Τοὺναντίον
1768 4072 1825 4125 δὲ
1858 4071 1975 4124 πεί-

391 4168 583 4222 σεσθαι
613 4170 719 4222 πᾶν
756 4167 909 4241 ὅρος·
941 4168 1050 4221 ἀπὸ
1081 4165 1209 4236 γοῦν
1237 4165 1337 4235 τῆς
1363 4165 1634 4237 προτέρας
1660 4164 1853 4237 χέρσου
1879 4163 1974 4217 καὶ

389 4257 632 4328 ἀκάνθης
676 4257 1095 4330 μεταϐαλεῖσθαι
1141 4259 1221 4321 εἰς
1263 4257 1514 4327 βόσκημα
1554 4255 1846 4327 προϐάτου,
1878 4254 1974 4309 καὶ

387 4350 679 4421 καταπάτη
688 4367 765 4420 μα
792 4349 930 4420 βοὸς,
966 4349 1107 4402 ὥστε
1135 4349 1266 4402 αὐτὸ
1293 4349 1694 4420 ἀροτριώμενον
1723 4349 1975 4420 ἀροτρια-

391 4439 673 4511 θήσεσθαι,
721 4442 815 4495 καὶ
863 4440 937 4513 μὴ
977 4439 1363 4494 ἐπελεύσεσθαι
1413 4443 1528 4493 ἐκεῖ
1571 4440 1752 4509 φόϐον.
1789 4441 1865 4492 Δι’
1898 4434 1974 4494 ὦν

2082 593 2477 662 discipulorum
2521 595 2822 653 Salvatoris
2853 602 3025 653 nostri
3059 599 3190 654 Jesu
3227 598 3432 653 Christi
3457 599 3665 656 chorus

2083 685 2496 740 demonstratus
2537 695 2621 739 est
2652 706 2662 739 :
2699 689 2794 742 sed
2829 689 3290 757 quemadmodum
3323 689 3412 742 hic
3454 691 3546 758 qui
3580 707 3669 745 re-

2086 777 2248 830 lictus
2295 777 2386 841 sit,
2425 779 2552 832 talis
2603 778 2822 834 futurus
2873 796 2939 835 ex
2996 781 3283 852 prophetia
3331 781 3666 847 declaratur,

2084 863 2158 917 ita
2213 873 2505 936 postquam
2553 869 2809 923 universa
2860 868 3103 926 Iudaicae
3155 871 3333 941 gentis
3388 871 3559 941 regio,
3614 880 3668 925 et

2081 958 2237 1010 vinea
2262 958 2528 1026 ejusdem,
2558 960 2613 1013 in
2652 967 2856 1014 terram
2893 963 3153 1016 incultam
3184 973 3237 1017 et
3271 963 3482 1032 spinam
3516 979 3668 1016 com-

2084 1057 2295 1104 mutata
2330 1051 2514 1115 fuerit,
2547 1061 2601 1105 et
2625 1062 2913 1122 propterea
2940 1054 3190 1110 hostibus
3218 1056 3441 1120 tradita,
3471 1070 3666 1110 rursus

2081 1158 2145 1195 ex
2194 1144 2363 1197 altera
2411 1151 2564 1213 parte
2600 1144 2780 1199 omnis
2822 1160 2979 1200 mons
3032 1148 3124 1215 qui
3171 1156 3377 1209 aratur,
3427 1147 3666 1201 arandus

2081 1250 2204 1290 esse
2233 1237 2301 1289 ab
2329 1237 2517 1290 eadem
2548 1237 2830 1307 prophetia
2859 1237 3194 1306 prredicitur.
3225 1238 3389 1308 326
3413 1237 3666 1291 Arbitror

2082 1334 2263 1381 autem
2297 1326 2596 1383 Salvatoris
2630 1328 2804 1383 nostri
2846 1327 2975 1383 Jesu
3001 1327 3206 1382 Christi
3265 1326 3565 1384 Ecelesiam
3598 1347 3664 1386 eo

2083 1420 2248 1474 modo
2280 1420 2602 1490 signiﬁcari,
2630 1422 2698 1475 de
2736 1435 2842 1491 qua
2875 1421 2991 1490 ipse
3028 1423 3103 1474 ait
3137 1441 3149 1474 :
3191 1440 3209 1471 ι
3243 1421 3358 1475 Non
3387 1431 3566 1492 potest
3586 1425 3667 1477 ci-

2082 1512 2221 1566 vitas
2245 1513 2505 1568 abscondi
2539 1529 2703 1584 supra
2731 1522 2969 1567 montem
2995 1514 3171 1583 posita
3194 1514 3275 1581 ‘9;
3308 1534 3325 1565 ι
3352 1515 3495 1584 quod
3519 1517 3664 1570 enim

2083 1605 2137 1659 in
2165 1604 2406 1660 Ecclesia
2440 1607 2672 1675 publicis
2699 1606 3007 1661 actionibus
3031 1607 3230 1660 clatum
3261 1615 3314 1661 et
3353 1608 3584 1663 sublime
3608 1615 3664 1660 et

2083 1699 2150 1751 ad
2177 1713 2413 1768 superna
2442 1699 2673 1753 tendens
2707 1700 2798 1765 sit,
2833 1708 3071 1754 montem
3097 1699 3335 1754 arbitror
3367 1699 3454 1754 his
3486 1700 3666 1754 verbis

2083 1787 2345 1858 appellari
2378 1808 2390 1842 :
2419 1787 2566 1843 hunc
2603 1787 2766 1858 igitur
2790 1797 3049 1855 montem,
3077 1789 3169 1858 qui
3194 1796 3404 1852 aratur,
3447 1797 3662 1842 aratum

2081 1882 2148 1936 iri
2187 1883 2282 1944 ait,
2329 1881 2405 1935 ita
2440 1881 2658 1951 quidem
2703 1889 2762 1936 ut
2792 1881 2921 1936 illuc
2962 1890 3142 1936 terror
3180 1896 3508 1937 accessurus
3553 1896 3665 1935 non

2080 1976 2173 2036 sit,
2202 1975 2334 2044 quin
2365 1975 2548 2043 potius
2579 1989 2753 2044 usque
2785 1972 2922 2027 adeo
2961 1987 2992 2026 a
3027 1973 3208 2042 priore
3253 1971 3570 2035 solitudine,
3609 1983 3667 2027 et

2081 2071 2225 2116 terra
2256 2063 2461 2116 inculta
2485 2073 2536 2117 et
2563 2063 2720 2131 spina
2744 2062 3218 2125 commutandum,
3244 2069 3302 2115 ut
3329 2061 3560 2117 idoneus
3590 2061 3678 2116 fu-

2081 2164 2236 2209 turus
2268 2155 2339 2209 sit
2374 2156 2467 2224 qui
2493 2153 2687 2208 evadat
2728 2153 2782 2207 in
2817 2167 3021 2223 pascua
3055 2154 3173 2208 ovis
3209 2161 3264 2208 et
3291 2154 3664 2209 conculcatio-

2081 2263 2204 2302 nem
2259 2247 2436 2301 bovis.
2486 2246 2552 2300 Et
2605 2262 2738 2301 sane
2786 2245 3000 2300 ratione
3053 2245 3310 2315 colligere
3364 2260 3661 2315 possumus

2079 2334 2537 2405 quemadmodum
2559 2333 2764 2390 Christi
2787 2333 3054 2398 Ecclesia,
3081 2348 3202 2403 quae
3220 2333 3350 2387 olim
3373 2342 3490 2387 erat
3517 2341 3664 2387 terra

2079 2427 2286 2481 inculta
2321 2435 2375 2481 et
2422 2427 2601 2495 spina,
2649 2426 2717 2480 ad
2774 2435 2978 2479 tantam
3027 2425 3509 2479 commutationem
3568 2439 3666 2494 per

2079 2518 2253 2588 ipsius
2310 2519 2538 2588 gratiam
2585 2519 2929 2588 pervenerit,
2987 2526 3044 2572 ut
3102 2517 3327 2571 herbam
3379 2515 3664 2571 rationalis

2081 2608 2381 2664 fertilitatis
2412 2617 2466 2663 et
2493 2608 2751 2678 pabulum
2784 2619 3149 2682 opportunum
3172 2624 3346 2679 usque
3379 2608 3514 2663 adeo
3537 2624 3664 2678 pro-

2081 2701 2292 2765 tulerit,
2330 2710 2389 2756 ut
2425 2708 2479 2756 et
2512 2701 2708 2755 ovibus
2740 2700 2948 2756 similes
2970 2708 3024 2754 et
3066 2698 3429 2769 simpliciores
3459 2715 3522 2753 ea
3553 2699 3662 2754 frui

2078 2793 2314 2865 possint,
2359 2803 2414 2847 et
2443 2793 2538 2864 qui
2581 2793 2648 2848 ad
2682 2793 2928 2848 habitum
2979 2792 3362 2862 perfectiorem
3401 2808 3665 2863 pervene-

2079 2884 2210 2948 rint,
2249 2884 2344 2955 qui
2393 2884 2560 2940 boves
2595 2885 2957 2955 appellantur,
3001 2883 3247 2938 eamdem
3292 2898 3448 2937 arare
3481 2891 3536 2937 et
3571 2897 3664 2936 co-

2078 2977 2211 3042 lere,
2247 2993 2311 3032 eo
2361 2993 2494 3033 sane
2538 2978 2701 3032 modo
2752 2993 2860 3047 quo
2898 2975 3142 3030 divinum
3193 2975 3509 3044 Apostoluin
3563 2976 3662 3030 do-

2079 3079 2292 3126 centem
2340 3070 2704 3134 ostendimus,
2748 3069 2839 3123 ubi
2879 3069 2992 3122 ait:
3029 3085 3048 3119 ι
3081 3067 3339 3139 Nunquid
3383 3069 3450 3122 de
3485 3069 3662 3124 bobus

2081 3177 2211 3216 cura
2229 3169 2314 3216 est
2338 3159 2482 3215 Deo?
2502 3159 2585 3214 An
2617 3168 2842 3231 propter
2878 3177 2975 3214 vos
3002 3162 3228 3214 omnino
3257 3160 3407 3224 dicit,
3439 3168 3662 3231 propter

2077 3269 2174 3308 vos
2205 3253 2352 3310 enim
2389 3253 2595 3323 scripta
2629 3259 2779 3314 sunt,
2815 3252 3074 3321 quoniam
3107 3252 3268 3306 debet
3299 3251 3392 3321 qui
3425 3259 3565 3315 arat,
3605 3252 3659 3305 in

2077 3361 2172 3416 spe
2217 3360 2394 3408 arare,
2429 3352 2484 3398 et
2528 3344 2620 3413 qui
2654 3343 2896 3405 triturat,
2942 3345 2995 3396 in
3039 3359 3135 3412 spe
3180 3343 3589 3412 participare”.
3635 3361 3654 3394 ι

2080 3437 2158 3490 lta
2205 3451 2326 3506 qua:
2357 3436 2486 3489 olim
2517 3435 2736 3489 deserta
2792 3434 3110 3502 incultaque
3155 3441 3274 3487 erat
3318 3441 3488 3496 terra,
3537 3441 3661 3504 post

2075 3531 2288 3586 Christi
2323 3531 2616 3584 adventum
2649 3535 2986 3582 commutata
3017 3537 3120 3589 est,
3151 3535 3208 3578 ut
3241 3542 3380 3596 quos
3409 3541 3474 3580 eo
3501 3527 3661 3581 modo

2078 3624 2246 3677 boves
2294 3621 2680 3682 intelleximus,
2716 3617 2785 3674 iis
2832 3617 3212 3673 convenientis
3243 3626 3490 3687 aptaque
3515 3617 3660 3686 agri-

2076 3711 2366 3768 colationis
2423 3725 2588 3764 usum
2635 3709 2892 3763 idoneum
2941 3706 3199 3776 praebeat.
3251 3705 3484 3759 Attende
3530 3722 3660 3760 vero

2075 3817 2313 3874 quonam
2346 3801 2507 3855 modo
2540 3800 2645 3856 sub
2691 3813 2802 3853 uno
2837 3797 3139 3866 eodemque
3179 3811 3346 3851 sensu
3388 3806 3542 3851 ortus
3590 3797 3659 3853 de

2077 3896 2299 3967 Virgine
2337 3895 2554 3950 canitur
2589 3913 2602 3948 :
2639 3901 2693 3948 et
2726 3891 2950 3964 pariter,
2977 3890 3174 3960 inquit.
3207 3890 3512 3952 oraculum,
3538 3906 3658 3959 quae

2074 3988 2204 4043 olim
2237 3985 2433 4041 fertilis
2454 3988 2600 4048 terra
2630 3992 2684 4040 et
2715 3999 2836 4054 qua:
2869 3982 3022 4052 prius
3049 3983 3195 4037 mille
3223 3981 3482 4036 siclorum
3513 3989 3652 4042 erat,

2076 4080 2131 4134 in
2183 4088 2383 4134 terram
2439 4078 2698 4132 incultam
2747 4077 2872 4140 erit,
2905 4087 2958 4130 et
3006 4074 3059 4128 in
3094 4075 3330 4144 spinam,
3369 4073 3656 4142 omnisque

2073 4184 2263 4224 eorum
2295 4178 2462 4232 terra,
2505 4175 2795 4238 propterea
2846 4165 2992 4236 quod
3025 4163 3206 4218 futura
3236 4169 3305 4218 sit
3351 4164 3407 4236 in
3440 4165 3654 4234 spinam

2074 4265 2127 4312 et
2157 4265 2356 4312 terram
2384 4257 2666 4321 incultam,
2705 4254 2953 4310 tradetur
2997 4253 3064 4308 iis
3095 4253 3184 4322 qui
3216 4268 3339 4306 cum
3372 4258 3568 4323 sagitta
3601 4262 3655 4307 et

2076 4362 2208 4401 arcu
2266 4347 2550 4402 accedent.
2601 4346 2953 4401 Contrarium
3003 4359 3132 4400 vero
3184 4345 3424 4415 patietur
3473 4347 3654 4400 omnis

2075 4455 2236 4494 mons
2267 4457 2280 4493 :
2316 4453 2440 4492 nam
2472 4453 2501 4490 a
2541 4439 2724 4508 priore
2766 4438 2972 4492 inculta
3003 4447 3148 4492 terra
3177 4449 3228 4491 et
3267 4437 3426 4506 spina
3475 4447 3653 4491 muta-

390 4527 582 4597 σαφῶς
611 4527 850 4600 ἠγοῦμαι
878 4528 1235 4600 σημαίνεσθαι
1260 4529 1360 4598 τὴν
1400 4527 1492 4580 τοῦ
1538 4527 1789 4598 Σωτῆρος
1816 4525 1974 4596 ήμῶν

2079 4531 2226 4586 bitur
2256 4531 2312 4585 in
2359 4545 2562 4600 pascua
2594 4531 2713 4584 ovis
2739 4538 2793 4584 et
2825 4529 3296 4583 conculcationem
3328 4529 3514 4595 bovis;
3548 4529 3652 4582 ita-

387 4620 458 4676 ἐκ
485 4620 758 4692 Παρθένου
793 4621 1027 4690 γένεσιν,
1056 4622 1152 4674 καὶ
1185 4620 1252 4674 τὰ
1301 4618 1436 4690 μετά
1473 4618 1676 4688 ταύτην
1707 4616 1844 4687 ὁμοῦ
1879 4618 1972 4670 καὶ

386 4712 602 4786 ἀθρόως
635 4711 906 4776 Ἰουδαίοις
927 4729 985 4764 τε
1007 4711 1102 4765 καὶ
1130 4714 1241 4774 τοῖς
1263 4711 1470 4773 λοιποῖς
1491 4709 1668 4762 ἔθνεσι
1694 4726 1757 4761 συ
1765 4707 1972 4779 μϐεϐη-

387 4805 558 4859 κότα·
588 4804 686 4875 τὴν
716 4804 846 4873 γοῦν
876 4803 1150 4875 ἑκατέρων
1188 4803 1297 4855 τῶν
1328 4803 1621 4872 ταγμάτων
1643 4802 1723 4863 είς
1751 4800 1972 4852 τούναν-

384 4897 504 4953 τίον
526 4897 842 4967 μεταϐολὴν,
859 4897 964 4950 τῶν
988 4897 1084 4966 μὲν
1104 4895 1206 4967 τὴν
1225 4896 1332 4949 ἀπὸ
1345 4894 1454 4948 τῶν
1467 4895 1791 4964 κρειττόνων
1806 4891 1898 4944 ἐπὶ
1910 4889 1974 4943 τὸ

386 4989 593 5059 χεῖρον,
616 4985 714 5056 τῆς
732 4984 789 5037 δὲ
809 4985 870 5049 ἐξ
892 4983 1058 5038 ἐθνῶν
1093 4983 1418 5055 Ἐκκλησίας
1437 4982 1535 5052 τὴν
1557 4983 1664 5035 ἀπὸ
1685 4982 1784 5052 τῆς
1804 4979 1972 5032 πάλαι

389 5077 628 5152 ἐρημίας
665 5077 756 5130 ἐπὶ
790 5077 890 5148 τὴν
914 5077 1056 5130 κατὰ
1080 5076 1212 5131 Θεὸν
1246 5075 1638 5148 καρποφορίαν,
1663 5074 1826 5143 ἅπερ,
1848 5073 1972 5125 καθ’

389 5173 490 5225 ἕνα
511 5171 605 5223 καὶ
629 5169 720 5223 τὸν
746 5169 909 5222 αὐτὸν
933 5166 1124 5241 καιρὸν
1146 5168 1249 5238 τῆς
1271 5168 1367 5222 τοῦ
1408 5165 1752 5239 Ἐμμανουήλ
1774 5165 1974 5232 ἐπιφα-

390 5260 543 5324 νείας
563 5257 1071 5330 ἐπιτελεσθήσεσθαι
1099 5257 1566 5328 προφητευθέντα,
1584 5258 1704 5318 ταῖς
1726 5254 1972 5326 προρρὴ-

392 5371 546 5408 σεσιν
575 5352 879 5414 ἀκολούθως
901 5351 1003 5404 οὐκ
1025 5350 1234 5413 ἄλλοτε,
1257 5350 1290 5421 ἢ
1321 5350 1458 5421 μετά
1475 5350 1574 5420 τὴν
1597 5349 1691 5402 τοῦ
1720 5348 1971 5419 Σωτῆρος

393 5447 554 5517 ημῶν
583 5443 879 5518 παρουσίαν
903 5441 1054 5504 τέλος
1083 5441 1339 5514 εἰληφότα
1358 5441 1648 5504 δείκνυται,
1674 5439 1762 5493 διά
1775 5457 1835 5494 τε
1861 5441 1970 5495 τῶν

393 5537 654 5606 ἐμφανῶς
685 5535 990 5608 εἰρημένων
1019 5535 1160 5586 κατά
1193 5533 1472 5596 Ἰουδαίους
1503 5534 1857 5606 πραγμάτων,
1879 5534 1970 5586 καὶ

392 5628 490 5680 διὰ
498 5630 595 5700 τῆς
611 5630 669 5696 ἐξ
684 5628 853 5682 ἐθνῶν
877 5628 1220 5691 Ἐκκλησέἓις.
1237 5628 1314 5690 Είν
1326 5627 1421 5702 μὲν
1431 5627 1541 5698 γᾴρ
1556 5626 1692 5686 κατὰ
1711 5626 1802 5701 πῂι
1827 5645 1969 5698 ιπαρ-
2013 5711 2024 5718 .

497 5815 542 5850 ﬂ
578 5811 761 5867 Matth.
795 5829 847 5877 v,
876 5811 962 5867 M.
1035 5810 1255 5866 "lCor
1312 5827 1384 5876 ix,
1416 5811 1468 5875 9,
1500 5811 1582 5866 l0.

2074 4639 2180 4695 que
2209 4623 2326 4692 ipse
2350 4623 2442 4691 qni
2479 4628 2667 4674 aratur
2693 4620 2959 4684 arabitur,
2995 4636 3171 4690 neque
3195 4620 3324 4673 illuc
3347 4628 3522 4674 terror
3553 4620 3650 4672 ad-

2075 4713 2274 4768 veniet.
2298 4711 2506 4778 Quibus
2530 4711 2712 4766 verbis
2738 4712 2898 4782 plane
2925 4711 3162 4765 arbitror
3193 4710 3501 4781 signiﬁcare
3529 4709 3651 4762 Sal-

2074 4806 2282 4860 vatoris
2316 4805 2489 4859 nostri
2517 4811 2698 4858 ortum
2734 4803 2803 4858 de
2827 4801 3068 4872 Virgine,
3101 4811 3153 4857 et
3177 4817 3298 4872 qua}
3332 4809 3454 4869 post
3497 4801 3648 4854 illum

2075 4898 2238 4954 simul
2267 4907 2430 4967 atque
2460 4897 2776 4962 acervatim,
2807 4905 2859 4950 et
2880 4895 3081 4949 Judmis
3111 4904 3164 4950 et
3202 4893 3427 4964 reliquis
3474 4894 3649 4963 genti—

2074 4991 2176 5045 bus
2235 4997 2496 5044 eventura
2558 4995 2716 5043 erant
2765 5007 2776 5040 :
2828 4987 3097 5057 siquidem
3161 4988 3448 5058 utriusque
3497 4986 3650 5042 ordi-

2073 5084 2160 5136 nis
2203 5083 2555 5136 mutationem
2604 5081 2659 5134 in
2707 5081 3038 5134 contrarium
3098 5079 3380 5150 prophetia
3424 5079 3650 5134 demon-

2075 5181 2234 5236 strat,
2279 5171 2523 5226 Judaicae
2557 5171 2776 5242 quidem
2824 5172 3000 5241 gentis
3035 5185 3063 5222 a
3094 5171 3317 5225 meliore
3361 5173 3417 5224 in
3458 5172 3646 5240 pejus,

2073 5265 2313 5321 collectae
2361 5273 2543 5319 autem
2604 5262 2672 5318 de
2723 5263 2975 5334 gentibus
3032 5262 3326 5323 Ecclesiae,
3383 5277 3412 5315 a
3466 5264 3652 5332 priore

2073 5360 2360 5414 sterilitate
2415 5373 2480 5412 ac
2540 5357 2875 5420 solitudine,
2938 5357 2990 5409 in
3051 5355 3389 5408 fertilitatem
3443 5371 3646 5408 secun-

2073 5451 2201 5505 dmn
2259 5448 2460 5516 Deum;
2502 5463 2623 5518 quae
2674 5445 2892 5516 quidem
2926 5444 3054 5499 dum
3111 5445 3214 5498 sub
3260 5459 3430 5496 unmn
3483 5443 3644 5514 327

2071 5549 2125 5597 et
2187 5540 2329 5596 idem
2367 5549 2583 5609 tempus
2626 5554 2735 5607 quo
2788 5535 3104 5590 Emmanuel
3157 5535 3408 5589 adveniet
3460 5537 3642 5588 absol-

2072 5637 2246 5693 venda
2295 5643 2590 5697 canuntur,
2628 5630 2834 5687 oraculi
2885 5630 3165 5684 veritatem
3217 5637 3446 5682 eventus
3493 5641 3642 5682 com-
