4110 6438
508 344 610 400 517

508 462 717 532 σεαυτῷ
752 463 933 533 τόμον,
966 482 982 514 ι
1006 465 1068 533 ἢν

508 555 888 624 σκοπήσωμεν.

1409 345 2070 411 DEMONSTRATIONIS
2109 359 2568 420 EVANGELICIE
2608 364 2736 420 LIB.
2760 363 2873 418 VII.

1027 466 1068 534 ιν
1111 466 1199 516 καὶ
1234 466 1401 535 αὐτὴν
1449 463 1753 538 ὲκθέμενοι,
1785 471 1938 542 φέρε,
1976 475 2048 527 διο

2153 488 2441 537 ,naturam
2489 483 2571 535 sui
2647 491 2802 536 ortus
2857 484 3304 538 constitutionem
3362 489 3592 543 sortitus
3647 492 3755 553 sit.

3655 376 3758 431 MS

2183 570 2402 638 quando
2425 574 2760 642 reliquorum
2791 589 3008 644 quoque
3042 576 3429 633 miraculorum
3461 580 3758 645 evidentia,

503 660 624 715 qua:
679 647 824 702 illius
881 655 1004 700 ortu
1065 649 1485 740 haudquaquam
1540 655 1718 709 minor
1767 663 1872 718 est,
1927 659 2070 727 cogit
2105 660 2268 714 etiam
2309 665 2565 731 aliorum,
2637 684 2759 738 qua:
2799 669 2947 722 circa
3005 669 3158 724 illum
3208 679 3359 740 gesta
3412 683 3559 736 sunt,
3612 644 3760 732 accis-

505 749 630 833 pere
669 737 1036 833 testimonium
1057 739 1392 833 ?7C:eterum,
1421 743 1615 800 ordine
1664 746 1922 820 deinceps
1949 749 2034 803 his
2071 767 2194 821 quae
2246 754 2393 809 dicta
2423 767 2551 812 sunt
2583 737 2705 829 post
2733 761 2866 814 illud
2895 776 2908 812 ε
2941 781 2958 812 ι
2980 763 3037 816 In
3061 737 3264 833 pascua
3295 766 3435 830 ovis,
3501 774 3554 821 et
3618 783 3758 823 con-

501 825 864 928 eulcationem
895 829 1049 885 bovis
1087 832 1157 894 ",
1179 849 1198 882 ι
1225 833 1433 886 adnexa
1479 843 1564 890 est
1615 839 1786 893 altera
1846 841 2094 910 quaedam
2135 845 2417 911 praedictio
2445 825 2676 919 cognata
2705 851 2825 919 ejus
2855 868 2976 922 qua:
3008 825 3252 924 ex-pusita
3293 825 3432 921 est,'
3467 873 3589 927 qua:
3632 860 3758 928 qui-

503 917 624 972 dem
657 920 726 973 ab
753 934 818 974 eo
851 920 972 976 loco
998 923 1208 995 incipit,
1241 935 1329 980 «et
1359 926 1494 981 dixit
1529 927 1789 986 Dominus
1821 934 1890 987 ad
1927 951 2012 991 me
2045 955 2058 991 :
2103 937 2270 994 Sume
2305 939 2403 994 tibi
2434 917 2632 998 librum
2650 917 2764 1008 ",i
2798 917 2961 1016 quam
2991 917 3152 1003 etiam
3185 949 3358 1018 ipsam
3386 917 3606 1020 tempus
3642 917 3756 1019 iam

497 1023 605 1077 est,
639 1023 698 1068 ut
725 1030 1059 1086 exponamus
1087 1031 1141 1076 et
1169 1023 1620 1093 contemplemur.

510 1193 649 1274 Ἀπρ
677 1196 1236 1286 τιοῦθαίἐτοῦ.τ’βπὶ
1270 1199 1488 1281 καινῆς
1507 1203 2032 1286 Γραξῆς,,τῆς-Και
2051 1238 2066 1249 -

562 1265 674 1331 νῆς
696 1265 930 1342 δηλαδ
961 1269 1274 1342 Διαθήκης,
1291 1265 1583 1342 προερἧτιξ·
1598 1265 1666 1336 ἐξ
1682 1265 1856 1342 ἁγίου
1875 1265 2067 1331 llr-st}-

563 1353 754 1415 ματος
773 1337 1199 1415 equini-eadm
1222 1341 1316 1393 καὶ
1339 1337 1612 1415 τέξεσθαι
1641 1337 1776 1415 Υἱῦν
1806 1345 2062 1415 λέγεται,

560 1405 649 1471 ὃς,
682 1405 800 1480 τῷν
844 1406 1071 1480 ἐχθρῷν
1102 1411 1197 1461 καὶ
1239 1413 1540 1480 πολεμίων
1580 1405 1904 1480 κρατήσας,
1937 1405 2069 1470 ἀπιξ-

560 1476 928 1549 ᾳτηθιξσεται
953 1478 1069 1545 μὲν
1098 1480 1210 1549 ὑεξρ
1250 1476 1571 1544 Ἰουδαίων,
1600 1476 1721 1549 τοῖς
1743 1482 1810 1535 δὲ
1831 1476 2070 1540 ἐΰνεοίιν

558 1547 730 1599 ἔσται
763 1544 1079 1613 σωτήριος·
1112 1544 1208 1600 οἶὰ
1246 1566 1305 1602 τε
1354 1553 1620 1605 πείσεται
1667 1544 1733 1605 to
1769 1554 2070 1610 Ἰουδαίων

558 1617 734 1681 ἔθνος
770 1617 920 1683 μετὰ
967 1616 1083 1682 τὴν
1119 1621 1206 1684 εἰς
1249 1621 1436 1673 αὑτὸν
1479 1621 1768 1676 ἀπιστίαν
1817 1629 1966 1680 κατὰ
2002 1627 2069 1680 τὸ

558 1685 706 1740 αὐτὸ
735 1685 1043 1750 δηλοῦται.

2172 1219 2250 1272 Ab
2280 1215 2626 1273 eodem—In
2652 1231 2782 1268 nova
2817 1213 3111 1282 Scriptura,
3153 1215 3301 1271 Novo
3332 1219 3534 1273 scilicet
3571 1219 3753 1274 Testa-

2243 1300 2434 1346 mento.
2476 1285 2802 1358 prophetissa
2862 1301 2951 1358 ea}
2977 1287 3178 1352 Spiritu
3211 1298 3392 1341 sancto
3439 1303 3752 1358 conceptum

2240 1370 2288 1412 et
2316 1354 2578 1425 paritura
2622 1354 2823 1407 Filium
2847 1355 3064 1417 dicitur,
3116 1359 3205 1425 qui
3257 1375 3372 1410 cum
3409 1354 3646 1414 inimicos
3692 1371 3744 1415 et

2244 1429 2415 1482 hostes
2451 1427 2648 1486 vicerit,
2683 1443 2785 1500 non
2809 1427 3047 1500 credetur
3071 1428 3277 1500 quidem
3307 1445 3338 1481 a
3367 1427 3593 1488 Juda'is,
3620 1447 3746 1500 gen-

2244 1500 2382 1568 tibus
2417 1509 2590 1550 autem
2637 1499 2735 1548 erit
2787 1496 3064 1568 salutaris.
3103 1495 3298 1568 Qualia
3328 1500 3487 1551 etiam
3514 1495 3745 1568 patietur

2239 1566 2470 1622 Judaica
2497 1567 2641 1619 natio
2657 1575 2774 1633 post
2800 1565 3222 1619 incredulitatem
3247 1567 3300 1619 in
3317 1585 3456 1633 eum,
3491 1565 3582 1638 per
3607 1571 3744 1624 idem

2239 1638 2562 1694 declaratur.

565 1814 583 1845 ι
620 1796 730 1849 Kal
756 1789 877 1850 εἶπε
917 1796 1118 1868 Κύριος
1162 1798 1298 1870 πρὸς
1338 1799 1427 1870 μέ·
1455 1803 1601 1856 Λάϐε
1636 1804 1849 1875 σεαυτῷ
1897 1806 2048 1876 τόμοι

2241 1825 2259 1857 ι
2288 1804 2354 1859 Et
2375 1805 2509 1858 dixit
2532 1802 2793 1857 Dominus
2815 1801 2881 1854 ad
2909 1817 2995 1857 me
3021 1821 3033 1856 :
3061 1803 3260 1873 Accipe
3289 1804 3386 1860 tibi
3412 1807 3512 1877 ipsi
3541 1808 3741 1865 librum

486 1884 692 1948 καινὸν,
731 1886 924 1957 μέγαν,
952 1887 1047 1940 καὶ
1069 1889 1276 1958 γράψον
1317 1891 1395 1954 είς
1425 1893 1584 1946 αὐτὸν
1610 1897 1830 1965 γραφίδι
1857 1896 2068 1969 ἀνθρώ-

487 1991 610 2038 που,
646 1975 739 2028 τοῦ
776 1976 945 2041 ὀξέως
989 1977 1265 2047 προνομὴν
1303 1980 1522 2049 ποιῆσαι
1567 1983 1798 2046 σκύλων,
1836 1987 2066 2057 πάρεστι

484 2066 612 2136 γὰρ,
647 2066 740 2118 καὶ
770 2066 1050 2137 μάρτυράς
1089 2085 1178 2138 μοι
1212 2071 1436 2142 ποίησον
1467 2074 1692 2139 πιστοὺς
1729 2077 2062 2146 ἀνθρώπους,

481 2155 574 2208 τὸν
594 2157 794 2226 Οὐρίαν
817 2157 905 2210 τὸν
940 2158 1110 2230 ἱερέα,
1141 2162 1234 2213 καὶ
1264 2164 1540 2234 Ζαχαρίαν
1596 2167 1712 2220 υἱὸν
1766 2169 2059 2240 Βαραχίου.

481 2248 590 2302 Kal
635 2250 940 2321 προσῆλθον
995 2252 1132 2320 πρὸς
1164 2253 1262 2325 τὴν
1310 2259 1600 2328 προφῆτιν,
1634 2261 1726 2312 καὶ
1765 2261 1822 2312 ὲν
1867 2263 2064 2332 γαστρὶ

478 2337 658 2402 ἔλαϐε,
694 2344 787 2395 καὶ
812 2343 994 2396 ἔτεκεν
1027 2347 1160 2401 υἱόν.
1199 2349 1309 2402 Καὶ
1361 2346 1477 2402 εἷπε
1511 2349 1715 2420 Κύριός
1761 2369 1886 2422 μοι’
1940 2355 2054 2407 Κά-

479 2433 634 2485 λεσον
659 2433 720 2486 τὸ
749 2434 917 2505 ὄνομα
947 2436 1132 2499 αὑτοῦ,
1157 2439 1366 2508 ταχέως
1391 2439 1700 2502 σκύλευσον,
1730 2441 1894 2507 ὀξέως
1928 2460 2062 2515 προ-

476 2524 738 2594 νόμευσον
756 2543 769 2555 ·
806 2526 938 2580 διότι
970 2530 1098 2598 πρὶν
1126 2529 1158 2599 ἢ
1190 2528 1390 2596 γνῶναι
1416 2531 1477 2585 τὸ
1513 2533 1718 2586 παιδίον
1743 2535 1927 2587 καλεῖν
1956 2553 2060 2589 πα-

474 2616 610 2687 τέρα
648 2616 680 2687 ἢ
728 2619 959 2690 μητέρα,
991 2620 1216 2692 λήψεται
1249 2622 1476 2692 δύναμιν
1517 2625 1831 2694 Δαμασκοῦ,
1862 2628 1956 2678 καὶ
1987 2611 2056 2680 τά

478 2702 648 2756 σκῦλα
673 2705 984 2776 Σαμαρείας
1006 2708 1185 2762 ἔναντι
1206 2710 1470 2780 βασιλέως
1503 2713 1820 2784 Ἀσσυρίων.
1853 2735 1872 2766 ι
1905 2716 2060 2786 Ἔχε-

472 2809 561 2846 ται
590 2795 688 2864 τῆς
728 2798 1172 2868 προτεταγμένης
1220 2801 1313 2853 καὶ
1353 2803 1386 2872 ἡ
1435 2800 1684 2872 παροῦσα
1725 2807 2051 2876 προφητεία.

487 2884 549 2936 Ἠ
581 2885 688 2956 γάρ
721 2888 839 2940 ὲκεῖ
867 2889 1137 2961 Παροὲνος
1171 2892 1203 2960 ἡ
1233 2890 1322 2944 τὸν
1355 2893 1471 2963 μεθ’
1503 2893 1658 2965 ἡμῶν
1686 2895 1819 2949 Θεὸν
1847 2898 2055 2952 τίκτειν

470 2977 756 3052 λεγομένη,
780 2983 1045 3054 προφῆτις
1061 2985 1153 3039 ἐπὶ
1176 2983 1269 3037 τοῦ
1299 2987 1560 3058 παρόντος
1587 2988 1917 3059 ὠνόμασται.
1948 2993 2055 3064 Ζη-

468 3089 561 3126 του
570 3073 728 3142 μένου
749 3073 806 3127 δὲ
830 3075 990 3128 πόθεν
1013 3076 1118 3148 ἄρα
1145 3077 1468 3150 συλλήψεται
1490 3081 1862 3154 ἀπειρόγαμος
1891 3082 2047 3150 οὖσα,

2172 1911 2370 1949 novum
2397 1893 2682 1964 grandem,
2726 1900 2780 1946 et
2817 1891 2996 1956 scribe
3046 1891 3098 1945 in
3132 1908 3196 1946 eo
3229 1895 3356 1948 stilo
3385 1895 3642 1958 hominis.
3681 1907 3742 1953 ut

2169 1986 2418 2039 celeriter
2456 1984 2814 2053 direptionem
2841 1980 3012 2036 facias
3042 1983 3363 2050 spoliorum,
3396 1986 3550 2042 adest
3570 1991 3737 2053 enim,

2166 2085 2219 2131 et
2248 2083 2417 2130 testes
2447 2075 2580 2129 mihi
2609 2073 2769 2129 facito
2811 2074 2996 2128 ﬁdeles
3033 2074 3298 2135 homines.
3337 2073 3520 2130 Uriam
3555 2094 3739 2134 sacer-

2165 2165 2367 2227 dotem,
2420 2173 2474 2218 et
2503 2162 2824 2217 Zachariam
2872 2164 3041 2218 lilium
3091 2164 3366 2219 Barachiae
3393 2205 3407 2228 ,
3442 2175 3497 2220 et
3529 2171 3737 2223 accessi

2162 2254 2327 2324 329
2359 2255 2427 2308 ad
2472 2255 2897 2324 prophetissam,
2930 2262 2984 2308 et
3017 2253 3070 2307 in
3105 2261 3260 2308 utero
3283 2255 3510 2324 accepit,
3546 2267 3600 2310 et
3637 2272 3736 2326 pc-

2163 2349 2301 2418 perit
2339 2347 2528 2408 ﬁlium,
2561 2355 2615 2400 ct
2647 2344 2785 2399 dixit
2820 2345 3082 2401 Dominus
3115 2346 3179 2400 ad
3233 2360 3338 2407 me.
3374 2360 3506 2400 voca
3535 2363 3732 2402 nomen

2161 2433 2282 2501 ejus
2333 2433 2591 2487 A'ccelera
2622 2434 2794 2502 spolia
2822 2434 3129 2497 detrahere,
3165 2433 3286 2488 Cito
3307 2435 3569 2504 praeclare.
3603 2439 3732 2506 quia

2161 2535 2451 2596 antequam
2499 2525 2634 2580 sciat
2681 2540 2818 2594 puer
2880 2541 3076 2582 νοσατο
3107 2535 3314 2597 patrem
3347 2539 3441 2580 aut
3480 2541 3730 2590 matrem.

2159 2618 2386 2688 accipiet
2437 2625 2762 2687 potestatem
2831 2617 3104 2681 Damasci,
3149 2627 3202 2674 et
3242 2619 3414 2687 spolia
3471 2618 3732 2674 Samaria:

2157 2726 2340 2765 coram
2369 2725 2494 2780 rege
2527 2710 2877 2781 Assyriorum
2908 2711 2976 2764 ³³.
3013 2729 3030 2762 ι
3058 2711 3424 2766 Continuatur
3469 2726 3592 2765 cum
3637 2728 3730 2766 su-

2157 2801 2369 2870 periore
2419 2801 2702 2872 prophetia
2744 2800 2858 2854 hazc
2893 2819 2907 2854 τ
2941 2799 3072 2866 Qua:
3098 2802 3239 2856 enim
3266 2803 3375 2857 illic
3409 2800 3594 2870 Virgo.
3638 2818 3731 2855 no-

2154 2891 2363 2947 biscum
2394 2889 2562 2945 Deum
2586 2930 2601 2953 ,
2635 2905 2826 2960 parere
2851 2890 3071 2954 dicitur,
3126 2891 3468 2960 prophetissa
3503 2891 3556 2944 in
3591 2906 3729 2960 pne-

2153 2981 2294 3036 senti
2327 2979 2606 3034 nominata
2633 2989 2737 3034 est.
2773 2977 2878 3033 Sed
2909 2993 3032 3033 cum
3053 2981 3280 3050 quaestio
3295 2980 3535 3034 oriretur
3557 2980 3730 3033 undc«

2154 3086 2279 3124 nam
2310 3079 2457 3125 esset
2494 3077 2846 3138 conceptura.
2881 3085 3003 3140 qua:
3032 3075 3206 3124 virum
3228 3079 3450 3140 experta
3503 3087 3608 3124 non
3641 3086 3728 3123 es-

467 3159 626 3214 τοῦτο
658 3161 752 3214 νῦν
793 3163 822 3215 ὁ
854 3162 1008 3232 λόγος
1045 3167 1304 3231 διδάσκει,
1343 3186 1361 3219 ι
1403 3169 1513 3221 Kal
1561 3169 1883 3242 προσῆλθον,
1919 3192 1938 3224 ι
1966 3173 2048 3227 λέ-

2154 3173 2255 3226 set,
2289 3162 2466 3231 ipsum
2499 3161 2603 3216 hoc
2653 3161 2720 3216 dc
2765 3177 2871 3231 quo
2918 3163 3198 3232 quzeritur,
3251 3177 3397 3217 nunc
3441 3163 3721 3217 oraculum

466 3267 600 3318 γων,
637 3271 656 3304 ι
690 3253 826 3324 πρὸς
855 3255 952 3326 τὴν
983 3258 1274 3328 προφῆτιν,
1308 3259 1400 3311 καὶ
1427 3260 1483 3311 ὲν
1512 3261 1709 3332 γαστρὶ
1739 3261 1918 3325 ἔλαϐε,
1956 3265 2050 3317 καὶ

465 3341 652 3396 ἔτεκεν
677 3345 809 3397 υἱόν.
845 3365 862 3396 ι
905 3347 1216 3402 Ἀκουστέον
1235 3349 1290 3402 δὲ
1319 3349 1489 3403 ταῦτα
1508 3350 1580 3415 ὡς
1606 3352 1664 3416 ἐξ
1694 3353 1848 3422 ἁγίου
1879 3355 2047 3408 Πνεύ-

469 3450 658 3503 ματος,
682 3435 770 3504 ὑφ’
801 3429 863 3490 οῦ
907 3436 1330 3509 θεοφορούμενος
1368 3440 1396 3491 ὁ
1422 3442 1704 3512 προφήτης
1741 3442 2042 3508 ὲθέσπιζεν.

462 3522 604 3575 Αὐτὸ
628 3523 692 3594 δὴ
718 3521 809 3578 οὖν
840 3525 901 3578 τὸ
931 3528 1151 3598 Πνεῦμα
1174 3529 1234 3581 τὸ
1261 3530 1414 3597 ἆγιον
1453 3531 1872 3603 προεληλυθέναι
1915 3537 2046 3606 ὀμο-

463 3613 612 3683 λογεί
637 3619 700 3686 τῇ
751 3619 1076 3689 προφήτιδισ
1128 3620 1156 3672 ὃ
1195 3621 1287 3673 καὶ
1339 3622 1524 3690 σαφῶς
1561 3624 1916 3694 πεπλήρωται
1949 3629 2042 3680 ἐπὶ

460 3704 559 3774 τῆς
585 3704 678 3758 τοῦ
703 3706 953 3778 Σωτῆρος
975 3710 1007 3778 ἠ
1017 3707 1130 3778 μῶν
1175 3709 1348 3780 Ἰησοῦ
1384 3712 1616 3782 Χριστοῦ
1645 3713 1927 3781 γενέσεως,
1952 3716 2041 3769 ὅτε

466 3812 487 3847 ι
521 3797 798 3867 ἀπεστάλη
825 3799 1051 3867 ἄγγελος
1088 3801 1325 3872 Γαϐριὴλ
1358 3803 1462 3855 ὑπὸ
1497 3803 1589 3856 τοῦ
1619 3803 1750 3857 Θεοῦ
1776 3807 1854 3869 είς
1887 3807 2040 3860 πόλιν

457 3886 558 3957 τῆς
611 3886 898 3951 Γαλιλαίας
1025 3891 1196 3959 ὄνομα
1254 3891 1526 3962 Ναζαρὲθ,
1586 3893 1722 3964 πρὸς
1773 3895 2038 3966 παρθένον

459 3979 943 4052 μεμνηστευμένην
968 3981 1120 4052 ἀνδρὶ
1215 3983 1384 4054 ὄνομα
1419 3983 1636 4053 Ἰωσὴφ,
1668 3983 1728 4047 ἐξ
1767 3985 1915 4038 οἴκου
1943 3988 2036 4041 καὶ

456 4069 694 4138 πατριᾶς
723 4069 916 4122 Δαυῖδ·
1017 4073 1110 4126 καὶ
1142 4067 1262 4126 εἶπε
1285 4091 1299 4104 ο
1347 4076 1539 4145 Χαῖρε,
1593 4079 2030 4149 κεχαριτωμένη,

453 4155 483 4207 ὁ
505 4156 708 4228 Κύριος
739 4159 874 4229 μετὰ
897 4161 1012 4225 σοῦ,
1046 4163 1378 4236 εὐλογημένη
1413 4166 1478 4218 σὺ
1507 4167 1563 4217 ὲν
1594 4166 1822 4234 γυναιξί.
1875 4185 1893 4217 ι
1925 4168 2032 4219 Καὶ

454 4249 644 4302 πάλιν·
688 4267 707 4301 t
739 4251 830 4323 Μὴ
863 4252 1027 4321 φοϐοῦ
1047 4271 1059 4284 °
1087 4250 1244 4328 εὗρες
1272 4257 1379 4328 γὰρ
1412 4257 1570 4328 χάριν
1603 4258 1754 4328 παρὰ
1777 4257 1855 4328 τῷ
1886 4257 2023 4329 Θεῷ’

453 4343 546 4396 καὶ
569 4343 700 4407 ἰδοὺ,
722 4345 964 4420 συλλήψῃ
995 4349 1053 4400 ὲν
1071 4351 1269 4420 γαστρὶ
1297 4350 1390 4402 καὶ
1421 4347 1550 4423 τέξῃ
1572 4351 1705 4413 υἱὸν,
1745 4351 1836 4404 καὶ
1863 4351 2026 4404 καλέ-

454 4447 568 4496 σεις
597 4435 655 4488 τὸ
695 4435 866 4506 ὄνομα
887 4439 1050 4491 αὐτοῦ
1098 4441 1321 4509 Ἰησοῦν.
1357 4460 1376 4491 ι
1404 4440 1676 4510 Εἰπούσης
1701 4458 1758 4493 τε
1788 4442 1885 4512 τῆς
1908 4445 2026 4495 Μα-

2151 3256 2346 3310 docet:
2383 3273 2400 3306 ι
2439 3254 2504 3308 Ει
2528 3255 2757 3320 accessi,
2795 3255 2990 3324 inquit,
3028 3254 3092 3308 ad
3122 3253 3540 3323 pr0pltctissatu,
3574 3262 3628 3308 et
3661 3254 3718 3307 in

2151 3353 2307 3401 utero
2333 3347 2564 3415 accepit,
2593 3352 2647 3399 et
2665 3347 2875 3414 peperit
2918 3345 3110 3399 lilium.
3138 3365 3155 3396 ι
3188 3344 3282 3399 Est
3309 3353 3489 3400 autem
3519 3345 3720 3400 intelli-

2148 3438 2380 3508 gendum
2434 3438 2502 3492 de
2542 3436 2747 3506 Spiritu
2789 3443 3001 3499 sancto,
3029 3451 3058 3490 a
3082 3451 3190 3506 quo
3221 3435 3432 3491 amatus
3456 3435 3720 3506 propheta

2146 3527 2444 3582 divinabat.
2484 3527 2604 3596 Ipse
2633 3527 2776 3581 enim
2809 3534 3032 3582 sanctus
3068 3526 3304 3596 Spiritus
3329 3542 3387 3581 se
3415 3529 3717 3583 accessisse

2147 3618 2215 3670 ad
2256 3616 2652 3686 prophetissam
2677 3615 2893 3678 fatetur,
2931 3617 3074 3685 quod
3112 3615 3328 3685 quidem
3357 3617 3532 3687 ipsum
3559 3620 3718 3687 plane

2144 3707 2471 3776 completum
2527 3713 2614 3760 est
2663 3705 2719 3758 in
2751 3704 3050 3760 Salvatoris
3105 3706 3275 3760 nostri
3325 3704 3454 3759 Jesu
3505 3704 3714 3761 Christi

2141 3807 2286 3863 ortu,
2309 3813 2418 3867 quo
2465 3806 2710 3866 tempore
2743 3815 2762 3848 ι
2793 3797 2996 3851 missus
3044 3804 3129 3851 est
3177 3797 3402 3866 angelus
3420 3794 3648 3852 ﬂabriel
3677 3809 3709 3854 a

2141 3889 2251 3944 Deo
2285 3889 2338 3942 in
2362 3889 2637 3943 civitatem
2668 3887 2922 3952 Galilaeaz,
2961 3888 3052 3942 cui
3086 3903 3282 3942 nomen
3323 3887 3612 3952 Nazareth,
3637 3889 3707 3944 ad

2138 3980 2402 4049 virginem
2425 3978 2810 4048 desponsatam
2870 3979 3010 4042 viro,
3044 3978 3132 4032 cui
3159 3994 3355 4034 nomen
3384 3977 3609 4051 Josepb,
3637 3981 3708 4036 de

2136 4072 2299 4125 domo
2321 4077 2375 4124 et
2405 4070 2606 4124 familia
2640 4069 2827 4132 David,
2855 4069 2921 4123 ad
2946 4083 3109 4138 quam
3151 4068 3286 4122 dixit
3319 4088 3332 4124 :
3365 4071 3496 4135 Ave,
3531 4072 3705 4140 gratia

2137 4166 2318 4234 plena,
2375 4161 2639 4216 Dominus
2687 4169 2889 4225 tecum,
2938 4160 3220 4216 benedicta
3262 4171 3319 4214 tu
3370 4161 3424 4214 in
3464 4163 3707 4217 mulieri-

2136 4256 2238 4310 bus
2267 4255 2332 4306 “.
2361 4273 2380 4304 ›
2435 4253 2501 4306 Ει
2530 4268 2756 4307 rursus:
2788 4271 2806 4302 ι
2834 4251 2912 4306 Ne
2982 4251 3198 4313 timeas,
3247 4251 3500 4307 invenisti
3556 4253 3704 4308 enim

2137 4346 2364 4416 gratiam
2405 4342 2548 4413 apud
2585 4341 2772 4406 Deum,
2806 4349 2860 4395 et
2891 4355 3019 4395 ecce
3071 4340 3346 4409 concipies
3385 4341 3438 4394 in
3469 4349 3705 4409 utero,et

2139 4437 2320 4506 paries
2354 4435 2546 4497 lilium,
2569 4443 2622 4487 et
2649 4432 2872 4486 vocabis
2905 4447 3100 4485 nomen
3117 4431 3238 4500 ejus
3257 4428 3444 4487 Iesum
3463 4432 3550 4500 ";
3595 4452 3613 4485 ›
3649 4441 3703 4487 et

455 4523 608 4590 ρίας·
651 4545 669 4576 ι
707 4526 830 4592 Πῶς
854 4528 1004 4582 ἕσται
1027 4529 1203 4594 τοῦτο,
1233 4531 1353 4584 ἐπεὶ
1383 4531 1549 4601 ἄνδρα
1582 4531 1643 4583 οὐ
1683 4531 1965 4599 γινώσκω;
2003 4553 2021 4585 ι

2153 4541 2255 4580 tum
2299 4525 2528 4579 dixisset
2577 4521 2744 4575 Maria
2779 4536 2792 4572 :
2837 4539 2855 4571 ι
2881 4520 3163 4585 Quomodo
3193 4521 3298 4576 erit
3329 4520 3520 4575 istud?
3561 4535 3697 4591 quo-

450 4613 782 4688 ἀπεκρίνατο
802 4636 813 4644 ·
839 4638 858 4670 ι
891 4621 1114 4692 Πνεῦμα
1137 4622 1287 4690 ἆγιον
1334 4622 1684 4675 ἐπελεύσεται
1705 4623 1797 4676 ἐπὶ
1821 4623 1898 4689 σὲ,
1936 4625 2026 4676 καὶ

2153 4617 2276 4670 tiam
2309 4616 2484 4670 virum
2509 4629 2617 4668 non
2679 4627 2950 4683 cognosco
2978 4612 3061 4666 "?
3094 4633 3112 4664 ι
3161 4613 3442 4680 respondit
3475 4631 3488 4665 :
3517 4630 3536 4663 ι
3571 4612 3697 4682 Spi-

445 4704 671 4778 δύναμις
707 4707 958 4779 Ὑψίστου
991 4712 1300 4766 ἐπισκιάσει
1339 4713 1439 4766 σοί.
1470 4713 1560 4766 Διὸ
1605 4713 1698 4767 καὶ
1729 4713 1788 4766 τὸ
1825 4713 2025 4782 γεννώ-

2153 4713 2268 4765 itus
2292 4717 2516 4763 sanctus
2554 4705 2899 4776 superveniet
2928 4707 2984 4759 in
3033 4713 3106 4770 te,
3141 4715 3196 4760 et
3218 4705 3392 4760 virtus
3426 4704 3694 4759 Altissimi

448 4810 607 4864 μενον
639 4795 792 4863 ἅγιον
825 4798 1150 4871 κληθήσεται
1183 4801 1309 4864 Υἱὸς
1340 4801 1494 4854 Θεοῦ.
1537 4821 1553 4852 ι
1588 4803 1699 4855 Kal
1726 4804 1782 4854 ὲν
1823 4803 1922 4872 μὲν
1951 4805 2017 4874 τῇ

2153 4800 2474 4855 ιιηιῐηιπαωῐ
2531 4797 2650 4852 tibi.
2691 4795 2926 4865 Ideoque
2959 4797 3101 4865 quod
3149 4797 3408 4866 gignitur,
3440 4802 3690 4848 sanctum

443 4884 552 4957 πρὸ
583 4885 786 4955 ταύτης
815 4889 1118 4960 προφητείᾳ
1162 4890 1279 4961 ἃμα
1316 4893 1383 4961 τῇ
1427 4890 1637 4959 γενέσει
1676 4889 1770 4943 τοῦ
1807 4891 2015 4962 Ἐμμαο

2153 4890 2430 4953 'ocabitur,
2455 4887 2626 4941 Filius
2657 4886 2750 4940 Dei
2778 4887 2823 4919 ⁵⁷
2850 4906 2864 4941 :
2905 4907 2926 4940 ι
2959 4895 3012 4942 et
3063 4886 3116 4940 in
3146 4887 3428 4956 superiore
3469 4885 3688 4954 quidem
3731 4895 3758 4923 ο

443 4975 625 5048 νουὴλ,
655 4978 784 5048 πρὶν
810 4978 843 5050 ἦ
871 4981 1068 5048 γνῶναι
1095 4981 1156 5034 τὸ
1182 4982 1390 5035 παιδίον
1413 4980 1667 5052 ἀγαθὸνῆ
1695 4981 1883 5044 κακὸν,
1913 4983 2018 5036 ὲλέ-

2153 4979 2406 5050 ινοριιειία
2434 4979 2487 5031 in
2517 4987 2643 5032 ortu
2664 4977 2837 5048 ipsius
2861 4975 3202 5040 Emmanuel,
3232 4976 3546 5044 priusquam
3581 4973 3690 5030 sci-

442 5083 570 5136 γετο
602 5067 1189 5140 ἐγκαταλειφθήσεσθσι
1228 5073 1328 5143 τὴν
1358 5071 1461 5142 γῆν
1504 5071 1612 5124 ἀπὸ
1649 5071 1756 5123 τῶν
1798 5071 2014 5142 πολιορ-

2153 5081 2204 5126 et
2235 5085 2368 5140 puer
2397 5069 2600 5124 bonum
2651 5075 2747 5121 aut
2781 5067 3006 5128 malum,
3039 5066 3341 5127 dicebatur,
3374 5065 3686 5133 relinquen-

443 5156 680 5212 κούντων
717 5159 886 5232 αὐτὴν
914 5161 1056 5214 δυεῖν
1087 5160 1367 5231 βασιλέων,
1396 5163 1514 5225 ἑνὸς
1545 5162 1641 5232 μὲν
1666 5160 1761 5214 τοῦ
1790 5162 1886 5233 τῆς
1907 5163 2012 5215 Σα-

2158 5177 2242 5215 am
2259 5176 2381 5216 esse
2418 5169 2616 5214 terram
2665 5158 2732 5212 ab
2763 5156 3137 5213 obsidentibus
3171 5171 3291 5210 eam
3330 5155 3543 5209 duobus
3600 5171 3692 5210 re-

443 5247 695 5319 μαρείας,
725 5247 952 5321 θατέρου
984 5251 1042 5303 δὲ
1085 5251 1177 5304 τοῦ
1199 5252 1298 5322 τῆς
1331 5251 1650 5323 Δαμασκοῦ·
1691 5251 1784 5305 ἐπὶ
1831 5252 1886 5304 δὲ
1916 5254 2014 5324 τῆς

2157 5251 2298 5314 ibus,
2365 5265 2476 5303 uno
2523 5249 2742 5318 quidem
2806 5245 3101 5308 Samaria,
3150 5246 3321 5300 altero
3353 5257 3529 5299 autem
3577 5244 3684 5299 Da-

442 5339 740 5412 παρούσης,
769 5343 897 5413 πρὶν
919 5341 952 5413 ἢ
985 5340 1186 5411 γνῶναι
1207 5343 1268 5396 τὸ
1297 5345 1505 5397 παιδίον
1528 5343 1712 5396 καλεῖν
1739 5343 1953 5414 πατέρα
1975 5344 2008 5414 ἢ

2153 5343 2329 5407 tasci;
2369 5342 2422 5395 in
2464 5342 2715 5411 praesenti
2747 5355 2898 5405 vero,
2954 5342 3274 5410 priusquam
3326 5338 3461 5392 5(th
3485 5352 3682 5394 vocare

441 5433 670 5501 μητέρα,
698 5431 927 5503 λήψεται
964 5432 1190 5503 δύναμιν
1227 5432 1541 5504 Δαμασκοῦ,
1588 5435 1684 5486 καὶ
1726 5433 1795 5486 τὰ
1837 5433 2006 5488 σκῦλα

2153 5441 2321 5486 atrem
2347 5440 2442 5485 aut
2471 5440 2718 5496 matrem,
2741 5446 2968 5502 puerum
2991 5437 3339 5499 accepturum
3359 5435 3678 5498 potestatem

439 5520 776 5592 Σαμαρείας·
825 5519 900 5579 ὧν
952 5527 1045 5579 καὶ
1094 5526 1326 5595 πρόσθεν
1371 5525 1838 5597 καταλυθήσεσθαι
1883 5527 2008 5589 τοὺς

2153 5525 2384 5587 Iamasci,
2415 5532 2470 5578 et
2525 5523 2700 5594 spolia
2748 5521 3005 5576 Samaria:
3040 5537 3054 5573 :
3087 5535 3319 5591 quarum
3357 5521 3509 5591 prius
3541 5521 3677 5574 abo—

437 5613 687 5678 βασιλέας
712 5615 804 5668 ἐπὶ
840 5620 906 5688 τῇ
947 5615 1157 5685 γενέσει
1195 5616 1289 5669 τοῦ
1326 5615 1671 5688 Ἐμμανουήλ
1697 5615 2002 5679 ὲθέσπιζεν.

2153 5616 2304 5670 ιηόοε
2327 5630 2450 5670 esse
2484 5629 2639 5684 reges
2659 5615 2714 5666 in
2735 5623 2858 5668 ortu
2893 5613 3066 5682 ipsius
3089 5612 3407 5666 Emmanuel
3449 5612 3671 5667 cecinit.

507 5788 925 5856 “lsa.vn,25.
978 5791 1380 5857 "lsa.vm,l.
1438 5777 1490 5824 ἠ
1521 5790 1653 5847 ibid.
1684 5792 1798 5849 Μ.
1875 5789 2076 5846 "Luc.
2113 5806 2149 5857 ι,
2175 5789 2365 5846 26-28.
2441 5790 2485 5821 ιι
2513 5787 2643 5844 ibid.
2677 5789 2873 5849 αλιι.
2951 5790 3266 5846 "ibid.3&.
3344 5791 3387 5860 ξτ
3414 5788 3545 5846 ibid.
3582 5787 3668 5841 ss.
