4110 6434
459 310 558 366 521

1386 281 2036 353 DEMONSTRATIONIS
2074 285 2537 347 EVANGELICJE
2571 284 2704 345 LIB.
2744 283 2866 344 vn.

3594 286 3701 343 ἓξὲξ

448 433 508 489 δὲ
535 431 629 486 καὶ
658 430 725 484 τὰ
759 428 928 483 σκῦλα
956 421 1267 496 Σαμαρείας
1300 418 1512 491 νοήσεις
1534 459 1548 481 ,
1608 417 1733 480 τοὺς
1779 415 1888 470 ἀπὸ
1932 413 2026 468 τοῦ

2137 414 2356 467 deorum
2387 412 2657 467 addictam
2694 409 3107 465 simulacrorum
3139 402 3407 462 culturam
3434 412 3711 479 aspernati

462 520 732 577 Ἰουδαίων
791 517 981 583 ἔθνους
1032 513 1123 568 τοῦ
1158 513 1407 583 Σωτῆρος
1454 508 1613 580 ήμῶν
1660 505 1909 578 μαθητὰς
1935 509 2029 559 καὶ

452 616 783 678 ἀποστόλους
805 654 819 675 ,
864 611 959 675 οὓς
1004 609 1193 679 ὥσπερ
1221 609 1284 660 ἐκ
1318 605 1589 675 πολεμίων
1630 602 1737 655 τῶν
1769 604 1833 654 ἐκ
1876 618 2032 673 περι-

450 708 624 780 τομῆς
676 707 797 761 κατ’
839 702 1003 758 αὑτοῦ
1057 696 1539 773 στρατευσαμένων
1588 694 1759 748 σκῦλα
1806 694 1895 763 ὑφ’
1929 691 2030 746 αύ-

452 801 543 856 ctu
600 799 779 855 λαϐὼν
828 798 885 864 ἐξ
945 793 1191 857 ἐναντίας
1246 790 1557 846 καθώπλισε
1610 788 1704 843 τοῦ
1762 789 1870 842 τῶν
1915 788 2032 840 Ἀσ-

452 892 654 967 συρίων
718 890 1014 962 βασιλέως,
1071 885 1214 941 οὕτω
1276 883 1440 938 πάλιν
1504 881 1776 954 τροπικῶς
1838 878 2029 951 δηλου-

459 985 619 1057 μένου
668 981 762 1036 τοῦ
810 982 1069 1051 ἄρχοντος
1115 977 1209 1031 τοῦ
1255 975 1450 1039 αἰῶνος
1498 979 1706 1031 τούτου.
1794 972 1946 1027 Ἐπεὶ
1974 974 2031 1027 δὲ

450 1077 514 1132 τὸ
564 1096 581 1126 ι
616 1075 856 1130 ἐναντίον
914 1073 1176 1145 βασιλέως
1215 1069 1531 1145 Ἀσσυρίων,
1573 1089 1591 1122 ι
1622 1068 1952 1140 σαφέστερον
2003 1067 2032 1121 ὁ

466 1168 693 1232 Ἀκύλας
747 1166 1046 1232 ἐξέδωκεν,
1079 1161 1273 1227 εἰπὼν,
1315 1180 1334 1213 ι
1390 1163 1468 1226 είς
1518 1160 1807 1232 πρόσωπον
1871 1158 2029 1230 βασι-

451 1261 588 1325 λέως
651 1260 972 1332 Ἀσσυρίων,
1011 1278 1031 1310 ι
1063 1258 1356 1328 ἐπίστησον
1400 1257 1609 1326 μήποτε
1659 1254 1768 1325 ἄρα
1826 1252 1919 1305 καὶ
1973 1250 2031 1302 ἐν

450 1352 657 1416 τούτοις
696 1352 795 1423 τὴν
829 1348 1116 1420 Ῥωμαίων
1161 1347 1335 1419 ἀρχὴν
1381 1346 1567 1416 δηλοῖ,
1624 1342 1680 1398 εῐ
1721 1359 1785 1412 γε
1837 1356 2033 1427 κατευ-

450 1440 729 1505 θύνοντες,
784 1440 817 1513 ἢ
878 1438 1335 1510 κατευθυνόμενοι
1408 1436 1681 1507 Ἀσσύριοι
1751 1432 2031 1504 μεθερμη-

449 1534 694 1589 νεύονται
719 1575 739 1598 ,
809 1532 952 1587 κατὰ
999 1533 1066 1586 τὰ
1122 1530 1306 1603 μικρῷ
1364 1528 1599 1601 πρόσθεν
1640 1519 2027 1595 ἀποδεδομένα.

462 1628 614 1681 Ἐπεὶ
672 1626 853 1680 τοίνυν
901 1627 967 1696 τῇ
1020 1625 1151 1697 περὶ⁹
1203 1624 1295 1677 τοῦ
1351 1621 1600 1692 Σωτῆρος
1653 1619 1809 1691 ήμῶν
1859 1619 2031 1690 προρ-

453 1720 609 1789 ρήσει
679 1718 774 1773 καὶ
843 1716 939 1770 νῦν
992 1717 1025 1769 ὁ
1078 1717 1188 1770 τῶν
1257 1713 1555 1785 Ἀσσυρίων
1616 1708 2033 1783 συμπέπλεκται

2135 515 2283 569 sunt,
2310 517 2360 562 et
2394 506 2598 562 Christi
2643 504 2813 559 verba
2842 504 3054 573 seipsos
3095 503 3436 571 addixerunt,
3476 516 3711 575 praeser-

2133 598 2229 651 tim
2255 598 2300 653 si
2326 598 2380 651 in
2414 598 2587 653 verbo
2629 606 2685 651 et
2720 596 2985 667 sapientia
3021 597 3205 651 saeculi
3257 595 3420 665 hujus
3458 603 3710 666 potentes

2133 691 2286 753 sint,
2351 704 2447 744 eos
2499 690 2647 760 ipsos
2695 704 2819 744 esse
2864 689 2957 760 qui
3015 688 3260 744 Damasci
3314 689 3557 758 potentia
3609 702 3710 742 no-

2134 781 2426 835 minentur.
2459 780 2660 836 Eodem
2698 796 2863 836 sensu
2914 781 3079 835 etiam
3112 780 3284 850 spolia
3324 779 3585 835 Samaria:
3612 794 3709 835 ac-

2132 871 2326 941 cipies,
2360 872 2427 927 de
2465 872 2691 927 Iudaica
2743 880 2902 943 gente
2936 882 3246 942 assumptus
3282 871 3582 929 Salvatoris
3604 886 3708 929 no-

2133 964 2233 1019 stri
2265 964 2566 1033 discipulos
2600 973 2653 1019 et
2688 966 2985 1034 apostolos,
3013 980 3151 1035 quos
3180 966 3336 1035 quasi
3361 966 3428 1020 de
3457 966 3709 1022 hostibus

2133 1055 2200 1109 ad
2221 1056 2697 1111 circumcisionem
2731 1058 3127 1125 spectantibus,
3175 1057 3268 1128 qui
3310 1058 3599 1114 adversum
3648 1073 3709 1113 se

2132 1148 2509 1209 militaverint,
2573 1147 2771 1218 praedae
2832 1150 3007 1203 instar
3057 1150 3161 1204 sibi
3221 1150 3324 1220 ipsi
3384 1151 3706 1219 subiiciens,

2133 1248 2325 1295 contra
2351 1241 2701 1310 Assyriorum
2745 1252 2925 1311 regem
2979 1241 3230 1311 armavit,
3268 1241 3707 1312 quandoquidem

2134 1334 2215 1387 sic
2247 1348 2441 1388 rursus
2495 1346 2592 1403 per
2623 1330 2849 1402 figuram
2902 1332 3085 1388 saeculi
3122 1333 3287 1402 hujus
3325 1334 3577 1403 princeps
3632 1332 3710 1388 si-

2132 1424 2439 1494 gnitlcatur.
2509 1425 2579 1477 At
2633 1438 2765 1478 vero
2814 1424 3069 1493 quoniam
3136 1425 3268 1477 illud
3306 1433 3470 1480 «ante
3522 1438 3705 1494 regem

2131 1514 2502 1586 Assyriorum,
2528 1535 2546 1566 ι
2586 1515 2929 1571 manifestius
2959 1516 3156 1587 Aquila
3191 1517 3447 1581 reddidit,
3500 1517 3593 1571 ubi
3623 1516 3706 1570 sic

2133 1609 2230 1672 ait,
2268 1627 2285 1660 ι
2318 1609 2373 1663 in
2405 1607 2594 1664 faciem
2624 1611 2769 1682 regis
2800 1611 3170 1682 Assyriorum,
3198 1629 3214 1662 ι
3251 1611 3371 1665 vide
3395 1627 3460 1666 ne
3483 1610 3622 1667 forte
3651 1610 3708 1665 in

2134 1700 2220 1755 his
2256 1700 2435 1755 verbis
2459 1699 2831 1757 Romanorum
2864 1702 3155 1772 imperium
3209 1701 3500 1772 signiticet,
3535 1702 3708 1771 siqui-

452 1785 745 1877 βασιλεὺς,
820 1806 1041 1870 εἰκότως
1096 1807 1226 1877 ἡμῖν
1282 1802 1561 1857 κάνταῦθα
1625 1802 1659 1873 ἡ
1739 1799 2027 1871 Ῥωμαίων

2137 1789 2253 1844 dem
2283 1806 2349 1843 ex
2388 1789 2456 1845 iis
2504 1806 2623 1860 qua:
2656 1791 2818 1861 paulo
2848 1798 2971 1846 aute
2998 1806 3029 1845 a
3062 1792 3219 1845 nobis
3256 1793 3504 1861 exposita
3555 1800 3705 1851 sunt,

452 1901 596 1972 ἀρχὴ
659 1899 1067 1972 παρείληπται,
1147 1896 1236 1950 διὰ
1298 1895 1359 1950 τὸ
1422 1894 1559 1968 πρὸς
1611 1891 1703 1947 τοῦ
1760 1890 1894 1946 Θεοῦ
1952 1892 2031 1954 εἰς

451 1994 553 2063 τὴν
629 1992 738 2046 τῶν
805 1990 972 2044 ἐθνῶν
1055 1988 1332 2060 ὑποταγὴν
1388 1984 1832 2042 κατευθύνεσθαι.
1923 1983 2034 2054 Λή-

450 2080 646 2148 ψεσθαι
738 2080 1025 2151 τοιγαροῦν
1098 2080 1159 2133 τὺ
1231 2078 1547 2149 τικτόμενον
1634 2074 1845 2129 παιδίον
1932 2074 2033 2145 τὴν

449 2167 675 2239 δύναμιν
736 2168 1071 2239 Δαμασκοῦ,
1151 2169 1245 2222 καὶ
1305 2168 1375 2221 τὰ
1456 2166 1628 2221 σκῦλα
1693 2164 2029 2236 Σαμαρείας,

448 2260 543 2313 καὶ
597 2259 937 2330 παραδώσειν
974 2262 1053 2324 είς
1088 2260 1378 2332 πρόσωπον
1425 2258 1723 2330 Ἀσσυρίων
1748 2295 1763 2321 ,
1822 2257 1916 2311 καὶ
1974 2257 2032 2308 ὲν

448 2346 745 2421 ὀφθαλμοῖς
819 2350 926 2404 τῶν
1000 2351 1105 2404 ὑπὸ
1181 2349 1274 2403 τοῦ
1354 2348 1488 2402 Θεοῦ
1555 2346 2032 2418 κατευθυνομένων

450 2440 784 2506 θεσπίζεται*
816 2443 911 2496 καὶ
957 2442 1128 2497 ταῦτα
1181 2442 1429 2513 ποιήσειν
1460 2439 1578 2511 ἅμα
1624 2442 1691 2511 τῇ
1736 2439 1901 2494 αὑτοῦ
1942 2455 2034 2507 γε-

448 2535 639 2599 νέσει,
700 2535 925 2606 ἀρρήτῳ
981 2535 1077 2589 καὶ
1135 2534 1304 2605 ἐνθέῳ
1357 2532 1629 2602 δυνάμει,
1694 2531 1774 2585 ἐτι
1822 2528 2035 2603 ’νηπιά-

451 2624 596 2689 ζοντι
655 2622 869 2695 σώματι
932 2623 1172 2678 τοσαῦτα
1241 2626 1299 2678 ἐν
1353 2622 1659 2695 ἀνθρώποις
1720 2621 2035 2693 οἰκονομούο

451 2733 630 2788 μενος.
702 2717 885 2770 Πάντα
912 2713 968 2769 δὲ
1012 2715 1182 2770 ταῦτα
1216 2720 1245 2771 ὁ
1277 2718 1564 2789 προφήτης
1598 2718 1655 2768 ἐν
1680 2714 1831 2787 τόμῳ
1862 2710 2034 2786 καινῷ

449 2806 544 2863 καὶ
595 2807 815 2879 μεγάλῳ
880 2795 1077 2879 γραφῇ
1133 2807 1469 2880 παραδοῦναι
1528 2806 1814 2879 ἀνθρώπου
1874 2824 2035 2879 προσ⁸

449 2896 727 2962 τάσσεται,
780 2898 966 2951 τοῦτον
1005 2898 1100 2951 καὶ
1145 2898 1245 2968 τῆς
1291 2899 1481 2968 καινῆς
1537 2899 1811 2969 Διαθήκης
1851 2897 2037 2970 δηλου-

453 2988 621 3061 μένης
694 2990 785 3045 τὸν
858 2992 1079 3062 τρόπον.
1182 2989 1751 3061 Προσπαραλαμϐἁνει
1810 2989 1868 3044 δὲ
1926 2989 2033 3042 τῶν

451 3080 758 3154 εἰρημένων
828 3082 1111 3155 μάρτυρας
1186 3081 1335 3154 ἱερέα
1389 3081 1486 3135 καὶ
1554 3084 1877 3155 προφήτην,
1935 3081 2032 3135 τοῦ

449 3162 608 3245 λόγου
650 3176 1018 3243 παιδεύοντος,
1077 3174 1152 3240 ὼς
1190 3176 1271 3229 ὅτι
1320 3174 1501 3247 δεήσει
1539 3175 1596 3229 ἐν
1656 3178 1776 3240 ταῖς
1819 3174 2034 3229 ἀποδεί-

456 3266 572 3332 ξεσι
622 3270 743 3332 ταῖς
786 3269 912 3341 περὶ
963 3267 1056 3322 τοῦ
1117 3265 1354 3340 Χριστοῦ
1389 3267 1489 3331 τὰς
1540 3267 1648 3321 ἀπὸ
1690 3267 1790 3338 τῆς
1851 3267 1910 3320 ἐν
1943 3265 2031 3320 νό-

456 3376 541 3430 μῳ
618 3359 926 3432 ἱερουργίας
1002 3358 1097 3413 καὶ
1164 3359 1273 3412 τῶν
1334 3358 1472 3430 μετὰ
1522 3360 1690 3413 ταῦτα
1739 3359 2032 3432 προφητῶν

456 3450 764 3523 μαρτυρίας
820 3450 1285 3523 παραλαμϐάνειν.
1383 3452 1614 3515 Πιστοὺς
1674 3451 1729 3505 δὲ
1787 3450 2033 3523 βούλεται

453 3543 547 3596 καὶ
591 3541 767 3607 ἄλλως
822 3542 1103 3616 μάρτυρας
1146 3539 1285 3597 εἶναι
1340 3546 1462 3608 τοὺς
1515 3544 1614 3617 τὴν
1669 3544 1881 3613 γένεσιν
1939 3544 2033 3597 τοῦ

453 3631 777 3705 δηλουμένου
821 3632 1032 3687 παιδίου
1081 3634 1369 3705 μέλλοντας
1427 3634 1744 3689 ἐποπτεύειν
1768 3676 1782 3700 ,
1836 3635 1916 3699 είς
1974 3632 2036 3688 τὸ

458 3724 694 3778 συνιέναι
771 3723 1030 3779 δύνασθαι
1106 3724 1175 3779 τὰ
1257 3726 1730 3797 προφητευόμενα.
1797 3744 1815 3774 ι
1911 3724 2035 3778 Ἐὰν

457 3814 566 3887 γὰρ
635 3815 709 3886 μὴ
775 3816 1140 3886 πιστεύσητε,
1210 3816 1330 3869 οὐδὲ
1383 3818 1456 3889 μὴ
1516 3817 1728 3887 συνῆτε,
1774 3834 1791 3867 ι
1822 3814 2038 3883 ἐλέγετο

458 3907 716 3977 ἀνωτέρω
740 3922 761 3938 '
813 3907 908 3960 καὶ
956 3906 1047 3959 τὸν
1111 3907 1209 3977 μὲν
1284 3906 1426 3977 ἔχειν
1460 3908 1576 3976 φῶς
1627 3906 1760 3960 Θεοῦ
1786 3924 1800 3937 ’
1840 3905 2031 3979 (τοῦτο

465 3997 573 4069 γὰρ
632 3998 660 4052 ὁ
732 3994 932 4069 Οὐρίας
994 3996 1416 4069 ἑρμηνεύεται),
1470 3996 1563 4049 τὸν
1619 3990 1675 4050 δὲ
1734 3988 1847 4050 υἱὸν
1907 3993 2037 4050 ὄντα

460 4089 709 4158 εὐλογίας
738 4129 753 4153 ,
836 4088 933 4160 τὴν
1012 4089 1234 4161 μνήμην
1312 4087 1407 4142 τοῦ
1490 4088 1623 4142 Θεοῦ
1719 4090 1777 4142 ἐν
1860 4088 2037 4159 ἑαυτῷ

458 4181 682 4251 φέρειν’
765 4178 922 4234 τοῦτο
982 4179 1091 4253 γὰρ
1154 4181 1249 4235 καὶ
1301 4180 1330 4233 ὁ
1382 4178 1476 4234 τοῦ
1531 4176 1803 4253 Βαραχίου
1862 4181 2038 4249 Ζαχα-

462 4274 583 4347 ρίας
631 4273 796 4343 δηλοῖ.
879 4272 1063 4327 Ταῦτα
1120 4273 1222 4345 μὲν
1256 4269 1349 4329 οῦν
1377 4275 1457 4338 είς
1497 4275 1623 4337 τοὺς
1651 4274 1845 4337 τόπους
1879 4274 2036 4344 ἡμεῖς

461 4362 915 4435 ἐπιϐεόλήκαμεν.
1022 4364 1087 4418 El
1162 4364 1220 4418 δέ
1293 4381 1379 4429 τις
1433 4365 1542 4419 τῶν
1614 4367 1677 4418 ἐκ
1739 4366 2037 4436 περιτομῆς

2134 1881 2342 1953 Assyrii
2374 1897 2626 1939 sermone
2654 1891 2865 1948 nostro,
2913 1893 2968 1939 et
3006 1884 3100 1954 qui
3126 1885 3390 1955 dirigunt,
3425 1892 3478 1939 et
3503 1884 3597 1955 qui
3626 1882 3711 1937 dio

2135 1973 2386 2043 riguntur
2439 1974 2667 2045 intelligi
2705 1976 2903 2031 solent.
2932 1974 3201 2042 Quoniam
3259 1976 3427 2047 igitur
3483 1977 3709 2032 oraculo

2134 2062 2279 2133 quod
2310 2080 2456 2118 nunc
2489 2065 2557 2119 de
2584 2064 2866 2122 Salvatore
2898 2077 3086 2121 nostro
3116 2066 3384 2131 redditur,
3419 2067 3583 2123 etiam
3613 2082 3708 2121 rex

2134 2156 2483 2227 Assyriorum
2533 2157 2830 2227 implicitus
2870 2165 2955 2214 est
2983 2199 2997 2222 ,
3057 2160 3253 2213 merito
3287 2160 3376 2214 hic
3432 2168 3652 2230 quoque
3678 2173 3709 2211 a

2134 2247 2295 2300 nobis
2329 2244 2700 2301 Romanorum
2731 2248 3019 2316 imperium
3050 2255 3332 2317 acceptum
3365 2255 3472 2311 est,
3507 2247 3711 2320 quippe

2135 2336 2281 2407 quod
2313 2336 2378 2390 ad
2409 2337 2779 2406 subjiciendas
2808 2345 2995 2408 gentes
3011 2338 3079 2391 ab
3104 2338 3223 2407 ipso
3272 2337 3385 2393 Deo
3417 2336 3707 2410 dirigitur;

2137 2428 2283 2500 Ergo
2317 2428 2410 2499 qui
2436 2430 2681 2484 nascitur
2706 2446 2858 2501 puer,
2895 2438 3220 2501 accepturus
3275 2430 3573 2500 potentiam
3606 2428 3712 2483 Da-

2136 2524 2330 2586 masci,
2363 2529 2417 2577 et
2451 2523 2624 2593 spolia
2660 2521 2939 2586 Samaria,
2973 2533 3025 2578 et
3051 2525 3354 2580 traditurus
3403 2525 3457 2578 in
3516 2523 3710 2579 faciem

2135 2614 2487 2686 Assyriorum
2512 2621 2566 2671 et
2594 2615 2649 2668 in
2682 2617 2857 2671 oculis
2889 2632 3078 2671 eorum
3123 2618 3214 2688 qui
3249 2633 3280 2672 a
3321 2617 3430 2673 Deo
3462 2618 3709 2689 dirigun-

2137 2714 2248 2770 tur,
2280 2709 2497 2762 canitur
2525 2718 2539 2759 :
2567 2715 2730 2777 atque
2768 2708 2882 2763 haec
2933 2710 3049 2779 ipsa
3084 2709 3137 2763 in
3172 2717 3295 2764 ortu
3332 2727 3432 2766 suo
3466 2710 3712 2768 facturus

2139 2798 2189 2851 vi
2222 2798 2456 2869 quadam
2481 2798 2662 2853 divina
2694 2806 2856 2869 atque
2886 2799 3164 2868 inetl‘abili,
3216 2802 3307 2873 qui
3361 2792 3591 2872 quidem.
3615 2804 3714 2857 ad-

2138 2891 2245 2945 huc
2278 2892 2333 2946 in
2362 2892 2556 2961 puerili
2588 2906 2822 2961 corpore
2871 2894 3202 2949 Constitutus
3235 2902 3385 2949 tanta
3443 2896 3587 2951 inter
3612 2896 3713 2949 ho-

2137 2983 2314 3034 mines
2376 2980 2783 3052 dispensatione
2833 2982 3109 3053 fungctur.
3163 2984 3355 3040 Omnia
3405 3002 3536 3041 vero
3596 2988 3713 3044 haec

2137 3076 2402 3145 propheta
2435 3076 2487 3129 in
2523 3090 2666 3131 navo
2694 3084 2746 3131 et
2776 3078 2963 3146 grandi
3009 3078 3148 3133 libro
3182 3079 3323 3150 stylo
3349 3090 3401 3134 et
3426 3082 3713 3151 scriptum

2137 3166 2374 3220 hominis
2402 3167 2621 3223 tradere
2664 3166 2888 3237 jubetur
2922 3188 2934 3222 :
2967 3171 3070 3223 hoc
3120 3170 3267 3224 enim
3321 3185 3572 3227 sermone
3604 3170 3714 3226 Νοέ

2136 3267 2262 3313 rum
2326 3257 2665 3329 signiﬁcatur
2719 3258 3149 3318 Testamentum.
3212 3261 3461 3318 Asscmit
3529 3273 3711 3319 autem

2135 3366 2325 3406 eorum
2356 3367 2479 3421 qua:
2511 3352 2655 3406 dicta
2695 3361 2823 3408 sunt
2864 3361 3032 3409 testes
3090 3356 3430 3412 sacerdotem
3489 3364 3544 3411 et
3586 3366 3712 3427 pro-

2139 3444 2376 3513 phetam,
2402 3445 2624 3500 oraculo
2665 3446 2893 3500 docente
2915 3487 2929 3509 ,
2957 3445 3073 3501 fore.
3098 3464 3236 3517 opus
3267 3450 3318 3502 in
3363 3451 3675 3506 demonstra
3694 3479 3710 3493 ο

2138 3536 2376 3590 tionibus
2408 3536 2475 3590 de
2504 3536 2723 3592 Christo
2755 3545 2867 3591 tum
2904 3553 2935 3591 a
2957 3539 3267 3593 Sacerdotio
3294 3540 3440 3610 quod
3495 3541 3551 3595 in
3596 3542 3714 3613 lege

2138 3627 2467 3692 continetur,
2524 3634 2635 3681 tum
2675 3643 2704 3681 a
2748 3629 3027 3698 prophetis
3084 3629 3179 3701 qui
3226 3641 3413 3699 postea
3467 3632 3707 3700 fuerunt,

2138 3718 2387 3787 accipere
2426 3718 2773 3786 testimonia;
2826 3729 2879 3775 et
2930 3721 3133 3791 alioqui
3183 3721 3371 3778 ﬁdeles
3422 3725 3539 3778 vult
3586 3740 3710 3782 esse

2138 3817 2326 3876 testes,
2360 3824 2455 3866 eos
2477 3811 2566 3880 qui
2599 3811 2751 3880 pueri
2779 3810 2847 3867 de
2871 3826 2980 3880 quo
3029 3813 3230 3882 agitur,
3263 3813 3564 3884 inspecturi
3598 3819 3710 3873 sint

2136 3911 2337 3965 ortum,
2370 3909 2428 3955 ut
2470 3917 2533 3956 ea
2592 3917 2714 3972 qua:
2753 3902 2807 3957 in
2859 3905 2972 3973 ipsa
3008 3905 3290 3974 prophetia
3338 3907 3709 3974 continentur,

2139 3993 2435 4064 intelligere
2460 3995 2691 4064 possint.
2719 3993 2895 4065 Supra
2923 3997 3068 4051 enim
3108 3997 3415 4065 dicebatur,
3476 4016 3494 4051 ι
3520 3997 3577 4053 Si
3599 4009 3711 4057 non

2137 4084 2499 4147 credideritis.
2557 4102 2664 4141 non
2688 4086 3031 4157 intelligetis,
3065 4106 3083 4139 ι
3120 4097 3173 4142 et
3202 4089 3432 4144 alterum
3491 4089 3711 4161 quidem

2140 4175 2319 4229 lumen
2355 4175 2444 4231 Dei
2467 4175 2668 4232 habch
2701 4192 2713 4228 :
2749 4174 2909 4248 332
2945 4177 2999 4232 id
3031 4177 3179 4232 enim
3212 4175 3370 4235 Urias
3419 4192 3485 4235 cx
3544 4182 3715 4236 inter-

2140 4269 2443 4355 pretatione
2474 4268 2745 4341 signiﬁcat
2776 4287 2791 4323 :
2823 4271 3053 4326 alterum
3088 4286 3240 4337 vero,
3263 4274 3711 4344 quibenedictio-

2139 4362 2227 4417 nis
2253 4362 2325 4417 sit
2359 4362 2521 4427 ﬁlius,
2549 4361 2640 4419 Dei
2664 4364 2717 4418 in
2753 4364 2934 4435 seipso
2963 4367 3278 4421 memoriam
3306 4366 3467 4426 ferre.
3492 4367 3553 4424 Id
3566 4369 3711 4425 enim

459 4453 521 4509 οὐ
567 4455 736 4509 ταῦτα
784 4455 957 4520 οὕτως
1006 4454 1150 4528 ἔχειν
1202 4454 1485 4525 βούλεται,
1544 4454 1662 4529 ὥρα
1706 4440 1835 4527 ἡμῖν
1877 4456 2034 4509 αὑτὸν

2143 4454 2246 4509 sibi
2276 4455 2387 4509 vult
2418 4453 2691 4510 Barachim
2740 4454 3086 4512 Zacharias:
3147 4458 3262 4513 haec
3306 4459 3470 4529 igitur
3529 4474 3630 4516 nos
3657 4462 3712 4516 in

460 4542 876 4611 ἀποδεικνύναι,
964 4547 1051 4611 τίς
1126 4545 1344 4600 πώποτε
1419 4548 1552 4619 παρ’
1632 4547 1812 4611 αὐτοῖς
1910 4547 2040 4618 Ἐμ-

466 4637 703 4710 μανουήλ
779 4638 969 4708 γέγονε
992 4678 1008 4703 ,
1093 4639 1188 4693 καὶ
1248 4637 1365 4703 πῶς
1418 4640 1448 4694 ὀ
1508 4642 1792 4713 προφήτης
1871 4656 2039 4712 προσ-

459 4726 591 4800 ῆλθε
672 4728 809 4800 πρὸς
878 4726 977 4798 τὴν
1050 4729 1359 4802 προφῆτιν,
1438 4729 1534 4783 καὶ
1610 4730 1734 4783 τίνα
1811 4730 2037 4800 ταύτην,

461 4821 556 4875 καὶ
618 4822 736 4885 πῶς
815 4818 1155 4896 παραχρῆμα
1213 4823 1471 4877 συνέλαϐε
1498 4863 1512 4886 ,
1593 4824 1687 4878 καὶ
1743 4824 1826 4888 τίς
1889 4825 1917 4877 ὁ
1977 4823 2041 4876 ἐκ

461 4914 560 4985 τῆς
619 4913 945 4986 προφήτιδος
998 4914 1318 4986 ἁποτεχθεὶς
1371 4915 1519 4979 υίὸς,
1580 4908 1625 4983 ᾧ
1675 4916 1837 4979 αὐτὸς
1865 4917 1894 4968 ὀ
1927 4914 2041 4968 Κύ-

467 5021 581 5078 ριος
615 5005 941 5060 ἐπιτέθειται
974 5005 1165 5078 ὄνομα,
1214 5026 1231 5057 ι
1264 5006 1494 5078 Ταχέως
1529 5007 1846 5072 σκύλευσον,
1886 5026 1905 5058 ι
1945 5008 2041 5061 καὶ

464 5096 549 5162 τίς
621 5099 655 5168 ἡ
716 5096 865 5151 αίτία
935 5097 1035 5169 τῆς
1095 5098 1307 5152 τοιᾶσδε
1367 5098 1459 5151 τοῦ
1528 5098 1809 5169 τεχθέντος
1871 5115 2040 5169 προσ-

464 5188 713 5264 ηγορίας.
785 5188 1155 5242 Δεικνύτωσαν
1201 5188 1256 5244 δὲ
1287 5188 1380 5245 καὶ
1436 5190 1533 5255 τὸ,
1570 5208 1588 5241 ι
1626 5190 1763 5262 Πρὶν
1815 5188 1848 5260 ἢ
1898 5190 2039 5259 γνῶά

464 5300 555 5341 ναι
607 5281 668 5336 τὸ
706 5280 914 5336 παιδίον
968 5279 1150 5336 καλεῖν
1202 5282 1414 5355 πατέρα
1441 5282 1535 5336 καὶ
1584 5282 1796 5355 μητέρα
1817 5322 1832 5345 ,
1869 5301 1887 5334 ι
1942 5283 2041 5353 τὴν

465 5372 695 5447 δύναμιν
748 5372 1005 5444 ειληφότα
1056 5373 1346 5444 Δαμασκοῦ
1372 5413 1387 5438 ,
1447 5375 1542 5429 καὶ
1598 5372 1665 5426 τὰ
1716 5372 1890 5427 σκῦλα
1940 5373 2043 5426 Σα-

472 5466 701 5540 μαρείας
726 5506 741 5530 ,
781 5464 957 5517 ἔναντι
992 5462 1255 5536 βασιλέως
1300 5464 1617 5537 Ἀσσυρίων.
1708 5464 1901 5537 Ἡμεῖς
1931 5464 2041 5537 γὰρ

468 5553 638 5609 ταῦτα
663 5596 678 5622 ,
738 5556 837 5610 καὶ
897 5559 1031 5628 πρὸς
1088 5554 1233 5621 λέξιν
1254 5595 1269 5620 ,
1356 5555 1453 5610 καὶ
1509 5555 1785 5628 τροπικῶς
1836 5556 2043 5630 ἐξειλη-

471 5647 627 5716 φότες
650 5688 666 5713 ,
725 5648 1119 5723 πεπληρῶσθαι
1166 5648 1307 5705 αὐτὰ
1334 5648 1621 5720 δείκνυμεν
1672 5649 1766 5703 ἐπὶ
1814 5650 1913 5720 τῆς
1945 5646 2039 5704 τοῦ

472 5734 717 5811 Σωτῆρος
766 5739 924 5810 ἡμῶν
976 5741 1238 5810 γενέσεως
1260 5781 1276 5807 ,
1349 5739 1722 5812 παριστιῖΝτες
1771 5742 1890 5796 τοτέ
1941 5742 2040 5813 μὲν

700 5831 704 5834 ⁴
792 5832 1058 5895 Parant.
1107 5833 1224 5896 Gn.
1262 5833 1465 5896 XXI].

2145 4544 2344 4615 ﬁguras
2370 4545 2725 4614 conjecimus.
2794 4544 2852 4601 Si
2895 4547 3017 4617 quis
3056 4557 3235 4604 aute'm
3266 4563 3333 4604 ex
3380 4547 3583 4607 Iudaeis
3612 4552 3715 4607 hoc

2145 4636 2279 4690 nolit
2312 4639 2391 4692 sic
2419 4652 2478 4693 se
2514 4638 2733 4703 habere,
2762 4638 2828 4702 is,
2857 4652 3060 4710 quaso,
3087 4639 3248 4696 nobis
3279 4642 3552 4707 ostendat,
3591 4644 3715 4714 quis

2143 4743 2384 4797 unquam
2416 4728 2563 4800 apud
2588 4729 2735 4799 ipsos
2767 4728 3088 4787 Emmanuel
3118 4731 3303 4798 fuerit,
3338 4742 3393 4788 et
3441 4724 3715 4804 quomodo

2143 4820 2406 4890 propheta
2436 4819 2500 4873 ad
2537 4821 2938 4891 prophetissam
2988 4825 3312 4889 accesserit,
3351 4835 3539 4896 etquae
3590 4835 3715 4882 tan-

2142 4912 2265 4967 dem
2293 4928 2356 4967 ea
2392 4913 2484 4975 sit,
2524 4923 2579 4968 et
2616 4915 2892 4983 quomodo
2942 4927 2973 4967 e
3024 4917 3253 4987 vestigio
3301 4918 3634 4988 conceperit,
3660 4930 3715 4974 et

2142 5005 2395 5075 quisnam
2425 5007 2528 5060 iste
2551 5022 2613 5061 ex
2643 5008 2987 5078 prophetissa
3008 5018 3170 5065 natus
3197 5009 3361 5076 ﬁlius,
3397 5011 3483 5065 cui
3515 5004 3715 5066 nomen

2144 5099 2260 5169 ipse
2281 5097 2543 5154 Dominus
2567 5100 2909 5172 imposuerit,
2936 5116 2954 5152 ι
2975 5097 3237 5156 Celeriter
3263 5100 3487 5158 detrahe
3518 5102 3713 5171 spolia,

2141 5185 2264 5243 Cito
2294 5188 2555 5258 praedam,
2593 5207 2612 5241 ι
2647 5200 2701 5244 et
2733 5205 2983 5261 quaenam
3016 5191 3087 5245 sit
3114 5202 3279 5244 causa
3301 5191 3551 5260 hujusce,
3592 5191 3714 5261 ejus

2143 5280 2235 5350 qui
2267 5287 2433 5336 natus
2492 5282 2586 5348 sit,
2641 5283 3039 5353 appellationis.
3095 5281 3399 5339 Ostendam
3455 5293 3715 5354 praterea

2142 5372 2277 5428 illud
2304 5374 2435 5445 quid
2464 5375 2557 5437 sit,
2602 5391 2621 5426 ι
2646 5376 2797 5444 prius
2845 5390 3006 5445 quam
3042 5376 3180 5430 sciat
3205 5390 3339 5445 puer
3368 5386 3565 5430 vocare
3614 5368 3711 5445 pa-

2142 5474 2281 5520 trem
2308 5473 2362 5521 et
2415 5475 2664 5528 matrem,
2696 5484 2714 5516 ι
2749 5473 3070 5536 potestatem
3124 5464 3403 5535 accepisse
3434 5462 3704 5528 Damasci,

2141 5566 2199 5613 et
2245 5557 2418 5629 spolia
2466 5552 2731 5611 Samaria:
2778 5570 2961 5610 coram
3012 5566 3137 5625 rege
3173 5554 3545 5627 Assyriorum.
3593 5552 3708 5612 Nos

2141 5648 2285 5702 enim
2312 5647 2438 5712 ista,
2489 5654 2542 5702 et
2562 5644 2629 5699 ad
2660 5642 2910 5708 verbum,
2967 5652 3029 5700 et
3071 5649 3307 5717 tigni-ate
3352 5647 3704 5719 accipientes,

2137 5741 2251 5813 jam
2283 5755 2430 5796 nunc
2475 5740 2748 5810 completa
2802 5754 2926 5798 esse
2979 5740 3538 5799 demonstrantia-in
3587 5748 3712 5795 ortu

3329 5840 3403 5898 17
