2055 3219
206 128 269 157 ’523

215 235 304 261 rimus
328 233 395 260 alias
411 232 518 267 quidem
542 231 576 258 ad
589 231 711 263 verbum,
726 235 753 258 et
768 232 917 258 secundum
940 239 1000 259 eam

216 280 378 309 sententiam
391 286 452 314 qua:
466 278 492 305 in
518 281 643 313 promptu
658 277 704 309 sit,
721 277 788 305 alias
803 285 868 305 vero
889 277 1001 313 ﬁgurate

215 330 342 361 oportere
356 325 384 351 in
398 325 471 359 ipsas
494 323 652 358 proplietias
678 323 850 357 incumbere;
871 324 1000 351 continuo

214 378 334 407 namque
354 373 416 404 post
437 376 484 397 eas
508 377 567 404 qua:
582 372 661 396 antea
677 368 757 395 dictae
769 373 833 396 sunt
845 377 935 402 voces,
953 377 1001 404 per

216 417 387 443 obscuriores
410 417 542 450 quasdam
568 415 669 449 ﬁguras
684 414 860 450 adjungitur:
879 424 888 440 ε
907 414 939 441 Et
953 415 1000 441 ad-

213 462 278 496 jecit
293 461 424 488 Dominus
452 461 526 495 loqui
547 461 581 487 ad
603 468 646 487 Ine
661 460 749 487 adhuc
765 482 771 494 ,
793 469 824 488 eo
845 461 916 496 quod
934 462 1000 488 nolit

214 508 332 542 populus
361 507 413 535 iste
442 514 540 542 aquam
566 505 679 538 Siloam,
704 515 763 542 qum
782 507 855 534 vadit
884 515 945 535 cum
963 508 1000 535 si-

214 554 307 585 lentio,
323 553 370 580 sed
379 553 442 580 velit
458 553 559 580 habere
574 551 714 586 Rhaasim,
734 559 762 580 et
780 554 864 580 ﬁlium
899 554 999 581 Rome-

203 599 265 625 rlia‘.
283 599 387 626 Idcirco
399 606 463 626 ecce
473 597 604 626 Dominus
619 597 735 626 adducet
748 607 829 634 super
836 607 883 627 vos
902 607 999 635 aquam

215 646 335 673 ﬂuminis
355 645 452 673 fortem
472 650 498 674 et
511 646 627 673 multam
640 667 647 679 ,
665 654 755 681 regem
771 646 957 681 Assyriorum,
973 651 1000 673 et

205 692 328 726 ,gloriam
356 691 417 726 ejus
437 701 442 718 :
463 696 489 719 et
506 693 633 719 ascendet
661 700 743 727 super
764 700 870 719 omnem
888 692 999 719 conval—

214 737 266 764 lem
279 741 408 770 vestram,
437 741 464 765 et
483 738 632 765 ambulabit
659 746 741 773 super
755 745 862 765 onmem
890 745 999 764 murum

214 787 347 815 vestrum,
358 787 385 811 et
399 783 503 811 auferet
519 784 552 811 de
567 784 658 811 ludam
681 784 828 814 hominem,
854 784 900 818 qui
914 783 998 818 possit

213 833 296 864 caput
311 829 407 857 tollere
426 837 432 854 :
449 833 495 856 aut
510 830 555 864 qui
571 830 686 856 idoneus
699 830 734 856 sit
746 836 936 856 consummare
947 829 997 855 ali-

214 874 289 910 quid,
311 879 338 902 et
366 878 445 902 erunt
462 879 553 902 castra
568 875 639 910 ejus,
658 876 695 901 ita
712 879 740 901 ut
758 875 887 909 impleant
907 875 999 902 latitu-

213 920 304 948 dinem
327 921 445 956 regionis
471 925 532 952 tum,
557 922 699 948 nobiscum
729 920 810 949 Deus.
838 920 999 956 Cognoscite

202 971 308 1000 .gentes
324 970 350 993 et
365 966 519 998 vincimini,
546 967 674 994 exaudite
692 975 778 1002 usque
799 967 832 994 ad
847 970 998 994 extremum

213 1016 294 1039 terra
308 1011 340 1038 ⁵⁸.
356 1021 366 1037 ι
385 1011 546 1039 Planissime
561 1013 634 1039 enim
648 1012 706 1039 haec
721 1013 797 1039 nulla
811 1013 864 1040 alia
880 1013 996 1044 ratione,

213 1065 294 1092 quam
314 1065 345 1085 ex
365 1058 460 1092 ﬁgura,
488 1062 515 1085 et
533 1058 733 1091 immutatione,
764 1059 998 1093 conversioneque

213 1104 357 1135 sermonis,
366 1104 527 1131 sententiam
536 1109 645 1132 servant
655 1116 660 1132 :
669 1104 820 1140 signiﬁcant
830 1112 945 1140 namque
951 1112 998 1139 per

211 1157 310 1184 aquam
326 1149 425 1176 Siloam
438 1158 498 1184 qua:
517 1151 589 1178 vadit
602 1158 663 1177 cum
678 1152 797 1183 silentio,
813 1151 995 1185 evangelicam

212 1194 342 1222 salutaris
356 1195 432 1222 verbi
455 1195 607 1222 doctrinam
623 1205 629 1222 :
644 1204 706 1223 nam
719 1204 751 1223 ex
762 1196 995 1230 interpretatione,

212 1240 314 1268 Siloam
328 1241 428 1268 dicitur
442 1242 548 1269 missus.
566 1242 651 1269 Porro
667 1243 712 1269 hic
727 1243 853 1277 quisnam
868 1242 938 1270 alius
950 1243 995 1275 sit,

212 1287 266 1314 nisi
289 1286 336 1322 qui
352 1294 367 1313 ιι
386 1285 466 1313 Patre
484 1287 517 1313 ad
534 1294 584 1314 nos
602 1287 703 1314 missus
724 1286 796 1314 Deus
810 1286 929 1314 Verbum
940 1287 952 1313 ?
963 1286 997 1313 de

210 1339 267 1367 quo
287 1332 369 1359 etiam
394 1331 483 1359 Moses
497 1332 535 1358 ait
552 1342 558 1359 :
582 1331 666 1361 «,Non
682 1332 789 1360 deﬁciet
812 1332 939 1367 princeps
963 1332 996 1359 de

209 1377 291 1410 Juda,
307 1384 394 1412 neque
409 1377 464 1404 dux
490 1377 524 1405 de
550 1378 699 1405 femoribus
715 1378 786 1412 ejus,
803 1379 890 1405 donec
906 1378 996 1406 veniat

211 1425 256 1451 cui
270 1424 419 1459 repositum
425 1428 510 1458 cst,ct
521 1424 579 1460 ipse
585 1424 810 1459 eritcxspectatio
816 1425 934 1459 gentium
944 1425 992 1452 δι’.»

199 1471 292 1506 .333
309 1471 362 1498 Pro
378 1470 424 1498 illo
440 1471 512 1498 enim
523 1491 531 1503 ,
548 1479 556 1496 ι
572 1470 615 1497 cui
633 1471 782 1505 repositum
798 1475 855 1502 est,
875 1481 884 1496 ι
900 1471 926 1497 in
942 1470 995 1498 He—

553 128 685 155 EUSEBII
706 128 943 156 C/ESARlENSIS
963 128 1038 157 OPP.
1056 129 1144 156 PARS
1162 130 1195 157 ll.
1216 129 1466 158 APOLOGETICA.

216 186 368 214 Salvatoris
391 187 489 217 nostri,
516 187 615 220 quippe
635 186 681 220 qui
705 185 772 212 illud
792 186 854 213 item
872 185 995 213 ostende-

1051 186 1139 222 ῥητῶς
1173 186 1243 213 κατὰ
1270 186 1319 222 τὴν
1358 186 1502 223 πρόχειρον
1534 185 1672 218 διάνοιαν,

1014 860 1034 887 Β
1050 852 1208 888 παρεμϐολὴ
1241 851 1322 878 αὑτοῦ
1337 871 1344 883 ,

1786 130 1837 159 524

1714 187 1774 214 τοτὲ
1809 188 1838 215 δὲ

1051 231 1188 268 τροπικῶς
1214 232 1268 259 δεῖν
1297 231 1450 258 ἐπιϐάλλειν
1476 232 1535 263 ταῖς
1561 230 1749 266 προφητείαις.
1783 232 1839 260 Λύ-

1050 284 1115 310 τίκα
1142 282 1205 319 ἑξῆς
1231 284 1292 315 ταῖς
1320 282 1531 319 προειρημέναις
1567 283 1669 317 φωναῖς
1704 282 1738 309 δι’
1765 284 1838 310 αῐνι-

1051 330 1162 365 γμάτων
1189 327 1266 361 αὖθις
1288 329 1441 363 ὲπιλέγεται
1454 337 1462 344 ⁸
1481 338 1490 354 ι
1504 329 1559 355 Καὶ
1575 328 1722 364 προσέθετο
1736 329 1838 366 Κύριος

1050 375 1164 411 λαλῆσαί
1190 385 1235 411 μοι
1260 375 1319 408 ἔτι,
1349 375 1394 402 διὰ
1409 375 1440 402 τὸ
1470 376 1507 411 μὴ
1535 374 1676 409 βούλεσθαι
1701 375 1747 402 τὸν
1775 375 1839 403 λαὸν

1049 421 1142 447 τοῦτον
1163 421 1193 447 τὸ
1210 421 1280 457 ὕδωρ
1297 420 1343 447 τοῦ
1360 420 1470 455 Σιλωὰμ
1482 420 1512 446 τὺ
1532 421 1714 456 πορευόμενον
1736 421 1838 456 ἡσυχῆ,

1051 468 1118 494 ἀλλὰ
1147 468 1285 502 βούλεσθαι
1315 467 1386 502 ἔχειν
1412 467 1456 493 τὸν
1479 467 1615 501 Ῥαασὶμ,
1644 467 1691 493 καὶ
1714 467 1760 493 τὸν
1781 467 1838 494 υίὸν

1055 514 1203 549 Ῥομελίου.
1230 514 1279 540 Διὰ
1308 513 1385 539 τοῦτο
1403 513 1454 540 ἰδοὺ
1470 513 1570 549 Κύριος
1585 512 1681 547 ἀνάγει
1695 513 1737 547 ἐφ’
1766 513 1838 548 ὑμᾶς

1049 560 1080 586 τὺ
1095 559 1166 596 ὕδωρ
1181 559 1227 586 τοῦ
1245 559 1367 595 ποταμοῦ
1383 559 1412 586 τὸ
1428 559 1537 595 ἰσχυρὸν
1551 559 1597 585 καὶ
1619 559 1650 585 τὸ
1675 559 1742 585 πολὺ
1756 578 1763 590 ,
1792 558 1838 586 τὸν

1050 609 1161 644 βασιλέα
1182 608 1236 635 τῶν
1260 609 1408 644 Ἀσσυρίων
1421 628 1427 640 ,
1445 608 1492 635 καὶ
1510 608 1558 643 τὴν
1572 607 1650 640 δόξαν
1666 609 1747 635 αὑτοῦ
1760 617 1768 624 ·
1791 610 1838 636 καὶ

1049 655 1214 690 ἀναϐήσεται
1239 655 1286 680 ἐπὶ
1312 655 1402 681 πᾶσαν
1428 654 1557 689 φάραγγα
1574 655 1670 689 ὑμῶν,
1687 656 1735 682 καὶ
1757 664 1835 691 περι-

1606 705 1654 731 καὶ
1672 705 1766 740 ἀφελεῖ
1780 706 1834 732 ἀπὸ

1048 757 1097 792 τῆς
1130 757 1257 788 Ἰουδαίας
1289 756 1450 791 ἄνθρωπον,
1488 756 1518 787 ὃς
1549 756 1690 791 δυνήσεται
1713 757 1834 792 κεφαλὴν

1049 803 1133 840 ἆραι,
1159 805 1176 840 ἢ
1202 804 1312 830 δυνατὸν
1339 803 1547 830 συντελέσασθαί
1575 809 1618 829 ’δι’
1642 805 1690 831 καὶ
1711 805 1786 832 ἔσται
1812 807 1830 840 ἠ

1386 851 1456 877 ὥστε
1495 850 1637 886 πληρῶσαι
1666 851 1697 878 τὺ
1731 852 1831 884 πλάτος

1050 706 1166 740 πατήσει
1196 705 1242 731 ἐπὶ
1269 706 1322 732 πᾶν
1350 706 1438 739 τεῖχος
1463 704 1560 740 ὑμῶν,

1050 903 1099 937 τῆς
1126 902 1216 937 χώρας
1246 910 1292 928 σου
1307 910 1314 915 ·
1337 901 1396 936 μεθ’
1414 900 1492 936 ἡμῶν
1511 901 1525 926 ὁ
1543 901 1617 932 Θεός.
1642 901 1730 928 Γνῶτε
1742 922 1749 935 ,
1768 903 1830 939 ἔθνη

1049 948 1096 974 καὶ
1122 946 1259 982 ἡττᾶσθε,
1287 945 1456 973 ἑπακούσατε
1479 945 1532 976 ἕως
1555 946 1671 981 ὲσχάτου
1685 946 1735 981 τῆς
1750 947 1828 982 γῆς.»

1048 992 1145 1027 Σαφῶς
1168 992 1222 1028 γὰρ
1247 991 1333 1018 ταῦτα
1349 991 1409 1017 οὐδὲ
1434 991 1521 1022 ἄλλως
1536 991 1553 1026 ἦ
1572 991 1640 1026 μετὰ
1655 991 1769 1027 θεωρίας
1782 993 1833 1028 τῆς

1048 1039 1118 1065 κατὰ
1145 1038 1231 1074 μόνην
1248 1037 1424 1072 τροπολογίαν
1441 1037 1488 1072 τὴν
1514 1037 1633 1064 διάνοιαν
1658 1037 1757 1070 σώζει·
1786 1039 1831 1074 δη-

1048 1083 1089 1110 λοῖ
1114 1083 1179 1116 γοῦν
1207 1083 1254 1109 καὶ
1278 1082 1347 1109 αὐτὰ
1366 1082 1410 1108 διὰ
1431 1082 1479 1117 μὲν
1506 1081 1553 1108 τοῦ
1577 1081 1673 1114 ὕδατος
1706 1083 1753 1109 τοῦ
1788 1084 1831 1109 Σι-

1048 1132 1126 1168 λωὰμ
1152 1131 1199 1158 τοῦ
1223 1132 1310 1166 ἡσυχῆ
1333 1131 1514 1166 πορευομένου
1527 1130 1576 1166 τὴν
1592 1131 1772 1166 εὐαγγελικὴν
1784 1131 1830 1158 τοῦ

1048 1178 1183 1214 σωτηρίου
1220 1177 1298 1211 λόγου
1337 1176 1526 1203 διδασκαλίαν·
1569 1176 1747 1211 ἑρμηνεύεται
1777 1176 1830 1212 γὰρ

1047 1227 1157 1262 Σιλωὰμ
1172 1227 1408 1262 ἀπεσταλμένος.
1458 1223 1541 1258 Οὗτος
1557 1227 1579 1253 δ’
1594 1226 1626 1253 ἂν
1646 1226 1689 1262 εἴη
1705 1227 1719 1253 ὀ
1737 1228 1769 1253 ἐκ
1784 1227 1830 1254 τοῦ

1047 1275 1152 1310 Πατρδς
1177 1275 1242 1310 ἡμῖν
1268 1274 1471 1310 ἀπεσταλμένος
1496 1274 1562 1305 Θεὸς
1583 1273 1686 1307 Λόγος·
1712 1273 1775 1309 περὶ
1800 1271 1830 1301 οὗ

1047 1326 1093 1352 καὶ
1112 1326 1214 1361 Μωσῆς
1231 1334 1310 1360 φησιν
1323 1334 1329 1340 -
1350 1336 1359 1351 ι
1374 1326 1430 1352 Οὐκ
1455 1324 1572 1359 ἐκλείψει
1586 1325 1676 1359 ἄρχων
1688 1323 1717 1356 ἐξ
1735 1323 1829 1356 Ἰούδα,

1046 1372 1105 1398 οὐδὲ
1120 1371 1268 1407 ἡγούμενος
1283 1372 1315 1398 ἐκ
1330 1371 1383 1398 τῶν
1407 1371 1501 1406 μηρῶν
1517 1370 1603 1403 αὑτοῦ
1614 1391 1622 1402 ,
1646 1371 1697 1402 ἕως
1717 1370 1749 1398 ἂν
1764 1370 1829 1408 ἔλθῃ

1045 1416 1067 1452 ᾧ
1093 1419 1252 1450 ἀπόκειται,
1283 1418 1329 1444 καὶ
1353 1417 1433 1449 αὐτὸς
1457 1417 1531 1444 ἔσται
1555 1416 1698 1453 προσδοκία
1715 1416 1825 1443 ἐθνῶν.»

1052 1463 1123 1490 ’Δντὶ
1134 1464 1180 1490 τοῦ
1194 1464 1247 1499 γὰρ
1266 1461 1303 1498 «ᾧ
1311 1464 1462 1496 ἀπόκειται,
1470 1473 1478 1489 ι
1489 1464 1518 1490 τὸ
1531 1462 1670 1498 Ἑϐραῖκδν
1682 1472 1690 1488 l
1701 1462 1824 1498 Σιλωὰμ»

210 1516 306 1544 braico
319 1515 434 1543 habetur
445 1526 455 1540 ι
467 1515 585 1548 Siloam,
595 1526 604 1541 ι
615 1524 676 1543 eum
691 1517 818 1550 videlicet
830 1517 876 1551 qui
888 1517 932 1544 hic
947 1518 993 1544 ha-

1048 1510 1177 1546 περιέχει,
1193 1511 1238 1537 τὸν
1264 1510 1380 1537 ἐνταῦθα
1401 1510 1520 1545 Σιλωὰμ,
1536 1509 1607 1536 τοῦτ’
1631 1509 1698 1540 ἐστι,
1714 1508 1758 1535 τὸν
1777 1508 1830 1534 ἀπ-

210 1562 291 1590 hetur
306 1561 425 1594 Siloam,
443 1562 495 1589 hoc
511 1567 568 1593 est,
587 1563 700 1589 missum
713 1583 721 1596 ,
737 1564 818 1590 etiam
835 1564 890 1590 illic
910 1565 995 1599 signi—

200 1609 311 1637 ﬁcante
333 1609 455 1636 oraculo.
482 1607 567 1635 Porro
594 1608 723 1635 Rhaasim
750 1617 799 1637 rex
827 1609 878 1636 fuit
901 1618 995 1637 earum

200 1654 333 1688 gentium
356 1661 417 1689 quae
438 1653 585 1681 simulacra
608 1653 733 1681 Damasci
753 1655 897 1687 colebant,
924 1656 996 1682 sicut

210 1698 341 1727 Bomelia:
358 1700 430 1727 ﬁlius
446 1700 505 1734 ejus
518 1700 638 1727 Judaicte
652 1700 754 1735 gentis,
773 1708 833 1735 qua:
849 1700 875 1727 in
899 1700 995 1728 Sama-

211 1745 252 1774 ria
275 1746 388 1781 patriam
415 1746 573 1781 religionem
596 1746 763 1773 deseruerat.
787 1745 906 1772 Minatur
930 1754 994 1781 ergo

210 1791 283 1818 Deus
299 1792 332 1819 iis
347 1792 394 1827 qui
412 1790 531 1823 Siloam,
547 1792 598 1819 hoc
614 1795 673 1825 est,
691 1792 805 1818 missum
822 1791 993 1824 Emmanuel,

211 1841 239 1864 et
252 1844 313 1864 eum
328 1837 374 1871 qui
387 1844 419 1864 ex
433 1838 546 1864 muliere
558 1837 717 1872 prophetica
731 1841 813 1864 natus
827 1838 880 1869 sit,
897 1838 992 1870 ﬁlium,

202 1883 382 1918 ,potabilcque
399 1891 432 1910 ac
448 1884 593 1911 fecundum
610 1884 669 1918 ejus
686 1883 805 1912 Verbum
824 1892 878 1911 non
900 1892 994 1912 susce-

211 1931 301 1964 perint
312 1949 319 1962 ,
336 1930 384 1957 sed
403 1930 468 1957 illud
485 1930 611 1965 quamvis
628 1934 770 1958 mansuete
786 1934 813 1957 et
829 1938 890 1957 cum
908 1931 993 1958 silen—

210 1976 248 2002 tio
275 1975 390 2008 feratur,
419 1976 622 2007 recusaverint,
649 1979 676 2002 et
700 1980 795 2003 contra
817 1977 923 2012 seipsos
948 1982 994 2004 aut

210 2022 332 2056 gentium
348 2021 496 2049 simulacra
512 2021 677 2053 colentium,
697 2024 744 2048 aut
767 2022 859 2057 populi
879 2021 925 2049 Dei
947 2023 994 2049 de-

209 2066 338 2096 fectionis
366 2067 519 2102 principem
551 2065 728 2101 optaverint,
758 2074 789 2094 se
815 2066 992 2094 inducturum

208 2120 307 2148 aquam
334 2114 458 2143 ﬂuminis
494 2113 593 2141 fortem
629 2116 656 2139 et
675 2111 805 2143 multam,
821 2119 902 2147 quam
927 2120 993 2139 sane

207 2165 308 2194 aquam
323 2177 331 2191 ,
358 2157 448 2193 ipsum
467 2158 616 2193 prophetiae
634 2158 775 2185 oraculum
800 2158 993 2192 interpretator

1046 1556 1208 1591 εσταλμένον
1220 1555 1299 1581 κάκεῖ
1315 1554 1456 1590 δηλοῦντος
1467 1554 1513 1581 τοῦ
1529 1553 1656 1588 λόγου.”ο
1666 1553 1694 1579 δὲ
1712 1553 1830 1588 Ῥαασὶμ

1047 1600 1171 1635 βασιλεὺς
1190 1597 1223 1635 ἦν
1238 1600 1320 1626 πάλιν
1349 1600 1403 1626 τῶν
1424 1600 1452 1625 ὲν
1476 1598 1613 1634 Δαμασκῷ
1632 1597 1830 1633 είδωλολατρῶν

1046 1650 1139 1682 ἐθνῶν,
1164 1651 1201 1682 ὡς
1225 1651 1272 1677 καὶ
1293 1651 1308 1676 ό
1331 1651 1387 1682 υίὸς
1405 1649 1544 1685 Ῥομελίου
1571 1649 1625 1675 τῶν
1640 1649 1668 1675 ὲν
1691 1647 1831 1683 Σαμαρείᾳ

1044 1695 1091 1722 τοῦ
1111 1696 1244 1722 Ἰουδαίων
1265 1696 1356 1728 ἔθνους
1374 1696 1547 1722 ἀποστάντων
1558 1695 1607 1730 τῆς
1628 1694 1743 1729 πατρίου
1761 1693 1830 1729 θρη-

1046 1741 1149 1773 σκείας.
1183 1741 1300 1767 Ἀπειλεῖ
1314 1741 1455 1777 τοιγαροῦν
1467 1742 1480 1768 ὁ
1501 1741 1567 1772 Θεὸς
1586 1741 1643 1771 τοίς
1667 1739 1703 1775 μὴ
1720 1739 1765 1765 τὸν
1785 1739 1830 1765 Σι-

1044 1786 1099 1813 λωὰ
1104 1796 1134 1822 μ,
1146 1786 1217 1813 τοῦτ’
1233 1786 1289 1812 ἐστι
1305 1787 1349 1813 τὸν
1362 1786 1562 1821 ἀπεσταλμένον
1585 1784 1769 1820 Ἐμμανουὴλ,
1783 1783 1830 1810 καὶ

1043 1835 1088 1861 τὸν
1106 1836 1137 1861 ὲκ
1150 1835 1198 1869 τῆς
1215 1834 1377 1870 προφήτιδος
1394 1834 1574 1869 γεγενημένον
1592 1833 1659 1864 υἱὸν,
1674 1832 1719 1858 τόν
1732 1839 1761 1858 τε
1780 1831 1829 1857 πό-

1043 1889 1121 1916 τιμον
1136 1882 1182 1907 καὶ
1193 1881 1302 1916 γόνιμον
1315 1880 1396 1907 αὐτοῦ
1412 1880 1497 1914 Λόγον
1506 1878 1748 1915 παραδεξαμένοις,
1761 1877 1827 1904 ἀλλὰ

1044 1927 1136 1953 τοῦτον
1166 1927 1223 1961 μὲν,
1252 1926 1340 1953 καίτοι
1368 1926 1462 1961 πράως
1491 1926 1537 1952 καὶ
1562 1925 1650 1960 ἡσυχῆ
1665 1923 1825 1960 φερόμενον.

1044 1972 1301 2008 παραιτησαμένοις,
1322 1972 1381 1998 καθ’
1395 1972 1496 1998 ἑαυτῶν
1518 1971 1545 1997 δὲ
1557 1971 1615 2006 ἢτοι
1628 1971 1674 1997 τὸν
1685 1970 1738 1997 τῶν
1751 1969 1827 1996 είδω-

1045 2017 1181 2053 λολατρῶν
1195 2017 1280 2044 ἐθνῶν
1301 2018 1429 2052 ἄρχοντα,
1446 2017 1462 2052 ἢ
1479 2017 1523 2043 τὸν
1539 2017 1588 2052 τῆς
1599 2016 1767 2047 ἀποστασίας
1778 2015 1826 2042 τοῦ

1044 2062 1108 2089 λαοῦ
1119 2063 1165 2089 τοῦ
1181 2063 1247 2089 Θεοῦ
1272 2063 1408 2098 ἑλομένοις
1427 2062 1537 2094 ἐπάξειν
1553 2061 1583 2088 τδ
1594 2061 1665 2097 ὕδωρ
1680 2060 1725 2088 τοῦ
1741 2069 1825 2087 ποτα-

1046 2109 1097 2144 μοῦ
1108 2109 1137 2135 τὸ
1152 2108 1260 2144 ἰσχυρὸν
1282 2109 1329 2135 καὶ
1346 2108 1376 2134 τὸ
1395 2108 1472 2139 πολὺ,
1490 2109 1557 2143 ὅπερ
1574 2107 1646 2143 ὕδωρ
1658 2107 1737 2139 αὐτὸς
1752 2108 1766 2133 ὁ
1778 2107 1825 2141 τῆς

1045 2155 1212 2190 προφητείας
1224 2154 1300 2188 λόγος
1326 2154 1480 2190 ὲρμηνεύει,
1495 2154 1580 2187 λέγων
1603 2153 1683 2180 αὑτὺν
1698 2151 1765 2179 εἶναι
1780 2153 1825 2179 τὸν

209 2205 323 2235 dicens,
343 2204 432 2239 ipsum
451 2211 513 2231 esse
534 2211 624 2239 regem
641 2204 828 2239 Assyriorum.
854 2203 898 2231 Sic
920 2204 992 2231 enim

1046 2200 1157 2235 βασιλέα
1175 2201 1229 2227 τῶν
1252 2200 1401 2236 ’Λσσυρίων
1412 2209 1418 2214 ·
1437 2200 1506 2226 οὕτω
1519 2199 1599 2226 πάλιν
1616 2199 1673 2235 ἠτοι
1686 2198 1756 2225 κατὰ
1770 2198 1827 2225 διά-

208 2256 307 2277 rursns
325 2248 474 2277 secundum
492 2250 673 2282 sententiam,
691 2255 737 2276 aut
760 2250 894 2284 signiﬁcat
915 2250 992 2284 prin-

208 2295 295 2330 cipem
311 2296 405 2324 saeculi
418 2296 509 2330 hujus,
524 2301 570 2323 aut
581 2316 589 2328 ,
601 2296 674 2331 quod
689 2305 761 2323 nunc
776 2304 865 2324 rerum
880 2298 991 2330 potitur,

207 2342 394 2369 Romanorum
410 2342 572 2377 imperium,
591 2343 636 2369 cui
660 2343 775 2377 imperio
797 2343 889 2369 traditi
913 2347 990 2375 sunt,

209 2388 256 2422 qui
273 2395 332 2414 eam
345 2407 353 2420 ,
372 2387 406 2415 de
420 2395 474 2422 qua
489 2388 591 2415 dictum
606 2392 648 2415 est
659 2407 666 2419 ,
682 2395 780 2422 aquam
795 2387 896 2415 Siloam
907 2409 915 2420 ,
933 2396 993 2423 quae

210 2441 274 2461 cum
292 2433 401 2462 silentio
423 2433 513 2466 vadit,
532 2438 743 2467 recusaverunt,
759 2433 924 2462 adversariis
943 2442 993 2462 au-

205 2487 262 2511 tem
276 2487 362 2519 atque
378 2483 502 2510 hostibus
519 2486 599 2509 recta!
615 2482 729 2510 rationis
744 2482 889 2510 sententiis
910 2485 992 2517 atque

206 2528 382 2564 opinionibus
391 2549 398 2558 .
411 2528 516 2563 seipsos
531 2528 707 2562 subjeccrunt
721 2537 726 2555 :
744 2536 759 2556 e
772 2529 887 2564 vestigio
899 2528 973 2556 enim
982 2547 990 2560 ,

206 2582 298 2610 neque
314 2575 352 2602 ita
369 2578 433 2609 post
448 2575 564 2602 multum
584 2578 709 2609 tempus,
726 2574 754 2602 in
770 2582 818 2602 eos
833 2575 881 2610 qui
895 2573 992 2601 Salva-

206 2621 277 2648 toris
290 2621 378 2647 nostri
396 2619 572 2656 Evangelium
590 2628 645 2648 non
664 2623 860 2655 susceperant,
878 2619 926 2647 sed
942 2627 991 2654 po-

207 2670 265 2692 tum
282 2665 384 2693 Siloam
395 2686 403 2698 ,
420 2666 468 2701 qui
491 2666 593 2694 labitur
611 2673 675 2693 cum
693 2665 816 2696 silentio,
838 2672 990 2692 recusave-

206 2714 287 2742 rant.
304 2711 490 2740 Romanorum
505 2713 540 2740 ab
555 2712 616 2748 ipso
632 2711 688 2740 Deo
703 2712 826 2740 directus
840 2712 988 2744 exercitus,

208 2754 283 2782 faeta
299 2756 400 2791 impetu
412 2776 420 2790 ,
438 2758 592 2792 penetravit
608 2757 637 2784 in
653 2764 764 2785 omnem
780 2756 932 2784 convallem
949 2757 991 2792 ip-

208 2807 302 2829 sorum
313 2821 332 2839 ,_
343 2805 371 2829 et
394 2803 544 2831 ambulavit
564 2811 648 2838 super
668 2810 777 2832 omnem
792 2810 900 2832 murum
916 2803 987 2839 ipso-

186 2880 191 2886 .
242 2859 264 2876 "
279 2858 335 2888 lsa.
348 2866 410 2894 vni,
428 2859 490 2890 5-8.
510 2860 549 2906 _'_'
564 2859 632 2890 Gen.
649 2868 722 2896 xur,
738 2860 783 2890 10.

1045 2256 1117 2273 νοιαν
1144 2247 1282 2282 σημαίνων
1304 2246 1349 2272 τὸν
1374 2246 1490 2282 ἄρχοντα
1508 2245 1554 2271 τοῦ
1579 2244 1675 2276 αἰῶνος
1687 2243 1825 2279 τούτου,ῆ

1044 2293 1091 2327 τὴν
1107 2293 1154 2319 νῦν
1164 2292 1362 2328 ἐπικρατοῦσαν
1376 2291 1517 2326 Ῥωμαίων
1534 2291 1619 2326 ἀρχὴν
1632 2311 1639 2324 ,
1691 2291 1739 2317 καὶ
1759 2298 1827 2325 παρ-

1043 2340 1173 2375 εδόθησαν
1202 2341 1225 2365 οἱ
1248 2338 1278 2365 τὸ
1310 2339 1358 2374 μὲν
1384 2338 1502 2374 δηλωοὲν
1519 2337 1565 2364 τοῦ
1583 2337 1692 2372 Σιλωὰμ
1711 2336 1782 2372 ὕδωρ
1796 2337 1826 2363 τὸ

1044 2386 1224 2421 πορευόμενον
1235 2386 1322 2421 ἡσυχῆ
1337 2385 1581 2420 παραιτησάμενοι,
1595 2385 1649 2415 τοῖς
1657 2383 1685 2409 δὲ
1696 2382 1826 2414 ἐναντίοις

1043 2433 1089 2459 και⁸
1106 2431 1243 2467 πολεμίοις
1252 2431 1298 2457 τοῦ
1309 2431 1389 2468 ὀρθοῦ
1401 2431 1478 2465 λόγου
1489 2430 1620 2465 δόγμασιν
1629 2430 1746 2460 ἑαυτοὺς
1759 2429 1825 2455 ὑπο-

1042 2478 1214 2513 ϐεϐληκότες.
1224 2478 1325 2504 Αὐτίκα
1331 2477 1394 2511 γοῦν
1407 2476 1454 2503 καὶ
1461 2476 1511 2503 οὐκ
1520 2477 1559 2507 είς
1576 2475 1682 2511 μακρὰν
1692 2475 1729 2511 μὴ
1738 2483 1826 2511 παρα-

1042 2523 1197 2559 δεξαμένοις
1205 2524 1295 2554 αὐτοῖς
1309 2523 1340 2549 τὸ
1357 2522 1403 2549 τοῦ
1416 2523 1541 2558 Σωτῆρος
1555 2523 1572 2557 ἡ
1577 2522 1634 2557 μῶν
1650 2521 1823 2556 Εὑαγγέλιον,

1042 2569 1291 2605 παραιτησαμένοις
1306 2569 1334 2595 δὲ
1348 2568 1379 2595 τὸ
1391 2567 1437 2594 τοῦ
1451 2568 1560 2603 Σιλωὰμ
1575 2567 1655 2594 ποτὸν
1669 2568 1699 2594 τὸ
1712 2568 1825 2602 πορευό-

1042 2621 1122 2647 μενον
1134 2613 1233 2648 ἡσυχῆ,
1249 2611 1368 2639 ἐπελθὼν
1384 2611 1436 2638 ὑπὸ
1454 2611 1500 2638 τοῦ
1514 2611 1581 2638 Θεοῦ
1595 2612 1824 2646 κατευθυνόμενος

1047 2659 1188 2695 Ῥωμαίων
1205 2659 1329 2695 στρατὸς,
1346 2658 1504 2694 ἀνελήλυθεν
1525 2659 1571 2684 ἐπὶ
1594 2659 1682 2685 πᾶσαν
1694 2657 1824 2694 φάραγγα

1041 2705 1140 2738 αὐτῶν,
1153 2706 1201 2732 καὶ
1214 2705 1413 2742 περιεπάτησεν
1427 2706 1472 2732 ἐπὶ
1488 2706 1542 2731 πᾶν
1559 2706 1648 2740 τεῖχος
1659 2703 1757 2736 αὐτῶν,
1776 2704 1825 2732 καὶ

1040 2757 1148 2792 ἀφεῖλεν
1170 2756 1222 2783 ἀπὸ
1247 2756 1296 2792 τῆς
1314 2756 1444 2788 Ἰουδαίας
1460 2756 1618 2791 ἄνθρωπον,
1635 2755 1664 2787 ὅς
1681 2755 1823 2790 δυνήσεται

1041 2803 1158 2838 κεφαλὴν
1179 2801 1255 2839 ἆραι,
1273 2803 1318 2830 καὶ
1345 2803 1454 2830 δυνατὸν
1481 2801 1689 2830 συντελέσασθαι
1709 2810 1748 2828 τι·
1775 2801 1823 2828 καὶ

1852 272 1859 289 l

2054 2082 2055 2105 l

2054 2535 2055 2560 i

2053 3116 2055 3136 ί
